4124 6420
448 383 580 439 1451
1478 373 1568 427 AD
1606 371 1693 427 EU
1705 371 1876 426 SEBII
1914 368 2045 426 ΕΗΒ

2153 370 2304 426 ICON
2345 367 2680 422 APPENDIX
2693 412 2707 424 .
3565 369 3703 425 1152

448 500 610 565 5505,
641 499 687 554 si
718 514 749 552 a
788 496 984 551 Martio
1037 510 1214 549 annus
1256 494 1540 548 inchoetur
1561 534 1576 560 ,
1601 492 1898 547 indictione
1922 507 2033 556 xw,
2066 494 2107 550 A
2139 489 2270 545 feria
2303 507 2317 542 ι
2346 490 2547 559 Aprilis
2581 505 2634 543 ix
2662 488 2770 556 die,
2802 486 3257 559 quemadmodum
3296 487 3349 541 in
3389 486 3702 543 Graecorum

449 606 595 648 anno
626 589 837 660 imperii
863 588 1093 658 Augusti
1130 602 1259 641 xxix
1289 604 1303 639 :
1335 600 1456 655 quae
1478 600 1600 640 esse
1638 584 1931 639 t‘alsissima
1955 599 2022 637 ex
2130 580 2426 650 Horologio
2451 579 2665 651 legitur.

449 681 707 739 methodo
746 686 934 734 nostra
964 679 1038 731 ita
1066 678 1405 745 colligemus.
1463 673 1663 728 Divisis
1693 674 1853 728 annis
1887 672 2026 726 5505
2126 694 2308 751 CAN”
2362 692 2428 748 ν.
2463 672 2701 747 Eme",
2738 697 2877 747 “ma,
2906 694 2957 745 ίη
3004 693 3129 745 dum
3178 690 3407 761 quam,“
3455 706 3594 744 αηηο
3642 704 3706 745 ac

450 791 548 845 per
565 773 657 838 28,
684 769 1011 839 relinquitur
1038 768 1173 822 solis
1205 766 1391 837 cyclus
1424 764 1484 817 I7
1517 779 1532 829 ;
1586 779 1683 834 per
1729 762 1796 816 19
1841 770 2025 817 autem
2372 765 2456 817 die
2480 765 2750 845 utriusque
2794 766 3022 831 computi
3053 761 3453 831 deprehendere.

450 865 689 937 partitis,
716 863 1098 932 relinquentur
1128 859 1215 913 14.
1263 855 1460 911 Verum
1490 856 1717 909 indictio
1760 869 1870 908 non
1911 870 2025 918 xw,

450 955 549 1012 sed
584 971 655 1010 xv
681 951 970 1023 consurgit
995 967 1061 1007 ex
1081 949 1351 1004 divisione
1383 961 1480 1017 per
1502 946 1586 1001 15.
1617 944 1905 1011 Quaeratur
1927 958 2029 998 an-

452 1063 558 1101 nus
590 1046 701 1109 ille,
736 1045 793 1099 in
828 1058 987 1114 quem
1013 1041 1241 1097 indictio
1271 1054 1364 1093 xw
1398 1054 1524 1093 cum
1564 1038 1720 1109 cyclo
1756 1038 1887 1093 solis
1921 1052 2031 1091 xvu

452 1146 508 1194 et
538 1139 679 1192 lunai
735 1152 825 1191 xw
852 1143 1165 1190 concurrat.
1200 1131 1442 1185 Primum
1490 1129 1657 1185 ducto
1698 1130 1854 1199 cyclo
1898 1130 2032 1185 solis

452 1228 518 1281 17
562 1226 620 1281 in
645 1226 734 1291 57,
783 1223 1089 1280 elﬁciuntur
1129 1221 1275 1282 969;
1316 1228 1431 1274 tum
1479 1219 1675 1273 ablatis
1708 1218 1776 1272 14
1826 1217 1891 1272 de
1927 1216 2030 1282 19,

454 1323 664 1373 restant
687 1316 742 1379 5,
777 1329 897 1386 qua:
931 1315 986 1368 in
1009 1313 1077 1369 56
1098 1312 1261 1366 ducta
1293 1308 1429 1363 ﬁunt
1476 1307 1618 1374 280;
1655 1307 1855 1362 additis
1904 1304 2031 1369 969,

454 1420 668 1463 summa
694 1404 1016 1476 producitur
1039 1399 1196 1465 1249,
1219 1414 1340 1470 qua:
1367 1413 1464 1473 per
1493 1397 1599 1452 552
1631 1398 1925 1452 distributa
1953 1411 2036 1449 re-

455 1499 651 1568 linquit
704 1496 826 1552 l85.
879 1493 1051 1565 Igitur
1095 1508 1272 1548 annus
1310 1492 1447 1563 cycli
1499 1487 1764 1543 Victorini
1798 1487 1900 1540 185
1944 1485 2036 1540 ille

462 1589 566 1645 fuit
605 1603 763 1660 quem
802 1586 1115 1642 Chronicon
1170 1584 1459 1655 signiﬁcat.
1512 1580 1715 1636 Verum
1768 1578 2031 1642 indictio,

456 1696 621 1754 quam
654 1679 922 1749 adjungit,
969 1677 1259 1731 ratiocinia
1299 1674 1606 1731 conturbat.
1643 1672 1776 1725 Nam
1820 1671 1865 1726 si
1907 1670 2036 1724 reli-

2203 852 2491 921 Postquam
2517 844 2733 923 cyclum
2779 854 3023 906 lunarem
3061 867 3158 921 per
3180 864 3444 904 canonem
3471 849 3707 918 primum

2129 944 2422 1014 repereris,
2454 960 2577 998 cum
2613 958 2678 998 eo
2724 944 2811 998 adi
2838 943 3074 997 tabulam
3109 959 3200 998 iv:
3237 941 3394 1010 cujus
3442 942 3498 994 in
3527 940 3708 1008 primo

2130 1052 2291 1092 versu
2321 1036 2535 1108 cyclum
2561 1044 2714 1090 tuum
2743 1037 3051 1106 requirito;
3080 1043 3194 1089 tum
3245 1049 3276 1089 e
3326 1034 3539 1088 directo
3578 1045 3713 1100 (ιρι-η

2131 1137 2275 1184 ctam
2332 1130 2408 1183 illi
2456 1129 2899 1199 respondentem.
2955 1127 3013 1182 Si
3060 1124 3413 1180 Alexandrini
3468 1123 3709 1192 computi

2132 1228 2389 1300 proprius
2414 1235 2499 1283 est
2536 1228 2790 1282 inventus
2820 1240 2852 1279 a
2882 1233 2936 1279 te
2979 1224 3165 1295 cyclus
3189 1261 3205 1285 ,
3254 1228 3448 1292 cpacta
3496 1220 3574 1274 illi
3628 1234 3713 1274 re-

2134 1321 2410 1393 spondens
2435 1327 2519 1377 est
2550 1335 2635 1386 ea,
2657 1333 2778 1389 qua:
2810 1316 3029 1371 Maximi
3061 1316 3281 1370 dicitur.
3306 1312 3705 1369 Constantino-

2135 1415 2374 1483 politano
2395 1426 2524 1467 vero
2547 1410 2809 1465 tribuitur
2856 1409 3025 1463 altera
3047 1447 3062 1472 ,
3095 1421 3219 1477 quae
3251 1405 3422 1460 Isaaci
3456 1402 3712 1459 inscribi-

2136 1513 2247 1559 tur.
2299 1503 2501 1559 Confer
2555 1514 2606 1560 te
2649 1502 2847 1559 deinde
2890 1501 2958 1555 ad
3020 1499 3259 1553 tabulam
3296 1514 3330 1550 ν
3378 1496 3711 1569 regularium

2141 1596 2283 1651 luna:
2302 1637 2317 1661 ,
2351 1604 2407 1652 et
2430 1595 2694 1667 propositi
2717 1594 2921 1649 mensis
2948 1591 3227 1662 regulares
3251 1590 3497 1660 computi
3534 1588 3719 1658 cujus-

2139 1693 2220 1747 vis
2253 1691 2502 1762 proprios
2529 1702 2779 1758 excerpe.
2819 1686 3103 1741 Summam
3140 1698 3208 1738 ex
3247 1680 3455 1751 epactis
3482 1688 3536 1734 et
3559 1694 3715 1749 regu-

458 1786 596 1844 (ιιιοε
621 1770 744 1825 ίηοε
775 1768 878 1823 18⁵
915 1783 1013 1838 Per
1040 1767 1111 1821 4⁵
1140 1765 1398 1837 Famam»
1429 1769 1643 1818 ι’θδίθηι
1669 1761 1723 1821 ⁵ο
1747 1762 1814 1816 de
1835 1759 2036 1829 (Ιυίδυδ
2070 1840 2105 1848 __
2140 1759 2663 1837 laribus—conﬂatam
2696 1793 2833 1848 auge
2875 1777 3086 1832 dierum
3140 1787 3405 1835 numero,
3462 1769 3622 1838 cujus
3656 1769 3714 1822 in

460 1840 642 1918 ablata
668 1858 969 1915 indictione
1002 1856 1279 1927 proposita
1308 1855 1374 1909 14
1395 1897 1409 1922 ,
1458 1859 1754 1923 supersunt
1790 1850 1822 1905 6
1854 1870 1867 1906 :
1914 1865 2036 1920 quae

2146 1872 2330 1927 ultimo
2353 1878 2485 1925 aetas
2515 1870 2658 1924 lunas
2700 1840 3017 1937 requiritur.
3053 1862 3281 1919 Collecti
3309 1861 3427 1916 dies
3476 1860 3595 1923 illi,
3648 1872 3715 1913 ac

462 1958 520 2009 in
547 1952 687 2008 1064
709 1951 872 2007 ducta
895 1948 1193 2005 conﬁciunt
1237 1947 1397 2001 6584.
1434 1946 1585 2002 Adde
1617 1944 1754 2008 185,
1809 1944 2035 1999 exsistet

466 2061 645 2103 annus
677 2043 837 2107 6569,
870 2042 966 2114 qui
994 2041 1180 2114 cyclos
1232 2040 1492 2105 exhibet,
1542 2038 1676 2095 solis
1709 2051 1856 2099 xvu,
1896 2036 2038 2089 lunae

460 2155 588 2203 xw,
640 2132 996 2192 indictionei'n
1057 2149 1167 2187 xw.
1224 2130 1322 2186 Est
1375 2138 1555 2186 autem
1612 2142 1789 2182 annus
1833 2125 2038 2181 Christi

462 2227 623 2285 I856.
674 2225 840 2282 Vides
892 2222 1307 2280 absurditatem.
1339 2221 1703 2288 Quamobrem
1749 2233 1856 2272 non
1902 2217 2038 2272 satis

464 2316 839 2375 commendari
872 2314 1162 2370 methodus
1212 2312 1316 2368 iata
1349 2318 1545 2382 potest,
1577 2325 1698 2380 qua:
1725 2310 1792 2364 ad
1825 2307 2041 2363 Graaco-

465 2426 586 2466 rum
608 2410 886 2465 annalium
905 2405 1256 2477 castigandos
1272 2419 1510 2467 errores,
1536 2402 1836 2473 praesertim
1862 2399 2041 2455 Theo-

466 2502 686 2574 phanis,
718 2500 981 2570 majorem
1011 2498 1267 2568 opinione
1298 2495 1538 2550 fructum
1566 2494 1772 2549 aﬁ‘eret.

467 2613 650 2670 Cano:
679 2610 767 2668 ιν.
810 2610 1081 2678 Propositi
1118 2608 1398 2678 cujuslibet
1426 2606 1530 2661 diei
1568 2606 1758 2675 feriam
1794 2606 1849 2659 in
1891 2604 2038 2660 Gm-

819 2697 1002 2735 corum
1048 2690 1286 2746 computo
1326 2679 1689 2747 pronuntiare.

540 2774 767 2830 Invento
800 2773 955 2845 cyclo
992 2771 1126 2827 solis
1168 2771 1225 2825 in
1260 2779 1496 2840 utroque
1541 2773 1799 2837 computo
1828 2781 1923 2836 per
1950 2780 2045 2819 ca-

470 2882 667 2923 nonem
702 2883 753 2931 I,
805 2865 935 2921 huic
961 2873 1328 2935 congruentes
1359 2868 1578 2932 epactas
1604 2870 1913 2916 menstruas
1947 2858 2047 2913 ad-

473 2940 598 3015 hibe
627 2973 693 3014 ex
724 2956 909 3011 tabula
963 2970 1003 3009 ιι
1038 2954 1179 3027 cycli
1209 2953 1444 3019 solaris;
1493 2960 1609 3006 tum
1650 2966 1718 3006 ex
1746 2949 1931 3004 tabula
1980 2963 2043 3001 ιιι

473 3057 696 3120 epactas
729 3055 1040 3104 menstruas
1091 3046 1311 3115 require
1332 3085 1347 3111 ,
1408 3051 1572 3114 atque
1600 3042 1671 3097 ad
1718 3043 1804 3098 sui
1833 3041 2047 3113 generis

2135 1980 2229 2034 per
2249 1963 2318 2018 30
2356 1962 2539 2025 divisi,
2570 1970 2735 2030 quota
2762 1959 2832 2013 sit
2863 1958 2956 2011 illo
2976 1956 3066 2010 die
3097 1956 3226 2009 luna
3248 1952 3652 2007 monstrabunt.

2205 2056 2578 2125 Exemplum:
2639 2051 2986 2121 Propositum
3044 2049 3116 2102 sit
3176 2046 3503 2116 investigare
3548 2051 3715 2113 quota

2136 2148 2265 2202 luna
2296 2147 2370 2201 sit
2403 2145 2607 2216 Aprilis
2644 2145 2679 2198 2
2717 2143 2849 2197 anni
2880 2140 3016 2197 7034
3041 2139 3398 2194 Alexandrini
3429 2136 3669 2206 computi
3697 2173 3712 2197 ,

2137 2242 2191 2291 et
2221 2235 2358 2290 7050
2405 2231 3033 2301 Constantinopolitani;
3066 2243 3297 2299 quorum
3340 2228 3527 2298 cyclos
3567 2226 3718 2279 luna-

2138 2341 2228 2382 res
2255 2324 2592 2381 confecimus
2619 2338 2828 2379 canone
2862 2337 2914 2389 ις
2949 2321 3096 2375 illius
3125 2319 3346 2390 quidem
3369 2318 3435 2383 Δις
3466 2316 3629 2385 hujus
3660 2315 3715 2367 1.

2139 2416 2308 2489 Igitur
2328 2432 2453 2472 eum
2476 2417 2628 2488 cyclo
2655 2413 3036 2470 Alexandrina:
3061 2426 3184 2488 aereo
3206 2411 3262 2473 4,
3316 2410 3372 2463 in
3406 2408 3595 2463 tabula
3621 2422 3675 2461 w
3696 2444 3713 2469 ,

2139 2502 2358 2559 invenio
2384 2509 2630 2570 epactam
2655 2516 2752 2555 xu.
2770 2498 2829 2553 In
2857 2497 3042 2551 tabula
3064 2513 3117 2562 γ,
3140 2495 3420 2566 regulares
3438 2492 3641 2561 Aprilis
3660 2489 3717 2546 0.

2141 2592 2375 2649 Proinde
2397 2601 2589 2663 epacta
2616 2590 2705 2655 I2,
2732 2597 2786 2646 et
2813 2589 3016 2660 Aprilis
3041 2588 3158 2644 dies
3178 2587 3213 2640 2
3238 2588 3424 2642 lunam
3445 2586 3716 2640 decimam

2142 2695 2391 2757 quartam
2417 2685 2654 2741 oderunt
2678 2682 2772 2736 illo
2798 2681 2906 2737 die.
2960 2681 3029 2735 At
3056 2694 3236 2734 annus
3263 2678 3403 2733 7050
3439 2676 3718 2732 Constan-

2144 2776 2539 2847 tinopolitanus
2561 2781 2783 2843 epactas
2806 2774 2862 2826 in
2894 2786 2947 2824 tv
2981 2770 3169 2825 tabula
3198 2784 3250 2823 ιιι
3276 2769 3519 2834 obtinet;
3554 2781 3716 2835 regn-

2114 2928 2121 2937 _
2145 2870 2314 2923 larem
2340 2867 2397 2921 in
2422 2883 2455 2921 ν
2483 2865 2688 2928 tabula,
2716 2880 2731 2917 ι
2754 2881 2769 2930 ;
2797 2862 2930 2917 ﬁunt
2957 2878 3058 2926 xu,
3084 2869 3138 2916 et
3171 2876 3295 2915 cum
3320 2857 3486 2914 biduo
3516 2856 3720 2927 Aprilis

2147 2971 2259 3010 xw.
2291 2952 2436 3008 Sane
2463 2954 2519 3007 in
2550 2950 2844 3022 Horologio
2867 2951 3039 3006 Grmci
3066 2951 3252 3005 lunam
3274 2949 3370 3004 illo
3395 2962 3540 3004 anno
3569 2947 3720 3002 deci—

2146 3060 2292 3100 mam
2319 3055 2567 3116 quartam
2597 3053 2918 3114 computant
2949 3042 3153 3114 Aprilis
3187 3042 3451 3097 secundo.

474 3151 869 3232 εοηεικνεειιεξ
901 3153 1137 3232 ῧννθηξδξ
1154 3136 1261 3191 hoc
1290 3144 1376 3232 es!
1402 3135 1470 3190 ad
1491 3143 1884 3232 c°"¢“"¢!“?§
1906 3132 2049 3205 “you
2076 3169 2123 3232 ο
2151 3157 2333 3232 Canos
2371 3156 2459 3212 VI.
2505 3155 2812 3232 Termintmt
2848 3155 3164 3232 Paschalcm
3196 3157 3305 3210 sive
3360 3154 3573 3209 Pascha
3626 3152 3723 3207 Ju-

475 3248 598 3288 airae
624 3230 1003 3287 Alexandrinae
1036 3226 1176 3284 adde
1228 3228 1505 3299 regulares
1539 3225 1782 3296 computi
1811 3224 2048 3280 Alexan-

475 3324 620 3385 drini
641 3363 656 3389 ,
704 3324 774 3378 ad
808 3329 1199 3379 concurrentes
1233 3336 1363 3376 vero
1392 3321 1631 3391 computi
1656 3318 2051 3375 Constantino»

478 3415 733 3489 politani,
774 3415 1053 3486 regulares
1084 3412 1350 3483 ejusdem.
1392 3413 1618 3469 Domum
1652 3413 1718 3467 ad
1759 3411 2048 3468 conﬂatam

479 3507 607 3562 inde
641 3520 933 3570 summam,
962 3502 1060 3575 τὴν
1093 3502 1375 3569 ποσταίαν,
1409 3504 1515 3557 hoc
1550 3512 1636 3556 est
1668 3501 1809 3555 diem
1845 3503 2052 3556 mensis

479 3600 673 3671 adjice.
713 3597 868 3664 Quod
912 3596 1040 3651 inde
1084 3595 1404 3664 conﬁcitur,
1446 3610 1542 3667 per
1583 3594 1614 3647 7
1667 3592 1940 3659 divisum,
1974 3593 2053 3648 fe-

480 3695 616 3746 riam
649 3687 1067 3746 demonstrabit.

549 3779 793 3849 Exempli
824 3778 1035 3850 gratia:
1077 3775 1158 3831 Sit
1198 3789 1379 3831 annus
1420 3774 1661 3846 computi
1695 3772 2050 3829 Alexandrini

484 3870 642 3935 7034,
670 3865 1258 3938 Constantinopolitani
1312 3881 1460 3930 vero,
1498 3866 1655 3923 7050.
1710 3864 1918 3921 Prioris
1960 3880 2054 3936 cy-

483 3964 602 4020 clus
626 3975 723 4031 per
758 3974 1026 4014 canonem
1065 3974 1081 4012 l
1119 3957 1401 4013 confectus
1429 3967 1513 4013 est
1540 3974 1614 4013 vr.
1644 3957 2052 4013 Concurrentes

483 4067 553 4110 ex
581 4050 766 4106 tabula
810 4063 881 4110 ιι,
919 4056 1046 4103 sunt
1092 4046 1146 4102 6.
1197 4044 1373 4101 Velim
1426 4046 1569 4102 scire
1622 4046 1811 4103 feriam
1848 4046 1956 4101 diei
1996 4061 2054 4099 ix

483 4141 705 4213 Aprilis.
747 4137 1050 4211 Regulares
1077 4137 1425 4193 Alexandrini
1472 4153 1539 4192 ex
1591 4138 1775 4192 tabula
1804 4153 1863 4190 ιιι
1898 4136 2053 4191 colli.

484 4243 688 4304 guntur
718 4230 985 4300 7,quibus
1016 4228 1082 4283 ad
1106 4229 1138 4283 6
1170 4227 1368 4283 additis
1382 4243 1504 4283 cum
1537 4227 1776 4284 9diebus
1815 4228 2050 4299 Aprilis,

484 4340 694 4381 summa
726 4332 810 4379 est
842 4323 925 4378 I5.
957 4320 1192 4377 Proinde
1220 4319 1414 4375 feriam
1456 4319 1578 4375 dico
1612 4320 1782 4377 fuisse
1825 4340 1861 4376 ι.
1911 4320 2054 4376 Rur-

486 4430 580 4471 sus
609 4415 795 4485 cyclus
824 4414 953 4467 anni
988 4413 1124 4469 7050
1156 4409 1748 4482 Constantinopolitani
1772 4429 1865 4484 per
1891 4429 2051 4469 eum-

2224 3228 2464 3310 daicum,
2519 3228 2732 3298 ejusque
2784 3228 2974 3297 feriam
3027 3228 3084 3281 in
3114 3237 3334 3296 utroque
3362 3235 3602 3293 computo
3643 3240 3726 3279 νεα

2222 3315 2411 3369 perire.

2225 3414 2361 3469 Cum
2390 3412 2544 3484 cyclo
2582 3412 2764 3467 lunari
2796 3426 3005 3466 canone
3038 3410 3218 3481 primo
3264 3408 3604 3479 deprehenso
3636 3410 3725 3465 adi

2155 3506 2392 3559 tabulam
2431 3520 2502 3558 iv.
2552 3502 2610 3557 In
2644 3504 2820 3573 primo
2859 3519 3018 3558 versu
3052 3502 3265 3573 cyclum
3316 3510 3470 3557 tuum
3501 3502 3725 3572 accipe,

2155 3604 2209 3651 et
2233 3612 2299 3651 ex
2333 3596 2542 3651 directo
2572 3595 2890 3650 Pascbalem
2929 3595 3221 3651 terminum
3244 3633 3258 3658 ,
3320 3609 3445 3649 cum
3478 3593 3598 3663 ejus
3638 3607 3728 3647 re-

2157 3687 2330 3756 gulari
2364 3697 2473 3739 tam
2508 3687 2564 3741 in
2598 3686 2964 3742 Alexandrina
2992 3699 3120 3750 aera,
3171 3699 3335 3755 quam
3369 3686 3423 3739 in
3458 3685 3731 3740 Constano

2156 3778 2534 3848 tinopolitana.
2581 3777 2789 3833 Exinde
2822 3786 3213 3833 concurrentes
3243 3778 3382 3849 cycli
3432 3777 3565 3832 solis
3595 3776 3728 3831 anni

2157 3869 2420 3940 propositi
2453 3885 2549 3939 per
2579 3884 2844 3924 canonem
2880 3886 2933 3925 iv
2982 3870 3233 3925 inventos
3257 3910 3273 3933 ,
3323 3886 3449 3925 cum
3492 3871 3729 3940 regulari

2159 3962 2377 4019 termini
2426 3976 2714 4032 compone.
2757 3959 2981 4015 Summa
3030 3962 3218 4016 feriam
3265 3961 3454 4027 dabit,
3500 3963 3729 4032 adjectis

2158 4062 2384 4123 septem.
2417 4050 2488 4107 Ut
2522 4067 2664 4106 anno
2714 4052 2905 4107 eodem
2956 4052 3324 4107 Alexandrino
3355 4052 3510 4116 7031,
3542 4055 3728 4125 cyclus

2159 4146 2303 4200 lunae
2343 4161 2397 4199 w
2431 4144 2487 4198 in
2522 4144 2708 4199 tabula
2762 4145 3176 4215 respondentem
3219 4145 3381 4200 habet
3435 4148 3729 4202 terminum

2158 4234 2476 4289 Pascbalem
2499 4235 2702 4304 Aprilis
2727 4233 2783 4298 2,
2803 4235 2961 4304 cujus
2992 4236 3269 4306 regulares
3295 4243 3425 4289 sunt
3445 4236 3501 4300 2,
3538 4240 3729 4310 cyclus

2160 4328 2291 4382 solis
2322 4342 2376 4381 vt
2422 4333 2815 4381 concurrentes
2865 4325 3054 4380 itidem
3085 4327 3234 4380 dedit
3264 4325 3298 4380 6
3336 4341 3434 4396 per
3461 4342 3727 4384 canonem

2162 4435 2248 4485 tv;
2285 4419 2445 4473 ambo
2465 4417 2676 4472 collecti
2704 4418 2895 4471 feriam
2926 4433 2943 4470 1
2973 4417 3251 4471 exhibent.

484 4505 607 4559 dem
637 4519 902 4559 canonem
925 4502 1296 4574 deprehensus
1324 4512 1410 4558 est
1433 4503 1526 4567 22,
1566 4512 1961 4559 concurrentes
1992 4504 2047 4559 5.
2086 4520 2131 4575 ι)
2231 4508 2323 4563 Sic
2351 4522 2493 4562 anno
2521 4505 3125 4575 Constantinopolitano
3149 4507 3307 4573 7050,
3332 4508 3518 4579 cyclus
3538 4509 3721 4562 lunas!

484 4596 781 4666 Regulares
821 4594 1025 4665 Aprilis
1047 4596 1102 4649 in
1127 4596 1368 4650 secundo
1417 4611 1578 4652 versu
1613 4596 1944 4666 regularium
1973 4604 2055 4650 ta.

484 4687 626 4743 bulas
655 4703 714 4741 ιιι
749 4696 877 4742 sunt
911 4688 975 4751 1,
1022 4687 1113 4757 qui
1162 4702 1286 4740 cum
1335 4686 1371 4741 5
1398 4689 1855 4742 concurrentibus
1879 4726 1895 4752 ,
1927 4695 1982 4741 et
2023 4687 2057 4741 9

484 4777 677 4833 diebus
703 4777 905 4847 Aprilis
935 4785 1269 4847 componunt
1299 4777 1365 4832 15
1393 4794 1410 4842 ;
1440 4778 1686 4849 adeoque
1719 4777 1912 4832 feriam
1949 4794 1990 4833 I.

554 4865 914 4937 Experiamur
951 4883 1019 4922 an
1074 4877 1221 4925 recte
1274 4870 1486 4938 positus
1542 4871 1615 4924 sit
1661 4871 1906 4925 calculus
1958 4885 2056 4939 per

485 4958 971 5014 cliaracterismum
1009 4975 1276 5014 annorum
1327 4960 1553 5025 Christi,
1590 4962 1674 5016 vel
1720 4962 1929 5029 periodi
1959 4961 2058 5015 Ju-

487 5047 663 5101 lianai.
718 5048 909 5104 Annus
963 5048 1362 5107 Alexandrinus
1408 5051 1577 5114 7054,
1614 5052 1876 5108 detractis
1912 5052 2051 5119 779,

483 5139 755 5194 invenitur
787 5140 993 5210 periodi
1013 5141 1242 5197 Iuliana;
1274 5142 1447 5209 6255,
1477 5146 1572 5214 qui
1600 5154 1656 5200 et
1680 5145 1824 5199 idem
1859 5161 2057 5215 prove-

484 5230 566 5284 nit
590 5230 783 5286 ablatis
822 5231 922 5287 795
948 5232 1016 5287 de
1051 5248 1194 5290 anno
1244 5234 1384 5290 7050
1436 5236 2056 5307 Constantinopolitano

484 5336 553 5376 ex
580 5323 835 5378 methodo
863 5325 1088 5381 canonis
1126 5342 1185 5381 ιι.
1221 5326 1326 5382 Sed
1368 5338 1422 5383 et
1466 5329 1628 5384 iidem
1678 5332 1805 5384 anni
1838 5331 2059 5399 conspi-

484 5419 610 5464 rant
639 5412 694 5465 in
716 5429 918 5483 annum
943 5415 1146 5473 Christi
1176 5419 1334 5482 15η,
1364 5421 1411 5475 si
1448 5435 1515 5474 ex
1559 5422 1931 5477 Alexandrino
1964 5422 2056 5475 ab-

483 5499 665 5567 iecero
692 5501 849 5571 5492,
873 5516 926 5561 et
954 5522 985 5561 e
1014 5506 1642 5581 Constantinopolitano,
1664 5513 1824 5567 5508.
1844 5513 1914 5566 At
1939 5521 2053 5567 tam

483 5605 660 5647 annus
689 5597 896 5663 periodi
944 5593 1173 5656 Iuliana:
1208 5600 1383 5668 6255,
1443 5619 1608 5672 quam
1637 5605 1844 5660 Christi
1876 5605 2049 5670 1512,

484 5680 693 5737 obtinet
717 5687 929 5756 cyclum
962 5690 1093 5745 solis
1132 5690 1436 5748 Romanum
1472 5709 1548 5759 xi,
1580 5695 1668 5751 cui
1699 5712 1765 5750 ex
1793 5698 1979 5753 tabula
2014 5712 2052 5750 ιι

485 5773 743 5835 competit
774 5775 951 5831 littera
980 5779 1046 5836 A.
1068 5780 1238 5843 Igitur
1272 5783 1554 5839 verissime
1587 5786 1935 5845 pronuntiata
1965 5793 2051 5842 est

2156 4600 2448 4657 terminum
2489 4599 2647 4653 oﬁ‘ert
2692 4599 2750 4652 in
2789 4598 2974 4652 tabula
2998 4614 3070 4661 ιν,
3103 4600 3307 4669 Aprilis
3338 4615 3400 4663 ιι,
3425 4614 3548 4654 cum
3574 4616 3733 4671 regu-

2155 4692 2362 4747 laribus
2390 4692 2445 4746 5.
2473 4690 2675 4761 Cyclus
2704 4689 2838 4744 solis
2878 4704 2942 4743 ex
2974 4706 3220 4745 canone:
3255 4690 3355 4744 luit
3376 4691 3467 4756 22,
3496 4707 3731 4747 concur-

2155 4793 2339 4841 rentes
2372 4786 2425 4850 5,
2459 4784 2553 4855 qui
2589 4798 2714 4837 cum
2750 4783 3095 4853 regularibus
3134 4784 3431 4838 ostendunt
3458 4783 3650 4839 feriam
3685 4801 3725 4850 ι,

2156 4876 2371 4946 qualem
2396 4875 2709 4931 Graecorum
2745 4872 3099 4945 Horologium
3130 4874 3487 4929 demonstrat.

2154 4984 2336 5041 Canos
2366 4985 2475 5040 VII.
2512 4984 2725 5038 Pascha
2760 4983 3145 5050 Christianum,
3179 5002 3241 5039 ac
3278 4988 3545 5055 prwcipua
3578 4986 3731 5045 Cra:-

2435 5072 2617 5109 carum
2653 5056 2787 5124 festa
2816 5058 2997 5125 quovis
3036 5073 3175 5109 arma
3203 5055 3444 5124 deﬁnire.

2223 5145 2474 5201 Paschali
2505 5147 2737 5201 termino
2771 5161 2867 5216 per
2905 5146 3241 5217 superiorem
3266 5162 3529 5201 canonem
3554 5147 3739 5203 anim-

2156 5239 2423 5301 adverso,
2467 5239 2696 5308 ejusque
2736 5238 2909 5302 feria,
2958 5239 3007 5293 si
3050 5237 3332 5294 Dominica
3381 5240 3491 5303 sit,
3536 5241 3592 5294 in
3644 5256 3736 5296 se-

2154 5337 2413 5399 quentem
2447 5330 2782 5385 Dominicam
2812 5330 3155 5386 diffunditur.
3195 5329 3253 5385 Si
3289 5332 3517 5385 alteram
3560 5332 3617 5385 in
3650 5330 3723 5386 fe-

2153 5423 2291 5475 riam
2322 5424 2586 5478 terminus
2618 5425 2861 5487 incurrat
2879 5464 2893 5484 ,
2916 5424 3161 5494 proxime
3185 5438 3421 5493 sequens
3449 5423 3732 5477 Dominica

2155 5510 2787 5570 PaschaoChristianum
2832 5518 3121 5573 obtinebit.
3168 5515 3396 5570 lnvento
3440 5514 3731 5576 Paschate.

2155 5602 2293 5659 lesta
2328 5605 2535 5674 reliqua
2582 5608 2738 5662 nullo
2788 5610 3007 5679 negotio
3056 5609 3321 5678 reperies.
3359 5606 3484 5661 Haec
3515 5605 3728 5659 metho-

2155 5692 2258 5749 dus
2276 5702 2328 5750 et
2355 5710 2450 5765 per
2490 5696 2771 5754 se-t‘acilis
2802 5707 2905 5767 est,
2946 5709 3001 5755 et
3043 5698 3221 5770 capite
3265 5696 3537 5768 superiori
3566 5694 3733 5764 hujus

2155 5783 2281 5839 libri
2303 5785 2632 5842 continetur.
