  <div class='ocr_page' id='page_1' title='image "/cluster/home/n/w/nwhite01/storage/ocr_20150623/19:no.1/coo.31924054872993/748.png"; bbox 0 0 4124 6442; ppageno 0'>
   <div class='ocr_carea' id='block_1_1' title="bbox 497 421 630 477">
    <p class='ocr_par' dir='ltr' id='par_1_1' title="bbox 497 421 630 477">
     <span class='ocr_line' id='line_1_1' title="bbox 497 421 630 477; baseline 0 0"><span class='ocrx_word' id='word_1_1' title='bbox 497 424 512 477; x_wconf 90' lang='lat' dir='ltr'><strong><em>l</em></strong></span> <span class='ocrx_word' id='word_1_2' title='bbox 526 421 630 477; x_wconf 68' lang='lat'><strong><em>455</em></strong></span> 
     </span>
    </p>
   </div>
   <div class='ocr_carea' id='block_1_2' title="bbox 1071 532 1477 592">
    <p class='ocr_par' dir='ltr' id='par_1_2' title="bbox 1071 532 1477 592">
     <span class='ocr_line' id='line_1_2' title="bbox 1071 532 1477 592; baseline 0.007 -4"><span class='ocrx_word' id='word_1_3' title='bbox 1071 532 1300 591; x_wconf 82' lang='lat' dir='ltr'><strong><em>CAPUT</em></strong></span> <span class='ocrx_word' id='word_1_4' title='bbox 1340 535 1477 592; x_wconf 72' lang='lat' dir='ltr'><strong><em>XIV.</em></strong></span> 
     </span>
    </p>
   </div>
   <div class='ocr_carea' id='block_1_3' title="bbox 495 674 2055 744">
    <p class='ocr_par' dir='ltr' id='par_1_3' title="bbox 495 674 2055 744">
     <span class='ocr_line' id='line_1_3' title="bbox 495 674 2055 744; baseline 0.001 -17"><span class='ocrx_word' id='word_1_5' title='bbox 495 675 569 727; x_wconf 89' lang='lat' dir='ltr'><strong><em>De</em></strong></span> <span class='ocrx_word' id='word_1_6' title='bbox 595 683 855 727; x_wconf 78' lang='lat' dir='ltr'><strong><em>certorum</em></strong></span> <span class='ocrx_word' id='word_1_7' title='bbox 879 674 1147 744; x_wconf 75' lang='lat' dir='ltr'><strong><em>hominum</em></strong></span> <span class='ocrx_word' id='word_1_8' title='bbox 1176 674 1423 727; x_wconf 82' lang='lat' dir='ltr'><strong><em>Pascltali</em></strong></span> <span class='ocrx_word' id='word_1_9' title='bbox 1445 683 1683 744; x_wconf 86' lang='lat' dir='ltr'><strong><em>computo</em></strong></span> <span class='ocrx_word' id='word_1_10' title='bbox 1705 690 1767 727; x_wconf 84' lang='lat' dir='ltr'><strong><em>ac</em></strong></span> <span class='ocrx_word' id='word_1_11' title='bbox 1798 674 2055 739; x_wconf 84' lang='lat' dir='ltr'><strong><em>methodo,</em></strong></span> 
     </span>
    </p>
   </div>
   <div class='ocr_carea' id='block_1_4' title="bbox 562 743 2060 813">
    <p class='ocr_par' dir='ltr' id='par_1_4' title="bbox 562 743 2060 813">
     <span class='ocr_line' id='line_1_4' title="bbox 562 743 2060 813; baseline 0.001 -18"><span class='ocrx_word' id='word_1_12' title='bbox 562 760 691 813; x_wconf 84' lang='lat' dir='ltr'><strong><em>quos</em></strong></span> <span class='ocrx_word' id='word_1_13' title='bbox 742 744 800 799; x_wconf 90' lang='lat' dir='ltr'><strong><em>S.</em></strong></span> <span class='ocrx_word' id='word_1_14' title='bbox 855 743 1124 799; x_wconf 71' lang='lat' dir='ltr'><strong><em>Maximus</em></strong></span> <span class='ocrx_word' id='word_1_15' title='bbox 1180 745 1636 809; x_wconf 81' lang='grc' dir='ltr'><strong><em>πενταπλοῦντας,</em></strong></span> <span class='ocrx_word' id='word_1_16' title='bbox 1680 753 1730 799; x_wconf 90' lang='lat' dir='ltr'><strong><em>et</em></strong></span> <span class='ocrx_word' id='word_1_17' title='bbox 1770 744 2060 809; x_wconf 77' lang='grc' dir='ltr'><strong><em>ἑξαπλοῦν-</em></strong></span> 
     </span>
    </p>
   </div>
   <div class='ocr_carea' id='block_1_5' title="bbox 561 814 2056 883">
    <p class='ocr_par' dir='ltr' id='par_1_5' title="bbox 561 814 2056 883">
     <span class='ocr_line' id='line_1_5' title="bbox 561 814 2056 883; baseline 0.002 -18"><span class='ocrx_word' id='word_1_18' title='bbox 561 830 662 876; x_wconf 81' lang='grc' dir='ltr'><strong><em>τας</em></strong></span> <span class='ocrx_word' id='word_1_19' title='bbox 728 815 997 879; x_wconf 75' lang='lat' dir='ltr'><strong><em>nominat;</em></strong></span> <span class='ocrx_word' id='word_1_20' title='bbox 1063 832 1156 869; x_wconf 81' lang='lat' dir='ltr'><strong><em>nos</em></strong></span> <span class='ocrx_word' id='word_1_21' title='bbox 1191 815 1643 883; x_wconf 88' lang='lat' dir='ltr'><strong><em>undecuplatores</em></strong></span> <span class='ocrx_word' id='word_1_22' title='bbox 1697 814 2056 883; x_wconf 80' lang='lat' dir='ltr'><strong><em>appellamus,</em></strong></span> 
     </span>
    </p>
   </div>
   <div class='ocr_carea' id='block_1_6' title="bbox 561 882 2056 954">
    <p class='ocr_par' dir='ltr' id='par_1_6' title="bbox 561 882 2056 954">
     <span class='ocr_line' id='line_1_6' title="bbox 561 882 2056 954; baseline 0.001 -18"><span class='ocrx_word' id='word_1_23' title='bbox 561 900 785 952; x_wconf 84' lang='lat' dir='ltr'><strong><em>quorum</em></strong></span> <span class='ocrx_word' id='word_1_24' title='bbox 813 887 949 937; x_wconf 87' lang='lat' dir='ltr'><strong><em>ratio</em></strong></span> <span class='ocrx_word' id='word_1_25' title='bbox 970 901 1127 954; x_wconf 82' lang='lat' dir='ltr'><strong><em>prope</em></strong></span> <span class='ocrx_word' id='word_1_26' title='bbox 1167 882 1546 938; x_wconf 69' lang='lat' dir='ltr'><strong><em>inextricabilis</em></strong></span> <span class='ocrx_word' id='word_1_27' title='bbox 1588 887 1698 937; x_wconf 81' lang='lat' dir='ltr'><strong><em>visa</em></strong></span> <span class='ocrx_word' id='word_1_28' title='bbox 1729 882 1737 954; x_wconf 55' lang='grc' dir='ltr'><em>ξ</em></span> <span class='ocrx_word' id='word_1_29' title='bbox 1766 882 2056 954; x_wconf 78' lang='lat' dir='ltr'><strong><em>Scaligero,</em></strong></span> 
     </span>
    </p>
   </div>
   <div class='ocr_carea' id='block_1_7' title="bbox 566 953 1985 1024">
    <p class='ocr_par' dir='ltr' id='par_1_7' title="bbox 566 953 1985 1024">
     <span class='ocr_line' id='line_1_7' title="bbox 566 953 1985 1024; baseline 0.001 -18"><span class='ocrx_word' id='word_1_30' title='bbox 566 954 820 1021; x_wconf 76' lang='lat' dir='ltr'><strong><em>facillime</em></strong></span> <span class='ocrx_word' id='word_1_31' title='bbox 845 953 1169 1009; x_wconf 77' lang='lat' dir='ltr'><strong><em>declaratur.</em></strong></span> <span class='ocrx_word' id='word_1_32' title='bbox 1204 954 1281 1007; x_wconf 88' lang='lat' dir='ltr'><strong><em>De</em></strong></span> <span class='ocrx_word' id='word_1_33' title='bbox 1313 954 1499 1007; x_wconf 77' lang='lat' dir='ltr'><strong><em>iisdem</em></strong></span> <span class='ocrx_word' id='word_1_34' title='bbox 1531 971 1678 1007; x_wconf 89' lang='lat' dir='ltr'><strong><em>error</em></strong></span> <span class='ocrx_word' id='word_1_35' title='bbox 1710 953 1985 1024; x_wconf 83' lang='lat' dir='ltr'><strong><em>Scaligeri.</em></strong></span> 
     </span>
    </p>
   </div>
   <div class='ocr_carea' id='block_1_8' title="bbox 565 1087 2056 1160">
    <p class='ocr_par' dir='ltr' id='par_1_8' title="bbox 565 1087 2056 1160">
     <span class='ocr_line' id='line_1_8' title="bbox 565 1087 2056 1160; baseline 0 -20"><span class='ocrx_word' id='word_1_36' title='bbox 565 1087 833 1141; x_wconf 79' lang='lat' dir='ltr'><strong><em>Maximus</em></strong></span> <span class='ocrx_word' id='word_1_37' title='bbox 867 1096 1072 1160; x_wconf 81' lang='lat' dir='ltr'><strong><em>martyr</em></strong></span> <span class='ocrx_word' id='word_1_38' title='bbox 1100 1088 1284 1158; x_wconf 66' lang='lat' dir='ltr'><strong><em>prima:</em></strong></span> <span class='ocrx_word' id='word_1_39' title='bbox 1313 1089 1486 1158; x_wconf 89' lang='lat' dir='ltr'><strong><em>partis</em></strong></span> <span class='ocrx_word' id='word_1_40' title='bbox 1515 1089 1775 1159; x_wconf 90' lang='lat' dir='ltr'><strong><em>computi,</em></strong></span> <span class='ocrx_word' id='word_1_41' title='bbox 1809 1104 1932 1160; x_wconf 85' lang='lat' dir='ltr'><strong><em>cap.</em></strong></span> <span class='ocrx_word' id='word_1_42' title='bbox 1964 1087 2056 1157; x_wconf 80' lang='lat' dir='ltr'><strong><em>XI,</em></strong></span> 
     </span>
    </p>
   </div>
   <div class='ocr_carea' id='block_1_9' title="bbox 495 1178 2058 1252">
    <p class='ocr_par' dir='ltr' id='par_1_9' title="bbox 495 1178 2058 1252">
     <span class='ocr_line' id='line_1_9' title="bbox 495 1178 2058 1252; baseline 0 -18"><span class='ocrx_word' id='word_1_43' title='bbox 495 1185 550 1234; x_wconf 89' lang='lat' dir='ltr'><strong><em>et</em></strong></span> <span class='ocrx_word' id='word_1_44' title='bbox 581 1178 676 1231; x_wconf 82' lang='grc' dir='ltr'><strong><em>ΧΠ</em></strong></span> <span class='ocrx_word' id='word_1_45' title='bbox 698 1219 713 1240; x_wconf 86' lang='grc'><strong><em>,</em></strong></span> <span class='ocrx_word' id='word_1_46' title='bbox 750 1193 812 1232; x_wconf 91' lang='lat' dir='ltr'><strong><em>ac</em></strong></span> <span class='ocrx_word' id='word_1_47' title='bbox 862 1188 970 1233; x_wconf 87' lang='lat' dir='ltr'><strong><em>tota</em></strong></span> <span class='ocrx_word' id='word_1_48' title='bbox 1017 1181 1253 1235; x_wconf 88' lang='lat' dir='ltr'><strong><em>secunda</em></strong></span> <span class='ocrx_word' id='word_1_49' title='bbox 1281 1189 1435 1252; x_wconf 88' lang='lat' dir='ltr'><strong><em>parte</em></strong></span> <span class='ocrx_word' id='word_1_50' title='bbox 1474 1192 1665 1236; x_wconf 89' lang='lat' dir='ltr'><strong><em>contra</em></strong></span> <span class='ocrx_word' id='word_1_51' title='bbox 1694 1190 1876 1237; x_wconf 89' lang='lat' dir='ltr'><strong><em>certos</em></strong></span> <span class='ocrx_word' id='word_1_52' title='bbox 1906 1196 2058 1235; x_wconf 83' lang='lat' dir='ltr'><strong><em>com-</em></strong></span> 
     </span>
    </p>
   </div>
   <div class='ocr_carea' id='block_1_10' title="bbox 495 1268 2061 1343">
    <p class='ocr_par' dir='ltr' id='par_1_10' title="bbox 495 1268 2061 1343">
     <span class='ocr_line' id='line_1_10' title="bbox 495 1268 2061 1343; baseline 0.001 -20"><span class='ocrx_word' id='word_1_53' title='bbox 495 1268 612 1339; x_wconf 90' lang='lat' dir='ltr'><strong><em>puti</em></strong></span> <span class='ocrx_word' id='word_1_54' title='bbox 647 1268 881 1324; x_wconf 83' lang='lat' dir='ltr'><strong><em>artiﬁces</em></strong></span> <span class='ocrx_word' id='word_1_55' title='bbox 909 1270 1170 1339; x_wconf 84' lang='lat' dir='ltr'><strong><em>disputat,</em></strong></span> <span class='ocrx_word' id='word_1_56' title='bbox 1205 1286 1344 1343; x_wconf 88' lang='lat' dir='ltr'><strong><em>quos</em></strong></span> <span class='ocrx_word' id='word_1_57' title='bbox 1375 1272 1833 1338; x_wconf 60' lang='grc' dir='ltr'><strong><em>πενταπλοῶτας,</em></strong></span> <span class='ocrx_word' id='word_1_58' title='bbox 1858 1283 1911 1330; x_wconf 88' lang='lat' dir='ltr'><strong><em>et</em></strong></span> <span class='ocrx_word' id='word_1_59' title='bbox 1939 1272 2061 1338; x_wconf 80' lang='grc' dir='ltr'><strong><em>ἑξα-</em></strong></span> 
     </span>
    </p>
   </div>
   <div class='ocr_carea' id='block_1_11' title="bbox 496 1359 2060 1431">
    <p class='ocr_par' dir='ltr' id='par_1_11' title="bbox 496 1359 2060 1431">
     <span class='ocr_line' id='line_1_11' title="bbox 496 1359 2060 1431; baseline 0.005 -19"><span class='ocrx_word' id='word_1_60' title='bbox 496 1359 761 1423; x_wconf 79' lang='grc' dir='ltr'><strong>πλοῦντας</strong></span> <span class='ocrx_word' id='word_1_61' title='bbox 792 1367 979 1426; x_wconf 88' lang='lat' dir='ltr'><strong><em>vocat;</em></strong></span> <span class='ocrx_word' id='word_1_62' title='bbox 1018 1361 1119 1414; x_wconf 89' lang='lat' dir='ltr'><strong><em>hoc</em></strong></span> <span class='ocrx_word' id='word_1_63' title='bbox 1158 1368 1243 1416; x_wconf 92' lang='lat' dir='ltr'><strong><em>est</em></strong></span> <span class='ocrx_word' id='word_1_64' title='bbox 1278 1361 1571 1431; x_wconf 86' lang='lat' dir='ltr'><strong><em>quinquies</em></strong></span> <span class='ocrx_word' id='word_1_65' title='bbox 1599 1373 1652 1417; x_wconf 87' lang='lat' dir='ltr'><strong><em>et</em></strong></span> <span class='ocrx_word' id='word_1_66' title='bbox 1680 1365 1859 1419; x_wconf 84' lang='lat' dir='ltr'><strong><em>sexies</em></strong></span> <span class='ocrx_word' id='word_1_67' title='bbox 1888 1379 2060 1420; x_wconf 87' lang='lat' dir='ltr'><strong><em>annos</em></strong></span> 
     </span>
    </p>
   </div>
   <div class='ocr_carea' id='block_1_12' title="bbox 494 1450 2060 1523">
    <p class='ocr_par' dir='ltr' id='par_1_12' title="bbox 494 1450 2060 1523">
     <span class='ocr_line' id='line_1_12' title="bbox 494 1450 2060 1523; baseline 0.002 -17"><span class='ocrx_word' id='word_1_68' title='bbox 494 1452 632 1523; x_wconf 87' lang='lat' dir='ltr'><strong><em>cycli</em></strong></span> <span class='ocrx_word' id='word_1_69' title='bbox 679 1451 886 1505; x_wconf 88' lang='lat' dir='ltr'><strong><em>lunaris</em></strong></span> <span class='ocrx_word' id='word_1_70' title='bbox 918 1450 1378 1521; x_wconf 76' lang='lat' dir='ltr'><strong><em>multiplicantes;</em></strong></span> <span class='ocrx_word' id='word_1_71' title='bbox 1423 1452 1530 1515; x_wconf 88' lang='lat' dir='ltr'><strong><em>vel,</em></strong></span> <span class='ocrx_word' id='word_1_72' title='bbox 1580 1459 1640 1506; x_wconf 90' lang='lat' dir='ltr'><strong><em>ut</em></strong></span> <span class='ocrx_word' id='word_1_73' title='bbox 1670 1468 1780 1507; x_wconf 92' lang='lat' dir='ltr'><strong><em>uno</em></strong></span> <span class='ocrx_word' id='word_1_74' title='bbox 1812 1454 1974 1508; x_wconf 89' lang='lat' dir='ltr'><strong><em>verbo</em></strong></span> <span class='ocrx_word' id='word_1_75' title='bbox 2006 1454 2060 1510; x_wconf 89' lang='lat' dir='ltr'><strong><em>id</em></strong></span> 
     </span>
    </p>
   </div>
   <div class='ocr_carea' id='block_1_13' title="bbox 495 1543 2060 1614">
    <p class='ocr_par' dir='ltr' id='par_1_13' title="bbox 495 1543 2060 1614">
     <span class='ocr_line' id='line_1_13' title="bbox 495 1543 2060 1614; baseline 0.003 -15"><span class='ocrx_word' id='word_1_76' title='bbox 495 1543 849 1614; x_wconf 85' lang='lat' dir='ltr'><strong><em>exprimatur,</em></strong></span> <span class='ocrx_word' id='word_1_77' title='bbox 874 1543 1133 1598; x_wconf 83' lang='lat' dir='ltr'><strong><em>undecies</em></strong></span> <span class='ocrx_word' id='word_1_78' title='bbox 1163 1562 1177 1598; x_wconf 92' lang='lat'>:</span> <span class='ocrx_word' id='word_1_79' title='bbox 1212 1557 1449 1613; x_wconf 90' lang='lat' dir='ltr'><strong><em>quorum</em></strong></span> <span class='ocrx_word' id='word_1_80' title='bbox 1477 1545 1794 1600; x_wconf 89' lang='lat' dir='ltr'><strong><em>methodum</em></strong></span> <span class='ocrx_word' id='word_1_81' title='bbox 1820 1548 2060 1603; x_wconf 88' lang='lat' dir='ltr'><strong><em>secunda</em></strong></span> 
     </span>
    </p>
   </div>
   <div class='ocr_carea' id='block_1_14' title="bbox 495 1636 2061 1707">
    <p class='ocr_par' dir='ltr' id='par_1_14' title="bbox 495 1636 2061 1707">
     <span class='ocr_line' id='line_1_14' title="bbox 495 1636 2061 1707; baseline 0.005 -17"><span class='ocrx_word' id='word_1_82' title='bbox 495 1645 646 1707; x_wconf 88' lang='lat' dir='ltr'><strong><em>parte</em></strong></span> <span class='ocrx_word' id='word_1_83' title='bbox 673 1636 944 1707; x_wconf 86' lang='lat' dir='ltr'><strong><em>pr0ponit,</em></strong></span> <span class='ocrx_word' id='word_1_84' title='bbox 980 1637 1074 1690; x_wconf 88' lang='lat' dir='ltr'><strong><em>sed</em></strong></span> <span class='ocrx_word' id='word_1_85' title='bbox 1104 1636 1338 1691; x_wconf 85' lang='lat' dir='ltr'><strong><em>obscure</em></strong></span> <span class='ocrx_word' id='word_1_86' title='bbox 1366 1651 1430 1690; x_wconf 85' lang='lat' dir='ltr'><strong><em>ac</em></strong></span> <span class='ocrx_word' id='word_1_87' title='bbox 1456 1637 1732 1707; x_wconf 79' lang='lat' dir='ltr'><strong><em>perplexe,</em></strong></span> <span class='ocrx_word' id='word_1_88' title='bbox 1760 1647 1820 1693; x_wconf 87' lang='lat' dir='ltr'><strong><em>ut</em></strong></span> <span class='ocrx_word' id='word_1_89' title='bbox 1848 1640 2061 1698; x_wconf 76' lang='lat' dir='ltr'><strong><em>diliicile</em></strong></span> 
     </span>
    </p>
   </div>
   <div class='ocr_carea' id='block_1_15' title="bbox 493 1727 2057 1801">
    <p class='ocr_par' dir='ltr' id='par_1_15' title="bbox 493 1727 2057 1801">
     <span class='ocr_line' id='line_1_15' title="bbox 493 1727 2057 1801; baseline 0.004 -18"><span class='ocrx_word' id='word_1_90' title='bbox 493 1728 565 1783; x_wconf 89' lang='lat' dir='ltr'><strong><em>sit</em></strong></span> <span class='ocrx_word' id='word_1_91' title='bbox 593 1729 721 1798; x_wconf 88' lang='lat' dir='ltr'><strong><em>quid</em></strong></span> <span class='ocrx_word' id='word_1_92' title='bbox 764 1728 864 1783; x_wconf 87' lang='lat' dir='ltr'><strong><em>sibi</em></strong></span> <span class='ocrx_word' id='word_1_93' title='bbox 896 1728 1027 1783; x_wconf 81' lang='lat' dir='ltr'><strong><em>velit</em></strong></span> <span class='ocrx_word' id='word_1_94' title='bbox 1059 1728 1295 1798; x_wconf 81' lang='lat' dir='ltr'><strong><em>assequi.</em></strong></span> <span class='ocrx_word' id='word_1_95' title='bbox 1329 1727 1486 1794; x_wconf 86' lang='lat' dir='ltr'><strong><em>Quod</em></strong></span> <span class='ocrx_word' id='word_1_96' title='bbox 1519 1736 1573 1783; x_wconf 90' lang='lat' dir='ltr'><strong><em>et</em></strong></span> <span class='ocrx_word' id='word_1_97' title='bbox 1616 1727 1860 1801; x_wconf 80' lang='lat' dir='ltr'><strong><em>Scaliger</em></strong></span> <span class='ocrx_word' id='word_1_98' title='bbox 1884 1733 1977 1788; x_wconf 89' lang='lat' dir='ltr'><strong><em>lib.</em></strong></span> <span class='ocrx_word' id='word_1_99' title='bbox 2017 1750 2057 1788; x_wconf 87' lang='grc' dir='ltr'><strong><em>ιι</em></strong></span> 
     </span>
    </p>
   </div>
   <div class='ocr_carea' id='block_1_16' title="bbox 492 1819 2058 1892">
    <p class='ocr_par' dir='ltr' id='par_1_16' title="bbox 492 1819 2058 1892">
     <span class='ocr_line' id='line_1_16' title="bbox 492 1819 2058 1892; baseline 0.004 -17"><span class='ocrx_word' id='word_1_100' title='bbox 492 1820 572 1875; x_wconf 86' lang='lat' dir='ltr'><strong><em>De</em></strong></span> <span class='ocrx_word' id='word_1_101' title='bbox 620 1820 981 1875; x_wconf 78' lang='lat' dir='ltr'><strong><em>emendatione</em></strong></span> <span class='ocrx_word' id='word_1_102' title='bbox 1028 1830 1318 1888; x_wconf 80' lang='lat' dir='ltr'><strong><em>temporum</em></strong></span> <span class='ocrx_word' id='word_1_103' title='bbox 1363 1819 1597 1887; x_wconf 83' lang='lat' dir='ltr'><strong><em>fatetur,</em></strong></span> <span class='ocrx_word' id='word_1_104' title='bbox 1637 1836 1757 1892; x_wconf 85' lang='lat' dir='ltr'><strong><em>cap.</em></strong></span> <span class='ocrx_word' id='word_1_105' title='bbox 1806 1821 1883 1879; x_wconf 91' lang='lat' dir='ltr'><strong><em>De</em></strong></span> <span class='ocrx_word' id='word_1_106' title='bbox 1917 1824 2058 1881; x_wconf 78' lang='lat' dir='ltr'><strong><em>falso</em></strong></span> 
     </span>
    </p>
   </div>
   <div class='ocr_carea' id='block_1_17' title="bbox 486 1908 2060 1981">
    <p class='ocr_par' dir='ltr' id='par_1_17' title="bbox 486 1908 2060 1981">
     <span class='ocr_line' id='line_1_17' title="bbox 486 1908 2060 1981; baseline 0.004 -17"><span class='ocrx_word' id='word_1_107' title='bbox 486 1910 648 1981; x_wconf 80' lang='lat' dir='ltr'><strong><em>cyclo</em></strong></span> <span class='ocrx_word' id='word_1_108' title='bbox 673 1908 947 1965; x_wconf 90' lang='lat' dir='ltr'><strong><em>Paschali.</em></strong></span> <span class='ocrx_word' id='word_1_109' title='bbox 981 1909 1099 1975; x_wconf 60' lang='lat' dir='ltr'><strong><em>Nos~</em></strong></span> <span class='ocrx_word' id='word_1_110' title='bbox 1124 1917 1305 1964; x_wconf 85' lang='lat' dir='ltr'><strong><em>tamen</em></strong></span> <span class='ocrx_word' id='word_1_111' title='bbox 1353 1910 1630 1980; x_wconf 84' lang='lat' dir='ltr'><strong><em>aspirante</em></strong></span> <span class='ocrx_word' id='word_1_112' title='bbox 1662 1910 1795 1978; x_wconf 92' lang='lat' dir='ltr'><strong><em>Deo,</em></strong></span> <span class='ocrx_word' id='word_1_113' title='bbox 1829 1924 1883 1969; x_wconf 92' lang='lat' dir='ltr'><strong><em>et</em></strong></span> <span class='ocrx_word' id='word_1_114' title='bbox 1911 1916 2060 1981; x_wconf 89' lang='lat' dir='ltr'><strong><em>ejus-</em></strong></span> 
     </span>
    </p>
   </div>
   <div class='ocr_carea' id='block_1_18' title="bbox 492 2000 2059 2073">
    <p class='ocr_par' dir='ltr' id='par_1_18' title="bbox 492 2000 2059 2073">
     <span class='ocr_line' id='line_1_18' title="bbox 492 2000 2059 2073; baseline 0.003 -18"><span class='ocrx_word' id='word_1_115' title='bbox 492 2001 617 2056; x_wconf 91' lang='lat' dir='ltr'><strong><em>dem</em></strong></span> <span class='ocrx_word' id='word_1_116' title='bbox 663 2001 997 2057; x_wconf 84' lang='lat' dir='ltr'><strong><em>sanctissimi</em></strong></span> <span class='ocrx_word' id='word_1_117' title='bbox 1039 2000 1296 2073; x_wconf 81' lang='lat' dir='ltr'><strong><em>martyris</em></strong></span> <span class='ocrx_word' id='word_1_118' title='bbox 1341 2001 1598 2071; x_wconf 88' lang='lat' dir='ltr'><strong><em>precibus</em></strong></span> <span class='ocrx_word' id='word_1_119' title='bbox 1654 2002 1847 2073; x_wconf 87' lang='lat' dir='ltr'><strong><em>adjuti,</em></strong></span> <span class='ocrx_word' id='word_1_120' title='bbox 1895 2006 2059 2062; x_wconf 85' lang='lat' dir='ltr'><strong><em>tricas</em></strong></span> 
     </span>
    </p>
   </div>
   <div class='ocr_carea' id='block_1_19' title="bbox 492 2091 2057 2162">
    <p class='ocr_par' dir='ltr' id='par_1_19' title="bbox 492 2091 2057 2162">
     <span class='ocr_line' id='line_1_19' title="bbox 492 2091 2057 2162; baseline 0.003 -16"><span class='ocrx_word' id='word_1_121' title='bbox 492 2091 628 2148; x_wconf 84' lang='lat' dir='ltr'><strong><em>istas</em></strong></span> <span class='ocrx_word' id='word_1_122' title='bbox 658 2107 849 2147; x_wconf 88' lang='lat' dir='ltr'><strong><em>omnes</em></strong></span> <span class='ocrx_word' id='word_1_123' title='bbox 878 2092 1231 2162; x_wconf 88' lang='lat' dir='ltr'><strong><em>pervicimus,</em></strong></span> <span class='ocrx_word' id='word_1_124' title='bbox 1273 2107 1336 2146; x_wconf 90' lang='lat' dir='ltr'><strong><em>ac</em></strong></span> <span class='ocrx_word' id='word_1_125' title='bbox 1366 2097 1533 2147; x_wconf 88' lang='lat' dir='ltr'><strong><em>totam</em></strong></span> <span class='ocrx_word' id='word_1_126' title='bbox 1564 2093 1709 2147; x_wconf 87' lang='lat' dir='ltr'><strong><em>illam</em></strong></span> <span class='ocrx_word' id='word_1_127' title='bbox 1745 2095 2057 2150; x_wconf 89' lang='lat' dir='ltr'><strong><em>methodum</em></strong></span> 
     </span>
    </p>
   </div>
   <div class='ocr_carea' id='block_1_20' title="bbox 489 2181 2060 2253">
    <p class='ocr_par' dir='ltr' id='par_1_20' title="bbox 489 2181 2060 2253">
     <span class='ocr_line' id='line_1_20' title="bbox 489 2181 2060 2253; baseline 0 -16"><span class='ocrx_word' id='word_1_128' title='bbox 489 2182 896 2253; x_wconf 85' lang='lat' dir='ltr'><strong><em>exploravimus</em></strong></span> <span class='ocrx_word' id='word_1_129' title='bbox 923 2199 938 2237; x_wconf 85' lang='lat'><strong>:</strong></span> <span class='ocrx_word' id='word_1_130' title='bbox 969 2182 1126 2250; x_wconf 89' lang='lat' dir='ltr'><strong><em>cujus</em></strong></span> <span class='ocrx_word' id='word_1_131' title='bbox 1163 2182 1254 2236; x_wconf 87' lang='lat' dir='ltr'><strong><em>hic</em></strong></span> <span class='ocrx_word' id='word_1_132' title='bbox 1287 2181 1572 2236; x_wconf 85' lang='lat' dir='ltr'><strong><em>scientiam</em></strong></span> <span class='ocrx_word' id='word_1_133' title='bbox 1622 2181 1886 2238; x_wconf 85' lang='lat' dir='ltr'><strong><em>studiosis</em></strong></span> <span class='ocrx_word' id='word_1_134' title='bbox 1928 2183 2060 2237; x_wconf 83' lang='lat' dir='ltr'><strong><em>ado-</em></strong></span> 
     </span>
    </p>
   </div>
   <div class='ocr_carea' id='block_1_21' title="bbox 486 2270 2061 2344">
    <p class='ocr_par' dir='ltr' id='par_1_21' title="bbox 486 2270 2061 2344">
     <span class='ocr_line' id='line_1_21' title="bbox 486 2270 2061 2344; baseline -0.007 -16"><span class='ocrx_word' id='word_1_135' title='bbox 486 2272 822 2328; x_wconf 86' lang='lat' dir='ltr'><strong><em>lescentibus</em></strong></span> <span class='ocrx_word' id='word_1_136' title='bbox 848 2271 1243 2342; x_wconf 88' lang='lat' dir='ltr'><strong><em>impartiemur.</em></strong></span> <span class='ocrx_word' id='word_1_137' title='bbox 1274 2270 1409 2325; x_wconf 74' lang='lat' dir='ltr'><strong><em>Nam</em></strong></span> <span class='ocrx_word' id='word_1_138' title='bbox 1438 2286 1546 2325; x_wconf 90' lang='lat' dir='ltr'><strong><em>non</em></strong></span> <span class='ocrx_word' id='word_1_139' title='bbox 1579 2272 1755 2327; x_wconf 92' lang='lat' dir='ltr'><strong><em>solum</em></strong></span> <span class='ocrx_word' id='word_1_140' title='bbox 1786 2272 1856 2328; x_wconf 89' lang='lat' dir='ltr'><strong><em>ad</em></strong></span> <span class='ocrx_word' id='word_1_141' title='bbox 1884 2275 2061 2344; x_wconf 70' lang='lat' dir='ltr'><strong><em>exp“-</em></strong></span> 
     </span>
    </p>
   </div>
   <div class='ocr_carea' id='block_1_22' title="bbox 490 2364 2061 2436">
    <p class='ocr_par' dir='ltr' id='par_1_22' title="bbox 490 2364 2061 2436">
     <span class='ocr_line' id='line_1_22' title="bbox 490 2364 2061 2436; baseline 0.001 -16"><span class='ocrx_word' id='word_1_142' title='bbox 490 2367 724 2421; x_wconf 91' lang='lat' dir='ltr'><strong><em>candum</em></strong></span> <span class='ocrx_word' id='word_1_143' title='bbox 764 2364 984 2420; x_wconf 82' lang='lat' dir='ltr'><strong><em>Maximi</em></strong></span> <span class='ocrx_word' id='word_1_144' title='bbox 1014 2371 1333 2435; x_wconf 86' lang='lat' dir='ltr'><strong><em>computum</em></strong></span> <span class='ocrx_word' id='word_1_145' title='bbox 1369 2365 1486 2419; x_wconf 66' lang='lat' dir='ltr'><strong><em>haec</em></strong></span> <span class='ocrx_word' id='word_1_146' title='bbox 1519 2380 1550 2418; x_wconf 90' lang='lat' dir='ltr'><strong><em>a</em></strong></span> <span class='ocrx_word' id='word_1_147' title='bbox 1590 2365 1750 2421; x_wconf 89' lang='lat' dir='ltr'><strong><em>nobis</em></strong></span> <span class='ocrx_word' id='word_1_148' title='bbox 1778 2381 1942 2436; x_wconf 86' lang='lat' dir='ltr'><strong><em>opera</em></strong></span> <span class='ocrx_word' id='word_1_149' title='bbox 1974 2383 2061 2421; x_wconf 90' lang='lat' dir='ltr'><strong><em>re-</em></strong></span> 
     </span>
    </p>
   </div>
   <div class='ocr_carea' id='block_1_23' title="bbox 490 2455 2060 2529">
    <p class='ocr_par' dir='ltr' id='par_1_23' title="bbox 490 2455 2060 2529">
     <span class='ocr_line' id='line_1_23' title="bbox 490 2455 2060 2529; baseline -0.001 -17"><span class='ocrx_word' id='word_1_150' title='bbox 490 2458 766 2529; x_wconf 87' lang='lat' dir='ltr'><strong><em>quiritur,</em></strong></span> <span class='ocrx_word' id='word_1_151' title='bbox 828 2456 926 2512; x_wconf 88' lang='lat' dir='ltr'><strong><em>sed</em></strong></span> <span class='ocrx_word' id='word_1_152' title='bbox 977 2463 1063 2510; x_wconf 89' lang='lat' dir='ltr'><strong><em>est</em></strong></span> <span class='ocrx_word' id='word_1_153' title='bbox 1124 2456 1287 2510; x_wconf 89' lang='lat' dir='ltr'><strong><em>etiam</em></strong></span> <span class='ocrx_word' id='word_1_154' title='bbox 1341 2455 1409 2509; x_wconf 89' lang='lat' dir='ltr'><strong><em>ad</em></strong></span> <span class='ocrx_word' id='word_1_155' title='bbox 1474 2455 2060 2526; x_wconf 88' lang='lat' dir='ltr'><strong><em>Constantinopolitani</em></strong></span> 
     </span>
    </p>
   </div>
   <div class='ocr_carea' id='block_1_24' title="bbox 488 2543 2060 2617">
    <p class='ocr_par' dir='ltr' id='par_1_24' title="bbox 488 2543 2060 2617">
     <span class='ocr_line' id='line_1_24' title="bbox 488 2543 2060 2617; baseline 0 -16"><span class='ocrx_word' id='word_1_156' title='bbox 488 2546 752 2616; x_wconf 85' lang='lat' dir='ltr'><strong><em>computi,</em></strong></span> <span class='ocrx_word' id='word_1_157' title='bbox 791 2559 952 2617; x_wconf 86' lang='lat' dir='ltr'><strong><em>quem</em></strong></span> <span class='ocrx_word' id='word_1_158' title='bbox 997 2559 1165 2614; x_wconf 83' lang='lat' dir='ltr'><strong><em>supra</em></strong></span> <span class='ocrx_word' id='word_1_159' title='bbox 1211 2543 1635 2608; x_wconf 81' lang='lat' dir='ltr'><strong><em>declaravimus,</em></strong></span> <span class='ocrx_word' id='word_1_160' title='bbox 1681 2545 2060 2602; x_wconf 89' lang='lat' dir='ltr'><strong><em>illustrandam</em></strong></span> 
     </span>
    </p>
   </div>
   <div class='ocr_carea' id='block_1_25' title="bbox 487 2630 2058 2711">
    <p class='ocr_par' dir='ltr' id='par_1_25' title="bbox 487 2630 2058 2711">
     <span class='ocr_line' id='line_1_25' title="bbox 487 2630 2058 2711; baseline -0.002 -14"><span class='ocrx_word' id='word_1_161' title='bbox 487 2640 755 2710; x_wconf 82' lang='lat' dir='ltr'><strong><em>originem</em></strong></span> <span class='ocrx_word' id='word_1_162' title='bbox 808 2630 1414 2709; x_wconf 27' lang='lat' dir='ltr'><strong><em>aptissima.&#39;Primum</em></strong></span> <span class='ocrx_word' id='word_1_163' title='bbox 1464 2640 1649 2711; x_wconf 84' lang='lat' dir='ltr'><strong><em>itaque</em></strong></span> <span class='ocrx_word' id='word_1_164' title='bbox 1701 2655 1823 2710; x_wconf 76' lang='lat' dir='ltr'><strong><em>quae</em></strong></span> <span class='ocrx_word' id='word_1_165' title='bbox 1875 2639 2058 2695; x_wconf 88' lang='lat' dir='ltr'><strong><em>diver-</em></strong></span> 
     </span>
    </p>
   </div>
   <div class='ocr_carea' id='block_1_26' title="bbox 486 2728 2059 2799">
    <p class='ocr_par' dir='ltr' id='par_1_26' title="bbox 486 2728 2059 2799">
     <span class='ocr_line' id='line_1_26' title="bbox 486 2728 2059 2799; baseline -0.002 -12"><span class='ocrx_word' id='word_1_166' title='bbox 486 2732 566 2787; x_wconf 86' lang='lat' dir='ltr'><strong><em>sis</em></strong></span> <span class='ocrx_word' id='word_1_167' title='bbox 592 2730 726 2787; x_wconf 90' lang='lat' dir='ltr'><strong><em>locis</em></strong></span> <span class='ocrx_word' id='word_1_168' title='bbox 755 2729 822 2786; x_wconf 90' lang='lat' dir='ltr'><strong><em>de</em></strong></span> <span class='ocrx_word' id='word_1_169' title='bbox 851 2730 960 2786; x_wconf 90' lang='lat' dir='ltr'><strong><em>illis</em></strong></span> <span class='ocrx_word' id='word_1_170' title='bbox 991 2728 1260 2785; x_wconf 78' lang='lat' dir='ltr'><strong><em>Maximus</em></strong></span> <span class='ocrx_word' id='word_1_171' title='bbox 1289 2731 1594 2799; x_wconf 88' lang='lat' dir='ltr'><strong><em>tradiderit,</em></strong></span> <span class='ocrx_word' id='word_1_172' title='bbox 1625 2732 1681 2786; x_wconf 91' lang='lat' dir='ltr'><strong><em>in</em></strong></span> <span class='ocrx_word' id='word_1_173' title='bbox 1711 2745 1877 2785; x_wconf 83' lang='lat' dir='ltr'><strong><em>unum</em></strong></span> <span class='ocrx_word' id='word_1_174' title='bbox 1908 2730 2059 2786; x_wconf 84' lang='lat' dir='ltr'><strong><em>colli-</em></strong></span> 
     </span>
    </p>
   </div>
   <div class='ocr_carea' id='block_1_27' title="bbox 483 2838 698 2894">
    <p class='ocr_par' dir='ltr' id='par_1_27' title="bbox 483 2838 698 2894">
     <span class='ocr_line' id='line_1_27' title="bbox 483 2838 698 2894; baseline -0.009 -16"><span class='ocrx_word' id='word_1_175' title='bbox 483 2838 698 2894; x_wconf 85' lang='lat' dir='ltr'><strong><em>gemus.</em></strong></span> 
     </span>
    </p>
   </div>
   <div class='ocr_carea' id='block_1_28' title="bbox 569 2912 2056 2985">
    <p class='ocr_par' dir='ltr' id='par_1_28' title="bbox 569 2912 2056 2985">
     <span class='ocr_line' id='line_1_28' title="bbox 569 2912 2056 2985; baseline -0.001 -17"><span class='ocrx_word' id='word_1_176' title='bbox 569 2915 881 2985; x_wconf 73' lang='grc' dir='ltr'>Ὑποτομὴν</span> <span class='ocrx_word' id='word_1_177' title='bbox 926 2913 1176 2985; x_wconf 82' lang='grc' dir='ltr'><strong><em>σελήνης,</em></strong></span> <span class='ocrx_word' id='word_1_178' title='bbox 1218 2927 1377 2983; x_wconf 85' lang='lat' dir='ltr'><strong><em>quem</em></strong></span> <span class='ocrx_word' id='word_1_179' title='bbox 1410 2931 1434 2963; x_wconf 69' lang='grc' dir='ltr'>ί</span> <span class='ocrx_word' id='word_1_180' title='bbox 1466 2913 1662 2967; x_wconf 86' lang='lat' dir='ltr'><strong><em>saltum</em></strong></span> <span class='ocrx_word' id='word_1_181' title='bbox 1706 2913 1848 2967; x_wconf 67' lang='lat' dir='ltr'><strong><em>lunas</em></strong></span> <span class='ocrx_word' id='word_1_182' title='bbox 1882 2931 1904 2965; x_wconf 68' lang='grc' dir='ltr'><strong><em>ι</em></strong></span> <span class='ocrx_word' id='word_1_183' title='bbox 1936 2912 2056 2967; x_wconf 85' lang='lat' dir='ltr'><strong><em>vul-</em></strong></span> 
     </span>
    </p>
   </div>
   <div class='ocr_carea' id='block_1_29' title="bbox 486 3001 2057 3077">
    <p class='ocr_par' dir='ltr' id='par_1_29' title="bbox 486 3001 2057 3077">
     <span class='ocr_line' id='line_1_29' title="bbox 486 3001 2057 3077; baseline -0.005 -15"><span class='ocrx_word' id='word_1_184' title='bbox 486 3021 648 3077; x_wconf 86' lang='lat' dir='ltr'><strong><em>gares</em></strong></span> <span class='ocrx_word' id='word_1_185' title='bbox 678 3004 919 3074; x_wconf 89' lang='lat' dir='ltr'><strong><em>computi</em></strong></span> <span class='ocrx_word' id='word_1_186' title='bbox 952 3004 1260 3067; x_wconf 86' lang='lat' dir='ltr'><strong><em>nominant,</em></strong></span> <span class='ocrx_word' id='word_1_187' title='bbox 1301 3003 1377 3055; x_wconf 89' lang='lat' dir='ltr'><strong><em>ait</em></strong></span> <span class='ocrx_word' id='word_1_188' title='bbox 1410 3002 1586 3072; x_wconf 85' lang='lat' dir='ltr'><strong><em>capite</em></strong></span> <span class='ocrx_word' id='word_1_189' title='bbox 1624 3001 1911 3057; x_wconf 89' lang='lat' dir='ltr'><strong><em>undecimo</em></strong></span> <span class='ocrx_word' id='word_1_190' title='bbox 1940 3004 2057 3071; x_wconf 89' lang='lat' dir='ltr'><strong><em>pri-</em></strong></span> 
     </span>
    </p>
   </div>
   <div class='ocr_carea' id='block_1_30' title="bbox 485 3092 2053 3167">
    <p class='ocr_par' dir='ltr' id='par_1_30' title="bbox 485 3092 2053 3167">
     <span class='ocr_line' id='line_1_30' title="bbox 485 3092 2053 3167; baseline -0.003 -16"><span class='ocrx_word' id='word_1_191' title='bbox 485 3112 588 3152; x_wconf 82' lang='lat' dir='ltr'><strong><em>mae</em></strong></span> <span class='ocrx_word' id='word_1_192' title='bbox 616 3096 789 3167; x_wconf 87' lang='lat' dir='ltr'><strong><em>partis</em></strong></span> <span class='ocrx_word' id='word_1_193' title='bbox 819 3095 888 3150; x_wconf 89' lang='lat' dir='ltr'><strong><em>ab</em></strong></span> <span class='ocrx_word' id='word_1_194' title='bbox 929 3094 1039 3150; x_wconf 89' lang='lat' dir='ltr'><strong><em>illis</em></strong></span> <span class='ocrx_word' id='word_1_195' title='bbox 1084 3092 1322 3149; x_wconf 78' lang='lat' dir='ltr'><strong><em>conferri</em></strong></span> <span class='ocrx_word' id='word_1_196' title='bbox 1360 3093 1413 3147; x_wconf 92' lang='lat' dir='ltr'><strong><em>in</em></strong></span> <span class='ocrx_word' id='word_1_197' title='bbox 1448 3108 1649 3147; x_wconf 88' lang='lat' dir='ltr'><strong><em>annum</em></strong></span> <span class='ocrx_word' id='word_1_198' title='bbox 1685 3093 1930 3163; x_wconf 77' lang='lat' dir='ltr'><strong><em>cyclixt,</em></strong></span> <span class='ocrx_word' id='word_1_199' title='bbox 1959 3094 2053 3163; x_wconf 88' lang='lat' dir='ltr'><strong><em>qui</em></strong></span> 
     </span>
    </p>
   </div>
   <div class='ocr_carea' id='block_1_31' title="bbox 480 3185 2121 3279">
    <p class='ocr_par' dir='ltr' id='par_1_31' title="bbox 480 3185 2121 3279">
     <span class='ocr_line' id='line_1_31' title="bbox 480 3185 2121 3279; baseline -0.004 -35"><span class='ocrx_word' id='word_1_200' title='bbox 480 3196 569 3244; x_wconf 88' lang='lat' dir='ltr'><strong><em>est</em></strong></span> <span class='ocrx_word' id='word_1_201' title='bbox 600 3205 690 3244; x_wconf 80' lang='lat' dir='ltr'><strong><em>xlv</em></strong></span> <span class='ocrx_word' id='word_1_202' title='bbox 717 3189 1030 3244; x_wconf 71' lang='lat' dir='ltr'><strong><em>Graecorum</em></strong></span> <span class='ocrx_word' id='word_1_203' title='bbox 1080 3196 1134 3242; x_wconf 89' lang='lat' dir='ltr'><strong><em>et</em></strong></span> <span class='ocrx_word' id='word_1_204' title='bbox 1158 3185 1551 3251; x_wconf 81' lang='lat' dir='ltr'><strong><em>Romanorum,</em></strong></span> <span class='ocrx_word' id='word_1_205' title='bbox 1580 3186 1740 3253; x_wconf 91' lang='lat' dir='ltr'><strong><em>cujus</em></strong></span> <span class='ocrx_word' id='word_1_206' title='bbox 1768 3185 2052 3241; x_wconf 86' lang='lat' dir='ltr'><strong><em>neomenia</em></strong></span> <span class='ocrx_word' id='word_1_207' title='bbox 2079 3222 2121 3279; x_wconf 63' lang='grc' dir='ltr'>ο</span> 
     </span>
    </p>
   </div>
   <div class='ocr_carea' id='block_1_32' title="bbox 483 3274 2052 3348">
    <p class='ocr_par' dir='ltr' id='par_1_32' title="bbox 483 3274 2052 3348">
     <span class='ocr_line' id='line_1_32' title="bbox 483 3274 2052 3348; baseline -0.003 -15"><span class='ocrx_word' id='word_1_208' title='bbox 483 3280 651 3348; x_wconf 74' lang='grc' dir='ltr'><strong><em>εωρίι</em></strong></span> <span class='ocrx_word' id='word_1_209' title='bbox 682 3277 992 3333; x_wconf 89' lang='lat' dir='ltr'><strong><em>Decembris</em></strong></span> <span class='ocrx_word' id='word_1_210' title='bbox 1030 3276 1256 3342; x_wconf 90' lang='lat' dir='ltr'><strong><em>ultimo;</em></strong></span> <span class='ocrx_word' id='word_1_211' title='bbox 1309 3289 1487 3329; x_wconf 85' lang='lat' dir='ltr'><strong><em>annus</em></strong></span> <span class='ocrx_word' id='word_1_212' title='bbox 1520 3274 1637 3345; x_wconf 88' lang='lat' dir='ltr'><strong><em>ipse</em></strong></span> <span class='ocrx_word' id='word_1_213' title='bbox 1675 3290 1807 3329; x_wconf 88' lang='lat' dir='ltr'><strong><em>vero</em></strong></span> <span class='ocrx_word' id='word_1_214' title='bbox 1848 3275 2052 3330; x_wconf 89' lang='lat' dir='ltr'><strong><em>desinit</em></strong></span> 
     </span>
    </p>
   </div>
   <div class='ocr_carea' id='block_1_33' title="bbox 483 3366 2053 3439">
    <p class='ocr_par' dir='ltr' id='par_1_33' title="bbox 483 3366 2053 3439">
     <span class='ocr_line' id='line_1_33' title="bbox 483 3366 2053 3439; baseline -0.004 -12"><span class='ocrx_word' id='word_1_215' title='bbox 483 3373 538 3427; x_wconf 86' lang='lat' dir='ltr'><strong><em>in</em></strong></span> <span class='ocrx_word' id='word_1_216' title='bbox 577 3371 890 3427; x_wconf 87' lang='lat' dir='ltr'><strong><em>Decembris</em></strong></span> <span class='ocrx_word' id='word_1_217' title='bbox 926 3384 1083 3425; x_wconf 85' lang='lat' dir='ltr'><strong><em>xvm.</em></strong></span> <span class='ocrx_word' id='word_1_218' title='bbox 1124 3366 1280 3422; x_wconf 86' lang='lat' dir='ltr'><strong><em>Unde</em></strong></span> <span class='ocrx_word' id='word_1_219' title='bbox 1313 3382 1550 3437; x_wconf 85' lang='lat' dir='ltr'><strong><em>sequens</em></strong></span> <span class='ocrx_word' id='word_1_220' title='bbox 1596 3382 1794 3432; x_wconf 84' lang='lat' dir='ltr'><strong><em>annus,</em></strong></span> <span class='ocrx_word' id='word_1_221' title='bbox 1833 3368 1926 3437; x_wconf 88' lang='lat' dir='ltr'><strong><em>qui</em></strong></span> <span class='ocrx_word' id='word_1_222' title='bbox 1959 3383 2053 3439; x_wconf 88' lang='lat' dir='ltr'><strong><em>cy-</em></strong></span> 
     </span>
    </p>
   </div>
   <div class='ocr_carea' id='block_1_34' title="bbox 481 3457 2053 3525">
    <p class='ocr_par' dir='ltr' id='par_1_34' title="bbox 481 3457 2053 3525">
     <span class='ocr_line' id='line_1_34' title="bbox 481 3457 2053 3525; baseline -0.003 -7"><span class='ocrx_word' id='word_1_223' title='bbox 481 3466 569 3518; x_wconf 86' lang='lat' dir='ltr'><strong><em>clo</em></strong></span> <span class='ocrx_word' id='word_1_224' title='bbox 595 3462 822 3519; x_wconf 70' lang='lat' dir='ltr'><strong><em>allectus</em></strong></span> <span class='ocrx_word' id='word_1_225' title='bbox 851 3467 969 3517; x_wconf 89' lang='lat' dir='ltr'><strong><em>erat</em></strong></span> <span class='ocrx_word' id='word_1_226' title='bbox 991 3461 1206 3515; x_wconf 90' lang='lat' dir='ltr'><strong><em>illorum</em></strong></span> <span class='ocrx_word' id='word_1_227' title='bbox 1226 3473 1324 3522; x_wconf 85' lang='lat' dir='ltr'><strong><em>xu,</em></strong></span> <span class='ocrx_word' id='word_1_228' title='bbox 1352 3457 1760 3513; x_wconf 85' lang='lat' dir='ltr'><strong><em>Catholicorum</em></strong></span> <span class='ocrx_word' id='word_1_229' title='bbox 1793 3473 1881 3525; x_wconf 90' lang='lat' dir='ltr'><strong><em>xv,</em></strong></span> <span class='ocrx_word' id='word_1_230' title='bbox 1909 3472 1940 3512; x_wconf 90' lang='lat' dir='ltr'><strong><em>a</em></strong></span> <span class='ocrx_word' id='word_1_231' title='bbox 1964 3458 2053 3514; x_wconf 87' lang='lat' dir='ltr'><strong><em>die</em></strong></span> 
     </span>
    </p>
   </div>
   <div class='ocr_carea' id='block_1_35' title="bbox 482 3552 2053 3621">
    <p class='ocr_par' dir='ltr' id='par_1_35' title="bbox 482 3552 2053 3621">
     <span class='ocr_line' id='line_1_35' title="bbox 482 3552 2053 3621; baseline -0.003 -9"><span class='ocrx_word' id='word_1_232' title='bbox 482 3573 576 3612; x_wconf 81' lang='lat' dir='ltr'><strong><em>xix</em></strong></span> <span class='ocrx_word' id='word_1_233' title='bbox 602 3555 914 3611; x_wconf 85' lang='lat' dir='ltr'><strong><em>Decembris</em></strong></span> <span class='ocrx_word' id='word_1_234' title='bbox 939 3554 1145 3621; x_wconf 83' lang='lat' dir='ltr'><strong><em>inibat;</em></strong></span> <span class='ocrx_word' id='word_1_235' title='bbox 1175 3553 1248 3607; x_wconf 92' lang='lat' dir='ltr'><strong><em>ita</em></strong></span> <span class='ocrx_word' id='word_1_236' title='bbox 1275 3558 1336 3607; x_wconf 90' lang='lat' dir='ltr'><strong><em>ut</em></strong></span> <span class='ocrx_word' id='word_1_237' title='bbox 1364 3552 1492 3606; x_wconf 90' lang='lat' dir='ltr'><strong><em>luna</em></strong></span> <span class='ocrx_word' id='word_1_238' title='bbox 1515 3568 1606 3608; x_wconf 85' lang='lat' dir='ltr'><strong><em>xtv</em></strong></span> <span class='ocrx_word' id='word_1_239' title='bbox 1631 3553 1851 3610; x_wconf 84' lang='lat' dir='ltr'><strong><em>caderet</em></strong></span> <span class='ocrx_word' id='word_1_240' title='bbox 1876 3554 1931 3608; x_wconf 90' lang='lat' dir='ltr'><strong><em>in</em></strong></span> <span class='ocrx_word' id='word_1_241' title='bbox 1951 3552 2053 3608; x_wconf 75' lang='lat' dir='ltr'><strong><em>Ka-</em></strong></span> 
     </span>
    </p>
   </div>
   <div class='ocr_carea' id='block_1_36' title="bbox 482 3644 2051 3718">
    <p class='ocr_par' dir='ltr' id='par_1_36' title="bbox 482 3644 2051 3718">
     <span class='ocr_line' id='line_1_36' title="bbox 482 3644 2051 3718; baseline -0.002 -14"><span class='ocrx_word' id='word_1_242' title='bbox 482 3648 674 3706; x_wconf 88' lang='lat' dir='ltr'><strong><em>lendas</em></strong></span> <span class='ocrx_word' id='word_1_243' title='bbox 721 3644 1031 3703; x_wconf 80' lang='lat' dir='ltr'><strong><em>Januarias.</em></strong></span> <span class='ocrx_word' id='word_1_244' title='bbox 1085 3645 1265 3713; x_wconf 83' lang='lat' dir='ltr'><strong><em>Quare</em></strong></span> <span class='ocrx_word' id='word_1_245' title='bbox 1321 3663 1500 3703; x_wconf 84' lang='lat' dir='ltr'><strong><em>annus</em></strong></span> <span class='ocrx_word' id='word_1_246' title='bbox 1547 3646 1687 3718; x_wconf 82' lang='lat' dir='ltr'><strong><em>cycli</em></strong></span> <span class='ocrx_word' id='word_1_247' title='bbox 1731 3646 2051 3701; x_wconf 84' lang='lat' dir='ltr'><strong><em>undecimus</em></strong></span> 
     </span>
    </p>
   </div>
   <div class='ocr_carea' id='block_1_37' title="bbox 480 3737 2051 3811">
    <p class='ocr_par' dir='ltr' id='par_1_37' title="bbox 480 3737 2051 3811">
     <span class='ocr_line' id='line_1_37' title="bbox 480 3737 2051 3811; baseline -0.003 -16"><span class='ocrx_word' id='word_1_248' title='bbox 480 3741 626 3811; x_wconf 86' lang='lat' dir='ltr'><strong><em>apud</em></strong></span> <span class='ocrx_word' id='word_1_249' title='bbox 659 3738 1086 3809; x_wconf 83' lang='lat' dir='ltr'><strong><em>undecuplantes</em></strong></span> <span class='ocrx_word' id='word_1_250' title='bbox 1118 3738 1254 3794; x_wconf 84' lang='lat' dir='ltr'><strong><em>istos</em></strong></span> <span class='ocrx_word' id='word_1_251' title='bbox 1308 3738 1415 3807; x_wconf 91' lang='lat' dir='ltr'><strong><em>(sic</em></strong></span> <span class='ocrx_word' id='word_1_252' title='bbox 1442 3738 1587 3793; x_wconf 88' lang='lat' dir='ltr'><strong><em>enim</em></strong></span> <span class='ocrx_word' id='word_1_253' title='bbox 1621 3737 1889 3807; x_wconf 85' lang='lat' dir='ltr'><strong><em>appellare</em></strong></span> <span class='ocrx_word' id='word_1_254' title='bbox 1917 3737 2051 3790; x_wconf 87' lang='lat' dir='ltr'><strong><em>mihi</em></strong></span> 
     </span>
    </p>
   </div>
   <div class='ocr_carea' id='block_1_38' title="bbox 482 3829 2051 3906">
    <p class='ocr_par' dir='ltr' id='par_1_38' title="bbox 482 3829 2051 3906">
     <span class='ocr_line' id='line_1_38' title="bbox 482 3829 2051 3906; baseline -0.001 -18"><span class='ocrx_word' id='word_1_255' title='bbox 482 3832 687 3906; x_wconf 87' lang='lat' dir='ltr'><strong><em>liceat),</em></strong></span> <span class='ocrx_word' id='word_1_256' title='bbox 731 3832 845 3888; x_wconf 86' lang='lat' dir='ltr'><strong><em>sive</em></strong></span> <span class='ocrx_word' id='word_1_257' title='bbox 885 3831 1131 3887; x_wconf 90' lang='lat' dir='ltr'><strong><em>decimus</em></strong></span> <span class='ocrx_word' id='word_1_258' title='bbox 1174 3838 1405 3901; x_wconf 90' lang='lat' dir='ltr'><strong><em>quartus</em></strong></span> <span class='ocrx_word' id='word_1_259' title='bbox 1433 3830 1884 3895; x_wconf 86' lang='lat' dir='ltr'><strong><em>orthodoxorum,</em></strong></span> <span class='ocrx_word' id='word_1_260' title='bbox 1934 3829 2051 3887; x_wconf 85' lang='lat' dir='ltr'><strong><em>die-</em></strong></span> 
     </span>
    </p>
   </div>
   <div class='ocr_carea' id='block_1_39' title="bbox 480 3920 2049 3993">
    <p class='ocr_par' dir='ltr' id='par_1_39' title="bbox 480 3920 2049 3993">
     <span class='ocr_line' id='line_1_39' title="bbox 480 3920 2049 3993; baseline -0.005 -11"><span class='ocrx_word' id='word_1_261' title='bbox 480 3927 586 3982; x_wconf 84' lang='lat' dir='ltr'><strong><em>bus</em></strong></span> <span class='ocrx_word' id='word_1_262' title='bbox 641 3925 930 3981; x_wconf 89' lang='lat' dir='ltr'><strong><em>constabat</em></strong></span> <span class='ocrx_word' id='word_1_263' title='bbox 975 3922 1239 3978; x_wconf 86' lang='lat' dir='ltr'><strong><em>trecentis</em></strong></span> <span class='ocrx_word' id='word_1_264' title='bbox 1285 3922 1681 3993; x_wconf 87' lang='lat' dir='ltr'><strong><em>quinquaginta</em></strong></span> <span class='ocrx_word' id='word_1_265' title='bbox 1728 3920 1928 3985; x_wconf 88' lang='lat' dir='ltr'><strong><em>tribus,</em></strong></span> <span class='ocrx_word' id='word_1_266' title='bbox 1986 3935 2049 3974; x_wconf 89' lang='lat' dir='ltr'><strong><em>ac</em></strong></span> 
     </span>
    </p>
   </div>
   <div class='ocr_carea' id='block_1_40' title="bbox 482 4011 2049 4086">
    <p class='ocr_par' dir='ltr' id='par_1_40' title="bbox 482 4011 2049 4086">
     <span class='ocr_line' id='line_1_40' title="bbox 482 4011 2049 4086; baseline -0.006 -12"><span class='ocrx_word' id='word_1_267' title='bbox 482 4020 590 4074; x_wconf 86' lang='lat' dir='ltr'><strong><em>diei</em></strong></span> <span class='ocrx_word' id='word_1_268' title='bbox 620 4018 787 4073; x_wconf 90' lang='lat' dir='ltr'><strong><em>unius</em></strong></span> <span class='ocrx_word' id='word_1_269' title='bbox 830 4014 1145 4086; x_wconf 87' lang='lat' dir='ltr'><strong><em>suppressio</em></strong></span> <span class='ocrx_word' id='word_1_270' title='bbox 1174 4013 1336 4070; x_wconf 83' lang='lat' dir='ltr'><strong><em>ﬁebat</em></strong></span> <span class='ocrx_word' id='word_1_271' title='bbox 1382 4013 1695 4070; x_wconf 88' lang='lat' dir='ltr'><strong><em>Decembris</em></strong></span> <span class='ocrx_word' id='word_1_272' title='bbox 1734 4027 1849 4076; x_wconf 81' lang='lat' dir='ltr'><strong><em>xix,</em></strong></span> <span class='ocrx_word' id='word_1_273' title='bbox 1880 4011 2049 4082; x_wconf 88' lang='lat' dir='ltr'><strong><em>siqui-</em></strong></span> 
     </span>
    </p>
   </div>
   <div class='ocr_carea' id='block_1_41' title="bbox 480 4102 2048 4178">
    <p class='ocr_par' dir='ltr' id='par_1_41' title="bbox 480 4102 2048 4178">
     <span class='ocr_line' id='line_1_41' title="bbox 480 4102 2048 4178; baseline -0.005 -13"><span class='ocrx_word' id='word_1_274' title='bbox 480 4102 602 4166; x_wconf 78' lang='lat' dir='ltr'><strong><em>dem</em></strong></span> <span class='ocrx_word' id='word_1_275' title='bbox 634 4109 922 4165; x_wconf 89' lang='lat' dir='ltr'><strong><em>neomenia</em></strong></span> <span class='ocrx_word' id='word_1_276' title='bbox 956 4106 1093 4178; x_wconf 83' lang='lat' dir='ltr'><strong><em>cycli</em></strong></span> <span class='ocrx_word' id='word_1_277' title='bbox 1139 4106 1358 4161; x_wconf 89' lang='lat' dir='ltr'><strong><em>illorum</em></strong></span> <span class='ocrx_word' id='word_1_278' title='bbox 1392 4120 1492 4168; x_wconf 87' lang='lat' dir='ltr'><strong><em>xu,</em></strong></span> <span class='ocrx_word' id='word_1_279' title='bbox 1534 4111 1848 4159; x_wconf 88' lang='lat' dir='ltr'><strong><em>nostrorum</em></strong></span> <span class='ocrx_word' id='word_1_280' title='bbox 1889 4118 1980 4169; x_wconf 91' lang='lat' dir='ltr'><strong><em>xv,</em></strong></span> <span class='ocrx_word' id='word_1_281' title='bbox 2016 4117 2048 4157; x_wconf 71' lang='grc' dir='ltr'><strong><em>ι</em></strong></span> 
     </span>
    </p>
   </div>
   <div class='ocr_carea' id='block_1_42' title="bbox 480 4194 2049 4265">
    <p class='ocr_par' dir='ltr' id='par_1_42' title="bbox 480 4194 2049 4265">
     <span class='ocr_line' id='line_1_42' title="bbox 480 4194 2049 4265; baseline -0.004 -10"><span class='ocrx_word' id='word_1_282' title='bbox 480 4217 555 4255; x_wconf 84' lang='lat' dir='ltr'><strong><em>xx</em></strong></span> <span class='ocrx_word' id='word_1_283' title='bbox 589 4199 922 4263; x_wconf 88' lang='lat' dir='ltr'><strong><em>Decembris,</em></strong></span> <span class='ocrx_word' id='word_1_284' title='bbox 961 4198 1052 4253; x_wconf 90' lang='lat' dir='ltr'><strong><em>cui</em></strong></span> <span class='ocrx_word' id='word_1_285' title='bbox 1088 4212 1157 4252; x_wconf 91' lang='lat' dir='ltr'><strong><em>ex</em></strong></span> <span class='ocrx_word' id='word_1_286' title='bbox 1202 4196 1695 4252; x_wconf 83' lang='lat' dir='ltr'><strong><em>Alexandrinorum</em></strong></span> <span class='ocrx_word' id='word_1_287' title='bbox 1730 4194 2049 4265; x_wconf 63' lang='lat' dir='ltr'><strong><em>praescripto</em></strong></span> 
     </span>
    </p>
   </div>
   <div class='ocr_carea' id='block_1_43' title="bbox 481 4282 2050 4351">
    <p class='ocr_par' dir='ltr' id='par_1_43' title="bbox 481 4282 2050 4351">
     <span class='ocr_line' id='line_1_43' title="bbox 481 4282 2050 4351; baseline -0.001 -11"><span class='ocrx_word' id='word_1_288' title='bbox 481 4293 599 4340; x_wconf 83' lang='lat' dir='ltr'><strong><em>erat</em></strong></span> <span class='ocrx_word' id='word_1_289' title='bbox 631 4284 809 4349; x_wconf 74' lang='lat' dir='ltr'><strong><em>afﬁxa,</em></strong></span> <span class='ocrx_word' id='word_1_290' title='bbox 843 4285 909 4339; x_wconf 92' lang='lat' dir='ltr'><strong><em>ad</em></strong></span> <span class='ocrx_word' id='word_1_291' title='bbox 940 4300 1034 4339; x_wconf 78' lang='lat' dir='ltr'><strong><em>xix</em></strong></span> <span class='ocrx_word' id='word_1_292' title='bbox 1057 4282 1526 4351; x_wconf 80' lang='lat' dir='ltr'><strong><em>transferebatur;</em></strong></span> <span class='ocrx_word' id='word_1_293' title='bbox 1555 4290 1617 4337; x_wconf 91' lang='lat' dir='ltr'><strong><em>ut</em></strong></span> <span class='ocrx_word' id='word_1_294' title='bbox 1646 4297 1789 4338; x_wconf 91' lang='lat' dir='ltr'><strong><em>unus</em></strong></span> <span class='ocrx_word' id='word_1_295' title='bbox 1821 4284 1913 4338; x_wconf 90' lang='lat' dir='ltr'><strong><em>ille</em></strong></span> <span class='ocrx_word' id='word_1_296' title='bbox 1942 4283 2050 4338; x_wconf 89' lang='lat' dir='ltr'><strong><em>dis-</em></strong></span> 
     </span>
    </p>
   </div>
   <div class='ocr_carea' id='block_1_44' title="bbox 480 4373 2048 4433">
    <p class='ocr_par' dir='ltr' id='par_1_44' title="bbox 480 4373 2048 4433">
     <span class='ocr_line' id='line_1_44' title="bbox 480 4373 2048 4433; baseline -0.004 0"><span class='ocrx_word' id='word_1_297' title='bbox 480 4378 833 4433; x_wconf 83' lang='lat' dir='ltr'><strong><em>simularetur</em></strong></span> <span class='ocrx_word' id='word_1_298' title='bbox 866 4376 1004 4432; x_wconf 85' lang='lat' dir='ltr'><strong><em>dies.</em></strong></span> <span class='ocrx_word' id='word_1_299' title='bbox 1032 4376 1111 4430; x_wconf 83' lang='lat' dir='ltr'><strong><em>Ac</em></strong></span> <span class='ocrx_word' id='word_1_300' title='bbox 1155 4383 1288 4430; x_wconf 91' lang='lat' dir='ltr'><strong><em>tunc</em></strong></span> <span class='ocrx_word' id='word_1_301' title='bbox 1332 4375 1579 4431; x_wconf 89' lang='lat' dir='ltr'><strong><em>decimus</em></strong></span> <span class='ocrx_word' id='word_1_302' title='bbox 1610 4389 1790 4431; x_wconf 82' lang='lat' dir='ltr'><strong><em>nonus</em></strong></span> <span class='ocrx_word' id='word_1_303' title='bbox 1823 4373 2048 4430; x_wconf 85' lang='lat' dir='ltr'><strong><em>Decem-</em></strong></span> 
     </span>
    </p>
   </div>
   <div class='ocr_carea' id='block_1_45' title="bbox 481 4463 2045 4533">
    <p class='ocr_par' dir='ltr' id='par_1_45' title="bbox 481 4463 2045 4533">
     <span class='ocr_line' id='line_1_45' title="bbox 481 4463 2045 4533; baseline -0.002 -9"><span class='ocrx_word' id='word_1_304' title='bbox 481 4470 596 4524; x_wconf 88' lang='lat' dir='ltr'><strong><em>bris</em></strong></span> <span class='ocrx_word' id='word_1_305' title='bbox 644 4467 920 4523; x_wconf 89' lang='lat' dir='ltr'><strong><em>numerari</em></strong></span> <span class='ocrx_word' id='word_1_306' title='bbox 976 4467 1063 4522; x_wconf 86' lang='lat' dir='ltr'><strong><em>bis</em></strong></span> <span class='ocrx_word' id='word_1_307' title='bbox 1118 4466 1349 4533; x_wconf 88' lang='lat' dir='ltr'><strong><em>solebat,</em></strong></span> <span class='ocrx_word' id='word_1_308' title='bbox 1401 4473 1462 4518; x_wconf 91' lang='lat' dir='ltr'><strong><em>ut</em></strong></span> <span class='ocrx_word' id='word_1_309' title='bbox 1507 4471 1621 4518; x_wconf 85' lang='lat' dir='ltr'><strong><em>tam</em></strong></span> <span class='ocrx_word' id='word_1_310' title='bbox 1670 4463 2045 4521; x_wconf 86' lang='lat' dir='ltr'><strong><em>antecedentis</em></strong></span> 
     </span>
    </p>
   </div>
   <div class='ocr_carea' id='block_1_46' title="bbox 1444 424 2722 485">
    <p class='ocr_par' dir='ltr' id='par_1_46' title="bbox 1444 424 2722 485">
     <span class='ocr_line' id='line_1_46' title="bbox 1444 424 2722 485; baseline 0.005 -7"><span class='ocrx_word' id='word_1_311' title='bbox 1444 424 1902 482; x_wconf 74' lang='lat' dir='ltr'><strong><em>DlSSERTATlO</em></strong></span> <span class='ocrx_word' id='word_1_312' title='bbox 1942 428 2028 481; x_wconf 87' lang='lat' dir='ltr'><strong><em>DE</em></strong></span> <span class='ocrx_word' id='word_1_313' title='bbox 2068 428 2477 484; x_wconf 59' lang='lat' dir='ltr'><strong><em>GRA&#39;JCORUM</em></strong></span> <span class='ocrx_word' id='word_1_314' title='bbox 2517 429 2722 485; x_wconf 63' lang='lat' dir='ltr'><strong><em>ASRlS.</em></strong></span> 
     </span>
    </p>
   </div>
   <div class='ocr_carea' id='block_1_47' title="bbox 3590 436 3729 490">
    <p class='ocr_par' dir='ltr' id='par_1_47' title="bbox 3590 436 3729 490">
     <span class='ocr_line' id='line_1_47' title="bbox 3590 436 3729 490; baseline 0.014 -2"><span class='ocrx_word' id='word_1_315' title='bbox 3590 439 3615 488; x_wconf 70' lang='lat' dir='ltr'><strong><em>i</em></strong></span> <span class='ocrx_word' id='word_1_316' title='bbox 3625 436 3729 490; x_wconf 72' lang='grc'><strong><em>454</em></strong></span> 
     </span>
    </p>
   </div>
   <div class='ocr_carea' id='block_1_48' title="bbox 2090 541 3729 613">
    <p class='ocr_par' dir='ltr' id='par_1_48' title="bbox 2090 541 3729 613">
     <span class='ocr_line' id='line_1_48' title="bbox 2090 541 3729 613; baseline 0.006 -18"><span class='ocrx_word' id='word_1_317' title='bbox 2090 546 2134 602; x_wconf 74' lang='grc' dir='ltr'><strong>Α</strong></span> <span class='ocrx_word' id='word_1_318' title='bbox 2162 550 2452 612; x_wconf 86' lang='lat' dir='ltr'><strong><em>quartum,</em></strong></span> <span class='ocrx_word' id='word_1_319' title='bbox 2498 541 2697 597; x_wconf 88' lang='lat' dir='ltr'><strong><em>horum</em></strong></span> <span class='ocrx_word' id='word_1_320' title='bbox 2749 557 2880 598; x_wconf 87' lang='lat' dir='ltr'><strong><em>vero</em></strong></span> <span class='ocrx_word' id='word_1_321' title='bbox 2914 542 3149 613; x_wconf 87' lang='lat' dir='ltr'><strong><em>primum</em></strong></span> <span class='ocrx_word' id='word_1_322' title='bbox 3195 545 3410 602; x_wconf 76' lang='lat' dir='ltr'><strong><em>illorum</em></strong></span> <span class='ocrx_word' id='word_1_323' title='bbox 3459 548 3729 605; x_wconf 89' lang='lat' dir='ltr'><strong><em>decimum</em></strong></span> 
     </span>
    </p>
   </div>
   <div class='ocr_carea' id='block_1_49' title="bbox 2162 635 3730 707">
    <p class='ocr_par' dir='ltr' id='par_1_49' title="bbox 2162 635 3730 707">
     <span class='ocr_line' id='line_1_49' title="bbox 2162 635 3730 707; baseline 0.005 -17"><span class='ocrx_word' id='word_1_324' title='bbox 2162 635 2474 706; x_wconf 87' lang='lat' dir='ltr'><strong><em>septimum.</em></strong></span> <span class='ocrx_word' id='word_1_325' title='bbox 2507 636 2577 688; x_wconf 87' lang='lat' dir='ltr'><strong><em>At</em></strong></span> <span class='ocrx_word' id='word_1_326' title='bbox 2607 635 2806 691; x_wconf 91' lang='lat' dir='ltr'><strong><em>solaris</em></strong></span> <span class='ocrx_word' id='word_1_327' title='bbox 2835 636 3024 707; x_wconf 84' lang='lat' dir='ltr'><strong><em>cyclus</em></strong></span> <span class='ocrx_word' id='word_1_328' title='bbox 3058 637 3130 692; x_wconf 89' lang='lat' dir='ltr'><strong><em>ita</em></strong></span> <span class='ocrx_word' id='word_1_329' title='bbox 3166 652 3225 693; x_wconf 89' lang='lat' dir='ltr'><strong><em>se</em></strong></span> <span class='ocrx_word' id='word_1_330' title='bbox 3254 639 3438 705; x_wconf 89' lang='lat' dir='ltr'><strong><em>habet,</em></strong></span> <span class='ocrx_word' id='word_1_331' title='bbox 3470 647 3528 695; x_wconf 86' lang='lat' dir='ltr'><strong><em>ut</em></strong></span> <span class='ocrx_word' id='word_1_332' title='bbox 3556 642 3730 698; x_wconf 88' lang='lat' dir='ltr'><strong><em>unde-</em></strong></span> 
     </span>
    </p>
   </div>
   <div class='ocr_carea' id='block_1_50' title="bbox 2160 724 3731 799">
    <p class='ocr_par' dir='ltr' id='par_1_50' title="bbox 2160 724 3731 799">
     <span class='ocr_line' id='line_1_50' title="bbox 2160 724 3731 799; baseline 0.003 -18"><span class='ocrx_word' id='word_1_333' title='bbox 2160 726 2496 796; x_wconf 90' lang='lat' dir='ltr'><strong><em>cuplantium</em></strong></span> <span class='ocrx_word' id='word_1_334' title='bbox 2538 727 2749 796; x_wconf 87' lang='lat' dir='ltr'><strong><em>primus</em></strong></span> <span class='ocrx_word' id='word_1_335' title='bbox 2791 725 2862 781; x_wconf 86' lang='lat' dir='ltr'><strong><em>sit</em></strong></span> <span class='ocrx_word' id='word_1_336' title='bbox 2898 724 3234 794; x_wconf 67' lang='lat' dir='ltr'><strong><em>Graecorum,</em></strong></span> <span class='ocrx_word' id='word_1_337' title='bbox 3270 729 3365 799; x_wconf 86' lang='lat' dir='ltr'><strong><em>qui</em></strong></span> <span class='ocrx_word' id='word_1_338' title='bbox 3410 730 3731 786; x_wconf 82' lang='lat' dir='ltr'><strong><em>Alexandri-</em></strong></span> 
     </span>
    </p>
   </div>
   <div class='ocr_carea' id='block_1_51' title="bbox 2158 822 3731 900">
    <p class='ocr_par' dir='ltr' id='par_1_51' title="bbox 2158 822 3731 900">
     <span class='ocr_line' id='line_1_51' title="bbox 2158 822 3731 900; baseline 0.006 -24"><span class='ocrx_word' id='word_1_339' title='bbox 2158 837 2290 876; x_wconf 90' lang='lat' dir='ltr'><strong><em>num</em></strong></span> <span class='ocrx_word' id='word_1_340' title='bbox 2341 830 2659 891; x_wconf 85' lang='lat' dir='ltr'><strong><em>computum</em></strong></span> <span class='ocrx_word' id='word_1_341' title='bbox 2700 837 2871 876; x_wconf 90' lang='lat' dir='ltr'><strong><em>unum</em></strong></span> <span class='ocrx_word' id='word_1_342' title='bbox 2912 822 2980 878; x_wconf 89' lang='lat' dir='ltr'><strong><em>de</em></strong></span> <span class='ocrx_word' id='word_1_343' title='bbox 3019 824 3235 880; x_wconf 87' lang='lat' dir='ltr'><strong><em>duobus</em></strong></span> <span class='ocrx_word' id='word_1_344' title='bbox 3265 825 3546 893; x_wconf 86' lang='lat' dir='ltr'><strong><em>adhibent,</em></strong></span> <span class='ocrx_word' id='word_1_345' title='bbox 3589 844 3731 900; x_wconf 88' lang='lat' dir='ltr'><strong><em>quos</em></strong></span> 
     </span>
    </p>
   </div>
   <div class='ocr_carea' id='block_1_52' title="bbox 2161 911 3730 989">
    <p class='ocr_par' dir='ltr' id='par_1_52' title="bbox 2161 911 3730 989">
     <span class='ocr_line' id='line_1_52' title="bbox 2161 911 3730 989; baseline 0.006 -24"><span class='ocrx_word' id='word_1_346' title='bbox 2161 911 2415 983; x_wconf 87' lang='lat' dir='ltr'><strong><em>superius</em></strong></span> <span class='ocrx_word' id='word_1_347' title='bbox 2436 911 2683 981; x_wconf 80' lang='lat' dir='ltr'><strong><em>exposui,</em></strong></span> <span class='ocrx_word' id='word_1_348' title='bbox 2713 911 2959 967; x_wconf 88' lang='lat' dir='ltr'><strong><em>decimus</em></strong></span> <span class='ocrx_word' id='word_1_349' title='bbox 2983 914 3196 970; x_wconf 89' lang='lat' dir='ltr'><strong><em>tertius.</em></strong></span> <span class='ocrx_word' id='word_1_350' title='bbox 3222 913 3367 981; x_wconf 83' lang='lat' dir='ltr'><strong><em>Ideo,</em></strong></span> <span class='ocrx_word' id='word_1_351' title='bbox 3396 931 3519 972; x_wconf 82' lang='lat' dir='ltr'><strong><em>cum</em></strong></span> <span class='ocrx_word' id='word_1_352' title='bbox 3542 918 3730 989; x_wconf 83' lang='lat' dir='ltr'><strong><em>cyclus</em></strong></span> 
     </span>
    </p>
   </div>
   <div class='ocr_carea' id='block_1_53' title="bbox 2159 1002 3729 1077">
    <p class='ocr_par' dir='ltr' id='par_1_53' title="bbox 2159 1002 3729 1077">
     <span class='ocr_line' id='line_1_53' title="bbox 2159 1002 3729 1077; baseline 0.003 -19"><span class='ocrx_word' id='word_1_353' title='bbox 2159 1002 2475 1058; x_wconf 71' lang='lat' dir='ltr'><strong><em>Graecorum</em></strong></span> <span class='ocrx_word' id='word_1_354' title='bbox 2508 1002 2912 1058; x_wconf 82' lang='lat' dir='ltr'><strong><em>Alexandrinus</em></strong></span> <span class='ocrx_word' id='word_1_355' title='bbox 2950 1005 3159 1073; x_wconf 89' lang='lat' dir='ltr'><strong><em>primus</em></strong></span> <span class='ocrx_word' id='word_1_356' title='bbox 3202 1008 3534 1077; x_wconf 86' lang='lat' dir='ltr'><strong><em>respondeat</em></strong></span> <span class='ocrx_word' id='word_1_357' title='bbox 3572 1019 3729 1065; x_wconf 87' lang='lat' dir='ltr'><strong><em>sexto</em></strong></span> 
     </span>
    </p>
   </div>
   <div class='ocr_carea' id='block_1_54' title="bbox 2160 1092 3730 1165">
    <p class='ocr_par' dir='ltr' id='par_1_54' title="bbox 2160 1092 3730 1165">
     <span class='ocr_line' id='line_1_54' title="bbox 2160 1092 3730 1165; baseline 0.002 -16"><span class='ocrx_word' id='word_1_358' title='bbox 2160 1094 2314 1165; x_wconf 89' lang='lat' dir='ltr'><strong><em>cyclo</em></strong></span> <span class='ocrx_word' id='word_1_359' title='bbox 2341 1092 2612 1158; x_wconf 84' lang='lat' dir='ltr'><strong><em>Romano,</em></strong></span> <span class='ocrx_word' id='word_1_360' title='bbox 2648 1103 2708 1148; x_wconf 94' lang='lat' dir='ltr'><strong><em>ut</em></strong></span> <span class='ocrx_word' id='word_1_361' title='bbox 2738 1108 2859 1163; x_wconf 88' lang='lat' dir='ltr'><strong><em>cap.</em></strong></span> <span class='ocrx_word' id='word_1_362' title='bbox 2895 1092 2939 1146; x_wconf 86' lang='lat' dir='ltr'><strong>V</strong></span> <span class='ocrx_word' id='word_1_363' title='bbox 2975 1094 3138 1165; x_wconf 88' lang='lat' dir='ltr'><strong><em>hujus</em></strong></span> <span class='ocrx_word' id='word_1_364' title='bbox 3168 1095 3294 1152; x_wconf 89' lang='lat' dir='ltr'><strong><em>libri</em></strong></span> <span class='ocrx_word' id='word_1_365' title='bbox 3332 1096 3730 1154; x_wconf 88' lang='lat' dir='ltr'><strong><em>demonstravi-</em></strong></span> 
     </span>
    </p>
   </div>
   <div class='ocr_carea' id='block_1_55' title="bbox 2160 1184 3728 1255">
    <p class='ocr_par' dir='ltr' id='par_1_55' title="bbox 2160 1184 3728 1255">
     <span class='ocr_line' id='line_1_55' title="bbox 2160 1184 3728 1255; baseline 0.003 -16"><span class='ocrx_word' id='word_1_366' title='bbox 2160 1199 2316 1251; x_wconf 88' lang='lat' dir='ltr'><strong><em>mus,</em></strong></span> <span class='ocrx_word' id='word_1_367' title='bbox 2358 1184 2567 1254; x_wconf 91' lang='lat' dir='ltr'><strong><em>primus</em></strong></span> <span class='ocrx_word' id='word_1_368' title='bbox 2608 1184 3091 1255; x_wconf 87' lang='lat' dir='ltr'><strong><em>undecuplantium</em></strong></span> <span class='ocrx_word' id='word_1_369' title='bbox 3134 1187 3238 1242; x_wconf 91' lang='lat' dir='ltr'><strong><em>erit</em></strong></span> <span class='ocrx_word' id='word_1_370' title='bbox 3275 1186 3552 1245; x_wconf 81' lang='lat' dir='ltr'><strong><em>Romanus</em></strong></span> <span class='ocrx_word' id='word_1_371' title='bbox 3579 1189 3728 1246; x_wconf 85' lang='lat' dir='ltr'><strong><em>deci-</em></strong></span> 
     </span>
    </p>
   </div>
   <div class='ocr_carea' id='block_1_56' title="bbox 2160 1284 2556 1331">
    <p class='ocr_par' dir='ltr' id='par_1_56' title="bbox 2160 1284 2556 1331">
     <span class='ocr_line' id='line_1_56' title="bbox 2160 1284 2556 1331; baseline 0 -1"><span class='ocrx_word' id='word_1_372' title='bbox 2160 1291 2283 1331; x_wconf 90' lang='lat' dir='ltr'><strong><em>mus</em></strong></span> <span class='ocrx_word' id='word_1_373' title='bbox 2309 1284 2556 1331; x_wconf 72' lang='lat' dir='ltr'><strong><em>OCl3VUS.</em></strong></span> 
     </span>
    </p>
   </div>
   <div class='ocr_carea' id='block_1_57' title="bbox 2228 1365 3729 1440">
    <p class='ocr_par' dir='ltr' id='par_1_57' title="bbox 2228 1365 3729 1440">
     <span class='ocr_line' id='line_1_57' title="bbox 2228 1365 3729 1440; baseline 0.005 -21"><span class='ocrx_word' id='word_1_374' title='bbox 2228 1365 2403 1435; x_wconf 89' lang='lat' dir='ltr'><strong><em>Caput</em></strong></span> <span class='ocrx_word' id='word_1_375' title='bbox 2432 1367 2648 1421; x_wconf 91' lang='lat' dir='ltr'><strong><em>illorum</em></strong></span> <span class='ocrx_word' id='word_1_376' title='bbox 2674 1367 2935 1430; x_wconf 90' lang='lat' dir='ltr'><strong><em>methodi,</em></strong></span> <span class='ocrx_word' id='word_1_377' title='bbox 2967 1381 3031 1422; x_wconf 87' lang='lat' dir='ltr'><strong><em>ac</em></strong></span> <span class='ocrx_word' id='word_1_378' title='bbox 3058 1369 3327 1439; x_wconf 80' lang='lat' dir='ltr'><strong><em>praecipua</em></strong></span> <span class='ocrx_word' id='word_1_379' title='bbox 3355 1369 3729 1440; x_wconf 86' lang='lat' dir='ltr'><strong><em>reprehensio-</em></strong></span> 
     </span>
    </p>
   </div>
   <div class='ocr_carea' id='block_1_58' title="bbox 2160 1455 3729 1533">
    <p class='ocr_par' dir='ltr' id='par_1_58' title="bbox 2160 1455 3729 1533">
     <span class='ocr_line' id='line_1_58' title="bbox 2160 1455 3729 1533; baseline 0.005 -24"><span class='ocrx_word' id='word_1_380' title='bbox 2160 1457 2247 1511; x_wconf 92' lang='lat' dir='ltr'><strong><em>nis</em></strong></span> <span class='ocrx_word' id='word_1_381' title='bbox 2284 1472 2441 1527; x_wconf 78' lang='lat' dir='ltr'><strong><em>scges</em></strong></span> <span class='ocrx_word' id='word_1_382' title='bbox 2475 1458 2618 1528; x_wconf 89' lang='lat' dir='ltr'><strong><em>apud</em></strong></span> <span class='ocrx_word' id='word_1_383' title='bbox 2654 1455 2944 1512; x_wconf 81' lang='lat' dir='ltr'><strong><em>Maximum</em></strong></span> <span class='ocrx_word' id='word_1_384' title='bbox 2980 1459 3036 1512; x_wconf 90' lang='lat' dir='ltr'><strong><em>in</em></strong></span> <span class='ocrx_word' id='word_1_385' title='bbox 3079 1459 3342 1525; x_wconf 82' lang='lat' dir='ltr'><strong><em>terminis,</em></strong></span> <span class='ocrx_word' id='word_1_386' title='bbox 3375 1461 3490 1517; x_wconf 90' lang='lat' dir='ltr'><strong><em>sive</em></strong></span> <span class='ocrx_word' id='word_1_387' title='bbox 3517 1463 3729 1533; x_wconf 88' lang='lat' dir='ltr'><strong><em>quartis</em></strong></span> 
     </span>
    </p>
   </div>
   <div class='ocr_carea' id='block_1_59' title="bbox 2159 1547 3728 1622">
    <p class='ocr_par' dir='ltr' id='par_1_59' title="bbox 2159 1547 3728 1622">
     <span class='ocr_line' id='line_1_59' title="bbox 2159 1547 3728 1622; baseline 0.003 -19"><span class='ocrx_word' id='word_1_388' title='bbox 2159 1547 2384 1603; x_wconf 90' lang='lat' dir='ltr'><strong><em>decimis</em></strong></span> <span class='ocrx_word' id='word_1_389' title='bbox 2437 1547 2797 1606; x_wconf 86' lang='lat' dir='ltr'><strong><em>Paschalibus</em></strong></span> <span class='ocrx_word' id='word_1_390' title='bbox 2852 1550 3129 1616; x_wconf 86' lang='lat' dir='ltr'><strong><em>consistit,</em></strong></span> <span class='ocrx_word' id='word_1_391' title='bbox 3181 1552 3328 1622; x_wconf 92' lang='lat' dir='ltr'><strong><em>quod</em></strong></span> <span class='ocrx_word' id='word_1_392' title='bbox 3382 1553 3461 1607; x_wconf 90' lang='lat' dir='ltr'><strong><em>illi</em></strong></span> <span class='ocrx_word' id='word_1_393' title='bbox 3507 1554 3728 1610; x_wconf 86' lang='lat' dir='ltr'><strong><em>easdem</em></strong></span> 
     </span>
    </p>
   </div>
   <div class='ocr_carea' id='block_1_60' title="bbox 2160 1640 3730 1711">
    <p class='ocr_par' dir='ltr' id='par_1_60' title="bbox 2160 1640 3730 1711">
     <span class='ocr_line' id='line_1_60' title="bbox 2160 1640 3730 1711; baseline 0.003 -16"><span class='ocrx_word' id='word_1_394' title='bbox 2160 1640 2299 1704; x_wconf 90' lang='lat' dir='ltr'><strong><em>dies,</em></strong></span> <span class='ocrx_word' id='word_1_395' title='bbox 2339 1655 2461 1711; x_wconf 68' lang='lat' dir='ltr'><strong><em>qua:</em></strong></span> <span class='ocrx_word' id='word_1_396' title='bbox 2508 1640 2577 1696; x_wconf 87' lang='lat' dir='ltr'><strong><em>ab</em></strong></span> <span class='ocrx_word' id='word_1_397' title='bbox 2622 1642 3007 1698; x_wconf 84' lang='lat' dir='ltr'><strong><em>Alexandrinis</em></strong></span> <span class='ocrx_word' id='word_1_398' title='bbox 3043 1653 3098 1698; x_wconf 91' lang='lat' dir='ltr'><strong><em>et</em></strong></span> <span class='ocrx_word' id='word_1_399' title='bbox 3137 1644 3432 1700; x_wconf 88' lang='lat' dir='ltr'><strong><em>Catholicis</em></strong></span> <span class='ocrx_word' id='word_1_400' title='bbox 3478 1661 3730 1701; x_wconf 84' lang='lat' dir='ltr'><strong><em>numera-</em></strong></span> 
     </span>
    </p>
   </div>
   <div class='ocr_carea' id='block_1_61' title="bbox 2157 1730 3728 1807">
    <p class='ocr_par' dir='ltr' id='par_1_61' title="bbox 2157 1730 3728 1807">
     <span class='ocr_line' id='line_1_61' title="bbox 2157 1730 3728 1807; baseline 0.004 -22"><span class='ocrx_word' id='word_1_401' title='bbox 2157 1730 2359 1785; x_wconf 88' lang='lat' dir='ltr'><strong><em>bantur</em></strong></span> <span class='ocrx_word' id='word_1_402' title='bbox 2381 1732 2606 1787; x_wconf 76' lang='lat' dir='ltr'><strong><em>decimas</em></strong></span> <span class='ocrx_word' id='word_1_403' title='bbox 2630 1741 2858 1803; x_wconf 67' lang='lat' dir='ltr'><strong><em>quartae,</em></strong></span> <span class='ocrx_word' id='word_1_404' title='bbox 2889 1735 3088 1806; x_wconf 67' lang='lat' dir='ltr'><strong><em>saepius</em></strong></span> <span class='ocrx_word' id='word_1_405' title='bbox 3114 1735 3355 1791; x_wconf 89' lang='lat' dir='ltr'><strong><em>decimas</em></strong></span> <span class='ocrx_word' id='word_1_406' title='bbox 3378 1736 3617 1807; x_wconf 88' lang='lat' dir='ltr'><strong><em>quintas,</em></strong></span> <span class='ocrx_word' id='word_1_407' title='bbox 3645 1739 3728 1792; x_wconf 91' lang='lat' dir='ltr'><strong><em>vel</em></strong></span> 
     </span>
    </p>
   </div>
   <div class='ocr_carea' id='block_1_62' title="bbox 2165 1822 3729 1900">
    <p class='ocr_par' dir='ltr' id='par_1_62' title="bbox 2165 1822 3729 1900">
     <span class='ocr_line' id='line_1_62' title="bbox 2165 1822 3729 1900; baseline 0.005 -23"><span class='ocrx_word' id='word_1_408' title='bbox 2165 1829 2348 1879; x_wconf 82' lang='lat' dir='ltr'><strong><em>sextas</em></strong></span> <span class='ocrx_word' id='word_1_409' title='bbox 2393 1822 2635 1880; x_wconf 86' lang='lat' dir='ltr'><strong><em>decimas</em></strong></span> <span class='ocrx_word' id='word_1_410' title='bbox 2665 1826 2965 1896; x_wconf 86' lang='lat' dir='ltr'><strong><em>putabant:</em></strong></span> <span class='ocrx_word' id='word_1_411' title='bbox 3002 1828 3147 1900; x_wconf 88' lang='lat' dir='ltr'><strong><em>quod</em></strong></span> <span class='ocrx_word' id='word_1_412' title='bbox 3197 1837 3256 1882; x_wconf 89' lang='lat' dir='ltr'><strong><em>ut</em></strong></span> <span class='ocrx_word' id='word_1_413' title='bbox 3295 1828 3380 1883; x_wconf 85' lang='lat' dir='ltr'><strong><em>via</em></strong></span> <span class='ocrx_word' id='word_1_414' title='bbox 3421 1838 3475 1885; x_wconf 91' lang='lat' dir='ltr'><strong><em>et</em></strong></span> <span class='ocrx_word' id='word_1_415' title='bbox 3518 1830 3729 1885; x_wconf 84' lang='lat' dir='ltr'><strong><em>ratione</em></strong></span> 
     </span>
    </p>
   </div>
   <div class='ocr_carea' id='block_1_63' title="bbox 2161 1914 3728 1991">
    <p class='ocr_par' dir='ltr' id='par_1_63' title="bbox 2161 1914 3728 1991">
     <span class='ocr_line' id='line_1_63' title="bbox 2161 1914 3728 1991; baseline 0.007 -26"><span class='ocrx_word' id='word_1_416' title='bbox 2161 1914 2422 1978; x_wconf 79' lang='lat' dir='ltr'><strong><em>lacerent,</em></strong></span> <span class='ocrx_word' id='word_1_417' title='bbox 2470 1917 2808 1985; x_wconf 91' lang='lat' dir='ltr'><strong><em>propositum</em></strong></span> <span class='ocrx_word' id='word_1_418' title='bbox 2860 1919 3157 1988; x_wconf 88' lang='lat' dir='ltr'><strong><em>quemlibet</em></strong></span> <span class='ocrx_word' id='word_1_419' title='bbox 3203 1934 3407 1974; x_wconf 90' lang='lat' dir='ltr'><strong><em>annum</em></strong></span> <span class='ocrx_word' id='word_1_420' title='bbox 3457 1920 3594 1991; x_wconf 85' lang='lat' dir='ltr'><strong><em>cycli</em></strong></span> <span class='ocrx_word' id='word_1_421' title='bbox 3640 1920 3728 1976; x_wconf 83' lang='lat' dir='ltr'><strong><em>sui</em></strong></span> 
     </span>
    </p>
   </div>
   <div class='ocr_carea' id='block_1_64' title="bbox 2157 2005 3726 2083">
    <p class='ocr_par' dir='ltr' id='par_1_64' title="bbox 2157 2005 3726 2083">
     <span class='ocr_line' id='line_1_64' title="bbox 2157 2005 3726 2083; baseline 0.006 -25"><span class='ocrx_word' id='word_1_422' title='bbox 2157 2005 2395 2074; x_wconf 90' lang='lat' dir='ltr'><strong><em>primum</em></strong></span> <span class='ocrx_word' id='word_1_423' title='bbox 2427 2021 2522 2077; x_wconf 90' lang='lat' dir='ltr'><strong><em>per</em></strong></span> <span class='ocrx_word' id='word_1_424' title='bbox 2565 2008 2827 2079; x_wconf 83' lang='lat' dir='ltr'><strong><em>quinque,</em></strong></span> <span class='ocrx_word' id='word_1_425' title='bbox 2876 2009 3074 2065; x_wconf 89' lang='lat' dir='ltr'><strong><em>deinde</em></strong></span> <span class='ocrx_word' id='word_1_426' title='bbox 3110 2026 3208 2081; x_wconf 89' lang='lat' dir='ltr'><strong><em>per</em></strong></span> <span class='ocrx_word' id='word_1_427' title='bbox 3259 2026 3355 2067; x_wconf 85' lang='lat' dir='ltr'><strong><em>sex</em></strong></span> <span class='ocrx_word' id='word_1_428' title='bbox 3395 2012 3726 2083; x_wconf 86' lang='lat' dir='ltr'><strong><em>multiplica-</em></strong></span> 
     </span>
    </p>
   </div>
   <div class='ocr_carea' id='block_1_65' title="bbox 2158 2095 3728 2170">
    <p class='ocr_par' dir='ltr' id='par_1_65' title="bbox 2158 2095 3728 2170">
     <span class='ocr_line' id='line_1_65' title="bbox 2158 2095 3728 2170; baseline 0.006 -21"><span class='ocrx_word' id='word_1_429' title='bbox 2158 2095 2308 2159; x_wconf 88' lang='lat' dir='ltr'><strong><em>bant,</em></strong></span> <span class='ocrx_word' id='word_1_430' title='bbox 2348 2096 2452 2150; x_wconf 90' lang='lat' dir='ltr'><strong><em>hoc</em></strong></span> <span class='ocrx_word' id='word_1_431' title='bbox 2480 2104 2564 2152; x_wconf 88' lang='lat' dir='ltr'><strong><em>est</em></strong></span> <span class='ocrx_word' id='word_1_432' title='bbox 2598 2098 2651 2151; x_wconf 90' lang='lat' dir='ltr'><strong><em>in</em></strong></span> <span class='ocrx_word' id='word_1_433' title='bbox 2683 2106 2853 2153; x_wconf 86' lang='lat' dir='ltr'><strong><em>totum</em></strong></span> <span class='ocrx_word' id='word_1_434' title='bbox 2896 2114 2993 2170; x_wconf 90' lang='lat' dir='ltr'><strong><em>per</em></strong></span> <span class='ocrx_word' id='word_1_435' title='bbox 3026 2100 3301 2165; x_wconf 88' lang='lat' dir='ltr'><strong><em>undecim,</em></strong></span> <span class='ocrx_word' id='word_1_436' title='bbox 3335 2108 3448 2156; x_wconf 90' lang='lat' dir='ltr'><strong><em>tum</em></strong></span> <span class='ocrx_word' id='word_1_437' title='bbox 3479 2103 3547 2156; x_wconf 88' lang='lat' dir='ltr'><strong><em>ad</em></strong></span> <span class='ocrx_word' id='word_1_438' title='bbox 3577 2120 3728 2158; x_wconf 90' lang='lat' dir='ltr'><strong><em>sum-</em></strong></span> 
     </span>
    </p>
   </div>
   <div class='ocr_carea' id='block_1_66' title="bbox 2160 2185 3725 2262">
    <p class='ocr_par' dir='ltr' id='par_1_66' title="bbox 2160 2185 3725 2262">
     <span class='ocr_line' id='line_1_66' title="bbox 2160 2185 3725 2262; baseline 0.007 -25"><span class='ocrx_word' id='word_1_439' title='bbox 2160 2199 2301 2237; x_wconf 89' lang='lat' dir='ltr'><strong><em>mam</em></strong></span> <span class='ocrx_word' id='word_1_440' title='bbox 2336 2185 2462 2239; x_wconf 89' lang='lat' dir='ltr'><strong><em>inde</em></strong></span> <span class='ocrx_word' id='word_1_441' title='bbox 2489 2186 2778 2241; x_wconf 84' lang='lat' dir='ltr'><strong><em>conﬂatam</em></strong></span> <span class='ocrx_word' id='word_1_442' title='bbox 2809 2188 2926 2243; x_wconf 90' lang='lat' dir='ltr'><strong><em>dies</em></strong></span> <span class='ocrx_word' id='word_1_443' title='bbox 2959 2189 3319 2259; x_wconf 84' lang='lat' dir='ltr'><strong><em>adjiciebant;</em></strong></span> <span class='ocrx_word' id='word_1_444' title='bbox 3347 2192 3495 2262; x_wconf 92' lang='lat' dir='ltr'><strong><em>quia</em></strong></span> <span class='ocrx_word' id='word_1_445' title='bbox 3523 2191 3725 2248; x_wconf 81' lang='lat' dir='ltr'><strong><em>Kalen-</em></strong></span> 
     </span>
    </p>
   </div>
   <div class='ocr_carea' id='block_1_67' title="bbox 2158 2273 3727 2340">
    <p class='ocr_par' dir='ltr' id='par_1_67' title="bbox 2158 2273 3727 2340">
     <span class='ocr_line' id='line_1_67' title="bbox 2158 2273 3727 2340; baseline 0.008 -12"><span class='ocrx_word' id='word_1_446' title='bbox 2158 2275 2247 2330; x_wconf 89' lang='lat' dir='ltr'><strong><em>dis</em></strong></span> <span class='ocrx_word' id='word_1_447' title='bbox 2274 2273 2548 2334; x_wconf 74' lang='lat' dir='ltr'><strong><em>Januariis</em></strong></span> <span class='ocrx_word' id='word_1_448' title='bbox 2594 2277 2661 2332; x_wconf 90' lang='lat' dir='ltr'><strong><em>ad</em></strong></span> <span class='ocrx_word' id='word_1_449' title='bbox 2703 2279 2997 2334; x_wconf 88' lang='lat' dir='ltr'><strong><em>terminum</em></strong></span> <span class='ocrx_word' id='word_1_450' title='bbox 3040 2280 3359 2338; x_wconf 89' lang='lat' dir='ltr'><strong><em>Paschalem</em></strong></span> <span class='ocrx_word' id='word_1_451' title='bbox 3403 2284 3549 2339; x_wconf 88' lang='lat' dir='ltr'><strong><em>illius</em></strong></span> <span class='ocrx_word' id='word_1_452' title='bbox 3599 2285 3727 2340; x_wconf 84' lang='lat' dir='ltr'><strong><em>anni</em></strong></span> 
     </span>
    </p>
   </div>
   <div class='ocr_carea' id='block_1_68' title="bbox 2159 2365 3725 2439">
    <p class='ocr_par' dir='ltr' id='par_1_68' title="bbox 2159 2365 3725 2439">
     <span class='ocr_line' id='line_1_68' title="bbox 2159 2365 3725 2439; baseline 0.008 -22"><span class='ocrx_word' id='word_1_453' title='bbox 2159 2366 2608 2421; x_wconf 87' lang='lat' dir='ltr'><strong><em>numerabantur.</em></strong></span> <span class='ocrx_word' id='word_1_454' title='bbox 2638 2365 2853 2424; x_wconf 80' lang='lat' dir='ltr'><strong><em>Rursus</em></strong></span> <span class='ocrx_word' id='word_1_455' title='bbox 2884 2376 3015 2439; x_wconf 89' lang='lat' dir='ltr'><strong><em>quot</em></strong></span> <span class='ocrx_word' id='word_1_456' title='bbox 3047 2369 3085 2423; x_wconf 91' lang='lat' dir='ltr'><strong><em>ii</em></strong></span> <span class='ocrx_word' id='word_1_457' title='bbox 3116 2370 3234 2426; x_wconf 89' lang='lat' dir='ltr'><strong><em>dies</em></strong></span> <span class='ocrx_word' id='word_1_458' title='bbox 3264 2381 3423 2427; x_wconf 87' lang='lat' dir='ltr'><strong><em>erant</em></strong></span> <span class='ocrx_word' id='word_1_459' title='bbox 3463 2388 3493 2427; x_wconf 88' lang='lat' dir='ltr'><strong><em>a</em></strong></span> <span class='ocrx_word' id='word_1_460' title='bbox 3520 2372 3725 2428; x_wconf 81' lang='lat' dir='ltr'><strong><em>Kalen-</em></strong></span> 
     </span>
    </p>
   </div>
   <div class='ocr_carea' id='block_1_69' title="bbox 2159 2453 3728 2532">
    <p class='ocr_par' dir='ltr' id='par_1_69' title="bbox 2159 2453 3728 2532">
     <span class='ocr_line' id='line_1_69' title="bbox 2159 2453 3728 2532; baseline 0.006 -22"><span class='ocrx_word' id='word_1_461' title='bbox 2159 2454 2245 2511; x_wconf 92' lang='lat' dir='ltr'><strong><em>dis</em></strong></span> <span class='ocrx_word' id='word_1_462' title='bbox 2274 2453 2549 2514; x_wconf 81' lang='lat' dir='ltr'><strong><em>Januariis</em></strong></span> <span class='ocrx_word' id='word_1_463' title='bbox 2594 2459 2661 2514; x_wconf 85' lang='lat' dir='ltr'><strong><em>ad</em></strong></span> <span class='ocrx_word' id='word_1_464' title='bbox 2692 2460 3010 2525; x_wconf 87' lang='lat' dir='ltr'><strong><em>terminum,</em></strong></span> <span class='ocrx_word' id='word_1_465' title='bbox 3052 2467 3135 2516; x_wconf 84' lang='lat' dir='ltr'><strong><em>tot</em></strong></span> <span class='ocrx_word' id='word_1_466' title='bbox 3166 2464 3533 2532; x_wconf 86' lang='lat' dir='ltr'><strong><em>sexagesimas</em></strong></span> <span class='ocrx_word' id='word_1_467' title='bbox 3564 2465 3728 2520; x_wconf 88' lang='lat' dir='ltr'><strong><em>unius</em></strong></span> 
     </span>
    </p>
   </div>
   <div class='ocr_carea' id='block_1_70' title="bbox 2155 2548 3729 2626">
    <p class='ocr_par' dir='ltr' id='par_1_70' title="bbox 2155 2548 3729 2626">
     <span class='ocr_line' id='line_1_70' title="bbox 2155 2548 3729 2626; baseline 0.007 -25"><span class='ocrx_word' id='word_1_468' title='bbox 2155 2548 2267 2603; x_wconf 90' lang='lat' dir='ltr'><strong><em>diei</em></strong></span> <span class='ocrx_word' id='word_1_469' title='bbox 2301 2549 2627 2619; x_wconf 84' lang='lat' dir='ltr'><strong><em>capiebant:</em></strong></span> <span class='ocrx_word' id='word_1_470' title='bbox 2658 2552 2724 2607; x_wconf 91' lang='lat' dir='ltr'><strong><em>ad</em></strong></span> <span class='ocrx_word' id='word_1_471' title='bbox 2760 2568 2900 2622; x_wconf 89' lang='lat' dir='ltr'><strong><em>quas</em></strong></span> <span class='ocrx_word' id='word_1_472' title='bbox 2933 2555 3093 2610; x_wconf 88' lang='lat' dir='ltr'><strong><em>toties</em></strong></span> <span class='ocrx_word' id='word_1_473' title='bbox 3130 2554 3370 2626; x_wconf 89' lang='lat' dir='ltr'><strong><em>quinque</em></strong></span> <span class='ocrx_word' id='word_1_474' title='bbox 3400 2555 3533 2612; x_wconf 86' lang='lat' dir='ltr'><strong><em>alias</em></strong></span> <span class='ocrx_word' id='word_1_475' title='bbox 3570 2572 3729 2612; x_wconf 83' lang='lat' dir='ltr'><strong><em>sexa-</em></strong></span> 
     </span>
    </p>
   </div>
   <div class='ocr_carea' id='block_1_71' title="bbox 2156 2637 3726 2719">
    <p class='ocr_par' dir='ltr' id='par_1_71' title="bbox 2156 2637 3726 2719">
     <span class='ocr_line' id='line_1_71' title="bbox 2156 2637 3726 2719; baseline 0.006 -26"><span class='ocrx_word' id='word_1_476' title='bbox 2156 2637 2394 2708; x_wconf 83' lang='lat' dir='ltr'><strong><em>gesimas</em></strong></span> <span class='ocrx_word' id='word_1_477' title='bbox 2438 2639 2666 2697; x_wconf 85' lang='lat' dir='ltr'><strong><em>diurnas</em></strong></span> <span class='ocrx_word' id='word_1_478' title='bbox 2705 2642 3061 2714; x_wconf 88' lang='lat' dir='ltr'><strong><em>adjiciebant,</em></strong></span> <span class='ocrx_word' id='word_1_479' title='bbox 3112 2653 3315 2715; x_wconf 90' lang='lat' dir='ltr'><strong><em>quotus</em></strong></span> <span class='ocrx_word' id='word_1_480' title='bbox 3364 2660 3544 2702; x_wconf 88' lang='lat' dir='ltr'><strong><em>annus</em></strong></span> <span class='ocrx_word' id='word_1_481' title='bbox 3588 2649 3726 2719; x_wconf 88' lang='lat' dir='ltr'><strong><em>cycli</em></strong></span> 
     </span>
    </p>
   </div>
   <div class='ocr_carea' id='block_1_72' title="bbox 2154 2728 3728 2809">
    <p class='ocr_par' dir='ltr' id='par_1_72' title="bbox 2154 2728 3728 2809">
     <span class='ocr_line' id='line_1_72' title="bbox 2154 2728 3728 2809; baseline 0.008 -27"><span class='ocrx_word' id='word_1_482' title='bbox 2154 2728 2478 2799; x_wconf 87' lang='lat' dir='ltr'><strong><em>putabatur;</em></strong></span> <span class='ocrx_word' id='word_1_483' title='bbox 2520 2746 2791 2787; x_wconf 87' lang='lat' dir='ltr'><strong><em>summam</em></strong></span> <span class='ocrx_word' id='word_1_484' title='bbox 2837 2735 3297 2806; x_wconf 80' lang='lat' dir='ltr'><strong><em>sexagesimarum</em></strong></span> <span class='ocrx_word' id='word_1_485' title='bbox 3330 2750 3428 2807; x_wconf 85' lang='lat' dir='ltr'><strong><em>per</em></strong></span> <span class='ocrx_word' id='word_1_486' title='bbox 3457 2739 3526 2794; x_wconf 84' lang='lat'><strong>60</strong></span> <span class='ocrx_word' id='word_1_487' title='bbox 3558 2741 3728 2809; x_wconf 89' lang='lat' dir='ltr'><strong><em>parti-</em></strong></span> 
     </span>
    </p>
   </div>
   <div class='ocr_carea' id='block_1_73' title="bbox 2155 2820 3729 2900">
    <p class='ocr_par' dir='ltr' id='par_1_73' title="bbox 2155 2820 3729 2900">
     <span class='ocr_line' id='line_1_73' title="bbox 2155 2820 3729 2900; baseline 0.008 -27"><span class='ocrx_word' id='word_1_488' title='bbox 2155 2828 2265 2873; x_wconf 91' lang='lat' dir='ltr'><strong><em>tam</em></strong></span> <span class='ocrx_word' id='word_1_489' title='bbox 2307 2820 2366 2874; x_wconf 81' lang='lat' dir='ltr'><strong><em>in</em></strong></span> <span class='ocrx_word' id='word_1_490' title='bbox 2408 2820 2526 2876; x_wconf 88' lang='lat' dir='ltr'><strong><em>dies</em></strong></span> <span class='ocrx_word' id='word_1_491' title='bbox 2576 2822 2937 2894; x_wconf 89' lang='lat' dir='ltr'><strong><em>redigebant:</em></strong></span> <span class='ocrx_word' id='word_1_492' title='bbox 2970 2841 3108 2897; x_wconf 88' lang='lat' dir='ltr'><strong><em>quos</em></strong></span> <span class='ocrx_word' id='word_1_493' title='bbox 3156 2827 3225 2881; x_wconf 81' lang='lat' dir='ltr'><strong><em>ad</em></strong></span> <span class='ocrx_word' id='word_1_494' title='bbox 3266 2828 3502 2898; x_wconf 76' lang='lat' dir='ltr'><strong><em>priorem</em></strong></span> <span class='ocrx_word' id='word_1_495' title='bbox 3549 2831 3729 2900; x_wconf 77' lang='grc' dir='ltr'><strong>ὁμάδα</strong></span> 
     </span>
    </p>
   </div>
   <div class='ocr_carea' id='block_1_74' title="bbox 2154 2911 3727 2990">
    <p class='ocr_par' dir='ltr' id='par_1_74' title="bbox 2154 2911 3727 2990">
     <span class='ocr_line' id='line_1_74' title="bbox 2154 2911 3727 2990; baseline 0.007 -26"><span class='ocrx_word' id='word_1_496' title='bbox 2154 2911 2365 2966; x_wconf 89' lang='lat' dir='ltr'><strong><em>dierum</em></strong></span> <span class='ocrx_word' id='word_1_497' title='bbox 2410 2914 2793 2969; x_wconf 89' lang='lat' dir='ltr'><strong><em>accensebant.</em></strong></span> <span class='ocrx_word' id='word_1_498' title='bbox 2848 2914 2964 2970; x_wconf 86' lang='lat' dir='ltr'><strong><em>Hoc</em></strong></span> <span class='ocrx_word' id='word_1_499' title='bbox 3004 2916 3163 2973; x_wconf 88' lang='lat' dir='ltr'><strong><em>modo</em></strong></span> <span class='ocrx_word' id='word_1_500' title='bbox 3194 2917 3314 2973; x_wconf 85' lang='lat' dir='ltr'><strong><em>dies</em></strong></span> <span class='ocrx_word' id='word_1_501' title='bbox 3347 2918 3558 2984; x_wconf 88' lang='lat' dir='ltr'><strong><em>eadem,</em></strong></span> <span class='ocrx_word' id='word_1_502' title='bbox 3603 2935 3727 2990; x_wconf 67' lang='lat' dir='ltr'><strong><em>qua</em></strong></span> 
     </span>
    </p>
   </div>
   <div class='ocr_carea' id='block_1_75' title="bbox 2154 3003 3723 3084">
    <p class='ocr_par' dir='ltr' id='par_1_75' title="bbox 2154 3003 3723 3084">
     <span class='ocr_line' id='line_1_75' title="bbox 2154 3003 3723 3084; baseline 0.009 -29"><span class='ocrx_word' id='word_1_503' title='bbox 2154 3009 2346 3072; x_wconf 85' lang='lat' dir='ltr'><strong><em>quarta</em></strong></span> <span class='ocrx_word' id='word_1_504' title='bbox 2378 3003 2588 3059; x_wconf 89' lang='lat' dir='ltr'><strong><em>decima</em></strong></span> <span class='ocrx_word' id='word_1_505' title='bbox 2634 3004 2854 3061; x_wconf 73' lang='lat' dir='ltr'><strong><em>Nicaana</em></strong></span> <span class='ocrx_word' id='word_1_506' title='bbox 2894 3015 3030 3075; x_wconf 89' lang='lat' dir='ltr'><strong><em>erat,</em></strong></span> <span class='ocrx_word' id='word_1_507' title='bbox 3074 3011 3263 3080; x_wconf 84' lang='lat' dir='ltr'><strong><em>quinta</em></strong></span> <span class='ocrx_word' id='word_1_508' title='bbox 3310 3010 3521 3066; x_wconf 88' lang='lat' dir='ltr'><strong><em>decima</em></strong></span> <span class='ocrx_word' id='word_1_509' title='bbox 3557 3028 3723 3084; x_wconf 64' lang='lat' dir='ltr'><strong><em>saepe,</em></strong></span> 
     </span>
    </p>
   </div>
   <div class='ocr_carea' id='block_1_76' title="bbox 2155 3092 3725 3163">
    <p class='ocr_par' dir='ltr' id='par_1_76' title="bbox 2155 3092 3725 3163">
     <span class='ocr_line' id='line_1_76' title="bbox 2155 3092 3725 3163; baseline 0.008 -17"><span class='ocrx_word' id='word_1_510' title='bbox 2155 3092 2258 3147; x_wconf 89' lang='lat' dir='ltr'><strong><em>hoc</em></strong></span> <span class='ocrx_word' id='word_1_511' title='bbox 2286 3100 2374 3147; x_wconf 89' lang='lat' dir='ltr'><strong><em>est</em></strong></span> <span class='ocrx_word' id='word_1_512' title='bbox 2410 3094 2467 3147; x_wconf 83' lang='lat' dir='ltr'><strong><em>in</em></strong></span> <span class='ocrx_word' id='word_1_513' title='bbox 2496 3096 2657 3151; x_wconf 82' lang='lat' dir='ltr'><strong><em>annis</em></strong></span> <span class='ocrx_word' id='word_1_514' title='bbox 2684 3112 2819 3163; x_wconf 87' lang='lat' dir='ltr'><strong><em>xm;</em></strong></span> <span class='ocrx_word' id='word_1_515' title='bbox 2851 3099 3018 3154; x_wconf 90' lang='lat' dir='ltr'><strong><em>semel</em></strong></span> <span class='ocrx_word' id='word_1_516' title='bbox 3045 3107 3200 3155; x_wconf 90' lang='lat' dir='ltr'><strong><em>sexta</em></strong></span> <span class='ocrx_word' id='word_1_517' title='bbox 3229 3100 3437 3156; x_wconf 83' lang='lat' dir='ltr'><strong><em>decima</em></strong></span> <span class='ocrx_word' id='word_1_518' title='bbox 3469 3118 3725 3159; x_wconf 85' lang='lat' dir='ltr'><strong><em>numera-</em></strong></span> 
     </span>
    </p>
   </div>
   <div class='ocr_carea' id='block_1_77' title="bbox 2155 3182 3725 3263">
    <p class='ocr_par' dir='ltr' id='par_1_77' title="bbox 2155 3182 3725 3263">
     <span class='ocr_line' id='line_1_77' title="bbox 2155 3182 3725 3263; baseline 0.008 -24"><span class='ocrx_word' id='word_1_519' title='bbox 2155 3185 2334 3249; x_wconf 88' lang='lat' dir='ltr'><strong><em>batur,</em></strong></span> <span class='ocrx_word' id='word_1_520' title='bbox 2372 3186 2425 3242; x_wconf 92' lang='lat' dir='ltr'><strong><em>in</em></strong></span> <span class='ocrx_word' id='word_1_521' title='bbox 2461 3200 2605 3242; x_wconf 92' lang='lat' dir='ltr'><strong><em>anno</em></strong></span> <span class='ocrx_word' id='word_1_522' title='bbox 2633 3190 2846 3245; x_wconf 88' lang='lat' dir='ltr'><strong><em>decimo</em></strong></span> <span class='ocrx_word' id='word_1_523' title='bbox 2869 3182 3026 3246; x_wconf 78' lang='lat' dir='ltr'><strong><em>sexto</em></strong></span> <span class='ocrx_word' id='word_1_524' title='bbox 3057 3192 3229 3263; x_wconf 87' lang='lat' dir='ltr'><strong><em>cycli;</em></strong></span> <span class='ocrx_word' id='word_1_525' title='bbox 3254 3193 3309 3247; x_wconf 90' lang='lat' dir='ltr'><strong><em>in</em></strong></span> <span class='ocrx_word' id='word_1_526' title='bbox 3347 3194 3589 3263; x_wconf 65' lang='lat' dir='ltr'><strong><em>caeteris,</em></strong></span> <span class='ocrx_word' id='word_1_527' title='bbox 3620 3195 3725 3252; x_wconf 89' lang='lat' dir='ltr'><strong><em>hoc</em></strong></span> 
     </span>
    </p>
   </div>
   <div class='ocr_carea' id='block_1_78' title="bbox 2151 3278 3726 3356">
    <p class='ocr_par' dir='ltr' id='par_1_78' title="bbox 2151 3278 3726 3356">
     <span class='ocr_line' id='line_1_78' title="bbox 2151 3278 3726 3356; baseline 0.004 -23"><span class='ocrx_word' id='word_1_528' title='bbox 2151 3285 2239 3333; x_wconf 88' lang='lat' dir='ltr'><strong><em>est</em></strong></span> <span class='ocrx_word' id='word_1_529' title='bbox 2270 3278 2325 3333; x_wconf 87' lang='lat' dir='ltr'><strong><em>in</em></strong></span> <span class='ocrx_word' id='word_1_530' title='bbox 2357 3295 2396 3343; x_wconf 90' lang='grc' dir='ltr'><strong><em>ι,</em></strong></span> <span class='ocrx_word' id='word_1_531' title='bbox 2420 3295 2482 3339; x_wconf 85' lang='grc' dir='ltr'>ιι.</span> <span class='ocrx_word' id='word_1_532' title='bbox 2513 3295 2595 3343; x_wconf 86' lang='grc' dir='ltr'>ιιι,</span> <span class='ocrx_word' id='word_1_533' title='bbox 2630 3295 2702 3343; x_wconf 85' lang='lat' dir='ltr'><strong><em>tv,</em></strong></span> <span class='ocrx_word' id='word_1_534' title='bbox 2734 3289 2789 3336; x_wconf 89' lang='lat' dir='ltr'><strong><em>et</em></strong></span> <span class='ocrx_word' id='word_1_535' title='bbox 2822 3297 2976 3346; x_wconf 85' lang='lat' dir='ltr'><strong><em>xvnt,</em></strong></span> <span class='ocrx_word' id='word_1_536' title='bbox 3012 3292 3205 3354; x_wconf 83' lang='lat' dir='ltr'><strong><em>quarta</em></strong></span> <span class='ocrx_word' id='word_1_537' title='bbox 3249 3283 3460 3340; x_wconf 87' lang='lat' dir='ltr'><strong><em>decima</em></strong></span> <span class='ocrx_word' id='word_1_538' title='bbox 3495 3286 3726 3356; x_wconf 85' lang='lat' dir='ltr'><strong><em>putaba-</em></strong></span> 
     </span>
    </p>
   </div>
   <div class='ocr_carea' id='block_1_79' title="bbox 2151 3367 3725 3434">
    <p class='ocr_par' dir='ltr' id='par_1_79' title="bbox 2151 3367 3725 3434">
     <span class='ocr_line' id='line_1_79' title="bbox 2151 3367 3725 3434; baseline 0.004 -13"><span class='ocrx_word' id='word_1_539' title='bbox 2151 3376 2258 3422; x_wconf 87' lang='lat' dir='ltr'><strong><em>tur.</em></strong></span> <span class='ocrx_word' id='word_1_540' title='bbox 2293 3367 2431 3423; x_wconf 89' lang='lat' dir='ltr'><strong><em>Hinc</em></strong></span> <span class='ocrx_word' id='word_1_541' title='bbox 2460 3368 2595 3422; x_wconf 88' lang='lat' dir='ltr'><strong><em>illud</em></strong></span> <span class='ocrx_word' id='word_1_542' title='bbox 2627 3369 2933 3434; x_wconf 85' lang='lat' dir='ltr'><strong><em>eveniebat,</em></strong></span> <span class='ocrx_word' id='word_1_543' title='bbox 2978 3379 3039 3424; x_wconf 90' lang='lat' dir='ltr'><strong><em>ut</em></strong></span> <span class='ocrx_word' id='word_1_544' title='bbox 3070 3369 3280 3426; x_wconf 88' lang='lat' dir='ltr'><strong><em>Pascha</em></strong></span> <span class='ocrx_word' id='word_1_545' title='bbox 3310 3385 3379 3427; x_wconf 88' lang='lat' dir='ltr'><strong><em>ex</em></strong></span> <span class='ocrx_word' id='word_1_546' title='bbox 3412 3386 3600 3427; x_wconf 85' lang='lat' dir='ltr'><strong><em>eorum</em></strong></span> <span class='ocrx_word' id='word_1_547' title='bbox 3628 3386 3725 3427; x_wconf 80' lang='lat' dir='ltr'><strong><em>ra-</em></strong></span> 
     </span>
    </p>
   </div>
   <div class='ocr_carea' id='block_1_80' title="bbox 2150 3459 3726 3528">
    <p class='ocr_par' dir='ltr' id='par_1_80' title="bbox 2150 3459 3726 3528">
     <span class='ocr_line' id='line_1_80' title="bbox 2150 3459 3726 3528; baseline 0.004 -16"><span class='ocrx_word' id='word_1_548' title='bbox 2150 3459 2394 3514; x_wconf 89' lang='lat' dir='ltr'><strong><em>tiociniis</em></strong></span> <span class='ocrx_word' id='word_1_549' title='bbox 2429 3459 2555 3513; x_wconf 87' lang='lat' dir='ltr'><strong><em>luna</em></strong></span> <span class='ocrx_word' id='word_1_550' title='bbox 2587 3475 2702 3513; x_wconf 80' lang='lat' dir='ltr'><strong><em>xxii</em></strong></span> <span class='ocrx_word' id='word_1_551' title='bbox 2746 3460 2833 3515; x_wconf 89' lang='lat' dir='ltr'><strong><em>vel</em></strong></span> <span class='ocrx_word' id='word_1_552' title='bbox 2868 3476 2999 3514; x_wconf 80' lang='lat' dir='ltr'><strong><em>xxm</em></strong></span> <span class='ocrx_word' id='word_1_553' title='bbox 3024 3460 3424 3528; x_wconf 87' lang='lat' dir='ltr'><strong><em>celebraretur;</em></strong></span> <span class='ocrx_word' id='word_1_554' title='bbox 3461 3463 3597 3519; x_wconf 89' lang='lat' dir='ltr'><strong><em>alias</em></strong></span> <span class='ocrx_word' id='word_1_555' title='bbox 3623 3477 3726 3518; x_wconf 87' lang='lat' dir='ltr'><strong><em>au-</em></strong></span> 
     </span>
    </p>
   </div>
   <div class='ocr_carea' id='block_1_81' title="bbox 2151 3551 3725 3623">
    <p class='ocr_par' dir='ltr' id='par_1_81' title="bbox 2151 3551 3725 3623">
     <span class='ocr_line' id='line_1_81' title="bbox 2151 3551 3725 3623; baseline 0.003 -19"><span class='ocrx_word' id='word_1_556' title='bbox 2151 3558 2258 3605; x_wconf 93' lang='lat' dir='ltr'><strong><em>tem</em></strong></span> <span class='ocrx_word' id='word_1_557' title='bbox 2290 3566 2413 3606; x_wconf 93' lang='lat' dir='ltr'><strong><em>cum</em></strong></span> <span class='ocrx_word' id='word_1_558' title='bbox 2445 3551 2717 3605; x_wconf 85' lang='lat' dir='ltr'><strong><em>catholica</em></strong></span> <span class='ocrx_word' id='word_1_559' title='bbox 2760 3553 2946 3623; x_wconf 89' lang='lat' dir='ltr'><strong><em>regula</em></strong></span> <span class='ocrx_word' id='word_1_560' title='bbox 2995 3553 3334 3608; x_wconf 89' lang='lat' dir='ltr'><strong><em>conveniret.</em></strong></span> <span class='ocrx_word' id='word_1_561' title='bbox 3371 3552 3526 3619; x_wconf 85' lang='lat' dir='ltr'><strong><em>Quod</em></strong></span> <span class='ocrx_word' id='word_1_562' title='bbox 3568 3562 3725 3610; x_wconf 88' lang='lat' dir='ltr'><strong><em>ante-</em></strong></span> 
     </span>
    </p>
   </div>
   <div class='ocr_carea' id='block_1_82' title="bbox 2150 3643 3725 3715">
    <p class='ocr_par' dir='ltr' id='par_1_82' title="bbox 2150 3643 3725 3715">
     <span class='ocr_line' id='line_1_82' title="bbox 2150 3643 3725 3715; baseline 0.003 -18"><span class='ocrx_word' id='word_1_563' title='bbox 2150 3658 2312 3714; x_wconf 83' lang='lat' dir='ltr'><strong><em>quam</em></strong></span> <span class='ocrx_word' id='word_1_564' title='bbox 2364 3660 2465 3699; x_wconf 89' lang='lat' dir='ltr'><strong><em>usu</em></strong></span> <span class='ocrx_word' id='word_1_565' title='bbox 2508 3643 2625 3714; x_wconf 87' lang='lat' dir='ltr'><strong><em>ipso</em></strong></span> <span class='ocrx_word' id='word_1_566' title='bbox 2672 3645 3045 3715; x_wconf 84' lang='lat' dir='ltr'><strong><em>exemplisque</em></strong></span> <span class='ocrx_word' id='word_1_567' title='bbox 3082 3644 3418 3709; x_wconf 87' lang='lat' dir='ltr'><strong><em>declaretur,</em></strong></span> <span class='ocrx_word' id='word_1_568' title='bbox 3473 3646 3725 3702; x_wconf 87' lang='lat' dir='ltr'><strong><em>schema-</em></strong></span> 
     </span>
    </p>
   </div>
   <div class='ocr_carea' id='block_1_83' title="bbox 2150 3733 3719 3807">
    <p class='ocr_par' dir='ltr' id='par_1_83' title="bbox 2150 3733 3719 3807">
     <span class='ocr_line' id='line_1_83' title="bbox 2150 3733 3719 3807; baseline 0.003 -19"><span class='ocrx_word' id='word_1_569' title='bbox 2150 3741 2267 3788; x_wconf 88' lang='lat' dir='ltr'><strong><em>tum</em></strong></span> <span class='ocrx_word' id='word_1_570' title='bbox 2314 3733 2501 3798; x_wconf 87' lang='lat' dir='ltr'><strong><em>trium,</em></strong></span> <span class='ocrx_word' id='word_1_571' title='bbox 2546 3748 2668 3804; x_wconf 73' lang='lat' dir='ltr'><strong><em>quae</em></strong></span> <span class='ocrx_word' id='word_1_572' title='bbox 2717 3734 2776 3787; x_wconf 89' lang='lat' dir='ltr'><strong><em>in</em></strong></span> <span class='ocrx_word' id='word_1_573' title='bbox 2823 3749 2866 3789; x_wconf 84' lang='lat' dir='ltr'><strong><em>tt</em></strong></span> <span class='ocrx_word' id='word_1_574' title='bbox 2908 3743 3063 3806; x_wconf 89' lang='lat' dir='ltr'><strong><em>parte</em></strong></span> <span class='ocrx_word' id='word_1_575' title='bbox 3092 3735 3385 3807; x_wconf 81' lang='lat' dir='ltr'><strong><em>descripsit</em></strong></span> <span class='ocrx_word' id='word_1_576' title='bbox 3430 3735 3719 3801; x_wconf 83' lang='lat' dir='ltr'><strong><em>Maximus,</em></strong></span> 
     </span>
    </p>
   </div>
   <div class='ocr_carea' id='block_1_84' title="bbox 2150 3823 2762 3881">
    <p class='ocr_par' dir='ltr' id='par_1_84' title="bbox 2150 3823 2762 3881">
     <span class='ocr_line' id='line_1_84' title="bbox 2150 3823 2762 3881; baseline 0.002 -2"><span class='ocrx_word' id='word_1_577' title='bbox 2150 3824 2415 3880; x_wconf 89' lang='lat' dir='ltr'><strong><em>rationem</em></strong></span> <span class='ocrx_word' id='word_1_578' title='bbox 2449 3823 2762 3881; x_wconf 83' lang='lat' dir='ltr'><strong><em>reddemus.</em></strong></span> 
     </span>
    </p>
   </div>
   <div class='ocr_carea' id='block_1_85' title="bbox 2217 3913 3721 3989">
    <p class='ocr_par' dir='ltr' id='par_1_85' title="bbox 2217 3913 3721 3989">
     <span class='ocr_line' id='line_1_85' title="bbox 2217 3913 3721 3989; baseline 0.002 -20"><span class='ocrx_word' id='word_1_579' title='bbox 2217 3914 2277 3969; x_wconf 80' lang='lat' dir='ltr'><strong><em>In</em></strong></span> <span class='ocrx_word' id='word_1_580' title='bbox 2302 3914 2455 3985; x_wconf 85' lang='lat' dir='ltr'><strong><em>cyclo</em></strong></span> <span class='ocrx_word' id='word_1_581' title='bbox 2482 3913 2771 3980; x_wconf 82' lang='lat' dir='ltr'><strong><em>Victorini,</em></strong></span> <span class='ocrx_word' id='word_1_582' title='bbox 2793 3914 2887 3985; x_wconf 91' lang='lat' dir='ltr'><strong><em>qui</em></strong></span> <span class='ocrx_word' id='word_1_583' title='bbox 2909 3920 2995 3970; x_wconf 88' lang='lat' dir='ltr'><strong><em>est</em></strong></span> <span class='ocrx_word' id='word_1_584' title='bbox 3023 3929 3289 3970; x_wconf 88' lang='lat' dir='ltr'><strong><em>annorum</em></strong></span> <span class='ocrx_word' id='word_1_585' title='bbox 3314 3916 3419 3971; x_wconf 74' lang='lat'><strong><em>532</em></strong></span> <span class='ocrx_word' id='word_1_586' title='bbox 3443 3917 3554 3989; x_wconf 90' lang='lat' dir='ltr'><strong><em>(hic</em></strong></span> <span class='ocrx_word' id='word_1_587' title='bbox 3574 3916 3721 3973; x_wconf 89' lang='lat' dir='ltr'><strong><em>enim</em></strong></span> 
     </span>
    </p>
   </div>
   <div class='ocr_carea' id='block_1_86' title="bbox 2149 4005 3696 4079">
    <p class='ocr_par' dir='ltr' id='par_1_86' title="bbox 2149 4005 3696 4079">
     <span class='ocr_line' id='line_1_86' title="bbox 2149 4005 3696 4079; baseline 0.001 -18"><span class='ocrx_word' id='word_1_588' title='bbox 2149 4021 2389 4077; x_wconf 65' lang='lat' dir='ltr'><strong><em>praesens</em></strong></span> <span class='ocrx_word' id='word_1_589' title='bbox 2427 4005 2495 4061; x_wconf 88' lang='lat' dir='ltr'><strong><em>ad</em></strong></span> <span class='ocrx_word' id='word_1_590' title='bbox 2523 4006 2828 4061; x_wconf 88' lang='lat' dir='ltr'><strong><em>institutum</em></strong></span> <span class='ocrx_word' id='word_1_591' title='bbox 2852 4008 3197 4076; x_wconf 86' lang='lat' dir='ltr'><strong><em>assumitur),</em></strong></span> <span class='ocrx_word' id='word_1_592' title='bbox 3227 4008 3366 4079; x_wconf 86' lang='lat' dir='ltr'><strong><em>cycli</em></strong></span> <span class='ocrx_word' id='word_1_593' title='bbox 3407 4016 3536 4064; x_wconf 89' lang='lat' dir='ltr'><strong><em>sunt</em></strong></span> <span class='ocrx_word' id='word_1_594' title='bbox 3567 4009 3696 4063; x_wconf 88' lang='lat' dir='ltr'><strong><em>luna</em></strong></span> 
     </span>
    </p>
   </div>
   <div class='ocr_carea' id='block_1_87' title="bbox 2149 4096 3721 4170">
    <p class='ocr_par' dir='ltr' id='par_1_87' title="bbox 2149 4096 3721 4170">
     <span class='ocr_line' id='line_1_87' title="bbox 2149 4096 3721 4170; baseline 0.001 -18"><span class='ocrx_word' id='word_1_595' title='bbox 2149 4112 2261 4163; x_wconf 74' lang='lat' dir='ltr'><strong><em>ms,</em></strong></span> <span class='ocrx_word' id='word_1_596' title='bbox 2291 4098 2406 4153; x_wconf 87' lang='lat' dir='ltr'><strong><em>sive</em></strong></span> <span class='ocrx_word' id='word_1_597' title='bbox 2435 4096 2985 4153; x_wconf 87' lang='lat' dir='ltr'><strong><em>enneadecaeterides</em></strong></span> <span class='ocrx_word' id='word_1_598' title='bbox 3016 4106 3143 4154; x_wconf 89' lang='lat' dir='ltr'><strong><em>octo</em></strong></span> <span class='ocrx_word' id='word_1_599' title='bbox 3176 4106 3231 4153; x_wconf 89' lang='lat' dir='ltr'><strong><em>et</em></strong></span> <span class='ocrx_word' id='word_1_600' title='bbox 3267 4100 3496 4170; x_wconf 77' lang='lat' dir='ltr'><strong><em>viginti;</em></strong></span> <span class='ocrx_word' id='word_1_601' title='bbox 3528 4100 3721 4156; x_wconf 85' lang='lat' dir='ltr'><strong><em>solaris</em></strong></span> 
     </span>
    </p>
   </div>
   <div class='ocr_carea' id='block_1_88' title="bbox 2148 4188 3720 4260">
    <p class='ocr_par' dir='ltr' id='par_1_88' title="bbox 2148 4188 3720 4260">
     <span class='ocr_line' id='line_1_88' title="bbox 2148 4188 3720 4260; baseline 0.003 -18"><span class='ocrx_word' id='word_1_602' title='bbox 2148 4188 2280 4244; x_wconf 86' lang='lat' dir='ltr'><strong><em>item</em></strong></span> <span class='ocrx_word' id='word_1_603' title='bbox 2317 4190 2477 4260; x_wconf 81' lang='lat' dir='ltr'><strong><em>cycll,</em></strong></span> <span class='ocrx_word' id='word_1_604' title='bbox 2515 4190 2600 4244; x_wconf 92' lang='lat' dir='ltr'><strong><em>vel</em></strong></span> <span class='ocrx_word' id='word_1_605' title='bbox 2630 4189 3204 4260; x_wconf 79' lang='grc' dir='ltr'><strong><em>εἰκοσιοκταετηρίδες,</em></strong></span> <span class='ocrx_word' id='word_1_606' title='bbox 3235 4191 3630 4246; x_wconf 86' lang='lat' dir='ltr'><strong><em>novemdecim.</em></strong></span> <span class='ocrx_word' id='word_1_607' title='bbox 3663 4190 3720 4247; x_wconf 86' lang='lat' dir='ltr'><strong><em>In</em></strong></span> 
     </span>
    </p>
   </div>
   <div class='ocr_carea' id='block_1_89' title="bbox 2147 4279 3719 4347">
    <p class='ocr_par' dir='ltr' id='par_1_89' title="bbox 2147 4279 3719 4347">
     <span class='ocr_line' id='line_1_89' title="bbox 2147 4279 3719 4347; baseline -0.001 -12"><span class='ocrx_word' id='word_1_608' title='bbox 2147 4291 2289 4345; x_wconf 88' lang='lat' dir='ltr'><strong><em>rota,</em></strong></span> <span class='ocrx_word' id='word_1_609' title='bbox 2320 4295 2491 4345; x_wconf 70' lang='lat' dir='ltr'><strong><em>sonas,</em></strong></span> <span class='ocrx_word' id='word_1_610' title='bbox 2517 4280 2602 4334; x_wconf 91' lang='lat' dir='ltr'><strong><em>vel</em></strong></span> <span class='ocrx_word' id='word_1_611' title='bbox 2627 4280 2823 4334; x_wconf 91' lang='lat' dir='ltr'><strong><em>circuli</em></strong></span> <span class='ocrx_word' id='word_1_612' title='bbox 2855 4287 2984 4334; x_wconf 91' lang='lat' dir='ltr'><strong><em>sunt</em></strong></span> <span class='ocrx_word' id='word_1_613' title='bbox 3010 4294 3226 4334; x_wconf 89' lang='lat' dir='ltr'><strong><em>novem.</em></strong></span> <span class='ocrx_word' id='word_1_614' title='bbox 3248 4279 3485 4347; x_wconf 89' lang='lat' dir='ltr'><strong><em>Primus,</em></strong></span> <span class='ocrx_word' id='word_1_615' title='bbox 3510 4289 3565 4335; x_wconf 93' lang='lat' dir='ltr'><strong><em>et</em></strong></span> <span class='ocrx_word' id='word_1_616' title='bbox 3589 4283 3719 4335; x_wconf 88' lang='lat' dir='ltr'><strong><em>exti-</em></strong></span> 
     </span>
    </p>
   </div>
   <div class='ocr_carea' id='block_1_90' title="bbox 2149 4371 3720 4443">
    <p class='ocr_par' dir='ltr' id='par_1_90' title="bbox 2149 4371 3720 4443">
     <span class='ocr_line' id='line_1_90' title="bbox 2149 4371 3720 4443; baseline 0.001 -18"><span class='ocrx_word' id='word_1_617' title='bbox 2149 4388 2272 4428; x_wconf 89' lang='lat' dir='ltr'><strong><em>mus</em></strong></span> <span class='ocrx_word' id='word_1_618' title='bbox 2307 4374 2519 4443; x_wconf 86' lang='lat' dir='ltr'><strong><em>eyelum</em></strong></span> <span class='ocrx_word' id='word_1_619' title='bbox 2555 4372 2788 4427; x_wconf 84' lang='lat' dir='ltr'><strong><em>solarem</em></strong></span> <span class='ocrx_word' id='word_1_620' title='bbox 2831 4371 3096 4433; x_wconf 89' lang='lat' dir='ltr'><strong><em>continet,</em></strong></span> <span class='ocrx_word' id='word_1_621' title='bbox 3131 4371 3309 4440; x_wconf 89' lang='lat' dir='ltr'><strong><em>qualis</em></strong></span> <span class='ocrx_word' id='word_1_622' title='bbox 3350 4372 3642 4428; x_wconf 87' lang='lat' dir='ltr'><strong><em>adhibetur</em></strong></span> <span class='ocrx_word' id='word_1_623' title='bbox 3689 4389 3720 4426; x_wconf 89' lang='lat' dir='ltr'><strong><em>a</em></strong></span> 
     </span>
    </p>
   </div>
   <div class='ocr_carea' id='block_1_91' title="bbox 2147 4460 3719 4534">
    <p class='ocr_par' dir='ltr' id='par_1_91' title="bbox 2147 4460 3719 4534">
     <span class='ocr_line' id='line_1_91' title="bbox 2147 4460 3719 4534; baseline -0.001 -17"><span class='ocrx_word' id='word_1_624' title='bbox 2147 4462 2420 4528; x_wconf 81' lang='lat' dir='ltr'><strong><em>Maximo,</em></strong></span> <span class='ocrx_word' id='word_1_625' title='bbox 2451 4464 2544 4533; x_wconf 91' lang='lat' dir='ltr'><strong><em>qui</em></strong></span> <span class='ocrx_word' id='word_1_626' title='bbox 2586 4470 2671 4519; x_wconf 87' lang='lat' dir='ltr'><strong><em>est</em></strong></span> <span class='ocrx_word' id='word_1_627' title='bbox 2716 4462 3069 4517; x_wconf 83' lang='lat' dir='ltr'><strong><em>Alexandrini</em></strong></span> <span class='ocrx_word' id='word_1_628' title='bbox 3114 4460 3428 4517; x_wconf 56' lang='lat' dir='ltr'><strong><em>Graecorum</em></strong></span> <span class='ocrx_word' id='word_1_629' title='bbox 3475 4465 3719 4534; x_wconf 89' lang='lat' dir='ltr'><strong><em>computi</em></strong></span> 
     </span>
    </p>
   </div>
   <div class='ocr_carea' id='block_1_92' title="bbox 480 4552 3717 4630">
    <p class='ocr_par' dir='ltr' id='par_1_92' title="bbox 480 4552 3717 4630">
     <span class='ocr_line' id='line_1_92' title="bbox 480 4552 3717 4630; baseline -0.002 -15"><span class='ocrx_word' id='word_1_630' title='bbox 480 4566 788 4630; x_wconf 88' lang='lat' dir='ltr'><strong><em>postremus</em></strong></span> <span class='ocrx_word' id='word_1_631' title='bbox 820 4563 1123 4626; x_wconf 88' lang='lat' dir='ltr'><strong><em>putaretur,</em></strong></span> <span class='ocrx_word' id='word_1_632' title='bbox 1156 4569 1319 4627; x_wconf 89' lang='lat' dir='ltr'><strong><em>quam</em></strong></span> <span class='ocrx_word' id='word_1_633' title='bbox 1347 4554 1558 4625; x_wconf 89' lang='lat' dir='ltr'><strong><em>primus</em></strong></span> <span class='ocrx_word' id='word_1_634' title='bbox 1588 4555 1887 4624; x_wconf 89' lang='lat' dir='ltr'><strong><em>sequentis.</em></strong></span> <span class='ocrx_word' id='word_1_635' title='bbox 1911 4553 2045 4609; x_wconf 83' lang='lat' dir='ltr'><strong><em>Rur—</em></strong></span> <span class='ocrx_word' id='word_1_636' title='bbox 2078 4561 2122 4615; x_wconf 82' lang='lat' dir='ltr'><strong>D</strong></span> <span class='ocrx_word' id='word_1_637' title='bbox 2150 4554 2430 4624; x_wconf 88' lang='lat' dir='ltr'><strong><em>proprius;</em></strong></span> <span class='ocrx_word' id='word_1_638' title='bbox 2473 4552 2747 4608; x_wconf 86' lang='lat' dir='ltr'><strong><em>secundus</em></strong></span> <span class='ocrx_word' id='word_1_639' title='bbox 2790 4553 2937 4607; x_wconf 90' lang='lat' dir='ltr'><strong><em>orbis</em></strong></span> <span class='ocrx_word' id='word_1_640' title='bbox 2978 4560 3200 4621; x_wconf 87' lang='lat' dir='ltr'><strong><em>epactas</em></strong></span> <span class='ocrx_word' id='word_1_641' title='bbox 3233 4552 3389 4618; x_wconf 90' lang='lat' dir='ltr'><strong><em>solis,</em></strong></span> <span class='ocrx_word' id='word_1_642' title='bbox 3432 4554 3547 4610; x_wconf 87' lang='lat' dir='ltr'><strong><em>sive</em></strong></span> <span class='ocrx_word' id='word_1_643' title='bbox 3586 4569 3717 4609; x_wconf 88' lang='lat' dir='ltr'><strong><em>con-</em></strong></span> 
     </span>
    </p>
   </div>
   <div class='ocr_carea' id='block_1_93' title="bbox 479 4646 2041 4718">
    <p class='ocr_par' dir='ltr' id='par_1_93' title="bbox 479 4646 2041 4718">
     <span class='ocr_line' id='line_1_93' title="bbox 479 4646 2041 4718; baseline -0.003 -13"><span class='ocrx_word' id='word_1_644' title='bbox 479 4666 577 4706; x_wconf 89' lang='lat' dir='ltr'><strong><em>sus</em></strong></span> <span class='ocrx_word' id='word_1_645' title='bbox 609 4664 728 4718; x_wconf 87' lang='lat' dir='ltr'><strong><em>cap.</em></strong></span> <span class='ocrx_word' id='word_1_646' title='bbox 753 4646 850 4701; x_wconf 74' lang='lat' dir='ltr'><strong><em>Xll</em></strong></span> <span class='ocrx_word' id='word_1_647' title='bbox 880 4646 1047 4702; x_wconf 79' lang='lat' dir='ltr'><strong><em>refert</em></strong></span> <span class='ocrx_word' id='word_1_648' title='bbox 1076 4647 1218 4712; x_wconf 89' lang='lat' dir='ltr'><strong><em>illos,</em></strong></span> <span class='ocrx_word' id='word_1_649' title='bbox 1245 4646 1314 4701; x_wconf 91' lang='lat' dir='ltr'><strong><em>ad</em></strong></span> <span class='ocrx_word' id='word_1_650' title='bbox 1336 4646 1683 4717; x_wconf 79' lang='lat' dir='ltr'><strong><em>exenzptilem</em></strong></span> <span class='ocrx_word' id='word_1_651' title='bbox 1717 4647 1862 4701; x_wconf 90' lang='lat' dir='ltr'><strong><em>diem</em></strong></span> <span class='ocrx_word' id='word_1_652' title='bbox 1889 4662 2041 4702; x_wconf 78' lang='lat' dir='ltr'><strong><em>com-</em></strong></span> 
     </span>
    </p>
   </div>
   <div class='ocr_carea' id='block_1_94' title="bbox 482 4738 2043 4812">
    <p class='ocr_par' dir='ltr' id='par_1_94' title="bbox 482 4738 2043 4812">
     <span class='ocr_line' id='line_1_94' title="bbox 482 4738 2043 4812; baseline -0.004 -15"><span class='ocrx_word' id='word_1_653' title='bbox 482 4741 857 4812; x_wconf 89' lang='lat' dir='ltr'><strong><em>pensandum,</em></strong></span> <span class='ocrx_word' id='word_1_654' title='bbox 914 4739 1144 4809; x_wconf 84' lang='lat' dir='ltr'><strong><em>singulis</em></strong></span> <span class='ocrx_word' id='word_1_655' title='bbox 1205 4739 1366 4794; x_wconf 89' lang='lat' dir='ltr'><strong><em>annis</em></strong></span> <span class='ocrx_word' id='word_1_656' title='bbox 1429 4738 1631 4794; x_wconf 90' lang='lat' dir='ltr'><strong><em>addere</em></strong></span> <span class='ocrx_word' id='word_1_657' title='bbox 1687 4738 2043 4808; x_wconf 86' lang='lat' dir='ltr'><strong><em>sexagenaria</em></strong></span> 
     </span>
    </p>
   </div>
   <div class='ocr_carea' id='block_1_95' title="bbox 480 4828 2044 4903">
    <p class='ocr_par' dir='ltr' id='par_1_95' title="bbox 480 4828 2044 4903">
     <span class='ocr_line' id='line_1_95' title="bbox 480 4828 2044 4903; baseline -0.004 -16"><span class='ocrx_word' id='word_1_658' title='bbox 480 4832 738 4903; x_wconf 89' lang='lat' dir='ltr'><strong><em>scrupula</em></strong></span> <span class='ocrx_word' id='word_1_659' title='bbox 761 4831 1034 4901; x_wconf 88' lang='lat' dir='ltr'><strong><em>quinque;</em></strong></span> <span class='ocrx_word' id='word_1_660' title='bbox 1068 4836 1123 4884; x_wconf 87' lang='lat' dir='ltr'><strong><em>et</em></strong></span> <span class='ocrx_word' id='word_1_661' title='bbox 1162 4828 1244 4884; x_wconf 90' lang='lat' dir='ltr'><strong><em>sic</em></strong></span> <span class='ocrx_word' id='word_1_662' title='bbox 1275 4829 1436 4885; x_wconf 90' lang='lat' dir='ltr'><strong><em>annis</em></strong></span> <span class='ocrx_word' id='word_1_663' title='bbox 1467 4828 1752 4884; x_wconf 90' lang='lat' dir='ltr'><strong><em>duodecim</em></strong></span> <span class='ocrx_word' id='word_1_664' title='bbox 1778 4828 1919 4883; x_wconf 89' lang='lat' dir='ltr'><strong><em>diem</em></strong></span> <span class='ocrx_word' id='word_1_665' title='bbox 1956 4828 2044 4882; x_wconf 89' lang='lat' dir='ltr'><strong><em>in-</em></strong></span> 
     </span>
    </p>
   </div>
   <div class='ocr_carea' id='block_1_96' title="bbox 476 4920 2043 4995">
    <p class='ocr_par' dir='ltr' id='par_1_96' title="bbox 476 4920 2043 4995">
     <span class='ocr_line' id='line_1_96' title="bbox 476 4920 2043 4995; baseline -0.003 -15"><span class='ocrx_word' id='word_1_666' title='bbox 476 4933 691 4995; x_wconf 89' lang='lat' dir='ltr'><strong><em>tegrum</em></strong></span> <span class='ocrx_word' id='word_1_667' title='bbox 729 4922 930 4993; x_wconf 84' lang='lat' dir='ltr'><strong><em>colligi,</em></strong></span> <span class='ocrx_word' id='word_1_668' title='bbox 963 4937 1027 4977; x_wconf 89' lang='lat' dir='ltr'><strong><em>ac</em></strong></span> <span class='ocrx_word' id='word_1_669' title='bbox 1068 4921 1284 4976; x_wconf 88' lang='lat' dir='ltr'><strong><em>demum</em></strong></span> <span class='ocrx_word' id='word_1_670' title='bbox 1324 4937 1419 4978; x_wconf 91' lang='lat' dir='ltr'><strong><em>eos</em></strong></span> <span class='ocrx_word' id='word_1_671' title='bbox 1465 4921 1614 4992; x_wconf 90' lang='lat' dir='ltr'><strong><em>ipsos</em></strong></span> <span class='ocrx_word' id='word_1_672' title='bbox 1658 4920 1727 4976; x_wconf 90' lang='lat' dir='ltr'><strong><em>ad</em></strong></span> <span class='ocrx_word' id='word_1_673' title='bbox 1779 4936 2043 4977; x_wconf 87' lang='lat' dir='ltr'><strong><em>annorum</em></strong></span> 
     </span>
    </p>
   </div>
   <div class='ocr_carea' id='block_1_97' title="bbox 479 5014 1629 5084">
    <p class='ocr_par' dir='ltr' id='par_1_97' title="bbox 479 5014 1629 5084">
     <span class='ocr_line' id='line_1_97' title="bbox 479 5014 1629 5084; baseline -0.003 -13"><span class='ocrx_word' id='word_1_674' title='bbox 479 5016 673 5071; x_wconf 81' lang='lat' dir='ltr'><strong><em>Adami</em></strong></span> <span class='ocrx_word' id='word_1_675' title='bbox 704 5023 1020 5084; x_wconf 89' lang='lat' dir='ltr'><strong><em>computum</em></strong></span> <span class='ocrx_word' id='word_1_676' title='bbox 1048 5027 1224 5068; x_wconf 90' lang='lat' dir='ltr'><strong><em>annos</em></strong></span> <span class='ocrx_word' id='word_1_677' title='bbox 1249 5029 1338 5067; x_wconf 81' lang='lat' dir='ltr'><strong><em>xvi</em></strong></span> <span class='ocrx_word' id='word_1_678' title='bbox 1373 5014 1629 5081; x_wconf 88' lang='lat' dir='ltr'><strong><em>adjicere.</em></strong></span> 
     </span>
    </p>
   </div>
   <div class='ocr_carea' id='block_1_98' title="bbox 549 5102 2038 5173">
    <p class='ocr_par' dir='ltr' id='par_1_98' title="bbox 549 5102 2038 5173">
     <span class='ocr_line' id='line_1_98' title="bbox 549 5102 2038 5173; baseline -0.003 -14"><span class='ocrx_word' id='word_1_679' title='bbox 549 5105 608 5160; x_wconf 89' lang='lat' dir='ltr'><strong><em>In</em></strong></span> <span class='ocrx_word' id='word_1_680' title='bbox 640 5104 877 5161; x_wconf 88' lang='lat' dir='ltr'><strong><em>secunda</em></strong></span> <span class='ocrx_word' id='word_1_681' title='bbox 905 5117 1035 5158; x_wconf 84' lang='lat' dir='ltr'><strong><em>vero</em></strong></span> <span class='ocrx_word' id='word_1_682' title='bbox 1085 5109 1240 5173; x_wconf 89' lang='lat' dir='ltr'><strong><em>parte</em></strong></span> <span class='ocrx_word' id='word_1_683' title='bbox 1274 5104 1518 5172; x_wconf 83' lang='lat' dir='ltr'><strong><em>computi</em></strong></span> <span class='ocrx_word' id='word_1_684' title='bbox 1569 5103 1878 5158; x_wconf 90' lang='lat' dir='ltr'><strong><em>methodum</em></strong></span> <span class='ocrx_word' id='word_1_685' title='bbox 1923 5102 2038 5155; x_wconf 84' lang='lat' dir='ltr'><strong><em>illo-</em></strong></span> 
     </span>
    </p>
   </div>
   <div class='ocr_carea' id='block_1_99' title="bbox 477 5193 2044 5265">
    <p class='ocr_par' dir='ltr' id='par_1_99' title="bbox 477 5193 2044 5265">
     <span class='ocr_line' id='line_1_99' title="bbox 477 5193 2044 5265; baseline -0.004 -13"><span class='ocrx_word' id='word_1_686' title='bbox 477 5212 600 5252; x_wconf 82' lang='lat' dir='ltr'><strong><em>rum</em></strong></span> <span class='ocrx_word' id='word_1_687' title='bbox 648 5196 824 5251; x_wconf 82' lang='lat' dir='ltr'><strong><em>tribus</em></strong></span> <span class='ocrx_word' id='word_1_688' title='bbox 875 5193 1061 5265; x_wconf 83' lang='lat' dir='ltr'><strong><em>ﬁguris</em></strong></span> <span class='ocrx_word' id='word_1_689' title='bbox 1108 5193 1365 5263; x_wconf 88' lang='lat' dir='ltr'><strong><em>explicat,</em></strong></span> <span class='ocrx_word' id='word_1_690' title='bbox 1408 5194 1512 5248; x_wconf 91' lang='lat' dir='ltr'><strong><em>hoc</em></strong></span> <span class='ocrx_word' id='word_1_691' title='bbox 1544 5201 1630 5250; x_wconf 90' lang='lat' dir='ltr'><strong><em>est</em></strong></span> <span class='ocrx_word' id='word_1_692' title='bbox 1668 5203 1789 5249; x_wconf 87' lang='lat' dir='ltr'><strong><em>rota</em></strong></span> <span class='ocrx_word' id='word_1_693' title='bbox 1832 5210 1959 5259; x_wconf 90' lang='lat' dir='ltr'><strong><em>una,</em></strong></span> <span class='ocrx_word' id='word_1_694' title='bbox 1990 5202 2044 5247; x_wconf 89' lang='lat' dir='ltr'><strong><em>el.</em></strong></span> 
     </span>
    </p>
   </div>
   <div class='ocr_carea' id='block_1_100' title="bbox 479 5284 2043 5355">
    <p class='ocr_par' dir='ltr' id='par_1_100' title="bbox 479 5284 2043 5355">
     <span class='ocr_line' id='line_1_100' title="bbox 479 5284 2043 5355; baseline -0.004 -10"><span class='ocrx_word' id='word_1_695' title='bbox 479 5289 766 5355; x_wconf 72' lang='lat' dir='ltr'><strong><em>laterculo,</em></strong></span> <span class='ocrx_word' id='word_1_696' title='bbox 793 5287 879 5342; x_wconf 89' lang='lat' dir='ltr'><strong><em>vel</em></strong></span> <span class='ocrx_word' id='word_1_697' title='bbox 910 5301 1119 5341; x_wconf 87' lang='lat' dir='ltr'><strong><em>canone</em></strong></span> <span class='ocrx_word' id='word_1_698' title='bbox 1145 5284 1349 5354; x_wconf 90' lang='lat' dir='ltr'><strong><em>duplici</em></strong></span> <span class='ocrx_word' id='word_1_699' title='bbox 1376 5302 1391 5338; x_wconf 92' lang='lat'>:</span> <span class='ocrx_word' id='word_1_700' title='bbox 1435 5300 1667 5355; x_wconf 91' lang='lat' dir='ltr'><strong><em>quorum</em></strong></span> <span class='ocrx_word' id='word_1_701' title='bbox 1701 5288 1837 5341; x_wconf 83' lang='lat' dir='ltr'><strong><em>alter</em></strong></span> <span class='ocrx_word' id='word_1_702' title='bbox 1864 5285 1933 5340; x_wconf 89' lang='lat' dir='ltr'><strong><em>ad</em></strong></span> <span class='ocrx_word' id='word_1_703' title='bbox 1968 5286 2043 5341; x_wconf 84' lang='lat' dir='ltr'><strong><em>si-</em></strong></span> 
     </span>
    </p>
   </div>
   <div class='ocr_carea' id='block_1_101' title="bbox 476 5376 2042 5449">
    <p class='ocr_par' dir='ltr' id='par_1_101' title="bbox 476 5376 2042 5449">
     <span class='ocr_line' id='line_1_101' title="bbox 476 5376 2042 5449; baseline -0.001 -12"><span class='ocrx_word' id='word_1_704' title='bbox 476 5385 745 5449; x_wconf 87' lang='lat' dir='ltr'><strong><em>nistram,</em></strong></span> <span class='ocrx_word' id='word_1_705' title='bbox 790 5381 928 5435; x_wconf 86' lang='lat' dir='ltr'><strong><em>alter</em></strong></span> <span class='ocrx_word' id='word_1_706' title='bbox 967 5379 1036 5433; x_wconf 86' lang='lat' dir='ltr'><strong><em>ad</em></strong></span> <span class='ocrx_word' id='word_1_707' title='bbox 1083 5377 1327 5432; x_wconf 85' lang='lat' dir='ltr'><strong><em>dextram</em></strong></span> <span class='ocrx_word' id='word_1_708' title='bbox 1370 5386 1500 5431; x_wconf 81' lang='lat' dir='ltr'><strong><em>rotae</em></strong></span> <span class='ocrx_word' id='word_1_709' title='bbox 1547 5376 1856 5447; x_wconf 89' lang='lat' dir='ltr'><strong><em>descriptus</em></strong></span> <span class='ocrx_word' id='word_1_710' title='bbox 1904 5386 2042 5435; x_wconf 87' lang='lat' dir='ltr'><strong><em>erat.</em></strong></span> 
     </span>
    </p>
   </div>
   <div class='ocr_carea' id='block_1_102' title="bbox 479 5466 2044 5541">
    <p class='ocr_par' dir='ltr' id='par_1_102' title="bbox 479 5466 2044 5541">
     <span class='ocr_line' id='line_1_102' title="bbox 479 5466 2044 5541; baseline -0.003 -15"><span class='ocrx_word' id='word_1_711' title='bbox 479 5470 589 5526; x_wconf 87' lang='lat' dir='ltr'><strong><em>Sed</em></strong></span> <span class='ocrx_word' id='word_1_712' title='bbox 632 5480 854 5541; x_wconf 85' lang='lat' dir='ltr'><strong><em>propter</em></strong></span> <span class='ocrx_word' id='word_1_713' title='bbox 895 5467 1180 5539; x_wconf 82' lang='lat' dir='ltr'><strong><em>angustias</em></strong></span> <span class='ocrx_word' id='word_1_714' title='bbox 1229 5466 1431 5522; x_wconf 68' lang='lat' dir='ltr'><strong><em>chartae</em></strong></span> <span class='ocrx_word' id='word_1_715' title='bbox 1479 5481 1644 5537; x_wconf 89' lang='lat' dir='ltr'><strong><em>supra</em></strong></span> <span class='ocrx_word' id='word_1_716' title='bbox 1686 5467 1875 5523; x_wconf 86' lang='lat' dir='ltr'><strong><em>ambos</em></strong></span> <span class='ocrx_word' id='word_1_717' title='bbox 1924 5476 2044 5523; x_wconf 85' lang='lat' dir='ltr'><strong><em>rota</em></strong></span> 
     </span>
    </p>
   </div>
   <div class='ocr_carea' id='block_1_103' title="bbox 479 5557 2044 5628">
    <p class='ocr_par' dir='ltr' id='par_1_103' title="bbox 479 5557 2044 5628">
     <span class='ocr_line' id='line_1_103' title="bbox 479 5557 2044 5628; baseline -0.001 -13"><span class='ocrx_word' id='word_1_718' title='bbox 479 5562 776 5617; x_wconf 80' lang='lat' dir='ltr'><strong><em>constituta</em></strong></span> <span class='ocrx_word' id='word_1_719' title='bbox 818 5568 926 5616; x_wconf 88' lang='lat' dir='ltr'><strong><em>est.</em></strong></span> <span class='ocrx_word' id='word_1_720' title='bbox 955 5558 1033 5613; x_wconf 83' lang='lat' dir='ltr'><strong><em>Ex</em></strong></span> <span class='ocrx_word' id='word_1_721' title='bbox 1067 5559 1168 5612; x_wconf 89' lang='lat' dir='ltr'><strong><em>hac</em></strong></span> <span class='ocrx_word' id='word_1_722' title='bbox 1208 5570 1371 5628; x_wconf 90' lang='lat' dir='ltr'><strong><em>porro</em></strong></span> <span class='ocrx_word' id='word_1_723' title='bbox 1397 5557 1652 5613; x_wconf 90' lang='lat' dir='ltr'><strong><em>methodo</em></strong></span> <span class='ocrx_word' id='word_1_724' title='bbox 1693 5564 1908 5612; x_wconf 88' lang='lat' dir='ltr'><strong><em>constat</em></strong></span> <span class='ocrx_word' id='word_1_725' title='bbox 1951 5572 2044 5628; x_wconf 86' lang='lat' dir='ltr'><strong><em>cy-</em></strong></span> 
     </span>
    </p>
   </div>
   <div class='ocr_carea' id='block_1_104' title="bbox 479 5650 2044 5725">
    <p class='ocr_par' dir='ltr' id='par_1_104' title="bbox 479 5650 2044 5725">
     <span class='ocr_line' id='line_1_104' title="bbox 479 5650 2044 5725; baseline -0.001 -17"><span class='ocrx_word' id='word_1_726' title='bbox 479 5655 623 5709; x_wconf 83' lang='lat' dir='ltr'><strong><em>clum</em></strong></span> <span class='ocrx_word' id='word_1_727' title='bbox 655 5656 900 5711; x_wconf 87' lang='lat' dir='ltr'><strong><em>lunarem</em></strong></span> <span class='ocrx_word' id='word_1_728' title='bbox 930 5653 1074 5725; x_wconf 86' lang='lat' dir='ltr'><strong><em>apud</em></strong></span> <span class='ocrx_word' id='word_1_729' title='bbox 1116 5655 1249 5711; x_wconf 85' lang='lat' dir='ltr'><strong><em>istos</em></strong></span> <span class='ocrx_word' id='word_1_730' title='bbox 1278 5652 1520 5708; x_wconf 89' lang='lat' dir='ltr'><strong><em>ternario</em></strong></span> <span class='ocrx_word' id='word_1_731' title='bbox 1561 5651 1825 5706; x_wconf 88' lang='lat' dir='ltr'><strong><em>minorem</em></strong></span> <span class='ocrx_word' id='word_1_732' title='bbox 1874 5650 2044 5706; x_wconf 80' lang='lat' dir='ltr'><strong><em>fuisse</em></strong></span> 
     </span>
    </p>
   </div>
   <div class='ocr_carea' id='block_1_105' title="bbox 478 5740 2038 5815">
    <p class='ocr_par' dir='ltr' id='par_1_105' title="bbox 478 5740 2038 5815">
     <span class='ocr_line' id='line_1_105' title="bbox 478 5740 2038 5815; baseline -0.001 -16"><span class='ocrx_word' id='word_1_733' title='bbox 478 5743 688 5809; x_wconf 68' lang='lat' dir='ltr'><strong><em>Graeco,</em></strong></span> <span class='ocrx_word' id='word_1_734' title='bbox 711 5746 796 5801; x_wconf 87' lang='lat' dir='ltr'><strong><em>vel</em></strong></span> <span class='ocrx_word' id='word_1_735' title='bbox 820 5744 1207 5811; x_wconf 79' lang='lat' dir='ltr'><strong><em>Alexandrino,</em></strong></span> <span class='ocrx_word' id='word_1_736' title='bbox 1232 5743 1326 5815; x_wconf 88' lang='lat' dir='ltr'><strong><em>qui</em></strong></span> <span class='ocrx_word' id='word_1_737' title='bbox 1350 5743 1492 5799; x_wconf 88' lang='lat' dir='ltr'><strong><em>idem</em></strong></span> <span class='ocrx_word' id='word_1_738' title='bbox 1516 5750 1570 5799; x_wconf 88' lang='lat' dir='ltr'><strong><em>et</em></strong></span> <span class='ocrx_word' id='word_1_739' title='bbox 1592 5740 1871 5799; x_wconf 84' lang='lat' dir='ltr'><strong><em>Romanus</em></strong></span> <span class='ocrx_word' id='word_1_740' title='bbox 1900 5741 2002 5796; x_wconf 80' lang='lat' dir='ltr'><strong><em>fuit</em></strong></span> <span class='ocrx_word' id='word_1_741' title='bbox 2025 5761 2038 5797; x_wconf 93' lang='lat'>:</span> 
     </span>
    </p>
   </div>
   <div class='ocr_carea' id='block_1_106' title="bbox 479 5834 2105 5915">
    <p class='ocr_par' dir='ltr' id='par_1_106' title="bbox 479 5834 2105 5915">
     <span class='ocr_line' id='line_1_106' title="bbox 479 5834 2105 5915; baseline -0.002 -23"><span class='ocrx_word' id='word_1_742' title='bbox 479 5844 534 5892; x_wconf 87' lang='lat' dir='ltr'><strong><em>et</em></strong></span> <span class='ocrx_word' id='word_1_743' title='bbox 570 5838 805 5894; x_wconf 78' lang='lat' dir='ltr'><strong><em>primum</em></strong></span> <span class='ocrx_word' id='word_1_744' title='bbox 846 5837 1333 5905; x_wconf 82' lang='lat' dir='ltr'><strong><em>undecuplantium</em></strong></span> <span class='ocrx_word' id='word_1_745' title='bbox 1386 5852 1510 5895; x_wconf 80' lang='lat' dir='ltr'><strong><em>esse</em></strong></span> <span class='ocrx_word' id='word_1_746' title='bbox 1548 5834 2042 5894; x_wconf 83' lang='lat' dir='ltr'><strong><em>Alexandrinorum</em></strong></span> <span class='ocrx_word' id='word_1_747' title='bbox 2097 5910 2105 5915; x_wconf 21' lang='grc' dir='ltr'>ν</span> 
     </span>
    </p>
   </div>
   <div class='ocr_carea' id='block_1_107' title="bbox 2153 4645 3718 4718">
    <p class='ocr_par' dir='ltr' id='par_1_107' title="bbox 2153 4645 3718 4718">
     <span class='ocr_line' id='line_1_107' title="bbox 2153 4645 3718 4718; baseline 0.001 -16"><span class='ocrx_word' id='word_1_748' title='bbox 2153 4653 2435 4702; x_wconf 87' lang='lat' dir='ltr'><strong><em>currentes</em></strong></span> <span class='ocrx_word' id='word_1_749' title='bbox 2467 4645 2660 4713; x_wconf 88' lang='lat' dir='ltr'><strong><em>habet;</em></strong></span> <span class='ocrx_word' id='word_1_750' title='bbox 2692 4646 2884 4701; x_wconf 89' lang='lat' dir='ltr'><strong><em>tertius</em></strong></span> <span class='ocrx_word' id='word_1_751' title='bbox 2914 4645 3223 4700; x_wconf 88' lang='lat' dir='ltr'><strong><em>hissextiles</em></strong></span> <span class='ocrx_word' id='word_1_752' title='bbox 3250 4652 3436 4713; x_wconf 89' lang='lat' dir='ltr'><strong><em>notat;</em></strong></span> <span class='ocrx_word' id='word_1_753' title='bbox 3466 4653 3718 4718; x_wconf 79' lang='lat' dir='ltr'><strong><em>quartus,</em></strong></span> 
     </span>
    </p>
   </div>
   <div class='ocr_carea' id='block_1_108' title="bbox 2151 4738 3718 4812">
    <p class='ocr_par' dir='ltr' id='par_1_108' title="bbox 2151 4738 3718 4812">
     <span class='ocr_line' id='line_1_108' title="bbox 2151 4738 3718 4812; baseline 0 -17"><span class='ocrx_word' id='word_1_754' title='bbox 2151 4756 2328 4796; x_wconf 90' lang='lat' dir='ltr'><strong><em>annos</em></strong></span> <span class='ocrx_word' id='word_1_755' title='bbox 2356 4738 2492 4812; x_wconf 83' lang='lat' dir='ltr'><strong><em>cycli</em></strong></span> <span class='ocrx_word' id='word_1_756' title='bbox 2519 4740 2715 4796; x_wconf 87' lang='lat' dir='ltr'><strong><em>solaris</em></strong></span> <span class='ocrx_word' id='word_1_757' title='bbox 2740 4740 3259 4810; x_wconf 87' lang='lat' dir='ltr'><strong><em>undecuplantium;</em></strong></span> <span class='ocrx_word' id='word_1_758' title='bbox 3288 4741 3380 4809; x_wconf 92' lang='lat' dir='ltr'><strong><em>qui</em></strong></span> <span class='ocrx_word' id='word_1_759' title='bbox 3408 4741 3490 4796; x_wconf 89' lang='lat' dir='ltr'><strong><em>sic</em></strong></span> <span class='ocrx_word' id='word_1_760' title='bbox 3520 4740 3718 4809; x_wconf 90' lang='lat' dir='ltr'><strong><em>priori-</em></strong></span> 
     </span>
    </p>
   </div>
   <div class='ocr_carea' id='block_1_109' title="bbox 2152 4828 3719 4901">
    <p class='ocr_par' dir='ltr' id='par_1_109' title="bbox 2152 4828 3719 4901">
     <span class='ocr_line' id='line_1_109' title="bbox 2152 4828 3719 4901; baseline 0 -16"><span class='ocrx_word' id='word_1_761' title='bbox 2152 4831 2254 4885; x_wconf 91' lang='lat' dir='ltr'><strong><em>bus</em></strong></span> <span class='ocrx_word' id='word_1_762' title='bbox 2279 4829 2626 4901; x_wconf 84' lang='lat' dir='ltr'><strong><em>respondent,</em></strong></span> <span class='ocrx_word' id='word_1_763' title='bbox 2653 4836 2712 4883; x_wconf 91' lang='lat' dir='ltr'><strong><em>ut</em></strong></span> <span class='ocrx_word' id='word_1_764' title='bbox 2736 4829 2944 4898; x_wconf 90' lang='lat' dir='ltr'><strong><em>primus</em></strong></span> <span class='ocrx_word' id='word_1_765' title='bbox 2974 4828 3452 4898; x_wconf 86' lang='lat' dir='ltr'><strong><em>undecuplantium</em></strong></span> <span class='ocrx_word' id='word_1_766' title='bbox 3484 4831 3556 4884; x_wconf 88' lang='lat' dir='ltr'><strong><em>sit</em></strong></span> <span class='ocrx_word' id='word_1_767' title='bbox 3585 4830 3719 4886; x_wconf 88' lang='lat' dir='ltr'><strong><em>isto-</em></strong></span> 
     </span>
    </p>
   </div>
   <div class='ocr_carea' id='block_1_110' title="bbox 2151 4921 3720 4994">
    <p class='ocr_par' dir='ltr' id='par_1_110' title="bbox 2151 4921 3720 4994">
     <span class='ocr_line' id='line_1_110' title="bbox 2151 4921 3720 4994; baseline 0.003 -19"><span class='ocrx_word' id='word_1_768' title='bbox 2151 4937 2272 4976; x_wconf 87' lang='lat' dir='ltr'><strong><em>rum</em></strong></span> <span class='ocrx_word' id='word_1_769' title='bbox 2306 4923 2553 4977; x_wconf 89' lang='lat' dir='ltr'><strong><em>decimus</em></strong></span> <span class='ocrx_word' id='word_1_770' title='bbox 2597 4922 2812 4987; x_wconf 88' lang='lat' dir='ltr'><strong><em>tertius,</em></strong></span> <span class='ocrx_word' id='word_1_771' title='bbox 2846 4929 3010 4991; x_wconf 90' lang='lat' dir='ltr'><strong><em>atque</em></strong></span> <span class='ocrx_word' id='word_1_772' title='bbox 3053 4921 3128 4975; x_wconf 90' lang='lat' dir='ltr'><strong><em>ita</em></strong></span> <span class='ocrx_word' id='word_1_773' title='bbox 3159 4922 3436 4992; x_wconf 81' lang='lat' dir='ltr'><strong><em>deinceps.</em></strong></span> <span class='ocrx_word' id='word_1_774' title='bbox 3468 4922 3720 4994; x_wconf 85' lang='lat' dir='ltr'><strong><em>Quinque</em></strong></span> 
     </span>
    </p>
   </div>
   <div class='ocr_carea' id='block_1_111' title="bbox 2149 5012 3720 5083">
    <p class='ocr_par' dir='ltr' id='par_1_111' title="bbox 2149 5012 3720 5083">
     <span class='ocr_line' id='line_1_111' title="bbox 2149 5012 3720 5083; baseline 0.002 -16"><span class='ocrx_word' id='word_1_775' title='bbox 2149 5015 2311 5068; x_wconf 88' lang='lat' dir='ltr'><strong><em>orbes</em></strong></span> <span class='ocrx_word' id='word_1_776' title='bbox 2353 5012 2550 5082; x_wconf 89' lang='lat' dir='ltr'><strong><em>reliqui</em></strong></span> <span class='ocrx_word' id='word_1_777' title='bbox 2597 5027 2773 5067; x_wconf 90' lang='lat' dir='ltr'><strong><em>annos</em></strong></span> <span class='ocrx_word' id='word_1_778' title='bbox 2818 5012 3103 5067; x_wconf 89' lang='lat' dir='ltr'><strong><em>continent</em></strong></span> <span class='ocrx_word' id='word_1_779' title='bbox 3136 5012 3303 5083; x_wconf 89' lang='lat' dir='ltr'><strong><em>cyclis</em></strong></span> <span class='ocrx_word' id='word_1_780' title='bbox 3344 5014 3615 5069; x_wconf 89' lang='lat' dir='ltr'><strong><em>solaribus</em></strong></span> <span class='ocrx_word' id='word_1_781' title='bbox 3664 5025 3720 5070; x_wconf 89' lang='lat' dir='ltr'><strong><em>et</em></strong></span> 
     </span>
    </p>
   </div>
   <div class='ocr_carea' id='block_1_112' title="bbox 2150 5101 3715 5173">
    <p class='ocr_par' dir='ltr' id='par_1_112' title="bbox 2150 5101 3715 5173">
     <span class='ocr_line' id='line_1_112' title="bbox 2150 5101 3715 5173; baseline 0.001 -15"><span class='ocrx_word' id='word_1_782' title='bbox 2150 5104 2437 5160; x_wconf 87' lang='lat' dir='ltr'><strong><em>lunaribus</em></strong></span> <span class='ocrx_word' id='word_1_783' title='bbox 2480 5111 2716 5169; x_wconf 90' lang='lat' dir='ltr'><strong><em>notatos,</em></strong></span> <span class='ocrx_word' id='word_1_784' title='bbox 2759 5103 2815 5157; x_wconf 88' lang='lat' dir='ltr'><strong><em>in</em></strong></span> <span class='ocrx_word' id='word_1_785' title='bbox 2860 5103 3062 5173; x_wconf 88' lang='lat' dir='ltr'><strong><em>quibus</em></strong></span> <span class='ocrx_word' id='word_1_786' title='bbox 3102 5103 3367 5158; x_wconf 89' lang='lat' dir='ltr'><strong><em>terminus</em></strong></span> <span class='ocrx_word' id='word_1_787' title='bbox 3413 5101 3715 5173; x_wconf 85' lang='lat' dir='ltr'><strong><em>Paschalis,</em></strong></span> 
     </span>
    </p>
   </div>
   <div class='ocr_carea' id='block_1_113' title="bbox 2151 5195 3717 5267">
    <p class='ocr_par' dir='ltr' id='par_1_113' title="bbox 2151 5195 3717 5267">
     <span class='ocr_line' id='line_1_113' title="bbox 2151 5195 3717 5267; baseline 0 -15"><span class='ocrx_word' id='word_1_788' title='bbox 2151 5198 2265 5252; x_wconf 88' lang='lat' dir='ltr'><strong><em>sive</em></strong></span> <span class='ocrx_word' id='word_1_789' title='bbox 2302 5204 2499 5267; x_wconf 82' lang='lat' dir='ltr'><strong><em>quarta</em></strong></span> <span class='ocrx_word' id='word_1_790' title='bbox 2556 5195 2764 5251; x_wconf 86' lang='lat' dir='ltr'><strong><em>decima</em></strong></span> <span class='ocrx_word' id='word_1_791' title='bbox 2812 5195 3051 5258; x_wconf 62' lang='lat' dir='ltr'><strong><em>Nicena,</em></strong></span> <span class='ocrx_word' id='word_1_792' title='bbox 3092 5196 3282 5266; x_wconf 87' lang='lat' dir='ltr'><strong><em>quinta</em></strong></span> <span class='ocrx_word' id='word_1_793' title='bbox 3345 5196 3575 5262; x_wconf 88' lang='lat' dir='ltr'><strong><em>decima,</em></strong></span> <span class='ocrx_word' id='word_1_794' title='bbox 3628 5198 3717 5252; x_wconf 86' lang='lat' dir='ltr'><strong><em>vel</em></strong></span> 
     </span>
    </p>
   </div>
   <div class='ocr_carea' id='block_1_114' title="bbox 2151 5269 3715 5360">
    <p class='ocr_par' dir='ltr' id='par_1_114' title="bbox 2151 5269 3715 5360">
     <span class='ocr_line' id='line_1_114' title="bbox 2151 5269 3715 5360; baseline 0.001 -16"><span class='ocrx_word' id='word_1_795' title='bbox 2151 5297 2302 5344; x_wconf 81' lang='lat' dir='ltr'><strong><em>sexta</em></strong></span> <span class='ocrx_word' id='word_1_796' title='bbox 2327 5289 2536 5345; x_wconf 88' lang='lat' dir='ltr'><strong><em>decima</em></strong></span> <span class='ocrx_word' id='word_1_797' title='bbox 2561 5269 2783 5359; x_wconf 76' lang='lat' dir='ltr'><strong><em>putatur</em></strong></span> <span class='ocrx_word' id='word_1_798' title='bbox 2813 5288 2880 5343; x_wconf 88' lang='lat' dir='ltr'><strong><em>ab</em></strong></span> <span class='ocrx_word' id='word_1_799' title='bbox 2908 5288 3416 5358; x_wconf 78' lang='lat' dir='ltr'><strong><em>undecuplantibus.</em></strong></span> <span class='ocrx_word' id='word_1_800' title='bbox 3449 5288 3525 5343; x_wconf 88' lang='lat' dir='ltr'><strong><em>lta</em></strong></span> <span class='ocrx_word' id='word_1_801' title='bbox 3550 5303 3715 5360; x_wconf 88' lang='lat' dir='ltr'><strong><em>porro</em></strong></span> 
     </span>
    </p>
   </div>
   <div class='ocr_carea' id='block_1_115' title="bbox 2150 5376 3715 5450">
    <p class='ocr_par' dir='ltr' id='par_1_115' title="bbox 2150 5376 3715 5450">
     <span class='ocr_line' id='line_1_115' title="bbox 2150 5376 3715 5450; baseline -0.003 -17"><span class='ocrx_word' id='word_1_802' title='bbox 2150 5378 2401 5450; x_wconf 88' lang='lat' dir='ltr'><strong><em>dispositi</em></strong></span> <span class='ocrx_word' id='word_1_803' title='bbox 2432 5387 2558 5434; x_wconf 89' lang='lat' dir='ltr'><strong><em>sunt</em></strong></span> <span class='ocrx_word' id='word_1_804' title='bbox 2585 5377 2875 5433; x_wconf 87' lang='lat' dir='ltr'><strong><em>interiores</em></strong></span> <span class='ocrx_word' id='word_1_805' title='bbox 2903 5377 2979 5431; x_wconf 91' lang='lat' dir='ltr'><strong><em>illi</em></strong></span> <span class='ocrx_word' id='word_1_806' title='bbox 3005 5377 3247 5447; x_wconf 83' lang='lat' dir='ltr'><strong><em>quinque</em></strong></span> <span class='ocrx_word' id='word_1_807' title='bbox 3270 5376 3481 5440; x_wconf 86' lang='lat' dir='ltr'><strong><em>circuli,</em></strong></span> <span class='ocrx_word' id='word_1_808' title='bbox 3503 5384 3565 5429; x_wconf 86' lang='lat' dir='ltr'><strong><em>ut</em></strong></span> <span class='ocrx_word' id='word_1_809' title='bbox 3595 5376 3715 5430; x_wconf 90' lang='lat' dir='ltr'><strong><em>cui-</em></strong></span> 
     </span>
    </p>
   </div>
   <div class='ocr_carea' id='block_1_116' title="bbox 2150 5470 3716 5544">
    <p class='ocr_par' dir='ltr' id='par_1_116' title="bbox 2150 5470 3716 5544">
     <span class='ocr_line' id='line_1_116' title="bbox 2150 5470 3716 5544; baseline -0.001 -17"><span class='ocrx_word' id='word_1_810' title='bbox 2150 5473 2285 5528; x_wconf 88' lang='lat' dir='ltr'><strong><em>libet</em></strong></span> <span class='ocrx_word' id='word_1_811' title='bbox 2305 5488 2448 5528; x_wconf 88' lang='lat' dir='ltr'><strong><em>anno</em></strong></span> <span class='ocrx_word' id='word_1_812' title='bbox 2474 5474 2611 5544; x_wconf 87' lang='lat' dir='ltr'><strong><em>cycli</em></strong></span> <span class='ocrx_word' id='word_1_813' title='bbox 2634 5472 2828 5528; x_wconf 89' lang='lat' dir='ltr'><strong><em>solaris</em></strong></span> <span class='ocrx_word' id='word_1_814' title='bbox 2852 5472 2906 5527; x_wconf 90' lang='lat' dir='ltr'><strong><em>in</em></strong></span> <span class='ocrx_word' id='word_1_815' title='bbox 2937 5481 3133 5542; x_wconf 90' lang='lat' dir='ltr'><strong><em>quarto</em></strong></span> <span class='ocrx_word' id='word_1_816' title='bbox 3155 5472 3383 5536; x_wconf 90' lang='lat' dir='ltr'><strong><em>circulo,</em></strong></span> <span class='ocrx_word' id='word_1_817' title='bbox 3416 5472 3567 5526; x_wconf 65' lang='lat' dir='ltr'><strong><em>cellae</em></strong></span> <span class='ocrx_word' id='word_1_818' title='bbox 3593 5470 3716 5526; x_wconf 64' lang='lat' dir='ltr'><strong><em>duae</em></strong></span> 
     </span>
    </p>
   </div>
   <div class='ocr_carea' id='block_1_117' title="bbox 2152 5559 3713 5634">
    <p class='ocr_par' dir='ltr' id='par_1_117' title="bbox 2152 5559 3713 5634">
     <span class='ocr_line' id='line_1_117' title="bbox 2152 5559 3713 5634; baseline -0.002 -14"><span class='ocrx_word' id='word_1_819' title='bbox 2152 5564 2411 5634; x_wconf 71' lang='lat' dir='ltr'><strong><em>subjecta:</em></strong></span> <span class='ocrx_word' id='word_1_820' title='bbox 2439 5563 2552 5618; x_wconf 87' lang='lat' dir='ltr'><strong><em>sint</em></strong></span> <span class='ocrx_word' id='word_1_821' title='bbox 2584 5563 2875 5633; x_wconf 85' lang='lat' dir='ltr'><strong><em>cujuslibet</em></strong></span> <span class='ocrx_word' id='word_1_822' title='bbox 2912 5578 2943 5617; x_wconf 86' lang='lat' dir='ltr'><strong><em>e</em></strong></span> <span class='ocrx_word' id='word_1_823' title='bbox 2972 5562 3211 5632; x_wconf 89' lang='lat' dir='ltr'><strong><em>quinque</em></strong></span> <span class='ocrx_word' id='word_1_824' title='bbox 3235 5562 3473 5618; x_wconf 88' lang='lat' dir='ltr'><strong><em>circulis.</em></strong></span> <span class='ocrx_word' id='word_1_825' title='bbox 3511 5559 3713 5617; x_wconf 82' lang='lat' dir='ltr'><strong><em>Harum</em></strong></span> 
     </span>
    </p>
   </div>
   <div class='ocr_carea' id='block_1_118' title="bbox 2149 5651 3713 5723">
    <p class='ocr_par' dir='ltr' id='par_1_118' title="bbox 2149 5651 3713 5723">
     <span class='ocr_line' id='line_1_118' title="bbox 2149 5651 3713 5723; baseline -0.003 -15"><span class='ocrx_word' id='word_1_826' title='bbox 2149 5654 2432 5716; x_wconf 80' lang='lat' dir='ltr'><strong><em>cellarum,</em></strong></span> <span class='ocrx_word' id='word_1_827' title='bbox 2472 5667 2596 5723; x_wconf 69' lang='lat' dir='ltr'><strong><em>quae</em></strong></span> <span class='ocrx_word' id='word_1_828' title='bbox 2638 5652 2709 5706; x_wconf 90' lang='lat' dir='ltr'><strong><em>ad</em></strong></span> <span class='ocrx_word' id='word_1_829' title='bbox 2759 5653 2946 5706; x_wconf 58' lang='lat' dir='ltr'><strong><em>laevam</em></strong></span> <span class='ocrx_word' id='word_1_830' title='bbox 2979 5662 3080 5716; x_wconf 91' lang='lat' dir='ltr'><strong><em>est,</em></strong></span> <span class='ocrx_word' id='word_1_831' title='bbox 3131 5652 3343 5722; x_wconf 83' lang='lat' dir='ltr'><strong><em>cyclum</em></strong></span> <span class='ocrx_word' id='word_1_832' title='bbox 3395 5651 3558 5719; x_wconf 89' lang='lat' dir='ltr'><strong><em>solis;</em></strong></span> <span class='ocrx_word' id='word_1_833' title='bbox 3592 5665 3713 5720; x_wconf 75' lang='lat' dir='ltr'><strong><em>qua:</em></strong></span> 
     </span>
    </p>
   </div>
   <div class='ocr_carea' id='block_1_119' title="bbox 2150 5741 3714 5815">
    <p class='ocr_par' dir='ltr' id='par_1_119' title="bbox 2150 5741 3714 5815">
     <span class='ocr_line' id='line_1_119' title="bbox 2150 5741 3714 5815; baseline -0.004 -16"><span class='ocrx_word' id='word_1_834' title='bbox 2150 5744 2218 5799; x_wconf 86' lang='lat' dir='ltr'><strong><em>ad</em></strong></span> <span class='ocrx_word' id='word_1_835' title='bbox 2252 5745 2521 5808; x_wconf 86' lang='lat' dir='ltr'><strong><em>dextram,</em></strong></span> <span class='ocrx_word' id='word_1_836' title='bbox 2553 5744 2765 5815; x_wconf 80' lang='lat' dir='ltr'><strong><em>cyclum</em></strong></span> <span class='ocrx_word' id='word_1_837' title='bbox 2799 5744 2942 5797; x_wconf 78' lang='lat' dir='ltr'><strong><em>lunae</em></strong></span> <span class='ocrx_word' id='word_1_838' title='bbox 2979 5742 3374 5811; x_wconf 79' lang='lat' dir='ltr'><strong><em>complectitur.</em></strong></span> <span class='ocrx_word' id='word_1_839' title='bbox 3404 5741 3550 5813; x_wconf 78' lang='lat' dir='ltr'><strong><em>Cycli</em></strong></span> <span class='ocrx_word' id='word_1_840' title='bbox 3587 5755 3714 5797; x_wconf 90' lang='lat' dir='ltr'><strong><em>vero</em></strong></span> 
     </span>
    </p>
   </div>
   <div class='ocr_carea' id='block_1_120' title="bbox 2152 5831 3711 5904">
    <p class='ocr_par' dir='ltr' id='par_1_120' title="bbox 2152 5831 3711 5904">
     <span class='ocr_line' id='line_1_120' title="bbox 2152 5831 3711 5904; baseline -0.006 -10"><span class='ocrx_word' id='word_1_841' title='bbox 2152 5836 2289 5894; x_wconf 86' lang='lat' dir='ltr'><strong><em>solis</em></strong></span> <span class='ocrx_word' id='word_1_842' title='bbox 2324 5836 2385 5891; x_wconf 89' lang='lat' dir='ltr'><strong><em>in</em></strong></span> <span class='ocrx_word' id='word_1_843' title='bbox 2406 5845 2603 5904; x_wconf 88' lang='lat' dir='ltr'><strong><em>quarto</em></strong></span> <span class='ocrx_word' id='word_1_844' title='bbox 2648 5836 2858 5891; x_wconf 83' lang='lat' dir='ltr'><strong><em>circulo</em></strong></span> <span class='ocrx_word' id='word_1_845' title='bbox 2887 5834 3094 5891; x_wconf 82' lang='lat' dir='ltr'><strong><em>indices</em></strong></span> <span class='ocrx_word' id='word_1_846' title='bbox 3123 5850 3231 5889; x_wconf 86' lang='lat' dir='ltr'><strong><em>una</em></strong></span> <span class='ocrx_word' id='word_1_847' title='bbox 3273 5843 3401 5890; x_wconf 87' lang='lat' dir='ltr'><strong><em>sunt</em></strong></span> <span class='ocrx_word' id='word_1_848' title='bbox 3442 5831 3711 5889; x_wconf 67' lang='lat' dir='ltr'><strong><em>enueado-</em></strong></span> 
     </span>
    </p>
   </div>
  </div>
