4124 6424
440 391 580 444 1455

1446 394 1536 446 A'D
1564 393 1834 450 EUSEBil
1876 393 2270 452 CllRONlCON
2313 395 2676 450 APPENDIX.

3547 399 3686 454 1456

438 505 795 570 caeteridum,
852 521 916 560 aa
964 521 1100 576 quas
1151 507 1522 576 subject‘a'l'mn
1569 513 1830 565 cellarum
1873 514 2010 580 cycli
2040 516 2084 572 Α
2111 519 2374 583 praeterea
2417 510 2708 565 methodus
2743 508 2858 578 ipsa
2899 509 3255 564 demonstrat.
3283 507 3514 576 Etenim,
3543 511 3589 565 si
3617 512 3684 564 ad

439 601 669 660 solares.
703 601 1028 672 lunaresque
1059 605 1350 674 pertinent.
1385 601 1628 672 Exempli
1658 617 1822 658 causa
1845 605 1916 658 sit
1940 605 2002 670 A,

434 690 490 746 id
538 700 622 748 est
675 693 884 761 primus
935 696 1120 764 cyclus
1173 695 1366 749 solaris
1415 693 1894 763 undecuplantium
1951 694 2004 747 in

439 789 632 849 quarta
662 797 820 842 zona,
869 783 956 834 cui
992 783 1282 851 respondet
1328 784 1382 835 in
1415 782 1588 852 prima
1621 783 1807 851 cyclus
1851 783 1918 850 ιγ’
1955 782 2006 836 id

438 881 521 925 est
549 886 644 924 xm
679 870 1030 926 Alexandrini
1067 873 1324 941 compnti.
1364 871 1499 924 Huic
1543 871 1598 924 in
1640 872 1828 941 quinta
1869 889 2005 926 zona

437 962 558 1016 duae
589 964 736 1016 cellae
767 962 1122 1032 respondent,
1167 977 1398 1032 quarum
1443 963 1616 1016 altera
1649 963 1872 1017 sinistra
1917 979 2007 1033 ey-

437 1057 579 1106 clum
605 1055 736 1108 solis
761 1054 922 1107 habet
950 1056 1014 1116 6',
1045 1055 1094 1107 id
1125 1063 1208 1108 est
1236 1055 1302 1120 9;
1336 1055 1526 1108 dextra
1559 1069 1774 1124 quoque
1797 1055 2006 1124 cyclum

436 1144 678 1200 lunarem
707 1145 758 1208 9,
789 1161 897 1214 quo
930 1146 1286 1216 signiﬁcatur,
1321 1145 1379 1198 in
1419 1161 1564 1200 anno
1607 1160 1672 1199 eo
1698 1147 1886 1214 prima;
1911 1160 2008 1199 en-

437 1237 918 1298 neadecaeteridis.
950 1239 1042 1308 qui
1073 1239 1224 1309 cyclo
1254 1239 1386 1292 solis
1415 1246 1470 1293 et
1499 1239 1641 1292 lunae
1671 1255 1722 1292 Ix
1750 1238 2006 1308 praeditus

435 1338 537 1393 est,
573 1329 753 1384 lunam
787 1329 1053 1385 decimam
1086 1339 1336 1399 quartam
1365 1329 1638 1384 Niczenam
1673 1331 1742 1384 ab
1773 1331 2008 1385 undecu-

435 1421 714 1489 plantibus
745 1423 922 1491 putari
955 1438 1042 1476 xv.
1067 1421 1224 1487 Quod
1257 1421 1474 1490 quidem
1504 1421 1705 1490 duplici
1741 1419 1808 1475 de
1835 1435 2004 1476 causa

433 1519 645 1580 poterat
707 1512 842 1566 ﬁeri.
900 1513 1007 1566 Aut
1061 1513 1204 1566 enim
1269 1521 1492 1581 propter
1546 1513 2004 1568 intervenientcm

435 1602 736 1657 bisextilem
769 1603 909 1658 diem
953 1621 964 1654 :
1009 1613 1104 1656 aut
1127 1611 1348 1672 propter
1365 1603 1826 1673 sexagesimarum
1855 1605 2005 1658 diur—

435 1705 626 1744 narum
659 1691 1007 1761 epilogismos
1043 1693 1280 1748 accidit:
1313 1693 1512 1762 quibus
1543 1694 1703 1747 annis
1741 1694 2005 1748 bisextilis

433 1781 490 1836 id
520 1781 804 1846 eﬁiciebat,
835 1783 903 1837 iis
934 1784 1207 1853 singulare
1241 1791 1498 1852 punctum
1537 1783 1805 1840 Maximus
1825 1785 2003 1839 ascri-

2107 607 2225 660 dies
2262 605 2330 658 94
2374 603 2546 658 addas
2586 603 2676 661 99.
2715 602 2808 671 qui
2841 602 3094 654 oriuntur
3125 602 3486 672 undecuplato
3537 604 3688 672 cyclo

2107 696 2283 748 lunari
2315 713 2389 758 rx,
2411 695 2608 750 eiiicics
2631 694 2746 748 dies
2771 692 2890 754 195,
2911 693 3256 762 sexagesima
3277 709 3403 748 vero
3427 703 3687 763 praeterea

2107 787 2174 840 91
2219 785 2372 857 (quot
2417 787 2668 840 videlicet
2705 799 2732 835 a
2764 783 3019 838 Kalendis
3054 782 3297 837 Januarii
3343 785 3688 840 intercedunt

2107 880 2268 946 dies).
2287 893 2408 932 cum
2440 877 2792 947 sexagesimis
2811 878 2897 940 15,
2923 892 3042 944 quae
3069 891 3132 930 ex
3156 875 3314 928 annis
3337 875 3369 928 9
3397 877 3687 945 quinquies

2108 969 2484 1036 multiplicatis
2513 968 2814 1032 exsistunt;
2841 975 3122 1037 prepterea
3171 966 3314 1034 quod
3345 981 3488 1022 anno
3525 967 3686 1022 cuili-

2107 1058 2198 1112 bet
2230 1059 2366 1128 cycli
2397 1059 2638 1128 quinque
2665 1059 3000 1127 imputantur
3027 1059 3282 1126 scrupula
3313 1057 3544 1122 diurna;
3569 1072 3686 1110 om-

2107 1163 2226 1214 nes,
2257 1151 2502 1217 inquam,
2541 1149 2646 1202 illa:
2693 1148 3042 1218 sexagesima:
3071 1162 3299 1200 numero
3331 1145 3453 1210 159,
3495 1147 3685 1201 divisa:

2107 1255 2204 1309 per
2247 1239 2314 1294 60
2358 1240 2582 1294 biduum
2615 1239 2848 1294 solidum
2893 1239 3132 1292 etﬁciunt
3171 1253 3294 1292 cum
3331 1237 3683 1307 sexagesimis

2111 1329 2196 1382 19.
2233 1330 2478 1398 Abjectis
2522 1329 2762 1384 residuis
2803 1331 3096 1399 scrupulis,
3141 1329 3367 1396 soloque
3411 1327 3576 1381 biduo
3613 1329 3680 1382 ad

2107 1421 2444 1491 superiorem
2477 1437 2746 1477 summam
2779 1421 2992 1476 dierum
3029 1419 3236 1484 addito,
3287 1418 3530 1472 conﬁunt
3563 1419 3682 1474 dies

2107 1511 2210 1566 195
2247 1531 2259 1565 :
2314 1513 2513 1582 quibus
2555 1527 2652 1582 per
2683 1512 2752 1566 '50
2781 1511 3109 1574 distributis,
3153 1509 3540 1578 relinquuntur
3565 1509 3682 1572 dies

2106 1617 2198 1656 xv.
2235 1601 2468 1656 Proinde
2507 1609 2702 1672 quarta
2745 1600 2864 1654 dies
2895 1600 3120 1668 Aprilis,
3161 1615 3284 1668 quae
3325 1605 3409 1654 est
3449 1615 3542 1653 xiv
3585 1599 3682 1653 Ni-

2106 1707 2280 1754 caena,
2333 1706 2398 1746 ex
2449 1691 2666 1744 illorum
2725 1689 3086 1744 subductione
3141 1689 3197 1742 ﬁt
3250 1706 3338 1744 xv.
3385 1688 3680 1746 Videamus

2107 1793 2290 1840 utrum
2341 1783 2398 1836 in
2435 1781 2771 1836 Dominicam
2821 1781 2912 1835 ille
2955 1782 3218 1836 terminus
3267 1783 3530 1838 incurrat.
3577 1779 3682 1836 Per

435 1881 646 1941 pserat;
685 1872 750 1926 ad
779 1887 875 1928 eos
905 1883 1082 1928 autem
1121 1889 1313 1937 annos,
1344 1875 1438 1943 qui
1473 1881 1693 1944 pr0pter
1727 1875 2009 1944 scrupula-
2037 1871 2077 1924 Β
2111 1890 2381 1930 canonem
2421 1891 2476 1929 Iv
2503 1874 2748 1944 ejusdem
2793 1874 2992 1943 capitis
3033 1881 3237 1943 epactas
3285 1874 3418 1930 solis
3445 1873 3500 1926 in
3534 1889 3681 1928 anno

435 1964 572 2016 riam
602 1964 870 2019 rationem
909 1964 1048 2019 idem
1094 1967 1432 2030 oblinebant,
1467 1965 1577 2021 duo
1607 1973 1807 2036 puncta
1841 1973 1998 2020 nota—

432 2061 616 2120 verat;
651 2055 754 2109 tria
779 2055 1014 2125 denique
1041 2056 1106 2110 ad
1137 2073 1231 2112 eos
1263 2073 1458 2121 annos,
1495 2058 1548 2112 in
1573 2057 1772 2127 quibus
1789 2057 2002 2111 decima

432 2154 626 2214 quarta
662 2148 955 2215 putabatur
999 2156 1150 2202 sexta
1185 2149 1414 2202 decima.
1466 2145 1570 2200 Sed
1621 2162 1682 2202 ea
1725 2155 1926 2216 puncta
1971 2162 2001 2200 a

433 2237 672 2292 librariis
703 2239 910 2293 omissa
947 2247 1107 2293 crant
1137 2239 1192 2292 in
1231 2239 1577 2309 apographo;
1611 2254 1786 2308 neque
1817 2254 1915 2293 nos
1947 2239 2001 2292 in

430 2328 540 2384 illis
571 2330 924 2386 restituendis
957 2331 1172 2384 anxiam
1209 2330 1384 2400 magis
1423 2344 1587 2400 quam
1633 2330 1820 2384 utilem
1873 2345 2003 2400 ope-

429 2433 550 2471 ram
580 2433 780 2474 navare
811 2419 1119 2488 voluimus;
1157 2419 1456 2488 presertim
1487 2433 1610 2472 cum
1651 2433 1716 2472 ex
1751 2417 2004 2472 methodo

433 2518 622 2564 nostra
671 2510 739 2565 de
785 2510 1030 2580 quolibet
1069 2525 1212 2564 anno
1241 2515 1498 2564 constare
1540 2511 1736 2578 possit,
1771 2523 1842 2562 an
1883 2510 2001 2578 ejus

433 2617 524 2656 xw
554 2602 627 2656 sit
653 2619 745 2665 xv,
778 2603 862 2657 vel
891 2619 1000 2656 χιιι.
1029 2602 1136 2658 Sed
1160 2602 1427 2657 Maximus
1461 2601 1716 2655 admonet
1747 2617 1854 2656 non
1885 2617 2003 2656 om-

433 2709 534 2750 nes
565 2709 661 2748 eos
687 2711 862 2750 annos
903 2695 957 2748 in
999 2695 1352 2750 interioribus
1390 2711 1424 2748 v
1460 2694 1686 2748 orbibus
1717 2693 2002 2750 adnotatas

431 2800 571 2852 esse,
607 2785 664 2839 in
693 2785 893 2856 quibus
923 2800 1014 2838 xlv
1044 2785 1260 2840 Nicaena
1310 2784 1370 2838 ﬁt
1410 2799 1475 2840 ex
1517 2783 2000 2856 undecuplantium

433 2877 645 2932 calculo
679 2893 770 2940 xv,
801 2877 884 2932 vel
915 2892 1026 2933 xu.
1065 2875 1124 2932 ιιι
1150 2878 1292 2933 enim
1327 2877 1384 2932 in
1419 2879 1588 2949 cyclis
1611 2879 1840 2948 singulis
1863 2893 2001 2947 qua-

437 2969 701 3026 terdecies
735 2969 988 3036 'aocidit;
1043 2969 1135 3024 sed
1188 2984 1282 3024 eos
1327 2977 1559 3034 tantum,
1604 2970 1700 3039 qui
1751 2969 2002 3025 eumdem

435 3063 726 3118 terminum
753 3079 864 3118 uno
885 3063 995 3129 die,
1019 3063 1104 3118 vel
1130 3063 1295 3118 biduo
1323 3062 1558 3132 amplius
1591 3070 1837 3132 putatum
1867 3077 2002 3116 con-

433 3155 614 3209 ferunt
644 3155 700 3208 in
729 3153 1102 3211 Dominicam:
1131 3155 1276 3226 quod
1306 3156 1360 3209 in
1383 3173 1416 3210 v
1443 3155 1512 3210 ad
1539 3169 1812 3210 summum
1844 3157 2001 3210 annis

433 3248 486 3299 in
524 3247 718 3316 quavis
743 3247 1260 3302 enneadecaeteride
1317 3247 1603 3316 contingit.
1657 3245 1732 3305 Ex
1784 3245 1999 3302 duobus

431 3335 709 3389 laterculis
737 3345 870 3390 rotae
902 3337 1184 3405 subjectis,
1217 3337 1370 3404 prius
1409 3335 1618 3390 sinistri
1659 3351 1855 3391 versus
1885 3351 2000 3391 em-

433 3422 711 3478 bolimaaos
752 3439 924 3479 annos
966 3433 1185 3481 notatos
1239 3425 1429 3492 habet;
1483 3426 1780 3481 secundum
1827 3441 2000 3482 annos

433 3515 569 3584 cycli
601 3517 808 3572 lunaris
847 3517 1201 3572 Alexandrini
1228 3537 1240 3570 :
1271 3519 1429 3586 cujus
1458 3526 1686 3587 quartus
1713 3518 2002 3588 respondet

427 3623 574 3662 anno
617 3610 792 3677 primo
821 3609 958 3679 cycli
1003 3609 1211 3663 lunaris
1249 3609 1770 3678 undecuplantium;
1817 3611 1908 3680 qui
1944 3610 2000 3664 in

431 3699 590 3753 tertio
635 3713 800 3753 versu
849 3697 1200 3757 describitur.
1251 3699 1490 3763 Quartus
1533 3714 1724 3753 versus
1777 3707 2000 3768 epactas

429 3791 651 3846 lunares
679 3791 945 3854 continet,
985 3792 1172 3860 quales
1199 3791 1466 3845 Maximus
1497 3791 1732 3847 adhibet.
1765 3791 1998 3858 Quintus

428 3891 486 3936 et
505 3890 818 3953 postremus
863 3883 1128 3937 terminos
1179 3881 1494 3947 Paschales,
1539 3883 1655 3939 sive
1703 3900 1814 3949 xiv,
1861 3901 2000 3954 quas

429 3989 572 4044 saepe
597 3990 663 4027 xv
703 3982 991 4028 numerant
1026 3975 1136 4039 illi;
1165 3975 1330 4030 semel
1353 3983 1530 4029 autem
1557 3991 1666 4042 va,
1707 3978 1999 4046 quinquies

429 4081 540 4120 MV.
576 4065 924 4120 Laterculum
953 4065 1202 4120 dextrum
1233 4075 1406 4120 totum
1441 4063 1699 4120 Paschati
1727 4069 1998 4124 catholico

427 4156 630 4221 servit;
677 4170 802 4208 nam
851 4154 1146 4208 terminum
1196 4153 1536 4218 Paschalem,
1589 4155 1818 4225 ejusque
1855 4159 1998 4212 diem

428 4239 661 4301 Iulianis
699 4247 756 4300 in
791 4247 1071 4303 mensibus
1115 4245 1270 4302 oﬁ'ert
1310 4247 1366 4299 in
1413 4247 1676 4312 secundo,
1727 4263 1790 4302 ac
1838 4250 1998 4304 tertio

429 4353 624 4403 versu;
651 4347 874 4408 epactas
903 4339 960 4392 in
993 4345 1228 4408 quarto;
1270 4339 1326 4392 in
1363 4340 1552 4408 quinto
1597 4339 1807 4409 cychun
1843 4339 1998 4394 luna-

429 4445 566 4484 rem.
593 4427 912 4499 Regulares,
947 4432 1062 4486 sive
1088 4429 1382 4501 προσθεταὶ
1413 4429 1470 4483 in
1503 4430 1681 4498 primo
1715 4446 1821 4485 non
1859 4431 1998 4486 inte-

427 4536 539 4592 grae
571 4536 602 4574 a
635 4521 860 4576 librario
889 4520 1178 4591 descriptae
1201 4531 1349 4576 sunt.

499 4611 656 4668 Nunc
684 4629 842 4669 usum
861 4615 1101 4669 methodi
1126 4617 1370 4684 exemplo
1395 4631 1524 4680 uno,
1546 4616 1781 4670 alterove
1805 4619 1998 4672 docea-

431 4727 572 4766 mus.
609 4711 740 4766 Esto
775 4725 950 4765 annus
979 4711 1090 4774 ille,
1127 4711 1220 4780 qui
1251 4711 1754 4766 enneadecaeteridi
1787 4711 1993 4780 prim,

428 4805 544 4858 sive
568 4817 710 4857 anno
725 4804 900 4873 primo
925 4803 1064 4873 cycli
1085 4803 1280 4857 solaris
1313 4803 1367 4856 in
1397 4813 1590 4873 quarto
1611 4803 1778 4858 limbo
1810 4801 1998 4871 proxi-

427 4911 514 4950 me
555 4895 834 4965 subjectus
879 4901 961 4948 est
995 4896 1052 4948 in
1109 4895 1274 4949 limbo
1311 4909 1344 4948 v
1367 4935 1382 4962 ,
1411 4917 1417 4922 -
1445 4895 1603 4963 cujus
1639 4895 1824 4964 cyclus
1864 4895 1996 4950 solis

425 4995 509 5040 est
545 5001 620 5048 ιιι,
655 4984 862 5039 lunaris
897 4985 1025 5038 item
1065 4998 1138 5038 Ix.
1173 4983 1414 5038 Primum
1457 4984 1794 5054 inquiramus
1817 4999 1880 5038 ex
1911 5001 1998 5040 ca-

427 5091 572 5132 none
599 5091 660 5130 ιιι
685 5075 881 5145 capitis
914 5074 1308 5139 antecedentis,
1345 5083 1548 5146 quotus
1581 5089 1760 5129 anmts
1793 5075 1898 5130 iste
1923 5076 1996 5130 sit

427 5170 668 5238 computi
697 5166 889 5222 Graeci.
925 5167 1268 5223 Inveniemus
1304 5183 1428 5222 esse
1451 5183 1652 5222 annum
1688 5167 1758 5223 ab
1785 5169 1994 5224 Adamo

427 5261 586 5326 586i,
617 5261 711 5330 qui
745 5275 842 5330 per
871 5259 942 5314 28
975 5267 1030 5314 et
1069 5259 1137 5314 19
1175 5259 1409 5324 divisus,
1443 5260 1732 5329 utrobique
1758 5259 1792 5314 9
1821 5260 1993 5314 relin—

427 5354 564 5422 quit.
591 5353 789 5424 Cyclus
813 5352 1023 5407 lunaris
1049 5367 1106 5405 Ix
1132 5351 1615 5422 undecuplantium
1641 5361 1726 5406 est
1760 5352 1995 5406 Alexan-

425 5446 620 5500 drinus
663 5461 758 5509 xu,
797 5445 956 5514 cujus
989 5443 1200 5499 decima
1243 5453 1437 5514 quarta
1477 5441 1756 5498 Paschalis
1802 5443 1994 5498 incidit

429 5539 484 5590 in
509 5553 560 5590 ιν
588 5537 811 5604 Aprilis,
837 5540 930 5608 qui
965 5547 1049 5592 est
1083 5537 1152 5590 94
1183 5537 1300 5591 dies
1327 5553 1356 5590 a
1383 5535 1640 5590 Kalendis
1659 5533 1902 5588 Januarii
1935 5541 1994 5586 ut

429 5629 751 5690 laterculum
793 5628 1044 5682 dextrum
1078 5628 1318 5683 exhibet.
1363 5625 1533 5680 Porro
1563 5626 1992 5694 undecuplantes

426 5721 692 5773 decimam
741 5729 990 5789 quartam
1025 5721 1174 5774 illius
1213 5720 1342 5773 anni
1373 5725 1694 5787 computant
1725 5715 1992 5770 decimam

427 5811 708 5876 quintam:
739 5811 882 5878 quod
925 5813 980 5864 in
1010 5811 1237 5865 sinistro
1267 5809 1530 5866 laterculo
1557 5809 1738 5863 videre
1771 5807 1914 5872 licet,
1939 5811 1994 5861 et

2103 1970 2196 2023 illo
2243 1975 2369 2023 sunt
2415 1968 2466 2033 5,
2509 1983 2628 2036 qua:
2677 1967 2742 2020 ad
2803 1975 3115 2021 menstruas
3167 1973 3388 2036 epactas
3421 1966 3624 2036 Aprilis
3661 1982 3676 2020 l

2103 2061 2336 2125 addita},
2386 2068 2438 2114 et
2493 2058 2751 2112 ποσταίαν
2807 2057 3009 2128 Aprilis
3049 2057 3103 2119 4,
3155 2056 3448 2111 ostendunt
3487 2056 3677 2110 feriam

2103 2154 2330 2222 primam
2367 2152 2558 2206 eodem
2595 2150 2689 2204 illo
2721 2151 2807 2204 die
2837 2166 2894 2204 ιν
2931 2149 3176 2218 Aprilis:
3222 2146 3368 2217 quod
3413 2147 3577 2204 etiam
3610 2163 3678 2202 ex

2105 2241 2334 2302 canonis
2359 2257 2400 2293 ιι
2443 2241 2697 2296 doctrina
2741 2241 3034 2310 colligitur.
3071 2239 3282 2308 Quippe
3317 2237 3504 2307 cyclus
3546 2238 3678 2292 solis

2103 2331 2400 2395 Romanus,
2433 2333 2634 2387 additis
2661 2349 2772 2386 xvu
2805 2371 2821 2396 ,
2871 2331 3082 2386 exsistit
3105 2345 3271 2396 xxvr;
3301 2329 3512 2384 lunaris
3549 2344 3679 2384 vero

2103 2440 2202 2478 xu.
2233 2423 2436 2480 Littera
2462 2423 2818 2478 Dominicalis
2851 2421 3022 2477 estC.
3055 2420 3228 2491 Igitur
3255 2437 3399 2476 anno
3435 2422 3551 2484 illo,
3583 2421 3680 2475 de-

2101 2516 2244 2570 cima
2276 2518 2466 2586 quinta
2494 2513 2776 2569 Paschalis
2809 2514 2864 2567 in
2901 2513 3238 2566 Dominicam
3265 2511 3407 2582 apud
3435 2510 3680 2574 undecu—

2103 2612 2315 2680 plan-tes
2369 2609 2589 2674 incidit;
2647 2623 2710 2662 ac
2745 2607 2875 2660 luna
2923 2621 3037 2660 xm
3089 2603 3298 2660 Pascha
3350 2605 3672 2658 celebratur.

2102 2700 2392 2770 Propterea
2425 2701 2641 2756 duobus
2669 2698 2888 2770 punctis
2911 2695 3185 2751 notandus
3213 2697 3313 2750 iste
3343 2711 3519 2750 annus
3550 2694 3671 2756 fuit,

2104 2807 2265 2862 quem
2301 2794 2346 2847 si
2383 2793 2627 2862 reperire
2654 2791 2792 2846 velis
2830 2797 3031 2858 quotus
3067 2788 3276 2858 periodi
3315 2786 3545 2841 Julianae
3587 2787 3674 2841 vel

2103 2883 2310 2937 Christi
2341 2882 2528 2946 fuerit,
2575 2875 2670 2950 per
2707 2894 2972 2934 canonem
3008 2894 3046 2932 ιι
3087 2877 3364 2948 expedies.
3411 2875 3546 2930 Nam
3579 2876 3676 2930 de-

2106 2975 2296 3029 tractis
2324 2972 2429 3028 795
2462 2971 2530 3026 de
2563 2971 2724 3034 5861,
2765 2971 3106 3037 relinquetur
3145 2983 3323 3022 annus
3351 2965 3556 3036 periodi
3579 2964 3676 3020 Ju-

2103 3065 2261 3119 lianze
2293 3063 2458 3128 5063,
2499 3064 2592 3133 qui
2631 3071 2714 3118 est
2753 3060 2962 3116 Christi
2991 3073 3209 3114 cccmn.
3245 3057 3357 3114 Cur
3391 3067 3574 3112 autem
3607 3057 3674 3110 ad

2105 3156 2768 3227 Constantinopolitanum
2818 3158 3135 3222 computum
3195 3149 3382 3220 cyclus
3433 3149 3673 3203 undecu-

2101 3249 2366 3319 plantium
2395 3264 2426 3301 a
2453 3247 2613 3302 nobis
2653 3245 2946 3309 referatur,
2981 3256 3218 3312 sequens
3248 3247 3413 3310 caput
3443 3239 3672 3309 aperiet.

2169 3342 2385 3396 Rursus
2435 3349 2772 3409 proponatur
2821 3351 3006 3392 annus
3063 3334 3331 3412 ille,_qui
3377 3334 3430 3388 in
3487 3334 3673 3388 eadem

2101 3431 2278 3500 prima
2303 3428 2819 3485 enneadecaeteride
2841 3429 3054 3498 cyclum
3085 3435 3196 3480 tam
3237 3425 3372 3480 solis
3397 3441 3560 3495 quam
3595 3425 3672 3478 lu-

2100 3537 2184 3578 nae
2219 3539 2306 3576 xw
2354 3523 2536 3576 habet.
2585 3519 2686 3574 Hic
2722 3521 2826 3574 erit
2871 3533 3049 3573 annus
3087 3517 3673 3587 Constantinopolitani

2101 3613 2342 3684 compuli
2376 3611 2517 3668 5868
2567 3627 2665 3681 per
2697 3625 2962 3664 canonem
2999 3625 3058 3663 ιιι
3107 3609 3305 3679 capitis
3351 3608 3671 3677 superioris.

2103 3704 2392 3758 Terminus
2441 3701 2726 3758 Paschalis
2767 3711 2852 3756 est
2901 3699 3106 3771 Aprilis
3147 3715 3283 3764 xvn,
3329 3713 3492 3768 quam
3531 3698 3672 3751 diem

2102 3805 2310 3852 sextam
2335 3794 2602 3849 decimam
2631 3809 2728 3865 pro
2759 3809 2851 3847 xlv
2880 3801 3199 3862 computant
3225 3791 3670 3860 undecuplantcs,

2102 3895 2160 3940 ut
2203 3894 2286 3940 est
2317 3887 2372 3940 in
2407 3885 2635 3940 sinistro
2679 3885 2964 3939 laterculo.
3001 3883 3362 3954 Experiamur
3391 3898 3488 3952 per
3519 3897 3668 3936 scru-

2101 3979 2368 4046 pulariam
2410 3977 2748 4032 methodum.
2789 3976 2990 4047 Cycius
3029 3977 3162 4032 solis
3193 3993 3282 4030 xvi
3317 3975 3372 4028 in
3419 3982 3671 4042 computo

2101 4067 2730 4138 Constantinopolitano,
2771 4077 2854 4122 est
2887 4067 3170 4120 Romanus
3209 4083 3242 4119 v
3275 4081 3372 4136 per
3405 4080 3669 4119 canonem

2100 4175 2162 4215 ιι.
2211 4161 2351 4231 Ergo
2397 4175 2575 4214 annus
2609 4167 2692 4214 est
2725 4159 3012 4214 bisextilis.
3066 4155 3188 4213 ideo
3234 4173 3264 4211 a
3295 4157 3551 4212 Kalendis
3582 4155 3667 4210 Ja-

2101 4251 2278 4305 nuarii
2309 4259 2669 4306 numerantur
2701 4252 2818 4307 dies
2853 4251 2975 4316 108,
3013 4266 3121 4306 ιιοιι
3151 4251 3270 4305 107.
3301 4249 3489 4304 Ductis
3513 4247 3579 4302 16
3616 4248 3670 4301 in

2103 4344 2164 4396 11
2213 4347 2348 4398 ﬁunt
2393 4344 2508 4398 dies
2556 4342 2677 4408 176,
2724 4345 2814 4412 qui
2861 4358 2986 4397 cum
3033 4342 3135 4396 108
3179 4341 3310 4395 dant
3353 4340 3478 4405 281i;
3519 4354 3668 4393 scru-

2101 4436 2228 4506 pula
2279 4435 2382 4488 108
2451 4449 2574 4488 cum
2627 4435 2716 4498 90,
2773 4451 2894 4504 quae
2939 4434 3267 4504 colliguntur
3321 4433 3502 4487 ductis
3537 4432 3571 4486 5
3615 4431 3668 4484 in

2023 4541 2073 4598 ι)
2101 4527 2190 4590 16,
2221 4525 2460 4581 eﬁiciunt
2500 4527 2618 4581 dies
2647 4527 2714 4592 3;
2753 4537 2806 4580 et
2848 4535 3106 4596 praeterea
3153 4526 3520 4596 sexagesimas
3565 4523 3664 4576 l7:

2103 4618 2301 4686 quibus
2330 4617 2611 4687 neglectis,
2659 4626 2713 4671 et
2761 4617 2972 4685 adjecto
3025 4615 3204 4671 triduo
3251 4617 3318 4670 ad
3373 4615 3491 4670 dies
3539 4614 3666 4678 281,

2101 4724 2425 4777 summaque
2477 4709 2581 4762 987
2629 4725 2726 4779 per
2779 4710 2846 4764 50
2897 4707 3223 4772 distributa,
3284 4709 3671 4778 relinquuntur

2100 4801 2218 4856 dies
2245 4802 2332 4855 17.
2373 4799 2608 4855 Proinde
2647 4801 2850 4870 Aprilis
2881 4817 2992 4855 xvn
3025 4803 3154 4856 luna
3195 4808 3310 4856 erat
3343 4801 3555 4854 decima
3581 4815 3671 4854 se-

2099 4893 2287 4962 ptima.
2318 4891 2550 4962 Propter
2582 4894 2882 4947 bisextilem
2919 4894 3100 4963 itaque
3136 4891 3310 4955 diem,
3343 4893 3606 4946 terminus
3635 4904 3666 4943 a

2099 4999 2209 5038 xvu
2259 4985 2347 5040 die
2374 4985 2576 5055 Aprilis
2601 4985 2668 5038 ad
2705 5001 2792 5039 xvi
2827 4987 3204 5040 retrahebatur
3230 5004 3242 5038 :
3275 5000 3396 5054 quae
3423 4999 3547 5038 cum
3577 4997 3666 5037 es-

2099 5085 2180 5132 set
2207 5075 2402 5142 feriat,
2431 5075 2638 5132 Pascha
2671 5078 2725 5131 in
2759 5093 2893 5132 xxm
2919 5077 3059 5132 diem
3089 5075 3513 5138 diffundebatur,
3545 5089 3668 5144 qua:

2095 5173 2213 5220 erat
2245 5166 2372 5219 luna
2401 5182 2558 5229 xxm,
2603 5167 2670 5220 de
2691 5181 2799 5236 qua
2832 5183 2892 5221 re
2939 5167 3076 5220 nihil
3113 5180 3214 5220 nos
3255 5164 3525 5218 Maximus
3565 5167 3666 5218 do-

2097 5255 2242 5308 cuit:
2265 5256 2356 5324 qui
2389 5255 2656 5310 bisextilis
2705 5257 2810 5310 diei
2853 5256 3116 5310 rationem
3145 5255 3269 5310 illos
3297 5255 3498 5310 habere
3529 5254 3669 5308 scri—

2097 5346 2239 5417 psit;
2285 5354 2340 5401 et
2368 5347 2582 5418 quoties
2617 5355 2837 5416 propter
2863 5347 3042 5416 ipsum
3079 5345 3348 5400 terminus
3391 5346 3446 5398 in
3478 5345 3664 5398 lunam

2096 5455 2162 5492 xv
2194 5439 2425 5492 incurrit
2461 5437 2594 5493 feria
2637 5439 2834 5508 prima,
2879 5439 3025 5491 hunc
3066 5452 3268 5490 annum
3313 5451 3421 5490 uno
3459 5441 3664 5505 puncto

2095 5529 2298 5584 notari.
2331 5528 2490 5594 Nam,
2533 5545 2658 5582 cum
2701 5531 2829 5583 luna
2863 5539 2948 5584 est
2989 5545 3100 5594 xw,
3125 5543 3452 5599 quacunque
3497 5525 3548 5579 id
3597 5543 3664 5580 ex

2095 5637 2262 5678 causa
2293 5624 2406 5686 ﬁat,
2435 5624 2634 5691 triplici
2663 5632 2864 5692 puncto
2887 5623 3222 5692 designatur.
3255 5621 3434 5689 Quare
3466 5621 3664 5690 triplex

2095 5721 2356 5794 punctum
2389 5729 2532 5767 anno
2563 5715 2638 5767 illi
2673 5716 3024 5770 tribuendum
3049 5723 3186 5769 erat.

2170 5805 2249 5860 Ex
2288 5805 2373 5860 his
2429 5805 2651 5862 evidens
2706 5813 2788 5861 est
2837 5807 3189 5861 hallucinatio
3235 5803 3516 5874 Scaligeri,
3569 5799 3662 5870 qui
