4124 6436
480 413 623 468 N57

1514 406 1977 463 DISSERTATIO
2009 405 2096 461 DE
2132 402 2545 461 GRECORUM
2581 401 2784 456 IERIS.

3592 403 3730 455 ηδε

479 525 959 596 undecuplantiurn
990 523 1139 577 illum
1173 523 1383 593 cyclum
1423 523 1702 591 explicans
1732 522 1849 590 (lib.
1892 537 1929 574 ιι
1983 519 2060 573 De
2089 525 2135 580 Α
2165 518 2442 588 congruit.
2488 515 2770 586 Siquidem
2809 528 2985 569 annus
3013 513 3223 584 primus
3252 527 3373 567 terat
3407 510 3730 569 Christiana:

477 617 730 685 ειιιειιάε),
753 617 950 672 asserit
976 630 1095 681 eos,
1117 616 1334 685 quoties
1362 614 1573 670 decima
1605 622 1805 683 quarta
1824 612 2060 669 Pascha-

479 710 547 766 lis
576 710 871 780 putahatur
899 708 1111 762 decima
1146 713 1323 769 sexta,
1357 707 1403 761 si
1434 706 1489 760 in
1535 704 1833 761 secundam
1868 704 2058 759 feriam

479 803 821 863 incurreret,
880 798 1239 854 antecedente
1302 797 1587 852 Dominica
1641 795 1851 853 Pascha
1914 795 2058 850 cele-

480 895 692 959 brasse,
724 894 852 947 luna
883 892 1127 962 ipsorum
1161 907 1251 952 xv,
1283 889 1504 947 Nictena
1531 905 1653 954 xm,
1678 891 1820 960 quod
1842 896 1931 944 est
1958 886 2059 942 fal—

485 986 765 1041 sissimum
785 1002 800 1051 ;
821 995 876 1038 et
900 982 1237 1038 contrarium
1267 982 1473 1037 diserte
1497 981 1770 1037 Maximus
1800 979 2057 1045 afﬁrmat;

485 1074 741 1129 nimirum
771 1074 901 1128 luna
931 1074 1082 1143 ipsos
1115 1087 1252 1137 xxn,
1282 1079 1337 1126 et
1366 1071 1557 1127 eodem
1583 1071 1693 1138 die,
1727 1085 1834 1140 quo
1860 1068 2060 1124 Catho-

486 1166 643 1227 licos,
672 1164 883 1218 Pascha
920 1177 1081 1219 suum
1111 1162 1346 1229 abiisse;
1383 1163 1481 1219 sed
1517 1162 1829 1218 Catholicos
1872 1163 2059 1217 lunam

486 1273 557 1311 xx
591 1271 930 1316 numerasse,
961 1269 1124 1323 quam
1174 1253 1266 1309 isti
1297 1253 1465 1308 biduo
1499 1255 1734 1324 amplius
1774 1254 2057 1324 putabant.

482 1348 619 1403 Cum
675 1358 856 1402 autem
908 1347 1037 1401 luna
1091 1360 1182 1401 xw
1230 1346 1288 1400 in
1333 1346 1670 1401 Dominicam
1724 1346 2058 1410 incurrebat,

484 1439 706 1509 utrique
732 1441 793 1494 in
828 1451 1145 1509 sequentem
1193 1439 1529 1494 Dominicam
1559 1438 1770 1494 Pascha
1796 1452 2059 1508 proroga-

483 1532 647 1591 bant;
696 1546 857 1601 quam
912 1532 1345 1602 undecuplantes
1395 1532 1578 1585 lunam
1628 1545 1751 1586 esse
1804 1529 2058 1584 volebant

484 1637 646 1687 xxltt,
676 1621 943 1676 Catholici
976 1639 1088 1676 xxt.

1079 1777 1313 1834 CAPUT
1346 1775 1463 1832 XV.

490 1890 941 1960 Undecuplatores
975 1889 1101 1968 illos
1139 1888 1202 1943 de
1229 1887 1445 1968 quibus,
1467 1886 1572 1955 agit
1603 1884 1893 1968 Dia-rimus,
1929 1898 2059 1964 .usos

552 1978 665 2016 esse
694 1955 935 2028 computo
966 1955 1574 2026 Constantinopolitano,
1599 1966 1647 2010 et
1681 1955 1939 2028 Victorini
1969 1969 2061 2006 seu

554 2024 868 2085 Latinorum
896 2029 1154 2092 methodo,
1180 2030 1258 2081 ita
1296 2024 1468 2082 tamen
1506 2037 1561 2079 ut
1606 2044 1639 2079 a
1669 2024 2061 2079 Catholicorum

557 2102 798 2155 instituto
832 2116 935 2153 non
977 2099 1334 2162 abhorrerent,
1379 2107 1744 2166 contra-quam
1787 2093 2059 2147 Maximus

552 2182 603 2226 et
629 2171 872 2241 Scaliger
893 2170 1139 2223 arbitrati
1165 2178 1309 2222 sunt.

558 2303 694 2359 Dum
725 2302 987 2358 attentius
1008 2318 1072 2358 ea
1102 2307 1534 2372 perscrutamur,
1574 2308 1695 2368 quae
1717 2296 1785 2351 de
1813 2293 2060 2349 undecu-

483 2394 786 2466 platorihus
809 2394 933 2450 istis
963 2392 1232 2448 Maximus
1261 2390 1446 2454 refert,
1474 2389 1621 2444 haud
1639 2388 1884 2469 vulgaria
1914 2400 2065 2456 qua:-

482 2489 607 2542 dam
658 2485 1177 2551 animadvertimus;
1206 2499 1383 2555 neque
1415 2480 1672 2544 Maximo,
1706 2488 1767 2534 ut
1801 2485 2060 2549 apparet,

486 2579 592 2650 ipsi
625 2580 881 2651 cognita;
916 2594 1095 2649 neque
1145 2574 1449 2646 Scaligero,
1490 2572 1583 2644 qui
1625 2571 1919 2626 Maximum
1963 2585 2062 2625 ex-

481 2674 684 2743 plicare
715 2678 948 2728 conatus
985 2677 1070 2728 est
1115 2689 1128 2725 :
1178 2680 1234 2725 et
1274 2669 1339 2723 ad
1368 2667 1616 2723 Gracum
1645 2674 1959 2736 computum
1999 2665 2066 2719 il-

482 2762 825 2820 lustrandum
853 2761 1120 2832 imprimis
1154 2761 1327 2816 utilia.
1357 2760 1468 2814 lloc
1491 2758 1658 2829 igitur
1680 2757 2065 2813 observatione

478 2857 668 2913 sedula
703 2855 1068 2925 comperimus
1099 2875 1110 2908 :
1145 2853 1604 2923 undecuplatores
1643 2851 1769 2906 illos
1807 2858 2064 2906 auctores

483 2949 656 3005 luisse
684 2945 925 3016 computi
969 2946 1198 3000 alterius
1226 2959 1257 2999 e
1288 2927 1526 3009 duobus,
1555 2956 1716 3012 quem
1748 2939 2063 2995 Constanti-

481 3040 859 3111 nopolitanum
903 3037 1344 3101 nominavimus;
1406 3035 1500 3106 qui
1556 3048 1683 3089 terte
1736 3031 2063 3087 Christianae

482 3132 720 3202 primum
771 3144 973 3184 annum
1022 3128 1180 3183 oll‘ert
1226 3127 1281 3182 in
1340 3142 1426 3191 eo,
1478 3127 1571 3196 qui
1605 3132 1690 3180 est
1739 3124 1807 3179 ab
1855 3123 2062 3177 Adamo

482 3223 659 3279 5509:
692 3222 837 3294 quod
870 3221 1065 3293 partim
1095 3236 1162 3276 ex
1193 3219 1363 3291 cyclis
1393 3218 1526 3274 solis
1560 3228 1612 3273 et
1641 3218 1781 3272 lunae
1810 3256 1823 3281 ,
1860 3214 2058 3286 partim
2087 3203 2131 3261 C

482 3332 549 3371 ex
576 3329 840 3369 annorum
876 3326 1101 3367 numero
1133 3321 1282 3367 certo
1311 3310 1606 3381 colligitur.
1656 3308 1860 3363 Scribit
1889 3307 2062 3362 Maxi-

481 3425 604 3465 mus
636 3408 813 3476 capite
834 3405 907 3461 ΧΙ
937 3404 1187 3477 partisJ,
1217 3406 1429 3476 cyclutn
1456 3405 1617 3468 lunae,
1651 3419 1812 3473 quem
1847 3403 1924 3457 illi
1956 3419 2060 3457 nu-

482 3507 699 3557 merant.
723 3515 803 3564 ιι,
841 3514 965 3571 eum
1002 3513 1124 3559 esse
1156 3512 1317 3567 quem
1348 3496 1463 3567 ipse
1499 3502 1782 3565 computat
1813 3510 1942 3559 xlv;
1977 3493 2061 3547 lu-

481 3598 634 3650 naris
689 3593 875 3662 cyclus
927 3588 1147 3644 Maximi
1189 3589 1333 3643 idem
1383 3596 1467 3645 est
1508 3602 1635 3643 cum
1681 3587 1948 3652 Romano,
2002 3594 2062 3641 ut

484 3700 652 3756 supra
683 3682 1197 3739 demonstravimus.
1227 3678 1397 3751 Igitur
1424 3680 1612 3752 cyclus
1643 3679 1852 3748 primus
1888 3677 2059 3731 unde-

485 3776 826 3847 cuplatorum
866 3782 951 3830 est
994 3772 1299 3838 Romanus,
1333 3773 1418 3828 vel
1449 3772 1665 3827 Maximi
1707 3779 1965 3841 quartus;
2004 3778 2060 3825 et

485 3868 695 3939 primus
724 3864 945 3920 Maximi
986 3872 1071 3920 est
1108 3864 1355 3919 decimus
1386 3864 1652 3934 septimus
1678 3863 1916 3918 illorum.
1952 3862 2059 3933 lgi-

482 3967 573 4013 tur
617 3960 806 4030 cyclus
850 3956 1062 4012 lunaris
1107 3955 1600 4026 undecuplatorum
1645 3966 1728 4010 est
1761 3955 1901 4012 idem
1932 3970 2057 4009 cum

480 4049 818 4112 Iudaeorum,
876 4061 941 4101 ac
987 4044 1277 4108 Victorini,
1328 4062 1425 4101 seu
1478 4044 1795 4101 Latinorum
1850 4046 2054 4117 cyclo:

482 4157 644 4213 quem
673 4156 796 4197 esse
824 4138 1116 4194 docuimus
1138 4155 1260 4194 aera:
1280 4137 1901 4208 Constantinopolitanze
1930 4153 2053 4208 pro-

483 4232 682 4301 priutn.
713 4230 906 4285 Annus
949 4229 1162 4298 primus
1211 4243 1335 4283 aera:
1379 4227 1706 4283 Christianae
1752 4227 2055 4282 Romanum

482 4322 697 4394 Cyclum
738 4319 947 4381 habuit,
984 4320 1117 4375 solis
1153 4335 1205 4385 ι,
1241 4318 1384 4372 lunae
1426 4333 1483 4370 ιι.
1531 4320 1722 4372 Annus
1775 4317 1915 4372 5509
1963 4319 2056 4371 dat

483 4412 695 4483 cyclum
726 4409 858 4464 solis
885 4423 1001 4476 χχι,
1028 4411 1169 4463 lunae
1203 4424 1355 4463 xvttt.
1390 4407 1584 4463 Annus
1613 4424 1742 4463 vero
1774 4408 1932 4473 5495,
1967 4425 2056 4465 so-

482 4501 552 4558 lis
575 4517 628 4566 v,
676 4500 819 4554 lunae
852 4513 914 4553 ιι.
956 4497 1033 4552 Ita
1084 4498 1295 4555 lunaris
1324 4499 1509 4570 cyclus
1555 4497 2053 4567 Constantinopoli-

481 4593 593 4646 tani
650 4590 889 4661 computi
941 4586 1111 4645 di'stat
1168 4605 1198 4644 a
1262 4589 1512 4646 Romano
1564 4598 1618 4645 et
1663 4589 2051 4656 Alexandrino,

482 4700 643 4755 quem
679 4683 945 4738 Maximus
990 4690 1243 4752 usurpat,
1276 4682 1550 4748 sedecim;
1583 4682 1657 4736 ita
1702 4691 1761 4736 ut
1808 4683 2053 4739 decimus

483 4779 748 4849 septimus
798 4774 1447 4845 Constantinopolitanus
1503 4790 1627 4830 cum
1685 4774 2052 4830 Alexandrino

482 4872 660 4942 primo
692 4876 1004 4924 concurrat.
1032 4866 1233 4938 Cyclus
1270 4883 1402 4922 vero
1432 4868 1630 4923 solaris
1664 4867 2053 4922 Constantino-

481 4962 756 5032 politanus
804 4958 1174 5035 Alexandrino
1221 4958 1401 5012 minor
1445 4967 1530 5013 est
1581 4957 1908 5023 duodecim,
1950 4960 2052 5014 hoc

481 5061 566 5108 est
593 5052 805 5122 primus
843 5051 1011 5116 illius,
1043 5048 1209 5118 hujus
1244 5056 1329 5104 est
1353 5049 1601 5105 decimus
1633 5052 1844 5106 tertius.
1872 5050 2051 5117 Quare

481 5158 607 5200 cum
656 5143 794 5214 cycli
829 5140 1182 5197 Alexandrini
1223 5140 1419 5195 solaris
1458 5143 1670 5210 primus
1718 5142 1789 5196 sit
1820 5139 2048 5196 Romani

484 5240 697 5299 sextus,
739 5230 1327 5301 Constantinopolitani
1354 5231 1492 5300 cycli
1527 5232 1737 5302 primus
1777 5232 1880 5286 erit
1904 5242 2050 5284 octa-

482 5341 584 5381 vus
608 5306 856 5380 decimus
882 5324 1111 5378 Romani
1143 5341 1159 5389 ;
1189 5338 1308 5393 qua:
1335 5325 1517 5377 omnia
1564 5323 2048 5393 undecuplatorum

483 5417 638 5487 cyclo
685 5423 1022 5485 competunt,
1059 5425 1119 5470 ut
1144 5415 1366 5469 minime
1404 5412 1626 5468 dubium
1667 5414 1738 5469 sit
1784 5414 2051 5469 Constan-

483 5508 903 5577 tinopolitanum
936 5513 1251 5576 computum
1280 5505 1402 5560 illos
1438 5505 1696 5560 tenuisse.

552 5637 821 5694 Pmterea
853 5639 999 5709 quod
1023 5638 1292 5693 Maximus
1314 5638 1409 5701 ait,
1437 5636 1505 5690 ad
1534 5651 1707 5692 annos
1736 5636 1927 5691 Adami
1954 5638 2048 5692 ad-

481 5727 690 5783 didisse
724 5728 849 5783 illos
895 5727 1156 5793 sedecim,
1197 5727 1566 5796 conjecturam
1601 5733 1843 5781 nostram
1887 5727 2047 5782 unice

485 5820 790 5877 conﬁrmat.
823 5819 936 5877 Hoc
969 5821 1114 5878 enim
1158 5819 1760 5890 Constantinopolitano
1791 5826 2046 5889 computo

2160 611 2214 664 in
2247 608 2617 666 Alexandrino
2642 613 2960 662 numeratur
2983 604 3161 671 5495;
3193 605 3249 659 in
3274 604 3732 675 Constantinopo-

2161 702 2353 767 litano,
2396 700 2557 756 5509.
2593 698 2942 753 Intervallum
2975 699 3103 753 anni
3142 714 3253 753 xw.
3299 695 3438 753 Hinc
3466 699 3628 754 etiam
3666 701 3735 753 il-

2160 793 2251 849 lud
2290 800 2538 864 apparet,
2575 806 2760 847 verum
2793 791 2847 845 id
2879 806 3003 847 esse
3032 790 3177 861 quod
3222 801 3345 845 ante
3383 792 3733 849 sumusodo-

2158 884 2287 949 rati,
2324 899 2489 954 quam
2533 884 2602 938 de
2633 882 3125 953 undecuplatorum
3161 882 3316 953 cyclo
3345 881 3438 937 illo
3467 882 3733 952 cogitare-

2161 995 2303 1042 mus,
2328 977 2988 1046 Constantinopolitanum
3013 968 3327 1045 computum
3354 974 3422 1029 ad
3442 973 3732 1040 Victorini,

2162 1070 2278 1125 sive
2304 1068 2625 1125 Latinorum
2658 1067 2996 1134 methodum,
3024 1075 3078 1123 et
3105 1065 3391 1121 Judaicum
3415 1068 3627 1137 cyclum
3654 1068 3736 1120 Iu-

2159 1157 2350 1217 narem
2387 1160 2854 1217 accommodatum
2893 1174 2924 1213 a
2966 1159 3170 1215 Cra-cis
3199 1159 3386 1215 fuisse.
3418 1159 3554 1214 Cum
3588 1160 3734 1215 enim

2163 1253 2378 1309 lunaris
2406 1253 2510 1307 hoc
2544 1252 2732 1323 cyclus
2767 1252 2884 1321 ipse
2918 1251 3228 1322 persuadet,
3255 1259 3369 1305 tum
3402 1251 3547 1321 quod
3580 1265 3611 1306 a
3638 1250 3732 1306 Ja-

2161 1345 2343 1399 nuarii
2381 1344 2639 1399 Kalendis
2668 1343 2954 1398 ratiocinia
2979 1343 3123 1396 lunae
3156 1342 3516 1407 deducerent,
3560 1352 3619 1397 ut
3654 1351 3737 1398 te-

2162 1444 2342 1493 statur
2373 1435 2680 1490 Maximus:
2708 1436 2852 1506 quod
2886 1442 2940 1489 et
2984 1432 3205 1490 Latinos
3253 1435 3557 1492 instituisse
3590 1434 3737 1489 Beda

2161 1533 2429 1581 memorat
2488 1526 2584 1581 lib.
2632 1524 2710 1579 De
2771 1534 3061 1594 temporum
3105 1525 3309 1578 ratione
3352 1540 3473 1595 cap.
3521 1523 3735 1590 LlV,et

2163 1616 2473 1674 Victorinus
2513 1618 2631 1689 ipse
2663 1617 2717 1673 in
2748 1615 3072 1674 Praefatione
3101 1618 3168 1673 ad
3215 1616 3479 1673 Hilarium
3513 1634 3729 1689 papam,

2162 1723 2327 1779 quam
2358 1710 2414 1765 in
2457 1719 2603 1764 torno
2632 1708 2676 1763 ll
2706 1708 2783 1763 De
2813 1708 3055 1762 doctrina
3089 1718 3376 1778 temporum
3430 1709 3729 1775 edidimus;

2163 1802 2303 1856 adeo
2340 1808 2401 1855 ut
2445 1800 2701 1856 Kalendas
2740 1798 3015 1855 Januariaa
3047 1815 3225 1856 canon
3265 1799 3733 1859 fueritPaschalis

2164 1892 2415 1963 syzygiae.
2449 1890 2674 1947 Accedit
2699 1899 2755 1947 et
2794 1892 2981 1963 cyclus
3012 1893 3150 1962 ipse,
3182 1907 3293 1963 quo
3329 1893 3413 1947 usi
3460 1894 3538 1947 illi
3580 1902 3733 1959 sunt,

2162 1998 2429 2038 annorum
2479 1997 2686 2045 nxxxn,
2734 1982 2893 2052 cujus
2953 1983 3203 2038 inventor
3259 1983 3362 2039 fuit
3393 1983 3734 2043 Victorinus.

2163 2072 2320 2128 Unde
2351 2073 2652 2129 verisimile
2698 2072 2755 2128 ﬁt
2799 2089 2831 2127 a
2875 2072 3087 2129 Latinis
3127 2082 3297 2130 totum
3349 2077 3482 2132 illud
3514 2076 3735 2137 Graecos

2162 2179 2289 2220 esse
2314 2171 2591 2220 mutuatos
2631 2164 2734 2219 sub
2769 2171 2980 2218 aetatem
3031 2164 3271 2221 Maximi.
3309 2165 3387 2221 Ex
3416 2184 3525 2238 quo
3552 2179 3607 2225 et
3629 2172 3734 2227 hoc

2164 2256 2411 2326 πόρισμα
2460 2261 2737 2325 sequitur,
2793 2262 2942 2310 recte
2996 2271 3099 2312 nos
3154 2264 3346 2312 contra
3394 2258 3733 2330 Scaligerum

2166 2346 2529 2416 pertendisse,
2551 2345 3219 2416 Constantinopolitanam
3239 2363 3403 2404 teram
3428 2349 3587 2420 longe
3607 2367 3733 2408 esse

2167 2440 2552 2506 recentiorem,
2581 2454 2743 2510 quam
2776 2447 2872 2494 aut
2903 2438 3175 2497 Panodori
3202 2456 3468 2498 annorum
3501 2443 3641 2498 5492
3664 2446 3732 2499 ad

2166 2530 2445 2587 Christum
2512 2546 2722 2602 usque,
2781 2538 2880 2586 aut
2930 2531 3176 2587 Africani
3242 2547 3509 2588 annorum
3572 2534 3731 2590 5500.

2165 2620 2378 2694 Quippe
2419 2622 2691 2679 Maximus
2733 2623 2814 2679 sic
2841 2625 2910 2678 de
2936 2624 3407 2694 computatoribus
3444 2624 3612 2690 hisce,
3639 2624 3732 2696 qui

2165 2728 2253 2767 xvr
2284 2711 2352 2766 ad
2378 2726 2546 2768 teram
2585 2711 2779 2766 Adami
2814 2710 3155 2782 adjecerunt,
3182 2715 3338 2784 quasi
3365 2714 3433 2770 de
3467 2717 3732 2771 recentio-

2163 2803 2318 2859 ribus
2339 2809 2395 2858 et
2424 2803 2724 2873 aequalibus
2753 2818 2892 2873 pene
2919 2804 3059 2870 suis,
3089 2804 3335 2874 loquitur

2236 2896 2369 2962 Qua:
2399 2909 2524 2949 cum
2563 2895 2639 2950 ita
2679 2895 2824 2959 sint,
2863 2893 2933 2950 de
2972 2894 3489 2965 undecuplatorihus
3519 2898 3640 2953 istis
3668 2914 3731 2954 ea

2164 2986 2512 3058 intelligenda
2549 2995 2679 3042 sunt
2708 2987 2892 3042 omnia
2911 3026 2928 3049 ,
2963 3002 3085 3057 quae
3116 2989 3297 3058 capite
3333 2991 3492 3043 tertio
3524 2991 3594 3045 de
3622 3007 3729 3046 aera

2163 3080 2764 3150 Constantinopolitana
2801 3080 3162 3150 scripsimus;
3202 3081 3581 3153 imprimisque
3650 3086 3729 3141 sic

2164 3174 2289 3229 illos
2323 3189 2354 3228 a
2390 3172 2634 3240 Latinis,
2674 3180 2769 3228 aut
2802 3171 3006 3229 ludatis
3045 3175 3292 3230 lunarem
3344 3175 3560 3246 cyclum
3601 3192 3727 3231 mu-

2162 3272 2341 3322 tuatos
2371 3280 2527 3328 esse,
2562 3277 2624 3319 ut
2660 3279 2848 3320 eorum
2884 3265 2941 3319 in
2973 3263 3240 3320 Paschate
3273 3267 3599 3321 celebrando
3633 3284 3725 3322 ne-

2161 3371 2434 3427 quaquam
2476 3356 2824 3411 imitarentur
2853 3372 3102 3420 errores,
3139 3358 3234 3412 sed
3272 3373 3397 3413 cum
3428 3357 3725 3415 Catholicis

2161 3449 2412 3506 eumdem
2446 3447 2587 3503 diem
2625 3448 2972 3504 obtinerent:
3015 3448 3119 3504 hoc
3156 3465 3268 3504 uno
3305 3448 3685 3520 discrepantes
3707 3491 3723 3514 ,

2159 3543 2304 3612 quod
2343 3539 2700 3610 epilogismos
2738 3538 3188 3604 neomeniarum,
3244 3540 3723 3596 vel-terminorum

2160 3632 2316 3687 aliter
2348 3631 2719 3688 instituerent.
2753 3630 2833 3685 Ac
2859 3630 3160 3686 vehemens
3177 3638 3261 3687 est
3293 3630 3569 3701 suspicio,
3601 3631 3722 3686 illos

2158 3722 2397 3778 methodi
2438 3728 2652 3776 tantum
2689 3720 2899 3791 gratia,
2938 3726 2993 3776 et
3029 3728 3087 3774 ut
3119 3722 3384 3776 veriorem
3430 3723 3571 3777 luna:
3608 3725 3720 3777 cal-

2158 3814 2342 3868 oulum
2384 3818 2832 3883 assequerentur.
2873 3810 3272 3880 scrupulariam
3309 3813 3469 3867 istam
3508 3811 3721 3866 ratiun-

2158 3907 2336 3959 culam
2382 3904 2720 3974 adiunxisse.
2756 3901 2897 3957 Nam
2927 3917 3053 3958 cum
3090 3916 3121 3955 a
3154 3901 3390 3967 Iudaeis,
3427 3910 3520 3956 aut
3552 3913 3720 3958 astro-

2158 3998 2388 4053 nomicis
2417 3996 2621 4051 tabulis
2649 3995 3045 4066 intelligerent,
3073 3995 3350 4049 novilunia
3373 3992 3720 4050 Paschalilms

2156 4102 2280 4142 esse
2318 4085 2620 4141 neomeniis
2662 4085 2975 4149 anteriora,
3026 4084 3107 4140 sic
3152 4092 3215 4138 ut
3257 4098 3333 4139 ea:
3378 4084 3434 4138 in
3476 4086 3719 4140 lunarem

2157 4177 2352 4244 φάσιν,
2385 4176 2487 4230 hoc
2509 4183 2594 4231 est
2626 4175 2919 4232 secundam
2950 4175 3132 4229 lunam
3169 4174 3471 4229 inciderent
3497 4191 3512 4239 ;
3538 4183 3594 4230 et
3612 4183 3716 4230 ter-

2156 4268 2329 4333 mini,
2363 4268 2478 4323 sive
2503 4277 2711 4338 quarta:
2740 4267 2967 4323 decima»
3000 4268 3054 4320 in
3088 4265 3385 4335 plenilunia
3420 4265 3534 4320 fere
3566 4267 3715 4322 cade-

2159 4366 2282 4414 rent
2306 4378 2319 4414 :
2349 4359 2495 4429 quod
2521 4358 2741 4413 Maximi
2763 4358 2964 4413 saeculo
2991 4357 3333 4427 potissimum
3373 4357 3717 4413 animadver-

2156 4467 2275 4506 sum
2316 4458 2439 4505 est:
2476 4450 2740 4504 rationem
2776 4449 3014 4518 aliquam
3054 4448 3191 4503 inire
3211 4448 3569 4515 studuerunt;
3600 4466 3715 4520 qua-

2085 4542 2129 4596 D
2158 4548 2371 4595 aetatem
2394 4541 2541 4595 luna:
2563 4540 2879 4595 accuratius
2899 4539 3168 4602 redderet,
3187 4554 3416 4609 quaeque
3433 4542 3714 4608 terminos,

2156 4632 2273 4687 sive
2295 4631 2541 4688 Nictenas
2561 4641 2788 4702 quartas
2810 4630 3081 4695 decimas,
3110 4632 3166 4686 in
3187 4633 3411 4702 quintas
3443 4632 3714 4690 decimas.

2154 4721 2462 4791 cujusmodi
2486 4722 2599 4777 fere
2618 4729 2734 4776 tum
2760 4729 2919 4777 erant
2937 4760 2954 4788 ,
2977 4731 3360 4780 commutaret.
3385 4724 3466 4779 Ad
3489 4725 3543 4779 id
3564 4741 3693 4781 sexa

2153 4815 2487 4886 gesimarum
2508 4814 2860 4885 epilogismos
2877 4817 3173 4870 commenti
3195 4826 3324 4872 sunt
3346 4818 3464 4887 ;qui
3484 4833 3594 4872 uno
3609 4818 3712 4874 die.

2151 4906 2235 4959 vel
2265 4903 2434 4959 biduo
2473 4918 2742 4959 summam
2779 4912 3062 4975 augerent.
3121 4904 3196 4961 De
3233 4906 3337 4960 hac
3376 4906 3719 4976 μεταπτώσει

2151 4995 2596 5058 noviluniornm,
2653 5011 2716 5050 ac
2764 4998 3173 5051 neomeniarum
3216 4994 3562 5051 Paschalium
3600 4996 3721 5053 fusa

2151 5088 2552 5157 disputavimus
2583 5087 2639 5142 in
2666 5085 2708 5141 V
2738 5086 2809 5141 De
2838 5086 3079 5141 doctrina
3102 5098 3422 5157 temporum,
3478 5091 3656 5159 capite
3696 5089 3708 5122 ¹

2149 5185 2204 5233 et
2230 5176 2744 5239 Xlll,ubiNicaenas
2776 5193 2902 5231 cum
2938 5179 3004 5232 iis
3041 5179 3398 5243 contulimus,
3431 5195 3552 5248 quae
3591 5178 3690 5234 Dio

2151 5269 2293 5341 nysii
2320 5268 2513 5340 Exigui
2540 5279 2783 5340 tempore
2813 5268 3053 5325 fuerunt.
3097 5270 3234 5325 Hinc
3277 5272 3447 5326 multa
3490 5273 3715 5328 dissolv-

2149 5362 2520 5432 explicarique
2556 5371 2824 5431 possunt,
2867 5377 2987 5431 qua:
3021 5361 3283 5419 adversus
3325 5362 3698 5433 undecuplato-

2149 5468 2240 5509 res
2276 5468 2308 5507 a
2343 5453 2580 5509 Maximo
2616 5462 2672 5509 et
2712 5452 2988 5525 Scaligero
3026 5455 3393 5512 disseruntur.
3436 5455 3704 5526 Siquidetr

2150 5546 2274 5603 illos
2294 5553 2448 5601 extra
2467 5546 2679 5616 culpam
2704 5554 2757 5600 et
2777 5546 3253 5614 reprehensionem
3275 5546 3448 5603 fuisse
3467 5556 3704 5603 constat.

2150 5640 2230 5702 si,
2257 5652 2378 5709 quae
2399 5645 2589 5693 nostra
2620 5637 2934 5708 conjectura
2964 5646 3081 5704 est,
3109 5638 3164 5693 id
3192 5654 3360 5692 unum
3391 5639 3447 5693 in
3481 5639 3572 5694 illa
3604 5654 3692 5694 me

2148 5729 2315 5785 thodo
2340 5738 2659 5801 spectarunt
2678 5770 2695 5795 ,
2723 5737 2782 5785 ut
2807 5739 3057 5785 exactum
3082 5731 3222 5786 lunae
3242 5730 3514 5785 calculum
3539 5746 3688 5803 τεχνι

2149 5820 2295 5890 κῶς,
2334 5837 2397 5878 ac
2432 5821 2730 5892 μεθοδικιῑκ
2768 5823 3086 5891 traderent;
3122 5838 3229 5880 non
3266 5830 3324 5877 ut
3358 5823 3413 5877 in
3448 5821 3707 5879 Pascbate
