4124 6436
413 399 550 457 1439

1488 401 1582 452 AD
1619 399 1890 454 EUSEBII
1929 398 2322 454 CllBONICON
2357 399 2716 455 APPENDIX.

3510 401 3658 460 “60

411 514 616 586 aliquid
645 523 969 570 mnovarent
997 534 1011 572 :
1045 516 1190 587 quod
1221 531 1316 571 eos
1345 516 1570 570 minime
1603 517 1798 572 fecisse
1829 517 1983 570 testis
2011 518 2058 574 Α
2083 517 2402 584 crepabunt.
2447 517 2600 583 Quod
2641 519 2784 570 cnim
2829 517 2894 570 de
2919 517 3042 570 luna
3067 532 3176 571 xsn
3202 525 3256 572 et
3291 533 3425 572 xxm
3461 518 3650 573 iisdem

411 621 534 662 esse
585 613 765 675 potest
819 605 1096 661 Maximus
1123 608 1309 677 (ipse;
1355 608 1449 677 qui
1491 608 1544 661 id
1588 623 1797 672 unum,
1841 607 1986 676 quod

416 698 686 762 diximus,
727 707 1004 768 Oppugnat
1028 737 1042 762 ,
1082 713 1216 753 sane
1251 713 1360 752 non
1397 699 1642 770 xatptov;
1681 715 1782 754 nec
1822 700 1988 755 ullius

417 790 480 843 ad
515 788 728 844 Pascha
763 790 1020 844 momenti
1049 807 1064 854 ;
1099 790 1242 858 quod
1275 805 1560 860 perperam
1593 791 1986 859 scrupulariam

417 875 564 933 illam
615 881 883 934 rationem
935 882 1405 936 administrarent.
1451 879 1628 952 Atque
1680 881 1784 935 hoc
1836 881 1986 951 ipsos

418 973 718 1042 elegantius
753 971 928 1026 facere
963 971 1209 1041 potuisse
1238 987 1350 1026 non
1381 987 1551 1042 nego;
1587 970 1682 1026 sed
1715 973 1854 1027 nihil
1883 973 1988 1026 hoc

418 1075 596 1118 tamen
629 1062 926 1118 Catholicis
957 1065 1156 1117 ritibus
1189 1063 1528 1119 adversatur.
1549 1063 1682 1117 Nam
1703 1065 1848 1134 quod
1871 1080 1988 1118 mo-

419 1155 556 1208 teste
588 1153 692 1208 fert
719 1153 988 1209 Maximus
1018 1155 1260 1225 quinque
1311 1155 1566 1225 scrupula
1605 1157 1762 1210 annis
1798 1155 1986 1225 singu-

417 1247 484 1301 lis
524 1247 778 1313 imputari
816 1247 882 1300 ad
918 1248 1264 1316 exemptilem
1303 1251 1766 1318 compensandum
1799 1247 1942 1302 diem
1967 1289 1986 1314 ,

421 1353 526 1391 non
569 1337 674 1392 hac
718 1339 835 1392 sola
881 1337 948 1393 de
989 1353 1156 1394 causa
1206 1339 1260 1394 id
1307 1339 1430 1394 illos
1459 1339 1768 1395 instituisse
1808 1347 1982 1408 puto;

415 1427 509 1480 sed
547 1433 606 1479 ut
639 1427 932 1482 terminum
971 1443 1096 1482 cum
1135 1429 1396 1484 exactiori
1441 1438 1594 1484 aetate
1627 1431 1770 1484 lunas
1801 1431 1988 1484 conci-

415 1517 632 1572 liarent.
675 1517 1042 1584 Nihilominus
1087 1528 1142 1574 et
1179 1529 1400 1590 propter
1435 1521 1578 1577 lunae
1625 1524 1822 1577 saltum
1863 1540 1988 1592 τεχ-

416 1609 582 1670 νικῶς
617 1610 871 1679 usurpari
903 1611 1078 1680 potuit
1107 1629 1118 1662 :
1152 1612 1606 1680 quemadmodum
1638 1613 1780 1668 Beda
1809 1616 1985 1684 capite

416 1701 508 1755 XL
532 1703 656 1758 libri
677 1702 758 1758 De
783 1705 986 1759 ratione
1015 1715 1300 1775 temporum
1323 1708 1518 1762 saltum
1545 1707 1792 1762 eumdem
1817 1708 1982 1772 lunae,

417 1793 532 1846 sive
557 1793 698 1857 diem
725 1796 1102 1864 exemptitium
1147 1811 1242 1866 per
1269 1813 1361 1850 tux
1417 1811 1588 1852 annos
1632 1799 1768 1868 cycli
1829 1798 1984 1852 luna-

415 1883 495 1936 ris
527 1884 754 1948 dividit,
793 1896 852 1940 ut
885 1887 1142 1955 paulatim
1178 1902 1240 1942 ac
1273 1903 1370 1957 per
1420 1887 1753 1943 incrementa
1802 1889 1986 1958 justus

417 1969 524 2026 diei
573 1972 768 2028 modus
815 1989 1162 2044 progressum
1211 1975 1426 2030 habeat.
1469 1974 1679 2030 Etenim
1733 1992 1985 2046 magnam

416 2064 798 2132 scrupulorum
837 2066 1068 2122 istorum
1107 2075 1314 2136 partem
1349 2067 1665 2137 negligunt,
1701 2068 1778 2120 ait
1815 2067 1988 2122 Maxi-

417 2170 560 2208 mus.
615 2153 818 2210 Verum
863 2165 949 2212 est
989 2157 1046 2210 id
1083 2157 1325 2227 quidem.
1371 2155 1504 2212 Nam
1547 2159 1696 2213 solos
1747 2159 1990 2228 integros

415 2246 536 2302 dies
565 2247 632 2302 ad
661 2263 929 2304 summam
953 2249 1372 2305 accommodant
1389 2289 1404 2314 ,
1427 2250 1693 2321 quidquid
1719 2251 1987 2321 reliquum

414 2347 502 2394 est
525 2337 592 2393 de
622 2340 930 2395 ratiuncula
951 2380 967 2406 ,
1009 2339 1112 2395 etsi
1151 2339 1220 2394 ad
1249 2341 1532 2411 sexaginta
1573 2341 1799 2412 propius
1834 2358 1987 2398 acce-

417 2429 512 2484 dat
533 2467 550 2494 ,
581 2431 802 2499 penitus
833 2433 1114 2487 omittunt.

491 2521 810 2591 Exemplum
841 2541 854 2576 :
889 2524 1047 2576 Anno
1078 2523 1218 2593 cyeli
1249 2523 1742 2594 undecuplatorum
1777 2525 1985 2582 lunaris

419 2626 592 2673 mn,
642 2613 734 2682 qui
769 2619 853 2668 est
897 2613 1390 2670 Alexandrinorum
1439 2631 1514 2678 ll,
1566 2617 1832 2672 terminus
1879 2617 1985 2671 Pa~

419 2703 621 2758 schalis
651 2711 770 2758 erat
791 2698 977 2758 Martii.
1002 2721 1130 2768 xxv,
1166 2707 1253 2762 die
1285 2707 1353 2762 84
1379 2722 1410 2761 a
1435 2707 1692 2764 Kalendis
1717 2707 1982 2765 Januarii.

421 2793 609 2849 Ductis
639 2797 802 2850 annis
839 2797 901 2850 18
935 2797 990 2852 in
1027 2799 1112 2861 ll,
1145 2800 1390 2854 conﬁunt
1417 2800 1534 2856 dies
1569 2801 1704 2867 198,
1739 2803 1830 2871 qui
1863 2819 1986 2858 cum

419 2886 488 2940 84
533 2885 770 2942 eﬂiciunt
797 2888 922 2944 282.
957 2887 1226 2961 Scrupula
1269 2892 1466 2948 deinde
1522 2893 1717 2948 diurna
1763 2895 1832 2949 84
1861 2911 1986 2950 cum

418 2977 516 3042 90,
547 2979 642 3049 qui
670 2995 738 3036 ex
773 2979 840 3034 18
887 2995 984 3050 per
1029 2981 1062 3036 5
1113 2983 1487 3054 multiplicatis
1537 2988 1822 3052 oriuntur,
1871 2987 1988 3044 dies

419 3067 660 3124 conﬂant
687 3070 753 3135 2,
785 3071 906 3128 54’;
939 3072 1139 3142 quibus
1173 3074 1240 3128 ad
1274 3075 1392 3132 dies
1422 3076 1530 3132 282
1561 3078 1762 3136 additis
1783 3119 1798 3144 ,
1835 3097 1987 3136 sum—

2091 609 2367 676 objicitur,
2415 609 2572 678 quasi
2605 607 2758 663 nefas
2790 609 2860 661 sit
2889 609 2942 662 in
2977 609 3084 665 illis
3119 609 3328 664 Pascha
3361 625 3650 680 peragere,

2091 701 2228 754 nihil
2263 701 2332 754 ad
2371 717 2483 756 rem
2521 703 2778 771 pertinet.
2815 701 3028 756 Etenim
3063 702 3210 756 aliud
3241 712 3326 757 est
3353 704 3653 760 sollicitare

2087 792 2353 846 terminos
2379 792 2526 861 ipsos
2543 831 2556 856 ,
2583 800 2638 846 et
2665 793 2886 861 antiqua
2915 793 3143 846 statione
3167 793 3435 860 depellere
3459 813 3472 846 :
3505 795 3652 849 aliud

2089 885 2278 938 iisdem
2309 885 2576 938 haerentes
2607 883 2830 948 diebus,
2863 899 2972 938 uno
2998 884 3086 938 die
3111 885 3196 938 vel
3225 885 3388 940 biduo
3417 887 3652 956 amplius

2088 989 2382 1028 numerare
2405 994 2418 1030 :
2449 989 2678 1044 quorum
2707 976 2858 1044 prius
2887 975 3004 1028 sine
3031 975 3248 1044 publica
3273 973 3530 1030 Ecclesia:
3553 993 3656 1030 au-

2089 1064 2344 1117 ctoritate
2377 1077 2487 1116 non
2536 1063 2772 1128 licebat;
2807 1065 3080 1132 posterius
3120 1064 3370 1118 eruditus
3415 1066 3652 1135 (unisque

2089 1169 2272 1208 rerum
2301 1156 2828 1218 astronomicarum,
2881 1163 3005 1208 ante
3045 1153 3431 1224 Gregorianam
3472 1173 3652 1210 emen-

2089 1247 2408 1312 «lationem,
2443 1246 2694 1316 privatim
2725 1246 2865 1300 citra
2891 1246 3364 1316 reprehensionem
3395 1247 3646 1303 instituit.

2094 1337 2208 1392 Hoc
2241 1339 2384 1392 enim
2417 1337 2554 1392 nihil
2585 1345 2704 1393 erat
2733 1337 2878 1392 aliud
2899 1377 2914 1400 ,
2947 1353 3108 1407 quam
3143 1353 3172 1390 a
3207 1339 3521 1394 coelestibus
3553 1357 3650 1394 no-

2087 1428 2308 1484 viluniis
2341 1428 2484 1482 lunas
2511 1435 2722 1482 :etatem
2771 1441 3082 1492 arcessere,
3128 1442 3237 1480 non
3277 1442 3308 1480 a
3349 1428 3658 1482 neomeniis-

2087 1516 2340 1572 civilibus
2361 1557 2376 1583 ,
2409 1531 2530 1588 quae
2555 1515 2814 1580 paulatim
2846 1516 3194 1572 decoret-ant.

2157 1604 2529 1672 Postremo;-de
2559 1605 2856 1672 majoribus
2889 1618 2952 1656 ac
2967 1601 3294 1658 Victorianis
3321 1605 3508 1674 cyclis,
3529 1606 3654 1675 qui-

2086 1698 2188 1752 bus
2215 1697 2667 1766 undecuplatores
2685 1735 2700 1757 ,
2728 1697 2837 1748 imo
2863 1694 3035 1749 Graeci
3062 1710 3251 1749 omnes
3277 1696 3331 1748 in
3359 1696 3474 1750 suis
3501 1711 3652 1750 com-

2085 1789 2232 1859 putis
2275 1789 2362 1844 usi
2411 1797 2570 1853 sunt,
2605 1788 2886 1842 sciendum
2933 1795 3016 1842 est
3061 1787 3128 1840 ab
3159 1787 3366 1840 Adamo
3399 1789 3522 1844 illos
3567 1789 3652 1842 in-

2087 1883 2269 1952 cipere
2295 1901 2307 1937 :
2342 1891 2402 1937 ut
2433 1897 2502 1937 ex
2533 1881 2682 1937 calce
2715 1881 2957 1949 computi
2989 1881 3209 1935 Maximi
3241 1883 3535 1951 colligitur.
3573 1881 3658 1937 lbi-

2087 1977 2234 2031 enim
2263 1975 2403 2046 cycli
2427 1973 2679 2028 undecim
2705 1973 3044 2044 explicantur
3068 1974 3135 2028 ab
3161 1974 3308 2029 orbis
3331 1974 3486 2028 initio
3512 1991 3526 2038 ;
3555 1991 3648 2029 an-

2089 2069 2256 2136 nique
2291 2066 2347 2120 in
2391 2080 2530 2134 quos
2571 2064 2774 2135 singuli
2818 2063 3076 2118 desinunt
3121 2072 3401 2119 notantur.
3447 2063 3650 2118 Horum

2091 2159 2316 2212 ultimus
2369 2156 2654 2211 terminari
2701 2154 2902 2208 dicitur
2947 2156 3004 2209 in
3061 2171 3205 2210 anno
3253 2172 3384 2210 mv
3437 2155 3651 2225 imperii

2089 2249 2471 2312 Constantini,
2523 2247 2616 2318 qui
2649 2254 2871 2318 putatur
2911 2245 3072 2302 5852.
3123 2246 3392 2302 Detractis
3432 2263 3498 2301 ex
3542 2263 3656 2301 me-

2090 2341 2259 2396 thodo
2309 2339 2538 2394 canonis
2592 2339 2628 2391 2
2679 2336 2876 2406 capitis
2923 2351 3060 2400 xm,
3100 2335 3223 2400 779,
3273 2336 3466 2404 reliqui
3519 2337 3656 2388 liunt

2091 2433 2216 2488 anni
2260 2429 2470 2503 periodi
2514 2429 2744 2484 Juliana:
2785 2429 2954 2492 5075,
2989 2428 3081 2497 qui
3124 2437 3210 2483 est
3237 2441 3414 2482 annus
3450 2425 3652 2480 Christi

2087 2524 2397 2580 communis
2451 2537 2638 2577 ccccx.
2695 2519 2873 2586 Quare
2926 2535 3026 2590 pro
3080 2519 3492 2572 Κωνσταντίνου
3541 2519 3655 2587 lege

2089 2615 2499 2682 Κωνσταντίου;
2533 2613 2634 2667 fuit
2661 2614 2804 2668 enim
2850 2626 2978 2667 xxtv
3019 2609 3342 2664 Constantii.
3383 2609 3551 2680 Igitur
3595 2611 3650 2663 in

2087 2725 2196 2764 tera
2225 2704 2984 2772 Alexandrina,duodecimus
3015 2703 3199 2774 cyclus
3234 2701 3496 2756 Victorini
3532 2701 3654 2755 iniit

2090 2817 2233 2856 anno
2265 2799 2468 2856 Christi
2504 2813 2713 2853 occur.
2746 2795 2864 2850 Jam
2895 2809 3022 2850 vero
3049 2792 3296 2848 deductis
3328 2793 3432 2846 795
3459 2793 3525 2846 de
3556 2807 3654 2844 an-

2087 2895 2176 2951 nis
2201 2893 2360 2959 5852,
2389 2899 2562 2948 restat
2581 2890 2722 2946 5057
2743 2889 2950 2959 periodi
2972 2887 3200 2940 .Iulianaa
3225 2885 3317 2955 qui
3347 2893 3430 2938 est
3451 2882 3654 2938 Christi

2089 2986 2330 3056 vulgaris
2363 2997 2608 3046 cccxmv,
2639 2995 2750 3051 quo
2783 2979 2840 3032 in
2871 2985 3126 3047 computo
3157 2974 3656 3062 Constantinopoli-

2089 3085 2254 3140 tano,
2300 3081 2355 3130 ct
2401 3071 2890 3142 undecuplatorum
2936 3068 3259 3122 terminatus
3303 3075 3388 3121 est
3435 3065 3658 3119 undeci—

419 3173 618 3260 maque
653 3176 751 3231 per
787 3161 856 3217 '50
888 3165 1088 3232 partita
1109 3205 1124 3230 ,
1161 3166 1370 3222 residui
1407 3175 1538 3223 sunt
1573 3167 1692 3224 dies
1729 3171 1796 3224 M
1817 3211 1832 3236 ,
1880 3171 1981 3227 δι’.
2017 3196 2064 3260 c
2093 3184 2215 3222 mus
2233 3165 2500 3220 Victorini
2527 3164 2744 3235 cyclus;
2767 3167 2821 3216 et
2846 3159 3200 3260 duodecimus
3225 3171 3369 3260 anno
3397 3163 3660 3260 sequente

419 3249 584 3319 Atqui
614 3251 879 3308 terminus
908 3253 1184 3312 Paschalis
1207 3258 1360 3329 cyclo
1384 3274 1517 3313 xvm
1539 3261 1756 3316 nonnisi
1781 3261 1990 3317 decima

421 3349 620 3411 quarta
667 3351 1014 3414 computatur
1061 3347 1115 3400 in
1154 3347 1418 3404 laterculo
1455 3350 1704 3406 sinistro.
1755 3352 1992 3422 Apparet

421 3447 584 3502 ergo,
617 3436 866 3505 quamvis
905 3437 1139 3492 solidum
1175 3440 1316 3495 diem
1347 3457 1508 3511 quam
1545 3443 1791 3512 proxime
1828 3459 1987 3498 sexa-

425 3524 760 3594 gesimarum
809 3527 1056 3585 calculus
1103 3533 1363 3602 attingat,
1401 3535 1508 3590 nisi
1542 3536 1792 3591 eumdem
1837 3552 1988 3592 com-

423 3616 596 3685 pleat,
633 3617 690 3672 in
729 3634 1020 3677 numerum
1059 3623 1284 3680 minime
1317 3626 1614 3694 procedere
1634 3667 1650 3692 ,
1678 3627 1826 3698 quod
1855 3643 1990 3683 sane

423 3711 712 3766 ridiculum
743 3719 859 3778 est,
893 3719 954 3766 ut
977 3721 1031 3768 et
1057 3713 1289 3770 Maximo
1317 3717 1548 3773 videtur.
1585 3715 1772 3788 Neque
1805 3727 1988 3774 tamen

423 3804 642 3874 gravior
677 3803 824 3868 inde,
858 3821 1022 3874 quam
1057 3807 1375 3864 stoliditatis
1408 3809 1731 3865 ascribenda
1763 3809 1874 3866 illis
1903 3819 1990 3866 est

423 3901 596 3951 nota:
631 3895 900 3966 siquidem
921 3897 980 3952 in
1017 3897 1286 3956 Paschate
1311 3899 1447 3955 nihil
1473 3916 1506 3957 a
1537 3899 1840 3958 Catholicis
1871 3901 1988 3958 dis-

2095 3275 2297 3316 cccxu
2330 3258 2620 3314 inchoatus
2654 3261 2757 3310 est.
2794 3249 3154 3319 Quamobrem
3176 3289 3191 3314 ,
3223 3249 3268 3304 si
3297 3263 3472 3302 annos
3512 3247 3657 3301 solos

2097 3365 2332 3406 terarum
2367 3349 2682 3405 Gratcarum
2717 3345 2978 3400 adhibeas
3005 3382 3020 3409 ,
3074 3342 3263 3396 iisdem
3315 3340 3474 3394 annis
3513 3338 3658 3394 desi-

2096 3451 2254 3507 nunt,
2287 3443 2542 3496 ineuntve
2572 3436 2896 3502 IVictoriani
2942 3434 3100 3506 cycli.
3145 3432 3240 3488 Sin
3276 3430 3342 3485 ad
3365 3445 3510 3484 anno
3539 3443 3660 3482 atra:

2097 3535 2302 3592 Christi
2344 3532 2649 3588 communis
2682 3528 2889 3584 referas
2913 3569 2928 3593 ,
2961 3527 3118 3581 annis
3165 3523 3400 3580 sedecim
3447 3521 3656 3575 tardius

2093 3629 2151 3683 in
2190 3625 2590 3691 Alexandrina,
2633 3636 2796 3691 quam
2829 3619 2884 3672 in
2915 3613 3512 3684 Constantinopolitana
3537 3611 3654 3664 lini-

2095 3723 2265 3772 untur
2289 3733 2303 3780 ;
2327 3711 2769 3784 quandoquidem
2808 3714 2887 3763 tot
2919 3705 3086 3774 ianuis
3113 3703 3288 3773 major
3325 3707 3409 3756 est
3447 3712 3656 3754 summa

2095 3811 2165 3864 ab
2197 3807 2405 3862 Adamo
2437 3805 2505 3860 ad
2535 3805 2750 3860 initium
2783 3816 2903 3856 aenae
2934 3798 3240 3854 communis
3270 3796 3326 3851 in
3357 3792 3656 3866 posteriore

2095 3910 2352 3971 computo
2371 3943 2385 3967 ,
2416 3914 2578 3970 quam
2609 3897 2664 3951 in
2695 3893 3078 3950 Alexandrino.
