3924 6266
412 411 479 465 15
702 406 707 411 ’
1375 405 1711 462 EUSEBIUS
1750 402 2229 464 CIESARIENSIS
2268 400 2665 460 EPISCOPUS.
3570 404 3643 460 16

318 598 321 601 ἢ
403 541 602 591 meum,
641 525 668 597 ᾗ
699 524 752 578 2.
789 524 952 579 Henr.
982 522 1232 579 Valesius
1256 538 1308 594 p.
1348 522 1413 577 10
1473 524 1539 578 ad
1576 524 1793 582 Eusebii
1816 523 1953 579 Hist.
1994 528 2035 582 Α
2064 521 2269 586 rubris,
2297 527 2355 575 ut
2373 519 2533 575 hodie
2559 519 2885 576 Kalendaria
2920 525 3109 577 nostra
3160 519 3357 583 solent,
3411 517 3642 575 fuerunt

403 617 808 673 vetustissimos
832 617 1052 671 codices
1079 615 1262 669 laudat
1308 615 1658 679 Acutiauum,
1694 612 1864 684 Lipsii
1915 627 1968 671 et

402 704 611 762 Ortelii.
628 703 834 762 Laudat
849 723 1063 779 quoque
1082 705 1511 761 vetustissimam
1541 706 1833 761 editionem
1860 705 1969 762 Me-

401 798 779 855 diolanensem
805 841 820 867 ,
847 815 1010 871 quam
1044 815 1147 856 nec
1165 799 1442 854 Pontacus
1474 814 1575 854 nec
1625 797 1868 871 Scaliger
1888 796 1968 852 vi-

400 889 563 944 derit.
594 888 1077 945 Consuluitlamen
1100 888 1372 945 Arnoldus
1401 887 1698 954 Pontacus,
1756 888 1964 959 episco-

400 998 504 1052 pus
524 980 866 1049 Vasatensis,
910 990 1106 1053 praeter
1142 981 1359 1037 codices
1400 997 1512 1037 mss
1536 981 1968 1051 duodetriginta,

398 1074 668 1129 editiones
696 1082 843 1141 octo,
883 1083 1045 1146 atque
1072 1090 1137 1129 ex
1165 1074 1273 1129 illis
1304 1074 1620 1144 praeclaram
1652 1088 1805 1128 suam
1837 1088 1969 1127 con-

398 1166 661 1233 cinnavit,
687 1168 742 1222 in
770 1184 877 1239 qua
908 1169 1106 1240 mirpm
1140 1168 1379 1224 studium
1437 1176 1598 1238 atque
1642 1166 1969 1222 industriam

400 1275 508 1314 non
533 1260 803 1315 dubitavit
824 1262 986 1316 etiam
1023 1261 1263 1332 Scaliger
1303 1260 1464 1330 epist.
1510 1260 1632 1324 104,
1679 1275 1803 1330 pag.
1866 1257 1971 1312 372

398 1366 540 1422 seq.,
574 1359 736 1422 atque
760 1352 885 1408 alibi
906 1353 1181 1419 omnibus,
1213 1352 1466 1407 laudibus
1522 1351 1798 1422 prosequi,
1856 1350 1971 1403 edi-

396 1444 643 1514 torisque
693 1444 1021 1508 doctrinam,
1066 1443 1379 1508 candorem,
1425 1442 1747 1497 modestiam
1786 1447 1841 1493 et
1888 1440 1972 1493 di-

399 1538 674 1610 ligentiam
707 1537 1005 1593 celebrare.
1044 1536 1111 1589 Et
1147 1537 1390 1592 omnium
1433 1534 1839 1591 correctissima
1877 1548 1971 1586 vo-

398 1637 555 1683 catur
580 1626 664 1685 Jo.
705 1627 914 1683 Morino
938 1643 1061 1698 pag.
1091 1627 1193 1681 277
1230 1626 1419 1682 Eccere.
1472 1626 1597 1681 bibl.
1658 1623 1971 1694 Prodiitque

400 1721 544 1776 notis
566 1719 791 1774 Pontaci
824 1728 876 1776 et
909 1720 1362 1790 castigationibus
1392 1719 1661 1774 illustrala
1704 1733 1815 1771 una
1843 1730 1968 1770 cum

392 1813 653 1883 'Prosperi
681 1812 940 1867 Chronico
975 1853 989 1877 ,
1031 1812 1332 1885 Burdigalm
1371 1810 1529 1875 1604,
1568 1810 1685 1874 fol.,
1718 1808 1813 1866 sed
1842 1821 1968 1861 raro

398 1906 560 1962 hodie
589 1907 889 1976 reperitur.
922 1904 1108 1976 Neque
1136 1905 1314 1960 ubivis
1345 1904 1502 1959 obvia
1527 1905 1695 1959 altera
1740 1902 1967 1957 Auberti

398 1997 588 2063 Miraei,
610 1997 970 2067 posteriorem
998 2004 1209 2051 tantum
1238 2004 1448 2066 partem
1511 2012 1541 2049 a
1592 1995 1811 2051 Christo
1843 2003 1972 2049 nato

394 2091 679 2154 exhibens,
720 2090 1013 2161 additaque
1043 2089 1250 2144 habens
1280 2088 1547 2143 Chronica
1600 2086 1871 2159 Sigeberti
1918 2097 1972 2142 et

394 2182 636 2238 Anselmi
664 2181 1095 2242 Gcmblacencis,
1128 2181 1403 2250 Antwerp.
1423 2179 1581 2244 1608,
1600 2180 1743 2250 4(a).
1773 2178 1974 2236 Confer

396 2276 633 2347 Ittigium
677 2275 749 2328 De
779 2274 1104 2329 bibliothecis
1150 2273 1397 2334 Patrum,
1429 2289 1486 2343 p.
1519 2274 1641 2327 745.
1674 2271 1839 2326 ann.

478 2370 689 2428 Fabric.
707 2367 761 2421 in
781 2374 908 2421 nota
933 2366 1194 2438 quasdam
1228 2365 1529 2419 nominavit
1563 2363 1713 2432 edd.,
1736 2364 1831 2419 sed
1856 2365 1970 2434 ple-

399 2460 607 2513 niorem
635 2458 966 2514 substituere
987 2458 1142 2528 juvat
1171 2458 1385 2511 illarum
1412 2456 1737 2525 catalogum.
1771 2455 1972 2509 Ponta-

397 2564 497 2604 cus
526 2565 742 2620 quoque
767 2551 869 2606 sub
918 2550 1077 2605 linem
1145 2550 1446 2618 Apparatus
1498 2548 1775 2603 recensuit
1815 2546 1967 2600 codd.

400 2640 600 2710 quibus
628 2655 761 2694 usus
789 2648 896 2705 est,
947 2640 1321 2709 plurimasque
1365 2638 1633 2692 editiones
1664 2634 1758 2709 (b).
1814 2635 1970 2690 Prin-

397 2749 524 2803 ceps
554 2732 744 2800 editio,
769 2748 890 2803 quae
923 2733 1085 2787 etiam
1123 2732 1434 2786 custoditur
1460 2731 1515 2785 in
1539 2730 1670 2785 bibl.
1724 2730 1967 2786 academ.

397 2824 740 2897 Erlangensi,
773 2832 856 2880 est
878 2825 997 2879 sine
1028 2824 1208 2891 titulo,
1259 2832 1389 2878 nota
1416 2824 1543 2877 anni
1573 2823 1807 2893 locique,
1851 2823 1971 2879 sine

399 2917 567 2988 virgis
604 2924 659 2970 et
685 2916 902 2971 lineolis
933 2916 1283 2982 transversis,
1320 2916 1375 2969 in
1398 2915 1447 2968 4.
1483 2914 1565 2968 Ah
1594 2915 1761 2969 altera
1808 2914 1969 2985 primi

396 3009 515 3064 l‘olii
553 3017 707 3080 parte
739 3016 864 3063 sunt
886 3008 990 3062 tria
1026 3007 1259 3062 editoris
1289 3007 1504 3062 Boninii
1533 3007 1829 3062 Momhritii
1856 3008 1972 3078 epi-

402 3107 722 3171 grammata,
756 3116 821 3155 ex
841 3116 1073 3170 quorum
1120 3099 1295 3170 primo
1332 3108 1556 3170 apparet
1610 3114 1770 3170 opus,
1825 3100 1967 3170 quod

400 3194 641 3247 continet
673 3190 968 3247 Chronicon
995 3192 1205 3247 Eusebii
1248 3210 1281 3246 a
1317 3191 1373 3248 S.
1429 3190 1749 3263 Hieronymo
1783 3190 1969 3245 Latine

400 3301 624 3348 versum,
661 3284 729 3339 ab
757 3283 946 3340 eodem
974 3295 1028 3338 et
1054 3283 1324 3355 Prospero
1350 3283 1662 3339 Britannico
1692 3283 1971 3338 Matthmo-

400 3391 508 3445 que
534 3375 801 3431 Palmerio
838 3376 1236 3442 continuatum,
1260 3393 1383 3433 esse
1412 3392 1673 3433 excusum
1709 3391 1803 3446 per
1835 3374 1967 3429 Phi-

394 3468 606 3537 lippum
666 3465 965 3523 Lavanium
1025 3466 1333 3539 (Mediolani
1399 3468 1543 3523 circa
1604 3482 1734 3521 ann.
1787 3466 1966 3521 1475?.

400 3558 568 3612 Plura
590 3558 657 3614 de
673 3559 773 3613 hac
796 3559 924 3613 edit.
945 3576 994 3612 v.
1027 3559 1169 3628 apud
1192 3557 1527 3628 Hamberger
1546 3557 1740 3612 zucerl.
1766 3555 1966 3611 Nachr.

403 3647 466 3710 II,
493 3664 544 3718 p.
582 3648 672 3716 70;
705 3648 970 3705 Clement.
998 3649 1251 3705 Bibliotlt.
1293 3647 1433 3711 VIII,
1467 3664 1519 3719 p.
1576 3649 1679 3702 170
1739 3663 1880 3717 seq.,
1917 3656 1971 3701 et

401 3754 542 3810 quos
557 3741 775 3796 laudavi
795 3741 849 3795 in
878 3737 1154 3795 Introduc.
1173 3737 1209 3792 ι.
1229 3743 1580 3814 c.,pag.218.
1598 3739 1739 3796 Add.
1763 3738 1973 3794 Panzer

402 3828 469 3884 Α.
510 3828 571 3883 Τ.
603 3827 644 3881 ll
672 3868 687 3893 ,
723 3844 842 3899 pag.
872 3829 960 3884 94.
1004 3846 1011 3853 '

475 3918 689 3973 Eusebii
721 3918 1035 3984 Chronicon,
1088 3920 1152 3973 ab
1174 3919 1496 3990 Hieronymo
1517 3918 1707 3974 Latine
1738 3936 1969 3984 versum,

404 4011 470 4065 ab
490 4011 669 4066 eodem
697 4019 745 4066 et
773 4029 804 4064 a
828 4011 1090 4083 Prospero
1111 4022 1161 4066 et
1189 4011 1442 4065 Mattiaco
1476 4011 1767 4077 Palmerio,
1801 4014 1973 4066 conti-

405 4111 647 4169 nuatum,
678 4118 742 4156 ex
769 4102 989 4158 editione
1015 4121 1027 4157 I
1059 4120 1177 4158 cum
1205 4103 1445 4157 Matt/tia:
1482 4103 1737 4158 Palmerii
1764 4106 1972 4174 supple-

403 4205 596 4250 mento.
626 4194 685 4249 In
720 4194 822 4248 line
851 4196 1017 4250 rubro
1036 4195 1096 4250 ρ.
1133 4195 1365 4251 Joannes
1406 4195 1642 4250 Lucilius
1694 4195 1971 4265 Hippoda-

405 4303 519 4340 mus
544 4286 683 4357 (sive
711 4285 1023 4358 Santritter)
1060 4286 1471 4341 Helbronnensis
1510 4287 1694 4342 lectori
1744 4288 1971 4342 salutem

403 4378 676 4448 (sequitur
721 4376 1054 4448 epigramma
1112 4378 1287 4433 tribus
1354 4386 1613 4434 constans
1672 4379 1968 4453 distichis).

410 4467 680 4523 Erhardus
709 4466 951 4534 Raldolt,
978 4468 1342 4539 Augustensis,
1362 4500 1434 4509 —
1460 4470 1704 4537 plurimis
1744 4471 1972 4542 undique

2075 611 2349 684 impressi.
2386 609 2548 664 Plura
2596 609 2663 665 de
2708 610 2813 665 hac
2870 610 2958 665 ed.
3009 609 3277 664 dederunt
3323 605 3552 680 Freytag
3584 610 3644 664 in

2074 704 2340 758 Analectis
2371 704 2560 771 litter.,
2586 720 2708 775 pag.
2726 703 2823 758 521
2850 714 3055 775 sqq.,ct
3075 705 3127 757 in
3149 701 3422 771 Apparatu
3451 699 3643 762 litter..

2075 798 2243 869 lll,p.
2279 797 2702 865 751;Clement.
2742 796 2779 850 l.
2810 811 2860 851 c.
2900 813 2954 867 p.
2988 795 3083 849 171
3140 809 3256 863 sq.;
3316 792 3541 847 Fossius
3576 793 3647 848 de

2077 893 2178 946 hac
2206 901 2261 947 et
2293 890 2573 960 superiore
2618 883 2742 944 edd.
2777 889 2829 943 in
2874 889 3049 944 Catal.
3085 887 3243 943 codd.
3295 902 3421 942 saec.
3466 903 3535 942 xv
3586 887 3644 941 in

2076 984 2208 1039 bibl.
2244 981 2651 1054 Magliabecch.,
2684 987 2817 1036 tom.
2853 982 2894 1045 Ι,
2924 979 3102 1052 pag.6
3148 995 3336 1050 seqq.;
3393 978 3643 1049 Theoph.

2078 1080 2288 1134 Sincer.
2322 1075 2377 1129 in
2395 1076 2534 1132 Bibl.
2552 1078 2676 1135 hist.
2692 1081 2811 1135 crit.
2837 1081 3091 1135 librorum
3148 1104 3217 1113 -—
3239 1073 3462 1137 rarior.,
3498 1080 3646 1143 part.

2078 1187 2162 1237 ιιι,
2186 1170 2374 1227 Norib.
2406 1168 2563 1231 1756,
2580 1169 2636 1231 8,
2661 1183 2784 1238 pag.
2820 1164 2922 1220 196
2945 1180 3122 1235 scqq.,
3159 1164 3247 1218 ubi
3274 1164 3495 1236 cepiose
3528 1163 3649 1234 agi-

2078 1270 2166 1315 tur
2191 1260 2257 1315 de
2280 1261 2372 1315 illa
2395 1257 2549 1314 edit..
2572 1260 2639 1315 de
2666 1256 2923 1314 Chronico
2952 1255 3173 1311 Eusebii
3200 1264 3253 1310 et
3279 1271 3412 1310 num
3454 1255 3527 1310 sit
3560 1270 3652 1325 ge-

2077 1354 2325 1416 nuinum,
2361 1359 2414 1405 et
2437 1349 2506 1404 de
2538 1348 2772 1404 Eusebio
2836 1350 2984 1417 ipso;
3020 1347 3219 1416 aliique
3274 1361 3304 1400 a
3350 1345 3536 1414 Zapl‘io
3589 1345 3651 1400 in

2077 1446 2381 1516 Augsburgs
2404 1441 3082 1513 Bucltdruckergeschichte,
3115 1448 3267 1509 parte
3298 1456 3339 1502 1,
3370 1455 3491 1510 pag.
3518 1439 3646 1504 164,

2076 1544 2130 1589 et
2168 1551 2197 1588 a
2232 1535 2335 1589 cel.
2366 1533 2608 1589 Panzero
2643 1532 2729 1599 III,
2756 1548 2875 1603 pag.
2908 1531 3033 1597 188,
3068 1530 3239 1585 citati.

2149 1626 2360 1680 Eusebii
2383 1657 2450 1665 —
2481 1624 2798 1690 Chronicon,
2840 1624 2984 1694 quod
3023 1622 3378 1693 Hieronymus
3412 1620 3651 1674 —Lati-

2078 1736 2199 1774 num
2223 1720 2395 1790 facere
2416 1721 2619 1774 curavit
2663 1727 2712 1772 et
2743 1734 2905 1789 usque
2959 1718 3014 1771 in
3078 1716 3347 1771 Valentem
3378 1712 3650 1770 Cwsarcm

2077 1811 2313 1869 Romano
2345 1811 2779 1881 adieciteloquio.
2804 1809 2884 1863 Ad
2911 1826 3061 1880 quem
3085 1819 3135 1865 et
3164 1808 3391 1878 Prosper
3423 1818 3471 1861 et
3497 1805 3647 1860 Mat-

2013 1906 2055 1961 B
2087 1907 2250 1961 tltteus
2276 1904 2594 1966 Palmerius,
2618 1905 2827 1957 demum
2859 1912 2909 1956 et
2937 1900 3133 1956 Joann.
3154 1899 3205 1955 Μ
3214 1899 3469 1955 ultivallis
3503 1915 3655 1953 com-

2074 2000 2251 2069 plura,
2284 2013 2399 2068 quce
2432 1996 2500 2050 ad
2531 1997 2641 2050 haec
2678 2010 2839 2066 usque
2891 2002 3126 2063 tempora
3173 1991 3454 2047 subsecuta
3499 1998 3654 2057 sunt,

2076 2091 2330 2161 adjecere.
2375 2089 2539 2145 Henr.
2576 2088 2906 2159 Stephanus.
2943 2086 3001 2140 In
3032 2087 3138 2140 ﬁne
3168 2103 3183 2141 :
3223 2083 3539 2139 Absolutum
3569 2092 3657 2137 est

2073 2187 2131 2240 in
2161 2185 2303 2239 alma
2321 2182 2799 2238 Parisiorum—
2824 2196 2914 2250 per
2943 2179 3110 2235 Henr.
3137 2177 3471 2248 Stephanum
3491 2205 3558 2215 —-
3581 2176 3658 2229 il-

2074 2275 2179 2329 iius
2218 2274 2454 2328 maxima
2483 2288 2612 2326 cura
2639 2279 2689 2325 et
2720 2270 2999 2342 diligentia
3037 2285 3128 2323 nec
3182 2285 3287 2323 non
3333 2266 3567 2337 ejusdem
3599 2277 3657 2321 et

2074 2368 2263 2423 Jodoci
2293 2368 2454 2423 Badii
2487 2401 2556 2410 —
2582 2367 2821 2437 expensis
2854 2365 3013 2433 1519.,
3044 2365 3100 2429 4,
3125 2365 3191 2420 de
3233 2381 3338 2436 qua
3376 2380 3503 2419 rara
3533 2364 3659 2420 edi-

2078 2461 2223 2516 tione
2255 2461 2410 2531 plura
2443 2460 2637 2530 scripsi
2698 2460 2753 2513 in
2801 2455 3102 2513 Introduct.
3161 2458 3199 2510 l.
3239 2471 3314 2520 c.,
3366 2472 3488 2527 pag.
3542 2456 3659 2512 218

2075 2568 2218 2623 scq.,
2246 2559 2579 2617 ctCIemcnt.
2611 2553 2649 2605 l.
2681 2566 2732 2607 c.
2760 2565 2884 2621 pag.
2912 2549 3014 2604 172
3052 2558 3193 2613 not.,
3223 2549 3314 2620 qui
3342 2556 3539 2619 praeter
3582 2563 3660 2604 ea

2075 2645 2278 2699 ibidem
2308 2643 2495 2697 multis
2534 2650 2785 2698 recenset
2816 2641 3103 2712 repetitam
3133 2649 3187 2696 et
3223 2645 3276 2694 in
3321 2642 3509 2712 paucis
3534 2648 3662 2695 tan-

2074 2743 2187 2788 tum
2211 2735 2480 2790 diversam
2507 2733 2768 2804 Stephani
2798 2733 2929 2788 edit.
2962 2731 3316 2792 Paris.1518,
3345 2731 3399 2786 4.
3421 2730 3567 2786 Idem
3592 2738 3657 2785 et

2073 2826 2301 2898 Freytag
2320 2829 2374 2882 in
2418 2827 2674 2897 Apparat.
2704 2827 2806 2880 litt.
2840 2826 2927 2892 III,
2959 2826 3219 2898 pag.575,
3253 2824 3498 2882 referunt
3515 2824 3658 2882 edit.

2072 2919 2436 2974 Basileensem
2478 2920 2620 2990 (quae.
2641 2919 2808 2973 etiam
2832 2932 2999 2989 penes
3020 2933 3107 2973 me
3135 2916 3241 2990 est)
3260 2934 3324 2973 ex
3345 2917 3467 2972 edd.
3514 2915 3651 2971 Ste-

2073 3010 2236 3081 phan.
2269 3010 2509 3075 ductam,
2542 3018 2886 3081 auctamque,
2952 3017 3115 3079 atque
3164 3010 3523 3080 inscriptam:
3564 3008 3659 3063 En

2070 3103 2259 3156 derisus
2284 3099 2576 3155 Chronicon
2597 3101 2830 3156 divinum
2859 3101 3015 3172 plane
3034 3118 3164 3171 opus
3181 3100 3449 3155 eruditiss.
3469 3110 3661 3154 aucto-

2076 3211 2215 3259 rum,
2248 3194 2521 3262 repetitum
2550 3194 2612 3247 ab
2648 3196 2762 3263 ipso
2783 3193 2963 3248 mundi
2992 3194 3165 3260 initio,
3184 3194 3251 3247 ad
3269 3209 3464 3247 annum
3486 3209 3658 3263 usque

2000 3247 2042 3301 C
2078 3247 2267 3340 salutis
2299 3247 2496 3339 'MDXI
2529 3286 2598 3358 (ε)
2642 3247 2849 3340 ἐειδεὸἱὶ
2881 3247 3369 3355 Ραηιριιίιίσαιεαν.
3406 3268 3475 3339 D’.
3512 3247 3656 3339 Hie-

2076 3392 2295 3447 ronymo
2333 3377 2635 3445 interprete,
2687 3377 2994 3447 Hieronymi
3044 3377 3359 3448 presbyteri,
3398 3375 3659 3446 Prosperi

2074 3470 2398 3541 Aquitanici,
2425 3468 2725 3523 M.Aurelii
2757 3468 3064 3525 Cassiodori
3095 3471 3305 3539 patricii
3336 3468 3655 3524 Rom.Her—

2074 3564 2255 3617 manni
2277 3563 2534 3617 contracti
2558 3564 2761 3617 comitis
2794 3562 3083 3635 Veringen.,
3111 3563 3353 3620 Matthwi
3382 3565 3646 3622 Palmerii
3682 3562 3688 3567 ’

2077 3654 2396 3719 Florentini,
2432 3653 2674 3709 Matthiaz
2710 3653 2967 3710 Palmerii
3018 3654 3227 3719 Pisani,
3255 3655 3452 3723 partim
3506 3670 3652 3709 nunc

2075 3764 2107 3801 a
2142 3748 2289 3802 nobis
2319 3747 2583 3801 inventum
2609 3757 2658 3801 et
2679 3747 2899 3811 editum,
2922 3748 3119 3819 partim
3150 3764 3181 3800 a
3201 3746 3425 3813 mendis,
3458 3745 3649 3818 quibus

2076 3839 2667 3909 laborabat,plusquam
2696 3842 2939 3911 cuiquam
2956 3840 3155 3894 credita
3180 3839 3337 3910 facile
3365 3848 3463 3902 est,
3495 3855 3646 3892 sum-

2074 3947 2159 3983 mo
2189 3931 2364 3985 studio
2390 3941 2438 3985 et
2470 3931 2745 4002 diligentia
2789 3939 3145 4000 repurgatum.
3182 3929 3407 3983 Basileae
3452 3927 3643 3984 excuti.

2076 4020 2241 4076 Henr.
2281 4021 2491 4088 Petrus,
2524 4041 2593 4078 m.
2629 4023 2830 4077 Martio
2856 4020 3184 4085 MDXXIX,
3218 4021 3572 4087 fol.,curante
3591 4029 3644 4075 et

2071 4115 2295 4185 prwfato
2324 4114 2413 4170 Jo.
2444 4114 2723 4171 Sichardo.

2145 4205 2295 4261 Alias
2322 4207 2590 4261 editiones
2613 4220 2741 4259 cum
2778 4205 2900 4259 aliis
2927 4203 3148 4259 Eusebii
3193 4206 3414 4277 scriptis
3443 4216 3641 4261 etcum

2072 4297 2325 4369 Prosperi
2361 4313 2425 4352 ac
2450 4297 2684 4353 Matthaei
2726 4297 2978 4353 Palmcrii
3013 4297 3272 4351 Chronico
3321 4304 3647 4353 enumerant

2072 4390 2348 4446 Pontacus
2399 4390 2515 4462 (qui
2565 4392 2651 4446 ed.
2688 4391 2850 4446 Basil.
2888 4390 3024 4445 1529
3058 4391 3215 4446 basin
3246 4405 3358 4446 sua:
3393 4390 3541 4461 fecit)
3584 4391 3645 4446 in

2074 4483 2365 4550 Apparatu,
2400 4482 2501 4536 sub
2534 4480 2718 4549 ﬁnem,
2739 4480 2929 4537 Justus
2952 4479 3360 4537 Fontaninusin
3386 4480 3645 4538 Historiw

402 4563 722 4631 comparatis
757 4561 1140 4630 exemplaribus
1172 4560 1385 4616 Eusebii
1411 4561 1573 4615 libros
1596 4563 1868 4617 chronicos
1911 4580 1973 4617 ac
2004 4588 2048 4642 ι)
2080 4560 2304 4626 (suum,
2333 4573 2681 4643 Aquileiensis
2714 4576 2837 4628 ιίιηι,
2873 4573 3081 4645 (Roma;
3116 4574 3273 4638 1742,
3304 4574 3382 4643 4),
3417 4590 3540 4645 pag,
3585 4576 3642 4642 5,

405 4654 706 4724 reliquasin
739 4653 834 4707 hoc
872 4655 1132 4708 volumine
1190 4654 1253 4708 de
1312 4655 1627 4724 temporibus
1675 4655 1970 4710 additiones

418 4746 757 4814 ~impress"t
805 4743 1028 4800 I'enetiis
1070 4764 1125 4801 a.
1191 4747 1382 4801 salutis
1433 4748 1590 4813 1483,
1628 4746 1813 4801 Idibus
1872 4747 1970 4804 Se-

408 4836 624 4905 plembt‘.
651 4836 690 4889 E
714 4837 904 4906 primis
943 4845 1027 4892 est
1077 4838 1254 4900 libris,
1283 4839 1374 4909 qui
1409 4839 1590 4896 verbis
1623 4847 1677 4894 et
1726 4841 1972 4897 numeris

478 4949 847 5021 (a)Clément,
883 4950 1023 5004 Bibl.
1060 4952 1296 5006 curieuse
1349 4953 1474 5007 hist.
1518 4960 1567 5006 et
1633 4953 1777 5014 crit.,
1839 4962 1968 5008 tom.

408 5019 742 5090 Vlll,p.178
789 5037 933 5091 sqq.,
968 5023 1170 5076 multus
1194 5033 1278 5077 est
1302 5022 1368 5078 de
1396 5025 1496 5076 hac
1526 5022 1690 5077 Miraei
1712 5022 1971 5087 editione,

408 5090 565 5163 enjus
594 5090 903 5163 inscriptio
958 5099 1043 5147 est
1080 5110 1092 5144 :
1132 5091 1328 5147 Rerum
1385 5102 1490 5146 toto
1535 5094 1656 5147 orbe
1705 5103 1973 5163 gestarum

408 5161 670 5234 Chronica
700 5161 973 5234 a_CItri_sto
1004 5172 1127 5234 nato
1163 5163 1231 5216 ad
1271 5173 1451 5218 nostra
1500 5178 1662 5234 usque
1709 5161 1969 5233 tempora.

408 5232 721 5304 Auctoribus
737 5230 959 5287 Eusebio
976 5263 1044 5272 —
1066 5233 1406 5304 Hieronymo,
1425 5265 1491 5273 —
1506 5230 1794 5304 Sigeberto,
1818 5230 1974 5289 Gem-

410 5302 640 5354 blacensi
656 5304 929 5367 monacho,
949 5304 1216 5365 Ansclmo,
1238 5292 1500 5359 Gemblac.
1517 5292 1723 5369 abbate,
1742 5292 1973 5359 A'uberto

409 5369 619 5436 Hiram,
653 5371 890 5445 Bruxell.
912 5375 1152 5445 aliisque.
1193 5375 1386 5430 Omnia
1417 5373 1486 5428 ad
1522 5377 1766 5445 antiquos
1811 5376 1965 5429 codd.

409 5442 742 5514 niss.partim
759 5442 1085 5511 comparata,
1110 5447 1303 5514 partim
1331 5462 1468 5500 nunc
1483 5442 1710 5514 primum
1734 5447 1789 5500 in
1808 5445 1973 5499 lucem

406 5513 572 5566 edita.
609 5513 784 5583 Opera
809 5524 858 5566 et
890 5514 1063 5569 studio
1088 5513 1321 5583 ejusdem
1348 5513 1490 5570 Aub.
1512 5515 1710 5577 Mirm",
1764 5517 1976 5570 canoni-

408 5586 484 5655 cis
515 5593 566 5655 et
596 5582 1200 5655 scholarcbwiAntuerp.
1238 5588 1559 5655 Antuerpiaz,
1614 5603 1700 5654 ap.
1751 5585 1969 5640 Hieron.

422 5652 797 5726 Verdussium,
821 5654 976 5726 1608,
1011 5658 1064 5711 4.
1098 5656 1312 5710 Mineus
1358 5652 1700 5726 potissimum
1752 5664 1972 5711 secutus

410 5731 496 5777 est
524 5724 578 5776 in
604 5721 838 5779 Eusebio
863 5724 1103 5780 codicem
1137 5721 1436 5781 initialilius
1471 5743 1517 5782 s.
1551 5726 1859 5782 uncialihus
1883 5727 1975 5780 lit-

409 5793 541 5866 teris
574 5802 698 5848 ante
719 5810 892 5850 annos
928 5804 1039 5849 tum
1064 5795 1207 5866 mille
1242 5797 1361 5864 plus
1396 5798 1575 5851 minus
1637 5799 1846 5866 integre
1875 5795 1972 5850 de-

408 5865 692 5935 scriptum,
717 5873 767 5920 ct
795 5882 855 5921 ex
887 5865 1192 5921 Amandino
1215 5867 1477 5920 sodalium
1499 5865 1973 5923 Benedictinorum

2077 4673 2130 4721 et
2143 4661 2432 4729 ClemenL,
2451 4661 2487 4715 l.
2504 4676 2551 4717 c.
2564 4702 2580 4728 ,
2597 4681 2777 4735 nemp.
2794 4667 3021 4723 Basileae
3047 4683 3156 4722 rec.
3181 4674 3266 4723 est
3288 4669 3536 4725 anteced.
3553 4668 3643 4730 ed.

2076 4752 2220 4823 apud
2251 4753 2414 4808 Henr.
2450 4754 2591 4809 Petr.
2625 4756 2970 4824 1556,1542,
3004 4756 3142 4812 1549
3172 4756 3270 4828 (ιι),
3304 4757 3643 4825 1559,1570,

2079 4846 2172 4901 fol.
2197 4876 2269 4886 —
2292 4845 2466 4902 Paris.
2499 4849 2639 4918 apud
2664 4849 2855 4904 Michel
2882 4849 3147 4905 Sonnium
3205 4850 3366 4915 1587,
3419 4851 3486 4922 (e)
3522 4850 3641 4920 Iol.,

2077 4956 2220 5031 apud
2256 4954 2482 5031 Nervios
2514 4957 2785 5031 ccenobio.
2816 4989 2888 5031 -τ
2914 4957 2989 5015 De
3022 4958 3643 5031 utraquegScaligeriani

2076 5026 2312 5101 thesauri
2338 5027 2527 5101 editv.
2559 5027 3123 5101 eumdem_C_l_ernent.,
3145 5026 3196 5097 β.
3220 5028 3319 5101 176
3351 5026 3471 5101 sqq.

2150 5097 2224 5168 (b)
2248 5095 2375 5168 _Yid.
2410 5095 2561 5151 Patr.
2592 5095 2712 5152 Lat.
2746 5107 2785 5153 t.
2810 5097 3023 5163 XXVII,
3054 5095 3158 5153 col;
3192 5095 3453 5157 725-741):
3483 5101 3639 5157 Ειιιτ.

2147 5166 2221 5291 (r2
2247 5166 2347 5221 Hic
2371 5182 2547 5223 annus
2564 5169 2767 5224 diserte
2801 5183 3094 5239 expressus
3141 5181 3225 5224 est
3272 5174 3325 5225 in
3392 5175 3641 5245 exemplo

2150 5254 2182 5291 0
2243 5238 2414 5291 habeo
2444 5254 2456 5288 :
2494 5239 2744 5291 Clemens
2768 5251 2976 5291 contra.
3010 5242 3197 5291 nescio
3244 5256 3313 5291 an
3364 5260 3461 5291 nm-
3489 5260 3641 5291 erm-

2074 5238 2217 5307 qu0d
2243 5238 2456 5311 habeo:
2494 5239 2744 5311 Clemens
2768 5238 2976 5307 contra,
3010 5242 3197 5296 nescio
3244 5256 3313 5295 an
3362 5260 3461 5311 per
3489 5238 3641 5300 erro-

2077 5323 2212 5371 rem,
2243 5308 2462 5376 scripsit
2491 5308 2698 5363 MDXII.

2150 5377 2228 5449 (d)
2252 5376 2469 5433 Fabric.
2499 5381 2626 5433 olim
2660 5381 2711 5433 in
2734 5387 2860 5433 nota
2893 5380 2958 5433 ad
2987 5380 3044 5435 h.
3075 5381 3109 5435 l.
3135 5389 3189 5435 et
3218 5380 3485 5438 Fontanin
3512 5383 3644 5440 scri-

2074 5456 2295 5519 pserant
2326 5459 2508 5519 notam
2536 5465 2585 5504 a.
2626 5449 2785 5514 1548,
2814 5451 2908 5505 sed
2958 5450 3171 5506 dubitat
3224 5453 3496 5516 Clemens,
3548 5455 3639 5519 qui

2076 5469 2295 5519 pserant
2327 5469 2508 5502 nutum
2536 5469 2585 5504 ει.
2626 5469 2785 5514 ιῦέιιῦ,
2814 5469 2908 5505 seu
2958 5469 3171 5506 αυυιιθι
3224 5469 3496 5516 Clemens,
3586 5471 3639 5508 υΙ

2076 5518 2471 5592 exemplumad
2495 5535 2689 5592 manus
2722 5521 2930 5592 habuit,
2967 5529 3095 5576 nota
3130 5522 3345 5592 quidem
3398 5525 3523 5579 armi
3548 5469 3644 5579 ﬁe-

2077 5589 2348 5665 stitut’um,
2383 5590 2439 5643 in
2463 5589 2623 5665 cujus
2652 5604 2793 5665 vero
2820 5589 2997 5665 fronte
3026 5589 3231 5665 diserte
3255 5592 3458 5665 dicitur
3510 5611 3641 5665 opus

2077 5657 2144 5711 ad
2169 5675 2372 5734 ann_un_i_
2389 5657 2548 5728 usque
2572 5659 2705 5734 hunc
2730 5659 3012 5734 Christi-7-
3036 5660 3089 5714 Μ
3098 5659 3335 5734 DXLIX
3361 5657 3641 5734 contin'ug.

2078 5739 2207 5781 tum.
2250 5730 2313 5796 Et
2339 5728 2563 5782 Pontac.
2586 5729 2734 5784 dedit
2763 5745 2812 5785 a.
2846 5732 2998 5785 1549.

2148 5799 2394 5870 (e)llimc
2423 5814 2624 5853 annum
2656 5803 2862 5855 notavit
2882 5800 3175 5858 Fontanin.
3214 5800 3353 5857 Nota
3396 5818 3447 5857 a.
3498 5805 3632 5861 1581

2078 5869 2166 5940 ap.
2199 5869 2411 5926 Fabric.
2460 5870 2646 5927 forsan
2667 5881 2784 5928 erat
2809 5881 3079 5939 corrupta.
