3924 6266
353 379 415 435 19
1333 371 1671 429 EUSEBIUS
1717 366 2196 427 CAESARIENSIS
2248 366 2642 426 EPISCOPUS.

3517 366 3612 423 20

346 509 563 558 servatt.
603 500 896 564 illustrata,
928 508 977 554 et
1006 514 1068 553 ea:
1104 506 1254 568 parte
1287 513 1423 551 nunc
1453 496 1682 564 primum
1717 490 1922 546 auctori
1950 494 1997 550 Α
2023 502 2132 558 quo
2164 486 2361 543 Suidas
2385 528 2400 550 ,
2453 486 2723 558 praecipue
2777 500 2808 539 a
2868 482 3147 555 Scaligero
3183 483 3276 555 (ab
3307 483 3429 540 aliis
3464 499 3613 539 vero

345 609 440 647 suo
468 592 754 648 vindicata.
789 621 857 631 --
900 592 1061 647 Bern.
1099 588 1447 644 Montl'aucon
1478 587 1534 641 in
1560 585 1703 639 Bibl.
1731 582 1921 637 biblio-

242 732 245 733 ν
343 682 541 738 tltecar.
567 699 720 746 mss.,
750 683 856 736 vol.
885 680 926 745 I,
959 698 1011 752 p.
1053 678 1308 744 146455,
1341 678 1523 733 varias
1552 675 1701 730 dedit
1732 671 1918 728 lectio-

344 790 443 831 nes
469 774 537 829 ad
560 772 854 829 Chronicon
885 773 1119 839 Eusebii,
1150 772 1207 827 S.
1237 771 1564 841 Hieronymo
1590 768 1881 836 interprete
1902 806 1916 831 ,

340 883 405 923 ex
438 875 675 939 quatuor
699 883 834 923 mss.
876 868 1006 923 bibl.
1031 865 1328 929 Vaticanze,
1356 863 1558 918 notatis
1587 861 1685 915 241
1712 901 1727 925 ,
1772 858 1878 913 212
1899 899 1914 924 ,

339 960 466 1025 245,
491 960 584 1032 qui
617 970 746 1016 sunt
768 976 866 1015 xui
896 967 949 1015 et
970 975 1061 1014 xiv
1092 958 1297 1020 saeculi,
1325 968 1379 1013 et
1400 954 1584 1011 collati
1613 968 1739 1008 cum
1781 950 1912 1007 edit.

342 1052 604 1125 Scaligeri
644 1053 894 1124 Lugduni
942 1051 1129 1108 Balav.
1175 1067 1205 1106 a
1234 1050 1462 1105 Claudio
1515 1045 1912 1118 Stephanotio,

337 1146 776 1217 congregationis
801 1145 857 1200 S.
891 1145 1065 1200 Mauri
1085 1151 1446 1217 procuratore
1476 1140 1736 1212 generali.
1769 1138 1907 1193 Con-

337 1243 422 1291 tra
447 1235 706 1310 Scaliger.
738 1250 790 1294 et
819 1237 1015 1292 Baron.
1068 1238 1245 1291 locum
1294 1234 1361 1289 de
1391 1231 1565 1287 Pilato
1596 1239 1652 1287 et
1683 1230 1913 1287 Caesaris

336 1331 667 1402 imaginibus
724 1332 945 1387 uberius
1006 1332 1243 1385 illustrat
1293 1327 1549 1382 Lambec.
1592 1325 1795 1381 Comm.
1850 1323 1913 1378 de

337 1424 465 1478 bibl.
510 1423 673 1492 Ca's.,
704 1433 836 1481 tom.
870 1425 1004 1492 V'Ill,
1036 1443 1089 1497 p.
1146 1427 1215 1480 57
1249 1442 1369 1495 sqq.
1401 1464 1415 1489 ,
1466 1432 1518 1479 et
1549 1439 1601 1493 p.
1632 1421 1735 1476 597
1787 1437 1908 1491 sqq.

333 1518 515 1595 locum
562 1519 630 1573 de
680 1518 869 1573 Maria.
911 1519 1154 1590 Denique
1211 1516 1565 1574 memoranda
1611 1522 1695 1570 est
1743 1514 1911 1595 editio

333 1590 498 1680 hujus
522 1611 804 1666 sententia:
830 1629 841 1664 :
1063 1585 1080 1590 —
1108 1664 1123 1680 ,
1794 1585 1816 1607 ’

413 1722 716 1780 Vetustiora
764 1724 1076 1779 Latinorum
1139 1724 1457 1792 scriptorum
1505 1720 1797 1785 Chronica,
1839 1718 1907 1773 ad

330 1909 547 1974 collata,
584 1913 821 1982 notisque
848 1911 1139 1974 illustrata,
1172 1911 1222 1963 in
1251 1925 1410 1962 unum
1440 1925 1629 1978 corpus
1664 1905 1903 1970 collecta,

327 2007 600 2076 praemisso
631 2004 845 2061 Eusebii
866 2002 1124 2059 Chronico
1156 2019 1188 2056 a
1228 2001 1288 2053 Ι).
1326 2000 1647 2070 Hieronymo
1674 2015 1701 2051 e
1722 1996 1906 2051 Gra'co

328 2115 475 2154 verso
517 2107 564 2157 et
606 2098 787 2152 multis
830 2106 1004 2149 aucto.
1040 2093 1262 2164 Collegit
1312 2093 1381 2147 Β.
1422 2093 1645 2147 Thomas
1681 2088 1908 2143 Roncal-

327 2192 452 2256 lius,
484 2190 770 2246 monachus
805 2188 1112 2247 Cassinens.
1170 2186 1381 2241 Patavii
1423 2186 1578 2251 I787,
1612 2185 1665 2238 4.
1698 2183 1742 2236 II
1773 2184 1900 2238 voll.

323 2284 568 2341 Contulit
607 2282 672 2338 R.
704 2299 827 2337 cum
852 2284 936 2338 ed.
972 2281 1210 2343 Ratdolt.
1244 2280 1380 2335 1485
1397 2288 1451 2335 et
1481 2294 1604 2334 cum
1635 2274 1903 2331 Gennadii

324 2378 449 2433 cod.
483 2393 585 2433 ms.
623 2375 798 2431 Vatic.
837 2376 993 2432 Alex.
1024 2392 1079 2431 n.
1107 2375 1269 2430 2077.

394 2488 565 2544 Codd.
602 2504 734 2545 mss.
762 2489 1055 2554 Pontacus,
1081 2489 1282 2560 quibus
1309 2501 1442 2541 usus
1469 2492 1572 2549 est,
1599 2485 1738 2540 bene
1764 2485 1902 2539 mul-

322 2591 410 2637 tos
438 2590 687 2637 recenset
739 2583 795 2637 in
838 2583 1111 2652 Apparatu
1163 2596 1263 2636 suo
1301 2577 1633 2633 :Vaticanos
1659 2578 1902 2647 aliosque

321 2682 605 2729 enumerat
659 2673 1006 2729 Montfaucon
1068 2675 1123 2728 in
1184 2672 1329 2727 Bibl.
1390 2670 1495 2726 Sed
1549 2670 1601 2724 hi
1661 2677 1716 2724 et
1771 2670 1898 2723 reli-

322 2765 415 2836 qui
473 2767 749 2836 pertinent
793 2764 971 2834 potius
1019 2763 1087 2816 acl
1124 2763 1531 2832 Hieronymum.
1568 2758 1809 2814 Florent.
1842 2759 1896 2812 in

319 2856 451 2910 bibl.
478 2854 639 2908 Laur.
666 2852 804 2909 Med.
830 2852 952 2907 cod.
988 2866 1169 2906 xxxvii
1190 2891 1204 2915 ,
1248 2868 1304 2905 η.
1336 2851 1406 2905 25
1431 2890 1445 2913 ,
1492 2850 1629 2919 plut.
1661 2849 1723 2903 51
1752 2889 1767 2911 ,
1815 2855 1899 2902 est

320 2947 542 3004 Eusebii
568 2942 815 3015 Epitome
833 2944 1227 3006 chronica.ubi
1252 2953 1306 2999 et
1327 2943 1394 2998 de
1426 2941 1483 2997 S.
1516 2941 1800 2998 Paschate.
1828 2972 1898 2982 —

319 3034 380 3090 In
416 3034 540 3090 cod.
580 3050 701 3100 xm,
744 3051 800 3088 η.
837 3033 963 3099 6-8,
1007 3034 1081 3104 pl.
1124 3032 1224 3101 5‘3,
1263 3040 1480 3089 exstant
1510 3033 1611 3087 tria
1641 3041 1896 3104 excerpta

320 3145 385 3183 ex
420 3125 640 3183 Eusebii
660 3124 969 3181 Chronicis.
998 3126 1065 3180 V.
1102 3126 1356 3191 Bandin.,
1393 3126 1511 3183 Cat.
1542 3124 1700 3180 codd.
1725 3123 1817 3179 Gr.
1850 3122 1891 3189 Ι,

320 3236 444 3291 pag,
478 3219 582 3274 119
604 3227 658 3275 et
681 3220 804 3275 508.
831 3253 899 3262 -
922 3220 981 3276 P.
1019 3218 1059 3275 I.
1094 3219 1269 3275 Bruns
1300 3236 1362 3275 ex
1394 3220 1516 3274 cod.
1550 3218 1754 3274 Bodlei.
1805 3217 1894 3272 de-
1920 3205 1960 3259 (ἶ

318 3312 399 3366 dit
425 3313 731 3367 versionem
758 3311 994 3383 Syriaca:
1008 3309 1287 3381 Epitomes
1301 3311 1590 3367 Eusebiani
1619 3311 1885 3372 Chronici,

318 3404 372 3458 in
405 3403 672 3473 Repertor.
710 3405 797 3474 [ur
830 3403 1076 3458 biblische
1108 3420 1156 3459 υ.
1194 3403 1686 3474 morgenlandisclte
1727 3405 1890 3458 Litte-

318 3503 490 3549 ratur.
525 3504 663 3564 part.
699 3510 777 3547 xt.
810 3493 1007 3564 Lipsiae
1034 3493 1202 3555 I782.
1225 3493 1349 3554 Mai.
1374 3495 1521 3566 8(a).
1565 3493 1739 3550 Hanc.

388 3628 757 3700 Repreliendit
786 3630 1051 3687 Eusebius
1091 3630 1217 3684 hinc
1250 3631 1375 3685 inde
1408 3630 1744 3698 Africanum,
1774 3632 1889 3702 ipse

316 3721 559 3777 vicissim
609 3722 970 3794 reprehensus
1020 3733 1101 3778 est
1152 3723 1220 3776 ab
1260 3722 1504 3787 Aniano,
1560 3723 1884 3789 Panodoro,

314 3813 548 3884 Georgio
584 3812 835 3885 Syncello
864 3823 917 3869 ct
962 3815 1113 3879 aliis,
1159 3814 1429 3869 interdum
1473 3816 1635 3870 etiam
1666 3817 1756 3871 ubi
1782 3818 1886 3887 ipsi

314 3915 467 3961 erant
499 3906 928 3977 reprehendendi
957 3927 969 3962 :
1005 3906 1240 3962 Diodoro
1290 3908 1452 3962 etiam
1488 3905 1775 3974 Tarsensi,
1819 3911 1887 3965 de

386 4086 463 4153 (a)
502 4084 795 4141 Eusebiani
824 4085 1072 4142 Chronici
1113 4087 1381 4157 duplicem
1413 4088 1706 4143 editionem
1735 4089 1883 4144 dedit

313 4157 465 4209 card.
499 4157 705 4226 Angelo
732 4158 854 4210 Mai.
907 4158 1101 4220 Priori,
1140 4175 1259 4225 «(me
1315 4158 1601 4212 Mediolani
1649 4161 1879 4228 prodiit.

314 4242 457 4300 anno
492 4228 650 4300 1818,
676 4229 867 4300 titulus
894 4229 979 4281 hic.
1012 4230 1300 4299 praeﬁgitur
1328 4248 1339 4283 :
1380 4229 1593 4283 Eusebii
1619 4229 1884 4300 Pamphili

313 4294 691 4369 Chronicorum
720 4298 991 4369 Canonum
1012 4294 1142 4351 libri
1161 4294 1287 4353 “duo
1307 4341 1320 4360 ,
1370 4317 1495 4369 opus
1544 4316 1609 4354 ea:
1636 4294 1881 4355 IIaicano

312 4368 487 4440 {odim
525 4387 557 4422 a
587 4369 810 4424 Doctore
836 4368 1041 4423 Joanne
1069 4368 1551 4440 Zohrabo,collegii
1586 4374 1882 4425 Armeniaci

324 4437 655 4494 Venetiarum
688 4441 931 4501 alumna,
973 4440 1242 4510 diligenter
1274 4437 1575 4509 expressum
1621 4451 1668 4495 et
1724 4445 1883 4496 casti-

309 4521 512 4577 gatum,
556 4512 786 4582 Angelus
840 4510 1017 4563 Maius
1067 4522 1115 4582 et
1157 4511 1387 4565 Joannes
1428 4511 1703 4566 Zohrabus
1744 4530 1879 4567 nunc

2022 581 2263 635 vicissim
2303 578 2536 649 notato),
2557 588 2611 635 et
2640 579 2763 634 aliis
2796 577 3143 648 chronologis
3176 576 3608 633 recentioribus.

2311 687 2517 727 EUSEBII
2559 685 2849 726 PREPARAT
2860 687 2910 726 l0
2947 684 3295 726 EVANGELICA.

2084 767 2492 837 Εὐαγγελικῆς
2550 766 2913 834 ἀποδείξεως
2967 760 3435 836 προπαρασκευή
3492 762 3603 834 (b),

2021 860 2440 930 Pra'parationis
2467 863 2777 933 evangelica:
2805 862 2873 916 ad
2918 860 3258 925 Theodotum,
3293 861 3605 928 episcopum

2018 951 2396 1016 Laodicenum.
2430 954 2555 1009 libri
2580 971 2649 1009 xv
2672 995 2687 1020 ,
2713 956 2818 1010 sive
2845 955 3081 1009 collectio
3115 953 3469 1023 pulcherrima
3500 969 3604 1007 ar-

2016 1058 2380 1116 gumentorum
2436 1048 2825 1118 variorumque,
2882 1057 3065 1102 notatu
3115 1047 3544 1117 dignissimorum
3576 1087 3599 1110 .

2017 1149 2469 1194 monumentorum
2503 1157 2564 1194 ac
2599 1142 3013 1195 testimoniorum
3036 1155 3101 1194 ea:
3129 1140 3470 1209 scriptoribus
3496 1155 3601 1194 ea:-

2018 1231 2177 1284 ternis
2213 1230 2477 1303 (magnam
2520 1242 2722 1302 partem
2773 1231 2925 1287 hodie
2953 1230 3260 1303 depcrditis)
3283 1226 3434 1301 ,qua
3469 1231 3600 1284 arti-

2015 1341 2131 1377 mus
2156 1324 2364 1378 lectoris
2391 1334 2724 1394 prwparatur
2750 1325 2819 1379 ad
2847 1325 3316 1380 demonstrationes
3352 1322 3417 1377 de
3447 1323 3596 1377 veri-

2015 1425 2122 1471 tate
2152 1415 2422 1489 Evangelii
2448 1419 2645 1474 Christi
2687 1435 2752 1473 ea:
2777 1419 2944 1472 sacris
2980 1418 3169 1472 litteris
3200 1426 3346 1471 tanto
3368 1416 3594 1487 facilius

2012 1509 2338 1565 imbibendas
2359 1552 2373 1574 ,
2421 1511 2893 1582 admittendasque.
2924 1510 3113 1565 Latine
3140 1511 3292 1564 vertit
3326 1518 3377 1563 et
3419 1508 3595 1577 Nico-

2014 1604 2098 1657 lao
2134 1603 2174 1657 V
2208 1604 2447 1674 pontiﬁci
2469 1605 2733 1673 inscripsit
2760 1602 3008 1674 Georgius
3038 1603 3453 1672 Trapezuntius;
3489 1601 3591 1657 sed

2011 1700 2168 1767 cujus
2206 1696 2704 1767 interpretationem
2736 1696 2891 1751 valde
2928 1710 3176 1750 mancam
3208 1709 3271 1749 ac
3302 1695 3593 1749 confusam

303 1834 461 1873 'mss.
510 1820 664 1874 codd.
704 1821 983 1874 emendata
1031 1834 1078 1873 et
1130 1786 1703 1888 cunt-castigatioribas
1753 1813 1903 1869 editt.
2011 1786 3589 1900 ξ’(ἶνίξίξξξξκῗξιυξᾳξθξθίίδλη

2009 1889 2063 1936 et
2093 1881 2342 1937 Petavius
2360 1894 2472 1945 xw,
2492 1880 2577 1940 11,
2600 1883 2679 1937 De
2699 1880 3133 1951 incarnatione.§
3166 1880 3202 1933 2
3229 1899 3243 1935 :
3281 1880 3591 1949 Trapezun-

2010 1976 2111 2028 tius
2138 1974 2334 2028 Latina
2363 1991 2461 2028 sua
2490 1975 2721 2029 versione
2760 1992 2863 2028 non
2905 1985 3010 2027 tam
3048 1972 3272 2028 Eusebio
3308 1974 3472 2027 lucem
3500 1983 3590 2028 at-

2008 2068 2150 2128 tulit,
2184 2083 2339 2136 quam
2362 2084 2421 2120 eo
2452 2066 2583 2136 [cede
2618 2066 2869 2120 laniando
2892 2106 2906 2131 ,
2940 2065 3179 2119 addendo
3203 2082 3265 2119 ac
3289 2066 3589 2135 depravan-

2005 2154 2105 2214 do,
2158 2154 2362 2223 justam
2420 2154 2483 2208 de
2535 2172 2589 2208 se
2644 2156 2909 2226 querelam
2952 2157 3177 2224 posteris
3212 2158 3423 2227 reliquit
3458 2157 3581 2229 (c).

2004 2244 2203 2300 Confer
2244 2244 2496 2301 Vossium
2534 2245 2606 2299 De
2637 2245 2760 2300 hist.
2791 2244 3011 2312 Gra’cis,
3047 2261 3169 2316 pag.
3202 2246 3296 2312 70;
3324 2245 3583 2302 Huetium

2003 2339 2082 2393 De
2106 2340 2267 2393 claris
2300 2338 2667 2409 interpretibus
2697 2378 2711 2403 ,
2764 2353 2887 2410 pag.
2920 2338 3055 2403 202,
3114 2347 3167 2395 et
3200 2336 3284 2393 Jo.
3323 2336 3582 2393 Rainoldi

2003 2432 2291 2486 Censuram
2319 2432 2733 2501 apocrypltorum
2762 2431 3042 2494 librorum,
3073 2438 3207 2487 tom.
3232 2430 3274 2496 I,
3307 2446 3428 2501 pag.
3447 2432 3575 2488 803.

2001 2522 2209 2579 Prodiit
2238 2524 2429 2579 Latina
2461 2525 2810 2596 Trapezuntii
2832 2526 3013 2581 versio
3034 2524 3267 2581 Tarvisii
3300 2526 3458 2592 “80,
3478 2525 3575 2581 fol.

2004 2616 2280 2686 [Curatius
2308 2618 2640 2689 uberiusque
2668 2626 3060 2674 enumerarunt
3090 2627 3145 2673 et
3183 2628 3580 2675 recensuerunt

2000 2709 2124 2765 edd.
2154 2714 2268 2780 ipse
2303 2709 2586 2765 Fabricius
2619 2711 2675 2764 in
2713 2709 2952 2773 Delectu,
2986 2720 3116 2774 etc.,
3140 2709 3270 2774 |.c.,
3306 2710 3581 2767 Maittaire

1999 2807 2053 2855 et
2082 2801 2134 2854 in
2172 2800 2360 2870 primis
2394 2800 2519 2854 edd.
2551 2816 2678 2856 suae.
2709 2817 2779 2855 xv
2810 2801 2911 2856 cel.
2940 2798 3150 2855 Panzer
3182 2802 3298 2872 (qui
3333 2802 3470 2857 alios
3499 2802 3579 2857 ci-

1999 2897 2115 2943 tare
2145 2889 2282 2943 solet
2319 2888 2741 2962 bibliographos)
2782 2890 2838 2944 in
2870 2891 2936 2945 A.
2973 2890 3033 2944 Τ.
3067 2890 3207 2945 Add.
3244 2906 3364 2962 qua:
3386 2892 3579 2947 obser-

1998 2980 2116 3034 vavi
2149 2981 2203 3034 in
2232 2978 2434 3034 Introd.
2473 2981 2529 3035 in
2566 2980 2708 3034 Hist.
2740 2979 2804 3032 L.
2839 2978 2956 3046 Gr.,
2990 2980 3028 3035 I.
3068 2996 3142 3045 c.,
3172 2997 3295 3051 pag.
3328 2981 3433 3035 219
3463 2996 3574 3053 sq.,

1998 3082 2111 3126 not.
2147 3069 2342 3126 Paucis
2383 3071 2550 3139 igitur
2594 3072 2882 3136 versionis,
2914 3087 2944 3125 a
2972 3070 3339 3142 Trapezuntio
3372 3072 3530 3128 facta:
3556 3112 3572 3138 ,

1997 3163 2120 3219 edd.
2164 3164 2435 3220 iudicabo.
2478 3163 2720 3222 Venetiis
2756 3166 2897 3238 typis
2933 3164 3105 3220 Nico].
3133 3164 3386 3234 Jenson.,
3411 3166 3572 3234 1470,

2000 3256 2092 3311 fol.
2129 3257 2388 3328 (Antonii
2434 3256 2768 3313 Cornazzani
2821 3261 3162 3329 prtemissum
3229 3261 3573 3317 octosticbon

1998 3350 2342 3407 emendatius
2368 3351 2583 3406 iteravit
2607 3350 2891 3407 Fabricius
2911 3353 2966 3407 in
3001 3350 3233 3418 Delectu,
3257 3360 3388 3418 etc.,
3406 3369 3573 3424 quam

1999 3442 2268 3500 Maittaire
2294 3445 2361 3498 A.
2415 3444 2478 3500 T.
2510 3444 2561 3510 I,
2607 3461 2662 3515 p.
2698 3443 2802 3513 67,
2849 3446 3260 3516 exscripserat.)
3288 3476 3360 3486 —-
3388 3444 3570 3519 (ibid.)

1997 3551 2093 3606 per
2136 3536 2303 3595 Leon.
2344 3536 2498 3591 Aurl.
2534 3537 2716 3607 (quem
2747 3544 3114 3593 correctorem
3164 3548 3258 3592 aut
3306 3538 3571 3593 editorem

1995 3629 2185 3692 fuisse,
2204 3629 2573 3685 characterem
2607 3637 2785 3685 autem
2807 3629 3112 3685 Romanum
3142 3646 3265 3687 esse
3296 3631 3567 3697 eumdem,

1995 3738 2104 3793 quo
2131 3723 2303 3778 Adam
2347 3723 2414 3779 de
2450 3723 2758 3795 Ambergau
2786 3724 2928 3780 1472
2973 3725 3253 3783 Ciceronis
3294 3726 3571 3782 orationes

1994 3816 2309 3886 impressit,
2368 3817 2623 3887 Opinatur
2665 3817 2733 3871 cl.
2793 3816 3021 3899 Panzer.
3078 3817 3176 3884 III,
3220 3814 3569 3888 p.98),s.l.,

1995 3908 2153 3973 M75,
2189 3907 2284 3965 fol.
2318 3909 2457 3966 Add.
2504 3910 2574 3965 cl.
2610 3910 2820 3966 Morell.
2852 3909 2919 3964 ad
2949 3910 3070 3965 Cat.
3107 3910 3239 3966 bibl.
3265 3908 3460 3965 Pinell.
3512 3908 3565 3973 Ι,

1989 4086 2039 4142 J.
2074 4086 2132 4141 Β.
2168 4086 2441 4143 Aucberio
2494 4089 2596 4143 sub
2627 4089 2824 4144 titulo:
2874 4088 3085 4144 Eusebii
3136 4088 3431 4145 Cltronicon
3482 4092 3565 4145 bi-

1992 4160 2457 4229 pertitumtArm.
2484 4168 2537 4213 et
2560 4158 2677 4213 Lat.
2710 4160 2931 4225 (additis
2955 4176 3055 4215 suo
3083 4162 3200 4215 loco
3228 4160 3431 4216 Grazcis
3455 4162 3564 4215 Ira—

1988 4230 2240 4299 gmentis)
2268 4228 2506 4284 Veneriis
2530 4230 2686 4285 l8l8.
2716 4230 2757 4284 Il
2783 4232 2995 4295 Partes,
3029 4230 3182 4286 ἰπὶ-4ο.
3209 4233 3368 4285 Enn.
3389 4230 3561 4289 ΡΑτιι.

2061 4300 2149 4372 (1))Δ
2175 4300 2442 4372 Eusebius
2471 4301 2587 4365 ipse
2625 4317 2701 4360 vi,
2750 4302 2852 4372 10,
2900 4301 3227 4370 Prwparat.,
3254 4318 3376 4372 pag.
3425 4302 3560 4371 280,

1988 4365 2086 4424 *Ωὺ
2108 4370 2177 4494 63
2204 4372 2298 4425 καὶ
2323 4370 2553 4441 μάλιστα
2593 4372 2722 4441 ἡμῖν
2753 4371 2834 4425 δεῖ
2860 4374 2939 4435 εἰς
2979 4365 3076 4443 τὴν
3114 4374 3211 4444 τῆς
3240 4365 3562 4442 lavamur;

1988 4441 2102 4494 uno
2182 4440 2499 4494 ποδείξεωρ
2534 4441 3059 4494 ποοπιιοασκευύν.
3109 4442 3260 4494 Adde
3312 4443 3406 4494 lib.
3461 4461 3558 4494 xv.

1987 4441 2102 4510 κῆς
2141 4440 2499 4506 ἀποδείξεως
2534 4440 3059 4511 προπαρασκευὴιά
3109 4440 3260 4497 Adde
3312 4440 3420 4498 lib.
3461 4461 3558 4509 xv,

1987 4529 2108 4582 cap.
2144 4514 2194 4578 l,
2232 4512 2321 4565 ubi
2356 4519 2479 4581 post
2522 4514 2822 4581 expositam
2853 4512 3044 4567 borum
3073 4513 3338 4568 librorum
3364 4529 3562 4569 anace-

309 4569 537 4655 primum
567 4569 859 4651 conjunctis
883 4584 1033 4655 curis
1066 4581 1353 4655 Latinitate
1404 4583 1656 4655 donatum
1696 4586 1863 4655 notis.
1909 4569 1962 4628 Ι)
1991 4569 2286 4655 νὶιύιτεξόδίη
2311 4569 2419 4647 ait,
2461 4569 2672 4655 jami'rad
2716 4583 3239 4638 demonstrationem
3289 4587 3561 4655 evangeli-

308 4667 405 4723 que
436 4653 784 4714 illustratum,
822 4654 1017 4705 additis
1060 4652 1263 4723 Cra’cis
1297 4654 1553 4723 reliquiis.
1584 4654 1875 4711 ediderunt.

310 4720 622 4789 Mediolani,
655 4725 809 4794 regiis
854 4724 1007 4793 typis.
1057 4722 1241 4776 Eidem
1272 4720 1531 4777 volumini
1564 4724 1738 4778 inest:
1779 4725 1883 4779 Sa-

310 4796 493 4848 muelis
528 4796 817 4865 presbyteri
841 4796 1079 4847 Aniensis
1124 4804 1407 4860 temporum
1442 4810 1601 4863 usque
1631 4796 1697 4847 ad
1727 4813 1877 4848 suam

308 4872 515 4933 (etatem
548 4864 704 4919 ra:io.
735 4868 791 4919 In
827 4865 930 4918 line
980 4865 1211 4933 legitur:
1247 4864 1523 4933 Explicitu'
1558 4876 1677 4917 sunt
1726 4868 1881 4920 celeri

309 4931 590 4995 admodum
617 4936 874 4991 editorum
927 4931 1141 4998 labore,
1188 4931 1501 5006 efﬂagitante
1555 4938 1878 4989 eruditorum

307 5006 541 5075 omnium
593 5016 731 5069 voto,
768 5007 847 5058 Ita:
893 5006 1139 5075 perutiles
1165 5016 1453 5075 temporum
1481 5006 1735 5063 ιλοεινηιίυ
1765 5007 1875 5059 Eu-

307 5073 435 5126 sebii
468 5074 809 5133 thsariensis
842 5073 900 5131 et
942 5076 1206 5130 Samuelis
1253 5073 1492 5130 Aniensis
1541 5078 1595 5129 in
1630 5078 1771 5131 alma
1828 5088 1877 5134 et

310 5146 692 5215 litteratissinta
721 5147 845 5202 urbe
879 5146 1207 5208 Mediolano,
1259 5165 1395 5200 anno
1426 5157 1539 5209 post
1593 5147 1875 5215 beneﬁcum

308 5214 505 5269 Christi
543 5216 815 5273 adventum
845 5217 921 5272 Μ.
956 5217 1023 5270 1).
1050 5216 1201 5273 CCC.
1236 5217 1463 5272 XVIII.
1491 5218 1731 5272 Lectores
1757 5220 1877 5273 boni

306 5286 493 5348 favete.
556 5285 708 5341 Hanc
751 5287 1079 5355 editionem,
1120 5290 1514 5358 posterioribus
1545 5290 1694 5343 curis
1724 5305 1877 5344 reco-

304 5361 531 5425 gnitam,
563 5358 708 5427 typis
735 5358 929 5412 iterum
963 5360 1240 5413 mandavit
1281 5360 1431 5413 card.
1461 5360 1582 5425 Mai,
1619 5359 1671 5412 in
1722 5359 1872 5414 Scri-

303 5436 513 5494 ptorum
554 5438 781 5484 veterum
822 5445 951 5483 nova
979 5428 1295 5485 Collectione
1327 5447 1354 5484 e
1386 5431 1652 5485 Vaticanis
1681 5432 1875 5484 codici-

307 5498 400 5550 bus
428 5498 592 5562 edita,
625 5507 756 5551 tom.
809 5497 944 5553 VIII.
977 5498 1159 5555 Romae
1192 5501 1261 5555 Μ.
1300 5501 1361 5556 D.
1408 5501 1559 5557 CCC.
1615 5501 1869 5566 XXXIII,

303 5567 470 5625 in-L’.
504 5568 696 5625 Yersio
727 5567 1066 5634 Armeniaca,
1106 5572 1159 5625 in
1194 5588 1300 5641 qua
1325 5589 1432 5626 non
1461 5572 1621 5627 modo
1655 5582 1873 5627 senten-

304 5641 391 5698 tia:
423 5641 730 5703 sententiis,
762 5657 946 5695 verum
975 5642 1273 5709 swpissime
1303 5645 1465 5697 etiam
1504 5645 1664 5698 verba
1693 5643 1871 5699 verbis

302 5712 547 5779 apprime
572 5711 923 5778 respondent,
954 5713 1151 5765 saeculo
1172 5712 1427 5768 Ecclesiae
1457 5731 1489 5767 v
1519 5714 1869 5781 concinnata,

304 5790 589 5853 utramque
622 5783 843 5838 exhibet
872 5781 1121 5838 Chronici
1150 5792 1356 5851 partem
1383 5824 1398 5846 ,
1451 5786 1637 5838 ultima
1692 5786 1868 5839 solum

303 5851 519 5929 prioris
538 5854 710 5933 partis
750 5854 991 5912 sectione
1023 5863 1270 5933 excepta.
1305 5853 1518 5933 Optime
1547 5854 1693 5911 edita
1725 5862 1808 5913 est
1837 5868 1867 5913 τί

1992 4647 2111 4725 ram
2142 4647 2403 4725 tanquam
2446 4653 2684 4725 nobilius
2712 4662 3094 4725 argumentum
3153 4670 3213 4709 se
3267 4647 3557 4725 progrédi:

1991 4723 2161 4776 Τοῦτο
2190 4718 2379 4796 δὴ’ρῦν
2414 4721 2659 4796 σὺν-Θεῴ
2706 4718 2803 4796 6rd?
2834 4725 2932 4795 τῆς
2970 4724 3225 4796 ἀληθείας
3267 4718 3399 4795 ἦμῖῖᾶ
3440 4728 3553 4781 ἐπι-

1992 4812 2059 4863 σφ
2068 4792 2434 4868 ραγισοέντος,
2469 4792 2537 4846 τὰ
2572 4792 2670 4868 μὲγ
2681 4866 2694 4868 ᾼ
2707 4792 2802 4867 τῆς
2815 4792 3299 4868 γπροπαρὰσκευῆξ
3312 4792 3560 4851 ’ἐνταῦθά

1990 4865 2078 4935 μοί
2114 4865 2599 4938 περ-ιγραφήεῖεταξ.
2642 4865 2897 4938 Μετᾲὸἁης
2930 4867 2987 4938 ᾷὲ
3016 4865 3107 4938 ἐπὶ
3127 4869 3225 4938 τὴν
3250 4865 3558 4921 ἑντελεστέ-

1992 4931 2090 5006 potu
2125 4931 2376 4989 ὐτὲόοέσιν
2402 4931 2915 5007 ’ξῆςΕὺαγΪελικῆς
2929 4931 3435 5003 ἀποδείξὲως,θιο.
3464 4940 3555 4993 Li-

1988 5004 2115 5062 bros
2138 5023 2205 5060 xv
2225 5004 2735 5073 Προπαρασκευῆς
2756 5006 3079 5075 evangelicae
3107 5014 3370 5061 memorat
3390 5010 3551 5063 etiam

1987 5075 2285 5147 Ilieron._et
2309 5092 2374 5129 ex
2408 5077 2545 5130 libro
2560 5091 2685 5147 ‘vm,
2705 5078 2887 5147 locum
2910 5077 3114 5147 profert
3134 5078 3186 5130 in
3215 5094 3419 5132 nonum
3444 5078 3554 5133 Da-

1986 5148 2160 5202 nielis.
2188 5145 2406 5201 FABRIC.‘
2448 5175 2518 5184 —
2544 5145 2703 5200 Conf.
2739 5145 2818 5200 Du
2861 5145 2983 5205 Pin.
3018 5147 3217 5202 Eccles.
3275 5159 3551 5204 auctorum

1986 5218 2113 5271 bibl.
2143 5234 2283 5282 nov.,
2308 5216 2371 5283 ll,
2397 5233 2449 5287 p.
2494 5217 2591 5279 10,
2624 5224 2677 5270 et
2707 5215 3015 5271 Fabricium
3061 5226 3308 5274 nostrum
3358 5221 3411 5275 in
3446 5221 3551 5275 De-

1986 5288 2121 5341 lectu
2155 5298 2513 5358 argumentor.
2565 5295 2615 5340 et
2664 5287 2869 5358 syllaba
2904 5289 3146 5355 scriptor.
3199 5305 3294 5358 pro
3339 5293 3554 5347 veritate

1984 5360 2133 5430 relig.
2158 5357 2494 5430 Christianw,
2520 5370 2641 5429 pag.
2670 5357 2736 5411 72
2765 5373 2910 5428 sqq.,
2940 5360 3039 5430 (ubi
3078 5360 3257 5414 locum
3297 5361 3443 5417 hunc
3485 5362 3553 5416 Β.

1978 5429 2324 5500 ϐνίτθρρῑὶὶι
2356 5438 2409 5483 et
2438 5429 2677 5501 pleniore
2706 5429 3006 5500 praesertim
3040 5430 3166 5486 edd.
3205 5434 3400 5488 notitia
3437 5449 3553 5487 am-

1982 5502 2223 5553 nlicavit.
2265 5497 2437 5553 HABL.

2040 5502 2223 5557 icavit.
2265 5502 2437 5553 HABL.

2023 5516 2032 5553 l
2095 5520 2103 5531 ·
2146 5520 2156 5531 ν
2210 5544 2223 5557 ,
2353 5516 2380 5551 n
2424 5538 2437 5551 .

1982 5516 2017 5571 Ρ
2040 5516 2559 5639 x(cc?ill‘ralpltizilt‘ntius
2590 5576 2771 5625 tamen
2810 5570 2865 5625 in
2894 5569 3055 5693 epist.
3085 5571 3153 5626 ad
3192 5573 3473 5628 Nicolaum
3511 5570 3552 5628 V

1982 5643 2261 5693 nmﬁtetur
2302 5656 2360 5693 se
2392 5640 2539 5693 illius
2578 5639 2751 5693 iussu.
2792 5643 2923 5693 senti
2963 5658 3023 5693 us
3066 5645 3349 5693 amputatis
3394 5643 3470 5693 lli.
3497 5659 3549 5693 e.

1980 5643 2261 5714 proﬁtetur
2302 5656 2360 5696 se
2392 5640 2550 5714 illius
2570 5639 2751 5714 jussu,
2792 5639 3036 5714 sentibus
3066 5643 3470 5714 amputatis(h.
3497 5659 3549 5701 e.

1980 5711 2047 5769 iis
2070 5713 2313 5774 omissis,
2337 5726 2457 5781 quae
2486 5711 2590 5765 sibi
2609 5711 2819 5781 scilicet
2847 5712 3079 5767 liaeresin
3104 5715 3252 5769 olere
3292 5711 3543 5767 videren-

1978 5788 2091 5852 tur)
2120 5800 2270 5838 rosas
2301 5779 2631 5852 solummodo
2659 5779 2865 5839 Latinis
2895 5784 3187 5838 hominibus
3232 5785 3328 5838 hac
3358 5785 3545 5837 tradu-

1979 5850 2147 5915 ctione
2178 5853 2447 5911 obtulisse.
2492 5850 2663 5911 Haut.
