3924 6266
328 364 381 414 21
1773 361 2069 419 ΝΟΤΙΤῙΑ.
3462 369 3535 423 22

324 489 424 547 pag.
455 471 546 528 61.
574 503 649 516 —-
692 474 933 532 Venetiis
966 491 1061 547 per
1091 475 1263 535 Nicol.
1305 475 1552 544 Jenson.,
1581 477 1739 542 1476,
1772 477 1864 534 fol.
1896 484 1941 540 Α
1969 477 2167 532 librum
2199 475 2618 547 Prwparationis
2643 489 2868 541 nonum,
2888 492 2953 531 ex
2983 493 3091 548 quo
3122 479 3292 533 multa
3320 481 3533 536 restitui

320 598 380 610 -
401 565 634 623 'l‘arvisii
666 569 839 635 1480,
868 570 987 635 fol.,
1030 571 1170 643 typis
1201 570 1364 627 Micb.
1402 571 1711 635 Manzolini,
1736 571 1868 627 Par-

317 660 507 715 mensis
539 658 628 732 (de
656 677 766 731 quo
800 662 1135 733 typograpbo
1158 680 1208 718 v.
1242 662 1383 719 lren.
1407 663 1547 729 Alio,
1583 663 1776 736 Saggio
1813 664 1868 719 di

316 754 548 808 memorie
573 754 717 809 sulla
757 757 946 825 tipogr.
986 755 1269 812 Parmense
1305 756 1390 811 del
1441 775 1543 813 sec.
1577 776 1665 825 xv,
1704 776 1757 830 p.
1799 760 1867 815 58

317 841 478 913 sqq.).
506 874 573 883 —
595 842 788 900 Venet.
815 845 973 906 1487,
1007 845 1099 901 fol.
1125 845 1276 899 lianc
1316 846 1530 916 quidem
1563 847 1691 902 edit.
1735 848 1867 902 citat

314 934 571 990 laittaire
596 936 683 1002 lll,
715 952 837 1007 pag.
872 938 999 1005 487,
1027 954 1092 994 ex
1125 940 1287 994 catal.
1336 940 1606 1009 quodam;
1638 940 1732 995 sed
1761 939 1865 994 du-

312 1027 438 1082 bitat
464 1029 536 1084 cl.
566 1026 798 1084 Panzer.
834 1028 933 1096 111,
976 1046 1031 1100 ρ.
1056 1029 1181 1095 248,
1214 1029 1282 1085 de
1308 1045 1433 1085 vera
1460 1031 1587 1085 anui
1619 1040 1745 1085 uota
1769 1072 1783 1095 ,
1813 1039 1866 1086 et

310 1119 613 1189 suspicatur
667 1138 793 1178 esse
839 1138 957 1177 eam
1013 1139 1064 1178 a.
1124 1122 1294 1189 M97;
1350 1139 1472 1195 pag.
1517 1130 1696 1180 autem
1736 1125 1863 1191 417,

307 1226 363 1265 n.
390 1210 549 1275 2250,
583 1211 745 1268 istam
772 1214 858 1270 ed.
890 1230 940 1269 a.
975 1215 1108 1269 1487
1140 1215 1427 1286 prodiisse,
1452 1215 1653 1271 diserte
1685 1225 1863 1285 negat.

302 1332 374 1346 —
398 1301 640 1360 Venetiis
666 1305 822 1369 1491,
853 1305 946 1360 fol.
996 1305 1159 1363 Denis
1192 1309 1244 1361 in
1275 1306 1566 1376 Supplem.,
1595 1324 1717 1379 pag.
1740 1309 1861 1364 507.

302 1421 373 1431 -
396 1391 587 1449 Euseb.
619 1394 697 1448 De
722 1410 944 1464 pra’par.
977 1398 1207 1465 evangel.
1247 1406 1296 1450 et
1341 1398 1629 1455 demonstr.
1659 1399 1865 1454 Patavii

304 1484 459 1548 1497,
490 1484 589 1541 fol.
627 1487 916 1558 (Maittaire
948 1487 1041 1557 iV,
1082 1505 1202 1560 pag.
1234 1490 1358 1553 659,
1387 1498 1501 1546 not.
1527 1491 1554 1544 1
1580 1530 1596 1553 ,
1637 1506 1699 1546 ex
1732 1490 1867 1545 Loe-

301 1576 521 1642 scbero,
573 1585 711 1635 teste
754 1595 863 1633 nou
927 1596 1140 1650 semper
1191 1591 1340 1636 certo
1393 1581 1623 1651 ﬁdoque.
1682 1581 1866 1652 Neque

300 1666 492 1740 Georg.
526 1669 946 1741 Trapezuutius,
972 1673 1064 1729 sed
1094 1673 1291 1745 Donat.
1312 1672 1510 1728 Veron.
1532 1673 1723 1729 Latiue
1744 1691 1862 1729 ver-

302 1761 365 1815 tit
389 1760 520 1817 Eus.
563 1762 1075 1819 Demonstratiouem
1104 1765 1382 1836 evangelio.
1438 1763 1504 1821 ν.
1530 1765 1712 1822 Nicer.
1752 1766 1865 1821 Me-

1969 568 2182 641 possint
2211 568 2268 623 in
2294 568 2458 624 editis
2504 569 2815 638 depravata.
2852 567 3051 625 Habuit
3081 578 3135 626 et
3178 569 3371 625 Thom.
3404 570 3533 628 Gale

1969 663 2143 719 libros
2174 661 2274 717 bos
2313 661 2630 718 emendatos
2679 677 2745 716 ex
2787 662 3118 719 membranis
3166 662 3409 734 antiquis
3433 663 3531 735 (cl.

1969 753 2389 824 Dispositionem
2406 754 2609 825 operis,
2630 753 3001 826 librorumque
3023 755 3357 826 singulorum
3372 761 3503 826 quin
3516 786 3533 798 -

1969 846 2139 901 decim
2175 854 2551 917 argumentum
2598 846 2832 903 breviter
2858 847 3077 919 exponit
3114 847 3380 906 Eusebius
3408 848 3530 904 libri

1968 952 2040 989 xv
2067 935 2244 1007 capite
2275 937 2327 1000 1,
2352 942 2605 1001 testatus,
2641 946 2699 992 ut
2744 936 2856 992 dixi
2880 978 2895 1003 ,
2943 954 3002 995 se
3029 938 3155 993 inde
3175 940 3242 993 ad
3264 938 3361 1010 τὴν
3385 939 3523 990 ἐντε-

1967 1027 2221 1101 λεστέραν
2262 1028 2513 1083 ὑπόθεσιν
2539 1024 3052 1101 τῆςΕὐαττελικῆς
3065 1025 3446 1096 ἀποδείξεως,
3460 1032 3532 1082 ad

1969 1120 2242 1189 augustius
2288 1130 2673 1192 argumentum,
2717 1118 3227 1175 Demonstrationem
3272 1122 3529 1192 evangeli-

1969 1228 2104 1276 cam,
2133 1228 2568 1283 progressurum.

1968 1320 1969 1325 η
2036 1303 2176 1361 Add.
2202 1303 2414 1370 Fabric,
2449 1308 2501 1360 in
2524 1304 2760 1370 Delectu,
2784 1313 2888 1360 etc.
2914 1346 2929 1369 ,
2971 1320 3092 1377 pag.
3129 1304 3223 1371 74,
3253 1319 3362 1376 quo
3389 1311 3526 1359 teste

1968 1392 2124 1449 Rich.
2160 1392 2345 1450 Simon
2374 1404 2506 1450 tom.
2549 1392 2731 1449 lBibl.
2772 1395 2992 1461 selectae,
3046 1410 3168 1466 pag.
3199 1394 3297 1463 56,
3338 1401 3522 1456 notat,

1968 1495 2099 1535 mss.
2132 1480 2376 1537 codicem
2412 1481 2537 1552 (sed
2577 1481 2817 1552 quinque
2849 1489 3057 1537 tantum
3094 1481 3386 1552 librorum)
3429 1497 3521 1535 ex-

1969 1577 2113 1627 stare
2142 1572 2196 1627 in
2229 1573 2356 1629 bibl.
2415 1590 2526 1644 reg.
2588 1571 2762 1630 Paris.
2791 1614 2806 1638 ,
2848 1573 3181 1630 dill‘erentem
3226 1574 3427 1644 passim
3459 1572 3529 1627 ab

1968 1662 2148 1725 editis,
2179 1663 2511 1734 dignumque
2535 1664 2628 1733 qui
2658 1663 2990 1721 conferatur.
3022 1696 3094 1705 —
3118 1666 3173 1719 In
3208 1665 3340 1721 bibl.
3379 1664 3526 1735 publ.

1969 1752 2145 1810 Paris.
2178 1764 2324 1820 sunt,
2356 1755 2653 1811 secundum
2684 1754 2856 1810 Catal.
2891 1756 3049 1812 codd.
3087 1766 3218 1811 tom.
3250 1757 3293 1811 ll
3315 1797 3330 1821 ,
3367 1756 3527 1827 quin-

298 1871 428 1909 πων.
464 1855 584 1911 νγ.
610 1856 754 1921 DD.,
784 1866 915 1913 tom.
937 1859 1025 1918 XI.
1045 1874 1167 1930 pag.
1200 1832 1291 1923 26,
1319 1876 1384 1914 ex
1407 1863 1653 1917 versione
1673 1861 1861 1916 Baum-

1967 1863 2071 1917 que
2100 1848 2260 1903 codd.
2291 1847 2384 1904 Gr.
2420 1868 2435 1904 :
2479 1849 2601 1904 cod.
2632 1847 2818 1916 CDLI,
2849 1866 3008 1921 quem
3050 1849 3207 1905 Rich.
3246 1848 3433 1904 Simon
3473 1849 3527 1903 in

297 1948 534 2020 gartcn.)
566 1980 636 1989 -—
666 1949 938 2015 Venetiis,
993 1950 1276 2022 diligentia
1305 1953 1594 2008 Benardini
1626 1954 1826 2008 Benalii
1848 1994 1861 2018 ,

302 2040 455 2107 1497,
492 2040 591 2096 fol.
633 2041 706 2113 (v.
755 2041 928 2098 Fossii
964 2043 1081 2098 Cat.
1131 2046 1251 2110 cit.,
1285 2056 1415 2101 tom.
1449 2048 1488 2111 l,
1524 2063 1577 2116 p.
1611 2046 1760 2116 650)
1794 2075 1867 2084 --

296 2129 485 2189 Venet.
522 2133 682 2200 1500,
707 2134 803 2192 fol.
838 2135 913 2207 (ν.
956 2135 1111 2192 Foss.
1139 2138 1174 2191 1.
1224 2155 1269 2194 c.
1294 2180 1308 2201 ,
1340 2154 1461 2210 pag.
1493 2140 1586 2195 651
1611 2158 1624 2206 ;
1653 2140 1858 2197 Goetzii

296 2222 519 2280 lentor.
545 2226 674 2281 bibl.
701 2226 999 2293 Dresdens.,
1026 2226 1087 2291 ll,
1112 2245 1230 2300 pag.
1247 2229 1371 2294 285,
1404 2232 1459 2285 in
1484 2231 1674 2301 primis
1703 2230 1853 2302 Frey-

292 2325 400 2389 tag.
429 2319 637 2388 Appar.
667 2320 852 2381 litter.,
887 2322 947 2379 l.
995 2337 1047 2391 p.
1085 2322 1190 2377 652
1231 2339 1377 2392 sqq.,
1409 2324 1500 2392 qui
1547 2325 1750 2378 multus
1783 2331 1865 2378 est

289 2408 356 2464 de
382 2408 741 2480 Trapezuntii
795 2414 1047 2467 versione
1093 2421 1147 2469 et
1202 2414 1321 2483 ipso
1356 2414 1587 2470 Eusebio
1637 2416 1863 2485 ejusque

291 2498 590 2571 doetrina.)
617 2531 689 2540 —
743 2499 871 2556 Sine
925 2502 1043 2556 loco
1073 2514 1127 2559 et
1157 2520 1320 2567 anno,
1354 2504 1531 2557 iihfol.
1569 2504 1861 2575 (Coloniie,

293 2591 540 2646 charact.
575 2591 812 2662 gothico,
845 2591 959 2646 Ulr.
995 2592 1272 2664 Zelii,quo
1305 2595 1441 2649 1475
1465 2593 1605 2649 Rob.
1630 2596 1694 2650 de
1713 2595 1862 2651 Licio

292 2698 577 2740 sermones
603 2684 863 2754 vulgavit,
896 2692 1021 2741 test.
1058 2685 1243 2749 Deuis,
1273 2686 1454 2757 Suppl.
1492 2688 1531 2751 Ι,
1578 2704 1632 2758 p.
1659 2688 1785 2753 560,
1811 2698 1863 2743 et

289 2773 473 2830 Lairio
500 2776 558 2829 in
603 2774 788 2831 Indice
822 2776 1076 2831 librorum
1110 2778 1174 2832 ab
1204 2780 1410 2833 iuventa
1445 2779 1779 2849 typograph.,
1818 2781 1858 2843 1,

202 2858 205 2861 ’
291 2882 411 2938 pag.
478 2868 582 2923 129
630 2868 795 2940 seq.),
829 2868 1095 2941 Hagenom
1150 2870 1309 2935 1522,
1346 2871 1400 2936 4,
1431 2901 1504 2911 --
1542 2871 1717 2928 Paris.
1769 2889 1855 2944 ap.

289 2960 428 3015 Sim.
452 2959 636 3017 Goliu.
679 2961 837 3029 1554,
865 2963 919 3017 4.
946 2962 1150 3035 Hmt..]
1180 2963 1369 3018 Colon.
1403 2962 1569 3029 1559,
1627 2963 1755 3029 fol.,
1811 2974 1862 3019 ct

290 3053 435 3109 inter
462 3052 684 3108 Eusebii
709 3069 873 3123 Opera
902 3054 1067 3111 Basil.
1109 3054 1272 3120 1512,
1305 3055 1464 3118 1549,
1495 3056 1652 3120 1559,
1690 3056 1859 3121 1570,

1965 1939 2216 1994 manibus
2268 1938 2523 1994 habuisse
2576 1938 2812 1994 videtur.
2874 1939 2923 1993 Is
2986 1941 3228 1995 continet
3276 1939 3445 1995 libros
3496 1957 3529 1991 ν

1964 2032 2191 2102 priores.
2218 2062 2286 2073 ——
2315 2032 2372 2085 ln
2411 2032 2567 2087 codd.
2606 2032 3160 2087 CDLXV—CDLXVIII
3188 2039 3403 2088 exstant
3460 2048 3530 2086 xv

1964 2129 2105 2184 libri.
2132 2127 2443 2183 ——Codices
2474 2128 2605 2183 bibl.
2624 2127 2860 2184 Florent.
2881 2126 2999 2182 cod.
3025 2126 3093 2181 Vl
3122 2134 3176 2181 et
3194 2125 3283 2193 IX,
3312 2129 3446 2197 plut.
3469 2125 3524 2185 6.

1964 2220 2234 2290 praecipue
2293 2218 2548 2289 priorem,
2582 2218 2803 2290 copiose
2850 2219 3109 2274 describit
3138 2217 3435 2273 Bandinius
3470 2216 3525 2270 in

1963 2310 2085 2366 Cat.
2140 2309 2292 2368 codd.
2330 2310 2421 2367 Cr.
2464 2310 2503 2379 1,
2544 2327 2663 2384 pag.
2710 2312 2968 2379 102-105,
3020 2318 3073 2365 et
3125 2326 3177 2380 p.
3218 2308 3339 2363 114.
3382 2308 3527 2364 Con-

1963 2404 2137 2461 tinent
2187 2420 2313 2460 vero
2359 2405 2432 2459 illi
2482 2405 2650 2461 libros
2706 2422 2795 2459 xv.
2824 2402 3158 2459 —Venetiis
3190 2403 3243 2456 in
3292 2402 3422 2457 bibl.
3461 2402 3523 2457 D.

1961 2498 2125 2553 Marci
2158 2497 2443 2554 codd.tres
2473 2495 3060 2553 CCCXLl-(ZCCXLIII.
3084 2495 3150 2550 V.
3175 2494 3523 2551 Catal.codd‘.

1963 2589 2079 2655 Gr.,
2110 2607 2164 2662 p.
2214 2591 2336 2646 157.
2385 2620 2446 2631 —-
2480 2590 2701 2662 Neapoli
2735 2592 2791 2646 in
2826 2592 2958 2647 bibl.
2992 2589 3049 2644 S.
3099 2588 3258 2643 Joan.
3297 2588 3364 2643 de
3393 2589 3529 2641 Car‘

1961 2683 2188 2738 bonaria
2225 2683 2602 2755 Augustinian.
2643 2685 2763 2739 cod.
2793 2682 2936 2739 XXI.
2977 2713 3049 2722 —
3090 2680 3224 2736 Ibid.
3282 2680 3338 2735 in
3390 2680 3525 2737 bibl.

1962 2779 2131 2847 regia,
2164 2776 2287 2832 cod.
2321 2775 2523 2832 CCXX.
2556 2807 2625 2818 —
2656 2776 2838 2832 Fesuli
2883 2777 2936 2830 in
2972 2775 3103 2830 bibl.
3144 2773 3377 2829 cmnobii
3435 2786 3528 2826 ca-

1963 2870 2143 2924 nonic.
2180 2866 2314 2922 Eus.
2349 2869 2523 2937 Pra'p.
2556 2886 2760 2937 evang.,
2800 2870 3093 2938 interprete
3116 2867 3181 2922 G.
3211 2865 3526 2936 Trapezun-

1961 2964 2057 3017 tio.
2091 2961 2405 3033 (Montfauc.
2457 2962 2606 3016 Diar.
2657 2961 2811 3026 Ital.,
2850 2975 2972 3031 pag.
3012 2958 3160 3029 592.)
3202 2989 3271 2999 —-
3324 2956 3528 3010 Vindo-

1962 3052 2118 3107 bonm
2148 3053 2203 3107 in
2239 3052 2369 3106 bibl.
2420 3053 2620 3107 Caesar.
2674 3051 2797 3107 cod.
2823 3049 2914 3114 XI,
2949 3067 3002 3104 u.
3040 3049 3094 3114 6,
3121 3059 3176 3103 et
3207 3047 3329 3105 cm].
3370 3045 3486 3100 XIV
3509 3087 3524 3109 ,

289 3144 481 3208 fol.,et
497 3141 676 3201 Paris.
698 3145 857 3214 1587,
876 3145 1077 3218 fol.,(a)
1096 3146 1190 3203 sed
1208 3146 1263 3201 in
1279 3148 1858 3218 librisquatuordecim
1904 3217 1926 3218 τ
1962 3159 2019 3197 n.
2046 3143 2099 3205 4,
2131 3150 2384 3213 excerpta
2416 3144 2569 3214 plura
2618 3159 2686 3197 ex
2735 3142 2971 3197 Eusebio
3008 3140 3084 3194 De
3113 3156 3275 3210 pra'p.
3311 3156 3523 3208 evang.,

286 3234 570 3305 supplevit
622 3233 709 3291 Jo.
736 3235 972 3292 Thomas
1002 3217 1248 3308 Freigius
1267 3217 1677 3311 et,quischolia
1700 3242 1860 3296 etiam
1889 3217 1931 3271 C
1965 3251 2084 3304 (tute
2118 3234 2328 3304 singula
2358 3245 2604 3290 recenset
2635 3233 2887 3289 Lambec-
2916 3231 3033 3288 σαι.
3065 3232 3243 3297 εοάάα,
3262 3231 3367 3286 νοΙ-
3390 3229 3524 3293 V1".

289 3326 524 3390 addidit,
557 3327 718 3383 Joan.
765 3328 1004 3385 Jaeobus
1038 3329 1335 3402 Grynaeus;
1367 3334 1563 3389 librum
1594 3334 1864 3390 decimum

287 3419 545 3489 quintum
582 3422 741 3475 vertit
772 3421 986 3478 Marcus
1016 3421 1316 3492 llopperus.

353 3511 556 3569 Graece
602 3514 809 3584 primus
854 3517 1094 3585 vulgavit
1123 3514 1259 3571 Rob.
1322 3517 1632 3588 Stephanus
1690 3518 1862 3576 Paris.

289 3604 455 3665 1544.
494 3605 614 3670 fol.,
646 3609 791 3678 typis
832 3608 1016 3677 regiis.
1060 3606 1303 3679 Denique
1347 3609 1677 3667 Franciscus
1709 3611 1868 3685 Vige-

287 3711 406 3762 rus,
441 3696 901 3768 Rotliomagensis
924 3740 939 3762 ,
991 3697 1049 3753 S.
1083 3698 1133 3753 J.
1164 3702 1448 3773 presbyter
1470 3743 1484 3765 ,
1541 3719 1604 3757 ex
1655 3704 1867 3759 duobus

285 3791 581 3846 codicibus
610 3789 741 3845 bibl.
790 3791 978 3860 regiae,
1035 3807 1268 3862 quorum
1325 3794 1496 3849 altero
1553 3793 1866 3865 Stephanus

290 3898 431 3939 usus
460 3882 657 3943 fuerat.
690 3883 1032 3953 laudatisque
1060 3885 1129 3939 ab
1156 3884 1275 3954 ipso
1303 3884 1537 3941 Eusebio
1580 3888 1864 3958 scriptori-

289 3976 425 4040 bus,
452 3981 511 4029 et
535 3974 705 4028 variis
747 3975 873 4030 lect.
904 3976 1111 4031 codicis
1136 3975 1527 4030 Montacutiani
1558 3974 1743 4032 Graeca
1775 3995 1865 4034 re-

284 4066 543 4127 censuit,
596 4079 902 4133 novamque
950 4066 1230 4122 meliorem
1275 4066 1574 4123 versionem
1608 4084 1761 4124 suam
1812 4076 1866 4124 et

296 4166 450 4213 notas
484 4157 804 4227 iudicesque
852 4157 1059 4213 addidit
1098 4158 1271 4215 Paris.
1307 4160 1466 4228 1628,
1492 4161 1583 4219 fol.
1612 4162 1686 4233 (b)
1710 4181 1723 4215 :
1746 4178 1866 4233 quae

288 4251 459 4306 editio
498 4248 907 4305 Gnaeo-Latina
947 4266 1138 4307 recusa
1168 4262 1250 4307 est
1282 4250 1477 4322 Lipsim
1503 4252 1649 4324 (licet
1674 4256 1864 4310 titulus

292 4341 573 4399 Coloniam
627 4341 894 4413 pra-ferat)
924 4342 1095 4409 1688,
1130 4343 1223 4399 fol.
1256 4343 1485 4400 Exstant
1522 4350 1682 4400 etiam
1718 4347 1768 4400 lii
1801 4348 1865 4401 li-

296 4435 375 4489 bri
404 4451 545 4490 tuss.
594 4434 651 4488 in
696 4434 824 4490 bibl.
860 4433 1207 4500 Florentina,
1266 4445 1319 4491 et
1372 4436 1568 4491 Veneta
1602 4438 1659 4491 S.
1696 4436 1862 4493 Marci

294 4527 402 4596 (ubi
436 4535 556 4580 tres
580 4525 795 4580 codices
823 4525 989 4595 hujus
1019 4527 1222 4597 operis,
1250 4535 1387 4584 teste
1431 4528 1859 4598 Montfauconio,

296 4635 409 4690 pag.
460 4619 534 4674 42
593 4617 765 4671 Diarii
808 4616 1045 4691 Italici),
1104 4621 1351 4691 aliisque.
1386 4620 1442 4676 In
1482 4622 1671 4678 codice
1723 4623 1854 4677 bibl.

296 4712 454 4781 regiae
509 4710 566 4763 in
622 4710 727 4765 [ine
769 4711 933 4764 trium
989 4711 1229 4780 priorum
1280 4713 1544 4767 librorum
1598 4731 1859 4771 numerus

296 4802 491 4873 στίχων
517 4801 790 4870 ascriptus
819 4809 922 4867 est,
956 4812 1011 4855 ut
1032 4804 1240 4857 notavit
1262 4805 1401 4859 idem
1421 4804 1859 4863 Montfauconius

300 4891 348 4947 iu
380 4894 790 4966 Palceograpbia
816 4894 1020 4960 erca,
1044 4912 1165 4967 pag.
1190 4897 1316 4954 276.
1350 4897 1406 4953 in
1434 4898 1692 4970 Catalogo
1720 4916 1853 4956 mss.

300 4983 363 5039 ls.
392 4984 602 5051 Vossii,
632 4998 784 5041 num.
818 4985 940 5051 197,
973 4985 1198 5042 adnotat
1224 4987 1601 5054 Colomesius,
1642 5000 1859 5046 exstare

365 5123 442 5199 (α)
481 5123 845 5199 Hoc__quoque
871 5125 994 5199 loco
1026 5141 1057 5178 a
1099 5124 1257 5199 Fabr.
1294 5142 1574 5199 perperam
1619 5131 1857 5199 scriptus

365 5140 442 5193 ia)
481 5140 597 5179 nec
670 5140 845 5196 noque
871 5140 994 5181 loco
1026 5141 1057 5178 a
1099 5140 1257 5181 ranr.
1294 5142 1574 5197 perperam
1619 5140 1854 5199 scriptus

304 5190 465 5250 fuisse
491 5211 543 5249 a.
574 5140 731 5257 1581.
759 5203 813 5251 et
832 5196 1188 5267 corrigendus
1218 5212 1340 5253 esse
1371 5198 1583 5267 videtur
1616 5215 1666 5253 a.
1695 5200 1854 5264 1587,

305 5266 880 5340 cum‘czeterisEuseb.
910 5266 1032 5340 opp.
1069 5282 1155 5336 ap.
1189 5266 1858 5340 Mich.Sonuium,opera

305 5329 382 5387 Jo.
414 5332 631 5408 Dadrei,
661 5329 962 5392 Parisiens.’
985 5329 1252 5408 theologi,
1284 5339 1374 5408 qui
1416 5329 1670 5393 Pontaco’
1690 5329 1858 5395 inter-

308 5406 512 5479 Loganti
558 5421 650 5468 au,
680 5422 817 5479 cum
864 5407 1115 5479 praeﬁxos
1146 5406 1338 5464 titulus
1371 5410 1646 5479 praeferret
1687 5410 1857 5465 libros

310 5468 515 5550 Eusebii
559 5468 1124 5550 restitutos,'restitut_i
1162 5496 1285 5534 vere
1324 5468 1858 5550 essent,respondit

311 5556 366 5596 se
391 5546 602 5621 quidem
625 5548 1059 5602 Commentarios
1082 5547 1294 5621 Grynaei
1320 5550 1373 5603 in
1405 5551 1496 5604 lib.
1530 5549 1605 5604 De
1625 5546 1851 5619 prtirpar.

310 5616 522 5690 sparget.
554 5631 819 5688 purgasse
846 5631 910 5671 ac
949 5616 1260 5687 praecidi-ssc
1301 5621 1561 5675 nonnulla
1607 5616 1856 5690 quietia-

310 5680 614 5742 tholi'coru'm
660 5680 830 5742 aures
874 5680 1093 5755 possent
1128 5691 1427 5755 offendere;
1479 5680 1672 5746 Ctetera
1727 5708 1856 5745 vero

314 5765 412 5830 non
442 5758 700 5828 attigisse,
734 5756 829 5812 sed
868 5761 1200 5830 typographo
1227 5777 1350 5816 esse
1383 5762 1686 5816 tribuenda.
1722 5762 1856 5816 Pon-

314 5828 454 5879 tacus
480 5843 603 5885 vero
634 5831 691 5884 in
729 5834 1023 5897 Apparalu,
1054 5828 1180 5898 et‘c.,
1215 5847 1339 5903 pag.
1395 5831 1486 5899 22,
1520 5848 1577 5889 se
1628 5832 1856 5890 allirniat

1968 3342 2021 3396 p.
2055 3327 2120 3380 75
2146 3341 2283 3397 seq..
2306 3334 2360 3382 et
2392 3342 2513 3397 pag.
2544 3326 2612 3382 80
2650 3343 2765 3396 seq.
2802 3325 2943 3380 idem
2978 3326 3135 3391 ibid.,
3163 3341 3217 3396 p.
3250 3325 3318 3379 50
3346 3338 3528 3379 emen-

1966 3420 2057 3472 dat
2088 3408 2432 3489 illustratque
2460 3420 2635 3474 locum
2675 3418 2913 3486 Prwpar.
2943 3417 3174 3488 evangel.
3209 3417 3302 3472 lib.
3326 3434 3379 3480 v,
3405 3431 3525 3485 cap.

1966 3512 2036 3566 27
2068 3520 2121 3567 et
2150 3512 2240 3566 28.
2268 3543 2338 3553 --
2375 3512 2594 3568 Eusebii
2629 3512 3000 3588 testimonium
3026 3512 3093 3568 de
3117 3510 3428 3565 discrimine
3459 3509 3531 3564 lc-

1967 3605 2049 3675 gis
2088 3612 2142 3659 et
2170 3612 2561 3674 praeceptorum
2597 3605 2650 3659 in
2697 3605 2819 3660 cod.
2854 3604 3082 3675 August.
3131 3601 3369 3675 Yiudel.,
3394 3609 3529 3657 teste

1967 3696 2195 3751 Reisero
2215 3696 2270 3751 in
2298 3696 2440 3760 Cat.,
2462 3714 2514 3766 p.
2542 3698 2629 3752 59.
2659 3728 2728 3738 -
2752 3696 2947 3751 Oxonii
2973 3700 3026 3750 in
3058 3696 3250 3765 colleg.
3273 3693 3529 3765 Corporis

1966 3788 2189 3858 Christi,
2218 3805 2267 3844 c.
2309 3788 2612 3854 MDCC'XX,
2650 3789 2903 3860 fragmm.
2934 3787 3151 3843 Eusebii
3180 3786 3258 3840 De
3299 3800 3527 3857 praepar.

1965 3899 2137 3946 evan.,
2168 3881 2376 3938 Latine.
2412 3913 2479 3923 —-
2508 3882 2583 3938 ιι».
2618 3883 2674 3936 in
2715 3883 2838 3937 coll.
2892 3880 3089 3936 Joann.
3124 3879 3377 3952 Baptista:
3402 3877 3524 3933 cod.

1966 3973 2386 4029 MDCCLXXXII
2433 3975 2507 4029 De
2553 3991 2779 4044 prmpar.
2815 3991 3019 4045 evang.,
3052 3972 3257 4029 Graece.
3287 4004 3357 4012 —
3386 3970 3529 4026 Inter

1966 4068 2126 4124 codd.
2174 4068 2429 4124 Vossian.
2494 4085 2547 4122 η.
2603 4066 2879 4122 MMCCLll
2912 4069 3051 4136 (Cat.
3083 4065 3242 4120 codd.
3284 4065 3524 4135 Anglim,

1967 4169 2096 4215 tom.
2133 4160 2200 4225 ll,
2234 4177 2284 4232 p.
2324 4161 2413 4225 61,
2444 4169 2498 4216 et
2526 4169 2634 4215 cat.
2667 4161 2796 4215 bibl.
2832 4159 3017 4225 Leid.,
3062 4175 3116 4229 p.
3153 4158 3286 4223 598,
3336 4175 3391 4212 ιι.
3439 4158 3529 4227 55)

1965 4264 2216 4326 excerpta
2254 4271 2317 4311 ex
2369 4254 2586 4310 Eusebii
2618 4253 2914 4320 Praeparat.
2953 4268 3132 4321 evang.
3163 4280 3230 4290 ——
3259 4250 3443 4306 Romae
3474 4250 3528 4303 iu

1964 4345 2094 4401 bibl.
2127 4344 2381 4401 Ottobon.
2421 4346 2505 4401 bis
2535 4344 2609 4399 De
2658 4360 2820 4414 pra’p.
2851 4345 3078 4416 evangel.
3110 4343 3525 4415 (Montfaucou..

1965 4435 2104 4491 Bibl.
2141 4436 2499 4491 bibliothecar.
2534 4452 2666 4491 mss.
2709 4436 2750 4498 1,
2788 4451 2841 4505 p.
2873 4436 2974 4491 184
2999 4435 3089 4502 Α.)
3119 4465 3186 4473 -
3219 4433 3441 4504 Neapoli
3474 4432 3527 4483 iu

1965 4529 2097 4587 bibl.
2128 4527 2339 4583 Domini
2389 4527 2615 4582 Valettae
2667 4527 2763 4598 (id.
2811 4528 2908 4592 ib.,
2945 4525 3250 4597 p.231A.)
3288 4553 3356 4564 -
3389 4523 3524 4579 lbid.

1965 4619 2021 4674 iu
2051 4620 2181 4675 bibl.
2238 4626 2472 4674 monast.
2511 4617 2567 4672 S.
2609 4617 2874 4680 Severini,
2908 4619 3009 4673 bis.
3048 4618 3144 4690 (id.
3195 4617 3293 4681 ib.,
3321 4632 3376 4686 p.
3400 4615 3526 4670 255.

1962 4713 2027 4768 Α.
2063 4712 2126 4768 1).
2161 4744 2229 4752 -
2261 4711 2543 4767 Florentia:
2572 4713 2628 4766 in
2662 4714 2794 4768 bibl.
2830 4711 3167 4766 Dominican.
3200 4712 3379 4764 versio
3402 4707 3523 4763 Lat.

1960 4803 2027 4859 G.
2056 4804 2424 4876 Trapezuntii.
2457 4806 2552 4876 (id.
2610 4805 2725 4869 ib.,
2788 4820 2842 4875 p.
2884 4804 2981 4858 421
3028 4802 3115 4875 C.)
3160 4831 3231 4841 —
3273 4800 3529 4855 Bononiae

1962 4900 2018 4953 in
2049 4898 2182 4953 bibl.
2214 4898 2420 4954 Canon.
2454 4898 2710 4969 Begular.
2744 4897 2840 4967 (id.
2894 4897 2991 4959 ib.,
3025 4912 3079 4967 p.
3103 4893 3208 4949 452
3230 4894 3397 4966 A.)——
3426 4894 3525 4949 Ce-

1961 5007 2107 5047 sente
2135 4992 2191 5046 in
2215 4991 2345 5048 bibl.
2381 4991 2631 5047 Fratrum
2660 4991 2789 5045 Min.
2823 4990 2917 5061 (id.
2980 4990 3077 5053 ib.,
3107 5004 3159 5059 p.
3190 4988 3295 5042 455
3325 4987 3411 5058 C.)
3461 5018 3519 5028 —

1961 5129 2282 5199 cognovisse
2337 5132 2687 5193 mutationes,
2731 5144 2851 5200 quae
2889 5129 3236 5198 reperiuntur
3284 5127 3341 5182 in
3395 5127 3525 5183 edit.

1965 5199 2259 5256 Sonniana.
2294 5216 2361 5255 ex
2399 5202 2522 5256 cod.
2561 5201 2877 5256 monasterii
2923 5199 2982 5254 S.
3021 5198 3279 5256 Victoris.
3310 5199 3366 5253 in
3397 5199 3527 5253 sub-

1963 5271 2131 5325 urbiis
2164 5242 2339 5342 Paii‘s.
2388 5279 2448 5326 ut
2492 5273 2787 5342 plurimum
2811 5269 3154 5342 _desu_mptas
3197 5239 3375 5342 esse.
3403 5269 3527 5342 licet

1959 5357 2068 5395 non
2103 5342 2238 5397 satis
2272 5339 2505 5397 feliciter
2522 5342 2736 5409 ubique.
2771 5339 2915 5396 Idem
2956 5339 3207 5408 Pontac.,
3240 5356 3293 5409 p.
3318 5339 3408 5405 21,
3431 5341 3526 5393 ob-

1959 5422 2139 5481 servat
2162 5411 2248 5465 ed.
2284 5410 2445 5466 Basil.
2505 5410 2639 5465 1549
2672 5412 2729 5465 in
2776 5410 3030 5466 omnibus
3060 5410 3173 5466 fere
3198 5410 3528 5481 respondere

1958 5480 2088 5536 edit.
2120 5496 2170 5534 a.
2205 5480 2362 5535 1529.
2405 5481 2575 5535 Ιῐλειι..

2030 5551 2105 5623 (b)
2143 5551 2201 5605 ln
2234 5551 2361 5623 bibl.
2400 5552 2650 5623 Leideusi
2686 5560 2771 5608 est
2804 5553 3079 5623 exemplar
3110 5552 3177 5606 ad
3212 5550 3370 5620 cujus
3392 5564 3527 5611 mar-

1959 5621 2416 5692 gin‘emgquagdam
2452 5622 2703 5692 ascripsit
2735 5624 2804 5677 ls.
2839 5621 2999 5678 Voss.
3038 5625 3110 5678 lu.

2030 5692 2101 5763 (ε)
2132 5689 2215 5763 pe
2251 5691 2430 5763 Vossii
2471 5700 2525 5747 et
2569 5689 2719 5763 Galei
2754 5693 2912 5748 codd.
2948 5710 3003 5747 v.
3038 5695 3159 5748 Cat.
3210 5690 3393 5763 codd._
3420 5689 3524 5743 An«

1959 5761 2969 5833 gliie_l_l,pag.d62.iu.MMCCCVIH,
3013 5780 3067 5820 ct
3115 5780 3235 5833 pag.
3304 5761 3439 5826 191,
3473 5777 3515 5814 n

1960 5831 2495 5890 LIMDIMMMCXXV.
2538 5832 2612 5890 In.
