3924 6266
236 347 300 405 £5
1692 351 1991 410 NOTlTlA.

3394 388 3469 445 26

238 462 629 569 experientiam,
651 477 954 574 provocat,
989 465 1245 530 Historia
1262 472 1796 574 autem'ec‘clesiasti-
1825 478 1869 535 Α
1897 473 1947 529 J.
2008 476 2218 574 Fabric.
2270 483 2325 539 in
2388 485 2593 544 Histor.
2651 491 2775 549 bibl.
2834 496 3189 565 Fabriciame,
3228 501 3271 566 l,
3311 518 3365 574 ιε.
3397 506 3462 562 91

240 575 327 620 ccc,
360 572 387 610 a
414 572 471 613 se
496 557 741 628 scripta,
770 559 1087 629 neutiquam
1123 563 1391 620 meminit.
1419 563 1598 620 Verba
1633 573 1793 621 sunt:

240 651 298 702 Ei
325 648 445 718 γοῦν
478 666 528 702 τι
561 649 788 705 δύναται
809 653 903 706 καὶ
925 654 958 724 ἡ
984 653 1225 726 ἡμετέρα
1248 656 1478 729 ἱστορία,
1504 655 1626 711 καθ’
1653 659 1800 730 ἡμᾶς

237 743 424 806 αὐτοὺς
457 743 553 814 τὴν
597 745 770 798 πάλαι
798 745 1078 818 βοωμὲνην
1125 747 1262 803 Σιὼν
1288 747 1507 821 ζεύγεσι
1529 750 1665 822 βοῶν
1694 751 1799 804 ὑπὸ

250 835 522 906 Ῥωμαίων
570 836 786 908 ἀνδρῶν
827 839 1131 912 ἀρουμένην
1183 840 1478 914 ὀφθαλμοῖς
1540 844 1800 916 παρειλή-

249 944 432 997 φαμεν.
454 924 775 983 Uberiorem
814 928 1057 997 ἐξέτασιν
1117 931 1350 987 locorum
1381 934 1800 1004 propheticorum

250 1018 310 1072 de
337 1019 589 1073 vocatione
641 1022 876 1091 gentium
924 1021 1198 1078 facturum
1242 1040 1301 1080 se
1331 1026 1599 1096 promittit
1631 1026 1724 1082 lib.
1758 1042 1799 1080 ιι

253 1111 615 1177 Demonstrat.,
673 1130 728 1184 p.
785 1115 874 1180 53,
931 1131 1053 1187 qua
1081 1118 1137 1171 in
1166 1120 1419 1188 prasenti
1455 1117 1578 1174 οὔτε
1607 1118 1799 1173 ἀναλέ-

251 1220 351 1272 γειν
386 1203 504 1257 οὔτε
555 1206 886 1276 ἑρμηνεύειν
936 1211 1146 1283 καιρός,
1201 1226 1324 1282 pag.
1362 1211 1454 1267 48.
1489 1211 1587 1268 llla
1613 1211 1799 1276 ἐξέτα-

254 1311 343 1359 σις,
375 1295 593 1366 perinde
617 1304 675 1351 ut
703 1297 890 1354 decem
937 1302 1110 1356 ultimi
1147 1303 1622 1360 Demonstrationis
1675 1303 1800 1360 libri

250 1387 577 1444 intercidere.
610 1388 678 1444 Et
705 1390 897 1448 dubito
953 1407 1022 1447 an
1052 1394 1254 1452 diversi
1283 1397 1352 1452 ab
1391 1396 1554 1453 editis
1585 1405 1800 1453 exstent

250 1478 302 1532 in
333 1479 453 1533 bibl.
485 1479 770 1545 Vaticana,
801 1484 930 1540 licet
962 1485 1016 1540 in
1049 1485 1416 1558 Scaligerauis
1461 1489 1608 1560 legas
1643 1508 1666 1544 ι
1688 1486 1743 1544 Il
1767 1504 1801 1560 y

251 1589 283 1626 a
329 1589 393 1626 au
440 1575 667 1629 Vatican
701 1576 774 1632 les
835 1576 930 1632 dia:
957 1579 1189 1635 derniers
1247 1581 1401 1636 livres
1453 1582 1802 1649 Ἀποδείξεων

249 1663 507 1730 d‘Eusébe,
539 1669 677 1722 mais
723 1669 799 1724 les
842 1669 1065 1726 Italiens
1087 1682 1205 1728 sont
1243 1673 1291 1728 si
1325 1673 1538 1744 jaloux,
1561 1675 1716 1748 qu‘ils
1739 1692 1801 1730 ne

250 1756 316 1810 les
343 1757 638 1812 voudraient
666 1776 762 1830 pas
786 1761 979 1829 préter.

316 1849 498 1906 Latine
530 1854 695 1908 vertit
721 1853 1091 1911 Bernardinus
1127 1855 1392 1924 Donatus,
1439 1857 1797 1926 Veronensis,

248 1943 540 2014 dicavitque
611 1946 1114 2019 interpretationem
1176 1969 1330 2008 suam
1388 1951 1556 2008 Paulo
1615 1955 1798 2021 tertio,

246 2036 493 2106 pontiﬁci.
520 2037 732 2094 Prodiit
755 2042 877 2110 ejus
915 2043 1094 2100 versio
1144 2044 1389 2102 Venetiis
1421 2046 1498 2118 (α)
1541 2047 1802 2118 primum,

245 2127 362 2181 hinc
386 2127 578 2184 Colon.
620 2131 779 2199 1542,
811 2133 930 2202 fol.,
963 2143 1015 2191 et
1041 2152 1163 2191 cum
1211 2138 1332 2194 aliis
1371 2138 1591 2196 Eusebii
1618 2138 1806 2210 Operi-

243 2221 336 2275 bus
369 2221 526 2278 Basil.
566 2224 722 2292 1542,
758 2227 917 2296 1549,
960 2228 1098 2285 1559
1121 2238 1174 2286 et
1215 2230 1373 2297 1570,
1437 2231 1555 2295 f01.,
1601 2232 1802 2288 additis

241 2318 448 2374 seboliis
505 2319 555 2376 J.
600 2321 715 2378 Jac.
760 2321 1010 2394 Grynai;
1051 2332 1104 2380 et
1156 2323 1333 2379 Paris.
1366 2325 1522 2390 1587,
1569 2323 1662 2380 fol.
1703 2324 1798 2396 (b).

241 2406 499 2463 Nonnulla
547 2410 604 2464 in
653 2411 774 2481 ejus
802 2414 1055 2468 versione
1089 2413 1322 2484 castigat
1343 2411 1580 2469 Jacobus
1611 2413 1802 2468 Billius

239 2501 288 2554 in
321 2499 784 2557 Observationibus
805 2503 922 2558 suis
948 2505 1148 2567 sacris;
1171 2511 1224 2559 et
1247 2503 1512 2575 Georgius
1534 2504 1800 2570 Calixtus,

245 2591 269 2662 ᾗ
295 2592 358 2647 54
388 2593 542 2650 Diss.
577 2594 716 2664 quod
735 2593 902 2650 Filius
956 2593 1074 2660 Dei,
1105 2595 1361 2651 Patribus
1407 2596 1463 2651 V.
1509 2597 1570 2652 T.
1597 2599 1652 2651 in
1680 2615 1804 2668 pro-

237 2688 344 2754 pria
367 2687 646 2756 hypostasi
670 2705 772 2742 non
797 2690 1119 2758 apparuerit,
1183 2697 1334 2743 notat
1386 2688 1652 2744 Donatum
1689 2691 1806 2760 ple-

235 2793 392 2849 raque
442 2778 512 2834 de
569 2780 792 2836 Christo
825 2780 1016 2837 durius
1069 2791 1123 2836 et
1154 2781 1406 2838 licentius
1464 2783 1532 2836 ab
1571 2782 1804 2838 Eusebio

233 2871 393 2933 dicta,
423 2872 508 2926 sic
541 2887 664 2926 esse
716 2873 1151 2944 interpretatum,
1199 2883 1258 2928 ut
1296 2875 1583 2931 emolliret.
1624 2877 1804 2946 Atque

234 2964 298 3017 ob
323 2964 562 3018 similem
605 2980 830 3018 causam
860 2967 1114 3026 omisisse
1145 2968 1416 3039 quadam,
1458 2977 1642 3024 monet
1671 2968 1806 3024 Pos-

234 3059 449 3112 sevinus
480 3058 538 3112 in
573 3059 847 3127 Apparatu
878 3078 1054 3115 sacro.

1898 585 2020 642 sqq.
2051 572 2224 632 "aut.
2258 577 2334 634 Ex
2360 579 2538 652 Prwp.
2578 603 2759 658 evang.
2795 597 2849 645 et
2881 607 2950 647 ex
2980 592 3130 648 Dem.
3166 572 3347 668 evang.
3373 615 3470 655 ex-

1898 675 2052 734 cepta
2080 673 2374 726 vernaequ
2416 689 2671 733 sermone
2692 680 2866 734 edidit
2913 691 2967 738 et
2998 686 3144 743 notis
3173 687 3468 747 iliustravit

1899 755 2220 817 Roesslerus
2244 762 2380 818 Bibl.
2408 765 2524 822 PP.
2559 775 2598 822 t.
2630 767 2697 835 ν,
2727 786 2780 840 p.
2818 772 2920 827 203
2965 791 3049 846 sq.

1969 849 2057 904 ΙΙΙ.
2103 847 2550 932 Ἐκκλησιαστικὴ
2591 862 2840 934 Ἱστορία.
2868 865 3124 924 Historia:
3148 872 3468 928 ecclesiasti-

1898 945 2128 1040 calibri
2163 964 2196 1002 x
2227 947 2295 1020 (c)
2331 966 2359 1005 e
2390 953 2588 1021 quibus
2621 957 2870 1012 ultimum
2904 961 3101 1017 dicavit
3128 963 3359 1020 Paulino
3381 967 3464 1040 (ά)

1899 1038 1995 1108 qui
2029 1038 2156 1111 Tyri
2187 1050 2349 1112 atque
2372 1044 2498 1100 inde
2521 1064 2617 1116 per
2647 1065 2740 1105 sex
2777 1067 2993 1110 menses
3015 1055 3320 1114 Antiochia
3344 1038 3468 1130 post

1899 1133 2206 1203 depositum
2261 1135 2602 1196 Eustathium
2640 1145 2929 1216 epiSCOpus
2982 1147 3106 1206 fuit.
3141 1151 3466 1207 Absolutum

1898 1237 2036 1294 opus
2065 1223 2258 1296 Crispo
2285 1229 2350 1300 (ε)
2391 1231 2568 1286 adhuc
2619 1237 2941 1305 superstite,
2984 1256 3144 1310 quem
3175 1258 3229 1308 χ,
3273 1242 3325 1310 9,
3372 1244 3468 1315 βα·
3526 1259 3528 1262 '

1901 1320 2054 1374 σιλέα
2090 1323 2621 1395 φιλανθρωπότατον,
2669 1338 2722 1383 et
2769 1346 2894 1386 mox
2927 1332 3338 1404 θεοφιλέστατον
3373 1341 3464 1392 καὶ

1899 1413 2040 1467 κατὰ
2068 1415 2244 1470 πάντα
2275 1417 2367 1470 τοῦ
2396 1420 2601 1491 πατρὸς
2641 1421 2824 1492 ὅμοιον
2843 1427 3095 1495 appellat.
3142 1427 3465 1500 Quanquam

1897 1519 2027 1560 vero
2055 1503 2391 1578 Hegesippus
2432 1518 2485 1563 et
2531 1510 2822 1570 Africanus
2852 1516 3085 1585 quodam
3113 1519 3273 1576 modo
3305 1520 3469 1578 Euse-

1899 1599 1990 1654 bio
2027 1601 2380 1670 praiverant,
2416 1601 2612 1674 Papias
2641 1622 2859 1677 quoque
2911 1619 2965 1665 et
3017 1609 3272 1668 Justinus
3302 1621 3468 1686 atque

1899 1691 2153 1750 Clemens
2207 1695 2631 1762 Alexandrinus,
2686 1700 2920 1758 lrenaus
2978 1704 3180 1774 aliique
3228 1705 3380 1760 varia
3409 1706 3466 1761 in

1831 1825 1876 1885 Β
1904 1783 2126 1853 scriptis
2165 1784 2282 1840 suis
2309 1785 2720 1855 adnotaverant,
2761 1807 2882 1862 qua
2913 1793 2982 1847 ad
3039 1794 3324 1851 historiam
3370 1795 3470 1852 Ec-

1903 1874 2084 1929 clesia
2123 1886 2177 1931 et
2202 1877 2488 1934 haresium
2521 1879 2780 1949 facerent,
2811 1885 3022 1954 justum
3079 1895 3260 1944 tamen
3290 1890 3471 1946 eccle-

1903 1967 2139 2024 siastica
2176 1969 2418 2027 historia
2447 1989 2648 2045 corpus
2677 1993 2838 2034 nemo
2861 1988 2986 2036 ante
3017 1980 3310 2037 Eusebium
3337 1999 3470 2039 con-

1902 2056 2041 2114 did-it
2067 2079 2082 2128 ;
2120 2063 2263 2119 unde
2291 2067 2485 2122 merito
2515 2069 2588 2121 ait
2626 2085 2686 2125 se
2740 2071 2953 2144 πρῶτον
2978 2076 3042 2145 τῇ
3074 2073 3324 2130 ὑποθέσει
3350 2077 3470 2130 ἐπι-

1900 2153 2088 2224 δῆσαι,
2141 2158 2367 2224 primum
2422 2176 2720 2230 aggressum
2779 2181 2888 2219 esse
2937 2165 3032 2220 hoc
3083 2176 3466 2237 argumentum.

1901 2245 2134 2302 Deduxit
2185 2257 2366 2306 autem
2423 2254 2555 2309 illud
2615 2271 2643 2308 a
2692 2257 3099 2316 Christianismi
3154 2260 3471 2330 primordiis

1904 2355 2078 2410 usque
2138 2342 2205 2396 ad
2251 2342 2540 2410 Licinium,
2575 2363 2605 2402 a
2637 2347 2996 2406 Constantino
3047 2350 3119 2408 M.
3154 2361 3468 2422 superatum

1901 2433 2364 2503 exstinctumque,
2400 2447 2454 2491 et
2486 2452 2672 2506 pacem
2717 2438 2976 2496 Ecclesia
3017 2441 3284 2497 redditam
3312 2442 3378 2498 A.
3400 2443 3465 2499 C.

1904 2524 2030 2578 524.
2058 2523 2270 2582 lndices
2307 2529 2546 2598 capitum
2573 2532 2640 2585 ab
2664 2533 2782 2603 ipso
2811 2533 3048 2589 Eusebio
3095 2535 3345 2605 praﬁxos
3375 2536 3473 2592 do-

1903 2624 1990 2672 cet
2017 2615 2283 2674 Valesius.
2313 2619 2422 2691 Τὴν
2462 2621 2684 2676 καθόλου
2739 2625 2997 2695 ἱστορίαν,
3048 2626 3323 2681 historiam
3352 2629 3474 2682 uni-

1902 2710 2153 2764 versalem
2187 2711 2612 2767 ecclesiasticam
2649 2724 2804 2770 vocat
2832 2733 2970 2788 Opus
3016 2733 3173 2772 suum
3206 2717 3471 2778 Eusebius

1905 2804 2002 2858 lib.
2033 2822 2154 2868 vui,
2188 2821 2306 2875 cap.
2343 2806 2398 2870 2,
2432 2821 2556 2876 pag.
2585 2807 2713 2862 291.
3139 2863 3148 2872 ,

1977 2895 2168 2952 Latine
2198 2903 2411 2952 vertere
2456 2897 2626 2952 voluit
2666 2897 3027 2971 Hieronymus
3063 2900 3126 2973 (Γ)
3165 2903 3472 2974 scripturus

1906 2987 2191 3043 historiam
2212 2991 2662 3056 ecclesiasticam,
2679 2990 2772 3061 qui
2795 2991 2955 3047 etiam
2979 2989 3121 3047 libro
3148 2994 3221 3050 De
3242 2996 3472 3064 scripto-

1905 3079 2050 3135 ribus
2083 3080 2452 3136 ecclestasticis
2487 3082 2745 3152 pleraque
2801 3082 2986 3138 omnia
3023 3084 3236 3156 repetiit
3272 3103 3339 3143 ex
3367 3086 3474 3142 Eu-

298 3148 483 3206 Grace
512 3152 660 3223 typis
721 3152 910 3208 nitidis
948 3153 1114 3224 regiis
1143 3169 1173 3210 e
1235 3153 1422 3210 codice
1455 3154 1606 3226 regio
1635 3153 1802 3208 edidit

1916 3173 2082 3238 sebio,
2125 3173 2253 3228 licet
2276 3173 2541 3228 translata
2571 3174 2796 3230 liberius
2835 3191 2936 3230 nec
2962 3191 3176 3247 semper
3213 3178 3348 3235 satis
3381 3193 3475 3234 ac-

237 3242 438 3312 primus
469 3243 612 3299 Rob.
649 3243 976 3314 Stephanus.
1011 3245 1184 3301 Paris;
1217 3247 1375 3310 1545,
1413 3247 1506 3302 fol.

300 3335 485 3392 Grace
517 3345 572 3391 et
604 3336 796 3392 Latine
840 3353 964 3392 cum
1018 3339 1216 3393 Donati
1254 3339 1524 3407 versione,
1553 3347 1606 3395 et
1637 3341 1805 3396 variis

237 3430 560 3484 lectionibus
621 3439 676 3484 et
759 3431 1210 3501 castigationibus
1274 3431 1576 3497 brevibus,
1626 3432 1802 3489 Paris.

240 3520 389 3584 1628,
421 3521 545 3585 fol.,
569 3522 772 3578 additis
808 3524 950 3577 libro
980 3522 1204 3578 Eusebii
1252 3534 1436 3578 contra
1485 3524 1806 3592 Hieroclem,

238 3611 446 3670 duobus
476 3624 668 3669 contra
699 3614 1011 3670 Marcellum
1036 3617 1400 3686 Aucyranum,
1430 3625 1486 3672 et
1519 3618 1695 3674 tribus
1714 3618 1810 3673 'De

238 3709 589 3762 ecclesiastica
653 3708 929 3778 theologia.
964 3707 1088 3762 "ac
1116 3709 1284 3763 editio
1332 3710 1556 3778 repetita
1587 3720 1671 3764 est
1705 3710 1810 3765 Co-

239 3800 391 3854 lonia
438 3799 582 3870 (sive
630 3797 828 3869 Lipsia
880 3800 1084 3869 potius)
1121 3799 1280 3864 1688,
1321 3799 1417 3856 fol.
1485 3799 1561 3854 De
1606 3800 1810 3856 Graecis

239 3892 538 3947 Demonstr.
594 3892 825 3963 evangel.
856 3893 987 3948 edit.
1047 3909 1100 3947 v.
1147 3891 1355 3947 Goetzii
1412 3892 1635 3948 Memor.
1683 3893 1810 3947 bibl.

242 3984 454 4049 Dresd.,
487 3983 552 4048 11,
584 4000 638 4054 p.
670 3985 776 4039 284
836 4001 957 4055 sqq.
991 3984 1108 4056 (ubi
1139 4001 1355 4056 quoque
1379 3985 1444 4039 de
1487 3984 1695 4041 Donato
1716 3985 1815 4041 Ve-

242 4078 459 4133 ronensi
490 4077 1042 4148 agitur);Clemeut.,
1077 4078 1114 4132 l.
1149 4093 1200 4142 c,
1237 4094 1289 4148 p.
1329 4077 1425 4132 191
1461 4094 1569 4149 sq.,
1596 4086 1732 4146 not.,
1759 4085 1842 4132 et-

316 4300 394 4371 (a)
424 4299 644 4372 Fabric.
663 4300 725 4372 _i_n
749 4300 966 4370 Syllaba
987 4303 1168 4371 script.
1194 4318 1288 4372 pro
1317 4301 1380 4356 V.
1405 4301 1626 4363 Christ.,
1651 4318 1704 4371 ι).
1727 4303 1814 4369 '76,

246 4369 483 4444 primam
499 4371 630 4444 edit.
663 4369 1102 4444 Venetiisglb98,‘
1125 4369 1242 4438 fol},
1276 4372 1543 4442 prodiisse
1585 4369 1814 4444 scribit;

249 4440 738 4513 contragblaittaire
775 4445 841 4497 Α.
891 4442 952 4495 Τ.
1013 4444 1180 4498 indic.
1214 4440 1406 4513 p.586
1456 4451 1610 4496 notat
1638 4443 1818 4499 Roma

250 4513 404 4567 M98.
435 4511 612 4567 Penes
641 4513 804 4584 igitur
835 4521 1110 4568 auctorem
1135 4511 1359 4568 sit—ﬁdes
1385 4533 1398 4568 :
1431 4515 1576 4570 illius
1599 4516 1814 4582 quidem

249 4584 506 4639 editionis
556 4586 801 4638 meminit
843 4599 943 4638 nec
995 4586 1096 4639 cel.
1147 4584 1356 4638 Panzer
1386 4585 1438 4637 in
1473 4585 1539 4640 Α.
1591 4586 1686 4650 Τ.,
1715 4602 1816 4642 nec

253 4653 596 4708 Audiﬂredus
621 4656 674 4708 in
701 4653 744 4706 ll
795 4656 910 4710 suis
939 4651 1338 4721 Speciminibus.
1365 4653 1537 4710 "ABL.

319 4725 391 4796 (b)
423 4723 563 4780 Vide
595 4741 759 4796 supra
788 4727 852 4778 ad
889 4725 916 4796 §
947 4723 982 4777 2
1009 4725 1074 4780 de
1102 4728 1224 4780 cdd.
1250 4733 1450 4796 notata.
1485 4726 1562 4778 In.

321 4795 388 4867 (c)
417 4797 576 4865 Apud
612 4795 1016 4865 Theophanem,
1064 4813 1120 4867 p.
1145 4798 1195 4858 5,
1229 4813 1325 4866 pro
1355 4795 1449 4866 τὴν
1482 4797 1818 4864 ὀκτά6ι6λον,

254 4867 540 4936 legendum
561 4867 660 4937 τὴν
697 4867 890 4937 ὀγδόην
919 4867 1118 4936 βίϐλον,
1176 4876 1235 4920 ut
1264 4867 1624 4922 Combeﬁsius
1657 4869 1818 4922 etiam

259 4938 308 4992 in
340 4939 488 4991 notis
516 4937 923 4991 animadvertit.
980 4937 1132 4992 Adde
1167 4937 1468 4991 llanckium
1499 4955 1550 5006 p.
1594 4939 1697 4992 100
1744 4938 1823 4992 De

259 5006 598 5076 scriptoribus
628 5007 761 5077 Byz.
794 5007 1024 5061 Fallitur
1042 5009 1182 5062 enim
1205 5007 1440 5062 lacohus
1463 5009 1696 5071 Gnarus,
1728 5009 1821 5078 qui

259 5086 407 5148 putat
433 5078 822 5146 Theophanem
859 5079 924 5132 ad
977 5094 1116 5148 opus
1163 5078 1403 5140 Eusebii,
1435 5095 1542 5147 quo
1580 5090 1822 5134 veterum

265 5159 559 5221 martyrum
585 5157 706 5221 acta
752 5149 1066 5219 collegerat,
1106 5150 1375 5220 respicere
1401 5148 1564 5219 idq'ue
1611 5161 1734 5204 octo
1765 5150 1825 5202 li-

264 5219 370 5275 bris
399 5219 734 5273 constitisse.

332 5291 408 5360 (d)
435 5290 592 5371 Hunc
610 5288 901 5371 Paulinum
935 5287 1223 5371 ἱερῴτατον
1244 5296 1404 5371 vocat
1431 5288 1700 5371 Eusebius
1726 5289 1821 5371 lib.

266 5377 318 5421 ι,
343 5358 476 5432 cap.
510 5361 561 5415 1.
609 5358 943 5440 Senemjam
986 5358 1154 5414 fuisse
1176 5367 1320 5428 patet
1357 5375 1422 5414 ex
1445 5376 1498 5430 p.
1532 5361 1636 5414 317
1659 5361 1713 5414 d.
1751 5359 1826 5415 De

273 5431 354 5487 illo
385 5433 577 5486 multis
607 5429 884 5484 Hancluus
917 5446 971 5500 p.
1007 5429 1270 5493 106-115,
1306 5431 1675 5493 contendens,
1699 5439 1827 5486 ante

274 5501 619 5558 Eustachium
660 5501 870 5572 sedisse
902 5501 1230 5572 Antiochia
1253 5509 1306 5572 et
1329 5503 1492 5572 paulo
1538 5509 1664 5556 ante
1693 5518 1827 5556 con-

277 5574 448 5627 cilium
468 5573 752 5628 Nicanum
779 5571 918 5625 diem
943 5573 1167 5627 obiisse.
1199 5570 1305 5625 Sed
1331 5570 1549 5627 veriora
1575 5573 1829 5627 videntur

279 5660 386 5713 qua
417 5645 578 5714 habet
604 5642 874 5714 Antonius
902 5634 1031 5714 Pagi
1054 5644 1119 5696 ad
1137 5643 1200 5696 A.
1227 5641 1289 5696 C.
1319 5643 1458 5714 54ορ
1483 5658 1637 5697 num.
1663 5643 1753 5698 21.

288 5711 304 5774 ὁ
337 5714 406 5786 (ε)
437 5713 580 5786 Idem
609 5711 908 5786 "animus,
941 5711 1003 5784 vi
1030 5714 1133 5786 1.05
1160 5729 1306 5786 seu»
1343 5723 1397 5770 ει
1422 5712 1828 5786 Ρηρθιέτοειιίυξ

281 5781 400 5858 tam:
448 5781 982 5858 Act:___Sa_n§tor.
1036 5781 1262 5854 April,
1292 5800 1344 5854 p.
1414 5781 1534 5842 108.
1577 5781 1707 5858 Pagi
1762 5784 1828 5839 ad

281 5857 333 5913 Δ.
355 5855 421 5912 C.
446 5855 570 5916 326.
599 5872 656 5910 n.
692 5854 778 5917 18,
802 5853 888 5908 19.

1910 3275 2116 3322 curate.
2153 3265 2329 3320 Vertit
2371 3266 2588 3322 Eusebii
2630 3268 2927 3323 Historiam
2978 3269 3226 3338 Rulinus,
3257 3271 3353 3327 sed
3397 3272 3475 3327 ita

1909 3366 1970 3411 ut
2008 3359 2157 3412 varia
2182 3359 2383 3428 passim
2421 3360 2727 3430 librumque
2752 3361 3023 3416 decimum
3087 3364 3162 3431 (g)
3202 3365 3474 3434 integrum

1908 3451 2300 3519 pr0pemodum
2357 3451 2652 3514 omitteret,
2690 3451 2792 3505 alia
2849 3451 3068 3507 adderet
3101 3460 3263 3523 atque
3307 3455 3469 3509 inter-

1910 3540 2140 3610 polaret,
2174 3547 2230 3594 et
2264 3541 2380 3610 ipse
2409 3541 2576 3597 libros
2605 3541 2743 3598 duos
2779 3559 2950 3598 novos
3000 3544 3353 3615 subjungeret
3377 3544 3475 3616 (ll),

1911 3635 2274 3702 producentes
2329 3634 2573 3690 historia
2605 3635 2766 3689 telam
2801 3636 2868 3690 ad
2921 3636 3214 3693 Theodosii
3250 3636 3320 3694 Μ.
3359 3637 3478 3693 obi-

1913 3735 2026 3781 tum
2055 3743 2246 3798 usque,
2282 3729 2376 3783 sed
2410 3729 2649 3790 incertis,
2682 3730 2881 3799 quibus
2912 3739 3144 3796 scatent,
3193 3738 3247 3787 et
3287 3746 3478 3802 parum

1913 3819 2268 3876 credibilibus
2308 3821 2946 3891 narrationibusjudicio
2980 3829 3034 3876 et
3080 3821 3202 3876 ﬁdei
3259 3821 3480 3878 Eusebii

1914 3911 2233 3992 neutiquam
2268 3912 2678 3982 respondentes.
2700 3911 2883 3967 Ruﬁni
2915 3913 3092 3968 vcrsio
3116 3913 3296 3968 dicata
3316 3912 3482 3969 Chro-

1914 4004 2105 4069 matio,
2141 4003 2780 4076 Aquileiensi'episcopo,
2812 4014 2866 4062 et
2906 4005 3017 4075 jam
3051 4005 3353 4076 Augustino
3382 4005 3477 4062 lib.

1916 4100 1994 4154 De
2026 4116 2153 4154 cura
2192 4115 2287 4169 pro
2317 4100 2563 4164 mortuis,
2598 4115 2648 4154 c.
2677 4100 2730 4165 6,
2774 4100 3014 4165 laudata,
3037 4115 3158 4170 qua
3190 4099 3366 4155 lucem
3398 4099 3482 4154 vi-

1991 4297 2060 4368 (f)
2094 4296 2315 4350 Hieron.
2363 4295 2416 4349 in
2471 4294 2591 4348 Vita
2647 4293 2706 4349 S.
2749 4293 3001 4368 ΔΜᾳΙσΙιὶε
3034 4292 3195 4368 Prius
3253 4296 3482 4368 exerceri

1919 4365 2070 4437 cupio
2092 4370 2143 4421 in
2185 4383 2344 4433 parvo
2381 4383 2549 4435 opere,
2597 4375 2644 4418 et
2682 4365 2837 4419 veluti
2871 4366 3483 4437 quamdam_rubiginem

1921 4435 2112 4508 lingua:
2167 4437 2480 4508 abstergere,
2531 4447 2589 4489 ut
2640 4437 2809 4508 venire
2863 4437 3070 4508 possim
3111 4435 3180 4487 ad
3239 4435 3484 4508 latiorem

1920 4506 2220 4564 historiam.
2272 4507 2510 4561 Scribere
2547 4508 2683 4560 enim
2721 4506 2954 4574 disposui
3005 4507 3073 4569 (si
3104 4515 3272 4558 tamen
3322 4506 3482 4558 vitam

1845 4569 1893 4626 Ι)
1922 4581 2060 4635 Deus
2080 4579 2300 4640 dederit,
2329 4588 2379 4632 ct
2411 4580 2457 4631 si
2479 4569 2847 4645 vituperatores
2873 4577 2971 4630 mei
2999 4576 3183 4629 saltem
3205 4575 3482 4645 fugientem
3562 4589 3566 4594 ‘

1923 4669 2003 4705 me
2028 4661 2076 4705 et
2100 4652 2336 4704 clausum
2367 4643 2600 4717 persequi
2648 4647 2936 4718 desierint),
2970 4647 3042 4718 ab
3093 4655 3273 4718 eventu
3296 4643 3482 4718 Salva-

1925 4723 2052 4775 toris
2096 4738 2257 4790 usque
2295 4715 2374 4772 ad'
2393 4733 2624 4773 nostram
2663 4715 2902 4790 (etatem,
2922 4717 2977 4770 id
3003 4725 3100 4776 est,
3135 4715 3199 4790 ab
3230 4716 3481 4783 apostolis

1922 4809 2085 4860 usque
2111 4786 2181 4844 ad
2217 4791 2371 4860 hujus
2402 4791 2644 4856 temporis
2709 4789 2918 4856 facient,
2974 4786 3229 4860 quomodo
3289 4795 3339 4838 et
3392 4802 3517 4860 per.

1922 4856 2049 4932 quos
2077 4856 2292 4916 Christi
2306 4861 2539 4916 Ecclesia
2587 4870 2714 4914 nata
2745 4862 2812 4912 sit
2841 4869 2889 4912 et
2916 4856 3120 4932 adulta,
3175 4858 3483 4924 persecutio-

1923 4929 2076 4988 nibus
2110 4933 2345 4995 creverit,
2375 4931 2644 5001 martyriis
2682 4938 2930 4983 coronata
2972 4929 3060 4988 sit,
3108 4935 3156 5001 et
3208 4935 3482 5001 postquam

1925 5005 1991 5078 ad
2016 5003 2343 5078 Christianos
2373 4995 2628 5078 principes
2679 5001 2908 5078 venerit,‘
2938 4998 3168 5078 potentia
3193 4995 3396 5067 quidem
3433 5006 3484 5052 et

1924 5076 2122 5129 divitiis
2163 5075 2355 5139 maior,
2374 5070 2661 5127 virtutibus
2690 5071 2858 5124 minor
2885 5070 3027 5135 facta
3055 5070 3144 5139 sit.

2000 5145 2072 5216 (g)
2119 5136 2586 5216 Bulinus,_g_epis_t.
2612 5141 2688 5216 ad
2725 5141 3044 5216 Chrom‘atﬁ
3080 5136 3356 5192 Sciendum
3382 5145 3487 5216 _est

1925 5207 2065 5286 quod
2102 5215 2332 5268 decimus
2358 5207 2494 5267 liber
2531 5212 2685 5286 hujus
2715 5212 2884 5286 operis
2916 5211 2969 5263 in
3003 5207 3206 5286 Gra'co,
3234 5208 3483 5286 quoniam

1925 5280 2204 5356 perparum
2229 5285 2381 5338 habet
2407 5286 2460 5336 in
2502 5283 2654 5356 rebus
2686 5284 2863 5352 gestis,
2885 5295 2974 5356 per
3005 5280 3207 5356 reliqua
3230 5280 3411 5356 omnia
3426 5281 3481 5332 in

1926 5344 2285 5426 episcoporum
2333 5344 2658 5426 panegyricis
2686 5344 3027 5426 tractat—ibus
3054 5344 3186 5426 nihil
3228 5349 3296 5404 ad
3327 5351 3486 5404 scien-

1927 5420 2059 5481 tiam
2082 5420 2254 5480 rerum
2285 5420 2583 5494 occupatus,
2611 5425 2816 5477 omissis
2844 5439 2960 5493 quae
2981 5420 3286 5494 videbantur
3303 5436 3483 5494 super-

1925 5499 2057 5568 ﬂua,
2094 5497 2347 5564 historiae,
2381 5490 2442 5568 si_
2458 5495 2587 5568 quid
2611 5494 2812 5559 habuit,
2838 5490 2989 5568 nono
3017 5492 3384 5568 conjunximgis
3417 5490 3485 5544 li-

1929 5559 2123 5632 bro,’et
2152 5569 2206 5622 in
2256 5559 2365 5636 ipso
2401 5559 2609 5636 Eusebii
2643 5565 2964 5636 narrationis
3017 5559 3253 5616 dedimus
3297 5559 3478 5636 ﬁnem.

1929 5640 2201 5694 Decimum
2221 5632 2339 5693 vero
2359 5644 2408 5692 et
2431 5635 2765 5698 undecimum
2812 5634 3004 5688 librum
3033 5650 3127 5688 nos
3173 5632 3486 5700 conscripsi-

1928 5727 2078 5852 ωδὸ
2098 5720 2205 5834 ett):
2230 5777 2434 5852 borum
2486 5776 2716 5852 duorum
2765 5773 2948 5830 Ruﬁni
2999 5773 3258 5831 librorum
3301 5771 3496 5826 Graeca

1904 5846 2182 5908 .versione
2213 5848 2325 5906 dixi
2350 5846 2491 5904 infra
2519 5847 2574 5904 in
2616 5847 2856 5903 Socrate.
