3924 6266
1669 369 1963 428 NOTITIA.

3375 377 3446 435 50

194 488 369 555 partes
385 479 783 553 distributum,
820 501 1046 558 quarum
1093 487 1268 545 altera
1300 487 1520 548 Eusebii
1553 530 1568 557 ,
1594 491 1766 548 altera
1792 494 1841 553 Α
1866 462 2202 546 Constantini
2258 490 2584 563 Panegyrico
2631 491 2899 565 insignem
2944 493 3156 565 accepit
3203 491 3380 548 lucem
3412 510 3441 547 a

200 574 373 630 Ruﬁni
421 575 598 632 libros
643 578 918 647 continet,
958 579 1027 635 ad
1058 578 1354 637 Vaticanos
1410 597 1546 640 mss.
1597 583 1759 639 codd.

203 676 408 724 exactos
435 667 694 738 notisque
720 669 1043 737 illustratus,
1074 671 1257 729 studio
1278 672 1338 728 F.
1372 672 1519 730 Petri
1546 673 1767 730 Thomas

210 759 440 815 Caeciari
468 760 689 817 —Acc.
725 770 1018 832 postrema
1052 765 1194 834 parti
1222 764 1469 835 ejusdem
1501 764 1647 823 Diss.
1678 766 1761 822 De

212 855 331 915 rita,
384 850 487 921 ﬁde
526 868 590 906 ac
636 850 944 908 Eusebiana
995 854 1113 924 ipsa
1156 854 1338 925 Ruﬁni
1392 858 1761 913 translatione.

213 943 405 1009 Romae,
434 958 560 1013 pars
602 959 644 1009 ι,
677 943 854 1013 174ος
878 961 932 1017 p.
969 962 1030 1012 ιι,
1057 947 1216 1017 1741,
1250 948 1307 1015 4,
1342 948 1410 1005 de
1455 967 1564 1021 quo
1599 966 1764 1023 opere

220 1036 419 1106 copiose
472 1033 699 1092 disserit
756 1035 1191 1094 Schoenemann.
1242 1040 1281 1096 l.
1313 1056 1387 1106 c.,
1420 1057 1476 1112 p.
1506 1042 1610 1097 594
1639 1058 1758 1113 sqq.

222 1127 444 1183 Caeciar.
469 1133 683 1182 textum
722 1126 790 1183 ad
827 1131 1066 1202 quinque
1096 1131 1256 1188 codd.
1287 1130 1762 1205 Vaticanos,quos

220 1224 347 1276 idem
396 1217 718 1277 Schoenem.
750 1222 975 1279 uberius
1023 1233 1292 1290 recenset,
1328 1227 1558 1282 contulit
1599 1235 1762 1298 atque

216 1312 520 1377 emendavit,
557 1312 627 1368 de
676 1305 1050 1385 superioribus
1077 1317 1343 1388 judicavit
1389 1318 1757 1384 versionibus,

213 1412 264 1461 et
285 1402 487 1459 Graecos
509 1402 729 1461 Eusebii
750 1406 910 1462 codd.
937 1406 1007 1462 ad
1036 1423 1205 1463 unum
1248 1424 1439 1465 omnes
1466 1424 1566 1480 pro
1588 1409 1761 1465 inter-

209 1494 394 1565 polatis
422 1504 583 1565 atque
628 1497 904 1569 corruptis
950 1498 1144 1567 habet;
1179 1509 1368 1555 contra
1401 1509 1554 1570 putat
1603 1500 1759 1555 Rufi-

207 1599 349 1649 num,
373 1582 587 1640 Eusebii
626 1587 962 1658 temporibus
989 1598 1098 1643 tam
1138 1591 1524 1661 propinquum,
1548 1606 1614 1647 ex
1639 1590 1759 1646 fon-

205 1678 341 1733 tibus
367 1677 614 1734 hausisse
646 1679 1066 1750 limpidioribus.
1117 1682 1360 1738 Cacciar.
1406 1682 1550 1754 quod
1572 1683 1757 1738 Rufini

204 1771 495 1826 versionem
545 1771 705 1843 longe
734 1782 992 1843 praestare
1025 1772 1332 1830 Valesianae
1372 1776 1752 1842 contenderat,

1864 583 2123 654 praeclara
2155 583 2422 638 industria
2479 582 2833 639 eruditissimi
2861 584 2985 661 viri,
3020 583 3243 640 Henrici
3278 581 3440 638 Vale-

1866 673 1956 742 sii,
1991 673 2084 744 qui
2113 672 2298 728 Graeca
2326 672 2606 729 recensuit
2634 673 2703 728 ad
2736 687 2867 729 mss.
2906 674 3065 731 binos
3105 673 3270 745 regiae
3303 673 3437 728 bibl.

1862 765 2063 836 quibus
2110 764 2249 820 Rob.
2288 763 2597 836 Stephanus
2650 782 2787 823 usus
2845 765 3055 833 fuerat,
3105 766 3442 835 tertiumque

1862 858 2127 927 optimum
2156 856 2603 923 Mazarinianum,
2636 857 2860 913 scholiis
2881 857 3045 912 etiam
3077 856 3285 914 Graecis
3308 856 3440 911 hinc

1861 947 1987 1003 inde
2020 948 2382 1013 illustratum,
2413 962 2535 1017 qua:
2560 947 2707 1003 notis
2734 947 2852 1003 suis
2890 948 3151 1019 pleraque
3184 946 3437 1003 Valesius

1860 1038 2111 1104 insemit,
2143 1045 2197 1094 et
2218 1045 2472 1109 quartum
2504 1038 2621 1094 Nic.
2655 1038 2919 1106 Fucketii,
2952 1048 3065 1095 tum
3091 1041 3277 1097 varias
3306 1042 3432 1097 lect.

1860 1147 1892 1187 e
1930 1130 2192 1194 Turnehi,
2225 1127 2475 1185 Vulcobii
2508 1138 2563 1186 et
2604 1130 2792 1186 Savilii
2824 1130 3106 1187 codicibus
3138 1150 3152 1187 :
3190 1140 3303 1187 tum
3334 1147 3434 1187 no-

1860 1238 1981 1279 vam
2010 1233 2063 1279 et
2099 1224 2494 1279 accuratiorem
2536 1223 2612 1296 (a)
2676 1225 2984 1280 versionem
3043 1236 3309 1296 notasque
3342 1224 3435 1281 do-

1860 1323 1977 1371 ctas
2012 1323 2173 1387 atque
2203 1315 2455 1371 omnibus
2477 1314 2716 1370 historia:
2741 1316 2939 1371 eccles.
2964 1316 3225 1371 studiosis
3252 1317 3434 1386 legen-

1859 1406 1957 1462 das
1987 1407 2232 1462 addidit:
2275 1406 2509 1478 denique
2537 1414 2732 1476 praeter
2768 1406 2911 1463 Diss.
2945 1407 3012 1462 de
3047 1406 3166 1462 Vita
3211 1407 3432 1464 Eusebii

1858 1507 1912 1556 et
1942 1501 2182 1570 scriptis,
2207 1508 2260 1554 et
2289 1508 2530 1555 veterum
2555 1501 2621 1556 de
2645 1478 2882 1557 Eusebio
2914 1502 2968 1556 in
3004 1507 3291 1572 utramque
3313 1517 3436 1572 par-

1858 1603 1965 1653 tem
1998 1597 2333 1662 testimonia,
2363 1595 2625 1666 praemisit
2653 1596 2795 1651 Petri
2838 1596 2905 1651 de
2932 1594 3113 1650 Marca
3145 1596 3432 1666 epistolam

1858 1696 1925 1752 ad
1952 1712 2011 1752 se
2044 1698 2304 1768 scriptam
2334 1696 2399 1752 de
2428 1697 2729 1768 originibus
2771 1696 3177 1754 Christianismi
3220 1698 3276 1752 in
3305 1697 3434 1751 Gal-

1858 1789 1951 1853 lia,
1989 1804 2097 1860 quo
2125 1790 2193 1845 de
2242 1798 2564 1861 argumento
2594 1790 2831 1845 conferri
2866 1791 3029 1845 etiam
3060 1796 3291 1860 possunt
3317 1788 3432 1843 An-

202 1861 527 1920 Tartarottus
586 1866 642 1920 in
686 1866 950 1937 singulari
981 1867 1149 1938 disp.,
1204 1868 1449 1924 Tridenti
1494 1871 1652 1936 1718,
1687 1870 1755 1927 de
1785 1850 1828 1905 Β
1856 1850 2025 1937 dreas
2062 1850 2347 1936 Saussaeus
2396 1881 2472 1936 De
2524 1884 2760 1953 mysticis
2817 1883 3007 1938 Gallice
3044 1850 3428 1952 scriptoribus,

200 1956 436 2011 versione
464 1955 757 2014 Rufiniana
802 1958 877 2015 Η.
926 1959 993 2013 Ε.
1035 1959 1277 2024 Eusebii,
1335 1962 1655 2031 dignitatem
1700 1971 1755 2019 et

197 2048 554 2118 praestantiam
597 2048 899 2106 Valesianze
936 2053 1399 2122 interpretationis
1432 2054 1750 2110 vindicavit.

198 2168 258 2178 —
285 2138 456 2211 Atque
501 2138 706 2197 Valesii
747 2142 930 2199 versio
978 2141 1198 2198 Eusebii
1230 2141 1303 2199 H.
1346 2143 1412 2197 E.
1436 2153 1490 2201 et
1528 2145 1605 2200 De
1646 2147 1754 2201 vita

196 2230 515 2297 imperatoris
553 2231 895 2288 Constantini
924 2234 1048 2290 libr.
1083 2251 1157 2299 ιν,
1196 2252 1319 2291 cum
1349 2239 1588 2293 oratione
1609 2237 1751 2294 Con-

197 2325 403 2377 stantini
436 2323 509 2378 ad
564 2334 779 2380 sanctos
834 2333 889 2381 et
949 2342 1072 2382 cum
1122 2326 1453 2399 Panegyrico
1508 2329 1749 2397 Eusebii,

194 2427 304 2467 cum
355 2416 502 2470 notis
548 2414 753 2470 Valesii
797 2425 852 2471 et
901 2418 1175 2474 variorum
1206 2435 1271 2475 ex
1305 2421 1587 2492 lleadingii
1616 2423 1749 2479 edit.

192 2522 371 2563 recusa
398 2514 486 2563 est
539 2508 660 2565 sine
696 2515 846 2564 textu
873 2513 1083 2577 Graeco,
1116 2511 1394 2581 Venetiis,
1447 2516 1588 2587 typis
1639 2516 1751 2572 An-

194 2601 313 2656 tonii
348 2600 507 2657 Zatta
557 2601 725 2668 1765,
775 2603 907 2658 tomi
947 2605 1086 2669 duo,
1154 2606 1208 2661 in
1274 2607 1450 2663 tribus
1481 2610 1606 2664 voll.
1679 2611 1748 2681 4,

191 2692 253 2748 de
279 2708 381 2763 qua
414 2693 554 2749 edit.
587 2693 712 2749 vide
757 2694 830 2748 cl.
866 2693 1094 2760 Morelli,
1119 2697 1278 2767 epist.
1327 2698 1394 2753 ad
1430 2714 1513 2752 me
1544 2698 1748 2766 datam,

188 2792 235 2839 ct
263 2785 572 2856 evulgatam
608 2800 638 2838 a
663 2800 750 2841 me
809 2786 865 2840 in
914 2786 1122 2842 Introd.
1153 2789 1207 2843 in
1231 2788 1355 2843 hist.
1381 2788 1445 2844 L.
1467 2788 1558 2846 Gr.
1594 2790 1660 2855 11,
1692 2790 1748 2859 2,

189 2889 299 2945 pag.
328 2876 435 2931 559
463 2892 549 2946 sq.
581 2904 651 2915 -—
682 2875 757 2931 De
781 2877 1364 2936 editionibus'Latinis
1392 2888 1554 2952 atque
1581 2883 1752 2938 inter-

190 2966 420 3034 pretibus
447 2964 570 3021 Lat.
604 2984 657 3022 v.
697 2982 914 3038 quoque
949 2966 1157 3024 Stroth.
1204 2971 1259 3026 in
1312 2971 1465 3042 praef.
1500 2972 1565 3026 ad
1594 2987 1749 3029 suam

191 3056 391 3113 Eusebii
429 3057 501 3112 II.
534 3057 602 3115 E.
637 3060 793 3124 edit.,
819 3076 940 3132 pag.
982 3078 1174 3127 xxvm,
1203 3079 1324 3135 sqq.
1361 3063 1535 3119 HARL.

249 3148 424 3206 Graece
466 3152 709 3218 Eusebii,
749 3151 1014 3218 Socratis,
1046 3154 1395 3219 Theodoriti,

191 3250 235 3296 et
261 3241 473 3314 Evagrii
502 3243 807 3299 Historiam
856 3246 1266 3301 ecclesiasticam
1321 3249 1745 3320 elegantissimis

193 3336 317 3405 typis
342 3352 409 3392 ex
439 3336 604 3393 codd.
641 3338 807 3408 regiis
844 3337 1015 3393 edidit
1050 3337 1189 3394 Rob.
1226 3338 1534 3410 Stephanus
1570 3342 1743 3400 Paris.

193 3429 329 3496 15H,
353 3429 448 3484 fol.
489 3429 691 3485 Confer
738 3430 939 3485 laudati
973 3429 1139 3502 lttigii
1177 3432 1378 3487 librum
1414 3432 1488 3488 De
1521 3433 1746 3490 Patrum

192 3517 509 3575 Bibliothecis
536 3561 553 3586 ,
600 3537 657 3593 p.
701 3520 802 3575 7‘27
849 3538 931 3592 sq.
968 3521 1137 3579 Fnsn.
1186 3525 1324 3581 Add.
1370 3523 1745 3583 Literarisches

194 3611 558 3678 Wochenblatt,
592 3622 729 3669 tom.
775 3612 828 3679 Ι,
862 3613 1147 3688 Noriberg.
1200 3617 1359 3683 1770,
1394 3619 1426 3673 8
1448 3660 1462 3685 ,
1501 3627 1644 3690 part.
1675 3637 1706 3674 ι
1728 3660 1743 3686 ,

195 3720 295 3775 pag.
326 3708 428 3762 157
457 3723 545 3778 sq.
580 3736 652 3747 —
689 3706 768 3764 De
805 3707 1099 3778 Stephani,
1155 3708 1358 3767 Valcsii
1384 3720 1469 3766 'et
1504 3711 1746 3785 Beading

192 3798 296 3854 edd.
319 3798 412 3855 Gr.
446 3801 653 3855 multus
685 3807 768 3856 est
789 3800 1059 3856 Clement.
1089 3799 1220 3868 Vlll,
1246 3817 1367 3874 pag.
1408 3803 1510 3857 187
1535 3819 1657 3874 sqq.
1690 3804 1745 3859 ln

193 3887 308 3944 Bibl.
336 3889 592 3947 Leidensi
630 3899 716 3947 est
743 3892 1042 3963 exemplar,
1075 3906 1241 3947 manu
1274 3893 1535 3963 Scaligeri
1569 3894 1747 3948 infini-

192 3984 247 4038 tis
270 3983 403 4039 locis
440 3985 814 4054 conscriptum
848 3994 902 4039 et
934 3976 1284 4040 emendatum
1322 4001 1389 4042 ex
1408 3985 1474 4042 ν.
1498 3988 1622 4043 cod.
1674 3986 1739 4044 γ.

190 4072 365 4142 Catal.,
390 4089 519 4146 pag.
568 4073 670 4141 19,
711 4083 766 4131 et
797 4076 929 4132 ibid.
977 4077 1126 4146 aliud
1159 4093 1283 4132 cum
1333 4077 1599 4135 adnotatt.
1641 4080 1743 4135 viri

187 4165 333 4222 ducti.
374 4147 551 4223 Heiu"
844 4239 849 4242 ἢ

243 4254 426 4313 Graece
459 4267 516 4313 et
542 4258 734 4315 Latine
759 4261 977 4317 eosdem
1007 4262 1304 4332 scriptores
1329 4254 1618 4333 vulgarunt
1637 4263 1742 4321 Ge-

187 4363 468 4415 nevenses,
514 4350 701 4406 addita
754 4350 807 4408 J.
861 4352 1345 4422 Christophorsoni
1393 4356 1645 4411 versione
1686 4363 1741 4410 et

188 4440 386 4496 Sulfridi
437 4441 583 4498 Petri
615 4443 1087 4510 adnotationibus,
1116 4460 1260 4501 anno
1284 4447 1450 4515 1612,
1477 4449 1593 4513 fol.,
1622 4465 1741 4520 qua:

182 4536 350 4601 editio,
382 4537 514 4607 quia
557 4552 747 4643 parum
783 4537 1068 4593 emendata
1100 4545 1205 4603 est,
1232 4538 1351 4595 ideo
1374 4541 1509 4595 nihil
1538 4556 1602 4597 ea
1640 4541 1737 4596 lla-
1772 4553 1813 4607 ι)
1841 4536 1970 4641 ἓξὲξ

181 4628 417 4698 εῖῑὶοείυε
444 4627 716 4698 prodiisse
752 4630 828 4682 ait
870 4629 1238 4687 Montacutius
1267 4648 1322 4702 p.
1352 4631 1452 4686 187
1496 4631 1738 4702 Appara-

182 4728 253 4772 tus
283 4718 352 4772 ad
381 4718 610 4789 origines
638 4720 1043 4777 ecclesiasticas.
1105 4722 1246 4795 [Sed
1301 4725 1356 4779 in
1396 4740 1570 4797 marg.
1608 4706 1739 4781 Sunt

180 4808 234 4865 ν.
266 4811 327 4866 L.
374 4828 410 4868 e
438 4810 636 4885 codd.]

235 4904 312 4959 Ab
344 4919 411 4960 eo
453 4903 950 4975 tempore-Eusebii
985 4905 1260 4971 Historia,
1312 4908 1449 4964 liber
1488 4908 1565 4964 De
1595 4926 1738 4965 mar-

183 4996 361 5065 tyribus
409 4995 759 5064 Palaestinas,
794 4999 917 5053 libri
966 5015 1020 5053 iv
1074 4999 1150 5054 De
1192 4999 1314 5054 Vita
1363 5000 1731 5065 Constantini,

183 5103 283 5142 cum
312 5087 656 5144 Constantini
698 5092 938 5146 oratione
992 5092 1061 5145 ad
1105 5102 1317 5148 sanctos
1344 5101 1397 5148 et
1424 5092 1643 5150 Eusebii
1676 5097 1730 5149 in

185 5204 439 5280 promisse
468 5205 686 5280 videtur
714 5204 969 5280 Strothio
1010 5223 1061 5263 a.
1117 5208 1256 5264 1559
1276 5250 1290 5273 ,
1325 5211 1418 5280 qui
1464 5225 1646 5265 annus
1676 5212 1730 5266 in

185 5274 270 5351 ﬁne
313 5275 683 5351 dedicationis
734 5274 1007 5351 Godsalli‘.
1031 5274 1374 5351 subscriptus
1421 5290 1526 5336 est.
1585 5281 1731 5338 Idem

187 5342 436 5420 strothius
488 5361 557 5420 es
606 5347 713 5401 alia
762 5342 1007 5420 Godsalfi
1049 5351 1200 5420 praef.
1238 5342 1545 5417 concludit,
1611 5368 1730 5405 eam

186 5416 292 5493 edit.
319 5417 1004 5493 etiam_Antvverpia:_1_56_8
1049 5416 1201 5490 prelo
1229 5423 1460 5489 exiisse;
1493 5416 1730 5493 denique

186 5433 292 5471 ean.
319 5433 482 5471 etiam
511 5433 841 5541 immergite
865 5433 1004 5473 Iona
1052 5433 1201 5490 prelo
1229 5437 1460 5489 exnsse;
1493 5433 1671 5493 denin

185 5483 347 5542 Colon.
375 5488 601 5557 Apripp.
629 5487 724 5542 161
784 5529 798 5551 ,
834 5487 932 5544 fol.
971 5487 1045 5543 In.
1668 5552 1671 5555 _

239 5557 463 5630 (aiNon
504 5561 709 5613 desunt
754 5559 971 5630 quidem
1024 5561 1077 5614 in
1119 5561 1221 5616 hac
1266 5563 1430 5618 etiam
1478 5563 1731 5619 versione

187 5627 254 5680 sui
293 5629 413 5684 hinc
463 5630 592 5703 inde
624 5627 795 5703 nasvi,
838 5645 869 5683 a
905 5630 1036 5684 viris
1069 5631 1248 5688 doctis
1305 5641 1512 5703 partem
1547 5634 1616 5689 ab
1663 5648 1729 5687 eo

187 5703 394 5773 tempore
421 5702 638 5773 notatis
650 5699 751 5773 sed
776 5710 1014 5773 propter
1064 5699 1326 5771 plurima,
1373 5720 1493 5773 qua:
1534 5704 1724 5761 rectis-

187 5767 473 5845 timeatque
502 5767 983 5845 eruditissimevir
1002 5767 1249 5845 summus
1276 5767 1409 5829 vidit
1424 5782 1478 5830 et
1498 5789 1723 5845 expres-

189 5777 296 5823 slme
314 5777 473 5896 atque
502 5777 880 5827 eruditissime
897 5777 983 5824 vir
1002 5787 1249 5829 summus
1276 5777 1409 5829 vidit
1424 5782 1478 5830 et
1498 5789 1723 5845 expres-

189 5839 259 5904 sit,
288 5841 365 5895 lau
404 5856 490 5901 em
510 5856 731 5912 semper
759 5841 1050 5899 maximam
1074 5843 1205 5901 feret
1229 5845 1297 5902 ab
1324 5845 1497 5913 aequis
1530 5854 1585 5902 ct
1604 5859 1727 5901 cor~
1754 5910 1763 5919 ,

1855 1990 1910 2045 p.
1941 1975 2048 2030 279
2074 1992 2162 2047 sq.
2191 1985 2245 2033 et
2269 1975 2377 2031 500
2411 1991 2519 2046 sq.,
2552 1983 2606 2031 et
2628 1984 2818 2031 auctor
2844 1993 2999 2032 nova:
3028 1977 3432 2032 dissertationis

1853 2068 1932 2122 De
1967 2077 2193 2137 tempore
2222 2067 2535 2122 introducta:
2566 2069 2623 2123 in
2663 2066 2896 2123 Galliam
2927 2068 3251 2125 Christianae
3301 2070 3430 2123 reli-

1851 2161 2022 2232 gionis
2067 2162 2153 2233 (de
2202 2177 2310 2231 qua
2351 2160 2719 2230 Ephemerides
2771 2162 3099 2217 Parisienses
3150 2178 3201 2218 a.
3256 2162 3425 2227 1705,

1852 2268 1906 2323 p.
1946 2252 2133 2323 1071),
2182 2252 2453 2322 praecipue
2484 2249 2722 2308 Joannes
2760 2250 3038 2307 Launoius
3072 2252 3129 2306 in
3184 2252 3429 2322 epistola:

1851 2340 1996 2398 Petri
2042 2343 2109 2398 de
2146 2342 2325 2397 Marca
2372 2343 2773 2413 dispunctione.
2821 2342 3244 2400 Dissertationes
3267 2342 3428 2399 Vale-

1853 2434 1969 2491 sius
2024 2434 2172 2492 notis
2235 2436 2350 2491 suis
2414 2434 2700 2505 subjunxit
2751 2435 2851 2490 has
2905 2442 3186 2506 quatuor:
3236 2436 3288 2490 1.
3354 2434 3429 2489 De

1851 2527 2130 2582 schismate
2160 2528 2562 2583 Donatistarum
2588 2546 2748 2600 usque
2785 2528 2853 2582 ad
2900 2525 2963 2580 A.
2996 2527 3056 2584 C.
3095 2527 3226 2595 325;
3259 2527 3313 2581 2.
3350 2526 3428 2581 De

1851 2635 1955 2674 uno
1979 2628 2203 2683 tantum,
2236 2636 2338 2674 non
2385 2619 2593 2673 duobus
2622 2618 2827 2687 templis
2853 2635 2886 2672 a
2911 2617 3261 2673 Constantino
3293 2615 3426 2670 Hie-

1851 2713 2131 2782 rosolyma:
2155 2710 2416 2776 conditis;
2449 2711 2502 2765 5.
2534 2708 2779 2787 ΑάΙΙαε.
2818 2707 3119 2776 Πθεετὶωη,
3175 2708 3426 2763 adversus

1850 2802 1997 2856 illius
2023 2802 2335 2857 sententiam
2362 2802 2424 2856 de
2449 2799 2655 2869 perdita
2692 2801 2924 2855 versione
2949 2798 3105 2852 LXX
3162 2797 3427 2868 Interpre-

1851 2913 1960 2957 tum
1992 2910 2039 2957 et
2068 2900 2326 2971 Hexaplis
2347 2900 2587 2971 Origenis
2603 2916 2624 2965 ;
2651 2899 2704 2954 4.
2739 2899 2817 2954 De
2843 2894 3248 2970 Hartyrologio,
3287 2898 3425 2970 quod

1848 3001 2149 3057 Rosweidus
2193 2999 2398 3067 edidit,
2443 3008 2494 3054 et
2540 3014 2811 3069 perperam
2862 3014 2956 3067 pro
2995 3001 3152 3053 veteri
3200 2998 3428 3069 genuino

1851 3093 2088 3149 Romano
2116 3092 2499 3163 Martyrologio
2530 3091 2777 3161 jactauit.
2829 3090 3035 3146 Prodiit
3062 3089 3285 3147 Eusebii
3316 3087 3417 3146 Va-

1458 3156 1746 3255 δοξοφθῗλί
1774 3192 1816 3248 C
1849 3187 1969 3243 lesii
1988 3188 2177 3243 Graece
2203 3156 2476 3242 et'Latine
2501 3156 2677 3240 Paris.
2697 3200 2957 3255 perquam
2986 3184 3163 3239 nitide
3185 3182 3421 3249 3.1659.

1850 3280 1969 3345 fol.,
1997 3280 2141 3350 apud
2167 3277 2463 3333 Antonium
2494 3276 2646 3333 Vitre
2665 3318 2680 3341 ,
2715 3287 2769 3333 et
2804 3293 2872 3334 ex
2912 3276 3116 3333 Valesii
3145 3277 3425 3348 chirogra-

1849 3372 1958 3443 pho
1982 3412 1997 3436 ,
2046 3371 2237 3442 paucis
2285 3368 2610 3441 quibusdam
2642 3369 2700 3424 in
2730 3372 2982 3427 versione
3012 3372 3232 3425 mutatis
3258 3379 3423 3442 atque

1847 3463 2095 3536 pluribus
2116 3461 2339 3527 additis,
2370 3476 2491 3532 quae
2526 3461 2744 3517 uncinis
2772 3462 2986 3518 inclusa
3012 3468 3142 3518 sunt
3174 3463 3230 3517 in
3253 3462 3425 3516 anim-

1847 3556 2264 3612 adversionihus
2313 3571 2378 3610 ex
2427 3554 2684 3611 secundis
2766 3554 2970 3611 Valesii
3020 3556 3211 3623 curis,
3275 3555 3421 3627 apud

1846 3647 2066 3704 Petrum
2094 3648 2144 3703 le
2183 3647 2344 3715 Petit,
2375 3646 2552 3703 Paris.
2591 3647 2756 3711 1677,
2798 3648 2894 3703 fol.
2930 3645 3140 3703 Exinde
3170 3648 3237 3703 ad
3264 3662 3419 3718 prio-

1846 3764 1962 3807 rem
1990 3749 2077 3805 ed.
2109 3763 2337 3805 recusus
2365 3747 2687 3819 Moguntiae,
2728 3755 2787 3802 ut
2829 3747 2993 3803 habet
3032 3747 3254 3812 titulus,
3304 3748 3420 3801 sive

1844 3840 2194 3897 Francofurti
2226 3840 2408 3912 potius
2449 3839 2621 3906 1672,
2687 3840 2804 3903 fol.,
2836 3851 2890 3894 et
2943 3839 3011 3894 ad
3060 3839 3417 3909 posteriorem

1844 3933 2139 3989 editionem
2165 3933 2529 3989 Parisiensem
2552 3972 2567 3996 ,
2599 3931 2872 3987 Amsterd.
2907 3929 3046 3984 1695
3065 3969 3079 3994 ,
3125 3927 3246 3993 fol.,
3275 3929 3418 4000 typis

1844 4024 2400 4081 Francofurtensibus
2475 4023 2801 4079 Wustianis.
2877 4021 3092 4093 Pagina:
3158 4020 3412 4084 Eusebii,

1844 4128 1989 4199 quod
2021 4128 2366 4183 vehementer
2393 4126 2718 4192 dolendum,
2756 4127 2811 4178 in
2844 4124 2944 4179 hac
2976 4131 3250 4193 postrema
3272 4121 3415 4176 haud

1843 4219 2175 4292 respondent
2205 4218 2301 4293 (b).
2358 4218 2505 4275 Obiit
2533 4217 2784 4273 Valesius
2813 4215 3060 4281 Parisiis,
3090 4214 3260 4270 Nonis
3288 4213 3415 4269 Maii

1843 4328 1895 4368 a.
1928 4312 2090 4377 1676,
2116 4311 2334 4383 vitaque
2362 4311 2503 4381 ejus,
2533 4325 2564 4364 a
2602 4309 2771 4365 fratre
2804 4308 3045 4364 Adriano
3078 4307 3310 4378 scripta,
3347 4306 3415 4361 ad

1842 4401 2180 4459 Ludovicum
2207 4401 2489 4457 Nublzeum
2515 4442 2529 4466 ,
2573 4409 2697 4471 post
2722 4396 3088 4456 Parisiensem
3118 4397 3441 4453 editionem-

1843 4509 2036 4550 recusa
2076 4491 2272 4564 Lipsiae
2303 4491 2465 4559 1680,
2497 4491 2559 4559 8,
2608 4507 2740 4547 cura
2770 4492 3095 4548 nobilissimi
3119 4490 3220 4545 viri
3259 4487 3410 4543 Frid.

2004 4586 2325 4658 Corpzovii,
2377 4595 2540 4657 atque
2582 4584 2641 4639 in
2692 4584 2825 4640 Vitis
2861 4583 3168 4639 selectorum
3212 4581 3413 4649 aliquot

1840 4681 2094 4746 virorum,
2120 4695 2151 4733 a
2171 4678 2311 4734 Guil.
2350 4677 2570 4733 Batesio
2597 4677 2839 4733 collectis
2863 4686 2917 4731 et
2945 4674 3176 4731 Londini
3201 4689 3251 4726 a.
3273 4662 3407 4726 1681

1838 4779 1894 4826 et
1924 4771 2083 4835 1704,
2114 4771 2171 4840 4,
2193 4771 2356 4826 editis
2380 4786 2435 4841 p.
2463 4770 2586 4835 719,
2610 4776 2664 4824 et
2694 4775 2819 4824 ante
2858 4767 3151 4822 Eusebium
3203 4762 3410 4833 Valesii

1838 4862 1968 4917 edit.
1993 4860 2169 4917 Amst.
2199 4860 2358 4928 1695,
2382 4861 2478 4916 fol.
2520 4859 2689 4915 FABR.

1907 4983 2121 5053 Integra
2153 4979 2355 5037 Valesii
2386 4979 2556 5036 editio
2603 4977 2967 5048 Cantabrigia:
3007 4984 3158 5029 tanta
3195 4989 3325 5031 cura
3354 4980 3409 5029 et
3458 4966 3463 4969 ’

1837 5087 1943 5143 ﬁde
1985 5102 2181 5144 recusa
2211 5095 2331 5156 est,
2372 5094 2433 5143 ut
2485 5086 2651 5157 etiam
2699 5090 2922 5156 peccata
2961 5082 3361 5153 typothctarum
3386 5120 3405 5146 ,

1833 5203 1975 5259 datis
2002 5202 2320 5267 lectoribus,
2338 5203 2535 5259 nedum
2567 5202 2779 5258 veniam
2801 5199 2874 5256 ob
2896 5199 3406 5271 quantulascunque

1832 5275 2305 5329 hallucinationes.

1911 5343 1986 5413 (b)
2027 5343 2185 5398 Conf.
2238 5343 2551 5398 uberiorem
2599 5342 2969 5398 recensionem
3002 5338 3052 5396 Ι.
3097 5337 3314 5413 Fabric.
3341 5339 3401 5396 in

1830 5412 1977 5471 Bibl.
2010 5413 2251 5479 Fabric.,
2276 5423 2406 5468 tom.
2438 5412 2501 5479 ll,
2527 5430 2582 5483 p.
2618 5413 2722 5468 596
2753 5428 2897 5482 sqq.,
2925 5414 3018 5482 qui
3057 5412 3400 5483 animadver-

1831 5490 1916 5550 tit,
1948 5486 2081 5541 edit.
2112 5487 2259 5540 illam
2284 5500 2393 5538 non
2414 5482 2542 5540 esse
2565 5500 2811 5539 recusatn
2837 5484 3064 5538 Amslel.
3095 5482 3235 5536 1695
3254 5523 3268 5547 ,
3301 5483 3397 5536 sed

1830 5575 1927 5630 per
1960 5556 2202 5630 fraudem
2228 5556 2427 5630 factum
2454 5570 2576 5630 esse
2610 5556 3022 5630 illumtitulum,
3046 5569 3170 5630 cum
3219 5555 3291 5609 sit
3322 5552 3399 5630 ips

1829 5624 2047 5686 sissima
2098 5626 2185 5682 ed.
2242 5624 2716 5697 Francofurtana,
2766 5626 3015 5697 idemque
3051 5626 3399 5697 aliorumnde

1828 5700 2067 5774 Eusebio
2096 5697 2323 5774 ejusque
2363 5698 2583 5768 scriptis
2626 5690 2955 5774 Valesiique'.
2971 5696 3207 5774 editione
3236 5690 3395 5774 affert

1823 5771 2049 5839 judicia.
2107 5766 2318 5823 Recusa
2356 5766 2486 5839 est,
2522 5776 2614 5824 aut.
2666 5766 2864 5825 novum
2916 5766 3136 5823 titulum
3161 5766 3401 5835 accepit;

1827 5832 2002 5900 Paris.
2035 5840 2190 5897 17-16.
2230 5832 2398 5894 ﬂant.
