3924 6266
540 374 600 430 3i
1537 380 1876 440 EUSEBIUS
1912 381 2391 439 CESARIENSIS
2430 378 2825 437 EPISCOPUS.
3722 381 3789 439 32

540 495 737 559 praeter
769 487 863 545 illa
899 505 1021 562 quas
1062 491 1178 563 ipse
1211 491 1462 553 Valesius
1487 495 1778 567 indicarat,
1807 499 2111 555 retineren-
2137 503 2184 561 Α
2210 494 2336 561 Gr.,
2368 512 2422 567 p.
2453 494 2525 550 46
2543 503 2600 552 et
2628 494 2719 552 65.
2746 527 2819 535 —
2846 494 2902 549 In
2932 493 3056 550 cod.
3091 493 3315 550 Coisliu.
3352 493 3490 558 565,
3520 492 3618 550 fol.
3668 496 3785 565 149,

541 588 649 634 tur.
684 579 764 634 14h
799 581 1210 652 inscriptionem
1237 603 1252 640 :

613 670 827 726 Eusebii
884 672 1172 744 Pamphili,
1210 677 1453 736 Socratis
1503 680 1839 748 scholastici,
1880 682 2109 739 Hermia:

540 760 842 828 Sozomeni,
873 762 1178 822 Th‘eodoriti
1211 778 1262 824 et
1288 769 1522 840 Evagrii,
1546 773 1670 828 item
1691 772 2038 847 Philostorgii
2059 785 2109 830 et

540 856 800 913 Theodori
830 858 1064 917 Lectoris
1107 880 1226 934 qua
1250 875 1502 933 exstant,
1562 866 1819 924 Historiis
1859 870 2108 926 ecclesia-

536 950 683 1003 stica:
723 950 902 1006 Gra'ce
949 962 1000 1007 et
1050 953 1238 1010 Latine
1293 958 1350 1011 in
1408 967 1512 1013 tres
1569 968 1735 1015 tomos
1784 960 2104 1018 distributa.

536 1040 704 1097 Henr.
768 1044 1013 1101 Valesius
1070 1047 1311 1104 Graecum
1379 1059 1578 1105 textum
1634 1069 1699 1108 ea:
1763 1072 1893 1111 mss.
1949 1056 2102 1113 codd.

534 1135 862 1203 emendavit,
911 1139 1099 1197 Latine
1141 1145 1329 1211 vertit,
1394 1156 1442 1201 et
1476 1145 1737 1202 adnotatt.
1794 1149 2103 1206 illustravit.

536 1224 781 1287 Gulielm.
844 1231 1078 1307 Reading
1125 1253 1284 1292 novas
1336 1238 1746 1306 elucidationes,
1813 1244 2105 1310 prwsertim

534 1320 961 1395 chronologicas,
996 1329 1052 1382 in
1081 1328 1180 1383 hac
1209 1330 1434 1387 editione
1473 1333 1687 1403 adjecit.
1721 1335 2102 1407 Cantabrigiaa,

535 1415 670 1484 typis
695 1418 930 1473 academ.
966 1420 1136 1486 i720,
1190 1423 1309 1493 fol.,
1335 1423 1404 1479 IlI
1438 1435 1565 1482 tom.
1605 1426 1664 1483 In
1713 1430 1890 1501 primo
1922 1441 2100 1498 temo,

532 1508 626 1578 qui
673 1510 998 1578 peculiarem
1048 1513 1210 1570 habet
1257 1516 1705 1590 inscriptionem,
1753 1524 2105 1580 continentur

532 1597 754 1656 Eusebii
791 1631 858 1641 —-
889 1602 957 1660 E.
995 1604 1069 1661 H.
1105 1607 1228 1662 libri
1279 1609 1473 1667 decem.
1526 1611 1731 1679 Quibus
1769 1615 2104 1687 subjungitur

532 1694 704 1747 oratio
729 1692 1068 1751 Constantini
1095 1698 1162 1753 ad
1194 1710 1405 1756 sanctos
1445 1713 1496 1758 et
1543 1703 1898 1777 Panegyricus
1931 1708 2102 1763 Euse-

532 1784 625 1841 bii.
662 1785 732 1840 H.
799 1788 972 1845 Vales.
1030 1792 1121 1847 Gr.
1185 1802 1382 1849 textum
1429 1797 1637 1852 collatis
1678 1815 1732 1854 IV
1778 1817 1907 1857 mss.
1945 1802 2098 1858 codd.

2206 597 2295 645 est
2346 588 2500 643 locus
2554 586 2777 643 Eusebii
2816 586 2895 642 De
2929 585 3290 654 Tlierapeutis,
3338 592 3562 658 septem
3602 594 3790 646 octove

2207 678 2546 748 paginarum.
2594 676 2911 749 (Montfauc.
2946 676 3089 731 Bibl.
3122 675 3288 732 Coisl.
3311 719 3327 746 ,
3362 694 3423 749 p.
3455 676 3612 749 421).
3643 681 3788 737 -Ιιι

2213 770 2284 824 Μ.
2321 770 2624 837 Britannia,
2657 769 2958 826 secundum
2983 768 3159 825 Catal.
3190 770 3380 837 codd.,
3415 773 3474 826 in
3504 773 3633 828 cod.
3661 772 3789 835 Bar-

2206 879 2324 921 roc.
2353 880 2409 919 n.
2439 863 2616 930 CIIIC,
2658 863 2854 935 fragm.
2887 880 2954 919 ex
2988 846 3062 918 Η.
3118 860 3186 918 Ε.
3223 871 3277 918 et
3302 862 3537 920 Eusebii
3570 874 3789 921 senten-

2205 959 2315 1023 tiae,
2332 956 2474 1012 inter
2488 955 2611 1012 cod.
2628 954 2759 1011 bibl.
2776 954 3033 1011 Bodleian
3043 998 3056 1009 .
3072 953 3373 1010 DCCLXI"
3386 964 3444 1011 et
3458 956 3784 1023 MCCCXIX,

2205 1050 2345 1105 inter
2387 1048 2549 1104 codd.
2606 1046 2802 1103 Laudi.
2859 1047 2931 1103 H.
2965 1046 3028 1101 E.
3077 1063 3145 1103 ex
3193 1050 3450 1104 versione
3482 1048 3694 1106 Ruﬁni.
3720 1081 3786 1093 ——

2203 1140 2271 1197 Ν.
2315 1138 2791 1206 MMCCLXXVIII,
2826 1139 2900 1196 Η.
2953 1141 3020 1195 Ε.
3077 1141 3172 1196 Gr.
3222 1172 3293 1183 —
3340 1141 3412 1201 N.
3447 1142 3781 1212 MMCDVIII,

2205 1235 2458 1307 synopsis
2494 1235 2566 1289 Η.
2598 1234 2664 1290 Ε.
2684 1265 2751 1275 -
2770 1233 2835 1290 Ν.
2856 1222 3390 1301 MMMMMMCDXV,
3423 1236 3555 1292 libri
3573 1252 3631 1291 ιι
3651 1236 3779 1310 (sic).

2208 1328 2280 1383 Η.
2315 1326 2381 1383 Ε.
2432 1328 2528 1385 sed
2561 1328 2775 1411 Latine,
2812 1327 2995 1383 credo.
3026 1327 3292 1384 —Oxou.
3336 1329 3405 1382 in
3458 1330 3598 1385 bibl.
3661 1331 3779 1386 coll.

2203 1422 2525 1488 Baliolens.,
2558 1421 2623 1478 N.
2650 1406 2851 1489 δῦνε,
2876 1422 2996 1478 Lat.
3024 1453 3095 1465 -
3116 1424 3178 1479 In
3212 1424 3347 1480 bibl.
3382 1426 3518 1481 coll.
3578 1424 3782 1483 Merton

2203 1512 2527 1583 N.DXCIV,
2576 1515 2649 1571 Η.
2708 1514 2775 1572 Ε.
2813 1516 2909 1571 lib.
2957 1531 3036 1582 XI,
3091 1514 3210 1570 Lat.
3243 1518 3396 1574 —In
3461 1517 3600 1573 bibi.
3660 1521 3777 1577 coll.

2203 1605 2471 1664 Orielcns.
2506 1606 2582 1664 H.
2625 1607 2692 1663 E.
2752 1607 2874 1664 Lat.
2931 1623 3057 1663 cum
3090 1608 3485 1664 additamentis
3524 1607 3705 1665 Ruﬁni
3731 1620 3779 1667 et

2203 1715 2327 1754 cum
2372 1701 2735 1756 translatione
2791 1699 3058 1771 ejusdem.
3084 1702 3226 1757 —-ln
3259 1700 3398 1755 bibl.
3434 1702 3567 1757 coll.
3609 1701 3779 1757 Mariae

2205 1789 2383 1862 Magd.
2420 1790 2744 1857 MMCCCLI,
2773 1791 2890 1847 Lat.
2922 1823 2989 1832 —
3019 1790 3278 1847 Cantabr.
3300 1790 3369 1846 Ν.
3402 1791 3774 1857 MCCLXX‘I’X,

529 1880 853 1947 emendavit,
883 1881 1006 1937 Lat.
1037 1886 1187 1940 vertit
1218 1897 1266 1941 et
1303 1888 1567 1945 adnotatt.
1600 1889 1910 1949 illustravit.
1943 1893 2098 1949 Hanc

2205 1880 2278 1937 Η.
2315 1880 2382 1936 Ε.
2419 1881 2513 1936 Pr.
2551 1881 2851 1937 Peritorum
2885 1883 3088 1937 dicunt.
3137 1885 3287 1939 —-ln
3331 1885 3466 1940 coll.
3519 1884 3581 1943 S.
3612 1885 3777 1942 Bene-

527 1970 655 2026 edit.
691 1975 887 2030 criticis
918 1976 1154 2046 plurium
1189 1979 1518 2034 eruditorum
1550 1983 1630 2053 (ιι.
1668 1981 1832 2040 Wilh.
1865 1984 2096 2042 Lowthii

528 2065 824 2122 emendatt.
856 2069 1111 2140 notisque
1136 2070 1266 2127 bist.
1294 2079 1348 2126 et
1375 2071 1439 2127 V.
1473 2072 1536 2128 L.
1572 2090 1602 2129 a
1628 2074 1830 2131 Merico
1857 2076 2095 2135 Casaub.

528 2156 762 2225 margini
809 2161 1043 2231 exempl.
1109 2160 1295 2233 Steph.
1354 2165 1628 2239 ascriptis)
1652 2166 2097 2227 observationibus

527 2245 860 2317 locupletavit
892 2251 955 2307 G.
999 2252 1255 2327 Reading,
1281 2257 1413 2313 cieri
1437 2256 1772 2317 Londinens.
1803 2262 2096 2321 bibliothe-

526 2350 666 2402 car.,
691 2338 951 2399 Cantabr.
995 2345 1153 2402 1720.
1186 2345 1431 2420 Reading
1454 2364 1693 2421 quoque,
1723 2353 1986 2424 quidquid
2032 2372 2098 2412 ex

527 2426 658 2501 Pagi
689 2433 898 2501 critica,
926 2434 1207 2495 Pearsonii
1236 2440 1533 2496 Annalibus
1554 2442 1904 2514 Cyprianicis,
1934 2447 2097 2504 Cavei

529 2519 676 2578 Hist.
724 2524 853 2591 litt.,
886 2526 1161 2586 Dodwello
1193 2531 1424 2603 aliisque
1454 2533 1561 2589 huc
1613 2537 1941 2605 pertineret,
1975 2539 2100 2595 dili-

528 2620 720 2682 genter
769 2619 1078 2689 congessit,
1135 2629 1189 2676 et
1241 2632 1402 2679 notas
1432 2622 1635 2680 Valesii
1665 2626 2005 2700 aliorumque
2046 2637 2099 2684 et

529 2720 660 2764 suas
698 2710 866 2765 textui
910 2712 1142 2783 subjecit
1169 2716 1529 2774 commodius.
1564 2716 1678 2773 Sub
1710 2719 1872 2776 ﬁnem
1914 2737 1967 2793 p.
1998 2723 2100 2779 795

528 2813 614 2869 sq.
638 2801 822 2869 posuit
850 2801 916 2859 V.
948 2802 1009 2858 L.
1046 2806 1254 2862 codicis
1279 2808 1572 2865 Castellani
1598 2820 1653 2867 et
1686 2827 1780 2868 eas
1803 2829 1939 2884 quas
1964 2814 2095 2871 Mer.

527 2891 835 2950 Casaubon.
866 2898 1100 2968 exempl.
1136 2898 1325 2972 Steph.
1355 2916 1518 2957 manu
1551 2904 1900 2975 ascripserat.
1936 2907 2096 2963 Conf.

526 2985 739 3042 Clerici
757 2987 900 3046 Bibl.
935 2993 1183 3046 ancienne
1211 3004 1259 3048 et
1288 2994 1453 3060 mod.,
1485 3005 1617 3051 tom.
1643 2996 1785 3065 XVI,
1803 3016 1860 3070 p.
1884 3000 2095 3071 75-156;

502 3077 682 3135 ‘Acta.
715 3080 931 3148 erudit.,
967 3081 1116 3153 Lips.
1153 3084 1310 3154 1724,
1359 3104 1414 3158 p.
1466 3089 1574 3157 97;
1624 3101 1677 3147 et
1706 3092 2093 3166 Baumgarten,

2198 1973 2352 2040 dicti,
2380 1972 2447 2030 N.
2481 1973 2876 2039 MDCXXVIII,
2910 1975 3032 2030 libri
3082 1991 3138 2029 ιι
3223 1975 3433 2032 Euseb.
3474 1975 3547 2032 Η.
3583 1977 3647 2032 Ε.
3671 1978 3773 2035 Tit.

2199 2066 2255 2120 in
2285 2073 2394 2122 vet.
2458 2068 2682 2139 scripto,
2721 2067 3099 2122 Ecclesiastica
3131 2068 3255 2123 hist.
3289 2085 3387 2138 per
3437 2068 3556 2125 Ric.
3598 2070 3776 2127 Mona-

2198 2156 2541 2213 chum.—N.
2565 2160 2955 2228 MMCDXXXI,
2986 2159 3058 2214 Η.
3089 2158 3156 2213 Ε.
3189 2158 3311 2216 Lat.
3345 2192 3418 2201 —
3464 2162 3525 2217 In
3557 2171 3687 2219 tom.
3711 2163 3771 2230 II,

2197 2248 2369 2304 Catal.
2402 2249 2459 2305 in
2514 2250 2646 2306 bibl.
2686 2257 2822 2307 eccl.
2872 2249 3303 2323 Wigorniensis,
3357 2253 3584 2310 Eusebii
3619 2255 3687 2309 Η.
3713 2258 3770 2311 Ε.

2199 2339 2322 2395 libri
2351 2356 2425 2405 ιι,
2461 2355 2492 2395 a
2514 2339 2712 2397 Ruﬁno
2734 2342 2901 2408 versi,
2936 2357 3041 2396 una
3072 2358 3199 2398 cum
3230 2360 3269 2398 ιι
3312 2345 3472 2402 libris
3509 2361 3606 2417 per
3634 2362 3774 2402 eum-

2198 2430 2320 2485 dem
2354 2431 2573 2489 additis.
2596 2464 2666 2474 —
2686 2436 2746 2492 In
2768 2435 2898 2492 bibl.
2928 2436 3125 2494 eccles.
3153 2435 3569 2496 Sarisburicns.
3600 2456 3656 2494 ιι.
3686 2438 3770 2506 Ml,

2202 2522 2274 2579 Η.
2308 2523 2374 2577 Ε.
2408 2527 2588 2581 versio
2617 2524 2821 2591 Ruﬁni,
2856 2526 3043 2581 eadem
3076 2526 3263 2584 forsan
3321 2546 3382 2586 ιι.
3483 2529 3772 2586 MXXll.—-

2195 2614 2255 2670 In
2284 2615 2417 2672 bibl.
2454 2616 2695 2673 Norl'olk.
2726 2617 2793 2672 N.
2836 2617 3178 2675 MMMCDVL
3209 2660 3222 2684 ,
3259 2620 3346 2676 Η.
3382 2620 3447 2677 Ε.
3483 2621 3683 2679 Graece.
3709 2650 3773 2663 -

2197 2703 2341 2760 Inter
2371 2708 2528 2762 codd.
2560 2708 2686 2764 Car.
2728 2708 2980 2782 Theyeri,
3012 2710 3077 2767 N.
3121 2712 3273 2766 MMM
3289 2713 3770 2784 MMMDLXXXIX,

2199 2798 2345 2853 Hist.
2382 2800 2478 2853 lib.
2512 2817 2588 2866 ιι,
2620 2799 2738 2856 Lat.
2766 2834 2837 2887 —_-
2869 2802 2927 2857 In
2959 2804 3090 2860 bibl.
3111 2805 3398 2873 Jacobaea,
3432 2825 3487 2864 ιι.
3526 2809 3772 2863 1611111111

2199 2890 2586 2946 MMDCDXVII
2620 2891 2739 2947 Lat.
2770 2923 2845 2934 —
2871 2895 2932 2949 In
2979 2896 3112 2951 bibl.
3166 2897 3329 2968 regia
3371 2899 3667 2956 Matritensi
3696 2907 3770 2956 est

2196 2982 2321 3038 cod.
2354 2998 2385 3037 a
2415 2981 2702 3040 Vincentio
2724 2984 2978 3041 Mariner.
3016 2984 3333 3057 Valentino,
3369 3007 3438 3046 ex
3467 2996 3586 3046 cod.
3609 2990 3764 3046 Esto-

2197 3076 2321 3131 rial.
2354 3076 2644 3147 antiquiss.
2672 3079 2765 3148 qui
2791 3078 3044 3134 incendio
3072 3078 3256 3136 forsan
3293 3083 3636 3154 absumptus,
3664 3099 3760 3139 non

530 3168 842 3230 Nachricht.
874 3191 971 3230 von
1005 3176 1413 3251 merkwitrdigen
1445 3181 1740 3253 Bac/term,
1780 3162 1914 3241 tom‘.
1936 3185 2007 3254 X,
2036 3203 2094 3259 p.

2200 3162 2433 3233 amplius
2462 3173 2661 3231 exstat,
2719 3166 3048 3238 déScriptus,
3074 3169 3131 3223 in
3177 3186 3292 3240 quo
3325 3181 3456 3228 sunt
3502 3175 3608 3229 duo
3640 3173 3762 3229 insi-

528 3262 785 3320 3l0-5i8.

602 3352 728 3409 Haec
757 3354 1041 3430 Readingii
1071 3358 1159 3415 ed.
1195 3374 1391 3417 recusa
1434 3369 1520 3417 est
1572 3361 1761 3419 Turini
1796 3365 1932 3423 1748
1975 3364 2114 3436 1“‹›1.,Δ

529 3442 600 3498 lII
635 3447 764 3501 voII.

600 3535 884 3610 Readingii
937 3542 1153 3607 merita,
1189 3558 1310 3615 quae
1355 3545 1413 3599 in
1455 3545 1646 3601 critica
1684 3548 1900 3617 quidem
1944 3560 2100 3619 parte

531 3629 674 3684 baud
725 3630 861 3687 adeo
911 3632 1146 3705 insignia
1206 3637 1449 3703 fuerunt,
1507 3635 1787 3695 Strothius
1839 3657 2100 3712 superare

531 3721 792 3777 sustinuit
820 3723 874 3778 in
898 3740 1039 3780 nova
1066 3727 1199 3782 edit.
1240 3745 1305 3785 ac
1351 3730 1703 3796 recensione,
1734 3733 1893 3804 cujus
1916 3741 2097 3790 tamen

528 3813 761 3881 primum
782 3820 995 3870 tantum
1025 3818 1277 3875 volumen
1311 3821 1487 3877 lucem
1514 3823 1761 3892 aspexit:

603 3901 816 3959 Eusebii
862 3905 1127 3977 Pamphili
1172 3908 1426 3966 Historia:
1475 3912 1848 3968 ecclesiastica:
1885 3913 2010 3968 libri
2038 3930 2093 3968 x.

536 3992 783 4063 Ejusdem
816 3996 924 4052 'De
960 3996 1084 4053 Vita
1117 3998 1456 4057 Constantini
1513 4002 1636 4057 libri
1667 4021 1738 4071 1v,
1775 4004 1997 4059 Textum
2027 4006 2097 4060 ad

532 4085 688 4156 [idem
720 4087 873 4144 codd.
910 4108 1037 4148 mss.
1062 4102 1111 4147 et
1143 4093 1259 4148 edd.
1306 4097 1596 4162 recensuit,
1628 4108 1879 4167 notasque
1926 4099 2099 4151 maxi-

532 4194 673 4231 mam
697 4189 897 4248 partem
927 4185 1139 4240 critica:
1172 4185 1364 4253 adiecit
1396 4185 1446 4239 F
1449 4187 1553 4241 rid.
1589 4188 1758 4242 Andr.
1794 4188 1996 4244 Stroth.
2029 4218 2100 4228 —

533 4269 655 4328 Vol.
703 4273 745 4330 Ι.
800 4274 946 4333 Baiae
978 4278 1044 4334 ad
1078 4277 1282 4347 Salam,
1330 4281 1490 4348 i779,
1541 4281 1594 4347 8,
1642 4280 1848 4338 Graece.
1906 4281 2100 4338 Varias

531 4362 686 4418 editt.
747 4373 854 4421 tam
886 4367 982 4424 Gr.
1016 4385 1176 4440 quam
1211 4371 1331 4426 Lat.
1386 4374 1638 4440 contulit,
1675 4382 1839 4444 atque
1869 4388 1932 4429 ea
1978 4390 2100 4444 qua:

531 4464 689 4511 antea
716 4456 939 4514 fuerunt
986 4463 1256 4534 dispersa,
1301 4465 1538 4537 collegit,
1585 4465 1642 4520 in
1683 4467 2101 4538 subsidiumque

2199 3253 2323 3325 gnia
2353 3253 2653 3326 fragmenta
2701 3273 2766 3311 ex
2811 3257 3030 3314 Eusebii
3081 3261 3153 3315 ll.
3193 3261 3288 3330 E.,
3321 3265 3475 3334 prius
3506 3265 3636 3335 Περὶ
3665 3263 3761 3317 τῶν

2200 3346 2492 3419 μαρτύρων
2516 3348 2625 3404 τῶν
2656 3351 2714 3404 ὲν
2743 3353 3071 3424 Καισαρείᾳ.
3109 3354 3215 3408 ὑπὸ
3243 3355 3342 3410 τοῦ
3398 3353 3760 3428 Διοκλητιανοῦ

2196 3442 2292 3494 καὶ
2334 3441 2640 3514 Μαξιμίνου
2692 3446 3175 3517 μαρτυρησάντων,
3200 3450 3350 3520 quod
3374 3450 3489 3520 jam
3510 3457 3593 3505 est
3614 3463 3760 3504 excu-

2198 3546 2319 3586 sum
2345 3531 2401 3586 in
2417 3533 2505 3588 ed.
2538 3533 2789 3603 Eusebii;
2823 3536 3092 3605 posterius
3122 3540 3261 3610 Περὶ
3286 3540 3397 3594 τῶν
3425 3539 3564 3594 κατὰ
3593 3537 3762 3608 διαφό-

2199 3641 2327 3695 ρους
2350 3626 2575 3698 καιροὺς
2596 3630 2656 3681 ὲν
2681 3628 2962 3699 διαφόροις
2986 3629 3171 3684 πόλεσι
3221 3633 3577 3705 ἀθλησάντων
3610 3631 3760 3702 ἁγίων

2201 3717 2514 3789 μαρτύρων,
2547 3721 2714 3791 quod.
2748 3724 2875 3792 quia
2908 3724 3148 3778 nondum
3180 3724 3390 3779 editum
3436 3738 3542 3790 est,
3585 3724 3761 3778 Iriarte

2198 3809 2253 3861 in
2279 3809 2453 3866 Catal.
2510 3813 2663 3869 codd.
2702 3812 2796 3870 Gr.
2854 3814 3100 3881 Matrit.,
3156 3832 3210 3886 p.
3254 3817 3534 3884 548-552,
3569 3817 3760 3888 primus

2195 3902 2468 3972 evulgavit
2490 3902 2693 3960 Graece.
2714 3937 2782 3946 —
2812 3906 2869 3961 In
2904 3908 3034 3963 bibl.
3062 3907 3322 3965 Lcidcnsi
3358 3909 3431 3965 H.
3469 3909 3535 3963 E.
3586 3907 3759 3963 Latine

2201 3990 2264 4049 V.
2290 3993 2490 4057 Catal.,
2533 4013 2588 4068 p.
2639 3999 2762 4062 559,
2817 4016 2874 4055 ιι.
2908 4001 2959 4058 1.
2989 4031 3061 4041 --
3094 4000 3349 4068 Taurini,
3383 4004 3437 4056 in
3463 4003 3594 4057 bibl.
3625 3997 3757 4070 regia

2197 4086 2339 4141 inter
2372 4087 2530 4144 codd.
2567 4088 2682 4143 Lat.
2709 4089 2889 4145 Ruﬁni
2923 4091 3101 4147 versio
3136 4092 3189 4146 in
3217 4093 3384 4148 codd.
3418 4093 3597 4156 DLIX,
3632 4090 3755 4145 DLX

2197 4188 2252 4235 et
2291 4179 2548 4236 DLXXV.
2597 4213 2667 4222 ——
2711 4182 3001 4239 Florentiae
3044 4184 3099 4239 in
3150 4184 3283 4240 bibl.
3330 4185 3496 4241 Laur.
3539 4184 3758 4241 Medicea

2200 4271 2320 4326 cod.
2357 4283 2558 4329 vetust.
2592 4272 2703 4338 Ἧι,
2738 4275 2878 4345 plut.
2915 4277 3001 4344 70,
3031 4276 3096 4331 de
3129 4291 3239 4346 quo
3274 4279 3516 4333 nondum
3541 4288 3760 4333 excusso

2201 4367 2407 4422 multus
2445 4374 2529 4422 est
2559 4366 2789 4423 Bandin.
2816 4370 2871 4424 in
2902 4370 3023 4424 Cat.
3056 4369 3216 4425 codd.
3253 4369 3349 4426 Gr.
3377 4370 3441 4436 ll,
3468 4388 3521 4442 p.
3553 4370 3652 4425 666
3679 4382 3754 4436 sq.

2200 4489 2271 4499 —
2302 4457 2435 4514 Ibid.
2472 4459 2594 4514 cod.
2630 4458 2773 4527 XXI,
2803 4477 2860 4516 ιι.
2893 4463 2949 4525 4,
2977 4462 3115 4533 plut.
3154 4464 3241 4529 70,
3274 4465 3342 4520 de
3367 4479 3475 4536 quo
3509 4462 3629 4518 cod.
3654 4474 3759 4513 me-

535 4551 752 4604 vocavit
783 4550 1039 4607 Ruﬁnum
1084 4570 1148 4611 ac
1174 4554 1539 4627 Nicephorum
1571 4557 1838 4628 aliosque.
1868 4558 1985 4625 Qua
2012 4559 2097 4613 di-
2128 4558 2174 4614 D
2204 4550 2476 4614 ηιοΐεώίίίν
2510 4551 2602 4621 qui
2638 4562 2843 4622 Panem
2868 4553 2995 4607 “bri
3042 4553 3119 4608 De
3147 4555 3471 4624 martyribus
3508 4555 3558 4607 ίη
3590 4550 3758 4606 Pal”

530 4638 749 4710 ligentia
771 4642 968 4710 effecit,
1004 4652 1061 4699 ut
1101 4646 1382 4702 meliorem
1417 4654 1707 4703 contextus
1737 4646 1967 4702 formam
2012 4656 2095 4701 at-

529 4747 636 4800 que
677 4735 1120 4792 constitutionem
1168 4736 1462 4809 eﬁingeret.
1496 4736 1556 4793 In
1586 4740 1747 4810 longa
1780 4738 2096 4809 praefatione

529 4821 815 4879 historiam
841 4828 1087 4882 eriticam
1123 4836 1231 4884 tam
1274 4830 1523 4885 codicum
1557 4840 1611 4885 et
1640 4830 1854 4887 Eusebii
1887 4839 1941 4887 et
1981 4831 2096 4886 Ru-

530 4912 621 4965 ﬁni
649 4915 1031 4985 plurimorum,
1064 4920 1401 4992 aliorumque
1459 4921 1829 4978 subsidiorum
1864 4923 2097 4994 scriptos

530 5020 671 5069 rum,
704 5023 864 5077 quam
919 5012 1221 5067 editionum
1279 5012 1534 5069 confecit.
1579 5013 1759 5080 Quare
1818 5016 1886 5071 de
1930 5014 2091 5071 codd.

532 5110 666 5150 mss.
702 5101 972 5170 praecipue
997 5101 1177 5159 Ruﬁni
1207 5103 1439 5169 Latinis,
1471 5104 1654 5159 licebit
1687 5105 1845 5162 nobis
1872 5120 1993 5162 esse
2030 5121 2096 5161 eo

532 5187 894 5248 brevioribus.
943 5224 1014 5235 --
1043 5194 1104 5249 In
1138 5197 1266 5251 bibl.
1297 5198 1514 5267 publica
1543 5197 1721 5254 Paris.
1754 5209 1837 5254 est
1882 5198 1937 5252 in
1969 5199 2093 5254 cod.

532 5273 740 5329 CDXlV
808 5279 946 5335 liber
1004 5298 1057 5352 1;
1119 5314 1189 5325 —
1242 5287 1296 5340 in
1364 5294 1487 5342 octo
1544 5286 1704 5343 codd.
1774 5287 2097 5343 MCDXXX-

534 5366 919 5425 MCDXXXVII
952 5373 1137 5431 decem
1162 5378 1289 5433 libri
1327 5388 1494 5446 sunt,
1526 5378 1799 5441 interdum
1832 5380 1973 5436 haud
2014 5383 2100 5437 in-

534 5461 703 5531 tegri;
752 5464 1031 5521 confector
1072 5484 1200 5524 vero
1230 5469 1496 5536 Catalogi.
1549 5480 1681 5527 tom.
1707 5471 1769 5537 Il,
1806 5489 1929 5543 pag.
1970 5475 2095 5542 517,

534 5553 934 5622 animadvertit,
963 5561 1165 5618 codicis
1188 5555 1499 5618 MCDXXXI
1527 5579 1649 5635 ope,
1675 5581 1775 5621 nec
1808 5582 1837 5619 a
1860 5564 2096 5635 Valesio,

536 5658 694 5698 neca
728 5648 937 5703 caneris
985 5650 1107 5719 visi,
1164 5655 1344 5723 operis
1382 5656 1528 5713 illius
1586 5655 1876 5711 editionem
1938 5672 2101 5728 posse

541 5735 712 5792 multo
742 5738 1167 5797 emendatiorem
1200 5746 1457 5815 prodire;
1490 5748 1613 5803 libri
1636 5758 1817 5805 autem
1879 5749 2097 5820 septimi

540 5837 697 5896 capp.
720 5825 787 5882 15
811 5834 867 5884 et
896 5829 959 5887 16
987 5830 1304 5891 desiderari.
1330 5837 1482 5895 Adde
1499 5839 1795 5898 Montfauc.
1832 5841 2097 5913 Patwogr.

2197 4638 2337 4692 stina
2369 4640 2541 4709 passis
2572 4641 2711 4695 libro
2740 4657 2837 4696 vm
2871 4640 2937 4697 E.
2976 4641 3072 4707 H.,
3099 4651 3305 4713 partem
3340 4653 3519 4699 autem
3567 4642 3700 4696 libro
3726 4652 3756 4690 ι

2199 4730 2497 4801 subjectam
2527 4740 2580 4787 et
2608 4733 2714 4787 alia
2756 4734 2937 4799 habet,
2961 4750 3012 4789 v.
3033 4733 3263 4791 Bandin.
3306 4736 3345 4792 l.
3381 4751 3457 4800 c.,
3485 4752 3536 4806 p.
3572 4732 3757 4787 68L—

2202 4822 2442 4879 Venctiis
2478 4825 2532 4878 in
2554 4826 2685 4881 bibl.
2714 4826 2777 4882 D.
2815 4826 2981 4881 Marci
3011 4826 3083 4883 Η.
3116 4828 3183 4884 Ε.
3215 4831 3312 4887 lib.
3347 4846 3405 4896 x,
3436 4828 3554 4891 Gr.,
3583 4827 3636 4881 in
3661 4822 3755 4878 tri-

2197 4915 2301 4972 bus
2328 4915 2489 4971 codd.
2521 4916 3309 4988 CCCXXXVII-CCCXXXIX;
3345 4940 3399 4977 ν.
3456 4920 3573 4977 Cat.
3607 4916 3751 4972 codd.

2198 5005 2318 5074 Gr.,
2348 5022 2400 5076 p.
2434 5007 2537 5063 156
2569 5025 2677 5079 sq.,
2711 5018 2765 5065 et
2804 5011 2859 5064 in
2901 5012 3075 5068 tribus
3117 5014 3277 5069 codd.
3324 5014 3422 5067 lat.
3464 5006 3752 5067 CCCXLV—

2198 5099 2522 5156 CCCXLVII
2570 5102 2641 5158 Η.
2684 5103 2748 5159 Ε.
2787 5119 2817 5158 a
2860 5103 3058 5160 Ruﬁno
3100 5122 3289 5173 versa;
3336 5125 3385 5161 v.
3436 5104 3557 5161 Cat.
3607 5099 3749 5157 codd.

2200 5192 2346 5259 Lat.,
2378 5210 2499 5266 pag.
2526 5196 2628 5251 146
2652 5213 2736 5268 sq.
2759 5228 2830 5237 —
2852 5196 2986 5253 Ibid.
3018 5200 3075 5255 in
3098 5201 3222 5255 cod.
3251 5198 3473 5254 Macarii
3509 5193 3748 5262 Ῥοδωνιᾷ

2201 5297 2329 5344 sunt
2374 5297 2627 5360 excerpta
2679 5307 2743 5346 ex
2784 5290 3007 5347 Eusebii
3059 5293 3131 5348 Η.
3168 5293 3260 5358 Ε.,
3294 5300 3431 5348 teste
3476 5290 3746 5346 Villoison.

2201 5381 2257 5435 in
2282 5381 2476 5436 Anecd.
2514 5381 2635 5447 Gr.,
2676 5391 2808 5438 tom.
2850 5382 2913 5450 II,
2956 5399 3079 5456 pag.
3108 5387 3196 5442 71.
3224 5416 3293 5426 —-
3324 5382 3669 5441 Vindobonzc,
3700 5378 3748 5429 in

2200 5473 2333 5529 bibl.
2366 5473 2594 5540 Caesam,
2630 5476 2753 5531 cod.
2781 5476 2918 5531 XLII
2950 5479 3006 5533 in
3039 5485 3234 5533 catena
3276 5478 3330 5530 in
3362 5475 3417 5529 S.
3450 5473 3644 5527 Lucam
3671 5472 3746 5520 est

2201 5568 2396 5639 longus
2426 5570 2578 5625 locus
2614 5570 2681 5625 de
2708 5572 2988 5626 nativitate
3027 5562 3234 5628 Christi
3266 5587 3331 5625 ex
3356 5565 3566 5622 Eusebii
3593 5561 3659 5616 li.
3685 5557 3745 5612 Ε.

2200 5658 2325 5714 libr.
2354 5676 2392 5728 ι,
2420 5677 2542 5732 cap.
2573 5661 2605 5716 6
2629 5668 2683 5717 et
2712 5661 2761 5727 7,
2788 5662 2946 5732 cujus
2970 5660 3471 5718 codicislectionem
3485 5652 3632 5709 valde
3657 5646 3747 5703 dif-

2203 5750 2346 5806 ferre
2372 5753 2440 5807 ab
2468 5752 2651 5819 editis,
2675 5753 2985 5809 observavit
3012 5752 3344 5809 Lambecius
3369 5748 3646 5803 Comment.
3670 5754 3753 5800 ut,

2203 5859 2257 5915 P-
2297 5845 2399 5901 165
2432 5862 2547 5917 seq.
2578 5876 2649 5890 -—-
2680 5846 2942 5915 Excerpta
2975 5846 3239 5915 quedam.
3273 5859 3336 5900 ex
3360 5842 3428 5896 11.
3461 5838 3523 5894 Ε.
3556 5836 3610 5891 in
3633 5831 3744 5887 cod.
