3924 6266
150 410 222 467 55

1655 398 1779 456 ΝΟἸ

1890 398 1956 452 Α.
3358 397 3425 453 54

164 523 520 591 CCCXXX“,
553 543 617 582 n.
669 527 762 596 12,
797 524 1048 580 Lambec.
1084 521 1153 587 V,
1184 537 1239 592 p.
1275 521 1378 576 614
1409 535 1493 590 sq.
1517 549 1588 558 -—
1616 517 1762 574 Μοθ-
1794 523 1840 579 Α
1867 515 2244 586 Bruggemann
2293 512 2453 582 View,
2482 520 2612 579 etc.,
2661 528 2715 585 p.
2747 513 2854 570 595
2886 529 3007 585 sqq.
3038 543 3108 555 -——
3130 513 3425 586 Epistolam

176 637 294 694 quae
322 628 449 675 sunt
475 619 522 672 ll
567 619 737 674 codd.
771 649 840 658 —
874 615 1246 672 Montfaucon.
1295 614 1350 668 in
1385 611 1527 667 Bibl.
1570 611 1758 664 biblio-

191 716 382 766 thecar.
418 727 550 764 mss.
584 710 862 764 infinitam
901 723 1040 778 pene
1082 705 1296 776 copiam
1329 720 1460 760 mss.
1505 718 1631 758 cum
1659 701 1756 758 Gr.

193 815 305 858 tum
347 802 582 856 maxime
630 799 980 865 Latinorum,
1026 799 1079 852 in
1127 797 1258 851 bibl.
1311 794 1487 850 Vatic.
1530 794 1762 865 aliisque

201 900 490 964 obviorum,
532 896 826 968 producit;
875 892 1020 965 quod
1073 892 1291 962 quidem
1337 890 1644 955 indicasse,
1693 904 1762 944 ne

208 993 362 1048 nimis
393 990 658 1045 verbosus
693 988 843 1051 fiam,
881 985 1130 1042 suﬂiciat.
1166 983 1336 1038 ΒΑΜ..

278 1084 608 1145 Germanice,
636 1080 858 1135 Eusebii
897 1087 951 1133 et
1003 1077 1183 1132 Rufini
1217 1085 1378 1146 atque
1413 1075 1762 1144 Tripartitam

220 1178 496 1232 Historiam
533 1191 658 1229 cum
699 1173 1108 1228 continuatione
1137 1186 1310 1240 usque
1338 1169 1404 1224 ad
1437 1169 1500 1223 A.
1529 1168 1591 1222 C.
1626 1168 1765 1223 1545

214 1271 370 1326 edidit
396 1269 455 1324 D.
486 1266 698 1338 Gaspar
724 1263 1339 1334 Hedion.Argentorati,
1369 1261 1512 1332 apud
1545 1260 1594 1315 J.
1631 1260 1766 1317 ller-

216 1360 453 1431 wagium,
491 1356 645 1420 (545,
679 1355 774 1409 fol.
808 1353 972 1407 ann.
1007 1383 1076 1393 ——
1114 1351 1178 1406 lt.
1218 1350 1474 1406 Francof.
1512 1351 1578 1404 ad
1627 1349 1763 1404 Moe-

216 1469 356 1508 num.
387 1451 537 1506 1582.
566 1449 660 1503 fol.
692 1481 761 1489 -υ-
791 1447 1018 1502 Auctior
1048 1452 1198 1516 parte
1226 1461 1279 1498 Iv
1313 1460 1436 1498 cum
1473 1444 1767 1498 continua-

217 1550 352 1601 tione
382 1545 445 1599 ab
476 1560 525 1598 a.
570 1543 728 1598 1545.
759 1556 935 1611 usque
964 1541 1028 1594 ad
1056 1556 1104 1592 a.
1134 1539 1291 1600 1607,
1313 1538 1503 1604 Basil.,
1546 1553 1634 1607 ap.
1670 1535 1769 1591 Se-

213 1639 345 1691 bast.
383 1634 594 1689 llenric.
626 1633 797 1697 Petri,
825 1632 1002 1687 fol.—-
1023 1630 1243 1685 Eusebii
1272 1627 1766 1700 Kirchengeschich-

214 1737 290 1789 te,
343 1742 435 1779 aus
476 1725 592 1778 dem
646 1723 855 1777 Griech.
908 1751 981 1763 ——
1045 1721 1160 1774 Und
1217 1723 1311 1773 mit
1370 1721 1766 1792 Amnerkungen

213 1819 453 1873 crldutert
482 1834 577 1871 von
623 1815 779 1869 Frid.
813 1814 982 1870 Andr.
1014 1812 1240 1877 Strotlt.,
1279 1813 1566 1880 Quedlinb.
1606 1816 1764 1881 1777,

1858 606 2114 662 Ecclesiae
2141 605 2536 678 Smyrnaeensis
2565 605 2631 661 de
2661 608 2922 678 martyrio
2947 605 3230 680 Polycarpi
3249 607 3430 681 (cujus

1859 713 2053 769 magna
2075 713 2205 768 pars
2222 707 2306 755 est
2330 699 2384 753 in
2414 697 2635 754 Eusebii
2667 697 2739 750 H.
2779 697 2842 752 E.
2872 714 2945 764 tv,
2973 699 3062 764 15,
3084 708 3138 754 et
3164 701 3234 756 ab
3268 699 3430 756 Usse-

1859 788 1944 841 rio
1967 788 2260 858 separatim
2291 788 2459 855 edita)
2492 793 2654 858 atque
2681 789 2966 858 epistolam
2994 788 3429 845 Christianorum

1861 881 2311 952 Lugdunensium
2340 898 2403 937 ac
2429 881 2821 940 Viennensium
2851 884 3073 955 Anglice
3094 885 3254 939 vertit
3272 894 3434 956 atque

1860 975 2118 1045 explicuit
2157 973 2220 1029 D.
2275 974 2584 1046 Dalrymple
2626 977 2692 1032 de
2736 976 2916 1032 Hailes
2957 977 3013 1031 in
3049 995 3062 1032 :
3101 975 3338 1031 Account
3379 975 3435 1046 of

1864 1070 1946 1125 the
1971 1080 2205 1142 martyrs
2235 1079 2291 1125 at
2319 1069 2547 1141 Smyrna
2569 1071 2672 1124 and
2701 1071 2849 1142 Lyon
2877 1073 2932 1125 in
2970 1071 3051 1124 the
3079 1071 3269 1126 second
3316 1088 3436 1126 cen-

1865 1172 2005 1233 tury,
2040 1163 2162 1218 with
2199 1163 2544 1232 explanatory
2582 1170 2748 1217 notes.
2793 1161 3134 1232 Edimburg.,
3181 1160 3338 1229 1776,
3379 1160 3433 1215 8.

1865 1253 1931 1308 V.
1966 1271 2087 1326 qua)
2128 1256 2312 1311 notavi
2348 1256 2405 1310 in
2459 1254 2670 1309 Introd.
2714 1255 2771 1308 in
2824 1253 2948 1310 hist.
2995 1253 3059 1309 L.
3100 1253 3218 1321 (ἱππ,
3244 1253 3338 1320 .ll,
3377 1253 3434 1320 2,

1865 1363 1919 1416 p.
1955 1348 2082 1403 222.

1937 1438 1994 1494 In
2027 1441 2267 1512 linguam
2293 1437 2532 1493 Italicam
2577 1453 2644 1492 ex
2683 1435 2799 1491 Lat.
2837 1438 3089 1492 versione
3131 1444 3214 1492 est
3259 1445 3438 1491 trans-

1869 1534 1975 1587 lata
2010 1532 2082 1587 ιι.
2231 1531 2422 1588 Venet.
2471 1532 2628 1595 1547,
2659 1532 2710 1586 8.
2748 1514 2812 1587 v.
2863 1530 3077 1587 Paitoni
3111 1531 3252 1585 Bibl.
3301 1531 3439 1602 degli

1869 1624 2444 1694 autori-volgarizzati,
2493 1632 2625 1677 tom.
2677 1621 2742 1686 II,
2781 1638 2835 1693 p.
2879 1621 3060 1678 59.——
3106 1621 3181 1677 De
3226 1623 3442 1678 Canone

1867 1719 2131 1772 librorum
2161 1717 2226 1772 Ν.
2256 1715 2320 1771 Τ.
2353 1716 2649 1772 secundum
2694 1715 2984 1771 Eusebium
3015 1716 3138 1771 vide
3184 1731 3350 1785 supra
3385 1717 3441 1772 in

1869 1811 1976 1865 vol.
2015 1809 2104 1874 lV,
2137 1825 2260 1881 pag.
2298 1809 2394 1864 851
2450 1824 2590 1878 seq.,
2621 1808 2818 1878 quibus
2841 1809 3008 1865 addes
3039 1809 3306 1864 vindicias
3331 1808 3442 1864 Eu-

209 1911 260 1974 8,
294 1909 333 1963 Il
362 1919 490 1965 tom.
534 1908 709 1962 ΒΑΜ..
748 1907 1018 1977 Excerpta
1056 1907 1110 1960 in
1140 1905 1413 1962 Roessleri
1441 1906 1583 1961 Bibl.
1625 1907 1765 1974 PP.,
1801 1886 1841 1941 Β
1872 1903 2006 1959 sebii
2039 1918 2068 1955 a
2098 1901 2147 1957 J.
2185 1901 2316 1957 Ern.
2364 1901 2677 1957 Christiano
2719 1900 2964 1957 Schmidt
3007 1901 3265 1972 scriptas,
3309 1901 3438 1956 uber

207 2012 333 2059 tom.
369 2002 455 2068 IV,
496 2019 550 2073 p.
585 2004 608 2057 1
647 2019 769 2073 sqq.

268 2095 478 2167 Belgice
521 2096 725 2165 prodiit
766 2092 1027 2148 Dordraci
1075 2091 1236 2156 1615,
1278 2091 1372 2146 fol.
1425 2091 1592 2147 Fann.
1629 2124 1698 2133 —
1727 2092 1769 2146 E

207 2187 387 2243 Graeco
421 2204 674 2242 sermone
710 2188 764 2242 in
793 2186 1067 2257 Belgicum
1102 2186 1382 2241 transtulit
1417 2193 1469 2240 et
1500 2187 1766 2242 adnotatt.

209 2281 514 2334 illustravit.
566 2280 697 2333 Abr.
755 2281 924 2332 Arent
984 2294 1084 2332 van
1123 2277 1190 2333 de
1230 2277 1498 2340 Meersch,
1537 2280 1767 2334 Amstel.

211 2371 360 2434 1749,
389 2371 444 2423 4.
490 2369 557 2426 V.
598 2371 808 2425 Krohn.
841 2369 1017 2424 Catal.
1061 2368 1184 2422 bibl.
1219 2386 1349 2434 suta,
1385 2387 1436 2440 p.
1473 2369 1563 2425 90.
1593 2369 1767 2425 HABL.

269 2465 518 2535 Anglice,
557 2480 654 2534 per
707 2463 1014 2517 Samuelem
1061 2461 1361 2518 Parkerum
1400 2479 1589 2518 versos
1619 2471 1672 2518 et
1717 2465 1773 2519 in

210 2559 479 2630 epitomen
511 2559 767 2612 redactos
799 2555 1017 2611 Eusebii
1049 2556 1221 2610 libros
1255 2573 1288 2610 κ
1321 2556 1579 2613 Historia:
1612 2558 1774 2612 eccle-

212 2654 455 2712 siasticae,
487 2651 655 2705 didici
681 2667 744 2706 ex
770 2647 1004 2703 Novellis
1039 2647 1182 2718 Reip.
1219 2649 1497 2704 litterariis
1523 2664 1574 2705 a.
1613 2650 1772 2715 1705,

212 2761 388 2800 mense
417 2748 690 2814 Augusto,
723 2758 842 2813 pag.
875 2741 1000 2811 229.
1029 2738 1194 2796 ann.
1221 2773 1291 2782 -—
1314 2741 1552 2805 Eusebii,
1587 2739 1777 2796 Socra-

213 2838 276 2892 tis
299 2846 353 2892 et
386 2836 609 2907 Evagrii
648 2835 717 2888 H.
750 2833 819 2889 E.
850 2848 973 2888 cum
1002 2831 1270 2887 Dorotheo
1302 2833 1379 2888 De
1408 2833 1526 2888 vitis
1556 2833 1776 2902 prophe-

217 2938 403 2991 tarum,
461 2929 825 2997 apostolorum
868 2934 916 2979 et
963 2923 1115 2977 LXX
1154 2925 1534 2995 discipulorum
1585 2927 1639 2981 in
1677 2926 1778 2980 lin-

217 3037 365 3092 gnam
398 3023 684 3092 Anglicam
724 3021 992 3076 convertit
1036 3021 1293 3075 Meredith
1332 3019 1606 3083 Hammer,
1639 3018 1782 3073 Lon-

219 3115 324 3170 dini
357 3115 518 3181 1577,
556 3116 714 3180 1585,
750 3115 912 3181 1607,
950 3116 1110 3178 1656,
1136 3122 1210 3176 et,
1245 3114 1428 3168 addita
1483 3111 1605 3166 Vita
1641 3111 1782 3166 Con-

1873 1997 1973 2051 den
2017 1994 2210 2050 Kanon
2242 1995 2330 2049 des
2379 1994 2636 2049 Eusebius
2683 1995 2739 2050 in
2774 1994 3000 2051 Iienckii
3048 1994 3299 2066 Magazin
3352 1996 3441 2065 fur

1875 2083 2480 2157 Religionspltilosophie,
2503 2085 2729 2156 Exegese
2757 2086 2869 2141 und
2901 2084 3438 2157 Kirchengeschichte,

1876 2187 2006 2232 tom.
2036 2176 2101 2241 V,
2131 2187 2270 2246 part.
2305 2191 2388 2240 Ill,
2421 2193 2476 2230 n.
2512 2177 2600 2242 16,
2644 2177 2798 2242 1796,
2831 2178 2884 2233 8.
2919 2177 3210 2233 Eusebium
3253 2177 3444 2233 defen-

1876 2271 1954 2325 dit
1993 2277 2185 2325 contra
2219 2268 2288 2322 Μ.
2323 2267 2524 2324 Weber
2573 2269 2630 2322 in
2693 2270 2984 2340 Beytriiyen
3012 2286 3110 2323 zur
3147 2269 3445 2324 Geschichte

1877 2361 1966 2415 des
2020 2361 2568 2416 neutestamentlichen
2623 2360 2865 2427 Kanons,
2924 2379 2975 2432 p.
3030 2362 3130 2417 142
3177 2378 3354 2432 seqq.,
3390 2370 3444 2418 et

1877 2454 2136 2523 ostendit,
2169 2453 2460 2510 Eusebium
2485 2456 2819 2526 distinguere
2851 2472 2903 2510 ιν
2924 2456 3128 2511 classes
3155 2454 3442 2511 librorum.

1879 2545 2049 2600 HARL.

1949 2637 2176 2703 Gallice,
2226 2637 2455 2693 Claudio
2504 2636 2796 2710 Seysselio,
2847 2638 3263 2708 archiepiscopo
3301 2638 3448 2693 Tau-

1884 2728 2090 2783 rinensi
2119 2728 2435 2798 interprete,
2472 2742 2591 2797 qua:
2621 2727 2802 2782 versio
2831 2727 3085 2781 laudatur
3129 2728 3183 2780 in
3215 2726 3450 2784 Morlerii

1883 2819 2266 2890 Speciminibus
2291 2820 2563 2874 litterariis
2581 2819 2783 2888 (Essais
2801 2818 2867 2872 de
2891 2817 3209 2882 littérature,
3233 2827 3363 2874 tom.
3403 2819 3444 2882 1,

1883 2929 2006 2984 pag.
2047 2913 2136 2984 55)
2169 2932 2182 2968 :
2224 2929 2290 2967 ex
2335 2912 2779 2981 interpretatione
2813 2910 2948 2964 Lud.
2983 2910 3226 2966 Cousini.
3276 2909 3450 2964 Paris.

1885 3005 2025 3061 1675
2058 3021 2172 3076 seq.
2203 3006 2258 3061 4.
2288 3003 2356 3058 IV
2385 3014 2514 3059 tom.
2558 3003 2712 3057 Hunc
2766 3001 3007 3067 Eusebii,
3046 3000 3310 3066 Socratis,
3352 3001 3454 3056 So—

1887 3099 2099 3154 zomeni
2152 3113 2214 3153 ac
2249 3096 2572 3152 Theodoreti
2631 3096 2781 3150 locos
2827 3095 3032 3163 aliquot
3077 3093 3318 3149 sublesta
3350 3093 3453 3149 fide

219 3207 436 3260 stantini
475 3209 557 3262 Μ.
595 3223 662 3262 ex
706 3206 894 3262 Graeco
932 3207 1149 3262 Eusebii
1196 3204 1422 3276 Anglice
1466 3221 1640 3268 versa,
1686 3219 1784 3276 per
1811 3250 1851 3276 Π
1887 3193 2136 3255 vertisse,
2180 3192 2358 3262 arguit
2404 3189 2606 3245 Paulus
2654 3187 2995 3243 Colomesius
3059 3187 3114 3241 in
3154 3185 3448 3242 Observatt.

222 3299 349 3371 Wye
374 3300 735 3365 Saltonftall.,
768 3300 940 3355 Lond.
976 3301 1133 3363 1650,
1165 3297 1249 3363 F.,
1282 3314 1393 3352 rec.
1434 3313 1554 3351 cum
1583 3296 1779 3352 Valesii

1887 3284 2074 3345 sacris,
2111 3297 2161 3351 p.
2202 3282 2290 3336 61.

223 3397 483 3450 adnotatt.
547 3395 809 3451 Cantabr.
866 3395 1025 3458 1685,
1078 3393 1234 3460 1692,
1279 3392 1436 3451 1696,
1488 3391 1646 3457 1709,
1690 3390 1782 3446 fol.

223 3518 283 3528 -—
303 3487 525 3544 Eusebii
554 3487 624 3543 Η.
661 3488 726 3540 E.
759 3487 930 3542 libros
962 3504 997 3541 x
1019 3487 1242 3556 Anglice
1273 3487 1433 3540 vertit
1458 3495 1512 3540 et
1533 3499 1788 3552 compen-

225 3582 398 3637 difecit
431 3582 581 3636 Sam.
609 3580 831 3643 Parkcr,
858 3580 1076 3651 praefixa
1114 3580 1253 3635 diss.
1278 3576 1355 3632 De
1377 3594 1476 3630 usu
1502 3585 1658 3646 atque
1687 3593 1780 3628 au~

225 3677 457 3730 ctoritate
495 3673 568 3727 Η.
607 3672 672 3726 E.
703 3682 752 3726 et
786 3675 892 3726 vita
924 3671 1153 3734 Eusebii,
1189 3679 1294 3724 etc.
1335 3668 1591 3731 Londini,
1627 3667 1784 3730 1705,

227 3766 382 3831 8;et,
419 3765 606 3819 addito
645 3773 793 3818 tomo
821 3763 882 3828 ll,
931 3780 978 3820 s.
1021 3763 1256 3833 epitome
1290 3760 1363 3814 H.
1413 3758 1478 3814 E.
1522 3755 1786 3820 Socratis,

230 3857 507 3914 Sozomeni
535 3869 588 3914 et
609 3856 946 3929 Theodoriti,
970 3871 1067 3926 per
1092 3855 1341 3909 eumdem
1368 3851 1594 3906 Parker.
1615 3850 1788 3904 Lond.

230 3951 377 4014 1729,
405 3951 461 4006 4,
489 3983 562 3991 —
585 3950 730 4004 Loca
753 3951 998 4021 quaedam
1024 3947 1242 4002 Eusebii
1272 3955 1326 4002 et
1362 3945 1606 4000 Socratis
1633 3957 1792 3998 versa

232 4043 280 4096 in
306 4041 564 4098 Whiston
602 4042 891 4097 Collection
934 4041 994 4110 of
1017 4041 1221 4094 ancient
1271 4044 1620 4091 monuments.
1652 4033 1786 4088 rela-

231 4136 329 4205 ting
378 4145 430 4188 to
472 4135 806 4205 theZTrinity
844 4136 946 4187 and
994 4131 1363 4194 Incarnation,
1405 4135 1510 4184 etc.
1554 4125 1793 4181 Londin.

233 4228 378 4291 1715,
424 4228 479 4291 8,
523 4228 726 4297 passim
761 4257 833 4267 —
871 4226 1120 4297 Epitome
1155 4244 1168 4280 :
1215 4223 1297 4277 An
1340 4220 1710 4291 Abridgement
1741 4219 1803 4287 of

1958 3375 2176 3430 Eusebii
2203 3375 2496 3429 Historiam
2520 3375 2783 3445 integram
2809 3371 3198 3443 propemodum
3216 3372 3270 3426 in
3295 3387 3454 3427 suum

1886 3483 2023 3538 Opus
2054 3467 2400 3538 transcripsit
2427 3466 2770 3537 Nicephorus
2799 3465 3090 3532 Callistus;
3118 3465 3259 3520 unde
3299 3463 3458 3520 Vale-

1888 3563 2003 3617 sius
2049 3561 2114 3616 ad
2149 3560 2367 3616 EuSebii
2398 3561 2576 3630 capita
2628 3573 2886 3614 numeros
2933 3556 3362 3626 Nicephorianos
3403 3556 3460 3610 in

1889 3653 2132 3725 margine
2159 3653 2454 3708 adnotavit.
2476 3651 2669 3706 Totum
2703 3666 2941 3722 quoque,
2976 3649 3166 3719 utjam
3192 3649 3326 3712 dixi,
3357 3647 3462 3703 Ca-

1889 3747 2130 3816 talogum
2160 3761 2320 3800 suum
2360 3745 2689 3815 scriptorum
2718 3743 3239 3806 ecclesiasticorum,
3271 3742 3462 3812 paucis

1890 3839 2149 3908 exceptis,
2197 3853 2262 3892 ex
2299 3837 2518 3894 Eusebii
2550 3836 2794 3892 Historia
2837 3835 3185 3889 concinnavit
3219 3843 3464 3888 transtu-

1890 3934 2059 4002 litque
2083 3931 2480 4004 Hieronymus;
2503 3946 2677 4001 neque
2709 3929 2853 3985 enim
2881 3929 3083 3997 alioqui
3111 3937 3243 3998 puto
3271 3927 3337 3981 ab
3369 3927 3463 3981 illo

1897 4024 2191 4080 Historiam
2231 4027 2405 4095 ipsam
2440 4022 2661 4078 Eusebii
2703 4023 2968 4092 integram
3009 4019 3200 4074 Latine
3226 4019 3464 4074 transla-

1894 4127 2027 4182 tam,
2073 4120 2199 4175 licet
2232 4118 2337 4173 hoc
2369 4117 2568 4187 aliquis
2615 4114 2881 4186 suspicari
2915 4113 3085 4183 possit
3123 4128 3190 4168 ex
3233 4111 3319 4166 his
3346 4110 3465 4181 ejus

1895 4212 2076 4266 verbis
2106 4212 2203 4266 lib.
2237 4226 2253 4264 ι
2285 4211 2338 4264 in
2365 4209 2544 4278 Ruﬁn.
2573 4225 2590 4262 :
2619 4207 2856 4260 Laudavi
2885 4204 3168 4259 Eusebium
3201 4205 3254 4257 in
3291 4203 3467 4258 eccle-

235 4317 481 4374 Eusebius
526 4296 837 4388 Pamphilus
876 4296 1273 4373 Ecclesiastical
1303 4314 1556 4382 History,
1594 4313 1650 4366 in
1698 4321 1795 4364 two
1897 4304 2118 4359 siastica
2147 4302 2402 4369 Historia,
2434 4303 2488 4355 in
2532 4301 2819 4372 digestione
2851 4308 3159 4368 temporum,
3189 4298 3243 4352 in
3269 4296 3467 4352 descri-

235 4420 395 4475 parts.
428 4409 562 4464 Part
586 4426 624 4473 ι,
657 4409 694 4462 Α
732 4407 1098 4476 compendious
1133 4403 1596 4459 commemoration
1628 4401 1690 4470 of
1713 4401 1797 4454 the
1900 4406 2077 4470 pttone
2099 4406 2296 4451 sanctae
2319 4405 2490 4458 terrae,
2513 4405 2561 4449 et
2594 4395 2704 4449 hare
2723 4396 2838 4465 ipsa
2863 4394 3112 4465 opuscula
3138 4395 3195 4446 in
3223 4393 3474 4447 Latinum

236 4499 606 4554 remarkablest
649 4497 1020 4567 Chronologies
1069 4496 1233 4551 which
1276 4497 1364 4548 are
1417 4490 1694 4547 contained
1740 4492 1796 4544 in
1903 4497 2100 4543 uertens
2122 4503 2248 4540 mea:
2268 4487 2459 4556 lingua:
2478 4485 2771 4540 hominibus
2791 4485 2932 4538 dedi.
2954 4483 3125 4538 Etiam
3150 4482 3476 4552 Hieronymo

235 4592 338 4645 that
380 4592 592 4662 famous
631 4591 870 4660 History.
914 4589 1042 4644 Part
1077 4605 1136 4652 ιι,
1181 4588 1224 4641 Α
1267 4601 1536 4655 summary
1575 4601 1635 4638 οι·
1666 4583 1804 4652 brief
1823 4596 1878 4659 υ
1903 4579 2206 4635 versionem
2253 4577 2571 4632 Eusebianm
2615 4574 2868 4632 Historia:
2912 4577 3102 4631 tribuit
3143 4573 3478 4628 Bridefertus

236 4685 338 4738 liint
364 4684 425 4754 of
451 4683 534 4738 the
574 4684 763 4737 twelwe
799 4683 1152 4752 persecutions
1185 4675 1456 4734 sustained
1498 4677 1561 4746 by
1593 4675 1675 4728 tlte
1700 4691 1799 4728 an-

237 4778 362 4831 cient
405 4776 756 4832 Christians..
824 4775 893 4845 by
937 4772 1182 4828 William
1219 4769 1411 4827 Calan.
1455 4797 1526 4809 -υ
1565 4765 1800 4822 Londini

240 4872 386 4935 1756,
429 4873 485 4926 8.
525 4901 598 4912 ——
634 4869 825 4925 Versio
865 4868 1003 4922 Dav.
1039 4865 1345 4937 Dalrymple
1371 4862 1437 4918 de
1476 4861 1660 4915 Hailes
1690 4857 1800 4913 An-

243 4967 369 5035 glica
403 4964 478 5023 H.
521 4964 588 5018 Ε.
615 4981 689 5025 γι,
718 4964 807 5027 41,
829 4970 882 5017 et
907 4963 973 5017 de
997 4959 1226 5030 epistola
1256 4955 1523 5028 Dionysii,
1559 4951 1802 5024 episcopi

243 5057 609 5121 Alexandrini,
660 5056 727 5109 ad
793 5054 1044 5120 Fabium,
1095 5053 1274 5123 episc.
1326 5049 1689 5110 Antiochen.,
1736 5044 1804 5099 de

248 5151 614 5220 persecutione
665 5147 1095 5204 Christianorum
1134 5146 1190 5199 in
1226 5143 1460 5215 Egypto
1507 5157 1596 5195 an.
1629 5138 1805 5209 primo

249 5245 382 5300 Decii
422 5245 714 5314 imper.,et
738 5240 994 5310 explicat.
1017 5237 1263 5292 historiae
1295 5241 1595 5306 martyrum
1621 5231 1675 5284 in
1700 5228 1807 5282 Pa-

251 5340 446 5394 Izestina
484 5337 589 5392 sub
622 5335 848 5388 Dioclet.
899 5330 966 5386 ad
1001 5346 1156 5394 LVIII,
1202 5330 1255 5383 in
1301 5327 1547 5381 Remains
1581 5323 1642 5392 of
1676 5322 1811 5375 chri-

1900 4673 2272 4730 Ramesiensis
2301 4672 2354 4726 in
2389 4670 2586 4741 glossis
2614 4669 2681 4722 ad
2725 4667 2922 4722 Bedam
2954 4664 3030 4720 De
3062 4676 3346 4730 temporum
3377 4677 3467 4714 ra-

1903 4771 2059 4831 tione,
2091 4780 2212 4834 cap.
2241 4762 2331 4817 28.
2375 4761 2481 4816 Sed
2526 4760 2672 4813 illam
2707 4757 2890 4811 Rufini
2916 4771 3038 4811 esse
3075 4759 3311 4808 constat.
3351 4747 3468 4815 Quo

1903 4875 2064 4915 sensu
2096 4864 2276 4913 autem
2311 4851 2637 4925 apocryphis
2686 4855 3042 4905 accenseatur
3087 4841 3328 4897 Historia
3363 4838 3469 4891 Eu-

1904 4951 2038 5007 sebii
2064 4951 2116 5003 in
2142 4949 2430 5004 Gelasiano
2459 4947 2698 5006 decreto,
2721 4944 3000 5011 disputant
3026 4937 3073 4993 J.
3100 4932 3468 4989 Pearsoniusr

1916 5041 2121 5096 Vindic.
2157 5039 2374 5110 Ignatii,
2408 5054 2458 5106 p.
2487 5037 2576 5099 48,
2610 5044 2662 5091 et
2687 5034 2970 5087 Matthteus
2994 5028 3384 5095 Larroquanus
3414 5026 3469 5080 in

1905 5130 2390 5188 Observationibus
2437 5127 2504 5180 ad
2545 5125 2942 5180 Pearsonianas
3005 5117 3291 5179 Vindicias,
3342 5129 3463 5186 pag.

1907 5228 1978 5283 55
2006 5242 2121 5296 seq.
2150 5223 2284 5279 Vide
2303 5233 2355 5277 et
2383 5220 2662 5274 Baluzium
2701 5217 2766 5271 ad
2790 5214 3082 5268 Antonium
3112 5209 3473 5281 Augustinum

1911 5321 1984 5375 De
2023 5317 2382 5374 emendatione
2421 5310 2684 5370 Gratiani,
2730 5323 2852 5377 pag.
2881 5305 2984 5359 446
3015 5303 3160 5388 (717.
3198 5317 3313 5370 seq.
3341 5297 3472 5352 edit.

252 5393 374 5487 stian
406 5430 706 5500 Antiquity,
742 5428 861 5482 with
887 5427 1234 5496 explanatory
1275 5433 1442 5476 notes.
1474 5419 1806 5487 Edinburg.,
1911 5410 2381 5500 Mastrichtianze),
2415 5407 2504 5500 ubi
2533 5402 2795 5500 Iconfntatl
2823 5397 3097 5500 Iliarolutln
3147 5393 3474 5500 Mol'inteum,

255 5485 573 5588 1778478οζ
598 5485 725 5583 8.le
753 5529 879 5576 tom.
1003 5519 1107 5573 The
1147 5485 1361 5585 History
1391 5514 1450 5582 of
1464 5515 1670 5566 ancient
1703 5485 1812 5564 ῥα-
1909 5507 2003 5577 qui
2037 5504 2104 5559 de
2133 5503 2303 5556 altero
2344 5498 2578 5588 Eusebio
2611 5491 2874 5588 Pamphili
2899 5497 2977 5588 ‘et
3026 5489 3223 5588 altera"
3249 5485 3477 5588 historia

256 5578 571 5688 yanism,
599 5578 854 5667 delivered
884 5612 946 5682 by
988 5611 1265 5672 Eusebius,
1293 5578 1567 5670 etc.,'witlt
1603 5601 1812 5656 critical
1910 5598 2106 5653 eccles.
2141 5592 2417 5665 cogitavit.
2470 5585 2618 5688 Sane
2659 5602 2725 5641 ex
2758 5583 2948 5686 multis
2992 5578 3257 5688 exemplis
3307 5581 3474 5688 patet,

257 5670 344 5764 :znd
394 5670 673 5764 historical
721 5715 885 5760 notes.
917 5670 1055 5759 “And
1091 5701 1368 5771 secondly,
1417 5716 1450 5753 a
1500 5696 1811 5751 Phwnician
1913 5692 1968 5745 in
1995 5689 2086 5742 illo
2119 5687 2337 5742 decreto
2368 5679 2673 5752 apocrypha
2721 5676 2904 5771 vocari
2946 5688 3055 5728 non
3086 5670 3246 5771 modo
3273 5670 3477 5771 scripta

259 5757 347 5856 in}
386 5757 1032 5870 Cfltro'nology,
1069 5757 1623 5863 {romthev/irstMan,
1661 5785 1811 5840 down
1915 5781 2194 5854 supposita
2241 5775 2553 5833 auctoribus
2605 5787 2700 5842 per
2746 5769 3029 5870 haereticos
3065 5773 3122 5868 et
3169 5762 3325 5822 falsa,
3381 5757 3478 5870 sed

263 5901 304 5946 to
346 5848 600 5961 they-lim
651 5848 1100 5958 olympiad,wetc.
1149 5848 1381 5938 Londini
1433 5848 1618 5945 1645,⁷
1645 5879 1697 5933 8.
1743 5877 1809 5933 V.
1915 5848 2078 5933 etiam
2123 5886 2251 5930 vera
2293 5877 2348 5926 et
2383 5866 2690 5924 certissima
2731 5877 2840 5916 non
2894 5856 3270 5912 bzercticorum
3317 5848 3478 5904 modo
