3924 6266
213 339 288 395 ιε
1707 331 2011 388 Νοτιτιλ.
3402 331 3471 389 to

217 465 520 519 occurrunt
551 454 861 528 frag-menta
895 457 947 512 in
969 456 1242 512 Anastasii
1273 455 1494 511 Sinaita‘
1524 463 1716 526 (ιιιιρςι.
1755 471 1810 510 ιι
1838 461 1884 517 Α
1911 467 2032 521 cap.
2065 450 2140 519 7),
2171 447 2463 506 Eusebium
2499 451 2568 507 ab
2612 466 2800 508 errore
2850 451 3312 509 Semiarianorum
3359 456 3482 510 vin-

227 563 531 612 etcxnvnt,
582 549 681 603 sed
731 549 824 602 illa
879 549 1101 604 alterius
1159 563 1288 604 sunt
1341 548 1642 618 argumenti
1700 548 1802 617 (a).

233 647 441 703 Caveus
469 649 735 696 memorat
769 639 1064 696 Eusebium
1108 638 1182 693 De
1226 639 1628 708 Evangeliorum
1679 637 1808 693 dis-

240 735 481 793 sonantia
515 732 583 787 ad
620 731 966 802 Stephanum.
1019 732 1151 799 Qui:
1188 746 1316 787 vero
1365 731 1445 785 De
1499 732 1806 802 symphonia

238 831 354 886 sive
383 825 658 881 concordia
715 824 1121 896 Evangeliorum
1165 826 1216 878 in
1251 823 1555 896 genealogia
1610 823 1808 879 Christi

245 919 531 983 Eusebius,
584 915 906 973 Africanum
966 926 1226 986 secutus,
1287 917 1529 988 scripsit,
1595 927 1810 972 exstant

237 1011 334 1067 lib.
371 1028 386 1065 ι
416 1012 553 1066 Hist.
583 1009 794 1078 ecclss.,
817 1024 937 1082 cap.
969 1009 1027 1075 7,
1055 1011 1230 1081 iisque
1259 1025 1390 1066 usus
1411 1009 1729 1064 Ambrosius
1749 1012 1802 1063 in

239 1117 302 1159 ιιι
316 1101 484 1156 Lucae.

308 1190 444 1246 ιγι.
462 1193 647 1262 Λόγος
656 1193 1263 1262 τριακονταετηρικός,
1281 1191 1467 1246 Oratio
1483 1191 1546 1246 de
1559 1191 1814 1248 Constan-

233 1286 332 1339 tini
375 1283 454 1340 Μ.
494 1283 764 1352 laudibus,
821 1284 879 1339 in
933 1285 1055 1354 ejus
1109 1284 1508 1340 tricennalibus
1552 1284 1698 1339 dicta
1744 1287 1807 1340 A.

227 1377 292 1431 C.
317 1376 446 1440 555,
476 1375 663 1443 CPoli,
690 1383 752 1430 ut
792 1374 1062 1432 Eusebius
1099 1378 1216 1448 ipse
1265 1383 1496 1432 testatur
1526 1392 1600 1443 tv,
1648 1377 1719 1431 33
1757 1385 1812 1432 et

224 1467 334 1532 46,
385 1467 461 1522 De
482 1468 589 1522 vita
638 1466 994 1523 Constantini.
1052 1465 1296 1524 meminit
1335 1477 1390 1524 et
1455 1469 1511 1524 in
1548 1469 1815 1540 ιιι-θωπιίο

225 1560 354 1615 libri
383 1575 422 1624 ι,
456 1560 547 1615 ubi
577 1560 749 1626 addit,
781 1576 840 1617 se
860 1560 1024 1616 etiam
1049 1561 1106 1616 in
1133 1560 1512 1618 vicennalibus
1542 1563 1814 1617 Constan—

222 1652 328 1706 tini
364 1653 555 1708 laudes
585 1652 707 1722 ejus
734 1652 790 1707 in
812 1651 1030 1708 Nicmna
1058 1651 1288 1723 synodo,
1329 1661 1390 1707 ut
1418 1653 1512 1708 lib.
1545 1668 1626 1716 In,
1649 1668 1700 1708 c.
1724 1653 1813 1716 11,

218 1743 397 1796 etiam
424 1740 604 1806 docet,
637 1742 1072 1798 concelebrasse.
1106 1740 1212 1797 Sed
1260 1742 1351 1798 ille
1401 1741 1620 1813 quidem
1665 1745 1809 1797 sixo-

221 1832 553 1904 σαετηρικδς
598 1833 764 1905 ὕμνος
818 1834 932 1889 sive
987 1834 1349 1905 panegyricus
1397 1834 1689 1890 intercidit.
1750 1834 1806 1889 In

220 1924 422 1980 codice
480 1939 587 1980 ms.
631 1925 845 1996 collegii
891 1923 1046 1980 Trin.
1091 1921 1408 1996 Cantabrig.
1463 1926 1640 1980 oratio
1695 1926 1808 1988 illa,

219 2015 410 2071 (Zaveo
461 2024 624 2080 teste,
677 2017 734 2071 in
783 2017 918 2072 duas
962 2027 1145 2088 partes
1199 2017 1550 2088 dispescitur,
1579 2033 1810 2088 quarum

219 2109 502 2179 posterior
547 2109 739 2181 incipit
778 2125 808 2164 a
840 2110 1016 2181 capite
1055 2110 1108 2165 9.
1154 2108 1307 2165 Hanc
1352 2111 1654 2166 orationem
1687 2126 1810 2165 cum

218 2198 597 2270 descriptione
647 2200 916 2271 martyrii,
942 2201 1056 2256 sive
1096 2199 1278 2269 templi
1309 2198 1808 2271 Hierosolymitani.

219 2303 249 2341 a
302 2287 672 2344 Constantino
725 2288 964 2352 conditi,
1019 2289 1485 2361 donariorumque
1523 2290 1664 2360 ejus,
1717 2291 1811 2346 sed

221 2396 346 2450 qua:
385 2389 695 2451 temporum
745 2381 945 2452 injuria
1002 2382 1308 2450 intercidit,
1359 2389 1415 2438 et
1461 2381 1806 2438 Constantini

220 2473 472 2527 oratione
505 2473 574 2526 ad
634 2481 951 2529 sanctorum
1010 2482 1236 2539 castum,
1272 2488 1340 2530 ex
1382 2474 1579 2529 Latino
1625 2472 1810 2529 Griece

220 2564 508 2628 translata,
534 2563 823 2630 Eusebius,
856 2573 915 2619 ut
947 2565 1040 2622 lib.
1073 2583 1146 2632 Iv,
1175 2581 1296 2637 cap.
1317 2565 1415 2630 46,
1459 2571 1714 2629 testatur,
1744 2565 1810 2619 li-

222 2655 337 2711 bris
386 2657 463 2711 De
523 2659 635 2712 vita
670 2656 1007 2713 Constantini
1044 2659 1349 2730 subjunxit.
1402 2657 1620 2714 Primus
1666 2657 1804 2713 Bob.

222 2747 537 2819 Stephanus
595 2765 721 2806 cum
779 2751 887 2808 illis
917 2751 1084 2808 edidit
1143 2749 1348 2817 Crtece,
1398 2749 1590 2807 Latine
1644 2751 1808 2806 vertit

219 2839 765 2912 Cbristopborsonus
789 2851 845 2899 et
877 2843 1154 2900 Musculus
1186 2852 1349 2915 atque
1378 2844 1504 2900 inde
1529 2844 1802 2905 Valesius,

224 2933 314 3000 qui
345 2935 494 2989 notis
517 2935 685 2990 etiam
715 2935 1008 2992 illustravit
1058 2936 1129 3009 [is
1156 2936 1343 2991 laudat
1370 2935 1528 2992 codd.
1572 2934 1802 2999 Fuketii,

225 3021 463 3080 Turnebi
496 3040 563 3082 ac
587 3026 774 3082 Savilii
795 3036 850 3083 et
880 3028 1108 3085 schedas
1129 3029 1258 3084 bibl.
1292 3028 1472 3100 regite,
1501 3027 1800 3092 etc.,deni-

225 3129 328 3185 que
378 3115 629 3189 Reading
661 3134 785 3174 cum
808 3121 953 3176 notis
981 3119 1183 3177 Valesii
1224 3127 1279 3176 et
1309 3118 1611 3192 variorum]
1635 3117 1798 3173 FABR.

227 3173 294 3251 .'_
316 3207 373 3263 ιη
411 3173 548 3265 δεδι.
585 3173 1710 3276 6......1;.agitauisseme
1754 3220 1809 3265 et
1834 3173 1877 3231 C

227 3301 472 3363 CCCXL,
497 3302 698 3359 Euseb.
733 3302 811 3359 De
839 3303 1082 3358 laudibus
1113 3303 1471 3370 Constantini,
1495 3309 1551 3359 et
1572 3302 1649 3358 De
1689 3303 1810 3358 Vita

229 3391 565 3448 Constantini
617 3394 740 3449 libri
782 3411 839 3461 v;
875 3410 973 3465 pro
1010 3394 1148 3450 libro
1185 3412 1217 3450 v
1267 3401 1586 3449 numeratur
1637 3395 1808 3448 oratio

229 3484 567 3540 Constantini
595 3486 664 3539 ad
685 3497 988 3542 sanctorum
1015 3497 1201 3542 castum
1233 3487 1306 3559 (v.
1339 3487 1462 3543 Cat.
1493 3487 1653 3542 codd.
1687 3487 1805 3545 σι’..

230 3592 344 3647 pag.
379 3578 728 3650 l56et157).
747 3578 1007 3635 —Leida3
1034 3581 1090 3634 in
1120 3579 1254 3636 bibl.
1287 3580 1444 3636 acad.
1476 3581 1618 3634 inter
1644 3579 1804 3636 codd.

229 3665 522 3724 Bonavent.
549 3668 820 3736 Vulcanii,
856 3673 1441 3742 Τριακονταετηρικός
1460 3687 1516 3725 tn
1540 3671 1805 3727 Constan-

233 3759 388 3812 tinum
434 3762 595 3830 imp.,
621 3761 716 3816 Gr.
749 3762 946 3833 (Catal.
980 3763 1139 3828 hibl.,
1171 3779 1294 3836 pag.
1315 3764 1441 3830 545,
1475 3777 1530 3818 n.
1565 3763 1804 3832 XXXV.)

233 3850 486 3910 —Paris.
514 3854 571 3907 in
598 3853 730 3909 bibl.
771 3855 948 3926 publ.,
977 3871 1056 3911 or.
1088 3856 1152 3910 de
1202 3855 1446 3910 laudibus
1470 3857 1805 3911 Constantini

233 3937 303 3995 ιι.
335 3941 389 3996 ἰιι
411 3943 577 4000 codd.
621 3943 959 4012 MCDXXXI,
1006 3945 1346 4002 MCDXXXII
1377 3949 1486 4019 (qui
1518 3948 1638 4003 cod.
1668 3965 1805 4002 non-

235 4031 349 4086 dum
377 4035 612 4091 collatus
637 4051 760 4092 esse
779 4037 983 4092 dicitur
1004 4037 1058 4092 in
1074 4037 1276 4103 Catal.,
1293 4037 1416 4092 cod.
1437 4036 1502 4097 ll.
1517 4053 1632 4108 pag.
1654 4039 1800 4107 518).

135 4162 144 4172 .
235 4123 284 4176 ln
299 4122 457 4178 codd.
479 4123 890 4194 MCDXXXVII,
909 4122 1322 4182 MCDXXXVIII
1342 4136 1397 4182 et
1414 4127 1802 4194 MCDXXXIX,

235 4214 442 4270 Eusebii
476 4216 635 4272 libris
666 4217 746 4271 De
791 4219 899 4273 vita
941 4215 1280 4276 Constantini
1324 4218 1408 4276 Μ.
1456 4219 1804 4291 subjungitur

237 4304 566 4361 Constantini
601 4308 668 4363 ad
697 4319 1011 4365 sanctorum
1037 4319 1240 4367 castum
1265 4310 1464 4369 oratio.
1490 4342 1562 4356 -—-
1588 4310 1647 4368 ln
1677 4313 1800 4368 coll.

240 4395 632 4453 ICDXXXVIII
681 4410 820 4457 orat.
865 4402 942 4456 De
1017 4403 1265 4459 laudibus
1323 4404 1662 4460 Constantini
1724 4403 1798 4459 M.

1905 543 2089 597 dicare
2112 542 2320 598 studuit
2352 541 2539 598 Bullus
2567 541 2622 597 in
2650 542 2772 613 De].
2805 544 2900 613 ῥά.
2951 543 3098 611 Nic.,
3121 561 3244 618 pag.
3267 547 3393 612 251,
3427 557 3484 603 et

1905 637 2164 693 relutavit
2195 635 2469 692 Valesium
2523 636 2590 690 ad
2637 650 2687 690 c.
2744 636 2804 690 11
2864 635 3310 706 contendentem,
3360 639 3487 696 illas

1907 729 2123 786 Eusebii
2147 727 2214 784 de
2239 727 2421 782 divina
2442 728 2661 798 quidem
2690 726 2812 783 Filii
2847 729 3107 800 potentia,
3148 730 3244 784 sed
3276 731 3480 797 media,

1906 821 2189 890 Opiniones
2238 819 2442 890 Optime
2476 817 2701 873 refutari
2745 819 2813 874 ab
2853 819 3154 875 Athanasio
3201 835 3285 876 or.
3322 823 3484 876 tertia

1906 919 2092 965 contra
2135 911 2386 976 Arianos,
2443 925 2561 980 pag.
2607 910 2732 965 397.
2772 909 3016 982 Reading
3063 912 3100 967 Ι.
3160 926 3212 968 c.
3266 928 3485 984 quoque

1908 1000 2097 1055 laudat
2151 999 2410 1058 Pearson.
2472 1001 2676 1056 Vindic.
2738 1003 2892 1071 epist.
2956 1001 3158 1074 Ignat.,
3226 1014 3368 1074 part.
3418 1019 3482 1071 ιι,

1908 1109 2033 1163 pag.
2055 1093 2144 1148 36.
2170 1093 2340 1148 ΗΑιιι..

1980 1185 2143 1242 XVII.
2179 1186 2254 1241 De
2289 1187 2409 1241 Vita
2450 1185 2787 1242 Constantini
2830 1186 2908 1242 Η.
2964 1187 3077 1258 jam
3123 1187 3189 1244 A.
3247 1188 3310 1245 C.
3377 1190 3486 1245 557

1911 1275 2174 1346 defuncti,
2235 1276 2359 1332 libri
2401 1277 2482 1332 IV
2513 1277 2610 1351 (b),
2673 1279 2726 1333 in
2786 1281 3003 1349 quibus,
3033 1280 3127 1346 ait,
3169 1295 3228 1336 se
3284 1283 3352 1337 de
3401 1283 3486 1336 in-

1912 1369 2120 1425 dustria
2159 1373 2409 1428 omittere
2461 1372 2746 1428 conﬂictus
2778 1379 2834 1428 et
2883 1373 3100 1443 prazlia,
3135 1387 3222 1428 res
3272 1373 3485 1430 fortiter

1913 1470 2114 1531 gestas,
2138 1471 2338 1532 tropaea
2358 1477 2422 1519 ac
2443 1464 2768 1534 triumphos,
2797 1465 2942 1535 leges
2965 1473 3018 1520 et
3045 1466 3300 1535 prmclara
3325 1467 3486 1522 iusti-

1912 1560 2051 1612 tuta.
2091 1561 2145 1607 et
2189 1563 2395 1608 tantum
2435 1554 2650 1610 tradere
2678 1555 2812 1626 μόνα
2857 1554 2928 1608 τὰ
2960 1555 3094 1626 πρὸς
3129 1555 3220 1610 τὸν
3263 1556 3484 1628 Θεοφιλῆ

1916 1644 2251 1699 συντείνοντα
2297 1647 2428 1717 βίον,
2458 1663 2685 1718 quasque
2712 1648 2780 1702 ad
2810 1647 2904 1703 Dei
2953 1649 3157 1702 cultum
3189 1651 3480 1719 pertinent,

1915 1736 2009 1790 lib.
2045 1753 2081 1802 ι,
2112 1751 2230 1806 cap.
2259 1739 2346 1802 ll,
2379 1739 2521 1794 unde
2547 1739 2765 1793 titulum
2809 1743 2990 1810 operis
3039 1739 3166 1796 fecit
3202 1743 3340 1811 Περὶ
3375 1743 3484 1798 τοῦ

1908 1831 2055 1883 κατὰ
2089 1832 2236 1886 Θεὸν
2267 1833 2412 1897 βίου
2438 1834 2544 1888 τοῦ
2575 1834 2874 1903 μακαρίου
2897 1837 3352 1891 Κωνσταντίνου
3377 1837 3488 1892 τοῦ

1905 1923 2229 1990 βασιλέως,
2260 1933 2318 1978 ιιι
2339 1931 2491 1979 notat
2520 1923 2785 1990 Valesius,
2808 1943 2930 1998 pag.
2961 1927 3068 1982 256
3093 1932 3183 1998 (c).
3213 1927 3482 1985 Caeterum

1914 2011 2024 2063 falli
2053 2009 2167 2066 Jac.
2201 2011 2588 2069 Gothofredum
2623 2013 2723 2087 (ά),
2767 2018 2860 2087 qui
2909 2020 3006 2073 bos
3043 2019 3209 2074 libros
3265 2021 3335 2076 ab
3378 2021 3486 2075 Eu—

1911 2105 2065 2160 sebio
2099 2108 2332 2177 scriptos
2365 2123 2487 2164 esse
2511 2110 2726 2179 negavit
2755 2125 2875 2182 pag.
2889 2112 3015 2176 275,
3037 2112 3103 2166 ad
3126 2111 3482 2185 Philostorg..

1911 2205 1965 2251 et
1993 2200 2045 2251 in
2068 2199 2224 2268 epist.
2255 2200 2319 2254 ad
2344 2200 2612 2256 Andream
2637 2199 2888 2259 Rivetum
2923 2205 3026 2261 sub
3046 2207 3267 2263 nomine
3293 2207 3484 2264 Jacobi

1910 2285 2114 2342 Pacidii
2144 2289 2310 2352 edita,
2338 2289 2494 2346 facile
2513 2305 2581 2346 ex
2610 2293 2730 2362 ipso
2756 2309 2920 2365 opere
2949 2303 3002 2352 et
3027 2297 3290 2362 Socratis,
3317 2297 3484 2354 δοκοί

1910 2381 2074 2447 meni,
2101 2379 2301 2446 Pbotii,
2332 2381 2530 2440 Gelasii
2583 2385 2926 2457 aliorumque
2952 2396 3195 2444 veterum
3233 2391 3477 2447 testimor

1908 2469 2015 2525 niis
2033 2469 2476 2528 demanstrarnnt
2503 2473 2767 2533 Martinus
2789 2477 3064 2534 Hanckius
3098 2478 3174 2535 De
3207 2481 3482 2550 scriptori‘

1909 2561 2002 2616 bus
2028 2561 2185 2632 Byz.,
2213 2579 2336 2634 pag.
2359 2565 2422 2619 81
2457 2581 2600 2638 seq.,
2625 2566 2676 2622 J.
2707 2567 2954 2626 Andreas
2995 2569 3192 2628 Bosius
3223 2571 3298 2626 De
3337 2589 3482 2642 pon-

1909 2656 2114 2726 tiﬁcatu
2135 2658 2366 2712 maximo
2396 2659 2767 2727 imperatorum
2815 2660 2989 2726 Rom.,
3020 2679 3141 2734 pag.
3173 2661 3243 2718 6'5
3265 2680 3405 2735 seq.,
3428 2671 3488 2720 et

1907 2744 2182 2812 Valesius,
2215 2762 2336 2818 pag.
2363 2747 2491 2803 216.
2514 2746 2674 2804 Omni
2697 2749 2862 2804 etiam
2890 2751 3150 2806 destituta
3176 2760 3260 2808 est
3303 2752 3488 2807 verisi-

1905 2839 2207 2896 militudine
2251 2840 2438 2897 Sandii
2459 2840 2796 2912 conjectura,
2821 2843 2916 2914 qui
2939 2843 2994 2898 in
3025 2842 3226 2899 Νασιεο
3249 2844 3486 2902 historia:

1903 2934 2112 3000 eccles.,
2161 2950 2288 3006 pag.
2333 2934 2425 3000 48,
2475 2934 2698 2991 Macarii
2737 2933 3212 3010 Hierosolymitani
3239 2953 3362 2994 esse
3389 2939 3486 2993 ba-

1903 3026 2148 3082 riolatur.
2198 3028 2549 3101 Πανηγυρικῇ
2616 3027 2889 3101 ὑψηγορίᾳ
2951 3045 3111 3085 usum
3164 3028 3482 3095 Eusebium,

1907 3118 2064 3172 multi
2094 3117 2462 3186 adnotarunt;
2504 3133 2680 3190 neque
2709 3127 2891 3176 tamen
2920 3119 3055 3177 ﬁdes
3103 3122 3363 3179 historica
3405 3123 3485 3178 illi

1911 3218 2194 3280 propterea
2227 3211 2283 3265 in
2313 3225 2497 3267 rerum
2539 3225 2752 3266 summa
2775 3209 3108 3282 deneganda.
3139 3210 3355 3270 Primus
3385 3215 3485 3273 bos

1910 3303 2081 3358 libros
2105 3301 2289 3358 Graece
2330 3318 2454 3358 cum
2494 3301 2739 3357 Historia
2769 3303 2951 3358 cccles.
2983 3304 3153 3360 edidit
3179 3304 3318 3362 Rob.
3361 3307 3488 3362 Ste-

1909 3395 2144 3465 phanus,
2176 3393 2349 3450 Paris.
2385 3393 2546 3459 1544,
2577 3392 2696 3460 lol.,
2730 3410 2830 3464 pro
2879 3396 3070 3466 quinto
3123 3398 3263 3454 libro
3293 3415 3487 3456 nume-

1909 3502 2038 3540 rans
2083 3487 2387 3542 orationem
2442 3485 2511 3542 ad
2561 3492 2875 3542 sanctorum
2931 3495 3132 3542 ctetum
3195 3490 3304 3562 (ε).
3367 3506 3488 3561 qua:

1907 3577 2250 3634 Constantini
2292 3576 2363 3632 M.
2413 3583 2519 3644 est,
2575 3592 2686 3633 non
2748 3575 2990 3633 Eusebii.
3036 3577 3222 3636 Latine
3273 3583 3488 3653 primus

1906 3675 2142 3736 quatuor
2172 3666 2345 3722 libros
2362 3665 2492 3737 (non
2516 3674 2628 3722 tres
2653 3667 2921 3738 primores
2947 3675 3180 3734 tantum,
3215 3680 3274 3726 ut
3297 3674 3488 3729 scribit

1907 3759 2184 3814 Hanckius
2241 3774 2366 3831 pag.
2401 3758 2471 3814 86
2503 3757 2582 3813 De
2631 3759 2976 3829 scriptoribus
3032 3760 3189 3834 Byz.)
3245 3762 3486 3822 Joannes

1905 3848 2188 3906 Portesius
2211 3851 2396 3906 vertit.
2458 3849 2599 3905 Hinc
2628 3849 2989 3924 Woll'gangus
3039 3851 3353 3923 Musculus,
3385 3872 3488 3912 nec

1905 3942 2086 3996 minus
2107 3939 2157 3995 J.
2189 3940 2741 4012 Christopborsonus,
2769 3941 2861 4014 qui
2908 3943 3139 4000 Portesii
3177 3946 3484 4002 versionem

1905 4049 2016 4088 non
2066 4033 2297 4097 viderat,
2343 4041 2566 4090 notante
2598 4032 2816 4092 Valesio
2857 4051 2981 4108 pag.
3032 4036 3138 4092 216
3188 4053 3273 4110 sq.
3309 4037 3486 4112 Hujus

1903 4127 2506 4197 Cbristopborsoniana:
2523 4130 2788 4186 versionis
2811 4145 2934 4185 cum
2957 4130 3336 4202 liberquartus
3353 4150 3489 4194 casu

1903 4220 2139 4291 quodam
2173 4219 2411 4277 amissus
2443 4229 2622 4289 esset,
2669 4231 2927 4294 quartum
2973 4222 3235 4282 Nicolaus
3279 4227 3486 4286 Carras

1903 4311 2191 4382 supplevit.
2223 4309 2466 4382 Denique
2519 4312 2662 4368 idem
2691 4312 2961 4372 Henricus
2989 4313 3245 4374 Valesius
3297 4317 3487 4374 Graeca

1901 4404 1968 4459 ad
2015 4402 2231 4460 codices
2290 4418 2424 4460 mss.
2475 4407 2796 4476 castigavit,
2844 4408 3153 4464 versionem
3203 4410 3484 4467 meliorem

237 4489 474 4559 praiﬁxus
498 4497 585 4546 est
613 4499 886 4564 prologus.
921 4493 998 4548 Ex
1032 4509 1152 4566 cap.
1211 4496 1275 4551 11
1317 4496 1536 4554 Eusebii
1571 4496 1638 4552 de
1667 4499 1802 4552 lau-
1832 4526 1876 4582 υ
1904 4501 2170 4564 notasque
2195 4495 2544 4550 doctissimas
2577 4495 2824 4565 adjunxit
2843 4497 2930 4569 (Γ).
2955 4497 3238 4556 Editiones
3262 4499 3483 4556 Latinas

242 4580 374 4634 dibus
420 4579 784 4650 Constantini,
840 4598 962 4655 pag.
1014 4585 1136 4651 717,
1185 4587 1274 4644 ed.
1304 4586 1548 4661 Reading
1579 4589 1798 4661 (collato

303 4734 372 4808 (a)
400 4733 738 4816 Vipdobonag
762 4742 817 4797 in
853 4742 985 4816 bi_bl.
1013 4742 1214 4816 Caesar.
1246 4747 1368 4803 cod.
1396 4747 1624 4815 CLXVI,
1657 4766 1711 4804 ιι.
1757 4754 1796 4816 Ι,

249 4803 668 4887 ςυέιωβυξῲῆ
719 4814 784 4866 ἐκ
830 4812 924 4866 τοῦ
969 4815 1104 4887 πέζις
1156 4803 1583 4887 Mapivov,iteste

252 4875 379 4956 becio
423 4875 948 4956 Commentgr._toni.
996 4875 1097 4947 [νζ
1130 4875 1260 4956 pag:
1292 4875 1418 4954 887',
1463 4903 1516 4944 et
1565 4891 1620 4945 in
1672 4889 1794 4947 cod.

252 4945 535 5021 Barocc.‘n.
569 4947 749 5021 ClllC,
796 4952 852 5006 in
886 4967 996 5021 quo
1040 4945 1227 5008 etiam”
1254 4964 1382 5012 sunt
1406 4945 1634 5014 Eusebii
1673 4945 1795 5016 seu;

251 5018 751 5156 :néilzelﬁmaeig,
801 5018 1103 5078 secundum
1157 5025 1279 5083 Cat.
1332 5028 1490 5084 codd.
1541 5027 1700 5102 Angl.
1742 5031 1795 5097 l,

285 5126 296 5140 .
315 5106 390 5142 ΖΙ.
415 5106 590 5144 ιιΔιι..

310 5179 370 5250 (b)
400 5180 540 5236 Male
573 5179 696 5236 libri
733 5182 810 5238 VI
839 5201 1100 5243 escusum
1131 5188 1189 5244 in
1235 5186 1320 5244 ιο.
1351 5188 1557 5247 Molleri
1598 5191 1798 5249 Homo-

257 5253 585 5320 ngmoscopia,
608 5268 664 5325 p.
692 5252 817 5310 161.

311 5345 366 5412 (r)
399 5343 617 5400 Nimius
652 5353 738 5401 est
765 5346 1107 5406 Constantini
1143 5353 1412 5408 laudator.
1447 5352 1512 5407 ν.
1562 5353 1797 5407 Thoma-

260 5412 394 5542 Initia:
416 5414 496 5472 Du
535 5415 662 5483 Pin,
689 5417 931 5490 aliosque
959 5436 990 5474 a
1014 5420 1207 5479 Stollio
1225 5439 1350 5496 pag.
1373 5423 1479 5477 227
1509 5427 1794 5480 excitatos.

310 5577 372 5648 (dt
421 5577 539 5634 Jac.
571 5575 883 5648 Godol‘redo
940 5595 1200 5640 assensus
1258 5583 1320 5640 Β.
1376 5582 1686 5642 Dorscbeus
1740 5585 1797 5640 in

261 5643 495 5728 Diatyposi
531 5647 994 5728 c_oncilii_ica5ni
1025 5653 1087 5708 de
1121 5654 1468 5728 S._Cagna,ip.
1497 5657 1550 5712 '5.

255 5725 358 5841 "te;
400 5720 497 5776 Ubi
556 5723 616 5774 in
671 5718 831 5774 codd.
893 5719 1087 5778 Venet.
1137 5725 1204 5779 ad
1269 5725 1296 5797 ς
1345 5718 1433 5780 17“
1458 5727 1794 5781 memoratis.

289 5807 380 5841 “IL.

289 5807 380 5842 "IL.

1899 4595 1954 4640 et
2003 4583 2476 4651 Graeco-Latinas,
2529 4587 2658 4657 quia
2701 4587 2958 4645 Historiae
3013 4591 3382 4647 ecclesiastica:
3426 4593 3481 4646 bi

1968 4739 2035 4824 (1)
2051 4740 2327 4824 “Valesius
2365 4742 2709 4824 laudatcod.
2760 4742 2972 4824 Fuketi,
2999 4747 3176 4824 _lectt._
3214 4744 3283 4802 sd
3318 4759 3478 4824 oram

1897 4810 2024 4868 libri
2051 4810 2332 4876 Saviliani,
2365 4811 2698 4870 Turnebiani
2728 4823 2782 4870 et
2828 4810 2964 4871 cod.
2999 4815 3201 4880 Moraei,
3232 4815 3475 4872 codicem

1898 4883 2236 4952 schedasque
2272 4884 2401 4938 bibl.
2459 4883 2636 4938 Paris.
2669 4883 2799 4941 Bac.
2849 4893 2936 4941 est
2986 4886 3073 4940 ed.
3116 4884 3320 4942 Valesii
3351 4902 3475 4940 cum

1898 4953 2062 5020 huius
2095 4953 2481 5026 variorumque
2514 4957 2785 5026 adnotatt.
2811 4955 2866 5010 in
2907 4955 2994 5011 ed.
3021 4954 3286 5026 Reading.
3315 4985 3390 4996 —-
3415 4954 3476 5010 In

1899 5019 1997 5094 se:
2041 5019 2408 5094 coddnbiblf
2439 5019 2619 5076 Paris.
2663 5025 2813 5094 pubi.
2863 5026 3173 5080 continetur
3205 5019 3476 5081 E'usebius

1898 5093 1977 5147 De
2039 5094 2147 5147 vita
2200 5090 2556 5149 Constantini.
2598 5090 2681 5133 -’
2715 5094 2770 5149 In
2825 5095 2946 5149 cod.
2983 5095 3272 5158 Escorial.,
3333 5103 3476 5152 teSIe

1903 5162 2094 5234 Bluero
2143 5163 2204 5234 in?
2241 5161 2374 5216 Itin.
2422 5179 2516 5234 per
2562 5163 2816 5234 Hispan.,
2873 5179 2924 5234 p.
2994 5167 3117 5221 168.
3163 5165 3312 5221 -Ιιι
3345 5165 3468 5222 cod.

1901 5232 2232 5303 Mosquensi,
2255 5240 2394 5303 teste
2428 5232 2667 5303 Strotbio
2693 5233 2751 5288 in
2786 5232 2936 5303 praef.
2968 5235 3036 5290 ad
3078 5235 3208 5292 Eus.
3265 5233 3338 5290 Η.
3377 5235 3469 5299 Ε..

1900 5302 2187 5374 ρειεζιχιι.
2215 5302 2371 5374 —_ln
2400 5305 2542 5374 ξοδ.
2572 5302 3113 5374 Mediceo-Florent.
3151 5306 3273 5374 XX,
3317 5321 3373 5360 ιι.
3414 5304 3471 5373 4,

1897 5371 1992 5442 qui
2013 5373 2254 5428 continet
2288 5371 2358 5428 Η.
2393 5372 2478 5436 Ε.,
2501 5373 2604 5428 sub
2636 5373 2794 5428 linem
2832 5377 3095 5432 insertum
3134 5386 3218 5432 est
3248 5371 3315 5432 ex
3362 5371 3471 5429 Eu;

1899 5445 2034 5498 sebii
2073 5443 2207 5518 ῑζξιιιΔ
2218 5442 2577 5518 Constantini,
2627 5458 2659 5518 a
2691 5459 2813 5515 cap.
2841 5446 2930 5511 24,
2976 5461 3149 5518 usque
3190 5447 3258 5500 ad
3295 5454 3470 5501 totum

1898 5529 2018 5587 cap.
2074 5513 2146 5587 12
2197 5513 2315 5566 libri
2367 5513 2407 5587 I_l
2465 5513 3128 5587 inclusive,'excerptnm,
3179 5517 3470 5572 continens

1901 5585 2048 5639 illius
2074 5583 2915 5657 imperatoris;constitutionem,
2944 5583 3135 5657 quam,
3173 5587 3469 5641 destructis

1898 5654 2380 5732 t‘yr_anni_s,Cra;c_a
2418 5654 3020 5732 lingna‘conscriptat‘n,
3053 5659 3305 5732 gentibus
3336 5657 3470 5732 sub-

1901 5719 2568 5798 ditis_misit.‘Vf_Bandi'n.
2600 5723 2722 5780 Cat.
2747 5719 2900 5782 codd.
2953 5719 3153 5798 (ii-JH,
3187 5727 3461 5798 pag.Jn8l.

1897 5821 1970 5836 --
2027 5792 2144 5849 lluc
2210 5794 2479 5868 pet-tinent
2550 5805 2923 5851 commentatt.
2993 5797 3054 5852 D.
3122 5792 3283 5852 Er'nf
3310 5793 3461 5852 Frld.
