3924 6266
440 283 510 336 tr
1397 288 1754 345 'EUSEBIUS
1791 267 2282 346 cassiamusxs
2318 285 2700 345 EPISCOPITS

3638 293 3713 350 53

437 403 562 459 libri
592 401 848 474 subjungi
880 401 1254 472 solent,supra
1279 417 1429 457 num.
1461 403 1496 458 5
1522 402 1809 459 adnotatas
1838 403 1997 458 vldert

2133 401 2192 456 '0
2246 403 2509 474 ἡμέτερος
2572 403 2980 475 ἱστοριογράφος
3039 402 3335 470 Εὐσέϐιος,
3382 405 3547 478 ἡνίκα
3607 411 3714 479 τήν

434 499 581 552 licet.
610 495 842 552 Tantum
893 496 1146 559 monebo,
1199 496 1254 548 in
1308 495 1640 551 editionibus
1692 494 2019 566 quibusdam

432 589 644 647 Latinis
692 588 877 646 brevia
941 587 992 644 J.
1053 587 1170 643 Jac.
1231 587 1446 660 Grynaei
1495 597 1550 643 et
1597 586 1817 643 Suffridi
1874 588 2020 643 Petri

432 683 645 738 scholia
679 681 938 752 adjuncta
979 696 1121 736 esse.
1180 679 1398 735 Gallicas
1449 696 1665 752 quoque
1697 681 2020 751 interpreta-

429 775 600 830 tionis
635 774 814 831 instar
838 780 941 837 est,
977 772 1122 843 quod
1147 783 1372 827 auctore
1409 771 1618 828 Joanne
1649 772 1858 829 Morino
1889 789 2018 844 pro—

430 866 531 920 diit
558 881 698 936 opus
745 885 757 921 :
813 864 1048 920 Histoire
1105 865 1168 921 de
1229 863 1282 919 la
1335 865 1634 922 délivrance
1693 867 1757 922 de
1800 867 2018 939 l’Eglise

428 958 745 1023 clzrétienne,
787 974 886 1027 par
923 958 1230 1028 l‘empareur
1263 956 1600 1016 Constantia.
1640 957 1817 1017 Paris.
1857 961 2013 1028 1650,

429 1050 525 1105 fol.

498 1127 683 1198 XVIII.
711 1142 786 1198 De
814 1143 934 1198 Vita
954 1143 1012 1199 S.
1037 1142 1325 1214 Pamphilii
1352 1144 1626 1214 martyris,
1649 1143 1936 1215 scripsisse
1954 1161 2014 1202 se

429 1243 664 1292 testatur
698 1237 793 1292 lib.
833 1253 887 1292 vr
923 1235 1023 1307 (a),
1065 1252 1188 1308 cap.
1241 1237 1329 1299 52,
1365 1236 1658 1301 Eusebius,
1709 1245 1762 1292 et
1796 1239 1889 1293 lib.
1935 1253 2012 1295 vu

431 1329 574 1383 Hist.
605 1329 812 1394 eccles.,
865 1344 986 1401 cap.
1024 1330 1113 1394 52,
1152 1345 1272 1400 pag.
1304 1328 1434 1397 288,
1493 1337 1549 1385 et
1587 1329 1659 1384 De
1686 1330 2011 1400 martyribus

427 1421 758 1486 Palazstinm,
793 1436 915 1492 cap.
979 1421 1064 1486 ll,
1103 1422 1192 1477 ubi
1251 1422 1416 1476 tribus
1451 1420 1600 1476 libris
1634 1423 1948 1478 distinctum
1979 1440 2010 1479 a

427 1531 487 1569 sc
538 1530 676 1585 opus
724 1513 856 1569 illud
913 1513 1085 1568 fuisse
1115 1512 1300 1581 refert,
1335 1515 1479 1586 quod
1513 1514 1798 1570 confirmat
1845 1516 2008 1572 etiam

426 1606 790 1678 Hieronymus
822 1607 878 1661 in
908 1605 1185 1676 Catalogo,
1204 1623 1324 1677 cap.
1345 1608 1435 1672 81,
1455 1615 1507 1663 et
1524 1607 1770 1664 adversus
1800 1609 2006 1680 Ruﬁn.,

425 1715 551 1771 pag.
577 1699 700 1766 155,
738 1700 828 1755 ubi
862 1700 1030 1755 libros
1052 1687 1490 1770 elegantissimos
1522 1701 1778 1771 appellat.
1807 1699 2002 1770 Hujus,

427 1804 486 1848 ut
520 1800 692 1864 putat,
726 1793 908 1865 operis
939 1793 1235 1864 genuinum
1259 1793 1710 1864 ἀποσπασμάτιον
1747 1794 1815 1849 de
1845 1792 2006 1848 Pam-
2037 1778 2077 1832 Β

425 1885 558 1959 phili
611 1886 874 1957 martyrio
904 1884 1091 1942 Grmce
1140 1901 1204 1940 ex
1250 1901 1355 1941 ms.
1384 1887 1572 1942 codice
1599 1885 1836 1942 Mediceo
1865 1889 2008 1958 regis

424 1978 883 2035 Christianissimi
942 1978 1279 2048 descriptum
1323 1979 1542 2035 exhibet
1600 1977 2006 2050 Papebrochius

423 2079 467 2129 t.
503 2070 523 2124 ι
550 2071 667 2125 Act.
695 2069 1012 2125 “Sanctorum
1064 2068 1234 2132 Junii,
1259 2084 1385 2140 pag.
1411 2069 1595 2130 61-71,
1642 2085 1764 2123 cum
1817 2068 2006 2124 Latina

421 2162 696 2217 versione.
736 2158 921 2232 [Fabr.
953 2161 1010 2215 in
1052 2174 1151 2212 sua
1201 2157 1472 2231 Hippolyti
1504 2157 1640 2230 Opp.
1669 2161 1825 2224 edit.,
1861 2168 1900 2213 t.
1938 2158 2004 2221 ll,

426 2270 548 2326 pag.
575 2248 731 2320 217.]
779 2248 975 2306 Latina
1027 2251 1116 2304 illa
1173 2267 1238 2304 ex
1277 2249 1512 2305 Eusebio
1543 2266 1609 2304 ac
1643 2250 2006 2321 Metaphraste

418 2348 692 2403 dederant
723 2344 1097 2416 Lipomannus
1127 2350 1181 2399 et
1209 2342 1407 2399 Surius
1435 2343 1462 2396 1
1486 2341 1655 2408 Junii,
1675 2352 1735 2397 et
1758 2341 2004 2399 Valesius

420 2458 546 2512 pag.
579 2442 705 2505 178,
722 2439 787 2495 ad
818 2438 1018 2494 Euseb.

494 2529 635 2584 XIX.
665 2531 788 2584 Τῶν
816 2531 1079 2598 ἀρχαίων
1095 2529 1436 2598 μαρτυρίων
1457 2525 1834 2597 συναγωγήν,
1869 2529 2006 2580 anti-

418 2635 644 2690 quorum
701 2619 1080 2688 martyriorum
1141 2617 1535 2680 collectionem,
1599 2617 1884 2685 scripsisse
1947 2633 2005 2672 se

420 2711 692 2766 Eusebius
725 2717 956 2764 testatur
987 2708 1044 2761 in
1075 2706 1221 2762 Hist.
1265 2707 1450 2762 eccles.
1503 2705 1600 2760 lib.
1630 2723 1704 2770 1v,
1734 2721 1853 2775 cap.
1913 2707 2001 2772 15,

419 2817 543 2873 pag.
573 2802 695 2868 156,
726 2806 781 2854 et
830 2799 924 2852 lib.
961 2814 1012 2863 ν,
1063 2812 1320 2868 prooem.,
1356 2812 1481 2868 pag.
1517 2795 1638 2861 155,
1672 2804 1726 2851 et
1749 2810 1872 2866 cap.
1909 2795 1998 2860 21,

419 2911 542 2968 pag.
583 2893 701 2949 189.
734 2891 811 2947 Ex
837 2893 938 2946 hoc
965 2906 1131 2962 opere
1161 2889 1443 2960 praeclaro,
1477 2887 1696 2960 etquod
1735 2888 2003 2959 integrum

417 2989 486 3044 ad
508 3002 609 3043 nos
635 2985 780 3040 haud
809 2985 1123 3056 pervenisse
1151 2981 1442 3037 dolendum
1480 2988 1582 3046 est,
1615 2980 1783 3035 multa
1813 2995 2003 3050 super—

413 3096 538 3135 esse
577 3079 850 3144 videntur,
901 3076 954 3130 in
1007 3075 1140 3131 Vitis
1173 3075 1403 3129 Patrum
1435 3073 1624 3130 Latine
1661 3073 1763 3129 sub
1808 3071 2000 3128 Hiero-

415 3173 566 3244 nymi
619 3171 840 3227 nomine
883 3170 1067 3236 editis,
1099 3177 1152 3224 et
1198 3168 1256 3222 in
1305 3168 1556 3224 Simeone
1613 3165 1996 3235 Metaphraste,

413 3266 506 3338 qui
533 3264 720 3321 Graeco
751 3264 894 3335 stylo
942 3273 1256 3317 sanctorum
1283 3259 1439 3314 Vitas
1480 3267 1534 3315 et
1575 3261 1834 3331 martyria
1868 3274 2000 3314 con-

413 3359 572 3413 didit.
606 3356 989 3429 Fragmentum
1022 3370 1089 3410 ex
1113 3354 1218 3408 hoc
1247 3369 1410 3424 opere
1439 3351 1750 3408 Eusebiano
1779 3353 1908 3407 dare
1941 3367 2000 3406 se

412 3452 646 3508 credidit
682 3448 1089 3519 Papebroc'nius
1121 3443 1501 3500 Narrationem
1529 3443 1592 3499 de
1631 3444 1805 3499 decem
1841 3461 2000 3497 mar-

415 3544 617 3615 tyribus
668 3541 909 3614 Egypti,
942 3539 1128 3595 Graece
1184 3555 1215 3595 e
1261 3555 1366 3595 ms.
1393 3537 1656 3592 Vaticano
1694 3554 1816 3593 cum
1852 3537 1995 3592 Guil.

416 3637 601 3691 Sirleti
629 3635 880 3691 versione
909 3640 951 3689 t.
986 3633 1006 3686 I
1079 3633 1200 3686 Act.
1243 3641 1476 3686 sanctor.
1518 3630 1688 3695 Junii,
1739 3647 1861 3701 pag.
1893 3631 1998 3686 420

415 3745 531 3798 seq.
569 3726 659 3782 Sic
702 3728 834 3781 Acta
889 3726 1137 3797 martyrii
1169 3723 1225 3780 S.
1258 3722 1481 3778 Luciani
1509 3723 1649 3793 apud
1684 3722 1902 3776 Surium
1943 3731 1997 3776 et

415 3801 735 3875 Bollandum
787 3818 854 3872 ad
906 3818 936 3871 7
989 3817 1215 3872 Januar.
1267 3815 1457 3869 Latine
1509 3811 1686 3878 edita,
1740 3812 1994 3870 Usserius

413 3913 557 3983 apud
591 3912 828 3966 Caveum
855 3911 1170 3981 suspicatus
1198 3918 1282 3963 est
1314 3906 1732 3976 Metaphrastem
1774 3906 1994 3976 petiisse

412 4023 479 4061 es
509 4005 766 4060 Eusebio.
827 4005 1098 4076 Integram
1146 4001 1265 4071 ejus
1311 4000 1625 4072 μαρτυρίων
1673 3999 1992 4069 ἀναγραφήν

412 4100 467 4151 in
505 4097 639 4152 bibl.
676 4095 1010 4151 Scorialensi
1045 4091 1382 4168 superfuisse
1406 4089 1635 4143 allirmat
1662 4087 1990 4144 Franciscus

411 4188 662 4244 Bivarius
695 4187 763 4242 ad
787 4185 1002 4243 Pseudo
1027 4183 1214 4239 Dextri
1238 4184 1553 4249 Chronicon,
1587 4181 1656 4237 ad
1678 4184 1743 4236 A.
1777 4178 1839 4235 C.
1863 4181 1988 4237 508.

409 4280 590 4351 Atque
627 4277 793 4332 libros
845 4288 948 4331 tres
996 4283 1300 4346 martyrum
1347 4272 1569 4329 Eusebii
1626 4273 1868 4328 nondum
1920 4271 1990 4327 de

409 4370 600 4425 Graeco
629 4384 820 4425 versos
851 4367 925 4422 ibi
971 4366 1271 4430 exstitisse,
1302 4380 1369 4420 ex
1401 4364 1580 4418 indice
1607 4364 1850 4434 ejusdem
1891 4364 1989 4418 bi—

2092 495 2639 564 Ἑκκλησιιιστικὴν
2684 495 2920 566 ἔγραφεν
2972 496 3271 564 ἱστορίαν,
3304 496 3720 569 παραλέλοιπεν

2118 587 2322 650 ἐκεῖνα,
2349 580 2424 640 ὧν
2455 588 2676 660 μνήμην
2704 589 2995 659 ἐποιήσατο
3024 591 3082 642 ὲν
3113 588 3319 659 ἑτέροις
3342 588 3509 642 αὑτοῦ
3541 590 3714 660 ποιή-

2119 693 2275 746 μασι.
2312 678 2421 730 Καὶ
2450 675 2558 748 γὰρ
2597 678 2655 731 ἑν
2700 677 2895 732 εἴκοσι
2926 678 3148 748 λόγοις,
3190 678 3463 732 τουτέστιν
3491 680 3552 732 ὲν
3584 677 3716 732 δυο-

2115 769 2324 834 δεκάσι,
2353 770 2537 841 σχεδὸν
2561 771 2669 824 τῶν
2694 772 2752 824 ὲν
2787 773 3024 837 ἁπάσαις
3053 772 3344 844 ἐπαρχίαις
3372 771 3712 846 μαρτύρων,

2113 860 2467 926 ἐπισκόπων,
2517 861 2862 936 ὁμολογητῶν
2911 866 3004 919 καὶ
3050 865 3225 934 ἁγίων
3276 865 3555 933 γυναικῶν
3607 865 3716 918 καὶ

2114 951 2419 1024 παρθένων,
2447 953 2828 1025 παρεσκεύασε
2870 954 2939 1009 τὰ
2982 953 3130 1027 πάθη
3185 954 3461 1027 φέρεσθαι.
3509 953 3714 1018 Miror,

2113 1045 2350 1102 Caveum
2392 1045 2520 1100 huic
2549 1047 2702 1118 operi
2746 1046 2986 1104 tribuere
3027 1048 3197 1104 libros
3226 1063 3335 1103 non
3365 1048 3570 1119 viginti,
3607 1044 3713 1104 sed

2112 1138 2376 1202 undecim,
2433 1138 2662 1210 ejusque
2699 1139 2777 1195 rei
2814 1146 3093 1196 auctorem
3149 1139 3374 1195 laudare
3423 1139 3560 1194 Acta
3591 1136 3713 1194 Sil-
3814 1205 3825 1216 _

2111 1232 2290 1296 vestri,
2328 1247 2356 1285 a
2391 1231 2719 1289 Combefisio
2748 1231 2915 1289 edita.
2941 1232 3171 1306 [Forsan
3196 1234 3328 1289 illud
3353 1233 3418 1288 de
3443 1234 3714 1305 martyri-

2112 1325 2207 1378 bus
2261 1324 2589 1392 Palaestime,
2622 1327 2766 1397 quod
2819 1328 2874 1381 in
2917 1326 3072 1382 editt.
3127 1325 3202 1382 H.
3247 1327 3313 1383 E.
3349 1327 3589 1384 adhaeret
3640 1329 3714 1383 li-

2113 1418 2211 1473 bro
2239 1433 2359 1484 vm,
2388 1426 2443 1472 et
2483 1419 2551 1475 de
2585 1435 2695 1490 quo
2726 1435 2778 1474 v.
2802 1418 2965 1474 Fabr.
2999 1417 3064 1474 Β.
3099 1417 3192 1475 Gr.
3223 1420 3332 1474 vol.
3367 1419 3457 1485 IX,
3483 1435 3609 1492 pag.
3635 1421 3712 1477 55

2111 1525 2192 1581 sq.
2231 1511 2316 1567 ed.
2345 1519 2478 1577 vet.,
2508 1527 2636 1582 pars
2668 1511 2772 1568 fuit
2801 1513 2966 1582 hujus
2997 1512 3337 1568 collectionis
3377 1516 3706 1584 martyrior.

2111 1605 2528 1678 antiquiorum]
2571 1604 2776 1661 Confer
2825 1605 2892 1660 de
2953 1604 3142 1660 eodem
3181 1619 3345 1676 opere
3385 1603 3708 1661 Eusebiano

2113 1695 2428 1752 Bollandum
2471 1698 2623 1770 prtef.
2685 1698 2751 1753 ad
2806 1705 2850 1754 t.
2907 1697 2927 1751 1
2982 1698 3100 1754 Act.
3159 1709 3390 1752 sanctor.
3437 1697 3703 1762 lanium,

2105 1803 2226 1859 pag.
2280 1805 2370 1843 xvr
2426 1797 2480 1844 et
2528 1805 2655 1854 ην,
2710 1796 2765 1844 et
2819 1788 3224 1846 Henschenium
3286 1798 3326 1844 t.
3377 1787 3420 1842 ll
3474 1788 3702 1858 Aprilis,

2108 1895 2230 1951 pag.
2291 1879 2429 1948 559;
2461 1879 2754 1935 Baronium
2819 1880 2964 1937 Diss.
3025 1877 3404 1950 Martyrologio
3456 1877 3706 1936 Romano

2110 1973 2406 2041 praemissa,
2442 1987 2564 2042 cap.
2596 1973 2713 2037 5-7,
2746 1979 2798 2027 et
2833 1971 3111 2027 Matthiam
3149 1970 3298 2027 Frid.
3322 1970 3580 2026 Beckium
3628 1972 3705 2028 ad

2106 2062 2551 2135 Martyrologium
2610 2063 2862 2117 Ecclesia:
2922 2060 3266 2130 Germanicas,
3320 2077 3442 2134 pag.
3491 2061 3525 2117 5
3573 2078 3699 2134 seq.

2108 2155 2270 2210 FABB.
2297 2155 2352 2211 In
2383 2155 2505 2212 cod.
2536 2154 2769 2210 MCDLII
2807 2155 2937 2210 bibl.
2970 2154 3123 2227 pubi.
3157 2153 3336 2211 Paris.
3367 2162 3452 2210 est
3480 2169 3537 2209 ιι.
3569 2152 3700 2209 XXI

2107 2248 2368 2314 Onesimi,
2401 2248 2495 2318 qui
2523 2247 2676 2302 Pauli
2733 2248 3036 2319 discipulus
3084 2247 3210 2316 fuit,
3243 2247 3588 2315 martyrium,
3642 2256 3703 2303 et

2106 2359 2161 2396 η.
2197 2340 2357 2405 XXII,
2383 2339 2673 2410 Pamphili,
2711 2339 2985 2406 Valentis,
3036 2339 3214 2405 Pauli,
3269 2338 3518 2403 Seleuci,
3559 2335 3703 2392 Por-

2104 2433 2305 2504 phyrii,
2357 2432 2624 2487 Theoduli
2689 2441 2744 2488 et
2783 2431 2989 2488 Juliani
3047 2431 3408 2503 martyrium,
3468 2438 3700 2487 auctore

2107 2524 2360 2579 Eusebio.
2382 2523 2554 2580 ΒΑΜ..

2175 2613 2296 2669 XX.
2325 2614 2568 2684 Epistola
2626 2614 2695 2669 ad
2729 2615 3099 2671 Constantiam
3151 2614 3463 2687 Augustam,
3494 2612 3698 2669 Licinii

2106 2727 2353 2776 uxorem,
2387 2711 2605 2766 laudata
2663 2712 2731 2766 ab
2779 2709 3158 2767 lconomachis
3203 2711 3261 2765 in
3301 2710 3453 2766 Actis
3495 2707 3698 2781 synodi

2104 2799 2332 2856 Nicaenae
2358 2803 2631 2868 secundae,
2665 2814 2772 2858 act.
2804 2820 2858 2872 v,
2893 2818 3016 2875 pag.
3042 2802 3168 2869 608,
3190 2810 3245 2858 et
3266 2817 3343 2869 vt,
3387 2817 3511 2874 pag.
3559 2800 3692 2867 661,

2103 2903 2144 2948 t.
2198 2895 2280 2949 Ill.
2317 2895 2458 2951 Binii
2490 2896 2716 2969 (Labbei
2748 2906 2791 2952 t.
2829 2895 2959 2970 Vll),
2989 2905 3045 2954 et
3088 2912 3120 2952 a
3167 2895 3511 2968 Nicephoro,
3543 2896 3696 2952 Con-

2105 2991 2456 3063 stantiuopol.
2485 2991 2816 3062 patriarcha,
2872 2992 3208 3064 impugnata.
3258 2991 3333 3046 Ex
3366 2991 3556 3048 eadem
3591 2991 3690 3046 Ni-

2103 3084 2373 3153 ccphorus
2407 3083 2674 3156 Gregoras
2699 3099 2816 3150 nx,
2845 3085 2900 3150 5,
2928 3083 3096 3152 Hist.,
3139 3085 3230 3139 ubi
3259 3083 3550 3142 Eusebium
3579 3083 3698 3141 τῶν

2101 3175 2222 3228 τότε
2266 3175 2458 3246 λογίων
2510 3178 2600 3230 τὸν
2647 3177 2865 3249 πρῶτον
2919 3177 3185 3248 appellat,
3237 3193 3360 3248 pag.
3403 3175 3691 3232 59LEam

2099 3269 2396 3338 pleniorem
2431 3268 2614 3324 Graece
2648 3285 2678 3324 e
2727 3285 2829 3325 ms.
2860 3269 3010 3340 regio
3036 3270 3204 3326 edidit
3241 3267 3291 3323 J.
3321 3251 3603 3324 Boivinius
3633 3269 3692 3323 in

2099 3360 2245 3415 notis
2301 3359 2532 3415 eruditis
2587 3357 2652 3412 ad
2713 3358 2942 3430 Niceph.
2998 3359 3330 3432 Gregoram,
3381 3376 3504 3432 pag.
3558 3360 3689 3416 795.

2101 3448 2353 3519 Spuriam
2405 3457 2461 3504 et
2519 3448 2756 3505 Eusebio
2792 3451 3131 3520 suppositam
3173 3466 3296 3507 esse
3325 3467 3434 3506 non
3471 3452 3695 3508 dubitat

2097 3541 2350 3596 Petavius
2399 3557 2510 3608 xw,
2542 3541 2595 3609 9,
2634 3541 2820 3613 Dogm.
2861 3544 3014 3599 theol.
3047 3544 3110 3599 de
3145 3542 3540 3601 Incnrnatione.
3576 3545 3693 3601 Sed

2097 3632 2332 3687 Eusebio
2391 3642 2540 3689 recte
2590 3649 2621 3688 a
2673 3635 2892 3692 laudato
2943 3635 3171 3692 Boivino
3228 3635 3558 3691 vindicatur.
3625 3636 3678 3694 Is

2095 3725 2288 3780 iisdem
2320 3726 2473 3781 Actis
2492 3724 2733 3781 'Nicmnae
2766 3726 2960 3798 synodi
2990 3726 3216 3782 affertur
3247 3729 3412 3784 etiam
3451 3729 3682 3800 aliquid,

2095 3833 2216 3887 pag.
2243 3818 2346 3872 608
2373 3826 2427 3873 et
2453 3817 2580 3882 662,
2608 3833 2670 3874 ex
2711 3819 2944 3889 epistola
2985 3819 3202 3876 Eusebii
3253 3822 3319 3875 ad
3353 3820 3684 3892 Euphratio-

2093 3925 2216 3963 ncm
2265 3912 2380 3966 sive
2409 3909 2843 3982 Euphrasionem
2884 3921 2937 3967 et
2961 3912 3028 3968 ad
3047 3913 3414 3969 Alexandrum
3440 3913 3680 3968 Alexan-

2092 4001 2331 4058 drinum.

2505 4095 2697 4152 Latine
2736 4107 2942 4152 tantum
2990 4107 3202 4152 exstant
3235 4113 3254 4153 :

2157 4184 2300 4240 XXI.
2327 4185 2598 4260 Apologia:
2625 4204 2720 4258 pro
2751 4188 2973 4260 Origene
3000 4188 3130 4242 liber
3160 4189 3383 4259 primus,
3405 4202 3470 4242 ex
3493 4184 3679 4242 Ruﬁni

2089 4277 2361 4342 versione,
2419 4277 2562 4333 inter
2605 4276 2856 4350 Origenis
2909 4285 3072 4350 atque
3133 4277 3446 4351 Hieronymi
3499 4277 3678 4349 Opera

2090 4369 2286 4436 saepius
2314 4368 2414 4423 sub
2454 4367 2719 4440 Pamphili
2749 4373 2969 4427 nomine
2996 4372 3192 4427 editus.
3227 4370 3293 4426 Et
3329 4386 3460 4427 sane
3490 4386 3559 4426 ex
3581 4387 3679 4427 vo-

409 4467 698 4521 bliothecae
749 4480 805 4522 a.
842 4462 976 4518 1579
1009 4463 1199 4517 didicit
1247 4470 1302 4516 et.
1339 4459 1408 4514 ad
1446 4459 1739 4514 Baronium
1769 4458 1991 4530 scripsit
2020 4477 2065 4533 ι)
2095 4460 2394 4518 luminibus
2434 4478 2530 4519 sex
2579 4463 2678 4534 (tot
2721 4466 2866 4520 enim
2910 4465 3168 4536 Apologia
3201 4465 3292 4518 illa
3329 4464 3500 4519 libros
3527 4479 3678 4518 com-

414 4559 737 4624 Lindanus,
801 4565 862 4611 ut
925 4564 1115 4611 narrat
1181 4552 1449 4608 Baronius
1512 4552 1581 4605 ad
1641 4551 1986 4623 Martyrolog.

403 4653 474 4706 25
508 4651 658 4722 Sept.
708 4650 930 4705 Duabus
979 4648 1243 4703 librorum
1299 4645 1595 4701 decadibus
1643 4645 1757 4700 sive
1811 4646 1993 4715 viginti

405 4745 557 4798 libris
584 4743 898 4799 constitisse
926 4741 1056 4795 illud
1090 4756 1247 4810 Opus,
1285 4738 1450 4792 tradit
1479 4739 1712 4808 scriptor
1738 4739 1989 4792 Actorum

406 4832 465 4888 S.
512 4831 778 4897 Silvestri,
802 4831 945 4904 apud
976 4829 1326 4885 Lambecium
1347 4837 1389 4883 t.
1418 4827 1554 4892 VIII,
1585 4843 1638 4898 p.
1673 4827 1770 4880 521
1790 4826 1866 4900 [p.
1883 4827 1987 4882 685

406 4941 491 4994 sq.
549 4927 636 4982 ed.
701 4924 953 4998 Kollar.].
999 4922 1175 4980 Verba
1239 4921 1528 4992 scriptoris
1592 4921 1739 4976 illius
1801 4929 1983 4976 sunt:

408 5114 899 5192 Wernsdorfii_De
935 5119 1281 5192 Constantini
1304 5119 1402 5192 _M.
1450 5120 1713 5192 religione
1738 5121 1982 5192 paschali

411 5188 495 5264 :_i_d_
536 5187 996 5264 Eusebiupeivita
1023 5190 1241 5264 _anst.
1403 5187 1669 5264 _libr.'tv,
1722 5187 1841 5263 cap.
1889 5192 1979 5257 22,

410 5255 634 5314 Witteb.
669 5261 828 5325 1758,
851 5263 906 5327 4,
932 5270 986 5316 et
1020 5262 1079 5317 D.
1117 5254 1345 5317 Erhard.
1389 5261 1587 5317 Anton.
1631 5254 1979 5318 From'manni

406 5329 488 5384 De
508 5328 882 5400 coddLsacris,
896 5331 1054 5400 jussu
1075 5331 1411 5387 Constantini
1455 5333 1519 5386 ab
1556 5332 1784 5388 Eusebio
1827 5350 1984 5386 cura-

411 5401 500 5460 tis,
535 5400 604 5454 ad
656 5399 854 5456 Euseb.
903 5401 1075 5455 Vitam
1122 5401 1305 5458 Const.
1341 5404 1465 5458 libr.
1516 5420 1591 5467 1v,
1637 5420 1688 5460 c.
1745 5402 1831 5458 56.
1875 5403 1982 5458 Co-

409 5469 568 5538 burg.
596 5470 754 5545 1761,
780 5470 860 5545 _-l_,
893 5487 1073 5529 recus.
1105 5473 1161 5527 in
1190 5476 1308 5545 ejus
1336 5475 1617 5545 opusculis
1667 5474 1978 5544 philologici

409 5549 569 5609 atque
599 5541 868 5615 historici
892 5541 1487 5615 argumenti,'Coburgi
1520 5541 1684 5609 177οξ
1710 5545 1763 5610 8,
1794 5561 1847 5615 ρ.
1873 5545 1980 5600 505

408 5626 529 5679 sqq.
586 5641 655 5651 —
707 5610 1011 5666 Euscbius‘s
1055 5611 1166 5681 Life
1227 5615 1287 5682 of
1327 5610 1674 5680 Conatarrtin,
1725 5610 1849 5668 with
1909 5633 1979 5669 an

407 5686 617 5754 praison
661 5684 712 5736 in
743 5683 822 5734 his
855 5682 1058 5754 Praise,
1091 5683 1195 5735 and
1229 5685 1310 5737 his
1353 5687 1558 5738 oration
1590 5695 1642 5738 to
1667 5684 1748 5737 the
1780 5687 1972 5754 clergy.

403 5751 573 5809 Lond.
638 5756 787 5810 “557.
835 5782 902 5792 —-
957 5753 1262 5811 Saltouftall
1325 5757 1504 5811 versio
1561 5755 1824 5829 Anglica,
1880 5751 1975 5810 ad-

2094 4554 2254 4624 plexa
2308 4557 2414 4624 est)
2468 4553 2809 4627 Pamphilum
2862 4573 2970 4612 una
3026 4573 3151 4612 cum
3203 4556 3441 4612 Eusebio
3488 4557 3672 4626 priora

2093 4649 2333 4720 quinque
2360 4653 2755 4721 composuisse,
2808 4661 3024 4707 sextum
3055 4652 3125 4708 ab
3159 4649 3394 4707 Eusebio
3427 4648 3668 4702 additum

2090 4756 2231 4806 esse,
2260 4749 2492 4797 testatur
2543 4740 2772 4798 Photius
2814 4743 2936 4797 cod.
2973 4759 3144 4798 cxvm
3197 4742 3292 4811 (b).
3323 4735 3524 4794 Confer
3554 4737 3667 4792 Eu-

2089 4835 2299 4890 sebium
2329 4837 2507 4907 ipsum
2540 4853 2617 4900 vr,
2647 4837 2736 4902 55,
2795 4835 2960 4900 ﬂist.,
2992 4845 3045 4890 et
3090 4849 3211 4904 qua!
3255 4833 3322 4889 de
3362 4832 3464 4887 hoc
3502 4847 3669 4902 opere

2089 4925 2465 4986 Tillemontius
2493 4939 2534 4986 t.
2557 4929 2602 4984 V
2639 4928 2862 4985 Memor.
2915 4929 3122 4995 eccles.,
3147 4935 3305 4998 parte
3334 4940 3416 4990 ιιι,
3439 4940 3560 4996 pag.
3597 4925 3669 4978 60

2084 5125 2197 5248 illita
2231 5134 2314 5182 est
2339 5128 2577 5185 versioni
2615 5127 2688 5184 Η.
2731 5128 2797 5183 Ε.
2826 5131 2894 5186 de
2920 5145 3028 5201 qua
3060 5141 3223 5197 supra
3261 5127 3374 5197 jam
3427 5125 3664 5196 egimus.

2105 5219 2108 5221 ‘
2133 5213 2256 5248 ABL.

2133 5213 2439 5338 A(fbeoc-et
2464 5269 2538 5326 ibi
2562 5268 2958 5335 Eusebius,illo
2981 5283 3040 5324 se
3077 5269 3132 5322 in
3166 5282 3329 5338 opere
3350 5265 3666 5338 exhibuisse

2083 5336 2314 5402 πίνακας
2345 5339 2460 5395 sive
2490 5340 2700 5395 indices
2750 5341 3010 5395 librorum
3062 5347 3175 5393 tum
3226 5336 3496 5407 Origenis,
3547 5343 3666 5407 tum

2083 5409 2313 5479 aliorum
2341 5411 2668 5479 scriptorum
2697 5410 3215 5473 ecclesiasticorum,
3247 5406 3383 5477 quos
3405 5406 3664 5479 Pamphi-

2079 5478 2167 5600 }us
2204 5493 2418 5535 summo
2453 5477 2636 5537 Studio
2667 5481 3009 5537 bibliothecae
3047 5495 3156 5534 sua:
3187 5477 3516 5533 adornanda:
3545 5477 3664 5531 col-

2100 5557 2303 5602 egerat.

2131 5564 2382 5687 ἥὶςωίῖει
2435 5621 2576 5678 inter
2635 5621 2792 5675 codd.
2857 5619 3078 5673 Latinos
3139 5618 3268 5671 bibl.
3327 5616 3544 5670 Veneta!
3590 5615 3655 5672 D.

2077 5687 2268 5812 lhilarci,
2300 5689 2420 5745 cod.
2452 5689 2738 5748 XXXVIII.
2776 5690 2827 5746 Υ.
2863 5690 2984 5746 Cat.
3027 5688 3179 5743 cadd.
3212 5687 3358 5752 Lat.,
3398 5702 3520 5759 pag.
3563 5687 3655 5744 17.

2129 5775 2250 5814 arm.
