3924 6266
232 401 291 457 π
1733 389 2028 448 ΝΟΊῚἸῚᾹ.
3384 393 3455 448 Μ

234 529 389 580 ωηειο
411 559 426 582 ,
454 532 573 588 cap.
609 517 679 573 29
704 559 719 584 ,
747 517 1030 590 legi'sse'se
1059 517 1343 590 significat,
1375 516 1775 589 ἐπαπορήματα
1804 521 1850 577 Α
1948 511 2248 568 Sermonem
2274 511 2336 564 de
2363 509 2566 579 delectu
2592 512 2781 577 pluuia
2820 515 3084 565 memorat
3113 507 3295 567 Hebed
3323 509 3453 568 Iesu

237 615 344 686 περὶ
365 611 462 684 τῆς
481 611 592 665 τῶν
620 612 864 684 ἀρχαίων
894 612 1254 683 πολυγαμιας.

294 704 532 774 Epistolas
570 704 1003 774 quamplurima,
1055 713 1248 774 praeter
1284 703 1434 766 illas,
1478 702 1546 758 de
1583 701 1781 773 quibus

235 814 379 870 supra
419 813 568 854 num.
597 797 703 861 21,
738 798 793 851 in
823 797 1024 868 quibus
1058 796 1310 852 omnibus
1352 795 1674 850 Arianorum
1721 812 1781 852 se

235 887 474 944 fautorem
496 887 729 957 prodere
761 895 994 958 arguunt
1020 887 1154 942 Acta
1176 886 1392 942 concilii
1413 885 1637 952 Nicaeni,
1669 894 1775 942 act.

236 994 314 1042 vt,
346 986 381 1032 t.
411 975 510 1042 Ill,
562 978 694 1033 edit.
734 977 1009 1044 Binianae,
1065 992 1187 1049 pag.
1247 977 1393 1045 662,
1453 986 1780 1048 vertuntque

237 1069 330 1140 ipsi
372 1068 519 1132 vitio,
567 1068 712 1139 quod
736 1070 861 1125 licet
905 1069 1116 1141 synodo
1160 1069 1393 1124 Nicaenaz
1441 1069 1782 1140 subscripse-

236 1161 327 1224 rit,
355 1171 403 1214 et
429 1161 556 1214 ταπὲ
591 1162 690 1233 μὲν
714 1162 812 1234 τὴν
839 1161 1092 1234 ἀλήθειαν
1123 1163 1541 1234 ὑποκρινόμενος
1565 1161 1783 1215 ἀποδεί-

236 1270 419 1320 κνυται,
432 1269 802 1327 nonnunquam
821 1256 1086 1310 veritatem
1101 1256 1351 1311 simulare
1365 1255 1782 1326 deprehenditur,

236 1353 395 1403 tamen
425 1363 534 1403 non
563 1348 778 1403 veniam
808 1349 1022 1419 publice
1050 1349 1265 1420 petierit
1308 1349 1376 1405 de
1415 1349 1636 1420 scriptis
1666 1349 1782 1405 suis

233 1454 387 1510 eaque
412 1443 824 1506 retractaverit,
865 1449 919 1497 et
948 1457 1048 1512 pro
1075 1442 1323 1512 epistolis
1357 1443 1637 1512 speciatim
1667 1444 1780 1498 suis

233 1530 722 1603 λόγον.’Δπολογίας
754 1547 863 1589 non
911 1535 1312 1606 composuerit,
1352 1535 1780 1606 vulgaveritque.

219 1723 228 1756 l

250 1730 2192 1757 =_.____________________________.._-.

1885 606 1940 660 in
1968 603 2224 674 Catalogo
2259 602 2511 658 librorum
2545 601 2945 665 Clraldworum,
2981 618 3037 656 n.
3069 602 3161 658 20.

1952 696 2355 772 {Fragmentum
2394 695 2612 752 Eusebii
2633 695 2727 750 τοῦ
2759 686 3036 768 ’ᾼσματος
3066 696 3176 749 τῶν
3195 697 3455 769 ᾀσμάτων
3535 721 3538 723 λ

1881 793 2052 850 edidit
2101 791 2383 847 Munterus
2425 789 2518 847 Fr.
2563 789 2696 860 PP.,,
2729 781 2846 857 Gr.,
2873 791 2893 845 l
2919 830 2934 856 ,
2978 808 3031 864 p.
3079 789 3149 846 60
3199 807 3307 862 sq.;
3348 793 3456 847 alia

1879 886 2072 958 fragm.
2092 885 2294 956 ejusd.,
2317 885 2552 940 Matthaei
2581 887 2636 940 in
2666 886 2976 954 Anecdotis,
3010 885 3266 956 Mnsquar,
3297 884 3452 940 1775.

1880 981 1941 1042 In
1965 979 2213 1036 Galland.
2244 978 2384 1033 Bibl.
2433 977 2575 1044 PP.,
2613 987 2744 1034 tom.
2775 977 2866 1042 ιγ,
2907 994 2960 1049 p.
3004 977 3110 1033 459
3157 995 3265 1049 sq.,
3328 985 3458 1032 sunt
3512 1035 3516 1039 _

1883 1069 2101 1126 Eusebii
2155 1068 2385 1140 Pamph.
2440 1070 2688 1140 apuscul.
2741 1084 2853 1133 xlv,
2891 1067 3124 1138 primum
3175 1068 3231 1122 in
3281 1067 3455 1122 lucem

1883 1162 2027 1218 edita
2062 1177 2091 1216 a
2123 1160 2241 1216 Jac.
2291 1160 2604 1217 Sirmondo.
2643 1191 2713 1202 —
2758 1160 3172 1216 Praemittuntur
3211 1159 3454 1230 ejusdem

1885 1255 2104 1312 Eusebii
2151 1255 2483 1311 Prooemium
2530 1263 2586 1311 et
2631 1271 2751 1326 cap.
2807 1271 2865 1310 Ill
2918 1255 3101 1326 priora
3144 1254 3296 1310 Dem.
3333 1252 3453 1318 Ευ..

1887 1365 1995 1404 una
2021 1365 2145 1404 cum
2195 1349 2376 1420 operis
2415 1348 2627 1420 epilogo
2684 1319 2937 1419 evulgata
2964 1361 2994 1400 a
3023 1345 3072 1400 J.
3113 1346 3161 1400 Α
3188 1319 3467 1402 Fabricio.’

1886 1441 1945 1496 ln
1986 1442 2231 1516 Prolegg.
2269 1443 2336 1499 de
2383 1443 2470 1499 his
2500 1459 2555 1514 p.
2607 1457 2722 1497 xm
2767 1458 2849 1514 sq.
2891 1440 3127 1499 breviter
3161 1437 3458 1498 Gallandus

1885 1535 2045 1608 egit.)

2188 1733 3443 1763 .——___—__—_—-===:=-—_==3

721 1918 843 2036 DE
899 1917 1117 2033 ἮΤΔ
1172 1915 1771 2052 SCRIPTISQUE
1845 1916 2205 2035 EUSEBII
2277 1917 2938 2036 CAESARIENSIS.

815 2133 908 2206 (H.
931 2133 1223 2202 Vacesws,
1250 2131 1466 2208 Proleg.
1494 2135 1563 2191 ad
1593 2133 1815 2192 Eusebii
1844 2133 2053 2193 Histor.
2077 2133 2261 2190 eceles.
2289 2133 2376 2190 ed.
2403 2133 2642 2204 Mogunt.
2675 2133 2861 2202 1672.)

283 2455 350 2514 De
373 2458 488 2514 vita
516 2457 750 2514 Eusebii
779 2457 1132 2514 Caesariensis
1153 2457 1352 2514 librum
1378 2459 1508 2514 olim
1537 2459 1784 2516 conscri—
1812 2472 1855 2528 Β
1883 2457 2024 2514 libro
2055 2473 2153 2524 vn,
2201 2471 2434 2512 narrans
2461 2472 2525 2512 ea
2557 2473 2678 2528 quze
2709 2467 2969 2529 regnante
3001 2457 3248 2515 Gallieno
3280 2459 3458 2513 conti-

221 2558 387 2622 pscrat
409 2549 670 2611 Aeacius.
697 2549 818 2621 ejus
840 2551 1144 2621 discipulus
1165 2561 1219 2607 et
1246 2551 1299 2606 in
1327 2552 1644 2624 episcopatu
1671 2552 1790 2608 Ca:-

222 2644 437 2699 sariensi
486 2657 804 2709 successor,
849 2651 911 2697 ut
940 2650 1175 2700 testatur
1216 2644 1490 2700 Socrates.
1527 2643 1786 2700 Sed'cum

220 2735 299 2790 hic
323 2737 460 2792 liber
500 2750 613 2790 una
656 2751 781 2790 cum
811 2735 1062 2806 plurimis
1111 2736 1234 2794 aliis
1261 2739 1546 2794 vetustatis
1577 2738 1788 2792 incuria

218 2830 450 2899 perierit,
488 2844 594 2884 nos
627 2829 876 2884 collectis
923 2828 1053 2884 hinc
1107 2829 1233 2885 inde
1265 2837 1509 2885 veterum
1557 2831 1788 2900 scripto-

217 2934 328 2973 rum
362 2920 703 2975 testimoniis
735 2921 828 2990 qui
857 2918 923 2974 de
951 2918 1189 2975 Eusebio
1217 2920 1386 2974 locuti
1415 2927 1564 2985 sunt,
1608 2920 1789 2990 jactu-

216 3025 324 3064 ram
354 3012 510 3065 illam
549 3027 652 3081 pro
680 3012 824 3066 virili
876 3019 1030 3083 parte
1074 3013 1279 3069 sarcire
1307 3013 1647 3068 conabimur.
1678 3011 1787 3083 lgi-

216 3112 298 3160 tur
315 3105 592 3162 Eusebius
618 3116 779 3162 natus
802 3115 884 3160 est
913 3106 968 3160 in
990 3105 1278 3162 Palaestina
1307 3105 1410 3161 sub
1439 3113 1701 3168 extrema,
1728 3113 1788 3159 ut

213 3199 447 3264 videtur,
489 3198 722 3254 Gallieni
751 3207 1012 3268 tempora.
1040 3197 1117 3251 Ex
1148 3197 1435 3254 Palaestina
1465 3197 1680 3268 quidem
1725 3199 1790 3250 il-

214 3290 320 3351 lum
358 3290 657 3345 oriundum
708 3287 880 3344 fuisse
907 3295 1225 3359 argumento
1265 3295 1370 3353 est,
1398 3288 1543 3359 quod
1577 3303 1608 3342 a
1645 3298 1791 3344 vete-

213 3381 361 3438 ribus
401 3381 520 3437 l'ere
576 3379 902 3437 Palaestinus
930 3389 1176 3435 vocatur.
1227 3379 1303 3434 lta
1337 3390 1486 3435 certe
1530 3381 1788 3448 Basilius,

214 3473 580 3531 Theodoritus
611 3474 810 3544 aliique
842 3490 965 3528 eum
996 3475 1288 3544 appellant.
1325 3476 1402 3529 Ac
1444 3476 1692 3544 quamvis
1720 3475 1790 3530 ob

213 3567 569 3624 Caesariensis
600 3567 753 3623 urbis
784 3567 1156 3636 episcopatum
1191 3567 1264 3621 ita
1297 3568 1667 3637 cognominari
1695 3583 1792 3637 po-

213 3661 333 3725 tuit,
377 3661 572 3717 verius
602 3668 788 3715 tamen
837 3660 968 3714 mihi
1010 3661 1247 3724 videtur,
1285 3661 1436 3715 illum
1467 3676 1497 3714 a
1533 3663 1704 3731 patria
1737 3661 1790 3714 id

213 3761 638 3826 cognomentum
667 3755 923 3809 traxisse.
974 3753 1136 3810 Certe
1180 3754 1297 3823 ipse
1339 3756 1394 3808 in
1430 3755 1570 3808 libro
1611 3756 1790 3826 primo

1889 2559 2104 2622 gerunt,
2140 2559 2428 2620 antequam
2459 2551 2527 2606 de
2565 2549 2716 2606 Pauli
2748 2551 3154 2609 Samosatensis
3179 2568 3368 2608 errore
3395 2569 3457 2608 ac

1887 2639 2236 2696 damnatione
2265 2655 2570 2696 sermonem
2602 2640 2872 2706 instituat,
2915 2642 3000 2698 his
3031 2643 3204 2697 utitur
3232 2643 3415 2698 verbis
3441 2661 3460 2700 :

1899 2730 2089 2784 Verum
2112 2731 2194 2784 his
2208 2732 2325 2801 jam
2355 2733 2628 2802 expositis,
2661 2749 2796 2787 nunc
2824 2732 3033 2787 tandem
3055 2751 3172 2804 quae
3193 2735 3468 2806 qualisque

1890 2821 2050 2890 fuerit
2080 2833 2210 2877 tetas
2260 2832 2471 2887 nostra,
2526 2832 2855 2892 posterorum
2909 2825 3111 2880 notitiae
3164 2826 3463 2882 tradamus.

1889 2912 2150 2970 Parentes
2182 2931 2321 2985 quos
2376 2916 2647 2984 habuerit,
2696 2918 2858 2972 nobis
2914 2917 3312 2989 incompertum
3358 2931 3466 2987 est,

1890 3009 1997 3063 nisi
2025 3009 2170 3078 quod
2203 3007 2541 3079 Nicephorus
2573 3009 2857 3075 Callistus,
2892 3011 3079 3068 nescio
3107 3027 3244 3082 quos
3276 3021 3469 3068 aucto-

1891 3116 1980 3156 res
2011 3107 2250 3162 secutus,
2299 3102 2450 3155 illum
2495 3118 2683 3158 sorore
2723 3102 2995 3174 Pamphili
3033 3107 3289 3176 martyris
3315 3106 3470 3176 genio

1891 3202 2006 3248 tum
2033 3208 2154 3248 esse
2177 3192 2378 3262 prodit.
2405 3191 2463 3246 ln
2485 3194 2716 3264 cpistola
2737 3202 2918 3250 autem
2942 3194 3057 3247 Arii
3081 3195 3147 3249 ad
3172 3194 3466 3250 Eusebium

1890 3286 2384 3352 Nicomediensem,
2419 3285 2588 3341 frater
2621 3285 2844 3342 Eusebii
2874 3285 3306 3342 Nicomediensis
3332 3285 3464 3342 dici-

1891 3388 2000 3436 tur.
2039 3381 2116 3434 Ac
2141 3381 2358 3434 tametsi
2408 3386 2633 3449 propter
2665 3366 2960 3434 amicitiam
3013 3378 3180 3435 frater
3235 3379 3342 3435 dici
3372 3394 3470 3450 po-

1892 3472 2014 3535 tuit,
2050 3469 2236 3525 verius
2282 3476 2463 3524 tamen
2500 3468 2630 3524 mihi
2661 3469 2898 3534 videtur,
2932 3470 3085 3524 illum
3127 3476 3222 3524 aut
3255 3485 3469 3540 germa-

1892 3577 2022 3615 num
2043 3569 2136 3617 aut
2161 3561 2552 3618 consobrinum
2580 3561 2750 3618 fuisse
2771 3561 3204 3617 Nicomediensis
3225 3561 3466 3624 Eusebii,

1890 3655 2126 3708 maxime
2149 3670 2272 3708 cum
2295 3653 2458 3709 Arius
2481 3654 2730 3724 plurimis
2758 3655 2880 3709 aliis
2903 3655 2976 3709 ibi
3001 3656 3468 3720 commemoratis,

1892 3761 2060 3799 unum
2100 3745 2491 3801 Caesariensem
2516 3745 2735 3801 fratrem
2761 3747 2994 3817 appellet
3014 3746 3471 3804 Nicomediensis.

214 3846 286 3902 De
323 3847 449 3902 Vim
483 3847 824 3902 Constantini
856 3862 914 3903 se
944 3847 1124 3901 adhuc
1153 3848 1554 3902 adolcscemem
1598 3849 1652 3902 in
1687 3847 1792 3901 Pa-
1819 3855 1860 3913 ο
1893 3839 2098 3895 Deinde
2148 3839 2581 3897 Nicomediensis
2635 3839 2904 3896 Eusebius
2960 3841 3226 3898 oriundus
3271 3840 3374 3896 fuit
3401 3858 3469 3897 ex

215 3939 420 3994 uestina
446 3938 741 3994 educatum
777 3953 840 3992 ac
865 3946 1138 3993 versatum
1162 3954 1284 3993 esse
1313 3947 1564 4002 testatur,
1607 3939 1792 4008 ibique

215 4030 447 4100 primum
483 4044 516 4084 a
545 4045 605 4085 se
629 4031 807 4084 visum
839 4045 959 4085 esse
1005 4029 1444 4094 Constantinum,
1491 4030 1619 4086 dum
1656 4031 1701 4084 is
1734 4033 1789 4084 in

215 4123 472 4175 comitatu
500 4119 820 4176 Diocletiani
848 4121 1073 4192 Augusti
1103 4137 1197 4192 per
1217 4121 1560 4176 Palaestinam
1588 4124 1688 4176 iter
1714 4123 1793 4175 l‘a—

216 4221 375 4269 ceret.
415 4211 526 4267 Sed
556 4224 612 4269 et
636 4213 694 4267 in
718 4212 860 4268 libro
913 4229 952 4267 u
989 4213 1234 4282 ejusdem
1266 4197 1468 4284 operis,
1502 4213 1593 4267 ubi
1620 4213 1791 4284 legem

217 4299 564 4357 Constantini
596 4301 785 4368 refert,
822 4319 984 4374 quam
1020 4305 1109 4359 ille
1141 4320 1240 4376 pro
1283 4305 1612 4360 Christianis
1656 4304 1795 4360 scri-

215 4395 317 4462 psit
360 4394 432 4448 ad
485 4394 830 4460 Palaestinos,
857 4394 1205 4452 Palaestinam
1237 4412 1295 4452 se
1318 4397 1490 4453 luisse
1520 4396 1662 4451 haud
1694 4398 1797 4453 ob-

219 4503 371 4542 scure
397 4486 695 4556 signiﬁcat.
727 4485 1021 4558 Postquam
1055 4487 1198 4542 enim
1222 4488 1354 4558 legis
1389 4488 1560 4559 ipsius
1587 4488 1655 4543 ad
1690 4486 1796 4542 Pa-

219 4575 457 4632 laestinos
487 4577 669 4632 missae
696 4577 861 4632 verba
889 4576 1096 4640 retulit,
1119 4575 1234 4630 haec
1264 4575 1445 4631 addit:
1477 4575 1576 4631 Ha:
1607 4577 1794 4647 prima:

218 4668 548 4739 imperatoris
605 4670 796 4723 littera:
840 4668 909 4722 ad
948 4686 1040 4724 nos
1082 4670 1276 4724 missae.
1344 4668 1501 4735 Quod
1541 4685 1672 4725 vero
1702 4685 1794 4724 0r-

217 4768 324 4816 tum
358 4763 512 4816 illius
537 4761 594 4814 in
615 4770 856 4818 extrema
884 4761 1113 4818 Gallieni
1145 4770 1386 4832 tempora
1417 4763 1644 4828 contuli,
1691 4764 1797 4818 hu-

217 4853 297 4924 jus
335 4855 418 4909 rei
455 4861 738 4909 auctorem
784 4853 960 4908 habeo
989 4854 1166 4923 ipsum
1198 4853 1513 4910 Eusebium.
1545 4856 1607 4910 In
1638 4857 1793 4914 libris

221 4946 355 4999 enim
411 4945 670 5000 Historiis
713 4944 1079 4999 ecclesiastica:
1131 4946 1363 5017 loquens
1415 4947 1483 5002 de
1535 4945 1793 5020 Dionysio

222 5036 714 5093 Alexandrinorum
746 5038 1022 5108 episcopo,
1068 5038 1219 5092 illum
1257 5054 1357 5095 sua
1403 5046 1560 5096 aztate
1591 5041 1795 5098 vixisse

223 5137 469 5196 testatur,
504 5139 564 5185 ut
596 5131 781 5187 videre
813 5140 898 5188 est
940 5135 998 5187 in
1042 5132 1184 5187 libro
1212 5148 1295 5197 ιιι,
1333 5148 1454 5204 cap.
1484 5133 1575 5189 28.
1612 5133 1795 5201 Quare

1898 3927 2077 3998 Syria.
2115 3926 2240 3982 Fuit
2267 3929 2414 3982 enim
2441 3930 2618 3998 primo
2647 3929 2937 4000 episcopus
2977 3929 3179 4002 Beryti.
3209 3929 3322 3987 Nec
3351 3948 3470 3988 mos

1895 4028 2026 4073 tunc
2057 4028 2195 4084 erat,
2233 4028 2290 4074 ut
2321 4022 2567 4076 extranei
2601 4030 2655 4076 et
2684 4023 2857 4093 ignoti
2889 4024 2956 4079 ad
2994 4024 3260 4095 regendas
3282 4025 3472 4082 Eccle-

1895 4128 2004 4167 snas
2033 4119 2502 4182 promoverentur.
2537 4115 2597 4168 ln
2613 4116 2971 4173 saecularibus
2996 4117 3303 4188 disciplinis
3329 4136 3468 4190 quos

1893 4207 2186 4276 magistros
2238 4206 2506 4271 habuerit,
2553 4206 2778 4276 perinde
2826 4209 3160 4278 ignoramus.
3205 4210 3264 4266 ln
3295 4214 3470 4268 sacris

1895 4305 2074 4356 autem
2097 4298 2294 4353 litteris
2314 4306 2700 4369 praeceptorem
2721 4301 2912 4356 habuit
2939 4300 3268 4358 Dorotheum
3295 4319 3471 4360 eunu-

1894 4390 2080 4454 chum,
2125 4387 2513 4447 Antiochensis
2552 4391 2811 4448 Ecclesiae
2841 4395 3218 4467 presbyterum
3259 4415 3272 4450 :
3311 4397 3468 4465 cujus

1894 4482 2058 4538 etiam
2104 4482 2161 4536 in
2214 4482 2354 4538 libro
2401 4500 2478 4538 vu
2525 4484 2888 4542 honoriﬁcam
2939 4489 3272 4544 mentionem
3317 4487 3466 4542 facit.

1896 4574 2221 4648 Quanquam
2259 4576 2527 4634 Eusebius
2555 4593 2622 4633 eo
2659 4579 2782 4634 loco
2810 4587 3024 4634 tantum
3047 4579 3182 4635 dicit
3210 4595 3240 4633 a
3281 4594 3341 4635 se
3365 4595 3467 4633 au-

1893 4668 2068 4724 ditum
2099 4685 2220 4726 esse
2254 4669 2608 4738 Dorotheum,
2637 4672 2765 4728 dum
2799 4689 2988 4730 sacras
3028 4674 3239 4730 litteras
3281 4673 3340 4728 in
3367 4671 3473 4728 Ec-

1895 4763 2062 4820 clesia
2113 4779 2223 4818 non
2271 4763 2616 4821 incommode
2664 4775 2980 4837 exponeret.
3029 4765 3085 4820 Si
3135 4766 3258 4837 quis
3289 4759 3472 4822 tamen

1894 4871 1962 4912 ex
1989 4855 2075 4912 his
2097 4855 2317 4913 Eusebii
2343 4859 2526 4914 verbis
2551 4874 2674 4914 cum
2700 4859 3002 4914 Trithemio
3021 4858 3155 4914 velit
3193 4859 3470 4931 colligere,

1894 4948 2191 5005 Eusebium
2217 4949 2473 5008 Dorothei
2504 4951 2675 5008 fuisse
2704 4952 3056 5023 discipulum,
3081 4952 3331 5022 equidem
3361 4967 3472 5008 non

1895 5060 2224 5116 magnopere
2254 5046 2590 5117 repugnabo.

1969 5137 2046 5190 Ea
2100 5146 2423 5209 tempestate
2477 5147 2697 5194 mortuo
2743 5124 3089 5205 ’I‘h‘eotccno,
3116 5137 3474 5195 Caesariensis

226 5239 336 5279 cum
368 5231 588 5280 constet
629 5223 949 5297 Dionysium
1001 5226 1430 5282 Alexandrinum
1468 5242 1617 5283 anno
1639 5228 1794 5298 prin-
1823 5222 1868 5278 D
1897 5223 2156 5281 Ecclesiae
2198 5226 2573 5298 episcopatum
2619 5227 3036 5283 administrabat
3081 5226 3342 5299 Agapius,
3387 5228 3476 5300 vir

228 5316 429 5386 cipatus
481 5315 717 5371 Gallieni
768 5315 1090 5373 duodecimo
1150 5334 1180 5372 e
1224 5318 1363 5373 vivis
1415 5318 1640 5383 abiisse,
1683 5319 1794 5376 Eu-

229 5409 427 5463 sebium
454 5408 570 5478 jam
602 5418 719 5462 tum
751 5408 807 5463 in
839 5409 1015 5464 lucem
1047 5410 1251 5465 editum
1287 5409 1457 5465 fuisse
1483 5418 1718 5481 oportet,
1743 5413 1793 5467 si

229 5501 434 5567 quidem
457 5501 580 5570 ejus
600 5507 734 5556 a-tas
764 5500 819 5555 in
846 5516 911 5556 ea
940 5511 1181 5572 tempora
1213 5502 1404 5558 incidit
1433 5504 1632 5574 quibus
1658 5505 1793 5559 vixit

230 5589 534 5664 Dionysius.
581 5593 728 5649 Idem
773 5595 940 5649 etiam
978 5596 1160 5666 colligi
1219 5605 1398 5667 potest
1445 5614 1513 5653 ex
1566 5598 1706 5652 libro
1761 5616 1794 5654 v

238 5685 478 5740 Historia:
500 5687 871 5742 ecclesiastica:
897 5688 1000 5744 sub
1044 5688 1226 5754 finem,
1258 5689 1351 5744 ubi
1379 5690 1446 5745 de
1480 5689 1793 5746 Artemonis

238 5773 418 5832 heresi
450 5778 614 5834 verba
674 5779 901 5845 faciens,
945 5779 1172 5835 Paulum
1230 5780 1646 5838 Samosatenum
1693 5799 1792 5838 sua

239 5876 382 5926 atate
413 5885 530 5928 eam
580 5871 832 5930 heresim
867 5888 1160 5932 renovasse
1196 5875 1406 5933 scribit.
1461 5873 1704 5954 Denique
1737 5874 1794 5932 in

1899 5319 2112 5373 eximiae
2140 5321 2468 5385 sanctitatis,
2501 5319 2764 5376 et'ell‘usae
2792 5320 2847 5374 in
2878 5335 3143 5390 pauperes
3178 5320 3476 5375 liberalita-

1898 5412 1990 5467 tis.
2024 5413 2106 5466 Ab
2126 5411 2229 5466 hoc
2254 5412 2520 5468 Eusebius
2544 5413 2598 5467 in
2624 5413 2828 5468 clerum
2856 5414 3083 5476 ascitus,
3107 5413 3473 5467 arctissimam

1897 5501 2022 5555 iniit
2067 5503 2361 5557 amicitiam
2395 5519 2518 5557 cum
2554 5501 2858 5573 Pamphilo,
2899 5504 2991 5575 qui
3023 5513 3140 5557 tum
3187 5503 3327 5558 inter
3355 5501 3474 5557 Ca:-

1900 5595 2162 5652 sariensis
2193 5597 2446 5651 Ecclesia:
2470 5595 2824 5667 presbyteros
2841 5598 3133 5654 eminebat.
3168 5597 3294 5649 Erat
3319 5593 3486 5650 Pamm

1901 5689 2083 5760 philus
2148 5690 2373 5743 natione
2427 5686 2691 5754 Phoenix,
2739 5689 2900 5744 domo
2949 5689 3244 5761 Berytius;
3306 5671 3478 5742 Pierii

1903 5781 2288 5837 Alexandrina:
2340 5779 2596 5836 Ecclesia:
2654 5783 2954 5854 presbyteri
3010 5781 3349 5852 discipulus,
3411 5787 3475 5836 ut

1904 5873 2095 5930 scribit
2133 5871 2380 5931 Photius.
2419 5873 2521 5942 Qui
2557 5889 2680 5931 cum
2708 5874 3011 5933 litterarum
3046 5888 3328 5935 sacrarum
3357 5871 3477 5929 sin-
