3924 6266
466 399 537 456 55
1455 385 1794 446 EUSEBIUS
1832 377 2308 439 (IESARIENSIS
2345 375 2743 432 EPISCOPUS.
3687 367 3758 425 88

471 515 644 586 gulari
686 531 870 571 amore
899 486 1176 586 ﬂagraret,
1212 525 1508 580 omnesque
1544 503 2033 562 ecclesiasticorum
2064 503 2112 561 Α
2139 497 2342 562 sobius,
2377 496 2469 567 qui
2515 503 2596 548 tot
2624 493 2758 549 locis
2789 490 3126 562 Pamphilum
3172 487 3468 548 nominat.
3512 485 3760 556 ejusque

469 615 796 684 ειειιῑριοιιυηι
821 610 990 666 libros
1015 623 1077 662 ac
1102 608 1370 678 praecipue
1391 602 1660 674 Origenis,
1689 614 1901 656 summo
1928 604 2036 652 stu-
2139 588 2376 642 amicitia
2423 595 2703 655 tantopere
2735 584 3016 655 gloriatur,
3051 595 3343 652 nunquam
3380 587 3586 633 tamen
3626 591 3763 648 pro-

468 713 558 764 dio
601 703 970 774 conquireret,
1015 698 1422 756 celeberrimam
1468 695 1712 752 scholam
1751 707 1814 747 ac
1842 691 2036 747 biblio-
2134 683 2398 753 pinquum
2419 690 2513 733 aut
2542 678 2749 734 amnem
2769 691 2928 733 suum
2956 674 3271 730 vocat.lmo
3303 686 3456 727 vero
3477 685 3552 724 ex
3571 669 3761 740 ipsius

467 805 681 856 thecam
727 760 969 852 instituit
1009 794 1286 850 Ctesareaa.
1321 788 1490 859 Cujus
1535 788 1732 843 scholae
1777 786 2037 854 magister
2136 775 2356 831 Eusebii
2403 773 2715 829 testimonio
2760 768 3048 824 manifeste
3097 766 3442 828 conficitur,
3485 760 3760 831 Pamphi-

467 894 676 965 primus
711 889 882 946 fuisse
917 887 1133 944 videtur
1160 884 1448 940 Eusebius.
1491 883 1653 937 Certe
1681 878 1947 933 Eusebius
1981 877 2035 930 in
2136 869 2246 922 lum
2277 875 2568 938 martyrem
2592 863 2808 919 Eusebii
2837 861 3198 932 Ρνορῖηίῖυυιη
3221 874 3342 913 "0“
3372 854 3585 910 Ῑυίεδθ·
3615 851 3757 907 Nam

2139 963 2149 965 _
2234 961 2252 965 __
2467 958 2479 965 .
2837 957 2847 965 .
3020 953 3030 965 .
3095 955 3105 964 .
3181 953 3214 965 -.
3406 948 3464 965 ι.
3515 946 3573 965 ,-
3623 945 3725 965 ιη-

467 945 610 1042 iibro
643 985 722 1041 De
758 981 1079 1053 martyribus
1115 978 1421 1033 Palarstina:
1458 976 1662 1030 diserte
1683 973 1892 1033 scribit,
1926 970 2036 1039 Ap—
2137 963 2193 1017 in
2225 961 2328 1016 line
2360 958 2483 1013 libri
2513 973 2589 1011 vn
2638 955 2896 1009 Historia:
2924 953 3323 1018 ecclesiasticw,
3361 948 3468 1003 ubi
3503 946 3578 1000 de
3610 945 3760 1016 Aga-

469 1079 749 1150 phianum,
784 1076 876 1148 qui
901 1040 1072 1130 iertio
1101 1069 1498 1145 persecutionis
1542 1084 1684 1123 anno
1714 1065 2035 1136 martyrium
2136 1053 2498 1127 pioLEcclesia:
2511 1049 2862 1107 Caesariensis
2881 1049 3138 1118 episcopo
3164 1045 3338 1100 verba
3368 1042 3542 1107 facit,
3573 1040 3654 1093 ita
3683 1040 3760 1095 lo-

459 1171 889 1234 consummavit,
939 1167 995 1223 in
1041 1168 1176 1223 urbe
1203 1165 1447 1222 Caesarea
1479 1161 1652 1219 sacris
1699 1146 1894 1214 litteris
1919 1172 1949 1210 a
1977 1173 2036 1212 se
2135 1150 2321 1219 quitur
2353 1166 2366 1201 :
2399 1145 2576 1215 Hujus
2621 1154 2846 1213 tempore
2889 1139 3224 1209 Pamphilum
3258 1138 3458 1191 virum
3495 1133 3759 1188 disertis-

457 1265 740 1320 erudiium
802 1261 992 1318 fuisse,
1045 1260 1129 1315 Ab
1192 1275 1257 1316 eo
1311 1268 1552 1328 tempore
1608 1252 1877 1308 Eusebius
1910 1266 2034 1305 cum
2135 1240 2349 1306 simum,
2385 1239 2592 1309 uitaque
2618 1248 2667 1291 et
2707 1234 2945 1305 operibus
2982 1249 3095 1287 vere
3133 1222 3627 1301 philosophantem
3664 1241 3756 1278 co-

459 1357 748 1428 Pamphilo
784 1370 1000 1426 semper
1037 1350 1484 1422 conjunctissime
1513 1347 1669 1411 vixit,
1697 1346 1922 1416 ejusque
1954 1342 2035 1395 in-
2135 1333 2439 1403 gnovimus;
2472 1332 2523 1384 in
2551 1328 2731 1384 cadent
2758 1327 2996 1382 Ecclesia
3021 1324 3318 1396 presbyteri
3346 1323 3567 1375 honore
3597 1319 3758 1373 decoo

455 1418 724 1501 dividuus
758 1418 944 1500 comes
971 1443 1040 1498 ad
1062 1418 1292 1497 mortem
1322 1455 1496 1509 usque
1525 1437 1825 1508 permansit
1856 1453 1870 1489 :
1901 1433 2036 1488 adeo
2137 1433 2333 1478 ratum.
2361 1421 2498 1478 Cum
2529 1422 2693 1492 igitur
2723 1419 2993 1475 Eusebius
3022 1418 3138 1488 ipse
3161 1422 3436 1477 testetur,
3469 1428 3503 1466 a
3533 1427 3597 1467 se
3619 1420 3758 1467 tunc

467 1537 571 1605 ipsi
601 1535 822 1599 charus,
861 1543 920 1588 ut
949 1534 1017 1588 ab
1041 1532 1159 1602 ejus
1192 1507 1438 1584 amicitia
1467 1507 1886 1598 cognomentum
1918 1539 2038 1578 sor—
2139 1519 2372 1588 primum
2409 1517 2683 1586 cognitum
2718 1530 2838 1570 esse
2886 1511 3251 1582 Pamphilum,
3313 1507 3468 1564 satis
3515 1509 3758 1576 apparet

468 1603 600 1682 titus
650 1629 722 1683 sit
771 1625 1057 1694 Pamphili.
1098 1622 1210 1678 Nec
1258 1637 1389 1678 vero
1427 1622 1604 1677 solum
1662 1619 2033 1688 superstitem,
2137 1611 2286 1666 nulla
2317 1608 2724 1665 necessitudine
2753 1614 2848 1662 aut
2885 1605 3143 1660 allinitate
3170 1618 3266 1659 eos
3301 1603 3464 1657 inter
3512 1615 3579 1655 se
3617 1613 3754 1654 con—

467 1718 565 1773 sed
603 1718 766 1773 etiam
802 1725 1074 1771 mortuum
1118 1713 1382 1785 singulari
1413 1726 1596 1766 amore
1636 1709 1827 1765 dilexit
1869 1707 2038 1762 Euse-
2135 1705 2354 1774 junctos
2387 1703 2576 1758 fuisse.

467 1813 589 1867 hius
621 1831 634 1867 :
671 1813 747 1866 ita
777 1819 836 1864 ut
865 1818 990 1880 post
1023 1819 1254 1864 mortem
1291 1805 1576 1878 Pamphili,
1610 1802 1920 1874 semperde
1945 1801 2036 1855 illo
2069 1850 2110 1880 η
2212 1796 2316 1852 Per
2354 1797 2470 1851 haac
2513 1803 2757 1866 tempora
2784 1790 3015 1862 contigit
3047 1787 3387 1861 gravissima
3419 1785 3523 1840 illa
3555 1796 3750 1854 perse-

467 1904 1018 1960 honoriﬁcentissime
1060 1901 1224 1957 simul
1281 1907 1334 1955 et
1373 1877 1745 1953 amantissime
1789 1897 2034 1963 loquere-
2071 1877 2111 1904 D
2142 1890 2288 1945 cutio
2337 1888 2808 1951 Christianorum,
2854 1899 2974 1955 qum
3006 1898 3036 1936 a
3081 1880 3440 1937 Diocletiano
3495 1877 3745 1948 primum

467 2000 577 2048 tur.
605 1991 900 2058 Testantur
933 1992 1038 2047 hoc
1068 2000 1182 2046 tres
1207 1991 1332 2046 libri
1352 1988 1428 2043 De
1468 1989 1589 2043 Vita
1616 1986 1882 2056 Pamphili
1901 2002 2040 2039 mar-
2141 1994 2347 2054 empta,
2376 1999 2406 2037 a
2433 1980 2784 2052 sequentibus
2805 1979 3063 2048 deinceps
3094 1972 3549 2044 imperatoribus
3567 1970 3638 2025 ad
3656 1969 3755 2025 de-

469 2085 604 2157 tqris
639 2087 708 2142 ab
753 2101 820 2142 eo
846 2085 1164 2155 conscripti,
1213 2098 1352 2154 quos
1399 2081 1834 2153 elegantissimos
1881 2085 2039 2132 vocat
2139 2076 2338 2132 cimum
2359 2090 2531 2145 usque
2549 2088 2748 2128 annum
2768 2079 3058 2142 prorogata
3073 2065 3472 2139 est(a).Hujus
3489 2077 3750 2135 persecu-

467 2156 852 2250 Hieronymus.
885 2176 1030 2234 Idem
1060 2179 1224 2233 etiam
1251 2175 1525 2247 colligitur
1543 2189 1606 2230 ex
1631 2173 1878 2244 pluribus
1902 2172 2039 2226 locis
2140 2169 2565 2238 tionistempore
2586 2166 2854 2220 Eusebius
2870 2170 3056 2233 utpote
3071 2158 3450 2216 Caesariensis
3479 2156 3752 2210 Ecclesia!

467 2269 560 2341 qui
610 2246 690 2324 in-
723 2268 972 2324 Historia
1017 2246 1678 2336 ecclesiasticarleguntur,
1723 2269 1778 2317 et
1812 2261 1865 2315 in
1899 2259 2040 2314 libro
2142 2273 2271 2319 tunc
2293 2263 2592 2334 presbyter,
2618 2261 2672 2313 in
2700 2273 2764 2313 ea
2795 2257 2932 2311 urbe
2957 2262 3220 2326 perpetuo
3244 2251 3370 2307 fere
3406 2246 3747 2321 permansit,

467 2366 546 2417 De
584 2362 905 2432 martyribus
965 2359 1292 2415 Palwslinw.
1330 2356 1573 2426 Denique
1602 2356 1656 2408 in
1702 2353 1841 2408 libro
1870 2367 1908 2406 ιι
1943 2353 2037 2406 ad-
2145 2367 2199 2413 et
2230 2355 2508 2412 continuis
2547 2351 2948 2408 hortationibus
2974 2349 3176 2403 multos
3199 2345 3266 2400 ad
3297 2343 3646 2414 martyrium
3665 2341 3745 2394 in-

465 2471 645 2511 uersus
676 2452 993 2518 Sabellium,
1027 2453 1123 2524 qui
1165 2457 1291 2522 post
1325 2447 1603 2503 Nicmnum
1643 2445 1936 2515 concilium
1970 2444 2014 2497 al

2200 2452 2360 2506 ruxit.
2409 2450 2551 2503 lnter
2595 2461 2732 2517 quos
2787 2445 2890 2499 fuit
2936 2442 3298 2514 Apphianus,
3351 2436 3572 2494 nobilis
3618 2435 3749 2490 ado-

467 2546 706 2604 Eusebio
762 2546 1110 2618 conscriptus
1171 2551 1285 2609 est,
1339 2541 1681 2613 Pamphilum
1741 2547 2035 2610 martyrem
2140 2544 2382 2606 lescens,
2433 2541 2592 2610 cujus
2643 2540 2854 2593 illustre
2905 2543 3182 2592 certamen
3223 2532 3410 2587 refert
3467 2527 3746 2584 Eusebius

468 2640 783 2711 frequenter
812 2640 1090 2710 praedicat,
1126 2650 1438 2708 quanquam
1459 2648 1756 2704 suppresso
1780 2631 1902 2700 ejus
1933 2646 2038 2686 no-
2140 2643 2324 2690 noster
2372 2635 2427 2689 in
2459 2634 2598 2687 libro
2643 2630 2722 2684 De
2775 2627 3101 2698 martyribus
3143 2623 3496 2680 Palaestinae.
3541 2618 3744 2674 Eadem

468 2729 636 2787 mine.
683 2728 818 2784 Nam
846 2737 901 2785 et
939 2729 994 2783 in
1030 2729 1149 2800 ipso
1191 2727 1456 2782 orationis
1484 2724 1708 2781 exordio
1749 2724 1824 2777 ita
1861 2722 1993 2777 dicit
2022 2740 2036 2775 ε
2139 2726 2520 2798 persecutione
2546 2735 2738 2795 captus
2769 2721 3085 2792 Pamphilus
3113 2727 3166 2774 et
3196 2717 3252 2772 in
3290 2728 3591 2772 carcerem
3623 2724 3746 2764 con-

469 2821 611 2876 Puto
639 2820 810 2874 adhuc
838 2837 990 2875 aures
1020 2819 1246 2890 obstrepi
1277 2835 1420 2874 meas
1451 2834 1484 2871 a
1517 2817 1772 2871 memoria
1804 2815 1941 2869 beati
1976 2816 2040 2867 il-
2137 2821 2346 2892 jectus,
2391 2821 2661 2891 integrum
2700 2817 2979 2874 biennium
3021 2815 3077 2870 in
3103 2812 3345 2869 vinculis
3387 2807 3602 2878 exegit.
3627 2802 3746 2870 Quo

471 2913 576 2968 lius
613 2913 733 2978 viri,
777 2914 867 2985 qui
897 2912 995 2966 illa
1031 2913 1278 2982 religiosa
1311 2912 1606 2982 frequenter
1635 2924 1761 2962 usus
1793 2915 1872 2962 est
1901 2922 2036 2960 voce.
2141 2914 2360 2984 quidem
2419 2920 2664 2982 tempore
2721 2908 2989 2965 Eusebius
3043 2904 3281 2960 amicum
3332 2908 3392 2956 ει
3442 2896 3741 2954 contuber-

471 3005 616 3060 Nam
648 3015 698 3061 et
727 3023 880 3061 aures
919 3015 1101 3060 uestra:
1143 3005 1315 3058 adhuc
1356 3020 1543 3059 sonum
1575 3002 1721 3056 illius
1749 3003 1883 3054 vocis
1917 3000 2041 3054 reti-
2143 3007 2321 3061 uatem
2366 3020 2524 3060 suum
2571 3015 2916 3073 nequaquam
2961 2995 3204 3053 deseruit,
3248 3013 3263 3048 ε
3311 2991 3416 3049 sed
3455 2990 3612 3044 illum
3661 2985 3743 3038 ina

468 3112 608 3156 nent.
641 3100 780 3155 Puto
807 3102 946 3154 enim
988 3117 1068 3154 me
1094 3101 1278 3154 audire
1309 3116 1425 3154 eum
1454 3098 1744 3152 dicentem:
1796 3114 1814 3146 ι
1854 3093 2042 3165 Unige-
2143 3102 2328 3155 visens
2357 3097 2606 3161 assidue,
2640 3096 2881 3167 quinque
2911 3092 3080 3146 libros
3110 3085 3460 3156 Defensionis
3498 3079 3740 3150 Origenis

468 3196 610 3250 nitus
629 3195 722 3248 Dei
749 3192 948 3250 Filius.
970 3214 988 3247 ι
1008 3193 1138 3248 Ilwc
1165 3195 1304 3249 enim
1336 3193 1579 3263 religiosa
1612 3207 1710 3247 vox
1737 3205 1828 3258 per
1847 3203 1904 3243 os
1931 3189 2044 3258 ejus
2073 3198 2115 3254 ο
2149 3189 2205 3245 in
2257 3203 2477 3244 carcere
2523 3201 2632 3242 una
2680 3202 2803 3241 cum
2835 3185 2930 3238 illo
2957 3180 3296 3246 elaboravit;
3345 3183 3572 3233 sextum
3616 3184 3741 3225 vero

469 3303 668 3356 semper
696 3287 1055 3358 premebatur.
1090 3287 1348 3341 Memoria
1377 3287 1513 3340 enim
1535 3293 1648 3339 erat
1686 3281 1949 3351 Unigeniti
1979 3279 2046 3332 ad
2147 3289 2200 3336 et
2229 3281 2478 3335 ultimum
2520 3279 2765 3348 ejusdem
2801 3276 2984 3346 Operis
3018 3274 3219 3329 librum
3254 3276 3487 3325 mortuo
3521 3266 3738 3321 demum

469 3355 826 3451 gloriam-non
867 3382 982 3435 nati
1009 3379 1214 3438 Patris.
1256 3378 1567 3435 Audiuimus
1614 3390 1788 3431 autem
1819 3374 2046 3442 Aposto-
2148 3374 2383 3429 absolvit
2409 3372 2714 3444 Pamphilo.
2747 3370 2943 3425 Totum
2977 3381 3108 3422 vero
3139 3363 3269 3419 illud
3310 3378 3494 3434 opus,
3526 3355 3740 3412 confes-

471 3471 579 3526 lum
625 3473 1012 3543 prwcipientem
1067 3471 1318 3527 honorari
1367 3472 1566 3540 duplici
1623 3471 1816 3524 honore
1866 3468 2048 3522 debere
2149 3468 2366 3523 soribus
2406 3466 2461 3519 in
2491 3465 2724 3519 metallis
2762 3461 3065 3517 Palaestina:
3094 3456 3432 3528 degentibus
3472 3452 3546 3508 ab
3574 3449 3739 3503 Euse-

471 3564 826 3636 presbyteros,
867 3583 955 3621 eos
1005 3567 1235 3621 maxime
1288 3566 1378 3637 qui
1410 3564 1654 3618 laborant
1705 3563 1758 3617 in
1814 3561 1964 3616 uerbo
1997 3569 2044 3614 et
2149 3559 2239 3614 bio
2266 3567 2320 3614 et
2357 3557 2644 3627 Pamphilo
2687 3560 3060 3624 nuncupatum
3106 3557 3218 3613 est,
3263 3542 3737 3619 quemadmodum

472 3628 738 3712 doctrina.
793 3628 860 3712 Et
910 3673 1032 3730 pag.
1085 3658 1155 3712 29
1209 3628 1405 3713 iterum
1441 3656 1508 3712 de
1553 3672 1618 3712 eo
1667 3656 1740 3709 ita
1766 3657 2044 3724 loquitur:
2149 3650 2338 3706 scribit
2363 3647 2593 3702 Photius
2630 3646 2686 3700 in
2717 3642 3070 3704 Bibliotheca,
3114 3637 3298 3708 capite
3327 3636 3458 3690 118.
3479 3628 3736 3701 Ejusdem

473 3747 605 3803 Haec
660 3765 763 3803 non
796 3765 888 3803 nos
937 3749 1214 3813 extollunt,
1272 3748 1524 3802 memoria
1554 3745 1691 3800 beati
1737 3745 1883 3798 illius
1928 3744 2046 3797 uiri.
2148 3741 2544 3815 persecutionis
2559 3747 2830 3807 tempore,
2859 3735 2929 3789 ob
2947 3732 3235 3802 quasdam,
3259 3738 3324 3784 ut
3344 3726 3615 3784 credibile
3635 3729 3735 3783 est,

480 3840 697 3897 Utinam
731 3853 904 3898 autem
927 3845 1003 3897 ita
1024 3843 1222 3912 possim
1251 3842 1443 3906 dicere,
1474 3852 1531 3895 ut
1553 3840 1822 3896 uobiscum
1852 3853 2051 3906 semper
2149 3813 2407 3890 Ecclesia:
2435 3831 2814 3891 necessitates,
2847 3827 2900 3881 in
2927 3825 3132 3897 Tyrum
3165 3820 3454 3894 profectus
3483 3828 3586 3874 est.
3621 3813 3736 3880 Qua

476 3935 540 3989 ab
559 3937 737 3990 eodem
762 3937 1060 3992 audiebam.
1097 3935 1200 3991 Sed
1217 3953 1278 3990 ea
1315 3952 1432 4006 qua:
1494 3951 1632 3988 nunc
1658 3933 1924 3996 dicuntur,
1967 3932 2048 3984 illi
2149 3927 2206 3980 in
2239 3927 2370 3980 urbe
2395 3924 2526 3986 dum
2552 3922 2808 3991 degeret,
2839 3918 3080 3989 quinque
3105 3913 3504 3986 IEgyptiorum
3535 3915 3736 3976 marty-

474 4029 672 4100 placita
714 4031 884 4097 fuisse
939 4030 1199 4085 videntur.
1233 4029 1418 4084 Gloria
1462 4029 1602 4083 enim
1640 4037 1717 4083 est
1767 4030 2050 4096 proborum
2149 4033 2270 4074 rum
2301 4016 2536 4086 gloriosa
2567 4013 2866 4069 certamina
2895 4009 2994 4064 abs
3033 4024 3090 4063 se
3117 4006 3234 4061 visa
3263 4021 3394 4061 esse
3421 4009 3657 4058 testatur
3679 3998 3734 4050 in

472 4139 759 4192 servorum,
815 4141 935 4178 uera
980 4124 1044 4178 de
1097 4125 1319 4178 Domino
1365 4123 1567 4184 dicere;
1599 4130 1648 4175 et
1677 4121 1842 4175 honor
1872 4134 2053 4174 eorum
2151 4111 2290 4166 libro
2315 4123 2442 4171 VIII,
2478 4121 2600 4177 cap.
2637 4104 2688 4158 7.
2723 4103 2827 4158 Sed
2867 4110 2920 4156 et
2950 4101 3004 4154 in
3039 4098 3281 4169 ejusdem
3307 4096 3440 4151 libri
3461 4108 3585 4163 cap.
3604 4090 3656 4158 9,
3680 4101 3737 4142 se

474 4213 701 4270 Patrum
729 4218 819 4286 qui
845 4216 968 4269 bene
1004 4216 1316 4281 docuerunt,
1344 4217 1393 4270 si
1417 4224 1720 4283 repetantur
1747 4228 1929 4265 eorum
1956 4211 2052 4264 do-
2152 4202 2206 4256 in
2230 4200 2521 4272 Egyptum
2543 4214 2608 4252 ac
2625 4195 2956 4251 Thebaidem
2979 4193 3194 4247 venisse
3211 4191 3433 4253 scribit,
3451 4188 3735 4258 grassante

475 4309 679 4363 ctrinte.
716 4279 782 4362 Et
808 4324 1000 4364 rursus
1028 4309 1083 4362 i'n
1112 4279 1310 4363 eodem
1328 4279 1486 4371 libro,
1513 4322 1634 4378 pag.
1654 4304 1762 4360 57:
1799 4303 1930 4358 Haec
1955 4319 2053 4356 au-
2152 4296 2333 4350 adhuc
2369 4288 2769 4363 persecutionis
2814 4288 3038 4351 furore;
3075 4290 3237 4353 atque
3270 4282 3387 4335 illic
3435 4279 3733 4334 multorum

475 4400 747 4455 diebamus
777 4417 978 4468 semper
1005 4418 1036 4453 a
1059 4400 1208 4455 beato
1236 4400 1330 4454 illo
1363 4401 1493 4454 uiro.
1527 4397 1676 4467 δαέρα
1707 4397 1842 4452 enim
1863 4397 1940 4450 ita
1969 4394 2054 4448 di-
2154 4388 2440 4458 utriusque
2458 4399 2624 4441 sexus
2646 4390 2942 4451 martyrum
2969 4375 3344 4431 admirabilem
3363 4367 3732 4428 constantiam

477 4490 727 4545 rebantur
759 4489 822 4543 ab
855 4506 936 4553 eo,
989 4499 1048 4544 ut
1080 4490 1295 4560 quidam
1321 4490 1719 4559 suspicarentur
1737 4504 1825 4542 ore
1845 4484 2052 4556 quidem
2156 4481 2330 4536 oculis
2360 4479 2476 4534 suis
2504 4474 2880 4544 conspexisse.
2931 4468 3070 4524 Sunt
3110 4469 3203 4538 qui
3251 4466 3536 4526 scribant,
3568 4459 3735 4512 Euse-

475 4601 593 4638 eum
620 4584 728 4637 ista
753 4582 1009 4651 proferre,
1043 4582 1198 4636 corde
1231 4591 1406 4636 autem
1435 4581 1592 4634 aliter
1619 4575 1823 4633 habere.
1848 4577 1918 4631 Et
1937 4579 2054 4648 qui.
2085 4560 2128 4614 D
2160 4574 2308 4630 bium
2351 4572 2406 4624 in
2439 4585 2502 4626 ea
2535 4567 2912 4638 persecutione
2939 4570 3001 4617 ut
3029 4559 3263 4616 carceris
3297 4555 3570 4611 molestiis
3603 4549 3730 4602 libe-

473 4680 592 4732 dem
616 4694 814 4732 memor
838 4676 980 4731 vobis
1006 4694 1144 4743 sum,
1172 4675 1436 4729 audivisse
1461 4690 1542 4728 me
1566 4671 1632 4726 ab
1659 4689 1718 4728 eo
1746 4680 1930 4727 sancto
1959 4688 2055 4724 no-
2159 4677 2372 4724 rarctur
2390 4703 2405 4730 ,
2437 4663 2600 4718 idolis
2643 4658 3011 4722 sacriﬁcasse;
3041 4654 3203 4723 idque
3231 4652 3306 4705 illi
3339 4650 3620 4720 objectum
3651 4645 3732 4695 est

477 4771 556 4824 bis
585 4768 891 4839 juramento
928 4768 1267 4835 satisfecisse,
1294 4769 1420 4838 quia
1456 4784 1560 4820 non
1591 4764 1739 4819 aliud
1769 4766 1824 4818 in
1853 4764 2051 4833 lingua,
2157 4759 2228 4814 ab
2261 4755 2535 4827 episcopis
2575 4761 2630 4808 et
2668 4748 3079 4806 confessoribus
3109 4743 3383 4814 Egyptiis
3423 4741 3480 4794 in
3525 4729 3729 4806 synodo

476 4871 528 4917 et
556 4861 702 4916 aliud
730 4871 864 4919 esset
897 4863 952 4916 in
981 4862 1136 4916 corde
1155 4825 1381 4928 eius.'Et
1403 4860 1563 4929 paulo
1586 4866 1711 4929 post
1745 4878 1757 4912 :
1785 4856 1888 4912 Sed
1918 4825 2055 4911 nunc
2157 4825 2351 4924 Tyria,
2380 4825 2610 4903 utiinfra
2654 4839 3221 4898 commemorabimus.
3261 4834 3368 4889 Sed
3403 4847 3515 4886 non
3547 4825 3730 4882 dubito

477 4953 684 5024 quidem
713 4957 899 5025 paucis
932 4955 992 5007 ob
1024 4953 1330 5008 memoriam
1352 4962 1400 5005 et
1431 4921 1679 5006 honorem
1706 4947 1885 5002 Patris
1908 4947 2053 5001 illius
2157 4921 2289 5015 quin
2313 4944 2362 4997 id
2392 4942 2585 4995 falsum
2617 4938 2688 4993 sit
2716 4945 2771 4991 et
2801 4935 2869 4989 ab
2911 4930 3146 4987 inimicis
3167 4926 3388 4983 Eusebii
3413 4921 3724 5025 conﬁcturn.

480 5049 669 5110 nostri,
705 5050 780 5102 ita
815 5049 960 5112 boni,
1010 5048 1086 5102 ita
1121 5047 1397 5109 laboriosi,
1428 5054 1476 5100 et
1505 5060 1600 5112 pro
1631 5042 1885 5097 Ecclesiis
1937 5043 2056 5094 ubi-
2158 5036 2291 5089 Nam
2323 5034 2368 5088 si
2398 5039 2612 5086 tantum
2643 5029 2853 5082 crimen
2883 5036 3070 5079 revera
3101 5019 3402 5074 admissum
3431 5015 3623 5069 fuisset
3663 5005 3726 5059 ab

479 5154 576 5207 que
617 5139 881 5207 vigilantis
919 5139 1064 5193 dicta
1093 5139 1198 5193 sint
1250 5135 1418 5191 nobis.
1461 5134 1642 5206 Neque
1672 5134 1809 5188 enim
1848 5132 2054 5203 generis
2161 5129 2429 5190 Eusebio,
2466 5121 2739 5194 quomodo
2766 5114 3121 5174 Caesariensis
3145 5110 3402 5166 Ecclesiae
3425 5112 3612 5178 postea
3646 5099 3724 5207 fa:

479 5228 593 5297 ejus
621 5231 929 5284 memoriam
965 5232 1206 5300 fecimus,
1244 5245 1404 5298 neque
1427 5227 1778 5291 educationis,
1813 5234 1903 5279 aut
1930 5241 2053 5278 eru-
2160 5233 2279 5279 ctus
2309 5222 2501 5276 fuisset
2525 5213 2846 5287 episcopus?
2866 5207 3148 5278 Quomodo
3175 5207 3244 5261 ab
3273 5196 3630 5258 Antiochenis
3661 5189 3721 5300 ad

480 5321 718 5383 ditionis,
754 5332 843 5374 aut
870 5322 1087 5379 alterius
1120 5324 1240 5379 vita:
1264 5331 1313 5377 et
1343 5321 1617 5390 propositi.
1654 5319 1802 5386 Quos
1837 5317 2054 5388 quidem
2160 5313 2568 5384 suscipiendum
2623 5309 2771 5362 illius
2819 5305 2971 5359 urbis
3029 5298 3396 5356 sacerdotium
3437 5280 3725 5347 evocatus?

485 5411 704 5468 Eusebii
726 5411 874 5467 locos
905 5428 973 5466 ne
1018 5431 1178 5483 quem
1212 5429 1310 5469 sua
1343 5387 1510 5466 laude
1541 5387 1879 5474 defraudem,
1913 5409 2056 5463 indi-
2160 5410 2226 5464 Et
2265 5417 2447 5462 tamen
2495 5402 2790 5460 cardinalis
2829 5396 3096 5452 Baronius
3131 5392 3263 5448 illud
3309 5387 3466 5460 quasi
3521 5387 3723 5438 certum

481 5505 629 5560 cavit
663 5504 794 5559 mihi
825 5505 907 5560 vir
929 5471 1281 5562 dociissimus
1309 5505 1641 5561 Franciscus
1665 5471 1913 5573 Ogerius.
1941 5502 2057 5556 (Ζω-
2161 5509 2452 5570 ratumque
2495 5494 2759 5565 arripuit,
2805 5490 2950 5562 quod
2993 5487 3229 5542 Eusebio
3262 5497 3359 5556 per
3394 5476 3630 5548 iurgium
3671 5471 3723 5520 ει

483 5606 659 5652 terum
691 5613 760 5652 ex
807 5596 894 5652 his
942 5614 1062 5668 quae
1112 5599 1220 5654 disi
1258 5599 1393 5655 satis
1422 5599 1718 5669 colligitur,
1759 5595 2058 5650 Eusebium
2161 5566 2568 5648 altercationem
2595 5587 2866 5656 objectum
2899 5589 2982 5638 cst
3012 5582 3080 5636 ab
3102 5579 3222 5650 ejus
3248 5566 3604 5632 adversariis,
3632 5571 3730 5614 nec

483 5691 636 5745 nullo
667 5690 1090 5762 propinquitatis
1117 5693 1260 5761 jure,
1295 5692 1391 5748 sed
1413 5700 1627 5747 tantum
1659 5690 1913 5744 amicitia:
1935 5690 2056 5742 vin-
2161 5688 2326 5741 ullius
2360 5681 2674 5738 testimonio
2702 5677 3101 5732 conﬁrmatum.

484 5787 608 5843 culo
639 5801 762 5839 cum
799 5781 1082 5856 Pamphilo
1127 5785 1481 5854 conjunctum
1531 5784 1716 5840 fuisse.
1760 5783 1919 5838 Certe
1949 5781 2058 5836 Eu-
2232 5780 2335 5835 Per
2383 5780 2522 5834 idem
2567 5784 2780 5845 tempus
2833 5770 3066 5841 scriptus
3099 5773 3182 5824 est
3220 5764 3286 5820 ab
3319 5755 3554 5816 Eusebio
3590 5744 3722 5800 libb?

556 5901 631 5962 ia)
655 5897 918 5956 Eusebius
946 5899 997 5954 in
1026 5897 1263 5970 Epistula
1283 5897 1346 5950 arl
1377 5897 1738 5952 Cmsarienses
1762 5897 1824 5952 tle
1851 5897 2057 5970 synodo
2095 5898 2329 5954 Nicaeus.
