3924 6266
302 360 347 418 51

1778 365 2076 424 NOTlTIA.

3435 346 3589 429 iss"

302 482 510 538 adversus
544 474 868 533 Hieroclem.
891 476 1127 534 Causam
1159 476 1428 534 scribendi
1461 478 1690 549 praebuit
1717 478 1842 535 Hie—
1869 485 1915 543 Α
1941 480 2112 537 drinaa
2152 479 2305 536 urbis
2334 478 2637 554 presbyter,
2664 494 2788 537 cum
2815 495 2952 536 nova
2983 483 3226 553 quaedam
3255 493 3308 540 et
3339 485 3504 558 impia

303 573 448 630 rocles
470 568 930 637 Nicomediensis,
960 573 1054 642 qui
1091 572 1193 628 sub
1234 571 1445 626 initium
1484 572 1605 642 ejus
1647 589 1832 642 perse-

1937 571 2003 626 de
2021 570 2113 627 Dei
2135 569 2274 625 Filio
2295 570 2544 642 dogmata
2570 573 2785 644 publice
2813 572 2867 626 in
2897 573 3138 632 Ecclesia
3164 578 3502 647 praedicaret,

298 663 509 722 cutionis
536 676 657 716 cum
687 660 1129 718 Christianorum
1147 662 1346 732 ubique
1361 663 1560 732 templa
1589 663 1838 719 destrue-
1937 670 1991 716 et
2023 662 2092 717 ab
2135 661 2444 717 Alexandro
2496 665 2754 735 episcopo
2801 665 3112 736 frequenter
3157 669 3501 736 admonitus,

297 766 485 819 rentur,
532 761 740 810 vexata:
817 755 1067 825 religioni
1123 755 1282 824 quasi
1344 755 1649 820 insultans,
1698 755 1835 811 duos

293 847 534 902 adversus
576 844 738 901 fidem
788 844 991 902 Christi
1029 847 1087 901 in
1129 847 1264 901 urbe
1315 845 1625 902 Nicomedia
1670 848 1837 902 edidit

289 940 465 1002 libros,
512 953 649 1009 quos
679 939 1038 1006 Φιλαλήθεις
1086 939 1456 1009 inscripserat.
1510 938 1569 993 lu
1637 939 1834 1007 quibus

290 1033 421 1088 inter
445 1038 635 1085 extera
684 1031 740 1085 id
783 1033 1096 1096 asserebat,
1142 1030 1488 1100 Apollonium
1539 1029 1833 1101 Tyanmum

289 1126 441 1179 muho
467 1125 622 1194 plura
647 1131 704 1178 et
731 1124 939 1194 majora
986 1122 1182 1178 fecisse
1221 1137 1384 1190 quam
1434 1121 1742 1184 Christum,
1775 1127 1834 1176 ut

287 1222 499 1270 testatur
523 1214 839 1269 Lactantius
867 1216 919 1268 in
945 1213 1085 1268 libro
1104 1229 1202 1267 vn.
1228 1213 1332 1267 Sed
1362 1212 1632 1267 Eusebius
1661 1212 1836 1266 homi-

281 1320 396 1360 nem
439 1306 776 1376 deSpieiens,
811 1313 1102 1361 contentus
1139 1305 1241 1360 fuit
1287 1319 1412 1360 eum
1463 1304 1610 1360 brevi
1652 1305 1833 1359 libello

281 1395 569 1450 confutare.

343 1485 480 1540 inter
496 1486 614 1541 haec
631 1495 847 1543 mortuo
868 1485 1094 1558 Agapio,
1115 1484 1530 1542 Catsariensium
1554 1485 1830 1556 episc0po,

276 1589 392 1628 cum
437 1577 752 1646 persecutio
795 1577 908 1646 jam
955 1575 1140 1632 sedata
1192 1583 1246 1632 et
1275 1591 1380 1646 pax
1432 1575 1644 1632 reddita
1688 1583 1834 1633 εδει-ι

271 1662 522 1721 Ecclesiae
545 1707 561 1732 ,
606 1667 874 1724 Eusebius
903 1667 1176 1723 communi
1209 1669 1450 1723 omnium
1479 1683 1750 1725 consensu
1778 1670 1830 1723 in

268 1756 382 1825 ejus
425 1758 610 1811 locum
651 1759 1020 1814 substituitur.
1070 1757 1176 1812 Alii
1229 1773 1601 1815 successorem
1637 1759 1832 1830 Agapii

265 1853 467 1916 ponunt
496 1848 804 1916 Agricolam
825 1887 840 1911 ,
867 1848 958 1917 qui
991 1847 1292 1920 Ancyram!)
1339 1849 1546 1919 synodo
1588 1849 1832 1905 interfuit

262 1951 325 1990 ac
361 1937 728 2007 subscripsit,
773 1953 916 1992 anno
961 1937 1165 1993 Christi
1195 1940 1321 1995 5M.
1359 1940 1438 1994 lta
1480 1939 1746 1996 Baronius
1775 1941 1829 1994 in

258 2029 551 2084 Annalibus
571 2071 586 2094 ,
619 2030 686 2085 ad
726 2045 929 2084 annum
951 2029 1155 2086 Christi
1188 2032 1292 2088 514
1311 2071 1327 2098 ,
1356 2040 1410 2088 et
1435 2031 1745 2088 Blondellus
1775 2033 1830 2089 in

259 2122 511 2192 Apologia
539 2139 637 2192 pro
665 2124 922 2177 sententia
953 2121 1020 2178 Β.
1053 2121 1402 2194 Hieronymi,
1447 2138 1568 2194 cap.
1604 2123 1691 2179 l9.
1725 2121 1829 2178 Ubi

259 2208 549 2268 Eusebium
606 2228 752 2267 anno
797 2212 1000 2268 Christi
1045 2214 1265 2270 circiter
1307 2215 1446 2282 515,
1480 2215 1828 2272 administra-

256 2304 453 2358 tionem
489 2303 844 2361 Caesariensis
881 2304 1137 2361 Ecclesiae
1165 2316 1290 2376 post
1311 2313 1540 2363 mortem
1565 2308 1828 2378 Agricolae

253 2396 567 2466 suscepisse
592 2396 804 2452 scribit.
839 2395 1038 2456 Verum
1051 2398 1593 2470 subscriptionesilla:
1614 2398 1828 2468 episco-

253 2503 443 2558 porum
487 2505 613 2560 quae
642 2490 697 2544 in
725 2488 934 2546 Latinis
958 2490 1240 2546 Canonum
1274 2491 1691 2546 collectionibus
1730 2491 1826 2544 ha-

251 2580 486 2649 bentur,
549 2598 744 2654 parum
802 2592 965 2640 certae
1019 2586 1150 2640 mihi
1202 2585 1454 2640 videntur
1511 2598 1576 2638 ac
1634 2583 1819 2637 firmae.

255 2672 386 2728 Nam
424 2691 608 2746 neque
634 2677 689 2730 in
718 2674 924 2732 Gracia
952 2677 1256 2742 codicibus,
1282 2692 1383 2732 nec
1407 2676 1464 2730 in
1493 2674 1684 2729 Latina
1704 2690 1826 2728 ver-

253 2767 408 2822 sione
451 2766 695 2840 Dionysii
719 2767 913 2839 Exigui
939 2769 1210 2839 leguntur.
1235 2767 1440 2824 Deinde
1466 2766 1734 2822 Eusebius
1768 2765 1823 2819 in

249 2859 389 2913 libro
411 2873 491 2914 vn
523 2857 781 2914 Historia:
810 2860 1177 2916 ecclesiastica:
1202 2873 1496 2916 recensens
1523 2857 1824 2928 praecipua-

247 2964 366 3004 rum
387 2950 609 3006 sedium
654 2952 974 3024 episcOpos,
1030 2953 1135 3009 sub
1172 2953 1372 3024 quibus
1409 2959 1526 3007 orta
1564 2958 1619 3007 et
1661 2965 1816 3022 gras-

245 3054 363 3101 sata
401 3056 491 3103 est
512 3048 853 3117 persecutio,
884 3047 938 3102 in
981 3046 1188 3116 Agapio
1227 3045 1645 3101 Caesariensium
1692 3042 1810 3113 epi-

1865 1823 1906 1877 B

242 3154 413 3210 scapo
474 3139 706 3204 desinit,
768 3152 928 3208 quem
969 3138 1042 3192 ait
1085 3139 1140 3192 in
1179 3152 1243 3192 ea
1281 3135 1662 3206 persecutione
1715 3149 1813 3204 pro
1851 3166 1895 3223 ο

245 3230 510 3286 Ecclesiae
561 3245 675 3285 suae
705 3227 1007 3284 commodis
1055 3227 1350 3298 plurimum
1397 3225 1694 3280 laborasse.
1726 3223 1827 3280 llic
1927 3243 2175 3297 scopum,
2211 3227 2266 3281 in
2298 3241 2402 3297 qua
2448 3228 2699 3299 queritur
2729 3228 3033 3284 Alexander
3067 3229 3133 3285 de
3161 3229 3338 3285 tribus
3379 3231 3484 3301 epi-

239 3336 374 3392 ergo
398 3321 470 3376 ad
504 3319 671 3375 finem
702 3334 875 3388 usque
907 3315 1305 3388 persecutionis
1337 3313 1698 3385 permanserit
1731 3329 1826 3368 ne—

239 3429 396 3469 cesse
429 3419 541 3468 est.
572 3410 738 3481 Atqui
769 3409 1037 3466 Eusebius
1071 3408 1255 3464 statim
1290 3412 1413 3476 post
1454 3405 1615 3460 finem
1641 3419 1825 3474 perse-

237 3505 483 3562 cutionis
525 3503 709 3560 factus
759 3513 843 3559 est
876 3503 1190 3574 episcopus.
1236 3498 1372 3555 Nam
1407 3514 1526 3555 cum
1561 3497 1822 3552 Paulinus

237 3598 535 3670 episcopus
556 3594 706 3667 Tyri,
732 3594 893 3666 paulo
912 3601 1037 3665 post
1060 3592 1328 3648 redditam
1352 3589 1610 3646 Ecclesiae
1633 3605 1821 3661 pacem

236 3690 525 3746 basilicam
554 3687 865 3752 dedicaret,
891 3686 958 3741 ad
988 3686 1108 3756 ejus
1129 3684 1526 3741 dedicationem
1558 3699 1665 3738 una
1693 3697 1818 3737 cum

235 3781 465 3851 reliquis
497 3778 774 3849 episcopis
795 3793 824 3830 a
848 3775 1077 3831 Paulino
1097 3783 1354 3832 evocatus
1382 3783 1498 3841 est,
1527 3782 1580 3830 et
1603 3775 1821 3845 elegano

232 3875 511 3928 tissimam
546 3885 734 3924 coram
786 3858 877 3924 illo
910 3868 1098 3924 habuit
1125 3868 1448 3932 orationem,
1483 3867 1627 3923 sicut
1651 3867 1819 3922 disci-

232 3981 353 4021 mus
403 3979 474 4018 ex
526 3963 666 4017 libro
716 3977 749 4015 x
805 3959 1057 4014 Historia:
1105 3958 1494 4013 ecclesiasticae.
1540 3956 1596 4012 Id
1638 3969 1816 4013 autem

218 4057 468 4127 contigit
504 4065 794 4123 antequam
826 4051 1070 4107 Licinius
1099 4051 1364 4106 adversus
1400 4050 1817 4105 Constantinum

235 4150 528 4206 retellaret
553 4187 570 4207 ,
611 4147 759 4217 quod
792 4145 993 4200 factum
1026 4152 1111 4200 est
1140 4159 1283 4198 anno
1312 4143 1520 4198 Natalis
1553 4142 1815 4197 Dominici

237 4242 362 4297 3t5.
387 4240 556 4296 Circa
595 4238 710 4293 haec
740 4246 981 4308 tempora
1011 4236 1281 4293 Eusebius
1315 4237 1559 4307 insignes
1589 4235 1711 4290 illos
1740 4233 1817 4288 De

235 4333 689 4388 demonstratione
714 4339 769 4387 et
795 4329 873 4385 De
897 4331 1285 4401 prazparatione
1311 4329 1608 4402 evangelica
1646 4329 1816 4384 libros

239 4427 603 4483 elucubravit.
628 4425 778 4491 Quos
809 4424 1031 4495 quidem
1059 4430 1184 4479 ante
1216 4424 1506 4479 concilium
1537 4421 1812 4476 Nicatnum

239 4522 477 4591 scriptos
497 4517 671 4575 fuisse
689 4524 923 4580 constat,
948 4533 1070 4573 cum
1096 4518 1150 4571 in
1180 4516 1421 4571 Historia
1439 4515 1813 4579 ecclesiastica,

235 4630 352 4683 qua:
397 4619 530 4667 ante
575 4611 709 4666 illttd
751 4610 1042 4665 concilium
1077 4611 1145 4666 ab
1175 4610 1411 4666 Eusebio
1448 4610 1653 4678 scripta
1694 4614 1812 4672 est,

235 4704 558 4758 nominatim
590 4703 850 4765 citentur,
875 4701 1334 4772 quemadmodum
1370 4703 1424 4756 in
1450 4698 1815 4757 adnotationi-

236 4795 332 4851 bus
362 4795 729 4850 ostendimus.
763 4792 975 4848 lnterea
1017 4792 1298 4859 Licinius,
1333 4794 1424 4864 qui
1471 4793 1528 4848 in
1575 4791 1814 4847 Orientis

236 4887 484 4956 partibus
552 4884 963 4958 Rempublicam
1020 4883 1478 4949 administrabat,
1531 4882 1812 4953 repentino

237 4977 417 5034 furore
451 4977 716 5032 incitatus
746 4976 1091 5035 Christianos
1123 4977 1372 5047 persequi
1402 4976 1600 5046 cmpit,
1631 4974 1817 5045 praeci-

237 5086 338 5140 pue
374 5085 506 5126 vero
530 5069 826 5133 antistites,
852 5085 990 5140 quos
1013 5070 1375 5126 Constantino
1407 5067 1579 5137 magis
1606 5066 1807 5134 favere,

238 5167 287 5213 et
314 5175 416 5230 pro
438 5160 534 5214 illo
559 5167 686 5214 vota
726 5160 904 5216 facere
932 5161 1334 5230 suspicabatur.
1363 5158 1469 5214 Sed
1500 5157 1812 5216 Constanti-

239 5267 360 5319 nus,
392 5263 651 5324 suscepta
684 5253 945 5311 adversus
972 5254 1238 5310 Licinium
1266 5253 1626 5324 expeditione,
1658 5251 1811 5306 brevi

242 5341 389 5397 illum
414 5343 631 5398 duobus
655 5345 862 5414 praeliis
885 5353 1026 5399 terra
1053 5345 1299 5413 marique
1322 5343 1521 5397 victum
1554 5341 1620 5396 ad
1656 5341 1810 5395 dedi—

240 5433 438 5489 tionem
478 5435 765 5504 compulit.
802 5434 977 5506 Atque
1017 5437 1091 5490 ita
1118 5434 1448 5490 Christianis
1493 5433 1550 5487 in
1589 5431 1810 5488 Oriente

244 5525 558 5598 degentibus
609 5543 715 5598 pax
762 5544 860 5598 per
904 5528 1321 5585 Constantinum
1371 5529 1549 5586 denuo
1598 5527 1807 5583 reddita

246 5626 320 5672 est
329 5661 340 5672 .

313 5708 511 5766 Verum
529 5712 670 5766 inter
693 5711 840 5781 ipsos
857 5710 1197 5766 Chrisﬁanos
1215 5712 1372 5782 longe
1385 5709 1602 5780 gravior
1617 5708 1805 5764 eodem

251 5807 482 5868 tempore
511 5804 780 5859 tumultus
808 5805 1029 5861 exarsit.
1065 5803 1303 5873 Namque
1351 5804 1512 5859 Arius
1531 5841 1544 5865 ,
1574 5800 1806 5857 Alexan-

1934 751 2293 809 nihilominus
2324 753 2376 807 in
2429 754 2620 810 iisdem
2666 758 3062 813 assertionibus
3095 771 3501 829 perseveraret,

1935 843 2150 898 tandem
2178 859 2284 898 una
2316 860 2437 899 cum
2479 846 2682 900 erroris
2721 846 2804 901 sui
2838 848 3004 904 sociis
3037 850 3360 915 damnatus,
3392 854 3508 922 pul-

1936 951 2138 1004 susque
2168 935 2408 992 Ecclesia
2440 937 2636 992 fuerat.
2657 938 2829 1004 Quam
2851 941 3250 996 damnationem
3277 943 3503 997 moleste

1936 1029 2146 1092 ferens,
2177 1029 2383 1085 litteras
2419 1046 2542 1084 cum
2586 1034 2832 1102 exemplo
2873 1033 2997 1088 ﬁdei
3045 1049 3156 1088 sua:
3204 1033 3271 1088 ad
3313 1051 3501 1093 omnes

1934 1118 2235 1173 vicinarum
2263 1121 2476 1176 urbium
2515 1123 2802 1193 episcopos
2840 1125 2988 1179 misit
3019 1143 3033 1180 :
3075 1126 3270 1194 quibus
3309 1144 3503 1199 quere-

1935 1211 2094 1266 batur
2132 1212 2405 1268 immerito
2452 1229 2510 1268 se
2559 1215 2861 1284 depositum
2897 1217 2964 1271 ab
3004 1217 3345 1284 Alexandro,
3373 1236 3498 1276 eum

1933 1303 2118 1357 eadem
2151 1305 2264 1374 ipse
2291 1321 2410 1375 qua:
2439 1307 2630 1376 reliqui
2665 1306 2899 1364 Orientis
2930 1311 3200 1366 antistites
3245 1313 3503 1382 praedica-

1933 1401 2035 1447 ret.
2057 1392 2153 1449 His
2180 1396 2388 1452 artibus
2409 1397 2616 1468 decepti
2649 1399 2832 1468 plures
2860 1400 3122 1471 episcopi,
3148 1411 3201 1456 et
3230 1404 3296 1456 ab
3327 1403 3497 1460 Euse-

1933 1487 2023 1542 bio
2052 1488 2448 1546 Nicomediensi
2477 1493 2708 1548 maxime
2729 1494 2958 1556 incitati,
2985 1495 3076 1564 qui
3112 1496 3224 1550 Arii
3252 1497 3499 1566 partibus

1933 1582 2110 1652 palam
2141 1582 2371 1649 favebat,
2401 1585 2611 1640 litteras
2639 1601 2737 1656 pro
2764 1586 2894 1640 Ario
2921 1588 3258 1657 scripserunt
3283 1589 3349 1642 ad
3375 1588 3498 1645 Ale-

1933 1677 2200 1731 xandrum
2230 1677 2604 1732 Alexandrinae
2633 1677 2786 1732 urbis
2815 1679 3136 1743 antistitem,
3180 1687 3401 1735 orantes
3439 1688 3498 1734 ut

1933 1765 2120 1820 Arium
2153 1767 2208 1821 in
2257 1768 2545 1838 pristinum
2594 1769 2770 1823 locum
2808 1770 3140 1825 restitueret.
3188 1770 3265 1824 Ex
3305 1786 3502 1827 eorum

1931 1873 2157 1913 numero
2213 1857 2314 1912 fuit
2367 1858 2633 1914 Eusebius
2687 1866 2907 1926 noster,
2959 1861 3119 1930 cujus
3173 1862 3366 1917 litterae
3427 1861 3498 1916 ad

1928 1947 2292 2002 Alexandrum
2325 1950 2541 2019 scriptae
2569 1957 2786 2004 exstant
2828 1951 2881 2005 in
2921 1951 3072 2008 Actis
3120 1955 3362 2022 septimae
3401 1968 3494 2024 sy-

1927 2040 2058 2094 nodi
2101 2041 2487 2106 oecumenicae,
2527 2049 2580 2096 et
2629 2041 2770 2097 inter
2816 2052 3059 2098 veterum
3105 2045 3414 2102 testimonia
3462 2065 3493 2103 a

1927 2133 2085 2188 nobis
2120 2133 2306 2188 relata:
2339 2141 2487 2189 sunt.
2521 2133 2740 2190 Eusebii
2785 2135 3137 2194 Caesariensis
3181 2141 3486 2210 exemplum

1928 2239 2054 2277 mox
2085 2224 2259 2277 secuti
2287 2222 2603 2279 Theodotus
2627 2238 2691 2279 ac
2717 2222 3000 2289 Paulinus,
3022 2227 3159 2281 alter
3188 2227 3492 2294 Laodicea,

1926 2315 2064 2370 alter
2117 2313 2408 2387 Tyriorum
2463 2315 2771 2384 episc0pus,
2819 2331 2918 2388 pro
2971 2319 3318 2374 restitutione
3372 2319 3488 2374 Arii

1926 2407 2066 2476 apud
2101 2407 2466 2461 Alexandrum
2499 2406 2878 2462 intercessere.
2916 2409 3160 2474 Quorum
3204 2410 3491 2482 epistolas,

1924 2503 2112 2565 utpote
2143 2494 2497 2566 dogmatibus
2523 2497 2639 2552 suis
2667 2491 3095 2567 patrocinantes,
3137 2515 3261 2554 cum
3291 2501 3493 2572 ubique

1923 2593 2224 2641 ostentaret
2256 2586 2442 2652 Arius,
2479 2593 2532 2640 et
2563 2593 2842 2641 tantorum
2875 2587 3119 2643 virorum
3162 2591 3489 2646 auctoritate

1922 2679 2124 2732 multos
2185 2677 2244 2731 in
2314 2677 2629 2732 societatem
2697 2676 2901 2732 erroris
2964 2678 3050 2733 sui
3109 2681 3490 2750 pertraheret,

1922 2766 2228 2822 Alexander
2265 2775 2319 2821 et
2349 2765 2464 2836 ipse
2495 2775 2719 2821 coactus
2745 2776 2832 2822 est
2862 2767 2928 2821 ad
2965 2767 3208 2838 reliquos
3250 2767 3492 2825 Orientis

1920 2862 2205 2932 episcopos
2261 2859 2470 2914 litteras
2532 2861 2768 2926 mittere,
2829 2861 3031 2932 quibus
3082 2861 3262 2932 palam
3317 2861 3490 2930 fieret,

1918 2951 2108 3006 Arium
2140 2967 2247 3005 una
2288 2967 2414 3006 cum
2453 2952 2617 3008 sociis
2657 2952 2782 3022 jure
2822 2953 3140 3008 damnatum
3181 2970 3248 3010 ac
3277 2957 3491 3026 deposi-

1921 3051 2035 3098 tum
2069 3043 2258 3099 fuisse.
2284 3041 2514 3098 Exstant
2539 3044 2701 3099 hodie
2732 3044 3027 3100 Alexandri
3058 3046 3302 3117 epistolae
3324 3047 3444 3102 dum
3473 3066 3486 3101 :

1928 3139 2093 3194 altera
2143 3137 2208 3191 ad
2253 3137 2624 3192 Alexandrum
2662 3137 3327 3208 Constantinopolitanum
3375 3141 3489 3211 epi-

1923 3321 2106 3389 scopis
2134 3318 2323 3390 Syriae,
2348 3318 2441 3390 qui
2472 3319 2602 3373 Ario
2628 3319 3054 3387 consentientes,
3080 3322 3484 3377 contentionem

1922 3427 2085 3483 quam
2118 3412 2311 3468 sedare
2337 3411 2518 3482 potius
2555 3412 2893 3475 debuissent,
2925 3413 3099 3483 magis
3131 3429 3292 3482 quam
3327 3421 3485 3467 antea

1922 3501 2408 3558 inﬂammaverant.
2444 3500 2511 3556 lli
2564 3509 2693 3558 sunt
2724 3501 3013 3570 Eusebius,
3061 3502 3373 3559 Theodotus
3422 3519 3486 3558 ac

1921 3595 2204 3659 Paulinus,
2235 3595 2381 3652 sicut
2408 3609 2475 3650 ex
2496 3593 2611 3648 Arii
2633 3595 2867 3665 epistola
2894 3595 2959 3650 ad
2985 3595 3279 3651 Eusebium
3319 3595 3482 3650 Nico-

1921 3689 2255 3744 mediensem
2287 3687 2492 3756 scripta
2527 3688 2654 3742 licet
2675 3687 2951 3758 colligere.
2984 3687 3224 3742 Alteram
3249 3687 3482 3742 Alexan-

1918 3779 2002 3834 dri
2025 3779 2312 3849 epistolam
2346 3777 2415 3831 ad
2447 3791 2637 3832 omnes
2662 3776 2866 3846 ubique
2895 3787 3163 3832 terrarum
3198 3779 3486 3848 episcopos

1916 3870 2101 3924 datam
2128 3867 2296 3923 refert
2324 3865 2576 3921 Socrates
2609 3865 2667 3920 itt
2699 3866 2839 3921 libro
2862 3883 2900 3920 1.
2931 3865 3028 3923 His
3065 3867 3358 3922 Alexandri
3397 3868 3487 3921 lit-

1917 3959 2052 4015 teris
2083 3972 2219 4028 pene
2251 3971 2440 4012 omnes
2463 3953 2702 4011 Orientis
2730 3956 3175 4024 subscripserunt
3207 3958 3482 4026 episcopi:

1917 4049 2055 4103 inter
2081 4063 2219 4118 quos
2249 4046 2554 4118 principem
2582 4045 2759 4100 locum
2789 4045 3106 4100 oblinebant
3133 4046 3485 4117 Philogonius

1915 4139 2236 4203 Antiochiae,
2274 4138 2594 4194 Eustathius
2633 4136 2868 4192 Berraaae
2894 4145 2948 4192 et
2988 4135 3260 4192 Macarius
3291 4137 3476 4192 Hierov

1916 4234 2248 4304 solymorum
2273 4231 2565 4286 antistites.
2593 4229 2848 4300 Episcopi
2873 4244 3002 4284 vero
3035 4230 3112 4285 illi
3143 4229 3236 4300 qui
3268 4231 3337 4283 ab
3365 4229 3480 4284 Arii

1915 4325 2166 4394 partibus
2199 4332 2348 4377 stare
2387 4322 2735 4384 videbantur,
2770 4336 2892 4376 cum
2944 4321 3237 4376 Alexandri
3283 4320 3490 4374 litteris

1917 4432 1976 4472 se
2012 4415 2337 4486 perstrictus
2370 4413 2638 4479 viderent,
2672 4415 2855 4470 acrius
2898 4414 3071 4469 multo
3103 4427 3168 4468 ac
3194 4413 3480 4466 vehemen-

1846 4512 1890 4565 D
1922 4511 2030 4565 tius
2058 4510 2112 4564 itt
2147 4508 2519 4564 defensionem
2560 4508 2676 4562 Arii
2709 4508 3007 4563 incubuere
3039 4525 3051 4561 :
3085 4507 3354 4578 praecipue
3383 4518 3482 4557 au-

1917 4609 2026 4656 tcm
2069 4597 2504 4654 Nicomediensis
2550 4597 2838 4654 Eusebius.
2880 4597 3076 4653 Noster
3108 4595 3253 4650 enim
3299 4592 3487 4645 Cmsa-

1914 4692 2116 4748 riensis
2155 4691 2444 4757 Eusebius,
2478 4706 2585 4746 una
2629 4706 2752 4745 cum
2784 4688 3100 4758 Patre-philo
3133 4701 3195 4740 ac
3227 4683 3481 4744 Paulino,

1914 4784 2146 4854 aliisque
2200 4783 2373 4855 Syriae
2418 4783 2693 4854 episcopis
2751 4781 2804 4836 id
2848 4788 3056 4836 tantum
3105 4776 3364 4838 decrevit,
3420 4780 3479 4826 ut

1913 4875 2043 4931 Ario
2081 4877 2395 4946 presbytero
2452 4882 2752 4930 conventus
2800 4873 2855 4926 in
2896 4869 3128 4926 ecclesia
3179 4883 3277 4924 sua
3319 4881 3486 4937 agere

1882 4961 1884 4965 ’
1913 4968 2138 5035 liceret;
2172 4969 2452 5038 subjectus
2484 4975 2664 5022 tamen
2696 4967 2834 5020 idem
2858 4973 3002 5019 esset
3027 4959 3332 5016 Alexandro
3361 4959 3482 5028 epi-

1911 5073 2100 5129 scopo,
2133 5059 2203 5112 ab
2230 5073 2404 5128 eoque
2432 5055 2698 5128 ﬂagitaret
2736 5062 2797 5107 ut
2835 5052 2901 5106 ad
2939 5066 3125 5122 pacem
3153 5055 3206 5104 et
3227 5055 3479 5103 commu-

1914 5151 2129 5204 nionem
2172 5150 2569 5204 admitteretur.
2609 5145 2690 5199 Ad
2720 5145 2866 5198 hunc
2905 5141 3127 5196 modum
3157 5137 3472 5194 dissidenti-

1913 5244 2017 5299 bus
2049 5243 2193 5297 inter
2227 5257 2286 5296 se
2317 5241 2612 5310 episcopis,
2646 5249 2699 5293 et
2729 5237 2814 5292 his
2855 5233 3172 5295 Alexandri,
3221 5230 3328 5285 illis
3356 5229 3479 5282 Arii

1911 5343 2095 5407 partes
2127 5333 2457 5397 foventibus,
2496 5328 2774 5386 contentio
2808 5342 2971 5398 supra
2999 5324 3216 5378 modum
3247 5335 3474 5390 exaspe-

1910 5439 2027 5483 rata
2059 5437 2161 5484 est.
2210 5427 2307 5481 Cui
2343 5427 2488 5480 malo
2513 5432 2573 5478 ut
2601 5423 2908 5478 mederetur
2937 5415 3350 5477 Constantinus,
3387 5428 3473 5482 ge-

1909 5520 2151 5574 neralem
2181 5519 2563 5589 episcoporutn
2610 5512 2898 5586 synodum,
2928 5511 3143 5581 qualem
3176 5507 3323 5562 nulla
3369 5520 3474 5558 un-

1908 5628 2070 5683 quam
2101 5619 2234 5666 aetas
2267 5611 2494 5671 viderat,
2529 5623 2595 5662 ex
2635 5607 2890 5662 universo
2913 5605 3044 5659 orbe
3063 5601 3311 5657 Romano
3340 5612 3477 5651 con-

1907 5707 2149 5778 gregavit
2176 5707 2228 5759 in
2258 5703 2392 5758 urbe
2423 5701 2684 5772 Bithynia
2723 5699 2923 5755 Nicaea.
2955 5696 3130 5766 Hujus
3157 5691 3375 5749 maximi
3407 5705 3474 5745 ac

1909 5797 2247 5854 celeberrimi
2281 5794 2499 5851 concilii
2553 5810 2660 5851 non
2705 5792 2929 5849 minima
2973 5803 3103 5860 pars
3149 5784 3250 5840 fuit
3293 5781 3473 5839 Euse-
