3924 6266
495 416 563 470 59

1449 395 1784 457 EUSEBIUS
1820 380 2298 448 CESARIENSIS
2337 377 2731 436 EPiSCOPUS.

3669 369 3756 426 ω

497 528 621 583 hius
667 531 874 580 noster.
912 523 1046 580 Nam
1077 531 1132 580 et
1169 523 1225 579 lu
1275 521 1468 576 dextro
1500 532 1670 572 cornu
1716 513 1949 584 primum
1981 508 2051 561 lo-

2162 515 2287 555 nam
2318 505 2595 564 tueretur;
2630 497 2964 551 concinnato
2979 499 3236 562 praeterea
3267 491 3527 547 adversus
3563 491 3754 544 illum

504 631 631 671 cum
680 613 948 678 obtinuit,
1003 621 1057 669 et
1096 614 1224 682 imp.
1280 609 1731 669 Constantinum,
1783 603 1878 675 qui
1918 602 2061 655 inter

494 708 635 762 duos
681 703 1083 760 considentium
1125 703 1345 760 ordines
1391 703 1603 758 medius
1640 699 1694 754 in
1737 710 1900 752 aurea
1927 695 2059 750 sella

493 795 790 861 residebat,
825 797 994 854 totius
1025 798 1218 868 synodi
1249 796 1472 851 nomine
1509 791 1874 863 compellavit,
1917 789 2060 844 sicut

494 889 612 960 Ipse
645 895 879 944 testatur
913 890 969 944 in
1001 891 1225 946 exordio
1254 889 1376 944 libri
1405 905 1423 943 ι
1453 887 1525 942 De
1557 887 1678 941 Vita
1701 883 2056 944 Constantini,

494 989 550 1036 ct
582 982 637 1036 in
665 982 760 1037 lib.
801 998 862 1036 Ill
891 982 1138 1052 ejusdem
1163 983 1367 1053 operis.
1399 980 1543 1034 Idem
1577 979 1742 1035 etiam
1772 974 2060 1033 confirmat

497 1070 834 1130 Bozomenus
863 1074 919 1128 in
944 1075 1082 1130 libro
1111 1091 1124 1130 ι
1152 1073 1408 1128 Historia:
1431 1071 1819 1126 ecclesiasticw.
1854 1067 2060 1123 Deinde

495 1180 622 1220 cum
655 1165 797 1220 inter
826 1166 1116 1237 episcopos
1146 1166 1382 1221 maxima
1409 1173 1557 1222 esset
1589 1161 1961 1218 controversia
1993 1161 2060 1216 de

498 1259 729 1315 formula
754 1260 898 1324 fidei,
935 1259 1203 1317 Eusebius
1235 1269 1422 1316 noster
1455 1259 1742 1315 formulam
1774 1257 2060 1328 pr0posuit

496 1351 788 1407 admodum
831 1361 1036 1409 rectam
1081 1361 1134 1410 et
1181 1354 1504 1425 simplicem,
1552 1360 1607 1408 et
1657 1367 1778 1423 quae
1814 1351 2056 1404 omnium

495 1443 899 1514 episcoporum,
936 1445 1216 1516 ipsiusque
1249 1446 1383 1500 adeo
1413 1444 1758 1516 imperatoris
1785 1458 2057 1498 consensu

496 1535 714 1590 laudata
763 1544 868 1592 est.
919 1534 1026 1592 Sed
1078 1553 1202 1592 cum
1247 1538 1299 1594 ei
1345 1537 1590 1593 formulae
1633 1536 1838 1606 aliquid
1868 1533 2061 1590 deesse

493 1625 776 1679 videretur
805 1627 872 1680 ad
900 1627 1292 1682 confutandam
1331 1627 1459 1682 novi
1503 1626 1774 1697 dogmatis
1807 1626 2062 1696 impieta-

496 1724 624 1778 tem,
655 1715 844 1773 Patres
869 1717 1062 1790 synodi
1091 1718 1321 1775 Niczenaa
1350 1720 1448 1774 has
1474 1727 1738 1790 praeterea
1765 1732 1929 1774 voces
1963 1717 2060 1770 ad-

495 1806 702 1860 dendas
733 1822 854 1863 esse
888 1816 1220 1864 censuerunt
1249 1827 1262 1864 :
1289 1811 1456 1863 Deum
1479 1825 1654 1863 verum
1675 1806 1739 1861 de
1767 1807 1874 1863 Deo
1901 1824 2019 1862 vero
2037 1825 2055 1862 .-

2163 592 2338 663 stupri
2387 590 2634 654 crimine,
2686 589 2754 644 de
2782 589 2909 644 sede
2949 602 3048 644 sua
3085 584 3395 656 depellitur.
3429 581 3612 650 Quam
3671 581 3753 636 ob

2161 697 2384 740 causam
2413 683 2768 755 gravissimus
2808 678 3106 734 Antiochia:
3135 677 3402 732 tumultus
3443 682 3529 730 est
3567 674 3743 729 exci-

2161 783 2337 842 tatus;
2371 774 2569 845 populo
2603 772 2746 827 duas
2770 772 2827 826 in
2865 777 3049 841 partes
3080 769 3274 830 diviso,
3307 782 3431 821 cum
3473 767 3564 820 alii
3606 765 3734 821 Cae-

2160 869 2461 924 sariensem
2493 865 2785 922 Eusebium
2816 865 2882 918 in.
2909 861 3175 918 Eustathii
3216 861 3392 915 locum
3430 860 3750 925 substitui,

2161 963 2251 1016 alii
2293 959 2635 1016 Eustathium
2685 958 2786 1014 sibi
2819 957 3133 1028 episc0pum
3181 954 3336 1009 reddi
3387 952 3750 1024 ﬂagitarent.

2158 1051 2503 1122 Ventumque
2542 1057 2688 1106 esset
2721 1048 2789 1104 ad
2830 1063 3046 1112 manus,
3078 1046 3185 1101 nisi
3224 1044 3588 1116 imperatoris.
3613 1059 3750 1097 me-

2159 1152 2252 1200 tus
2287 1151 2342 1200 et
2368 1143 2614 1213 judicum
2665 1139 2961 1195 auctoritas
2994 1134 3478 1192 eoscohibuisset.
3516 1131 3750 1186 Pacata

2156 1237 2378 1292 tandem
2415 1234 2707 1300 seditione,
2738 1232 3004 1303 pulsoque
3035 1229 3091 1283 in
3117 1227 3370 1283 exsilium
3396 1223 3742 1284 Eustathio,

2158 1327 2426 1384 Eusebius
2464 1333 2651 1382 noster
2691 1324 2907 1379 tametsi
2938 1328 2993 1377 et
3025 1336 3056 1375 a
3084 1321 3284 1391 populo
3320 1331 3373 1374 et
3400 1319 3468 1372 ab
3494 1316 3746 1387 episco-

2157 1422 2245 1494 pis
2272 1421 2363 1493 qui
2398 1421 2644 1483 aderant,
2673 1425 2896 1489 rogatus
2940 1424 2998 1470 ut
3041 1413 3426 1469 Antiochensis
3456 1409 3745 1467 Ecclesia)

2157 1513 2683 1568 administrationem
2727 1509 3051 1580 susciperet,
3097 1507 3149 1562 id
3197 1505 3376 1561 facere
3419 1503 3746 1560 recusavit.

2157 1602 2400 1673 Cumque
2431 1602 2672 1673 episcopi
2709 1600 2926 1670 scriptis
2949 1600 3014 1654 ad
3046 1597 3465 1654 Constantinum
3496 1595 3745 1658 litteris,

2156 1701 2211 1750 et
2242 1710 2402 1749 suum
2435 1703 2489 1750 et
2522 1693 2706 1764 p0puli
2739 1693 2908 1748 totius
2935 1690 3251 1762 suffragium
3291 1690 3340 1745 ei
3371 1688 3738 1749 retulissent,

2161 1785 2432 1844 Eusebius
2467 1803 2596 1843 suas
2634 1801 2850 1858 quoque
2886 1786 3097 1840 litteras
3123 1783 3273 1839 dedit
3311 1782 3379 1836 ad
3409 1781 3746 1840 Constanti-

493 1897 725 1966 genitum
755 1916 858 1954 non
890 1900 1114 1969 factum,
1144 1900 1646 1956 consubstantialem
1675 1900 1850 1957 Patri.
1893 1899 2051 1971 Adje-

2158 1895 2312 1934 num.
2340 1879 2551 1945 Quibus
2580 1879 2896 1934 rescribens
2936 1877 3068 1947 imp.
3100 1876 3511 1938 Constantinus,
3543 1873 3742 1928 Euse-

494 1998 686 2044 cerunt
715 1991 880 2046 etiam
911 1994 1393 2049 anathematismos
1435 1993 1698 2050 adversus
1725 2008 1819 2050 eos
1849 1992 1940 2063 qui
1975 1991 2059 2047 di-

493 2090 680 2136 cerent
710 2079 908 2136 Filium
940 2081 1037 2139 Dei
1066 2083 1134 2139 de
1158 2100 1267 2139 non
1299 2066 1643 2141 exstantibus
1685 2083 1888 2139 factum
1913 2099 2055 2148 esse,

493 2178 548 2224 et
580 2169 752 2228 fuisse
781 2181 995 2245 tempus
1023 2191 1146 2231 cum
1192 2191 1300 2231 non
1341 2184 1508 2232 esset.
1543 2175 1609 2231 Et
1651 2177 1807 2232 initio
1838 2176 2058 2247 quidem

491 2259 760 2318 Eusebius
799 2271 985 2321 noster
1029 2267 1496 2322 consubstantialis
1537 2284 1727 2324 vocem
1772 2268 2060 2323 admittere

491 2354 798 2411 recusabat.
836 2355 941 2413 Sed
980 2370 1168 2429 postea
1199 2360 1427 2416 edoctus
1461 2375 1492 2414 a
1534 2359 1760 2430 reliquis
1789 2360 2058 2431 episcopis

491 2462 739 2514 quaenam
766 2455 911 2505 esset
942 2448 1108 2519 hujus
1132 2450 1282 2504 verbi
1313 2450 1397 2505 vis
1429 2458 1592 2519 atque
1622 2450 1908 2514 sententia,
1933 2449 2059 2504 huic

494 2537 616 2592 fidei
646 2540 863 2594 tandem
893 2543 1174 2596 consensit
1221 2556 1286 2595 ac
1326 2541 1676 2610 subscripsit,
1706 2540 2060 2612 quemadmo-

491 2628 622 2682 dum
667 2631 782 2701 ipse
811 2631 977 2686 tradit
1017 2633 1072 2686 in
1109 2632 1342 2702 epistola
1377 2631 1444 2686 ad
1489 2634 1876 2690 Caesarienses.
1912 2633 2060 2688 Non-

492 2719 628 2773 nulli
673 2729 927 2776 asserunt
978 2721 1273 2777 Eusebium
1321 2725 1651 2780 necessitate
1694 2723 1967 2789 adactum,
2006 2738 2058 2782 et

493 2809 838 2882 imperatoris
867 2819 1011 2866 metu
1041 2813 1224 2882 potius
1246 2828 1410 2883 quam
1433 2829 1496 2867 ex
1523 2813 1691 2868 animi
1720 2814 1805 2868 sui
1839 2825 2058 2870 sentcn-

490 2903 588 2966 tia,
636 2901 865 2959 Nicaenae
910 2904 1032 2959 fidei
1067 2904 1487 2974 subscripsisse.
1517 2905 1647 2976 Ego-
1672 2921 1800 2961 vero
1828 2906 1894 2962 de
1935 2909 2058 2963 aliis

490 2994 710 3065 quidem
769 2997 861 3066 qui
908 2995 1274 3051 interfuerunt
1316 2996 1448 3051 huic
1503 2997 1730 3070 synodo,
1793 2998 1849 3053 id
1899 2997 2059 3054 facile

491 3086 839 3142 crediderim.
881 3087 955 3144 De
985 3087 1311 3145 Caesariensi
1338 3097 1518 3145 autem
1555 3090 1789 3147 Eusebio
1821 3093 1896 3145 ita
1933 3108 2060 3147 sen-

491 3179 594 3233 tire
626 3194 734 3234 non
763 3196 1006 3251 possum.
1037 3179 1172 3235 Nam
1212 3181 1485 3238 Eusebius
1508 3190 1632 3252 post
1657 3184 1926 3255 synodum
1961 3185 2056 3240 Ni-

490 3286 716 3336 crenam,
751 3288 964 3344 semper
995 3273 1273 3329 damnavit
1314 3290 1408 3330 eos
1435 3275 1528 3346 qui
1579 3276 1824 3331 dicerent
1854 3276 2049 3334 Filium

490 3360 585 3417 Dei
619 3379 686 3418 ex
729 3364 903 3418 nihilo
952 3365 1155 3419 factum
1188 3381 1331 3428 esse,
1371 3376 1430 3421 ut
1462 3374 1609 3437 patet
1647 3383 1714 3423 ex
1749 3369 1903 3426 libris
1933 3371 2053 3439 eius

488 3464 674 3507 contra
721 3454 1052 3519 Marcellum,
1097 3464 1150 3511 et
1192 3457 1514 3512 nominatim
1554 3473 1622 3513 ex
1673 3475 1794 3530 cap.
1826 3462 1858 3516 9
1906 3468 1959 3515 et
1989 3462 2053 3515 10

489 3545 612 3600 libri
645 3562 661 3600 ι
691 3545 766 3600 De
791 3547 1148 3601 ecclesiastica
1190 3547 1468 3619 theologia.
1503 3549 1647 3606 Idem
1672 3553 1834 3606 etiam
1868 3553 1935 3608 de
1961 3555 2054 3608 illo

488 3645 720 3691 testatur
763 3639 1116 3695 Athanasius.
1164 3639 1265 3707 Qui
1304 3657 1426 3696 cum
1472 3643 1773 3712 saepissime
1806 3646 2054 3702 retulerit

487 3727 780 3787 Eusebium
832 3731 1225 3789 Caesariensem
1271 3733 1504 3790 Nicaente
1549 3737 1759 3807 synodo
1811 3740 2053 3796 subscri-

486 3821 684 3890 psisse,
727 3837 1003 3892 nunquam
1051 3825 1330 3899 tamen,id
1361 3827 1428 3888 ab
1468 3827 1560 3882 illo
1606 3829 1860 3884 simulate
1905 3838 1959 3885 e:
1995 3831 2052 3885 in

486 3911 724 3980 speciem
755 3912 1020 3968 duntaxat
1043 3913 1245 3969 factum
1270 3933 1394 3973 esse
1427 3919 1624 3988 prodit.
1660 3920 1822 3976 Certe
1860 3922 1903 3977 si
1937 3919 2048 3976 Eu-

487 4001 672 4056 sebius
719 4016 825 4055 non
856 4017 923 4057 ex
959 4004 1161 4067 animo,
1201 4007 1295 4062 sed
1328 4023 1421 4077 per
1451 4008 1694 4064 fraudem
1735 4026 1800 4066 ac
1833 4013 2054 4066 simula-

487 4092 693 4146 tionem
731 4091 948 4149 Nicaeno
983 4098 1221 4151 concilio
1263 4100 1613 4170 subscripsit.
1641 4117 1740 4156 cur
1773 4103 1838 4158 ad
1867 4103 2050 4161 Cresa-

483 4187 694 4243 rienses
752 4188 898 4242 illam
934 4205 1099 4259 quam
1151 4192 1264 4245 dixi
1313 4201 1500 4263 postea
1546 4195 1694 4249 misit
1735 4197 2048 4266 epistolam,

482 4293 591 4349 qua
633 4279 864 4349 ingenue
900 4280 1182 4352 professus
1223 4293 1308 4341 est
1351 4301 1410 4339 se
1459 4285 1618 4340 fidem
1653 4288 1802 4342 illam
1834 4305 1954 4359 qua:
1994 4291 2048 4344 in

483 4371 716 4427 concilio
762 4372 980 4429 Nicaeno
1027 4375 1172 4430 edita
1239 4377 1436 4441 fuerat,
1496 4379 1804 4450 amplexum
1857 4382 2056 4438 fuisse?

480 4461 612 4521 Post
653 4467 918 4537 synodum
968 4466 1264 4536 Nicaanam,
1296 4469 1484 4524 Ariani
1520 4481 1667 4526 metu
1701 4473 2046 4542 imperatoris

2081 3227 2124 3285 C

478 4557 876 4629 aliquantulum
909 4559 1181 4628 quievere.
1217 4560 1342 4615 Mox
1369 4573 1645 4632 resumpta
1671 4563 1886 4629 fiducia,
1916 4581 2039 4620 cum
2074 4574 2117 4628 1)

480 4647 534 4701 in
566 4650 858 4704 amicitiam
895 4652 1155 4721 principis
1199 4652 1395 4709 callide
1436 4655 1814 4725 irrepsissent,
1861 4660 2046 4716 catho-

479 4738 612 4793 licos
656 4739 929 4794 antistites
963 4741 1217 4795 omnibus
1251 4741 1429 4797 modis
1463 4750 1625 4813 atque
1669 4744 1876 4799 artibus
1921 4762 2046 4816 per-

480 4826 633 4897 sequi
663 4828 1035 4884 instituerunt.
1067 4829 1284 4886 Primus
1316 4832 1531 4886 illorum
1567 4834 1802 4903 impetus
1838 4837 1893 4890 in
1937 4835 2045 4889 Eu-

479 4921 736 4975 stathium
786 4923 1054 4984 incubuit,
1104 4923 1460 4979 Antiochenaa
1509 4925 1660 4982 urbis
1697 4927 2038 4999 episcopum,

480 5012 570 5081 qui
596 5021 649 5066 et
675 5015 1041 5070 confessionis
1075 5015 1246 5085 gloria
1277 5016 1530 5083 illustris,
1559 5026 1612 5073 et
1639 5019 1780 5075 inter
1809 5020 2042 5076 Niraenae

479 5101 600 5157 fidei
647 5115 948 5162 assertores
989 5108 1296 5177 prmcipuus
1338 5109 1657 5165 habebatur.
1685 5111 1842 5167 Hunc
1873 5115 2040 5184 igitur

480 5192 622 5263 apud
657 5195 1037 5266 imperatorem
1079 5207 1340 5254 accusant
1369 5201 1511 5271 quod
1545 5199 1763 5257 Sabellii
1789 5206 2040 5274 impieta-

479 5296 583 5336 tem
615 5293 904 5354 astrueret,
941 5289 1194 5359 quodque
1225 5299 1454 5346 matrem
1490 5293 1750 5364 principis
1777 5293 2036 5350 Helenam

479 5371 773 5444 Augustam
801 5381 1127 5435 contumelia
1158 5381 1447 5439 affecisset.
1474 5383 1560 5439 Fit
1581 5387 1771 5456 ingens
1800 5401 2038 5441 conveno

479 5474 568 5519 tus
599 5467 978 5538 episcoporum
1016 5473 1072 5526 in
1110 5474 1244 5528 urbe
1290 5475 1602 5542 Antiochia,
1650 5477 1739 5531 cui
1781 5479 2036 5546 praesedit

478 5558 742 5616 Eusebius
774 5560 1225 5630 Nicomediensis,
1259 5569 1426 5623 totius
1458 5568 1709 5625 factionis
1740 5581 1932 5625 auctor
1970 5587 2032 5625 ac

480 5651 719 5722 signifer.
757 5654 1009 5710 Interfuit
1052 5657 1215 5712 etiam
1257 5659 1384 5714 huic
1428 5661 1637 5732 synodo
1678 5661 2032 5720 Caesariensis

479 5741 758 5800 Eusebius.
805 5744 972 5818 Igitur
1005 5747 1318 5808 Eustathius
1363 5765 1415 5808 a.
1445 5752 1589 5825 Cyro
1634 5752 2029 5810 Berraaensium

479 5834 722 5907 episcopo
773 5849 1058 5895 accusatus
1103 5840 1244 5901 quod
1297 5840 1513 5909 impiam
1563 5841 1782 5898 Sabellii
1834 5845 2032 5900 doctri-

2156 1971 2232 2027 bii
2258 1971 2546 2028 consili-um
2585 1984 2913 2041 magnopere
2940 1968 3199 2023 laudavit.
3238 1966 3456 2036 Dejecto
3486 1967 3542 2020 in
3576 1967 3744 2022 hunc

2158 2060 2376 2115 modum
2419 2058 2726 2122 Eustathio,
2777 2057 2920 2127 quod
2967 2072 3112 2111 anno
3138 2055 3343 2113 Christi
3373 2057 3477 2111 550
3503 2063 3743 2128 gestum

2156 2169 2278 2209 esse
2312 2156 2365 2207 in
2405 2153 2862 2208 Adnotationibus
2889 2151 3192 2213 observavi,
3238 2149 3423 2204 Ariani
3458 2151 3512 2204 in
3550 2149 3737 2203 Atha-

2157 2244 2371 2299 nasium
2415 2243 2616 2298 furoris
2667 2244 2752 2298 sui
2797 2245 3057 2312 impetum
3115 2249 3354 2298 vertunt.
3413 2241 3491 2296 Ac
3540 2241 3742 2310 primo

2159 2337 2376 2407 quidem
2427 2336 2825 2392 ordinationem
2867 2334 2988 2406 ejus
3035 2341 3293 2389 accusant
3328 2333 3469 2405 apud
3514 2334 3741 2403 princi-

2159 2443 2277 2496 pem
2308 2445 2320 2480 :
2355 2426 2551 2482 deinde
2582 2426 2726 2496 quod
2768 2426 2922 2480 lineae
2949 2425 3114 2480 vestis
3153 2439 3414 2480 canonem
3447 2438 3478 2476 a
3499 2423 3738 2494 provin-

2157 2525 2390 2580 cialibus
2441 2526 2677 2596 exigeret
2715 2541 2729 2578 :
2770 2523 2918 2593 quod
2967 2538 3182 2578 sacrum
3236 2522 3460 2577 calicem
3507 2520 3736 2575 confre-

2155 2616 2322 2687 gisset
2347 2635 2360 2671 :
2393 2624 2667 2687 postremo
2694 2617 2838 2686 quod
2863 2615 3150 2671 Arsenium
3187 2616 3475 2684 quemdam
3499 2613 3733 2683 episco-

2157 2722 2283 2776 pum
2302 2706 2687 2762 interemisset.
2706 2706 2890 2777 Itaque
2906 2705 3295 2762 Constantinus
3314 2704 3732 2760 molestissimis

2155 2813 2344 2852 eorum
2390 2797 2755 2853 delationibus
2797 2797 3074 2868 fatigatus,
3111 2797 3398 2852 concilium
3431 2795 3631 2849 indixit
3672 2795 3731 2848 in

2156 2889 2290 2944 urbe
2311 2887 2475 2961 Tyro,
2498 2903 2672 2959 eoque
2695 2889 3049 2944 Athanasium
3071 2890 3384 2960 episc0pum
3405 2887 3470 2942 ad
3495 2901 3730 2942 causam

2155 2981 2440 3036 dicendam
2464 2981 2648 3036 venire
2673 2981 2860 3051 jussit.
2888 2979 2948 3034 In
2971 2996 3033 3036 ea
3059 2979 3447 3052 synodojudex
3471 2978 3616 3034 sedit
3640 2979 3723 3033 in-

2156 3082 2240 3130 ter
2267 3081 2493 3129 czeteros
2521 3073 2787 3129 Eusebius
2810 3073 3188 3139 Caesariensis,
3213 3087 3372 3142 quem
3404 3069 3726 3128 Const-anti-

2157 3183 2262 3222 nus
2287 3167 2337 3222 ei
2375 3167 2610 3221 concilio
2637 3167 2907 3221 interesse
2921 3166 3188 3220 voluerat.
3215 3163 3371 3218 Hunc
3395 3164 3450 3218 in
3478 3162 3726 3217 concilio

2157 3258 2434 3315 sedentem
2486 3257 2836 3328 conspicatus
2895 3255 3120 3311 Potamo
3177 3254 3724 3324 Heraclcopolitanus

2153 3350 2467 3419 episcopus,
2504 3350 2598 3420 qui
2641 3364 2763 3404 cum
2793 3349 3096 3405 Athanasio
3142 3347 3399 3418 episcopo
3427 3352 3481 3400 et
3511 3346 3724 3416 aliquot

2154 3441 2372 3513 Egypti
2428 3441 2806 3498 sacerdoti-bus
2855 3441 2985 3496 illuc
3022 3439 3338 3504 advenerat,
3398 3439 3488 3494 his
3530 3440 3722 3495 verbis

2153 3533 2509 3604 compellasse
2538 3532 2741 3586 dicitur
2767 3551 2779 3586 :
2809 3531 2966 3596 Tene,
3000 3530 3219 3596 Eusebi,
3252 3529 3449 3593 sedere,
3480 3539 3530 3583 et
3561 3531 3712 3585 inno-

2153 3633 2348 3679 centem
2389 3624 2745 3678 Athanasium
2797 3633 2942 3677 stare
2991 3639 3023 3675 a
3059 3632 3107 3675 te
3143 3619 3540 3691 judicandum?
3584 3620 3727 3687 Quis

2153 3719 2262 3773 Iure
2297 3720 2410 3790 pati
2441 3721 2648 3790 possit?
2680 3717 2870 3774 Nonne
2913 3718 3287 3790 persecutionis
3336 3727 3563 3786 tempore
3613 3734 3728 3771 me-

2149 3829 2268 3866 cum
2301 3815 2356 3866 in
2397 3812 2634 3867 custodia
2675 3813 2872 3882 fuisti?
2915 3813 3081 3882 Atque
3116 3828 3208 3883 ego
3253 3810 3464 3883 quidem
3507 3811 3725 3864 oculum

2149 3920 2242 3972 pro
2265 3905 2479 3958 veritate
2501 3905 2740 3973 perdidi;
2778 3917 2833 3958 tu
2869 3905 3016 3958 nulla
3049 3905 3284 3974 corporis
3312 3911 3462 3972 parte
3497 3902 3725 3958 mutila-

2152 4005 2234 4049 tus
2261 4012 2336 4060 es,
2371 4012 2531 4066 neque
2562 3996 2878 4065 martyrium
2926 3995 3154 4059 subiisti,
3189 3993 3279 4049 sed
3304 3996 3448 4048 vivus
3483 3995 3723 4065 integer-

2148 4106 2244 4160 que
2293 4091 2557 4144 consistis.
2601 4089 2848 4156 Quanam
2895 4091 3101 4143 ratione
3140 4105 3168 4143 e
3209 4103 3412 4141 carcere
3455 4088 3717 4145 evasisti.

2147 4183 2250 4237 nisi
2300 4180 2437 4250 quod
2464 4181 2880 4250 persecutoribus
2911 4181 3104 4234 nostris
3134 4177 3460 4248 spopondisti
3504 4188 3553 4231 te
3603 4194 3720 4231 rem

2149 4272 2408 4340 nefariam
2439 4273 2820 4341 admissurum,
2867 4291 2928 4329 ac
2974 4274 3201 4343 fortasse
3228 4271 3388 4324 etiam
3422 4268 3729 4326 admisisti?

2147 4361 2273 4418 IIch
2301 4363 2638 4434 Epiphanius
2661 4365 2736 4418 ita
2758 4372 2944 4418 narrat
2972 4365 3026 4418 in
3048 4363 3242 4417 haeresi
3268 4361 3714 4416 Meletianorum.

2145 4451 2224 4507 Ex
2257 4455 2458 4524 quibus
2487 4455 2664 4510 obiter
2709 4462 2953 4524 apparet,
3004 4453 3118 4508 falli
3152 4468 3247 4508 eos
3289 4453 3382 4522 qui
3414 4450 3719 4506 Eusebium

2145 4550 2400 4598 nostrum
2455 4543 2616 4599 idolis
2670 4545 2966 4614 aliquando
3020 4543 3363 4600 sacriﬁcasse
3403 4541 3716 4606 scribunt,

2147 4635 2310 4705 idque
2340 4635 2418 4689 illi
2459 4636 2516 4690 in
2555 4638 2767 4708 synodo
2810 4636 2972 4709 Tyria
3005 4636 3179 4706 palam
3211 4636 3482 4705 objectum
3517 4634 3713 4691 fuisse.

2145 4726 2331 4798 Neque
2359 4729 2505 4782 enim
2552 4728 2845 4786 Eusebium
2900 4730 3238 4785 insimulavit
3279 4729 3530 4791 Potamo,
3563 4731 3714 4800 quod

2145 4820 2309 4874 idolis
2347 4821 2764 4887 immolavisset,
2817 4820 2912 4877 sed
2963 4828 3178 4874 tantum
3221 4819 3369 4890 quod
3424 4820 3609 4875 salvus
3653 4831 3711 4875 et

2144 4911 2354 4982 integer
2383 4929 2449 4967 ex
2480 4928 2700 4970 carcere
2727 4914 3010 4979 dimissus,
3052 4912 3106 4966 id
3141 4912 3209 4966 de
3237 4915 3357 4982 ipso
3390 4911 3709 4980 suspicandi

2143 5018 2332 5059 ansam
2365 5005 2703 5076 praebuisset.
2724 5003 2866 5060 Fieri
2900 5012 3082 5059 tamen
3115 5011 3317 5074 potest,
3352 5010 3411 5056 ut
3439 5001 3709 5058 Eusebius

2142 5099 2249 5152 alio
2272 5100 2528 5170 qu0piam
2561 5099 2722 5152 modo
2747 5098 3011 5154 dimissus
3039 5097 3204 5152 fuerit
3224 5113 3254 5153 e
3274 5112 3518 5165 carcere,
3541 5113 3706 5168 quam

2142 5190 2236 5244 illo
2285 5207 2448 5260 quem
2482 5190 2667 5244 retulit
2697 5189 2945 5246 Potamo.
2978 5190 3247 5246 Caeterum
3296 5205 3362 5244 ex
3414 5189 3705 5261 Epiphanii

2143 5283 2324 5338 verbis
2356 5284 2540 5355 colligi
2570 5283 2806 5348 videtur,
2833 5283 3126 5339 Eusebium
3159 5284 3550 5338 Caesariensem
3576 5282 3704 5335 huic

2141 5375 2352 5446 synodo
2377 5375 2716 5445 prasedisse.
2767 5374 2932 5428 Addit
2970 5375 3118 5428 enim
3147 5373 3439 5428 Eusebium
3484 5372 3569 5426 his
3599 5386 3732 5440 au-l

2137 5466 2272 5522 ditis
2299 5467 2538 5537 graviter
2567 5474 2919 5528 commotum,
2971 5466 3250 5520 dimisisse
3279 5464 3591 5518 concilium.
3622 5460 3699 5515 Ex

2139 5563 2261 5617 aliis
2295 5572 2471 5616 tamen
2505 5560 2865 5630 scriptoribus
2899 5570 3239 5629 compertum
3279 5557 3564 5618 habemus,
3588 5568 3699 5608 non

2135 5655 2552 5718 Caesariensem,
2584 5655 2677 5709 sed
2706 5653 3174 5708 Nicomediensem
3207 5650 3500 5706 Eusebium
3522 5645 3700 5720 Tyrias

2135 5749 2342 5820 synodo
2372 5748 2674 5819 praefuisse.

2208 5845 2338 5899 Post
2383 5844 2680 5898 concilium
2729 5841 2852 5908 Tyri
2896 5840 3160 5928 habitum,
3215 5838 3451 5911 episcopi
3505 5850 3702 5891 omnes
