3924 6266
229 407 287 462 Bt
1149 403 1154 409 ’
1667 413 1968 470 NOTtTlA.
3382 413 3455 467 33

236 529 318 601 qui
348 527 454 582 illic
479 525 879 593 consederant,
927 527 1085 600 jussu
1125 531 1386 601 principis
1418 530 1794 605 Hierosolyma
1823 544 1869 598 Α
1895 554 2016 607 quae
2040 545 2364 607 congregata
2393 543 2478 593 est
2503 535 2794 592 consulatu
2820 533 3131 590 Constantii
3169 541 3221 588 et
3249 531 3452 598 Albini,

245 637 300 678 se
323 619 614 682 contulere,
647 621 717 675 ad
759 621 1090 678 celebranda
1119 622 1359 677 encaenia
1390 638 1597 693 magna:
1650 626 1796 682 illius

245 713 492 776 basilicae,
523 727 686 783 quam
722 712 781 767 in
835 713 1097 770 honorem
1144 713 1350 770 Christi
1398 715 1789 774 Constantinus

248 807 430 864 ibidem
477 813 848 861 “struxerat.
904 807 1018 863 Illic
1072 807 1341 864 Eusebius
1391 818 1576 865 noster
1620 812 1787 868 variis

253 897 586 955 concionibus
631 898 692 952 in
726 899 962 954 ecclesia
1015 899 1215 954 habitis
1249 899 1598 956 festivitatem
1631 903 1795 957 deco-

255 989 457 1045 raverit.
510 989 762 1060 Cumque
827 989 1121 1060 imperator
1169 990 1541 1046 acerbissimis
1598 991 1796 1048 litteris

256 1083 523 1152 episcopos
551 1081 618 1135 ad
642 1081 963 1136 comitatum
996 1097 1157 1136 suum
1194 1090 1494 1147 evocasset,
1523 1090 1580 1136 ut
1605 1098 1795 1138 eorum

250 1189 359 1243 qua:
391 1172 655 1227 adversus
697 1171 1058 1227 Athanasium
1090 1188 1187 1244 per
1224 1171 1468 1228 fraudem
1503 1187 1567 1228 ac
1601 1174 1794 1229 simul-

247 1273 402 1322 tatem
429 1274 738 1336 gesserant,
762 1265 1026 1320 rationem
1061 1279 1245 1320 coram
1269 1266 1585 1333 redderent;
1619 1265 1794 1322 Euse-

247 1357 369 1413 hius.
387 1365 577 1414 noster
606 1373 714 1413 una
744 1374 867 1412 eum
909 1358 1149 1429 quinque
1191 1357 1311 1414 aliis
1339 1358 1487 1413 venit
1517 1358 1785 1413 Constan-

244 1450 541 1520 tinopolim,
582 1450 760 1521 deque
805 1449 1060 1508 omnibus
1100 1451 1266 1522 gestis
1315 1451 1615 1522 principem
1661 1465 1784 1505 cer-

245 1541 428 1595 tiorem
461 1541 615 1598 fecit.
664 1541 821 1598 Tunc
871 1542 1034 1598 etiam
1083 1542 1437 1598 tricennalem
1485 1541 1786 1598 orationem

244 1645 417 1684 coram
447 1630 572 1702 ipso
618 1632 948 1702 imperatore
995 1631 1050 1686 in
1082 1629 1284 1702 palatio
1312 1631 1583 1687 recitavit.
1618 1632 1791 1698 Quam

242 1722 446 1792 quidem
476 1724 779 1793 imperator
808 1737 1023 1778 summo
1050 1737 1175 1777 cum
1221 1722 1414 1792 gaudio
1443 1724 1790 1790 auscultavit,

238 1829 336 1869 non
359 1821 469 1868 tam
504 1813 578 1868 ob
613 1829 764 1879 suas,
803 1828 968 1884 quam
1007 1813 1078 1868 ob
1113 1812 1207 1867 Dei
1241 1813 1448 1875 laudes,
1485 1828 1644 1882 quem
1680 1811 1790 1866 Eu-

1899 643 2042 684 anno
2071 629 2177 683 535
2207 627 2418 684 Natalis
2468 627 2760 683 Dominici.
2809 627 2971 683 Certe
3002 625 3269 680 Eusebius
3298 623 3355 678 in
3384 625 3452 679 li-

1896 717 1998 772 bro
2027 733 2043 771 t
2078 716 2277 773 Contra
2325 717 2639 772 Marcellum
2684 720 2749 773 de
2776 717 3135 772 ecclesiastica
3169 715 3452 786 theologia,

1899 824 2018 878 cap.
2055 807 2142 874 14,
2189 808 2390 864 diserte
2431 809 2644 874 scribit,
2691 807 3008 864 Marcellum
3041 808 3236 863 merito
3265 806 3333 861 ab
3361 805 3490 860 Ec-i

1893 899 2062 954 clesia
2085 900 2403 953 damnatum
2432 899 2625 955 fuisse.
2652 897 2956 954 Damnatus
3003 905 3186 952 autem
3218 904 3302 953 est
3348 899 3456 968 pri-

1893 1004 2040 1043 mum
2071 988 2356 1044 Marcellus
2395 987 2451 1042 in
2485 987 2694 1060 synodo
2722 986 3350 1056 Constantinopolitana,
3386 987 3456 1042 ab

1895 1080 2004 1136 illis
2034 1081 2169 1151 ipsis
2193 1081 2464 1150 episcopis
2505 1080 2599 1151 qui
2627 1079 2912 1136 basilicam
2943 1078 3454 1134 Constantinianam

1895 1171 2286 1244 Hierosolymis
2325 1171 2733 1236 dedicaverant,
2788 1171 2894 1227 hoc
2941 1177 3026 1226 est
3065 1186 3208 1227 anno
3253 1170 3456 1227 Christi

1894 1265 2020 1327 355,
2051 1265 2134 1320 vel
2163 1272 2310 1319 certe
2337 1262 2460 1330 556,
2518 1270 2577 1318 ut
2617 1263 2852 1318 Baronio
2877 1263 3075 1333 placet.
3109 1261 3175 1316 Et
3208 1260 3459 1317 Socrates

1894 1356 2112 1426 quidem
2139 1364 2251 1411 tres
2274 1362 2484 1410 tantum
2526 1356 2772 1426 agnoscit
2799 1354 3022 1410 Eusebii
3075 1355 3244 1410 libros
3273 1363 3457 1408 contra

1894 1447 2231 1513 Marcellum,
2261 1463 2356 1504 eos
2389 1448 2601 1505 scilicet
2630 1448 2724 1520 qui
2762 1447 2839 1503 De
2867 1448 3229 1503 ecclesiastica
3259 1447 3460 1502 theolo-

1893 1543 1980 1609 gia
2014 1540 2442 1598 inscribuntur:
2476 1557 2599 1597 cum
2643 1550 2824 1596 tamen
2867 1547 3038 1595 totum
3083 1556 3222 1610 opus
3267 1547 3458 1594 contra

1893 1630 2231 1698 Marcellum,
2269 1633 2511 1704 quinque
2541 1632 2694 1689 libris
2727 1631 2796 1686 ab
2824 1631 3058 1688 Eusebio
3089 1633 3159 1688 sit
3203 1647 3455 1702 compre-

1891 1725 2147 1782 hensum.
2169 1724 2340 1781 Porro
2362 1725 2606 1780 omnium
2630 1724 2851 1780 Eusebii
2879 1725 3166 1789 librorum,
3195 1724 3456 1796 postremi

1894 1818 2150 1873 videntur
2183 1833 2307 1874 esse
2334 1825 2568 1888 quatuor
2600 1816 2679 1870 illi
2735 1815 2814 1869 De
2878 1814 3002 1870 Vita
3041 1817 3169 1886 imp.
3200 1815 3458 1870 Constan-

238 1904 412 1960 sebius
443 1911 561 1959 tota
594 1904 684 1959 illa
720 1879 966 1959 oratione
994 1902 1381 1958 celebraverat.
1423 1879 1575 1956 Hanc
1597 1917 1790 1957 secun-
1824 1879 1866 1940 Β
1897 1911 2013 1965 uni,
2073 1909 2270 1979 scripti
2322 1879 2449 1966 s-um
2481 1909 2628 1964 enim
2685 1915 2806 1978 post
2857 1915 3088 1963 mortem
3116 1879 3251 1979 imp.
3287 1908 3458 1972 illius,

235 1998 352 2052 dam
378 1998 684 2052 orationem
707 1997 762 2050 in
785 1997 985 2067 palatio
1008 2010 1038 2049 a
1061 2011 1119 2050 se
1139 1995 1339 2049 dictam
1367 1994 1537 2050 fuisse
1560 2001 1792 2049 testatur

237 2088 501 2145 Eusebius
531 2089 589 2144 in
621 2089 761 2144 libro
813 2086 890 2142 De
921 2087 1028 2142 vita
1052 2085 1409 2142 Constantini.
1444 2084 1562 2140 Jam
1593 2087 1793 2156 quippe

235 2187 384 2234 antea
417 2179 726 2236 orationem
755 2177 825 2234 de
855 2179 1106 2249 sepulcro
1155 2176 1370 2231 Domini
1424 2177 1692 2232 habuerat
1736 2178 1791 2234 in

233 2272 462 2343 palatio;
519 2287 684 2343 quam
718 2270 942 2343 quidem
983 2271 1282 2342 imperator
1334 2277 1488 2326 stans
1521 2271 1790 2335 audierat,

233 2379 323 2420 nec
349 2379 622 2435 unquam,
645 2363 774 2420 licet
801 2363 971 2418 semel
1019 2370 1182 2433 atque
1216 2363 1411 2417 iterum
1443 2363 1510 2417 ab
1556 2362 1791 2418 Eusebio

231 2465 468 2527 rogatus,
502 2455 696 2512 sedere
747 2455 803 2511 in
847 2455 981 2510 sella
1011 2455 1113 2510 sibi
1147 2455 1394 2524 apposita
1423 2456 1788 2520 sustinuerat;

226 2563 435 2619 equm
466 2563 593 2604 esse
625 2547 836 2612 dicens,
869 2561 1150 2602 sermones
1201 2546 1269 2601 de
1319 2545 1428 2601 Deo
1461 2561 1492 2599 a
1521 2546 1791 2602 stantibus

233 2639 490 2705 exaudiri,
528 2645 588 2693 ut
620 2637 787 2694 refert
814 2636 1082 2694 Eusebius
1113 2637 1168 2691 in
1198 2637 1375 2708 capite
1424 2638 1494 2692 55
1541 2638 1788 2708 ejusdem

232 2730 362 2785 libri.

289 2820 461 2876 Porro
490 2835 657 2890 quam
692 2819 894 2875 charus
915 2827 1284 2890 acceptusque
1328 2817 1494 2874 fuerit
1521 2817 1791 2873 Constan-

228 2915 330 2967 tino
356 2919 552 2967 noster
578 2909 871 2974 Eusebius,
907 2919 1022 2964 tum
1045 2926 1110 2964 ex
1136 2910 1225 2965 his
1252 2925 1373 2981 quae
1400 2908 1534 2974 dixi,
1569 2918 1683 2962 tum
1723 2923 1790 2962 ex

230 3005 408 3059 multis
429 3003 566 3074 aliis
601 3003 731 3058 licet
775 3001 1098 3072 intelligere.
1127 3001 1262 3056 Nam
1291 3010 1348 3057 et
1377 3001 1688 3070 frequentes
1721 3002 1788 3054 ab

229 3111 286 3150 eo
312 3093 526 3163 accepit
560 3093 796 3156 litteras,
829 3108 949 3162 quae
974 3093 1027 3147 in
1061 3092 1393 3164 supradictis
1421 3092 1576 3147 libris
1611 3092 1791 3145 intex-

229 3197 288 3240 ta:
309 3187 584 3257 leguntur.
613 3182 725 3239 Nec
754 3199 878 3238 raro
909 3183 976 3239 ad
1005 3186 1267 3254 palatium
1313 3183 1522 3238 accitus
1565 3191 1620 3238 et
1664 3197 1790 3236 con-

1894 2000 1983 2054 cui
2037 2015 2149 2053 non
2197 2001 2292 2054 diu
2342 2006 2625 2069 superstes
2675 1998 2813 2053 vixit
2868 1997 3157 2054 Eusebius.
3212 1998 3458 2053 Mortuus

1891 2089 2091 2160 quippe
2104 2098 2188 2144 est
2203 2089 2305 2144 sub
2319 2089 2540 2144 exordia
2556 2089 2895 2158 principatus
2909 2087 3215 2143 Constantii
3229 2088 3459 2158 Augusti

1891 2180 2053 2250 paulo
2081 2187 2208 2235 ante
2236 2186 2468 2234 mortem
2495 2179 2840 2235 Constantini
2873 2177 3139 2243 Junioris,
3174 2193 3294 2249 quae
3319 2193 3454 2232 con-

1891 2271 2014 2342 tigit
2040 2270 2325 2341 Acindyno
2352 2279 2407 2326 et
2436 2269 2670 2325 Proculo
2702 2271 3044 2338 consulibus,
3077 2285 3222 2324 anno
3249 2269 3456 2326 Christi

1891 2364 2018 2427 540,
2053 2372 2114 2418 ut
2134 2363 2407 2434 colligitur
2437 2379 2503 2419 ex
2541 2363 2785 2419 Socratis
2816 2365 2956 2418 libro
3003 2363 3266 2419 secundo.
3298 2363 3456 2430 Quod

1891 2465 2070 2510 autem
2101 2453 2342 2528 Scaliger
2387 2455 2444 2508 in
2497 2455 3075 2509 Animadversionibus
3108 2453 3453 2517 Eusebianis,

1889 2547 2144 2603 editionis
2173 2547 2378 2602 ultimae
2424 2561 2549 2617 pag.
2573 2546 2699 2611 250,
2726 2548 2801 2602 ait
2822 2545 3041 2602 Eusebii
3073 2547 3242 2601 libros
3271 2556 3458 2600 contra

1893 2639 2247 2710 Porphyrium
2271 2639 2511 2710 scriptos
2531 2655 2654 2696 esse
2673 2640 2776 2696 sub
2805 2639 3152 2702 Constantio,
3183 2638 3457 2694 Constan-

1889 2732 1988 2785 tini
2046 2730 2226 2802 Magni
2273 2731 2405 2798 tilio,
2464 2746 2588 2785 eum
2648 2732 2854 2788 nullius
2909 2731 3119 2801 antiqui
3167 2731 3458 2800 scriptoris

1888 2825 2204 2879 testimonio
2234 2823 2611 2888 confirmetur,
2660 2839 2690 2878 a
2716 2824 2876 2879 nobis
2907 2833 3018 2878 tam
3052 2824 3210 2879 facile
3242 2821 3457 2876 admitti

1889 2930 1998 2969 non
2030 2922 2227 2986 potest.
2261 2913 2367 2969 Sed
2397 2914 2543 2984 quod
2577 2915 2774 2970 ibidem
2809 2915 3030 2985 subjicit
3059 2913 3322 2984 Scaliger,
3344 2920 3460 2968 tres

1893 3015 2202 3076 postremos
2232 3007 2563 3078 Evangelicae
2608 3008 3074 3062 demonstrationis
3129 3007 3320 3070 libros,
3356 3021 3456 3060 oc-

1893 3104 2075 3151 tavum
2108 3097 2381 3152 decimum
2405 3097 2636 3165 scilicet,
2673 3113 2877 3154 nonum
2917 3098 3190 3154 decimum
3221 3112 3286 3152 ac
3315 3097 3459 3169 vice-

1893 3189 2114 3253 simum,
2139 3189 2207 3243 ab
2237 3189 2473 3246 Eusebio
2507 3190 2740 3260 scriptos
2791 3205 2915 3246 esse
2972 3199 3165 3244 contra
3213 3188 3456 3261 Porphy-

226 3255 684 3346 rium—exceptus,
739 3281 794 3330 et
849 3273 1108 3328 familiari
1158 3273 1436 3344 colloquio
1485 3272 1784 3327 honoratus
1813 3255 1855 3310 (δ
1889 3281 2054 3344 rium,
2084 3279 2140 3334 in
2168 3295 2234 3336 eo
2260 3280 2550 3337 manifeste
2582 3255 2972 3336 hallucinatur.
3007 3280 3211 3336 Scribit
3237 3255 3456 3352 quidem

223 3381 320 3430 est.
353 3371 500 3438 Qu’n
556 3371 721 3425 etiam
771 3368 1038 3423 visionem
1092 3366 1240 3420 illam
1294 3365 1477 3421 crucis
1523 3380 1685 3435 quam
1730 3365 1786 3417 in

222 3465 356 3522 caelo
418 3462 822 3519 Constantinus
867 3459 1081 3515 viderat
1138 3467 1271 3513 tunc
1332 3473 1458 3512 cum
1523 3456 1786 3512 adversus

224 3557 553 3613 Maxentium
589 3553 1050 3625 proficisceretur,
1079 3551 1316 3607 Eusebio
1365 3557 1559 3606 nostro
1594 3565 1782 3604 narra.

223 3653 325 3717 vit;
354 3658 410 3705 et
433 3647 711 3704 Labarum
739 3646 885 3717 quod
907 3645 974 3699 ad
993 3644 1177 3700 crucis
1202 3645 1349 3699 illius
1377 3643 1786 3700 similitudinem

221 3748 582 3814 expresserat,
629 3740 804 3794 eidem
850 3737 1110 3802 ostendit,
1161 3734 1615 3806 quemadmodum
1670 3734 1788 3804 ipse

221 3839 447 3889 testatur
476 3829 771 3884 Eusebius.
797 3826 1044 3896 Cumque
1073 3841 1210 3897 opus
1242 3825 1468 3880 haberet
1503 3824 1786 3878 codicibus

222 3925 387 3979 sacris
420 3922 492 3976 ad
530 3936 689 3974 usum
724 3919 1078 3974 ecclesiarum
1127 3933 1264 3987 quas
1311 3915 1786 3985 Constantinopoli

224 4015 606 4077 zdiﬁcaverat,
627 4027 814 4066 eorum
841 4010 1326 4065 deseribendorum
1351 4023 1538 4062 curam
1576 4024 1640 4062 ac
1671 4008 1783 4063 sol-

222 4101 558 4155 licitudinem
592 4096 869 4152 mandavit
904 4097 1173 4159 Eusebio;
1224 4099 1424 4168 quippe
1473 4113 1634 4168 quem
1687 4097 1785 4150 ha-

221 4207 332 4246 rum
361 4205 551 4246 rerum
574 4189 968 4260 peritissimum
992 4205 1115 4245 esse
1138 4191 1307 4260 probe
1326 4191 1510 4245 sciret.
1540 4187 1785 4258 Denique

222 4300 334 4338 cum
362 4281 641 4338 Eusebius
670 4289 859 4336 noster
886 4281 1085 4337 librum
1115 4281 1192 4336 De
1225 4281 1357 4351 festo
1388 4281 1627 4352 paschali
1664 4281 1783 4350 ejus

219 4375 418 4432 nomini
447 4380 844 4445 nuncupasset,
880 4373 1015 4429 adeo
1035 4374 1338 4444 jucundum
1377 4373 1431 4428 id
1463 4389 1660 4430 munus
1687 4375 1784 4428 fuit

219 4469 604 4532 Constantino,
649 4475 709 4521 ut
742 4466 938 4521 librum
994 4468 1146 4521 illum
1195 4467 1379 4523 statim
1418 4467 1472 4521 in
1527 4466 1780 4522 Latinum

221 4573 524 4615 sermonem
561 4556 805 4612 converti
839 4557 1090 4627 jusserit,
1148 4558 1481 4630 scriptisque
1510 4559 1576 4612 ad
1612 4558 1782 4612 Euse-
1814 4590 1856 4644 υ

220 4654 359 4709 bium
414 4653 617 4708 litteris
646 4667 771 4706 eum
804 4653 1054 4709 hortatus
1083 4653 1176 4716 sit,
1208 4659 1268 4707 ut
1316 4652 1584 4723 ejusmodi
1618 4667 1780 4722 opera

221 4761 333 4815 qua:
354 4746 408 4799 in
440 4745 700 4799 manibus
726 4744 980 4809 habebat,
1012 4761 1196 4800 rerum
1247 4761 1526 4802 sacrarum
1568 4745 1784 4800 studio-

223 4842 293 4896 sis
312 4840 716 4911 quamprimum
748 4839 1196 4894 communicaret.

287 4933 399 4989 Sub
428 4933 574 4989 idem
607 4941 826 5003 tempus
853 4932 1121 4990 Eusebius
1163 4933 1586 5004 descriptionem
1633 4931 1783 4989 basi-

224 5028 330 5082 lica:
358 5025 890 5096 Hierosolymitanae,
919 5034 973 5079 et
1006 5025 1359 5080 denariorum
1393 5041 1513 5095 qua:
1547 5025 1659 5079 illic
1694 5040 1783 5080 sa-

221 5127 361 5174 crata
389 5118 631 5181 fuerant,
664 5116 810 5170 brevi
832 5115 1016 5172 libello
1039 5117 1486 5186 comprehensam
1510 5116 1782 5173 Constan-

221 5211 324 5264 tino
354 5207 593 5279 principi
624 5209 980 5278 nuncupavit.
1039 5208 1212 5273 Quam
1261 5209 1481 5280 quidem
1515 5225 1619 5264 una
1655 5195 1777 5264 eum

220 5303 450 5356 oratione
505 5300 796 5354 tricennali
843 5298 913 5354 ad
966 5301 1172 5354 calcem
1232 5301 1494 5354 librorum
1535 5302 1612 5355 De
1669 5304 1777 5358 vita

221 5391 548 5448 Constantini
577 5391 904 5461 sulijecerat.
957 5389 1156 5445 Verum
1191 5391 1281 5446 hic
1315 5391 1451 5447 liber
1476 5393 1638 5450 hodie
1659 5376 1776 5449 non

218 5493 400 5540 exstat.
434 5483 640 5539 Eodem
673 5485 834 5538 etiam
872 5492 1115 5576 tenmore
1146 5485 1334 5554 scripti
1389 5495 1518 5540 sunt
1570 5488 1638 5541 ab
1670 5487 1777 5541 Eu—

221 5575 356 5629 sebio
390 5574 519 5628 libri
569 5573 816 5644 quinque
872 5573 1057 5628 contra
1103 5573 1421 5630 Marcellum
1470 5595 1488 5631 :
1541 5593 1774 5649 quorum

219 5674 514 5735 postremos
545 5676 661 5721 tres
713 5666 789 5720 De
836 5668 1190 5722 ecclesiastica
1228 5670 1486 5740 theologia
1520 5669 1777 5727 Flaccillo

222 5757 657 5813 Antiochensium
725 5758 982 5828 episcopo
1043 5759 1340 5830 inscripsit.
1411 5761 1535 5817 lniit
1595 5773 1774 5818 autem

224 5851 584 5920 episeopatum
627 5848 916 5905 Flaccillus
950 5852 1106 5919 paulo
1136 5860 1260 5909 ante
1311 5855 1575 5924 synodum
1620 5857 1769 5930 Tyri.

1886 3370 2272 3442 Hieronymus,
2323 3371 2616 3427 Eusebium
2663 3373 2842 3428 tribus
2894 3371 3286 3435 voluminibus,
3349 3371 3457 3426 hoc

1885 3473 1988 3528 est,
2007 3479 2161 3528 xvnl,
2181 3480 2271 3517 nx
2293 3472 2345 3518 et
2363 3479 2452 3531 xx,
2476 3462 2827 3533 respondisse
2840 3460 3165 3532 Porphyrio,
3185 3461 3277 3532 qui
3305 3460 3360 3515 in
3391 3461 3459 3514 li-

1887 3555 1987 3610 bro
2008 3568 2083 3607 xu
2109 3560 2164 3608 et
2205 3569 2305 3607 xm
2335 3568 2525 3610 eorum
2557 3567 2696 3623 quos
2746 3562 2939 3606 contra
2971 3549 3315 3612 Christianos
3337 3550 3457 3606 edi-

1887 3645 1987 3708 dit,
2026 3645 2225 3699 librum
2257 3643 2498 3700 Danielis
2531 3643 2812 3715 prophetae
2861 3645 3171 3700 convellere
3207 3651 3454 3698 tentare-

1887 3745 1993 3792 rat.
2028 3735 2132 3791 Sed
2162 3736 2525 3807 Hieronymus
2570 3753 2678 3790 non
2728 3736 2898 3791 libros
2954 3734 3174 3790 Eusebii
3227 3734 3306 3790 De
3364 3735 3451 3789 de-

1889 3829 2269 3884 monstratione
2299 3827 2598 3898 evangelica
2627 3827 2901 3896 intelligit.
2948 3837 3004 3880 ut
3034 3827 3242 3896 putavit
3277 3824 3454 3881 Scali‘

1886 3936 2001 3992 ger,
2025 3919 2120 3976 sed
2142 3920 2311 3974 libros
2356 3919 2425 3974 ab
2460 3933 2525 3973 eo
2584 3927 2768 3971 contra
2823 3916 3178 3986 Porphyrium
3211 3917 3458 3972 elabora-

1885 4022 2003 4081 tos;
2038 4012 2129 4082 qui
2168 4011 2452 4080 Ἐλέγχου
2479 4009 2577 4064 καὶ
2621 4011 2960 4080 Ἀπολογίας
2991 4010 3454 4075 inscribebantur,

1886 4105 1964 4158 uti
2004 4104 2259 4174 colligere
2301 4109 2385 4156 est
2427 4117 2494 4156 ex
2549 4101 2881 4156 Bibliotheca
2929 4100 3134 4156 Photii.
3183 4100 3453 4157 Caeterum

1885 4197 1987 4251 hos
2021 4196 2190 4249 libros
2220 4202 2344 4264 post
2379 4193 2818 4247 Ecclesiasticam
2854 4192 3149 4248 Historiam
3182 4195 3250 4249 ab
3287 4194 3455 4249 Euse-

1883 4289 1973 4344 bio
2001 4289 2234 4358 scriptos
2260 4287 2430 4343 fuisse
2459 4288 2674 4357 opinor.
2739 4286 2905 4358 quue
2956 4303 3022 4343 ex
3070 4303 3135 4342 eo
3191 4289 3452 4358 conjicio,

1885 4382 2028 4452 quod
2062 4381 2332 4436 Eusebius
2364 4387 2553 4434 noster
2575 4381 2628 4434 in
2653 4382 2794 4434 libro
2819 4397 2872 4434 vr
2906 4379 3296 4436 Ecclesiastica:
3324 4381 3454 4434 His-

1885 4475 2054 4540 toria),
2091 4474 2182 4527 ubi
2213 4472 2480 4542 insignem
2505 4473 2683 4526 locum
2705 4471 2861 4526 affert
2880 4488 2946 4527 ex
2980 4473 3141 4528 tertio
3165 4471 3452 4543 Porphyrii

1887 4566 2025 4620 libro
2053 4574 2238 4618 contra
2271 4562 2628 4628 Christianos,
2686 4564 2891 4618 nullam
2933 4563 3064 4618 facit
3120 4563 3451 4619 mentionem

1885 4671 2072 4709 eorum
2109 4655 2376 4708 librorum
2408 4654 2608 4723 quibus
2669 4655 2784 4724 ipse
2825 4652 3128 4724 Porphyrio
3157 4651 3453 4719 responde-

1885 4757 2005 4801 rat:
2043 4761 2166 4800 cum
2194 4754 2374 4801 tamen
2407 4745 2541 4801 satis
2574 4746 2809 4815 diligens
2839 4745 3089 4799 laudator
3111 4759 3234 4798 esse
3278 4743 3454 4798 soleat

1882 4855 2109 4911 operum
2148 4855 2397 4904 suorum,
2433 4847 2487 4894 et
2522 4841 2588 4893 ad
2623 4855 2813 4894 eorum
2848 4840 3134 4893 lectionem
3179 4835 3454 4892 studiosos

1883 4931 2114 4988 subinde
2149 4930 2381 5000 rejiciat.

1956 5025 2064 5080 Sed
2124 5025 2385 5094 quoniam
2443 5033 2751 5094 opportuna
2811 5038 2930 5079 sese
2989 5020 3146 5076 oﬂ‘ert
3209 5023 3448 5087 occasio,

1881 5133 2053 5190 pauca
2082 5119 2246 5174 etiam
2289 5116 2357 5172 de
2397 5115 2786 5171 Ecclesiasticw
2813 5115 3066 5170 Historiae
3125 5115 3281 5171 libris
3345 5116 3451 5169 hoc

1881 5211 2003 5263 loco
2024 5209 2458 5265 adnotarelibet.
2490 5208 2696 5263 Horum
2728 5208 2872 5263 enim
2905 5208 3252 5279 potissimum
3283 5223 3450 5263 causa

1881 5308 1994 5355 tota
2018 5301 2131 5354 haec
2188 5317 2218 5354 a
2269 5301 2430 5356 nobis
2489 5299 2739 5355 instituta
2774 5307 2859 5354 est
2917 5300 3248 5354 lucubratio.
3282 5298 3449 5354 Multa.

1881 5395 2096 5466 quidem
2129 5394 2198 5447 ab
2220 5389 2457 5450 Eusebio
2489 5401 2678 5447 nostro
2710 5391 2912 5461 scripta
2943 5399 3070 5447 sunt
3097 5391 3165 5445 ad
3195 5388 3448 5447 Ecclesiae

1877 5486 2158 5541 catholicae
2183 5486 2488 5549 utilitatem,
2508 5491 2557 5538 et
2590 5484 2657 5538 ad
2680 5485 3104 5540 confirmandam
3121 5483 3450 5540 Christianae

1879 5579 2001 5634 ﬁdei
2036 5577 2318 5632 veritatem
2345 5617 2360 5641 ,
2413 5577 2608 5646 partim
2662 5576 2924 5633 adversus
2960 5576 3177 5635 Iudaeos
3204 5623 3217 5646 ,
3247 5577 3446 5649 partim

1877 5680 2066 5727 contra
2090 5671 2334 5742 gentiles.
2373 5671 2517 5725 Inter
2545 5685 2737 5725 omnes
2765 5677 2946 5726 tamen
2971 5671 3089 5742 ejus
3121 5672 3292 5726 libros
3332 5686 3442 5725 me-

1877 5765 1982 5818 rito
2001 5763 2233 5834 palmam
2263 5759 2366 5816 fert
2387 5755 2760 5816 Ecclesiastica
2775 5761 3040 5816 Historia.
3071 5762 3221 5817 Multi
3245 5763 3446 5833 quippe

1876 5866 2002 5913 ante
2032 5855 2324 5911 Eusebium
2361 5870 2455 5924 pro
2477 5855 2801 5912 Christianae
2862 5855 2986 5914 lidei
3035 5854 3351 5914 defensione
3381 5858 3449 5912 li-
