3924 6266
540 368 611 425 65
1492 368 1833 429 EUSEBIUS
1873 370 2350 430 CESABIENSIS
2389 370 2786 429 EPISCOPUS.
3732 375 3814 430 σε

540 488 670 542 bros
714 486 1176 558 conscripserant,
1227 494 1281 558 et
1335 485 1646 544 Iudaeorum
1703 492 2100 548 contumaciam
2133 489 2434 553 ANicasnas
2487 492 2934 547 commemoratio
2983 493 3074 548 hlc
3124 495 3301 552 alieno
3345 496 3464 551 loco
3522 496 3810 566 ponitur,

537 590 891 647 erroremque
920 578 1204 649 gentilium
1236 579 1589 636 validissimis
1619 581 1924 641 rationibus
1975 599 2106 640 con-

537 666 804 722 vicerant.
835 666 941 723 Sed
972 671 1064 740 qui
1091 685 1274 725 rerum
1292 671 1784 729 ecclesiasticarum
1817 675 2104 731 historiam

535 756 776 825 posteris
799 758 1058 824 traderet,
1102 775 1264 816 nemo
1311 767 1437 817 ante
1466 760 1760 819 Eusebium
1796 766 2100 821 exstiterat.

537 846 659 914 Quo
686 850 858 920 magis
888 849 1194 907 laudandus
1250 858 1335 908 est
1373 851 1641 909 Eusebius
1694 862 1901 921 noster,
1931 856 2023 927 qui
2052 863 2106 911 et

536 941 749 1012 primus
792 943 895 998 hoc
923 950 1300 1014 argumentum
1350 945 1707 1017 excogitavit;
1743 957 1944 1004 etcum
1972 949 2104 1004 illud

536 1046 827 1105 aggressus
851 1034 1066 1104 fuisset,
1093 1038 1350 1094 omnibus
1389 1039 1630 1095 numeris
1660 1040 1970 1096 absolutum
2017 1059 2104 1099 re-

534 1122 716 1196 liquit.
738 1124 897 1182 Certe
916 1142 1042 1183 cum
1073 1129 1228 1184 multi
1278 1140 1400 1201 post
1431 1145 1556 1185 eum
1608 1133 1810 1203 reperti
1847 1135 1979 1200 sint,
2011 1136 2100 1206 qui

534 1215 682 1272 illius
734 1220 982 1289 exemplo
1048 1219 1256 1277 incitati
1305 1238 1396 1279 res
1438 1223 1841 1282 ecclesiasticas
1885 1227 2103 1296 scriptis

532 1308 765 1378 prodere
803 1313 1248 1381 aggrederentur,
1289 1330 1481 1371 omnes
1524 1324 1705 1372 tamen
1770 1317 1835 1372 ab
1865 1316 1933 1375 iis
1966 1327 2104 1373 tem-

532 1398 759 1469 poribus
788 1400 1074 1457 historiam
1097 1419 1254 1459 suam
1301 1405 1485 1460 exorsi
1517 1412 1647 1462 sunt
1680 1406 1733 1460 in
1766 1407 1964 1477 quibus
1993 1406 2102 1462 Eu-

529 1486 717 1545 sebius
747 1499 934 1546 noster
964 1507 1102 1563 opus
1124 1509 1284 1549 suum
1310 1495 1724 1560 terminaverat;
1755 1496 2100 1567 superiorum

530 1592 659 1633 vero
690 1588 995 1649 temporum
1055 1582 1362 1648 historiam,
1397 1567 1558 1653 quam
1594 1586 1683 1640 ille
1735 1585 1922 1642 decem
1945 1586 2101 1643 libris

528 1679 877 1740 exposuerat,
923 1673 1191 1743 integram
1231 1673 1282 1728 ei
1322 1681 1486 1745 atque
1543 1676 1806 1731 intactam
1865 1678 2101 1749 relique-

528 1768 679 1817 runt.
718 1760 1083 1829 Quamobrem
1113 1766 1158 1820 si
1182 1765 1305 1836 quis
1334 1767 1486 1821 illum
1514 1768 1899 1825 ecclesiasticae
1928 1770 2102 1826 histo-

528 1854 624 1907 riae
652 1851 867 1911 Patrem
886 1863 940 1911 et
970 1857 1305 1913 conditorem
1329 1859 1603 1928 appellare
1626 1861 1878 1926 voluerit,
1905 1863 1951 1919 is
1982 1878 2108 1933 pro-
2141 1850 2181 1905 Β

528 1941 675 1999 fecto
698 1960 809 2000 non
843 1946 1080 2003 absurde
1141 1962 1243 2002 nec
1282 1950 1552 2004 immerito
1581 1951 1634 2004 id
1682 1966 1983 2023 cognomen
2025 1954 2102 2008 illi

528 2034 890 2107 impositurus
911 2038 1145 2095 videtur.
1170 2038 1413 2106 Quanam
1443 2051 1623 2096 autem
1648 2045 1861 2100 ratione
1894 2047 1959 2100 ad
2000 2046 2103 2100 hoc

528 2137 907 2198 argumentum
965 2133 1261 2187 accesserit
1293 2131 1588 2200 Eusebius,
1622 2150 1729 2189 non
1763 2135 1981 2193 diiiicile
2018 2147 2104 2194 est

524 2220 816 2288 conjicere.
841 2220 975 2274 Nam
1007 2237 1131 2277 cum
1156 2223 1210 2278 in
1252 2233 1494 2279 extrema
1535 2236 1691 2297 parte
1721 2226 2102 2285 Chronicorum

524 2307 822 2378 Canonum,
862 2320 1075 2384 tempus
1114 2315 1379 2372 adventus
1409 2316 1621 2374 Domini
1671 2322 1843 2377 nostri
1877 2329 1931 2378 et
1968 2321 2102 2379 Pas-

524 2402 698 2456 sionis
742 2402 864 2471 ejus
917 2412 1171 2461 accurate
1204 2415 1469 2471 notasset,
1526 2411 1747 2464 nomina
1786 2412 1948 2466 etiam
1980 2415 2098 2484 epi-

524 2504 816 2560 scoporum
841 2494 935 2563 qui
976 2495 1031 2548 in
1061 2505 1295 2567 quatuor
1339 2497 1627 2568 praecipuis
1660 2498 1919 2557 Ecclesiis
1946 2503 2102 2557 sede-

524 2589 671 2647 rant,
695 2587 750 2637 et
795 2583 1089 2640 illustrium
1139 2587 1382 2644 virorum
1401 2590 1493 2658 qui
1548 2590 1602 2644 in
1634 2589 1877 2647 Ecclesia
1909 2592 2102 2649 ﬂorue-

522 2681 647 2727 rant
686 2674 968 2733 :ha:reses
1017 2677 1253 2750 denique
1311 2694 1377 2734 ac
1425 2682 1833 2751 persecutiones
1897 2687 2098 2757 quibus

520 2772 717 2820 vexata
750 2767 930 2823 fuerat
971 2768 1239 2836 Ecclesia,
1291 2789 1393 2829 suo
1438 2782 1682 2846 tempore
1715 2785 1878 2849 atque
1906 2780 2100 2837 ordine

521 2854 861 2928 digessisset,
891 2864 1154 2932 paulatim
1217 2865 1283 2919 ad
1327 2867 1612 2922 historiam
1665 2871 2095 2927 ecclesiasticam

519 2952 998 3021 conscribendam,
1027 2956 1185 3027 quasi
1230 2972 1391 3013 manu
1421 2960 1687 3019 deductus
1716 2971 1799 3019 est
1838 2981 1851 3017 :
1889 2973 1949 3020 ut
1977 2982 2097 3037 quze

522 3040 580 3097 in
606 3040 881 3099 Chronicis
919 3044 1226 3102 Canonibus
1275 3050 1435 3118 quasi
1483 3052 1806 3122 compendio
1859 3057 2094 3128 quodam

520 3134 937 3204 perstrinxerat,
963 3137 1020 3191 in
1055 3138 1430 3196 Ecclesiastica
1461 3142 1707 3199 Historia
1741 3146 1903 3203 latius
1934 3159 2095 3220 atque

519 3224 747 3281 uberius
781 3236 1156 3297 pertractaret.
1196 3232 1316 3304 Ipse
1346 3243 1492 3290 certe
1518 3232 1571 3290 in
1599 3242 1863 3307 prooemio
1907 3240 2093 3297 Histo-

529 3314 626 3368 ria:
655 3317 1023 3375 ecclesiasticae
1068 3331 1255 3392 aperte
1306 3326 1507 3381 indicat
1553 3328 1607 3384 id
1646 3333 1791 3402 quod
1823 3335 1957 3390 dixi.
1988 3337 2092 3394 Ubi

518 3408 682 3461 etiam
703 3409 772 3463 ab
794 3411 964 3480 aequis
992 3411 1288 3471 lectoribus
1321 3417 1532 3473 veniam
1553 3420 1657 3477 sibi
1686 3423 1802 3478 dari
1831 3428 2090 3496 postulat,

518 3499 697 3555 sicubi
732 3500 968 3560 fortasse
1021 3507 1132 3561 hoc
1186 3521 1566 3581 argumentum
1597 3517 1783 3573 minus
1819 3522 2093 3577 cumulate

521 3591 993 3653 fueritexsecutus
1030 3617 1044 3655 :
1079 3615 1137 3656 se
1169 3603 1312 3657 enim
1342 3606 1584 3661 omnium
1617 3608 1850 3678 primum
1884 3611 1950 3666 ad
1988 3613 2092 3667 hoc

518 3683 794 3742 scribendi
828 3704 1000 3759 genus
1032 3693 1313 3759 accedere,
1349 3705 1404 3750 et
1433 3696 1536 3752 iter
1565 3701 1768 3756 nullius
1802 3709 1957 3758 antea
1992 3703 2094 3757 tri-

516 3784 630 3830 tum
664 3781 907 3852 vestigiis
932 3782 1138 3853 ingredi
1185 3786 1421 3857 primum
1461 3792 1715 3861 coepisse.
1746 3790 1946 3848 Verum
1977 3796 2091 3851 haec

512 3877 756 3924 nontam
778 3875 1061 3931 excusatio
1096 3892 1159 3932 ac
1200 3880 1375 3937 veniat
1417 3881 1750 3953 deprecatio,
1783 3901 1942 3956 quam
1973 3889 2094 3944 lau-

512 3956 601 4015 dis
624 3969 678 4016 et
697 3962 884 4033 glorias
904 3969 1146 4038 captatio
1175 3972 1501 4040 quibusdam
1517 3976 1684 4031 videri
1708 3980 1900 4047 possit.
1919 3979 2090 4039 Porro

514 4069 638 4108 cum
695 4065 911 4113 constet
950 4075 1016 4114 ex
1064 4062 1287 4119 Eusebii
1342 4065 1516 4136 ipsius
1546 4070 1880 4136 testimonio,
1910 4071 2092 4129 Eccle-

511 4145 787 4202 siasticam
835 4149 1134 4208 Historiam
1168 4164 1293 4226 past
1325 4159 1720 4231 cltronologicos
1749 4161 1988 4221 Canones
2020 4167 2090 4221 ab

511 4249 579 4290 eo
609 4240 866 4308 scriptam
922 4241 1114 4309 fuisse,
1170 4248 1368 4302 mirum
1424 4256 1605 4306 tamen
1641 4263 1746 4316 est,
1800 4263 2090 4328 utrumque

509 4342 650 4399 opus
702 4331 768 4386 ad
810 4349 972 4389 unam
1021 4337 1373 4411 eamdemque
1404 4351 1601 4397 metam
1662 4348 1976 4415 procedere,
2021 4351 2089 4404 ad

510 4431 715 4473 annum
745 4422 956 4478 scilicet
981 4425 1298 4484 vicesimum
1317 4430 1684 4498 Constantini,
1709 4436 1803 4506 qui
1855 4437 1957 4492 fuit
1992 4455 2089 4494 an-

2210 582 2336 653 quis
2362 598 2596 653 unquam
2624 583 2832 650 credat,
2867 583 3158 642 Eusebium
3186 586 3253 643 de
3279 587 3407 643 Ario
3426 588 3500 642 ita
3526 588 3813 644 locutum

2213 674 2401 739 fuisse,
2437 682 2526 730 aut
2578 673 2838 733 Honousn
2884 678 3205 733 vocabulum
3261 677 3518 734 Chronico
3547 695 3672 736 suo
3713 679 3814 734 in-

2210 765 2450 821 texuisse
2472 805 2487 830 ,
2520 766 2664 836 quod
2701 782 2914 837 semper
2956 767 3033 822 illi
3064 768 3338 840 displicuit
3380 776 3440 823 ut
3466 776 3676 841 postea
3721 767 3816 824 vi-

2210 856 2493 917 debimus?
2533 858 2814 926 Quomodo
2875 860 3140 919 Eusebius
3195 862 3332 918 dixit
3382 869 3676 918 trecentos
3753 869 3816 917 et

2210 949 2509 1004 octodecim
2545 950 2834 1021 episcopos
2878 950 3109 1008 Nicaenae
3158 952 3364 1024 synodo
3414 952 3802 1016 interfuisse.

2209 1056 2332 1096 cum
2363 1041 2418 1094 in
2446 1040 2605 1096 tertio
2635 1040 2775 1097 libro
2820 1041 2896 1097 De
2918 1043 3027 1098 vita
3046 1041 3381 1101 Constantini
3407 1045 3812 1102 disertissime

2210 1132 2431 1197 scribat,
2457 1132 2619 1203 paulo
2645 1132 2764 1202 plus
2792 1148 2956 1203 quam
3011 1132 3273 1193 ducentos
3302 1143 3355 1192 et
3375 1136 3807 1207 quinquaginta

2210 1223 2263 1279 in
2294 1239 2356 1280 ea
2384 1226 2733 1280 consedisse?
2766 1224 2886 1280 Non
2936 1225 3126 1282 dubito
3163 1224 3345 1283 tamen
3400 1230 3532 1300 quin
3587 1227 3811 1283 Eccle-

2209 1315 2428 1369 siastica
2460 1312 2705 1370 Historia
2736 1316 2805 1372 ab
2848 1315 3084 1375 Eusebio
3148 1319 3398 1376 absoluta
3439 1320 3513 1375 sit
3563 1319 3806 1390 aliquot

2208 1406 2367 1461 annis
2399 1416 2521 1477 post
2555 1406 2821 1479 synodum
2865 1407 3156 1467 Nicmnam.
3191 1409 3299 1467 Sed
3345 1428 3467 1467 cum
3503 1411 3806 1469 Eusebius

2207 1514 2340 1570 pace
2371 1500 2464 1554 illa
2491 1516 2612 1571 qua:
2640 1508 2765 1572 post
2795 1504 3225 1572 persecutionem
3278 1504 3595 1561 Diocletiani
3622 1506 3805 1561 coali—

2206 1601 2295 1648 tus
2322 1593 2525 1649 atfulsit
2550 1593 2827 1661 Ecclesiae,
2862 1593 3158 1651 Historiam
3197 1612 3350 1652 suam
3374 1597 3636 1653 claudere
3685 1596 3802 1652 de-

2206 1687 2500 1753 crevisset,
2535 1689 2988 1758 quemadmodum
3033 1689 3147 1759 ipse
3181 1696 3413 1745 testatur
3442 1688 3498 1744 in
3543 1687 3803 1745 exordio

2204 1779 2387 1850 operis
2416 1779 2522 1843 sui,
2565 1779 2797 1838 Nicaenae
2843 1783 3035 1854 synodi
3091 1781 3669 1839 commemorationem
3722 1780 3801 1836 de

2207 1872 2478 1928 industria
2514 1875 2726 1940 vitavit,
2760 1891 2830 1931 ne
2852 1874 3148 1931 seditiones
3173 1890 3236 1930 ac
3264 1875 3529 1931 tumultus
3550 1873 3796 1944 episcoo

2154 2026 2155 2029 η
2205 1981 2397 2036 porum
2457 1967 2598 2021 inter
2662 1983 2722 2024 se
2784 1967 3080 2023 rixantium
3139 1982 3411 2040 exponere
3460 1974 3792 2040 cogeretur.

2205 2052 2417 2124 Quippe
2446 2054 2801 2111 historiarum
2844 2058 3140 2128 scriptores
3171 2058 3223 2113 id
3254 2058 3523 2130 praecipue
3577 2073 3797 2114 curare

2204 2160 2269 2200 ac
2295 2146 2575 2216 providere
2595 2148 2811 2212 debent,
2849 2159 2910 2207 ut
2957 2166 3095 2221 opus
3135 2167 3291 2207 suum
3335 2152 3536 2208 illustri
3564 2158 3619 2206 et
3655 2151 3789 2222 glo-

2203 2239 2351 2295 rioso
2396 2241 2541 2296 exitu
2596 2243 2945 2309 concludant,
3003 2245 3145 2300 sicut
3178 2244 3504 2316 jampridem
3553 2246 3791 2300 monuit

2204 2331 2494 2404 Dionysius
2524 2333 3024 2392 Halicarnassensis
3058 2335 3114 2390 in
3155 2336 3561 2407 comparatione
3593 2334 3786 2390 Hero-

2202 2424 2315 2479 doti
2355 2440 2420 2480 ac
2452 2422 2811 2497 Thucydidis.
2858 2425 2996 2493 Quis
3028 2441 3193 2498 porro
3242 2433 3471 2483 eventus
3502 2427 3788 2483 illustrior

2201 2514 2270 2570 ab
2302 2513 2538 2571 Eusebio
2587 2517 2764 2586 potuit
2793 2520 2991 2588 optari,
3026 2531 3188 2589 quam
3220 2532 3322 2589 pax
3370 2518 3460 2571 illa
3492 2534 3613 2588 quas
3646 2528 3784 2591 post

2200 2604 2639 2662 cruentissimam
2698 2606 3128 2676 persecutionem
3179 2624 3209 2663 a
3258 2608 3619 2664 Constantino
3643 2611 3779 2665 red-

2199 2694 2312 2751 dita
2342 2695 2520 2752 fuerat
2548 2696 2900 2760 Christianis,
2941 2714 3067 2755 cum
3093 2700 3380 2757 exstinctis
3411 2700 3612 2772 ubique
3644 2718 3780 2772 per-

2199 2789 2564 2855 secutoribus,
2617 2805 2680 2845 ac
2709 2799 2984 2861 posuemo
3016 2793 3256 2848 omnium
3288 2791 3498 2849 Licinio
3525 2794 3776 2858 sublato,

2196 2878 2382 2935 nullus
2392 2879 2505 2948 jam
2529 2880 2926 2951 praeteritorum
2944 2882 3205 2938 malorum
3232 2890 3540 2955 superesset
3560 2894 3773 2940 metus.

2198 2969 2313 3025 Hac
2356 2972 2521 3043 igitur
2553 2988 2687 3044 pace
2719 2974 3005 3031 historiam
3046 2990 3200 3032 suam
3242 2977 3535 3033 terminare
3572 2979 3779 3032 maluit

2197 3060 2488 3127 Eusebius,
2520 3079 2683 3134 quam
2716 3063 2949 3120 Nicaeum
2980 3065 3174 3137 synodi
3225 3067 3774 3123 commemoratione.

2198 3147 2271 3202 Ea
2306 3150 2507 3221 quippe
2561 3150 2771 3224 synodo
2803 3169 2913 3209 non
2955 3164 3064 3209 tam
3112 3156 3286 3227 sopita
3314 3153 3564 3219 discidia,
3601 3173 3777 3227 quam

2199 3249 2453 3297 renovata
2469 3257 2592 3299 esse
2617 3243 2958 3299 videbantur.
3007 3242 3174 3315 quue
3211 3260 3320 3301 non
3361 3245 3775 3316 synodi-ipsius

2194 3333 2391 3404 culpa;
2428 3333 2523 3390 sed
2553 3335 2820 3405 pertinaci
2852 3336 3218 3393 obstinatione
3257 3350 3447 3391 eorum
3494 3336 3587 3407 qui
3618 3338 3778 3392 salu-

2193 3423 2446 3480 berrimis
2500 3427 2836 3482 sacrosancti
2881 3428 3098 3483 concilii
3141 3428 3376 3485 decretis
3414 3429 3777 3500 acquiescere

2193 3514 2542 3573 recusabant.
2573 3516 2749 3588 Atque
2786 3517 2900 3574 haec
2929 3517 2997 3573 de
3031 3521 3142 3574 vita
3175 3518 3504 3591 scriptisque
3539 3518 3770 3576 Eusebii

2195 3621 2225 3661 a
2257 3606 2417 3664 nobis
2439 3608 2581 3664 dicta
2616 3608 2902 3665 sufﬁciant.
2940 3609 3200 3682 Superest
3236 3619 3294 3665 ut
3344 3611 3411 3668 de
3439 3611 3559 3682 ejus
3583 3611 3691 3668 ﬁde
3711 3619 3774 3669 et

2196 3699 2470 3773 ὀρθοδοξίᾳ
2496 3717 2665 3771 pauca
2696 3703 2965 3759 dicamus.
2994 3703 3073 3759 Ac
3115 3704 3349 3775 primum
3383 3705 3615 3759 lectores
3644 3721 3773 3760 ηιοο

2193 3794 2339 3849 nitos
2372 3794 2553 3860 velim,
2606 3810 2675 3851 ne
2722 3795 2863 3850 hica
2910 3796 3072 3852 nobis
3123 3794 3344 3853 Eusebii
3387 3795 3768 3852 defensionem

2191 3892 2525 3955 exspectent.
2554 3884 2740 3957 Neque
2780 3887 2926 3942 enim
2959 3895 3203 3943 nostrum
3239 3897 3323 3944 est
3354 3888 3422 3943 de
3445 3888 3773 3959 hujusmodi

2191 3976 2355 4030 rebus
2379 3980 2752 4046 pronuntiare,
2773 3993 2899 4033 cum
2928 3979 3188 4036 Ecclesiae
3235 3981 3505 4051 judicium
3529 3990 3585 4036 et
3618 3984 3771 4038 anti-

2190 4082 2423 4137 quorum
2446 4067 2667 4124 Patrum
2709 4071 3034 4127 sententiam
3066 4071 3121 4125 in
3170 4071 3238 4127 iis
3267 4071 3446 4140 potius
3473 4073 3629 4144 sequi
3661 4073 3768 4129 de-

2189 4159 2436 4216 beamus.
2472 4159 2705 4216 Proinde
2725 4162 2969 4232 quaedam
3000 4161 3263 4217 duntaxat
3275 4162 3452 4233 capita
3476 4163 3565 4219 hic
3586 4164 3768 4219 adno-

2190 4251 2445 4316 tabimus,
2471 4253 2672 4322 quibus
2695 4254 2852 4324 quasi
2878 4252 3247 4309 fundamentis
3271 4252 3464 4322 innixi,
3494 4254 3561 4311 de
3587 4254 3769 4313 Euse-

2189 4340 2265 4396 bii
2287 4341 2390 4398 flde
2419 4345 2619 4399 certius
2640 4352 2879 4400 statuere
2906 4345 3201 4415 possimus.

2258 4433 2396 4489 Cum
2428 4435 2594 4506 igitur
2624 4435 2693 4492 de
2743 4435 2980 4493 Eusebio
3024 4444 3217 4492 nostro
3248 4436 3413 4492 variae
3464 4436 3578 4494 sint
3613 4439 3765 4493 anti-

508 4523 615 4564 nus
650 4509 851 4568 Christi
882 4515 1008 4571 525.
1044 4515 1177 4574 illud
1226 4529 1484 4591 prreterea
1514 4525 1700 4580 mirari
1740 4528 1907 4592 subit,
1939 4531 2081 4600 quod
2117 4531 2162 4591 D
2189 4541 2420 4600 quorum
2443 4528 2757 4596 sementim,
2780 4536 2833 4583 ει
2865 4528 3085 4598 quidam
3110 4544 3235 4584 eum
3269 4528 3630 4593 Calhoncum!
3665 4530 3762 4585 alii

507 4615 631 4654 cum
672 4602 888 4660 Nicena
949 4611 1188 4680 synodus
1243 4613 1514 4668 celebrata
1577 4617 1649 4671 sit
1709 4617 2085 4678 vicennalibus

507 4692 877 4761 Constantini,
910 4701 1060 4755 nulla
1109 4710 1288 4758 tamen
1313 4704 1433 4774 ejus
1475 4706 1568 4761 ﬁat
1622 4710 1847 4775 mentio,
1900 4727 2002 4768 nec
2029 4715 2084 4769 in

509 4782 789 4854 Chronico,
821 4806 921 4846 nec
957 4793 1011 4847 in
1055 4792 1432 4851 Ecclesiastica
1477 4797 1739 4857 Historia.
1770 4801 1905 4858 Nam
1938 4807 2083 4874 quod

510 4874 566 4929 in
594 4875 784 4936 Latino
802 4883 922 4952 ejus
950 4883 1207 4941 Chronico
1229 4888 1296 4943 ad
1311 4905 1511 4946 annum
1543 4893 1888 4951 Constantini
1921 4899 2085 4968 quin-

506 4972 622 5021 tum
647 4971 918 5029 decimum
949 4976 1061 5032 haec
1087 4980 1360 5051 leguntur,
1386 4984 1765 5042 Alexandriam
1830 4987 2081 5047 Ecclesia:

504 5061 675 5152 XLIX"s
696 5069 972 5123 ordinatur
991 5072 1258 5143 episcopus
1276 5074 1594 5142 Alexander,
1616 5096 1649 5132 a
1672 5094 1773 5150 quo
1794 5080 1952 5136 Arius
1968 5098 2083 5152 pre-

506 5150 681 5221 sbyter
708 5156 771 5209 de
804 5159 1040 5215 Ecclesia
1076 5165 1289 5232 ejectus,
1317 5166 1508 5222 multos
1554 5185 1665 5223 sua:
1708 5150 2080 5239 impietatisz-

505 5242 633 5295 ciat.
679 5245 762 5297 Ad
787 5264 1010 5318 quorum
1054 5254 1334 5323 perﬁdiam
1381 5259 1791 5328 coarguendam,
1846 5262 2079 5332 synodus

504 5345 737 5389 cccxvul
781 5342 1139 5411 episcoporum
1185 5348 1238 5401 in
1292 5347 1536 5404 Nicwam
1581 5352 1761 5407 urbem
1812 5354 2080 5425 Bithynia:

506 5439 819 5496 congregata
842 5472 855 5495 ,
894 5450 1068 5489 omnes
1101 5441 1464 5496 Irwreticorum
1505 5444 1776 5499 machinas
1812 5445 2078 5504 iionousu

507 5519 832 5586 oppositione
852 5523 1055 5582 delevit.
1089 5526 1234 5587 Satis
1285 5535 1635 5603 perspicuum
1668 5544 1772 5601 est,
1829 5538 1934 5593 ista
1967 5557 2079 5597 non

506 5610 574 5665 ab
603 5608 835 5669 Eusebio
863 5620 1085 5688 scripta,
1116 5622 1211 5677 sed
1231 5625 1299 5679 ab
1323 5624 1655 5696 Hieronymo
1679 5628 1863 5684 addita
1884 5630 2075 5700 fuisse,

506 5705 599 5772 qui
633 5701 998 5763 Eusebianum
1037 5711 1353 5769 Chronicum
1397 5719 1587 5774 multis
1614 5719 1681 5774 de
1718 5736 1819 5776 suo
1847 5721 2077 5789 adjectis

510 5793 878 5866 interpolavit.
915 5797 983 5853 Ut
1013 5800 1156 5854 enim
1205 5802 1338 5856 illud
1391 5808 1659 5871 omittam,
1704 5811 1847 5880 quod
1882 5814 2072 5883 synodi

2186 4617 2531 4685 haereticum;
2555 4619 2799 4674 nonnulli
2824 4618 3140 4690 δίγλωττον,
3162 4620 3217 4675 id
3247 4629 3362 4685 est,
3386 4623 3564 4677 dubiae
3593 4629 3761 4689 atque

2188 4709 2444 4779 ancipitis
2469 4709 2594 4766 fidei
2625 4710 2794 4767 fuisse
2819 4713 3154 4777 censuerint,
3178 4712 3561 4780 inquirendum
3594 4729 3623 4767 a
3654 4730 3761 4769 no-

2185 4800 2271 4856 bis
2316 4807 2402 4855 est
2432 4802 2522 4855 cui
2548 4802 2892 4872 potissimum
2931 4805 3211 4860 sententia:
3254 4805 3550 4861 debeamus
3596 4820 3759 4862 accc-

2184 4891 2333 4946 dere.
2354 4889 2626 4948 Constans
2650 4892 2792 4963 juris
2813 4895 2997 4964 regula
3025 4905 3128 4959 est,
3159 4895 3214 4950 in
3257 4896 3436 4951 dubiis
3455 4894 3755 4967 aequiorem

2184 4983 2366 5052 potius
2418 4999 2482 5039 ac
2507 4984 2775 5039 mitiorem
2820 4987 3146 5042 sententiam
3195 4989 3447 5059 amplecti
3473 5000 3749 5060 oportere.

2183 5072 2386 5132 Deinde
2416 5094 2538 5134 cum
2586 5076 2961 5135 Occidentales
3001 5095 3329 5146 omnes,uno
3361 5081 3474 5138 fere
3521 5092 3753 5154 excepto

2182 5169 2537 5240 Hieronymo.
2588 5172 2655 5228 de
2699 5172 2934 5228 Eusebio
2979 5182 3170 5229 nostro
3225 5174 3522 5232 honoriﬁce
3562 5195 3751 5235 sense-

2182 5261 2324 5323 rint,
2354 5275 2587 5331 cumque
2613 5261 3141 5320 EcclesiaGallicana
3172 5273 3486 5323 sanctorum
3517 5284 3749 5328 numero

2183 5365 2305 5404 eum
2328 5351 2665 5420 ascripserit,
2697 5341 2757 5407 ut
2792 5371 2856 5410 ex
2875 5353 3119 5411 Victorio
3139 5356 3434 5427 Aquitano,
3469 5356 3745 5428 Usuardo,

2183 5443 2413 5513 aliisque
2438 5443 2729 5514 colligitur,
2752 5446 2924 5500 satius
2955 5445 3074 5500 sine
3095 5447 3263 5503 dubio
3296 5459 3398 5513 est,
3433 5459 3491 5505 ut
3520 5450 3742 5507 Patrum

2181 5541 2516 5599 nostrorum,
2575 5552 2737 5607 quam
2771 5543 2829 5590 ut
2864 5535 3220 5594 Orientalium
3263 5542 3740 5601 schismaticorum

2176 5626 2384 5697 judicio
2436 5628 2865 5685 subscribamus.
2897 5627 3139 5702 Denique
3185 5647 3412 5702 quorum
3443 5637 3742 5694 auctoritas

2179 5719 2282 5773 hac
2313 5719 2367 5773 in
2400 5735 2458 5775 re
2487 5720 2662 5789 major
2682 5735 2804 5775 esse
2825 5720 2981 5776 debet
3003 5738 3163 5792 quam
3195 5724 3510 5792 pontificum
3541 5725 3741 5784 Roma-

2181 5814 2510 5867 manorum?
2543 5811 2702 5882 Atqui
2724 5813 2971 5869 Gelasius
3001 5815 3053 5868 in
3087 5815 3222 5871 libro
3245 5813 3318 5869 De
3345 5815 3548 5874 duabus
3584 5832 3738 5876 natu.
