3924 6266
156 364 216 419 65
1588 345 1889 405 ΝΟΤΙἹΊΑ.
3310 342 3378 393 66

162 489 246 548 iis,
285 478 572 536 Eusebium
616 482 873 532 nostrum
918 473 1060 528 inter
1087 469 1392 527 catholicos
1419 467 1714 538 scriptores
1743 473 1784 526 Α
1818 464 1932 525 bat,
1964 459 2072 514 imo
2099 459 2194 530 qui
2220 476 2284 516 ex
2316 461 2462 517 illius
2491 457 2715 531 scriptis
2743 465 3027 530 tantOpere
3049 462 3375 529 profecerat;

167 572 350 636 retulit,
380 569 594 636 duoque
637 581 708 621 ex
753 564 872 632 ejus
904 563 1059 617 libris
1109 557 1418 616 testimonia
1445 557 1710 612 recitavit.

165 664 260 720 Sed
289 668 341 717 et
385 658 641 728 Pelagius
697 655 804 711 PP.
841 669 965 710 eum
1016 655 1157 707 inter
1210 649 1503 705 historicos
1533 647 1700 702 bono-

165 754 480 812 ratissimum
501 749 773 812 nominat,
814 751 868 802 et
897 746 964 800 ab
998 745 1145 800 omni
1177 743 1446 798 luereseos
1468 741 1588 796 labe
1610 740 1714 794 im-

165 860 367 901 munem
393 857 515 898 esse
542 838 884 911 pronuntiat,
937 835 1154 891 tametsi
1182 832 1470 906 Origenem
1505 831 1716 886 haereti-

167 952 276 991 cum
301 933 524 990 summis
566 931 821 986 laudibus
879 927 1184 982 extulisset.
1211 924 1282 979 At
1327 923 1471 978 dicet
1517 922 1712 992 aliquis

167 1029 500 1088 Orientalium
577 1025 760 1097 potius
821 1022 1156 1093 sequendum
1218 1034 1342 1076 esse
1407 1019 1709 1089 judicium,

168 1137 275 1178 cum
302 1119 604 1176 Orientales
631 1114 950 1176 Eusebium,
971 1120 1159 1184 utpote
1199 1112 1471 1168 hominem
1516 1110 1714 1181 linguae

167 1231 280 1280 sum,
313 1213 506 1268 melius
561 1225 724 1267 nosse
753 1207 1050 1279 potuerint.
1112 1204 1219 1260 Sed
1267 1204 1584 1276 responderi
1611 1219 1712 1274 po-

165 1315 274 1371 test,
305 1321 412 1360 non
442 1305 638 1359 deesse
700 1300 967 1372 quosdam
1011 1311 1079 1352 ex
1107 1295 1497 1361 Orientalibus,
1523 1297 1615 1367 qui
1645 1295 1713 1352 de

162 1398 378 1454 Eusebio
407 1405 602 1452 nostro
633 1394 769 1448 bene
798 1390 1090 1447 senserint.
1157 1387 1302 1444 Inter
1330 1403 1468 1459 quos
1496 1396 1580 1444 est
1609 1385 1713 1442 So-

160 1501 320 1546 crates
344 1496 396 1545 et
435 1488 688 1544 Gelasius
711 1485 1033 1558 Cyzicenus.
1063 1482 1217 1550 Quod
1273 1480 1317 1538 si
1352 1481 1592 1552 septimae
1630 1496 1713 1552 sy-

159 1584 270 1639 nodi
300 1583 654 1637 meumenicae
711 1578 980 1650 judicium
1051 1576 1208 1631 nobis
1271 1581 1596 1644 opponatur,
1654 1572 1712 1626 in

158 1681 393 1747 promptu
421 1679 508 1726 est
537 1669 842 1741 reSponsio.
873 1666 1059 1738 Neque
1091 1667 1236 1722 enim
1269 1664 1336 1720 de
1366 1663 1584 1719 Eusebii
1610 1662 1713 1719 fide

159 1763 399 1832 agebatur
427 1760 484 1814 in
512 1761 603 1813 illa
633 1757 862 1830 synodo,
895 1755 990 1812 sed
1019 1755 1086 1810 de
1110 1753 1403 1823 imaginum
1431 1751 1600 1806 cultu.
1627 1749 1711 1804 Ad

1812 554 1904 622 qui
1933 551 2246 608 CItronicum
2272 553 2390 621 ejus
2410 568 2660 606 canonem
2691 562 2743 608 et
2770 552 2965 606 librum
2998 551 3073 606 De
3101 554 3230 606 locis
3265 552 3380 606 ﬂe-

1813 645 2005 699 braicis
2031 647 2084 698 in
2117 642 2369 698 Latinum
2393 658 2701 701 sermonem
2729 651 3092 708 converterat,
3138 644 3241 698 hoc
3272 643 3383 697 Eu-

1811 737 2022 792 sebium
2049 736 2276 790 infamat
2316 736 2516 806 elogio,
2567 735 2712 806 quod
2741 751 2809 789 ne
2859 734 3217 791 infensissimi
3253 735 3380 806 qui-

1810 829 1931 886 dem
1961 830 2144 886 hostes
2179 843 2418 899 unquam
2460 829 2535 882 illi
2566 828 2898 883 tribuerunt.
2933 827 3102 895 Cujus
3131 828 3208 883 rei
3246 843 3380 882 cau-

1811 937 1925 977 sam
1952 923 2197 978 invenire
2247 936 2357 976 non
2407 921 2786 991 possum,nisi
2817 921 2962 990 quod
3015 919 3380 992 Hieronymus

1811 1024 2068 1087 suscepto
2122 1016 2386 1072 adversus
2439 1013 2728 1087 Origenem
2787 1015 2935 1079 odio,
2981 1023 3209 1070 cunctos
3258 1014 3380 1084 ejus

1810 1107 2125 1177 dogmatum
2155 1107 2495 1172 defensores,
2549 1122 2613 1162 ac
2647 1108 2917 1178 praecipue
2950 1105 3246 1162 Eusebium
3273 1123 3378 1162 no-

1809 1211 1981 1256 strum
2012 1201 2301 1256 immodice
2323 1209 2408 1256 est
2430 1207 2770 1271 persecutus.
2802 1197 3103 1254 Fatendum
3150 1198 3375 1268 quidem

1809 1300 1911 1356 est,
1945 1291 2238 1347 Eusebium
2288 1299 2562 1357 nostrum,
2613 1291 2717 1347 etsi
2759 1289 3085 1346 Arianorum
3144 1288 3374 1360 signifer

1822 1383 2147 1438 meritO'dici
2180 1399 2288 1438 non
2321 1383 2512 1455 possit,
2549 1390 2728 1437 tamen
2772 1397 2894 1437 cum
2945 1380 3270 1435 Arianorum
3303 1381 3379 1436 si-

1809 1474 2034 1547 gniferis
2063 1483 2186 1546 post
2210 1475 2484 1530 Nicaenam
2527 1473 2792 1546 synodum
2819 1481 3080 1544 perpetuo
3100 1479 3377 1527 versatum

1810 1568 2000 1632 tuisse,
2028 1574 2080 1622 et
2106 1583 2212 1622 una
2241 1583 2364 1622 eum
2394 1567 2500 1622 illis
2561 1566 2909 1636 impugnasse
2943 1564 3239 1618 catholicos
3263 1561 3380 1632 epi-

1813 1673 2029 1730 scopos,
2066 1659 2410 1715 Eustathium
2439 1658 2647 1714 scilicet
2679 1665 2734 1712 et
2774 1656 3152 1717 Athanasium,
3187 1653 3380 1724 praeci-

1814 1766 1951 1821 puos
1987 1749 2248 1806 Houousu
2295 1749 2634 1805 defensores.
2671 1745 2806 1802 Illud
2845 1762 3065 1818 quoque
3117 1747 3173 1800 in
3207 1744 3378 1802 Eune-

159 1869 302 1925 quem
335 1849 765 1908 subvertendum
797 1863 922 1904 cum
977 1845 1276 1901 adversarii
1304 1843 1465 1914 paulo
1508 1849 1634 1897 ante
1655 1840 1710 1894 in
1739 1833 1782 1888 Β
1811 1844 1900 1898 Ινὶο
1928 1841 2433 1914 reprehendendum
2454 1841 2688 1904 videtur,
2707 1839 2853 1910 quod
2880 1838 3006 1893 licet
3020 1838 3377 1893 aeternitatem

159 1946 276 2000 urbe
299 1943 468 2016 Regia
493 1942 830 2014 congregati,
861 1937 1236 1996 testimonium
1272 1951 1339 1990 ex
1369 1932 1587 1988 Eusebii
1641 1932 1709 1987 ad

157 2034 523 2091 Constantiam
557 2033 786 2102 epistola
818 2028 1196 2100 protulissent,
1250 2037 1424 2094 eoque
1475 2020 1711 2076 maxime

159 2131 483 2192 niterentur;
523 2124 716 2180 Patres
768 2123 1012 2194 septima:
1062 2118 1256 2192 synodi
1304 2116 1371 2170 ad
1396 2113 1710 2170 elevandam

159 2222 305 2291 hujus
332 2218 637 2275 testimonii
681 2215 1062 2271 auctoritatem
1119 2211 1511 2271 acclamarunt,
1538 2205 1711 2260 Euse-

167 2316 294 2368 bium
320 2312 592 2367 Arianum
621 2309 812 2365 fuisse.
843 2306 1042 2380 Verum
1078 2305 1131 2361 id
1170 2304 1346 2359 obiter
1381 2307 1614 2363 tantum,
1643 2315 1711 2355 ex

161 2406 437 2476 occasione
466 2411 525 2459 et
558 2401 686 2457 odio
723 2400 872 2456 illius
909 2389 1152 2469 epistolae
1177 2397 1247 2452 ab
1262 2397 1342 2451 eis
1370 2395 1574 2449 factum
1601 2400 1706 2458 est,

161 2514 252 2554 non
292 2507 480 2553 autem
538 2497 666 2551 data
713 2506 913 2564 opera,
967 2497 1060 2546 aut
1105 2505 1270 2546 causa
1317 2490 1467 2560 prius
1524 2487 1713 2558 cogni-

164 2601 228 2645 ta.
270 2587 567 2643 Proferunt
608 2585 826 2656 quidem
870 2584 991 2637 loca
1048 2581 1294 2652 quaedam
1347 2595 1415 2637 ex
1450 2579 1708 2643 Eusebio,

161 2677 344 2746 quibus
385 2673 692 2745 approbent
725 2672 877 2726 illum
897 2669 1102 2726 Ariano
1126 2669 1364 2741 dogmati
1391 2668 1706 2725 adhaesisse.

159 2767 250 2823 Sed
275 2768 490 2822 nullum
547 2766 844 2822 discrimen
903 2761 1164 2818 adhibent
1212 2762 1354 2817 inter
1391 2761 1560 2817 libros
1589 2772 1712 2816 ante

157 2863 436 2918 concilium
462 2860 765 2923 Nicaenum,
800 2867 854 2913 et
883 2857 1023 2912 inter
1037 2873 1130 2912 eos
1151 2856 1243 2928 qui
1268 2861 1390 2927 post
1418 2855 1552 2910 illud
1582 2871 1714 2911 con-

157 2957 326 3009 cilium
359 2954 435 3009 ab
462 2952 700 3008 Eusebio
728 2958 856 3006 sunt
879 2949 1168 3015 elaborati,
1224 2947 1365 3018 quod
1393 2955 1573 3000 tamen
1598 2945 1711 3001 ﬁeri

157 3050 366 3106 omnino
395 3047 680 3112 debuerat,
715 3052 775 3100 ut
800 3043 867 3098 de
899 3042 1116 3098 Eusebii
1165 3041 1269 3095 fide
1303 3047 1509 3096 eertum
1534 3054 1599 3095 ac
1636 3039 1713 3095 le»

159 3142 391 3212 gitimum
443 3137 715 3210 judicium
763 3142 1123 3206 promeretur.
1176 3132 1524 3202 Quaacunque
1568 3131 1712 3186 enim

159 3242 270 3289 ante
291 3232 570 3288 Nicenam
604 3228 872 3303 synodum
905 3229 1108 3298 scripta
1161 3233 1308 3292 sunt,
1344 3224 1580 3280 Eusebio
1613 3225 1714 3280 ob-

158 3327 240 3396 jici
257 3336 309 3382 et
333 3326 597 3397 imputari
624 3339 732 3380 non
759 3323 976 3379 debent.
1008 3321 1180 3382 Porro
1225 3319 1444 3375 Eusebii
1485 3319 1711 3390 epistola

161 3421 219 3473 ad
248 3419 650 3481 Alexandrum,
705 3431 812 3486 qua
864 3431 963 3486 pro
1021 3415 1150 3469 Ario
1201 3414 1351 3466 illum
1384 3412 1710 3481 interpellat,

163 3515 345 3584 scripta
381 3521 467 3567 est
519 3509 710 3582 procul
736 3507 902 3564 dubio
953 3513 1080 3560 ante
1109 3505 1375 3572 synodum
1416 3502 1709 3558 Nicmnam.

162 3602 377 3660 Proinde
401 3603 779 3659 testimonium
813 3599 944 3655 illud
973 3598 1198 3652 Patrum
1245 3598 1488 3666 septimae
1518 3591 1712 3667 synodi

164 3695 404 3750 adversus
431 3692 753 3755 Eusebium,
785 3689 1193 3747 etsimaximam
1222 3687 1384 3742 habet
1414 3685 1712 3741 auctorita-

165 3794 276 3850 tem,
313 3794 502 3840 tamen
526 3781 904 3854 prmjudicium
938 3781 1122 3850 potius
1147 3793 1308 3849 quam
1339 3776 1598 3848 synodale
1622 3775 1714 3845 ju-

164 3877 344 3932 dicium
375 3875 538 3932 nobis
565 3874 798 3931 videtur.
833 3871 938 3928 Sed
969 3871 1171 3928 Graecis
1199 3871 1358 3925 liceat
1384 3870 1450 3924 de
1479 3867 1715 3923 Eusebio

165 3979 334 4027 nostro
367 3970 444 4024 ita
493 3969 718 4033 sentire,
755 3981 988 4037 eumque
1023 3964 1238 4019 aﬂinem
1284 3963 1500 4016 Arianae
1542 3961 1715 4016 haere-

162 4063 220 4127 si,
254 4070 346 4118 aut
377 4063 542 4118 etiam
595 4060 858 4114 Arianum
913 4071 1131 4113 vocare.
1169 4055 1555 4126 Hieronymum
1585 4068 1716 4110 vero

158 4155 269 4225 quis
301 4156 578 4226 patienter
606 4153 760 4218 ferat,
788 4150 882 4222 qui
919 4165 1028 4206 non
1061 4155 1351 4205 contentus
1401 4147 1714 4202 hzereticum

160 4246 297 4302 illum
318 4255 375 4302 et
401 4247 668 4300 Arianum
701 4245 900 4308 dicere,
923 4242 1250 4296 Arianorum
1269 4239 1588 4309 signiferum
1607 4252 1714 4292 non

161 4338 314 4394 semel
349 4337 647 4393 nominat?
678 4335 932 4394 Potestne
982 4333 1312 4387 Arianorum
1354 4329 1581 4401 signifer
1611 4343 1718 4383 me-

164 4429 252 4484 rito
276 4429 408 4495 dici,
440 4429 490 4483 is
520 4429 616 4497 qui
645 4427 970 4480 Arianorum
1012 4425 1208 4494 dogma
1264 4431 1388 4495 post
1439 4420 1717 4476 Nicacnam

1810 1933 1932 1988 Filii
1975 1933 2072 1988 Dei
2093 1933 2356 1989 adversus
2378 1931 2612 1986 Arianos
2645 1945 2858 2000 semper
2914 1930 3231 1989 asseruerit,
3267 1927 3380 1981 Ho-

1808 2035 1988 2075 IOUSH
2018 2026 2198 2075 tamen
2248 2034 2434 2075 vocem
2466 2033 2743 2089 nunquam
2779 2033 2847 2073 ex
2878 2019 3062 2072 animo
3103 2018 3372 2088 probavit.

1808 2109 1968 2164 Certe
1999 2124 2099 2163 nec
2125 2108 2180 2161 in
2211 2108 2367 2162 libris
2403 2117 2586 2161 contra
2619 2106 3071 2167 Marcellum,nec
3093 2106 3147 2160 in
3173 2105 3377 2161 oratio-

1809 2201 1972 2257 nibus
1999 2199 2064 2254 de
2092 2198 2194 2269 ﬁde
2233 2198 2482 2254 adversus
2528 2196 2838 2265 Sabellium,
2877 2211 2941 2252 ea
2971 2211 3102 2252 voce
3137 2210 3376 2267 unquam

1813 2307 1944 2349 usus
1973 2301 2077 2347 est.
2102 2289 2216 2346 lmo
2262 2304 2392 2345 vero
2420 2289 2476 2344 in
2535 2288 2672 2344 libro
2716 2286 2958 2344 secundo
2995 2285 3240 2340 adversus
3269 2284 3375 2341 Sa-

1811 2385 2048 2450 bellium,
2073 2398 2184 2438 non
2215 2382 2450 2437 obscure
2481 2379 2750 2450 significat
2786 2394 2907 2435 eam
2937 2393 3147 2442 vocem,
3189 2384 3376 2447 utpote

1813 2493 1934 2548 quae
1965 2477 2022 2531 in
2053 2474 2352 2544 Scripturis
2389 2488 2499 2529 non
2532 2473 2764 2544 legatur,
2795 2471 2899 2526 sibi
2941 2469 3250 2540 displicere.
3285 2467 3378 2522 Sic

1811 2567 1954 2623 enim
1982 2565 2057 2620 ait
2085 2585 2100 2622 :
2141 2563 2287 2620 Sicut
2315 2579 2434 2634 ergo
2465 2563 2528 2616 de
2547 2563 2628 2616 his
2661 2578 2776 2632 qute
2793 2569 3011 2630 possunt
3038 2560 3204 2630 qutrri
3233 2560 3376 2613 iner-

1815 2657 1942 2711 tium
1964 2667 2042 2712 est
2069 2672 2171 2709 non
2193 2671 2422 2726 quwrere
2446 2670 2464 2708 :
2494 2655 2573 2708 ita
2600 2653 2664 2706 de
2690 2653 2770 2706 his
2799 2667 2914 2722 qua:
2937 2667 3040 2704 non
3078 2665 3280 2704 necesse
3300 2656 3379 2702 est

1811 2750 1996 2820 quaeri,
2027 2748 2257 2803 audacia
2285 2755 2362 2801 est
2382 2745 2669 2817 quaerendi.
2704 2743 2834 2808 Quae
2861 2759 2984 2813 ergo
3022 2742 3207 2795 debent
3230 2757 3377 2811 qure-

1812 2841 1898 2896 ri?
1919 2839 2048 2906 Qute
2077 2839 2366 2893 invenimus
2388 2840 2444 2891 in
2499 2835 2787 2906 Scripturis
2826 2834 3018 2902 posita.
3055 2834 3187 2901 Qua:
3203 2843 3378 2889 autem

1813 2933 1868 2987 in
1897 2931 2182 3002 Scripturis
2209 2947 2311 2985 non
2343 2930 2652 2995 invenimus,
2684 2946 2786 2984 non
2807 2943 3123 2997 quaeramus.
3162 2925 3222 2984 Si
3242 2927 3377 2980 enim

1815 3035 2074 3095 oporteret
2103 3025 2252 3080 nobis
2279 3040 2391 3080 esse
2415 3025 2648 3094 cognita,
2679 3023 2856 3092 utique
2882 3020 3112 3090 Spiritus
3165 3026 3379 3073 sanctus

1813 3118 2068 3188 posuisset
2091 3118 2146 3172 in
2194 3116 2506 3186 Scripturis.
2546 3114 2611 3168 Et
2657 3111 2949 3183 aliquando
2990 3118 3114 3182 post
3145 3110 3380 3164 haecha-

1816 3212 1906 3266 bet
1939 3230 1952 3265 :
1992 3209 2115 3265 Non
2155 3210 2233 3262 ita
2284 3207 2658 3278 periclitemur,
2702 3206 2792 3260 sed
2844 3214 2951 3259 tute
2991 3204 3287 3273 loquamur.
3320 3199 3381 3254 Si

1813 3301 1937 3374 quid
1959 3310 2134 3355 autem
2162 3301 2417 3369 scriptum
2443 3307 2542 3364 est,
2579 3313 2641 3350 ne
2663 3295 2918 3350 deleatur.
2963 3295 3022 3349 In
3066 3294 3170 3351 fine
3198 3301 3381 3348 autem

1814 3393 2080 3448 orationis
2128 3391 2203 3446 ita
2250 3391 2531 3460 loquitur:
2570 3388 2702 3454 Quae
2741 3387 2935 3455 scripta
2960 3395 3082 3438 sunt
3124 3384 3304 3447 dicito,
3327 3389 3378 3435 et

1814 3486 2199 3555 derelinquetur
2229 3483 2313 3536 ιὶδ.
2342 3480 2551 3548 Quibus
2585 3479 2765 3535 verbis
2791 3476 3102 3532 Houoesron
3132 3477 3250 3531 sine
3272 3475 3377 3528 du-

1815 3578 1906 3633 bio
1931 3574 2253 3647 perstringit
2287 3573 2576 3630 Eusebius.
2614 3570 2720 3626 Sed
2773 3585 2944 3636 nunc,
2975 3567 3021 3624 si
3066 3568 3263 3638 placet,
3287 3580 3383 3618 ve-

1814 3681 1991 3728 terum
2024 3670 2093 3726 de
2124 3667 2360 3723 Eusebio
2390 3665 2704 3722 testimonia
2755 3663 3061 3719 audiamus.
3091 3659 3152 3714 in
3181 3656 3382 3728 quibus

1817 3764 1950 3822 illud
1975 3764 2212 3820 maxime
2242 3759 2640 3817 observandum
2675 3765 2778 3821 est,
2827 3755 2931 3811 etsi
2968 3753 3116 3808 varia
3162 3752 3383 3808 fuerunt

1815 3858 2097 3915 hominum
2126 3855 2194 3911 de
2226 3852 2462 3908 Eusebio
2488 3857 2678 3906 nostro
2719 3849 2941 3918 judicia,
2991 3843 3135 3916 quod
3159 3842 3382 3915 quidem

1816 3957 2026 4022 spectat
2069 3947 2138 4004 ad
2187 3943 2682 4002 ecclesiasticorum
2723 3937 3036 4010 dogmatum
3067 3933 3380 4006 puritatem,

1817 4059 2008 4102 omnes
2039 4053 2221 4098 tamen
2259 4050 2486 4094 summae
2520 4031 2840 4089 eruditionis
2875 4028 3085 4084 laudem
3113 4041 3222 4082 uno
3250 4039 3385 4079 con-

1818 4151 1982 4193 sensu
2017 4135 2067 4189 ei
2115 4132 2391 4188 tribuisse.
2422 4127 2575 4183 Unus
2621 4124 2845 4178 Patrum
2879 4120 3141 4176 memoria
3174 4117 3384 4173 exstitit

1815 4227 2086 4299 Iosephus
2134 4223 2398 4294 Scaliger,
2428 4221 2521 4290 qui
2577 4214 2844 4288 praecipiti
2875 4213 3110 4284 quadam
3155 4207 3384 4265 audacia

1819 4338 1883 4378 ac
1922 4316 2280 4377 maledicendi
2321 4313 2544 4369 libidine
2593 4312 2872 4378 abreptus,
2933 4307 3074 4360 hanc
3125 4301 3386 4358 doctrinae

1819 4416 2044 4487 gloriam
2055 4453 2068 4476 ,
2084 4424 2248 4481 quam
2267 4420 2366 4461 nec
2376 4399 2916 4459 adversariiEusebio
2930 4409 3166 4466 unquam
3179 4391 3386 4447 invide-

164 4523 416 4592 synodum
443 4484 706 4594 perpetuo
734 4517 1041 4574 damnavit?
1085 4484 1372 4588 legantur
1419 4515 1542 4585 ejus
1591 4511 1712 4567 libri
1745 4527 1796 4586 ι)
1819 4484 1966 4572 runt,
1994 4505 2042 4560 ei
2068 4503 2307 4557 adimere
2333 4503 2562 4553 conatus
2589 4501 2694 4550 est.
2720 4492 2852 4563 Ejus
2872 4490 3036 4544 verba
3065 4490 3112 4542 si
3142 4484 3264 4594 quis
3289 4496 3386 4584 cu-

164 4615 601 4673 Deesctesiastica
640 4613 916 4684 theologia,
962 4627 1100 4683 quos
1161 4619 1349 4667 contra
1396 4608 1710 4663 Marcellum

164 4711 366 4780 scripsit
395 4710 495 4764 diu
547 4715 671 4779 post
699 4706 992 4762 concilium
1028 4703 1330 4759 Nicaenum.
1369 4701 1717 4758 inveniemus

165 4803 208 4855 id
235 4801 377 4874 quod
407 4799 545 4864 dixi,
580 4800 865 4854 damnatos
897 4797 966 4851 ab
1008 4812 1074 4851 eo
1115 4794 1284 4850 fuisse
1331 4795 1422 4864 qui
1473 4794 1720 4848 dicerent

167 4893 344 4949 Filium
373 4892 472 4948 Dei
500 4892 571 4946 de
600 4905 708 4946 non
735 4888 1079 4945 exstantibus
1113 4901 1235 4943 esse
1255 4885 1482 4946 factum,
1505 4893 1558 4940 et
1581 4883 1719 4940 fuis-

167 5002 218 5040 se
238 4994 452 5054 tempus
489 4997 615 5036 cum
643 4997 752 5038 non
790 4987 959 5037 esset.
992 4977 1138 5034 ldem
1185 4977 1349 5032 etiam
1389 4977 1456 5031 de
1482 4975 1718 5031 Eusebio

168 5086 385 5133 testatur
420 5075 753 5131 Athanasius
809 5074 868 5128 in
899 5071 1143 5142 Epistola
1185 5069 1248 5124 de
1273 5069 1494 5123 decretis
1531 5067 1720 5138 synodi

171 5169 387 5226 Nicaeae
418 5169 506 5224 his
559 5167 773 5224 verbis:
815 5165 883 5220 Et
910 5164 1144 5235 profecto
1173 5162 1359 5232 infelix
1404 5162 1460 5214 in
1504 5177 1564 5214 eo
1595 5160 1717 5230 fuit.

176 5259 233 5312 Ut
256 5262 389 5315 enim
418 5260 646 5330 seipsum
673 5265 943 5328 purgaret.
973 5255 1239 5308 accusavit
1269 5251 1505 5320 deinceps
1559 5249 1719 5302 Aria-

173 5370 274 5418 nos,
299 5352 436 5425 quod
466 5369 586 5407 cum
622 5351 853 5405 dicerent
897 5347 1098 5401 Filium
1150 5345 1248 5400 Dei
1308 5361 1413 5399 non
1459 5343 1723 5398 exstitisse

175 5454 433 5514 antequam
472 5443 794 5514 gigneretur,
819 5439 914 5492 hoc
941 5447 1094 5508 pacto
1123 5444 1367 5507 negarent
1396 5451 1512 5487 eum
1561 5434 1723 5487 exsti-

177 5537 285 5590 tisse
337 5547 458 5591 ante
496 5533 939 5589 incarnationem.
999 5528 1065 5582 Et
1115 5527 1446 5581 Athanasius
1480 5525 1720 5594 quidem,

179 5628 257 5697 qui
298 5630 538 5698 privatas
585 5623 906 5681 inimicitias
948 5636 1072 5675 cum
1099 5618 1336 5674 Eusebio
1392 5618 1583 5687 gessit,
1620 5616 1725 5669 hoc

183 5717 392 5774 Eusebio
444 5717 696 5790 perhibet
739 5712 1129 5768 testimonium.
1186 5708 1548 5778 Hieronymus
1596 5719 1725 5758 vero

183 5812 260 5882 qui
285 5812 460 5867 nullas
510 5809 624 5865 odii
683 5820 880 5862 causas
908 5804 1168 5858 adversus
1233 5800 1526 5855 Eusebium
1557 5797 1726 5851 habe-

1819 4601 1900 4672 pit
1937 4610 2284 4670 cognoscere,
2318 4594 2459 4648 inter
2478 4587 2788 4646 testimonia
2829 4592 3072 4642 veterum
3104 4574 3387 4634 collocavi-

1817 4665 1941 4748 inus
1974 4665 2151 4745 :vnon
2181 4684 2328 4756 quod
2360 4683 2481 4753 ejus
2527 4679 2796 4751 judicium
2847 4676 2949 4730 hac
3003 4667 3303 4742 praesertim
3327 4665 3384 4718 in

1820 4793 1978 4856 parte
2036 4781 2220 4851 magni
2275 4777 2541 4831 faciamus
2561 4811 2576 4837 ,
2620 4769 2716 4827 sed
2745 4783 2810 4824 eo
2837 4767 3018 4837 potius
3043 4759 3292 4818 consilio,
3325 4763 3385 4807 ut

1820 4847 2276 4947 iniportuna'ejus
2307 4863 2684 4924 maledicentia
2716 4860 2958 4915 omnium
3019 4851 3190 4908 oculis
3213 4847 3384 4916 subji~

1819 4942 2055 5026 ceretur.
2086 4964 2342 5031 Quicum
2401 4960 2458 5016 in
2489 4954 2807 5013 Chronicum
2867 4945 3087 5002 Eusebii
3119 4942 3385 4999 Canonem
3444 5013 3452 5023 .

1819 5060 2253 5121 Commentarios
2280 5054 2522 5124 scribere
2564 5047 2911 5108 instituisset,
2967 5040 3023 5095 in
3060 5041 3178 5110 ipso
3197 5034 3384 5105 operis

1820 5155 2044 5213 exordio
2076 5148 2424 5224 reprehendit
2455 5145 2869 5213 Hieronymum,
2901 5134 3046 5206 quod
3090 5127 3384 5224 Eusebium

1821 5250 1998 5303 virum
2023 5243 2454 5302 eruditissimum
2480 5229 2845 5306 appellaverit.
2873 5231 2952 5281 Ac
2973 5221 3237 5295 principio
3263 5219 3388 5288 qui-

1822 5340 1944 5397 dem
1984 5347 2278 5394 statueram
2329 5333 2588 5387 adversus
2643 5323 2974 5392 Scaligerum
3001 5315 3246 5387 pluribus
3272 5310 3388 5364 dis-

1823 5444 2033 5503 putare,
2065 5429 2290 5498 ejusque
2345 5417 2666 5479 sententiam
2693 5411 2971 5484 prolixiori
3032 5403 3394 5477 responsione

1825 5493 2156 5579 subvertere.
2183 5493 2290 5573 Sed
2339 5511 2595 5585 quoniam
2633 5521 2696 5563 ea
2740 5521 2828 5560 res
2861 5502 3082 5572 majoris
3133 5503 3217 5552 est
3265 5493 3389 5555 otii,

1825 5634 1890 5671 ac
1938 5616 2170 5670 fortasse
2214 5583 2433 5664 taedium
2485 5603 2716 5656 allatura
2787 5603 2931 5652 esset
2987 5589 3303 5650 lectoribus,
3331 5583 3393 5640 in

1827 5691 1974 5762 aliud
2003 5715 2215 5774 tempus
2241 5695 2598 5771 opportunius
2627 5690 2927 5748 differetur.
