3924 6266
495 470 3761 511 W

927 654 1504 747 VETERUM
1579 644 2327 742 TESTIMONIA
2396 643 2636 739 PRO
2713 644 3272 738 EUSEBIO.

716 1007 800 1051 ωε
845 997 1066 1067 epistola
1095 995 1431 1052 Constantini
1469 996 1651 1066 Magni
1681 996 1750 1052 ad
1773 995 2143 1062 Antiochenos,
2176 949 2334 1067 quam
2358 996 2517 1067 refert
2541 995 2796 1052 Eusebius
2821 997 2875 1051 in
2901 994 3015 1065 ejus
3047 994 3190 1063 Vita,
3223 1009 3347 1067 pag.
3378 991 3526 1050 516.

554 1139 756 1197 Fateor
787 1143 930 1197 enim
963 1142 1257 1214 perlegisse
1300 1156 1387 1196 me
1418 1140 1551 1195 Acta
1581 1138 1636 1192 in
1656 1137 1854 1209 quibus
1887 1152 1950 1191 ex
1981 1135 2296 1192 honoriﬁcis
2337 1135 2666 1192 testimoniis
2691 1151 2756 1192 ac
2786 1140 3076 1208 praconiis
3117 1142 3311 1201 vestris
3345 1144 3408 1198 in
3448 1139 3770 1199 Eusebium

483 1236 879 1294 Casariensem
921 1239 1261 1309 episcopum,
1295 1252 1453 1308 quem
1486 1249 1586 1304 ego
1608 1249 1823 1304 quoque
1847 1240 1902 1288 et
1929 1231 2188 1287 doctrina
2222 1239 2276 1288 et
2299 1231 2578 1288 modestia
2615 1246 2779 1287 causa
2805 1231 3125 1301 jamdudum
3158 1239 3326 1307 probe
3375 1239 3543 1300 novi,
3579 1252 3683 1292 vos
3715 1237 3770 1290 in

483 1348 611 1386 eum
643 1346 939 1402 propensos
965 1347 1108 1395 esse,
1137 1345 1369 1400 eumque.
1401 1328 1554 1383 vobis
1579 1328 1860 1383 vindicare
1891 1329 2028 1383 velle
2057 1327 2319 1398 comperi.
2358 1325 2427 1380 Et
2469 1329 2627 1396 paulo
2658 1335 2814 1396 post:
2856 1327 3120 1398 Equidem
3151 1331 3330 1384 virum
3369 1331 3542 1384 illum
3600 1344 3767 1400 quem

485 1441 584 1480 vos
613 1433 668 1480 et
701 1424 908 1480 honore
937 1435 991 1481 et
1019 1424 1392 1481 benevolentia
1416 1423 1640 1493 dignum
1665 1423 1949 1492 judicatis,
1983 1423 2278 1493 plurimum
2311 1420 2497 1476 laudo.
2527 1419 2645 1475 Non
2675 1430 2856 1474 tamen
2887 1421 3022 1476 adeo
3045 1422 3249 1494 despici
3266 1429 3505 1494 oportet
3536 1422 3596 1476 id
3619 1425 3769 1494 quod

487 1515 628 1587 apud
665 1517 909 1585 singulos
942 1524 1119 1571 ratum
1155 1516 1478 1586 ﬁrmumque
1499 1531 1718 1571 manere
1745 1513 2029 1577 debuerat,
2064 1523 2122 1567 ut
2143 1514 2345 1584 singuli
2381 1515 2621 1569 contenti
2657 1529 2765 1568 non
2795 1514 2904 1570 sint
2935 1517 3220 1572 sententiis
3251 1517 3399 1580 suis,
3433 1523 3553 1570 etc.

486 1631 572 1686 Ea:
615 1631 848 1702 ejusdem
901 1631 1237 1688 Constantini
1281 1631 1349 1686 ad
1403 1630 1685 1687 Eusebium
1723 1629 1970 1700 epistola,
2019 1645 2290 1754 quabftstm
2317 1629 2535 1694 laudat,
2578 1631 2714 1701 quod
2755 1631 3132 1688 Antiochenam
3171 1631 3346 1686 sedem
3403 1632 3764 1696 recusaverit,

1963 1716 2083 1754 uau.
2241 1744 2254 1754 .

1962 1716 2083 1770 pag.
2129 1716 2254 1756 διδ.

555 1819 851 1890 Epistolam
881 1827 1030 1875 tuam
1061 1821 1260 1891 sapius
1306 1819 1432 1890 legi,
1475 1826 1529 1875 et
1567 1820 1952 1876 ecclesiastica
1979 1820 2281 1890 disciplina
2331 1820 2578 1890 regulam
2634 1821 3052 1878 accuratissime
3103 1822 3466 1880 observatam
3505 1836 3539 1876 a
3573 1829 3630 1878 te
3661 1837 3766 1876 co-

480 1913 664 1984 gnovi.
700 1911 856 1967 Enim
884 1928 1017 1968 vero
1051 1914 1105 1968 in
1133 1929 1196 1968 ea
1220 1914 1487 1968 sententia
1511 1920 1774 1983 perstare,
1805 1928 1927 1982 qua
1957 1919 2010 1967 et
2035 1911 2144 1967 Deo
2175 1921 2418 1982 accepta,
2446 1919 2500 1967 et
2519 1913 2831 1983 apostolica
2856 1915 3134 1969 traditioni
3162 1929 3417 1986 congrua
3435 1930 3572 1971 esse
3593 1913 3770 1968 videa-

489 2013 612 2066 tur.
665 2022 891 2064 summa
917 2007 1134 2077 pietatis
1179 2017 1283 2063 est.
1325 2006 1406 2061 Tu
1434 2007 1653 2076 quidem
1688 2007 1906 2061 beatum
1939 2015 1990 2061 te
2021 2007 2074 2062 in
2127 2007 2231 2062 hoc
2274 2007 2392 2076 ipso
2420 2007 2737 2062 existimare
2768 2010 2958 2074 debes,
2989 2008 3086 2078 qui
3119 2007 3290 2063 totius
3343 2005 3764 2076 propemodum

486 2092 638 2148 orbis
667 2095 1001 2161 testimonio,
1023 2097 1218 2167 dignus
1239 2096 1507 2151 universa
1529 2095 1785 2150 Ecclesia
1799 2096 2111 2166 episcOpatu
2138 2095 2415 2165 judicatus
2443 2097 2541 2152 sis.
2561 2096 2692 2151 Nam
2715 2112 2838 2152 cum
2871 2114 3062 2154 omnes
3085 2107 3138 2154 te
3165 2098 3310 2170 apud
3331 2111 3397 2152 se
3427 2096 3759 2167 episc0pum

485 2201 608 2244 esse
635 2190 897 2254 ambiant,
932 2191 1070 2244 hanc
1096 2197 1245 2243 tuam
1288 2189 1598 2244 felicitatem
1632 2189 1750 2244 sine
1787 2189 2158 2243 controversia
2189 2187 2479 2259 adaugent.
2519 2187 2716 2244 Verum
2764 2191 3072 2247 rectissime
3104 2191 3233 2246 fecit
3279 2189 3594 2260 prudentia
3645 2197 3762 2252 tua,

487 2294 613 2348 qua
633 2289 688 2336 et
719 2281 979 2336 mandata
1009 2279 1126 2345 Dei,
1161 2289 1214 2334 et
1240 2280 1594 2350 apostolicam
1656 2289 1821 2349 atque
1868 2278 2298 2334 ecclesiasticam
2355 2281 2598 2351 regulam
2642 2281 2920 2337 custodire
2951 2282 3140 2337 statuit
3178 2301 3192 2350 ;
3222 2284 3621 2354 episcopatum
3649 2280 3762 2335 An-

487 2373 788 2429 tiochensis
819 2371 1079 2430 Ecclesia
1123 2372 1435 2443 repudians,
1462 2380 1517 2428 et
1537 2371 1594 2427 in
1626 2387 1692 2428 eo
1727 2372 1908 2443 potius
1929 2386 2246 2442 permanere
2274 2372 2627 2440 desiderans,
2656 2390 2819 2446 quem
2853 2375 2946 2431 Dei
2970 2375 3288 2431 mandatum
3318 2378 3394 2433 ab
3429 2376 3600 2432 initio
3634 2391 3760 2433 sus.

487 2465 745 2537 cepisset.

1089 2580 1173 2635 Ea;
1195 2579 1427 2651 ejusdem
1457 2577 1797 2635 Constantini
1819 2579 2043 2649 epistola
2070 2581 2138 2633 ad
2155 2580 2411 2651 synodum
2431 2582 2834 2649 Antiochenam,
2861 2599 2985 2656 pag.
3005 2583 3132 2640 519.

562 2698 694 2771 Legi
709 2699 919 2756 litteras
947 2714 980 2753 a
1017 2708 1199 2754 vestra
1218 2697 1506 2753 sanctitate
1529 2695 1786 2765 scriptas,
1811 2702 1865 2752 et
1899 2694 2115 2751 Eusebii
2148 2697 2366 2766 collega
2398 2698 2569 2752 vestri
2598 2696 2841 2767 prudens
2863 2700 3201 2770 propositum
3223 2701 3474 2757 laudavi.
3510 2702 3761 2772 Cumque

497 2801 696 2850 cuncta
741 2808 861 2864 qua
894 2798 1046 2864 gesta
1096 2800 1246 2858 sunt,
1301 2791 1498 2860 partim
1534 2804 1599 2843 ex
1633 2788 1848 2850 vestris,
1911 2787 2108 2857 partim
2148 2803 2213 2841 ex
2262 2787 2787 2856 perfectissintorum
2830 2791 3115 2858 vivorum,
3163 2792 3351 2847 Acaeii
3405 2802 3464 2850 et
3499 2792 3758 2865 Strategii

503 2889 764 2946 comitum
793 2887 987 2941 litteris
1020 2886 1419 2955 cognovissem,
1454 2896 1678 2950 remque
1711 2888 1771 2934 ut
1821 2879 2047 2935 decebat
2075 2887 2330 2936 accurate
2358 2882 2741 2951 expendissem
2763 2924 2778 2949 ,
2823 2884 3020 2954 scripsi
3049 2884 3117 2939 ad
3149 2886 3420 2955 populum
3456 2887 3757 2943 Antioche-

494 2999 652 3050 num,
680 2981 810 3053 quid
837 2979 951 3036 Deo
980 2986 1261 3049 acceptum
1296 2984 1349 3031 et
1378 2974 1636 3030 Ecclesia
1676 2988 1975 3044 congruum
2005 2982 2169 3027 esset.
2207 2971 2336 3042 Ejus
2386 2973 2629 3043 epistola
2675 2974 2986 3043 exemplum
3021 2974 3105 3031 his
3134 2976 3330 3031 litteris
3367 2979 3579 3047 subjici
3626 2993 3762 3048 ρεσε-

496 3081 634 3154 cepi,
696 3088 757 3136 ut
793 3094 892 3136 vos
927 3091 1258 3150 cognoscere
1289 3072 1536 3144 possitis,
1571 3072 1833 3142 quidnam
1864 3086 1964 3142 ego
1992 3070 2135 3140 juris
2185 3071 2394 3125 ratione
2424 3080 2750 3140 provocatus
2779 3071 3094 3141 scripserim
3140 3071 3208 3126 ad
3256 3075 3534 3145 populum
3569 3074 3760 3130 Antio-

489 3177 726 3232 chenum
757 3193 775 3230 :
813 3168 1254 3244 quandoquidem
1285 3166 1390 3220 hoc
1424 3165 1624 3219 litteris
1661 3163 1860 3218 vestris
1898 3161 2306 3227 continebatur,
2343 3167 2404 3216 ut
2450 3162 2606 3232 juxta
2655 3161 2842 3233 populi
2893 3168 2948 3216 et
2981 3160 3285 3232 prudentia
3317 3173 3529 3221 vestra
3562 3164 3759 3220 suﬂ‘ra-

491 3269 639 3340 gium
667 3283 731 3322 ac
764 3267 1124 3328 voluntatem,
1185 3259 1457 3316 Eusebius
1509 3259 1895 3314 sanctissimus
1927 3256 2344 3312 Casariensium
2381 3255 2672 3327 episcopus
2718 3256 3069 3312 Antiochena
3097 3257 3358 3314 Ecclesia
3413 3261 3756 3330 prasideret.

490 3361 718 3432 ejusque
764 3373 954 3414 curam
1006 3355 1328 3426 susciperet.
1373 3351 1448 3406 Ac
1491 3351 1688 3406 littera
1738 3349 1958 3422 quidem
2002 3347 2224 3404 Eusebii
2309 3347 2700 3404 ecclesiastica
2741 3348 2846 3418 lcgi
2889 3350 3124 3406 maxime
3174 3351 3450 3409 inbarere
3497 3353 3759 3410 videban-

489 3462 604 3518 tur,
645 3461 754 3508 etc.

662 3566 749 3620 Ea:
769 3564 1004 3637 ejusdem
1027 3563 1367 3620 Constantini
1400 3560 1469 3616 ad
1501 3559 1789 3615 Eusebium
1839 3557 2084 3630 epistola,
2119 3557 2174 3610 in
2196 3573 2300 3628 qua
2332 3556 2523 3612 librum
2551 3557 2696 3612 illius
2725 3555 2801 3614 De
2829 3559 3040 3614 Pascha
3067 3560 3276 3629 laudat,
3297 3579 3426 3636 pag.
3455 3566 3584 3622 543.

563 3685 834 3740 Eximiam
860 3692 1012 3740 tuam
1043 3683 1347 3739 doctrinam
1373 3690 1428 3738 et
1450 3680 1618 3738 studii
1648 3681 2052 3736 contentionem
2081 3679 2334 3750 equidem
2365 3693 2530 3750 supra
2552 3677 2776 3734 modum
2808 3677 3111 3736 admiratus
3139 3699 3282 3748 sum,
3305 3685 3528 3758 legique
3561 3687 3757 3742 librum

493 3785 652 3835 tuum
695 3779 1058 3849 perlibenter:
1119 3785 1287 3847 utque
1316 3776 1372 3830 in
1398 3775 1690 3829 multorum
1719 3773 1812 3844 qui
1841 3773 2038 3828 divina
2086 3772 2365 3843 religionis
2387 3773 2792 3828 observantiam
2833 3776 3048 3831 sincere
3075 3775 3425 3848 proﬁtentur,
3460 3795 3664 3834 manus
3693 3791 3755 3832 ac

495 3872 746 3926 notitiam
785 3871 1116 3942 perveniret,
1145 3868 1606 3940 quemadmodum
1665 3877 1975 3938 optaveras,
2025 3867 2298 3922 mandavi.
2335 3866 2472 3921 Cum
2504 3867 2668 3938 igitur
2701 3867 2974 3940 intelligas
3001 3910 3016 3935 ,
3071 3879 3276 3942 quanta
3311 3887 3440 3928 cum
3479 3877 3757 3944 voluptate

499 3965 810 4035 hujusmodi
843 3978 1073 4020 munera
1101 3980 1132 4018 a
1163 3965 1381 4020 solertia
1415 3969 1508 4016 tua
1541 3962 1698 4018 nobis
1725 3962 1906 4017 oblata
1955 3963 2307 4033 suscipimus,
2343 3977 2475 4018 cura
2516 3970 2577 4018 ut
2615 3962 3080 4034 lrequentioribus
3128 3967 3358 4036 posthac
3406 3968 3756 4026 sermonibus

496 4055 699 4126 quibus
723 4063 778 4110 te
807 4055 1131 4110 innutritum
1161 4069 1284 4110 esse
1312 4052 1584 4125 proﬁteris
1603 4092 1618 4118 ,
1646 4052 1888 4106 animum
1919 4061 2170 4108 nostrum
2198 4053 2500 4110 exhilares.

642 4167 726 4222 Ea:
747 4168 973 4239 epistola
991 4168 1226 4239 ejusdem
1253 4167 1590 4225 Constantini
1616 4167 1685 4223 ad
1710 4165 1992 4223 Eusebium
2029 4167 2092 4222 de
2131 4167 2466 4238 conﬁciendis
2490 4184 2662 4223 sacra
2691 4167 2985 4239 Scriptum
3009 4171 3295 4238 codicibus,
3331 4192 3454 4247 pag.
3481 4176 3614 4231 543.

577 4280 762 4339 Visum
790 4291 874 4338 est
899 4284 1043 4339 enim
1072 4283 1126 4338 id
1155 4282 1466 4354 signiﬁcare
1494 4283 1796 4354 prudentia
1847 4289 1984 4344 tua,
2016 4290 2076 4335 ut
2115 4283 2513 4354 quinquaginta
2547 4284 2767 4340 codices
2801 4284 3109 4340 divinarum
3145 4285 3588 4359 Scripturarum,
3615 4303 3750 4360 qua-

501 4392 622 4433 rum
642 4384 964 4448 apparatum
985 4385 1040 4432 et
1069 4391 1228 4432 usum
1259 4377 1495 4431 maxime
1524 4375 1896 4431 necessarium
1931 4373 2189 4430 Ecclesia
2221 4390 2341 4431 esse
2378 4375 2657 4446 intelligis,
2685 4375 2742 4430 in
2781 4378 3115 4434 membranis
3143 4381 3310 4449 probe
3345 4381 3654 4452 apparatis,
3687 4379 3754 4432 ab

502 4469 809 4527 artiﬁcibus
841 4471 1167 4542 antiquariis
1193 4478 1424 4526 venuste
1455 4470 1730 4527 scribendi
1761 4468 2112 4542 peritissimis
2135 4468 2374 4526 describi
2398 4470 2586 4538 facias,
2613 4471 2708 4543 qui
2734 4478 2789 4528 et
2813 4471 2916 4545 legi
2940 4471 3130 4538 facile,
3161 4481 3216 4530 et
3255 4474 3323 4529 ad
3353 4490 3576 4531 omnem
3597 4485 3754 4528 usum

501 4569 846 4626 circumferri
878 4570 1110 4641 possint.

506 4683 593 4740 Ea:
614 4683 829 4742 Eusebii
872 4682 1292 4741 Nicomediensis
1317 4683 1541 4754 epistola
1567 4682 1635 4738 ad
1652 4683 1975 4756 __Paulinum
2005 4685 2302 4756 episcopum
2357 4682 2506 4755 Tyri,
2537 4700 2697 4756 quam
2749 4685 2910 4756 refert
2947 4685 3292 4742 Theodoritus
3315 4687 3370 4742 in
3399 4686 3538 4742 libro
3579 4682 3750 4753 primo

1652 4753 1914 4810 Historia.
1951 4754 2357 4818 ecclesiastica,
2391 4753 2504 4822 cap.
2543 4753 2594 4810 5.

578 4873 691 4932 Nec
729 4875 936 4932 domini
969 4873 1075 4930 mei
1097 4873 1316 4930 Eusebii
1339 4886 1438 4944 pro
1459 4870 1659 4928 tuenda
1693 4872 1920 4927 veritate
1945 4869 2184 4925 studium
2220 4869 2443 4924 silentio
2467 4873 2786 4924 mandatum
2813 4877 2920 4937 est,
2946 4885 3048 4926 nec
3073 4877 3192 4936 tua,
3221 4869 3464 4936 domine,
3495 4869 3554 4924 in
3567 4865 3749 4924 eadem

507 4980 571 5022 re
595 4969 958 5025 taciturnitas.
984 4967 1066 5023 Ad
1095 4984 1194 5023 nos
1226 4970 1372 5024 enim
1401 4967 1468 5024 de
1502 4976 1733 5037 utroque
1767 4964 1908 5020 fama
1939 4967 2186 5037 pervenit
2222 4984 2236 5021 :
2273 4973 2327 5022 et
2368 4964 2516 5037 quod
2547 4979 2891 5035 consequens
2941 4971 3090 5032 erat,
3132 4963 3354 5021 Eusebii
3381 4961 3590 5020 domini
3647 4957 3750 5014 mel

508 5070 678 5113 causa
704 5059 968 5124 latitiam,
1003 5063 1099 5113 tua
1129 5071 1258 5112 vero
1291 5055 1533 5112 dolorem
1562 5057 1829 5127 cepimus.

1177 5177 1280 5232 Ea:
1319 5177 1450 5231 libro
1475 5176 1667 5230 Basilii
1696 5174 1764 5228 ad
1798 5173 2217 5242 Amphilochium
2241 5172 2315 5230 De
2339 5173 2547 5246 Spiritu
2581 5183 2794 5240 sancto,
2817 5190 2932 5244 cap.
2967 5173 3060 5231 29.

586 5289 740 5356 Quod
762 5293 807 5347 si
827 5294 912 5347 cui
931 5292 1249 5350 Palastinus
1263 5291 1530 5348 Eusebius
1546 5297 1764 5362 propter
1787 5291 2079 5346 multarum

2259 5293 2322 5345 Et
2362 5291 2419 5345 δέ
2450 5310 2527 5363 τῳ
2573 5293 2665 5346 καὶ
2693 5295 2720 5346 ὁ
2761 5292 3115 5357 Παλαιστινδς
3161 5291 3420 5358 Εὐσέϐιος
3449 5289 3749 5357 ἀξιόπιστος

515 5397 699 5437 rerum
757 5386 1008 5454 peritiam
1069 5385 1298 5442 idoneus
1352 5384 1604 5448 videtur,
1661 5384 1749 5440 cui
1813 5383 2064 5439 habeatur

2202 5385 2273 5438 Ξιὰ
2305 5383 2694 5458 πολυπειρίαν,
2732 5386 2983 5440 κάκείνου
3036 5386 3134 5450 τὰς
3180 5387 3350 5450 αὑτὰς
3411 5383 3590 5456 φωνὰς
3633 5382 3751 5432 ὲπι·

518 5471 675 5534 ﬂdes,
714 5473 860 5528 illius
911 5491 1126 5544 quoque
1168 5475 1387 5532 easdem
1423 5492 1585 5532 voces
1633 5475 1974 5532 ostendimus
2027 5479 2067 5532 in

2194 5479 2477 5550 δείκνυμεν
2509 5481 2568 5532 ὲν
2610 5482 2721 5544 τοῖς
2754 5481 3142 5554 ὲπαπορήμασι
3175 5483 3316 5551 Περὶ
3362 5480 3476 5550 τῆς
3503 5475 3620 5532 τῶν
3645 5473 3743 5545 ἀφ’

517 5564 912 5636 quastionibus
943 5565 1016 5620 De
1036 5569 1332 5636 priscorum
1352 5569 1652 5642 polygamia
1671 5565 1767 5639 (α).

1245 5584 1332 5623 um
1352 5569 1652 5642 polygamia
1671 5565 1767 5639 (α).
2189 5573 2376 5640 χαίων
2403 5573 2794 5642 πολυγαμίας.

589 5744 666 5818 (α)
701 5743 874 5815 Hujus
899 5746 1017 5800 libri
1052 5749 1297 5804 meminit
1313 5748 1579 5806 Eusebius
1607 5751 1659 5805 in
1692 5751 1786 5806 lib.
1814 5769 1887 5809 vn
1926 5751 2366 5821 Prwparationis,
2391 5767 2512 5821 cap.
2540 5752 2591 5810 8.
