3924 6266
211 310 263 366 39
1157 303 1481 360 VETERUM
1521 304 1935 362 TESTIMONIA
1981 306 2118 364 PRO
2158 308 2469 366 EUSEBlO.
3362 323 3431 375 70

335 420 414 475 Es
443 418 575 474 libro
609 417 987 484 Quaestionum
1021 419 1232 477 Veteris
1257 438 1319 478 ac
1344 422 1479 478 Novi
1515 422 1854 480 Testamenti
1887 427 1975 496 qui
1994 429 2130 484 inter
2171 430 2455 504 Augustini
2495 431 2666 500 Opera
2688 443 2765 487 est
2793 434 2984 501 editus,
3010 450 3125 506 cap.
3159 435 3280 490 l25.

271 537 603 593 Meminimus
638 538 692 590 in
723 537 958 604 quodam
991 538 1173 594 libello
1207 539 1710 610 Eusebiiquondam
1731 544 1930 613 egregii
1961 544 2016 598 in
2048 545 2272 617 reliquis
2293 548 2392 602 viri
2419 548 2636 618 legisset
2663 549 2790 619 quia
2806 566 2907 606 nec
2929 549 3165 622 Spiritus
3195 559 3424 609 sanctus

209 631 340 684 sciat
369 628 679 698 mysterium
707 625 1018 684 Nativitatis
1051 628 1266 686 Domini
1291 632 1466 685 nostri
1491 629 1619 688 Jesu
1641 631 1867 699 Christi,
1901 642 1954 690 et
1980 635 2224 693 admiror
2255 645 2420 694 tanta:
2453 641 2718 696 doctrinae
2753 641 2930 697 virum
2978 642 3118 697 hanc
3151 649 3428 698 maculam

210 720 422 790 Spiritui
455 729 641 775 sancto
669 717 960 777 indixisse.

948 835 1033 890 Ea:
1085 837 1308 906 epistola
1336 836 1407 892 65
1437 837 1766 910 Hieronymi,
1819 843 1888 896 ad
1918 842 2320 900 Pammachium
2344 855 2396 901 et
2427 845 2714 905 Oceanum.

270 943 610 1002 Fortissimos
651 945 823 1002 libros
853 957 1037 1002 contra
1069 948 1424 1020 Porphyrium
1455 952 1648 1006 scribit
1692 954 2082 1024 Apollinarius,
2112 958 2521 1014 ecclesiasticam
2552 962 2778 1032 pulchre
2821 964 3087 1024 Eusebius
3117 963 3418 1019 Historiam

213 1043 385 1096 texuit.
414 1042 559 1097 Alter
583 1057 772 1099 eorum
805 1042 1142 1099 dimidiatam
1165 1045 1368 1102 Christi
1406 1047 1706 1104 introduxit
1742 1054 2100 1110 mconomiam
2135 1073 2150 1125 ;
2177 1057 2312 1113 alter
2337 1059 2628 1129 impietatis
2662 1060 2777 1115 Arii
2808 1062 3192 1132 apertissimus
3213 1073 3420 1130 propu-

213 1144 385 1202 gnator
401 1142 496 1189 est.

987 1228 1071 1283 Ea:
1097 1229 1430 1301 Apologetico
1459 1231 1692 1301 ejusdem
1723 1234 2033 1310 Hieronymi
2069 1239 2318 1296 adversus
2344 1241 2614 1312 Ruﬁnum.

268 1343 363 1398 Sex
385 1343 566 1408 libros,
601 1353 661 1399 ut
690 1353 816 1401 ante
844 1345 954 1416 jam
983 1345 1118 1410 dixi,
1150 1345 1420 1404 Eusebius
1451 1350 1804 1410 Caesariensis
1831 1355 2122 1426 episcopus
2150 1395 2164 1420 ,
2210 1355 2424 1412 Arianae
2461 1358 2736 1428 quondam
2761 1357 2987 1429 signifer
3017 1358 3286 1422 factionis.
3319 1375 3422 1430 pro

214 1441 424 1510 Origene
468 1441 710 1506 scripsit,
745 1442 1066 1498 latissimum
1094 1449 1148 1497 et
1179 1443 1514 1498 elaboratum
1545 1459 1719 1516 Opus:
1754 1447 1938 1502 multis
1961 1448 2287 1505 testimoniis
2345 1452 2682 1522 approbavit,
2738 1449 3015 1522 Originem
3041 1451 3197 1522 juxta
3229 1467 3288 1508 se
3312 1451 3421 1508 Ca-

210 1533 466 1595 tholicum,
509 1533 563 1586 id
589 1540 693 1597 est,
721 1533 878 1603 juxta
920 1549 1042 1598 nos,
1073 1533 1338 1588 Arianum
1374 1551 1518 1590 esse.

1549 1626 1634 1681 Ex
1677 1628 1854 1684 eodem
1889 1629 2046 1686 libro.

266 1736 377 1803 Ipse
398 1736 541 1790 enim
571 1735 855 1802 Eusebius,
884 1747 1093 1792 amator
1139 1746 1193 1793 et
1252 1753 1432 1807 prteco
1460 1745 1513 1793 et
1550 1741 1961 1798 contubernalis
2011 1743 2303 1817 Pamphili,
2347 1755 2456 1803 tres
2491 1747 2660 1802 libros
2692 1749 2914 1819 scripsit
2948 1750 3409 1822 elegantissimos,

203 1823 362 1878 Vitam
391 1824 653 1897 Pamphili
685 1829 1049 1884 continentes.
1081 1827 1137 1882 In
1170 1828 1372 1898 quibus
1403 1842 1526 1882 cum
1547 1837 1742 1884 caetera
1777 1831 1930 1886 miris
1957 1832 2208 1889 laudibus
2235 1835 2573 1903 praedicaret,
2603 1835 3072 1907 liumilitatemque
3095 1838 3214 1906 ejus
3245 1835 3416 1890 ferret

200 1920 246 1971 in
288 1923 500 1986 cmlum,
555 1923 717 1978 etiam
749 1923 854 1978 hoc
883 1925 939 1977 in
974 1925 1136 1978 tertio
1192 1923 1334 1977 libro
1379 1923 1607 1988 addidit,
1640 1932 1746 1979 etc.
1783 1923 1852 1978 Et
1875 1935 1992 1995 post
2013 1943 2183 1996 pauca
2210 1929 2266 1982 in
2298 1929 2478 1983 eodem
2509 1930 2678 1983 libro:
2747 1929 2986 1985 Laudavi
3032 1929 3323 1986 Eusebium
3354 1930 3412 1985 in

197 2012 550 2072 Ecclesiaslica
575 2017 835 2086 Historia,
859 2021 913 2072 in
941 2019 1242 2089 digestione
1262 2029 1586 2088 temporum,
1610 2019 1664 2073 in
1695 2019 2056 2090 descriptione
2090 2031 2293 2078 sancta;
2323 2032 2479 2079 terra:
2506 2043 2520 2078 :
2547 2034 2602 2079 et
2630 2025 2743 2079 haec
2760 2026 2874 2096 ipsa
2895 2027 3156 2096 opuscula
3179 2028 3234 2081 in
3263 2025 3414 2080 Lati-

195 2123 308 2161 num
336 2117 577 2178 vertens,
615 2125 748 2165 meae
768 2111 963 2181 linguae
983 2109 1292 2166 hominibus
1319 2109 1463 2166 dedi.
1480 2108 1626 2164 .Num
1652 2125 1716 2166 ex
1739 2124 1804 2166 eo
1825 2111 2059 2168 Arianus
2083 2130 2224 2177 sum,
2253 2115 2381 2183 quia
2415 2114 2685 2174 Eusebius
2710 2118 2803 2188 qui
2833 2117 2932 2172 hos
2955 2116 3125 2171 libros
3146 2115 3408 2180 condidit,

192 2200 408 2258 Arianus
436 2208 540 2256 est.

1154 2293 1238 2350 Ea:
1266 2295 1578 2366 Hieronymi
1611 2295 1746 2350 libro
1775 2293 1820 2349 ll
1861 2296 2124 2353 adversus
2155 2295 2433 2354 Ruﬁnum.

242 2406 336 2464 Vir
362 2409 718 2468 doctissimus
751 2409 1023 2467 Eusebius
1062 2409 1464 2481 (doctissimum
1497 2411 1630 2476 dixi,
1664 2426 1774 2465 non
1824 2411 2163 2466 Calholicum
2191 2455 2206 2480 ,
2239 2427 2308 2467 ne
2338 2427 2490 2467 more
2525 2412 2688 2468 solito
2727 2387 2860 2468 mihi
2889 2424 2943 2470 et
2969 2415 3024 2468 in
3058 2413 3164 2470 hoc
3193 2413 3405 2469 calum-

187 2505 312 2558 niam
349 2504 563 2573 struas)
593 2518 690 2572 per
738 2519 836 2560 sex
863 2504 1137 2558 volumina
1168 2502 1303 2557 nihil
1336 2503 1480 2558 aliud
1529 2505 1670 2574 agit,
1728 2504 1831 2558 nisi
1882 2512 1941 2558 ut
1975 2505 2240 2576 originem
2276 2519 2389 2560 suae
2441 2506 2692 2560 ostendat
2741 2506 2904 2576 ﬁdei,
2949 2506 3003 2561 id
3053 2513 3141 2563 est
3189 2507 3408 2563 Arianm

184 2595 424 2665 perﬁdiae.

1009 2705 1095 2761 Ea:
1147 2706 1404 2761 Protemio
1431 2704 1555 2759 libri
1583 2706 1645 2762 Β.
1670 2706 1978 2778 Hieronymi
2009 2706 2083 2764 De
2106 2709 2243 2764 locis
2266 2708 2571 2769 Hebraicis.

238 2830 524 2898 Eusebius,
550 2830 701 2902 quia
737 2829 895 2884 beato
929 2827 1213 2898 Pamphilo
1251 2836 1490 2898 martyre
1520 2837 1939 2898 cognomentum
1970 2827 2200 2884 sortitus
2223 2836 2331 2894 est,
2357 2838 2481 2900 post
2511 2831 2700 2887 decem
2726 2829 3115 2888 Ecclesiaslica:
3152 2831 3408 2889 Historias

180 2927 351 2991 lita-os,
386 2935 510 2997 post
541 2938 827 2994 temporum
875 2921 1136 2989 Canones,
1168 2939 1306 2992 quos
1340 2939 1440 2978 nos
1483 2920 1678 2976 Latina
1735 2921 1920 2992 lingua
1948 2922 2241 2987 edidimus,
2274 2929 2399 2993 post
2424 2923 2770 2980 diversarum
2803 2926 3069 2981 vocabula
3100 2928 3407 2992 nationum,

177 3035 285 3088 quze
306 3034 417 3090 quo
458 3018 622 3074 modo
667 3016 810 3087 apud
859 3012 1115 3070 llebrteos
1155 3015 1283 3070 olim
1313 3015 1460 3070 dicta
1514 3015 1646 3079 sint,
1687 3021 1740 3068 et
1770 3029 1916 3068 nunc
1971 3013 2249 3079 dicantur,
2310 3016 2565 3085 exposuit
2599 3034 2615 3084 ;
2657 3027 2781 3088 post
2811 3018 3222 3089 topographiam
3247 3027 3408 3076 terras

178 3111 380 3178 Iudaea,
409 3123 463 3168 et
513 3113 802 3167 distinctas
833 3108 1074 3162 tribuum
1123 3114 1321 3174 sortes,
1371 3107 1546 3178 ipsius
1577 3121 1796 3178 quoque
1823 3105 2188 3171 Hierusalem,
2219 3109 2518 3178 templique
2551 3109 2605 3164 in
2635 3124 2700 3164 ea
2731 3125 2853 3164 cum
2888 3110 3210 3166 brevissima
3241 3127 3408 3182 expo-

180 3207 360 3262 sitione
386 3208 676 3278 picturam,
709 3205 776 3260 ad
798 3211 1099 3259 extremum
1129 3203 1184 3258 in
1211 3206 1311 3259 lio’c
1343 3202 1608 3274 opusculo
1656 3202 1944 3266 laboravit,
1971 3209 2031 3256 ut
2055 3211 2410 3275 congregaret
2455 3205 2612 3260 nobis
2641 3206 2710 3260 de
2751 3214 2940 3260 sancta
2970 3204 3254 3278 Scriptura
3287 3223 3407 3263 om-

178 3301 312 3352 nium
347 3313 487 3369 pene
516 3297 755 3358 urbium.
804 3297 1092 3360 montium,
1145 3293 1464 3361 ﬂuminum,
1513 3291 1820 3347 viculorum
1862 3301 1915 3347 et
1953 3291 2293 3348 diversorum
2331 3296 2575 3351 locorum
2605 3296 2868 3352 vocabula
2906 3315 2919 3351 :
2953 3312 3074 3369 quae
3104 3299 3188 3354 vel
3213 3299 3404 3355 eadem

178 3399 401 3455 manent,
429 3393 512 3446 vel
548 3393 832 3445 immutata
864 3397 995 3446 sunt
1017 3396 1228 3461 postea,
1268 3389 1352 3445 vel
1385 3388 1568 3459 aliqua
1599 3403 1665 3442 ex
1699 3394 1850 3458 parte
1879 3397 2157 3460 corrupta.
2192 3387 2344 3446 Unde
2376 3400 2430 3447 et
2467 3407 2568 3449 nos
2598 3393 2934 3450 admirabilis
2977 3395 3080 3449 viri
3117 3402 3408 3467 sequentes

175 3490 418 3555 studium,
450 3497 556 3544 etc.

946 3601 1032 3656 Ea:
1063 3601 1196 3657 libro
1240 3602 1306 3659 B.
1340 3599 1654 3672 Hieronymi
1686 3597 1761 3655 De
1799 3599 2161 3670 scriptoribus
2194 3602 2604 3660 ecclesiasticis.

233 3714 571 3790 Hippolytus,
592 3717 875 3789 cujusdam
905 3718 1164 3775 Ecclesiae
1195 3719 1482 3790 episcopus
1505 3716 1723 3790 (nomen
1753 3717 1954 3788 quippe
1985 3718 2137 3775 urbis
2167 3719 2310 3774 scire
2336 3735 2443 3775 non
2472 3715 2646 3790 potui)
2677 3717 2944 3772 rationem
2971 3715 3217 3780 Pascha,
3259 3723 3403 3770 tem-

173 3817 457 3880 porumque
486 3825 726 3866 canones
750 3811 968 3880 scripsit
992 3827 1166 3882 usque
1195 3810 1260 3865 ad
1291 3813 1525 3882 primum
1555 3825 1758 3866 annum
1789 3809 2082 3867 Alexandri
2109 3811 2242 3882 imp.
2285 3819 2341 3867 et
2371 3811 2608 3867 sedecim
2651 3825 2917 3866 annorum
2940 3808 3204 3863 circulum
3236 3824 3400 3878 quem

171 3897 326 3979 {inci
356 3901 914 3971 ἐκκαιδεκαετηρίδα
954 3911 1186 3968 vocant,
1243 3902 1445 3973 reperit
1469 3918 1483 3966 ;
1511 3907 1564 3954 et
1589 3898 1825 3954 Eusebio
1852 3901 1945 3969 qui
1964 3915 2127 3971 super
2157 3901 2345 3956 eodem
2373 3899 2587 3974 Pascha
2615 3915 2880 3956 canonem
2907 3900 3091 3954 decem
3125 3906 3178 3953 et
3202 3913 3400 3955 novem

170 4009 418 4050 annorum
445 3995 739 4061 circulum,
775 3995 829 4050 id
858 4003 962 4062 est,
1003 3994 1565 4064 ἐννεαδεκαετηριδα
1591 4010 1719 4064 σθω]

1003 3994 1565 4064 ὲννεαδεκαετηριδα
1591 3995 1921 4065 composuit,
1968 3996 2318 4052 occasionem
2344 3994 2511 4052 dedit.

1515 4109 1601 4164 Ea:
1656 4107 1837 4164 eodem
1880 4110 2036 4166 libro.

231 4227 516 4292 Eusebius,
542 4225 802 4284 Caesareae
833 4226 1135 4284 Palaestina:
1163 4227 1476 4297 episcopus,
1505 4225 1561 4282 in
1586 4225 1886 4301 Scripturis
1910 4226 2107 4283 divinis
2127 4223 2588 4288 studiosissimus,
2607 4231 2661 4279 et
2678 4222 3027 4280 Bibliotheca
3047 4222 3245 4279 divinae
3266 4238 3394 4278 cum

171 4323 437 4396 Pamphilo
475 4331 714 4394 martyre
739 4323 1198 4395 diligentissimus
1239 4322 1658 4393 pervestigator,
1683 4322 1856 4379 edidit
1887 4322 2097 4377 inﬁnita
2127 4321 2424 4376 volumina.
2470 4319 2544 4376 De
2573 4320 2776 4391 quibus
2807 4319 2920 4374 haec
2975 4328 3106 4376 sunt
3140 4337 3154 4374 :
3204 4321 3398 4389 Εὐαγ-

170 4416 393 4487 γελικῆς
423 4415 784 4482 ἀποδείξεως
811 4415 931 4475 libri
962 4413 1174 4483 viginti,
1208 4412 1600 4483 εὐαγγελικῆς
1616 4421 1719 4483 IIpt

1846 4411 2135 4482 κισκευῆς
2162 4413 2283 4467 libri
2317 4411 2648 4482 quindecim,
2677 4410 3037 4482 Θεοφανείας
3066 4411 3191 4466 libri
3231 4411 3395 4482 quin-

169 4525 281 4581 que.
315 4507 704 4562 Ecclesiastica:
743 4506 994 4561 Historiae
1023 4504 1147 4560 libri
1188 4504 1400 4560 decem.
1452 4504 1832 4561 Chronicorum
1868 4522 2130 4561 canonum
2171 4504 2472 4560 omnimodo
2513 4505 2764 4571 historia,
2794 4511 2846 4560 et
2886 4519 3077 4560 eorum
3119 4501 3393 4572 ἐπιτομῇ.

170 4602 227 4658 Et
259 4603 332 4658 De
357 4601 766 4672 anngeliorum
785 4598 1095 4670 diaphonia.
1129 4596 1195 4651 In
1217 4595 1422 4651 Isaiam
1456 4597 1578 4654 libri
1609 4598 1820 4666 decem,
1843 4607 1898 4654 et
1917 4609 2100 4653 contra
2122 4597 2492 4670 Porphyrium,
2514 4597 2606 4668 qui
2635 4597 2825 4654 eodem
2856 4604 3099 4668 tempore
3120 4593 3394 4650 scribebat

173 4702 222 4758 in
256 4699 460 4763 Sicilia,
490 4706 549 4751 ut
578 4695 798 4768 quidam
827 4703 1038 4766 putant,
1067 4693 1193 4750 libri
1218 4693 1439 4764 triginta
1464 4710 1480 4762 ;
1517 4692 1586 4749 de
1605 4695 1807 4766 quibus
1828 4695 1895 4750 ad
1927 4711 2012 4752 me
2043 4696 2236 4768 viginti
2284 4702 2496 4750 tantum
2531 4704 2914 4767 pervenerunt.
2957 4690 3218 4749 Τοπικῶν
3255 4689 3394 4745 liber

170 4813 322 4865 unus;
368 4793 713 4864 Ἀπολογίας
746 4807 846 4863 pro
874 4789 1107 4861 Origene
1134 4789 1256 4845 libri
1283 4805 1378 4846 sex
1402 4808 1416 4857 ;
1453 4788 1533 4843 De
1574 4791 1680 4844 vita
1715 4790 1980 4861 Pamphili
2009 4792 2134 4847 libri
2163 4801 2294 4848 tres.
2327 4790 2404 4847 De
2427 4791 2750 4863 martyribus
2790 4791 2898 4846 alia
2923 4790 3210 4862 opuscula.
3241 4785 3306 4842 Et
3334 4786 3391 4843 in

168 4905 227 4945 cl.
251 4887 491 4943 Psalmos
545 4884 900 4940 eruditissimi
926 4881 1324 4938 Commentarii.
1364 4878 1429 4934 Et
1461 4879 1632 4934 multa
1671 4882 1798 4936 alia.
1831 4880 2043 4938 Floruit
2084 4883 2320 4939 maxime
2348 4884 2451 4940 sub
2477 4883 2840 4940 Constantino
2877 4886 3007 4953 imp.
3037 4890 3091 4938 et
3117 4881 3390 4938 Constan-

169 4986 266 5049 tio;
290 4979 442 5051 et_ob
492 4977 788 5030 amicitiam
827 4973 1094 5044 Pamphili
1123 4971 1401 5042 martyris,
1426 4971 1494 5026 ab
1529 4987 1596 5026 eo
1624 4986 2046 5043 cognomentum
2073 4974 2300 5030 sortitus
2321 4983 2423 5030 est.

1515 5082 1599 5137 Ea:
1641 5087 1817 5141 eodem
1870 5084 2024 5140 libro.

225 5187 509 5252 Eusebius,
526 5182 751 5238 natione
779 5179 1008 5241 Sardus,
1035 5185 1090 5234 et
1110 5193 1174 5233 ex
1198 5177 1404 5231 lectore
1424 5175 1578 5230 urbis
1604 5173 1882 5240 Romanae,
1915 5175 2284 5234 Vercellensis
2314 5178 2633 5249 episcopus;
2673 5179 2745 5234 oh
2773 5178 3174 5237 confessionem
3203 5179 3328 5237 ﬁdei
3363 5200 3395 5240 ο

172 5277 467 5335 Constantio
493 5275 742 5346 principe
777 5271 1145 5342 Scythopolim
1171 5277 1226 5323 et
1258 5268 1386 5322 inde
1410 5267 1812 5338 Cappadociam
1835 5272 2130 5342 relegatus,
2156 5271 2260 5327 sub
2285 5269 2505 5327 Iuliano
2522 5273 2654 5344 imp.
2684 5274 2752 5327 ad
2782 5273 3083 5330 Ecclesiam
3105 5290 3394 5346 reversus,

173 5373 313 5430 edidit
333 5375 386 5430 in
411 5371 671 5428 Psalmos
699 5367 1116 5425 Commentarios
1140 5365 1360 5421 Eusebii
1387 5362 1764 5428 Caesariensis,
1791 5381 1930 5436 quos
1956 5367 2022 5422 de
2050 5367 2238 5422 Graeco
2269 5370 2326 5422 in
2356 5367 2610 5422 Latinum
2635 5376 2892 5425 verterat.

813 5485 962 5540 Idem
985 5482 1339 5555 Hieronymus
1362 5485 1417 5538 in
1436 5484 1760 5554 Prcefatione
1779 5482 2310 5539 Commentariorum
2345 5489 2400 5540 in
2427 5484 2721 5542 Danielem.

223 5608 403 5666 Contra
427 5605 758 5680 prophetam
781 5601 1059 5657 Danielem
1092 5601 1475 5657 duodecimum
1509 5602 1704 5656 librum
1736 5599 1929 5656 scribit
1954 5600 2311 5673 Porphyrius,
2339 5602 2533 5658 nolens
2567 5617 2690 5656 eum
2729 5602 2798 5658 ah
2833 5603 2952 5673 ipso
2983 5601 3146 5672 cujus
3182 5599 3353 5660 inseri

181 5713 268 5769 litus
295 5713 372 5762 est
408 5700 664 5761 nomine,
692 5711 813 5752 esse
838 5694 1218 5764 compositum,
1251 5701 1355 5749 etc.
1383 5711 1398 5760 ;
1437 5693 1523 5749 cui
1549 5691 1902 5748 solertissime
1933 5692 2329 5760 responderunt
2365 5691 2650 5755 Eusebius.
2683 5693 3036 5750 Caesariensis
3067 5694 3367 5764 episcopus
