3924 6266
464 363 524 419 η
1404 353 1737 409 VETERUM
1773 349 2192 407 TESTIMONIA
2229 349 2362 404 PRO
2401 346 2710 405 FUSEBIO.
3681 337 3752 392 Ἡ

460 480 635 540 tribus
668 476 1057 538 voluminibus,
1087 476 1141 530 id
1172 484 1277 539 est,
1305 490 1463 539 xvm,
1498 490 1591 528 xix
1613 480 1667 528 et
1695 488 1785 526 xx.
1815 469 2180 539 Apollinarius
2210 464 2427 541 quoque
2460 482 2569 522 uno
2590 464 2780 537 grandi
2804 463 2960 529 libro,
2981 460 3086 517 hoc
3107 467 3209 525 est,
3233 458 3523 515 vicesimo
3553 461 3748 512 sexto.

459 587 514 630 et
547 585 671 630 ante
700 571 799 629 hos
830 589 895 629 ex
921 582 1075 644 parte
1107 545 1431 628 Method‘ms.

1478 706 1626 762 Idem
1656 705 2004 776 Hieronymus
2033 704 2086 758 in
2118 710 2275 770 caput
2303 714 2434 754 xxrv
2461 695 2723 752 Malthwi.

533 825 608 883 De
636 827 741 883 hoc
770 828 911 889 loco,
939 826 994 880 id
1022 833 1106 880 est
1121 825 1188 879 de
1204 823 1607 880 abominatione
1635 819 1986 875 desolationis
2017 834 2139 890 quae
2166 817 2310 871 dicta
2344 820 2430 869 est
2458 828 2488 867 a
2519 810 2740 865 Daniele
2772 807 3034 880 propheta
3057 848 3072 872 ,
3110 812 3288 862 stante
3333 804 3403 859 in
3438 801 3580 857 loco
3615 813 3753 856 san-

461 929 570 987 cto,
613 923 782 977 multa
812 921 1146 992 Porphyrius
1177 920 1336 974 tertio
1364 918 1575 974 decimo
1603 916 1785 988 operis
1812 914 1898 970 sui
1929 914 2200 968 volumine
2227 918 2416 964 contra
2443 922 2544 962 nos
2573 903 2994 975 blasphemavit.
3059 900 3163 957 Cui
3189 897 3514 960 Eusebius,
3552 893 3753 949 Cresa-

463 1012 662 1069 riensis
688 1013 996 1083 episcopus,
1027 1011 1200 1066 tribus
1223 1008 1500 1080 respondit
1532 1008 1900 1063 voluminibus
1925 1019 2080 1070 xvm,
2110 1017 2205 1056 tux
2233 1009 2288 1056 et
2311 1015 2403 1055 xx.

1582 1123 1732 1177 Idem
1761 1122 1812 1175 in
1832 1119 2056 1191 epistola
2090 1117 2180 1182 84,
2214 1117 2282 1170 ad
2307 1115 2582 1185 Magnum.

538 1239 885 1311 Scripserunt
928 1249 1119 1295 contra
1155 1256 1255 1295 nos
1285 1239 1475 1294 Celsus
1535 1246 1699 1307 atque
1740 1233 2117 1305 Porphyrius:
2172 1227 2343 1300 priori
2396 1224 2710 1295 Origenes;
2753 1221 2904 1276 alteri
2959 1212 3642 1280 Methodius,‘Eusebius
3677 1222 3738 1268 et

470 1309 835 1406 Apollinarius
894 1335 1189 1391 fortissime
1240 1335 1655 1404 responderunt.
1698 1331 1944 1398 Quorum
1974 1328 2235 1398 Origenes
2278 1331 2403 1380 octo
2441 1321 2662 1392 scripsit
2691 1319 2902 1374 libros:
2949 1317 3250 1372 Methodius
3287 1328 3486 1384 usque
3538 1311 3611 1365 ad
3648 1309 3751 1364 de-

468 1403 585 1482 cem
618 1427 786 1480 millia
823 1425 1067 1496 procedit
1094 1403 1396 1479 versuum:
1454 1421 1722 1478 Eusebius
1769 1428 1824 1475 et
1869 1417 2239 1490 Apollinarius
2269 1411 2460 1485 viginti
2510 1413 2749 1483 quinque
2797 1417 2852 1465 et
2902 1408 3122 1481 triginta
3178 1406 3478 1460 volumina
3537 1403 3746 1458 condi-

468 1519 686 1574 derunt.

1331 1624 1479 1680 Idem
1501 1627 1555 1678 in
1586 1624 1808 1693 epistola
1827 1624 1917 1687 65,
1946 1621 2014 1676 ad
2047 1619 2447 1674 Pammachium
2469 1628 2520 1674 et
2556 1617 2842 1675 Oceanum.

541 1738 676 1809 Quis
702 1739 1042 1810 prudentior,
1066 1739 1298 1808 doctior,
1345 1743 1687 1812 eloquentior
1721 1741 1954 1797 Eusebio
1981 1747 2034 1794 et
2063 1737 2312 1809 Didymo,
2343 1735 2706 1792 assertoribus
2733 1730 2984 1804 Origenis
3021 1727 3252 1785 inveniri
3293 1732 3496 1798 potest
3529 1723 3558 1780 τ
3590 1721 3744 1794 Quo-

470 1845 592 1886 rum
615 1834 752 1888 alter
775 1848 871 1889 sex
893 1833 1256 1890 voluminibus
1288 1837 1387 1906 τῆς
1414 1837 1758 1908 Ἀπολογίας
1788 1835 1862 1890 ita
1888 1849 2010 1890 eum
2034 1873 2047 1898 ,
2081 1839 2140 1886 ut
2167 1847 2245 1897 se,
2274 1831 2514 1887 sensisse
2535 1829 2838 1886 conﬁrmat.

1172 1967 1318 2022 Idem
1344 1967 1695 2040 Hieronymus
1726 1971 1781 2024 in
1812 1966 2134 2036 Prcefatione
2158 1962 2684 2020 Commentariorum
2707 1960 2761 2014 in
2790 1956 3005 2014 Isaiam.

543 2100 810 2159 Eusebius
836 2118 1054 2175 quoque
1081 2101 1369 2174 Pamphili,
1397 2102 1552 2172 juxta
1579 2101 1897 2158 historicam
1922 2099 2356 2171 explanationem
2378 2095 2687 2168 quindecim
2717 2092 2889 2149 edidit
2913 2091 3211 2147 volumina.

1175 2214 1326 2272 Idem
1350 2215 1404 2268 in
1430 2214 1758 2285 Prefatione
1791 2213 1917 2268 libri
1946 2213 2115 2284 quinti
2142 2209 2668 2266 Commentariorum
2687 2209 2749 2265 in
2783 2206 3001 2262 Isaiam.

545 2330 850 2389 Subeamne
871 2347 1028 2403 opus,
1052 2332 1106 2386 in
1127 2331 1276 2402 quod
1309 2332 1411 2386 viri
1439 2331 1797 2389 eruditissimi
1824 2329 2156 2385 sudaverunt
2174 2329 2198 2382 ?
2219 2327 2506 2400 Origenem
2537 2328 2732 2397 loquor
2758 2330 2811 2381 et
2834 2321 3127 2378 Eusebium
3148 2317 3456 2389 Pamphili.
3479 2315 3736 2382 Quorum

481 2425 620 2480 alter
662 2425 848 2481 liberis
895 2424 1165 2497 allegoria:
1207 2423 1401 2494 spatiis
1443 2431 1750 2494 evagatur;
1812 2428 1866 2479 et
1897 2422 2265 2491 interpretatis
2292 2419 2606 2476 nominibus
2657 2418 3015 2489 singulorum,
3049 2412 3329 2497 ingenium
3371 2425 3546 2466 suum
3601 2407 3735 2462 facit

482 2514 740 2571 Ecclesiae
776 2492 1135 2571 sacramenta.
1170 2492 1320 2571 Alter
1351 2492 1665 2573 historicam
1691 2515 2087 2586 expositionem
2114 2515 2276 2570 titulo
2308 2513 2712 2586 repromittens,
2757 2511 3028 2566 interdum
3073 2492 3430 2562 obliviscitur
3465 2501 3732 2574 popositl,

489 2609 620 2663 etin
648 2605 898 2679 Origenis
928 2606 1063 2663 scita
1087 2607 1357 2666 concedit.
3041 2604 3044 2605 ⁷

1357 2721 1506 2778 Idem
1523 2724 1577 2777 in
1605 2723 1738 2778 libro
1765 2724 1947 2795 quinto
1975 2719 2498 2779 Commentariorum
2526 2717 2582 2772 in
2609 2716 2828 2772 Isaiam.

547 2839 814 2897 Eusebius
867 2840 1222 2898 Caesariensis
1271 2843 1591 2898 historicam
1646 2842 2150 2914 interpretationem
2179 2838 2342 2892 titulo
2388 2833 2776 2906 repromittens
2799 2873 2814 2899 ,
2848 2829 3080 2886 diversis
3109 2827 3374 2884 sensibus
3408 2832 3684 2894 evagatur
3713 2835 3730 2872 :

473 2932 645 3001 Cujus
671 2950 796 2990 cum
833 2936 1002 2991 libros
1052 2937 1305 3007 legerem,
1341 2937 1489 2992 aliud
1517 2937 1690 2991 multo
1729 2911 1906 3007 reperi
1943 2949 2105 3006 quam
2143 2933 2322 2988 indice
2345 2927 2716 3002 promittebat.
2751 2923 3073 2994 Ubicunque
3094 2922 3237 2977 enim
3273 2919 3521 2975 historia
3572 2911 3724 2970 defe-

475 3029 631 3090 cerit,
669 3027 866 3083 transit
898 3028 963 3082 ad
996 3028 1309 3099 allegoriam
1343 3047 1356 3096 ;
1387 3037 1441 3084 et
1474 3029 1550 3084 ita
1580 3038 1831 3102 separata
1875 3028 2192 3095 consociat;
2245 3031 2306 3080 ut
2336 3024 2508 3079 mirer
2541 3037 2667 3078 eum
2712 3034 2853 3075 nova
2887 3017 3156 3075 sermonis
3201 3014 3420 3071 fabrica
3450 3015 3516 3067 in
3561 3025 3728 3065 unum

475 3137 676 3194 corpus
703 3123 935 3194 lapidem
965 3123 1283 3196 ferrumque
1311 3126 1665 3199 conjungere.

1550 3242 1687 3300 Item
1718 3244 2072 3318 Hieronymus
2101 3244 2155 3298 in
2181 3249 2336 3311 caput
2364 3255 2383 3295 ι
2411 3208 2670 3294 Matthxi.

549 3349 724 3422 Super
753 3351 858 3407 hoc
890 3358 944 3408 et
988 3351 1281 3410 Africanus
1319 3361 1626 3427 temporum
1670 3356 1936 3427 scriptor;
1978 3362 2033 3408 et
2070 3350 2341 3407 Eusebius
2386 3345 2744 3404 Catsariensis
2794 3344 2847 3399 in
2896 3343 3052 3400 libris
3085 3341 3424 3410 Διαφωνίας
3464 3337 3728 3408 anm-

479 3444 629 3499 λίων
673 3444 887 3515 plenius
909 3445 1281 3516 disputarunt.

1374 3560 1596 3633 Ruﬁnus
1629 3566 1685 3620 in
1710 3564 1934 3634 epistola
1979 3562 2047 3618 ad
2084 3560 2448 3617 Chromatium
2487 3559 2806 3631 episcopum.

546 3670 788 3742 lnjungis
819 3673 950 3727 mihi
974 3680 1034 3726 ut
1069 3671 1499 3730 Ecclesiasticam
1521 3675 1821 3741 historiam,
1854 3689 2018 3748 quam
2045 3677 2124 3730 vir
2143 3673 2548 3730 eruditissimus
2567 3669 2837 3728 Eusebius
2865 3667 3218 3725 Caesariensis
3240 3667 3439 3724 Graeco
3468 3681 3726 3724 sermone
3796 3735 3805 3744 ι

477 3762 907 3834 conscripserat,
943 3764 998 3818 in
1026 3763 1278 3821 Latinum
1308 3774 1706 3823 converterem.

1441 3894 1768 3964 Augustinus
1788 3895 1842 3948 in
1868 3893 2003 3948 libro
2031 3894 2109 3949 De
2142 3894 2464 3960 haeresibus,
2499 3910 2617 3966 cap.
2644 3895 2733 3951 85.

546 4021 682 4077 Cum
714 4021 929 4078 Eusebii
965 4023 1257 4078 Historiam
1280 4033 1656 4095 perscrutatus
1684 4041 1884 4091 essem,
1914 4025 2003 4078 cui
2029 4024 2262 4082 Ruﬁnus
2291 4041 2321 4080 a
2340 4041 2399 4082 se
2425 4028 2478 4082 in
2508 4027 2758 4083 Latinam
2788 4027 3029 4098 linguam
3058 4026 3338 4082 translatas
3370 4027 3720 4097 subsequen-

477 4115 609 4169 tium
650 4116 810 4168 etiam
828 4122 1142 4185 temporum.
1164 4117 1302 4172 duos
1331 4118 1500 4172 libros
1527 4118 1754 4184 addidit,
1773 4134 1881 4174 non
1909 4118 2090 4174 inveni
2116 4119 2352 4189 aliquam
2385 4121 2632 4176 haeresim
2660 4136 2821 4192 quam
2851 4135 2962 4174 non
2989 4121 3208 4191 legerim
3231 4121 3375 4193 apud
3403 4123 3580 4185 istos;
3613 4120 3717 4174 nisi
3785 4174 3795 4185 ,

475 4224 638 4281 quam
659 4210 714 4264 in
731 4219 882 4266 sexto
900 4211 1039 4266 libro
1060 4213 1212 4282 ponit
1232 4212 1521 4279 Eusebius,
1541 4229 1774 4270 narrans
1795 4229 1914 4269 eam
1939 4216 2293 4272 exstitisse-in
2310 4216 2527 4272 Arabia.
2563 4217 2744 4287 Itaque
2773 4216 2873 4271 hos
2895 4214 3198 4281 haereticos,
3216 4218 3479 4286 quoniam
3508 4215 3716 4272 nullum

474 4315 663 4356 eorum
684 4301 836 4372 ponit
864 4310 1165 4367 auctorem,
1197 4303 1461 4359 Arahicos
1489 4319 1782 4374 possumus
1804 4318 2143 4376 nuncupare,
2182 4306 2275 4375 qui
2309 4305 2563 4360 dixerunt
2600 4307 2810 4362 animas
2843 4321 2966 4361 cum
3017 4309 3340 4378 corporibus
3369 4311 3517 4364 mori
3553 4315 3717 4374 atque

473 4393 720 4459 dissolvi,
755 4402 810 4448 et
836 4393 892 4448 in
921 4393 1026 4450 line
1057 4397 1242 4451 saeculi
1269 4403 1561 4468 utrumque
1583 4413 1888 4470 resurgere.
1909 4397 2015 4453 Sed
2043 4398 2144 4454 hos
2172 4399 2540 4470 disputatione
2557 4396 2809 4469 Origenis
2831 4398 3114 4469 prasentis
3141 4409 3195 4455 et
3223 4416 3318 4457 eos
3354 4399 3707 4471 alloquentis,

476 4488 764 4545 celerrime
790 4487 923 4542 dicit
952 4489 1119 4545 fuisse
1147 4498 1449 4547 correctos.
2283 4498 2286 4501 ’

543 4623 837 4692 Antipater,
864 4621 1160 4677 Bostrensis
1180 4624 1541 4692 episcopus,in
1566 4623 1697 4678 libro
1723 4625 1896 4695 primo
1918 4623 2177 4680 adversus
2203 4622 2610 4694 Apologeticum
2641 4622 2859 4680 Eusebii
2879 4622 3228 4683 Caesariensis
3256 4641 3355 4696 pro
3383 4626 3640 4699 Origene.

540 4758 676 4814 Nam
704 4759 960 4829 quoniam
998 4759 1082 4813 vir
1116 4760 1207 4814 ille
1235 4759 1526 4831 (Eusebius
1573 4760 1806 4832 scilicet)
1867 4761 2040 4829 pluri-
2067 4768 2111 4823 Α

2224 4761 2440 4833 Ἐπειδὴ
2467 4761 2774 4833 πολυῖστωρ
2799 4764 2827 4816 ὁ
2855 4761 2991 4834 ἀνὴρ
3022 4763 3228 4832 γέγονε,
3261 4764 3442 4829 πάσας
3476 4764 3574 4828 τὰς
3605 4761 3709 4819 τῶν

476 4867 692 4905 marum
731 4867 913 4907 rerum
959 4852 1185 4907 scientia
1231 4854 1529 4910 instructus
1558 4852 1680 4920 fuit,
1706 4855 1907 4925 quippe
1939 4856 2033 4925 qui

468 4955 664 4996 omnes
685 4949 929 4996 veterum
963 4943 1288 5012 scriptorum
1326 4943 1494 4998 libros
1535 4958 1599 4998 ac
1627 4943 2036 5000 lucubrationes

470 5029 958 5098 investigaverit,et
974 5031 1213 5084 omnium
1242 5031 1354 5085 fere
1383 5031 1728 5101 antiquorum
1749 5033 2035 5102 opiniones

472 5131 536 5168 ac
558 5119 857 5173 sententias
874 5121 1188 5188 exposuerit
1223 5141 1235 5174 :
1266 5122 1500 5192 plurima
1533 5133 1696 5176 etiam
1725 5124 1922 5194 ingenii
1949 5125 2032 5179 sui

470 5219 820 5262 monumenta
877 5213 1110 5280 posteris
1163 5214 1467 5284 reliquerit,
1504 5230 1737 5284 quorum
1765 5216 2032 5270 nonnulla

469 5305 541 5351 ab
564 5298 817 5355 omnibus
844 5302 967 5370 jure
992 5306 1184 5360 merito
1213 5307 1640 5378 comprobantur
1671 5327 1684 5362 :
1717 5308 2031 5376 hujusmodi

470 5389 538 5441 de
588 5389 683 5442 illo
716 5391 832 5444 viro
881 5395 1284 5454 existimatione
1335 5401 1642 5466 abutentes,
1680 5401 1943 5472 quosdam
1976 5401 2030 5454 in

471 5492 714 5531 errorem
769 5479 1023 5537 inducere
1071 5498 1386 5554 conantur;
1422 5490 1752 5547 atﬁrmantes
1797 5491 2029 5556 scilicet,

473 5568 767 5624 Eusebium
829 5587 1104 5642 nunquam
1169 5578 1284 5633 haec
1344 5581 1583 5636 scribere
1643 5597 2029 5652 aggressurum

473 5660 665 5724 fuisse,
697 5663 803 5717 nisi
837 5663 1092 5732 antiquos
1127 5681 1317 5723 omnes
1365 5670 1507 5724 idem
1559 5673 1762 5725 sentire
1803 5687 2031 5725 accura-

471 5752 683 5835 tissime
730 5755 1092 5825 cognovisset.
1134 5756 1243 5825 Ego
1275 5775 1400 5815 vero
1451 5761 1746 5817 Eusebium
1806 5765 2026 5820 quidem

2139 4853 2509 4924 ἀρχαιοτέρων
2550 4852 2764 4922 βίϐλους
2806 4871 2864 4906 τε
2902 4855 2998 4916 καὶ,
3044 4857 3448 4927 συγγράμματα
3493 4856 3707 4927 ἐξερευ-

2140 4945 2307 5012 νήσας
2341 4943 2433 4996 κοιὶ
2478 4943 2812 5014 ἀνιχνεύσας,
2844 4946 2936 4998 καὶ
2963 4945 3062 5011 τὰς
3102 4947 3315 5001 πάντων
3358 4946 3558 5018 μικροῦ
3599 4946 3704 4999 δεῖν

2139 5034 2293 5098 δόξας
2331 5033 2654 5105 ἐκθέμενος,
2686 5035 2780 5089 καὶ
2823 5035 3048 5091 πλεῖστα
3093 5041 3499 5111 συγγράμματα
3539 5051 3707 5092 κατα-

2137 5125 2324 5196 λείψας
2357 5127 2432 5199 τῷ
2466 5127 2585 5200 βίῳ,
2633 5123 2708 5183 ὧν
2750 5129 2867 5184 ἔνια
2909 5132 3005 5185 καὶ
3047 5132 3226 5202 πάσης
3270 5131 3538 5203 ἀποδοχῆς
3585 5129 3705 5195 ἄξια

2138 5221 2425 5290 τυγχάνει·
2457 5224 2520 5292 τῇ
2551 5212 2771 5295 τοιαύτῃ
2797 5222 2891 5276 τοῦ
2912 5223 3101 5295 ἀνδρὸς
3127 5223 3386 5295 ὑπολήψει
3412 5223 3702 5295 χρώμενοι,

2140 5310 2505 5384 συναρπάζειν
2529 5317 2895 5388 ἐπιχειροῦσιν
2925 5318 3119 5381 ὲνὶους,
3148 5317 3223 5381 ὡς
3255 5319 3336 5372 ὅτι
3370 5316 3564 5387 φασινο
3588 5309 3702 5369 Οὐκ

2139 5404 2203 5456 ἂν
2225 5405 2395 5458 εἵλετο
2425 5406 2680 5471 Εὐσέϐιος
2704 5410 2795 5462 ἐπὶ
2816 5409 2970 5462 τοῦτο
2998 5409 3143 5473 ἰδεῖν,
3173 5410 3219 5461 ει
3249 5411 3322 5482 μὴ
3347 5409 3526 5470 πάσας
3548 5407 3703 5477 ἀκρι-

2140 5494 2251 5557 ϐῶς
2283 5496 2547 5564 ἠπίστατο
2581 5498 2690 5552 τῶν
2723 5500 2963 5554 παλαιῶν
3003 5501 3101 5564 τὰς
3131 5500 3288 5566 δόξας
3325 5500 3476 5554 τοῦτο
3515 5495 3696 5568 βουλο-

2143 5584 2328 5654 μένας.
2367 5587 2507 5655 Ἐγὼ
2550 5587 2640 5652 δὲ,
2679 5589 2759 5641 ὅτι
2813 5590 2908 5659 μὲν
2959 5591 3262 5660 πολυῖστωρ
3306 5594 3334 5644 ὁ
3387 5590 3555 5659 ἀνὴρ,
3608 5583 3696 5637 καὶ

2137 5676 2287 5728 οὐδέν
2307 5695 2358 5730 τι
2381 5679 2489 5730 τῶν
2516 5681 2882 5750 παλαιοτέρων
2904 5682 3344 5752 συγγραμε.ν.ἁτ‹ι›ν
3371 5682 3466 5750 τὴν
3491 5676 3691 5730 ἐκείνου

2135 5766 2342 5822 διέλαθε
2371 5769 2590 5841 γνῶσιν,
2617 5772 2868 5843 σύμφημι
2901 5773 2991 5826 καὶ
3018 5773 3260 5842 ὁμολογῶ
3278 5789 3289 5802 ο
3319 5771 3562 5843 βασιλικῇ
3588 5766 3690 5832 γὰρ
