3924 6266
224 292 286 346 75
1181 286 1525 345 ΔἾΕἸΊΞΡιυΜ
1564 286 1980 343 TESTIMONIA
2016 286 2155 343 PRO
2193 285 2507 342 EUSEBlO.
3356 280 3428 335 Ἠ.

226 406 455 479 συνεργίᾳ
476 405 782 478 χρώμενος,
807 405 1001 478 ῥᾳδίως
1023 380 1095 458 τά
1119 403 1389 475 πανταχοῦ
1415 403 1547 474 πρὸς
1575 403 1767 457 ἑαυτὸν

1879 403 2228 473 plurimarum
2250 415 2439 463 rerum
2469 396 2694 453 scientia
2723 397 3208 453 instructissimum
3254 394 3428 452 fuisse

225 500 449 568 συνάγειν
476 498 731 568 ἠδύνατο.

1872 493 2067 557 fateor,
2116 508 2217 547 nec
2270 507 2338 548 ex
2376 499 2620 545 veterum
2684 489 2904 558 scriptis
2936 487 3233 558 quidquam
3283 486 3434 541 illius

225 589 592 660 subterfugisse
607 590 881 644 notitiam.
916 585 1062 644 Usus
1082 586 1228 643 enim
1254 585 1601 656 imperatoris
1627 583 1872 641 subsidio
1886 590 2049 654 atque
2070 580 2348 654 sull'ragio,
2371 587 2570 636 cuncta
2594 585 2715 648 quae
2738 581 2940 649 ubique
2968 585 3145 643 erant,
3177 577 3438 633 facillime

226 686 377 757 potuit
396 697 744 755 congregare.

291 917 399 971 Ὅτι
449 914 516 969 τά
557 932 619 968 τε
676 915 847 979 ἄλλα,
880 915 975 968 καὶ
1004 915 1104 967 ὅσα
1146 912 1280 984 πρὸς
1316 910 1600 977 Ἱστορίας
1641 907 1764 977 ἥκει

231 1014 394 1084 λόγων,
412 1012 849 1083 ὀΦιλοστὸργιος,
882 1009 972 1064 τὸν
1004 1007 1291 1081 Παμφίλου
1319 1005 1577 1060 Εὐσέϐιον
1605 1003 1763 1055 ἐπαι-

237 1107 339 1169 νῶν,
365 1105 483 1176 περὶ
512 1104 611 1173 τὴν
647 1102 926 1155 εὐσέϐειαν
956 1100 1342 1173 διαμαρτάνειν
1382 1096 1541 1168 φησι·
1573 1096 1665 1148 καὶ
1701 1093 1766 1146 τὸ

240 1198 499 1268 ἁμάρτημα
533 1195 561 1246 ὁ
592 1192 858 1264 δυσσεϐὴς
886 1191 1235 1264 διηγούμενος
1257 1231 1271 1255 ,
1320 1188 1452 1242 διότι
1497 1186 1767 1255 ἄγνωστον

237 1289 286 1341 τὸ
320 1287 447 1340 θεῖον
489 1288 583 1339 καὶ
617 1285 1001 1355 ἀκατάληπτον
1047 1284 1246 1354 ἡγοῖτο.
1307 1279 1464 1333 Ἀλλὰ
1509 1277 1602 1331 καὶ
1643 1275 1775 1331 ἄλλα

233 1378 420 1433 τοιαῦτά
463 1395 626 1447 φησιν
680 1376 841 1431 αὐτὸν
892 1373 1246 1447 πλημμελεῖν.
1302 1370 1665 1426 Καταπαῦσαι
1710 1368 1768 1421 δὲ

234 1472 372 1525 αὐτὸν
394 1470 488 1534 τὰς
535 1470 744 1533 οἰκείας
785 1467 886 1539 τῆς
927 1467 1208 1534 Ἱστορίας
1245 1466 1461 1537 μνήμας
1492 1463 1650 1534 μέχρι
1670 1462 1767 1532 τῆς

232 1561 323 1615 τῶν
346 1559 537 1613 παίδων
557 1557 806 1628 διαδοχῆς
833 1554 925 1609 τοῦ
951 1555 1183 1626 μεγάλου
1213 1551 1620 1607 Κωνσταντίνου
1646 1566 1769 1603 συν-

232 1668 580 1723 επιμαρτυρει.

859 794 943 849 Ex
972 795 1106 850 libro
1135 799 1308 862 primo
1335 800 1696 861 excerptorum
1720 785 1973 843 llistorizr
1998 782 2390 840 Ecclesiasticaa
2422 780 2785 853 Philostorgii.

1944 900 2338 972 Philostorgius
2390 898 2686 955 Eusebium
2742 900 2959 966 quidem
2993 900 3286 974 Pamphili,
3315 912 3432 960 tum

1872 994 1943 1049 ob
1984 994 2090 1047 alia
2137 993 2341 1058 multa,
2390 999 2506 1046 tum
2557 992 2626 1048 ob
2656 991 2953 1046 Historiam
3004 992 3437 1052 Ecclesiasticam

1870 1086 2126 1141 laudibus
2158 1083 2339 1138 allicit.
2382 1081 2644 1138 Eumdem
2673 1090 2853 1138 tamen
2880 1084 2935 1138 in
2959 1084 3026 1140 iis
3050 1101 3170 1155 quae
3199 1087 3267 1143 ad
3306 1088 3436 1144 reli-

1872 1177 2088 1249 gionem
2143 1175 2435 1246 pertinent,
2467 1173 2679 1244 lapsum
2721 1190 2844 1230 esse
2896 1175 3071 1232 dicit:
3110 1179 3310 1250 quippe
3343 1182 3437 1252 qui

1882 1270 2050 1326 Deum
2085 1269 2343 1338 cognosci
2384 1275 2438 1322 et
2469 1269 2857 1338 comprehendi
2890 1284 2998 1324 non
3042 1285 3205 1341 posse
3250 1275 3438 1330 existi-

1874 1359 2121 1415 maverit.
2154 1358 2310 1413 Hunc
2339 1358 2484 1414 enim
2519 1358 2638 1426 eius
2668 1374 2909 1414 errorem
2935 1360 3135 1430 impius
3166 1362 3267 1418 istc
3296 1379 3441 1419 com-

1875 1459 2159 1508 memorat.
2221 1449 2326 1505 Sed
2355 1458 2410 1505 et
2448 1450 2763 1520 hujusmodi
2804 1452 2938 1506 alios
2998 1468 3217 1511 errores
3246 1455 3314 1509 ab
3346 1456 3439 1511 illo

1875 1543 2200 1599 commissos
2259 1558 2383 1597 esse
2439 1541 2688 1597 alﬁrmat.
2747 1541 3016 1598 Caeterum
3062 1553 3117 1600 et
3158 1546 3275 1616 ipse
3315 1563 3438 1602 cum

1876 1634 1998 1691 aliis
2028 1640 2261 1691 testatur
2303 1634 2599 1691 Eusebium
2632 1632 2931 1690 Historiam
2978 1651 3131 1691 suam
3167 1653 3340 1709 usque
3372 1638 3441 1693 ad

1875 1734 2122 1797 tempora
2152 1727 2446 1781 liberorum
2473 1724 2817 1783 Constantini
2852 1728 3045 1801 Μιιςηίσ
3058 1728 3402 1801 perduxisse.

1083 1848 1327 1903 Socrates
1351 1846 1405 1899 in
1427 1843 1559 1899 libro
1592 1843 1761 1911 primo
1793 1839 2047 1896 Historia:
2070 1839 2488 1897 Ecclesiasticaa.

286 1969 526 2033 Εὐσέϐιος
559 1971 587 2023 ὁ
635 1967 944 2039 Παμφίλου,
987 1966 1044 2017 ὲν
1072 1963 1211 2028 ὅλοις
1264 1961 1394 2014 δέκα
1424 1960 1649 2032 βιϐλίοις
1675 1959 1773 2031 τὴν

1950 1955 2219 2012 Eusebius
2246 1954 2514 2025 Pamphili
2542 1969 2632 2009 res
2663 1955 2718 2009 in
2751 1954 2995 2012 Ecclesia
3027 1964 3209 2028 gestas
3253 1956 3442 2014 decem

230 2057 754 2125 Ἐκκλησιαστικὴν
795 2056 1087 2125 Ἱστορίαν
1104 2053 1412 2123 ἐκθέμενος,
1431 2050 1772 2106 κατέπαυσεν

221 2152 292 2213 εἰς
311 2151 427 2215 τοὺς
453 2150 679 2220 χρόνους
716 2148 810 2203 τοῦ
854 2148 1113 2220 βασιλέως
1145 2143 1576 2211 Κωνσταντίνου,
1598 2144 1655 2196 ἐν
1691 2137 1772 2204 οἷς

219 2243 304 2298 καὶ
323 2246 349 2298 ὀ
376 2242 520 2316 παρὰ
541 2242 639 2296 τοῦ
675 2238 1054 2312 Διόκλητιανοῦ
1083 2237 1222 2293 κατὰ
1255 2234 1593 2308 Χριστιανῶν
1618 2232 1771 2303 γενό-

221 2353 364 2407 μενος
390 2335 622 2407 πόλεμος
656 2322 1016 2387 ἀνεπαύσατο.
1052 2331 1282 2405 Γράφων
1324 2328 1381 2380 δὲ
1484 2326 1643 2388 αὐτὸς
1668 2326 1772 2390 Εἰς

219 2427 316 2480 ter
334 2426 472 2492 ,ϐίον
498 2425 985 2489 Κωνσταντίγου,
1004 2422 1111 2476 τῶν
1141 2422 1263 2475 κατ’
1287 2420 1502 2490 Ἀρειον
1534 2417 1772 2489 μερικῶς

225 2522 421 2592 μνήμην
454 2518 783 2591 πεποίηται,
811 2497 919 2571 τῶν
952 2513 1186 2568 ἐπαίνων
1217 2511 1312 2584 τοῦ
1349 2510 1608 2582 βασιλέως
1630 2550 1646 2573 ,
1683 2510 1774 2564 καὶ

223 2609 312 2679 τῆς
356 2608 734 2681 πανηγυρικῆς
769 2606 1068 2678 ὑψηγορίας
1112 2603 1219 2658 τῶν
1261 2602 1434 2671 λόγων
1473 2599 1669 2672 μᾶλλον
1701 2600 1777 2662 ὡς

222 2703 270 2753 ἐν
292 2701 540 2772 ἐγκωμίῳ
566 2699 879 2775 φροντίσας,
906 2699 1049 2769 ἤπερ
1069 2696 1162 2749 τοῦ
1196 2690 1435 2765 ἀκριϐῶς
1462 2688 1772 2762 περιλαϐεῖν

218 2787 275 2840 τὶ
301 2790 582 2860 γενόμενα.

1879 2046 2032 2103 libris
2061 2047 2396 2116 complexus,
2429 2045 2736 2117 principatu
2766 2047 3108 2102 Constantini
3144 2047 3444 2102 Historiam

1878 2154 2033 2194 suam
2074 2139 2405 2202 terminavit,
2429 2155 2537 2210 quo
2591 2150 2831 2211 tempore
2878 2141 3187 2210 persecutio
3230 2140 3444 2195 Diocle-

1879 2232 2012 2286 tiani
2058 2231 2319 2287 adversus
2352 2232 2696 2288 Christianos
2746 2232 2905 2287 ﬁnem
2948 2233 3176 2305 accepit.
3206 2232 3352 2287 Idem
3386 2233 3444 2287 in

1877 2321 2033 2379 libris
2063 2338 2201 2392 quos
2238 2323 2309 2377 De
2339 2324 2446 2377 vita
2468 2324 2593 2394 imp.
2633 2322 2969 2379 Constantini
2997 2324 3347 2394 conscripsit,
3379 2338 3444 2377 ca

1878 2428 2001 2482 quae
2033 2414 2101 2468 ad
2132 2412 2322 2487 Arium
2379 2417 2692 2484 pertinent,
2745 2416 3057 2487 singillatim
3109 2418 3332 2472 minime
3360 2422 3445 2471 est

1878 2513 2190 2569 exsecutus,
2234 2506 2435 2575 quippe
2468 2508 2560 2578 qui
2590 2515 2650 2562 ut
2698 2509 2753 2563 in
2808 2509 3074 2565 encomiis
3120 2508 3237 2564 lieri
3283 2510 3441 2571 solet,

1880 2596 2228 2667 imperatoris
2260 2598 2448 2656 laudes
2479 2611 2534 2654 et
2564 2603 2943 2673 panegyricam
2967 2603 3273 2658 orationem
3306 2617 3442 2656 cou-

1881 2696 2063 2744 texere
2106 2691 2280 2761 magis
2310 2691 2362 2745 in
2394 2691 2577 2747 animo
2631 2694 2875 2758 haberet,
2925 2708 3090 2764 quam
3139 2710 3230 2749 res
3261 2700 3444 2764 gestas

1880 2790 2137 2837 accurate
2167 2798 2618 2840 commemorare.

218 2919 349 2976 Idem
374 2921 625 2978 Socrates
670 2923 729 2977 in
761 2921 940 2977 eodem
974 2921 1126 2989 libro,
1151 2936 1264 2989 cap.
1285 2920 1343 2985 7,
1375 2919 1440 2973 de
1462 2918 1684 2992 Sabino,
1716 2915 2222 2992 Macedonianorum
2267 2918 2524 2986 episcopo,
2554 2918 2788 2990 loquens,
2830 2920 2920 2991 qui
2964 2918 3311 2992 Synodorum
3343 2921 3439 2979 Hi-

382 3053 393 3064 ,
1112 2988 1117 2989 ί
1216 2988 1222 2989 ⁷
1372 2989 1597 3044 storiam
1626 2989 1930 3058 scripserat,
1965 2988 2041 3042 ita
2068 2988 2197 3042 dicit
2231 3004 2250 3041 :

273 3105 379 3158 Καὶ
407 3105 623 3158 ἐπαινεῖ
656 3105 755 3174 μὲν
787 3088 877 3157 τδν
915 3103 1200 3174 Παμφίλου
1233 3102 1490 3157 Εὑσέϐιον
1522 3101 1598 3166 ὡς
1622 3100 1769 3166 ἀξιό-

1944 3099 2012 3157 Et
2043 3100 2334 3159 Eusebium
2360 3106 2577 3176 quidem
2626 3107 2910 3180 Pamphili,
2952 3118 3211 3182 tanquam
3247 3119 3438 3168 testem

213 3211 386 3246 πιστον
416 3194 698 3265 μάρτυρα·
738 3194 948 3246 ἐπαινεῖ
976 3192 1032 3246 δὲ
1071 3194 1166 3246 καὶ
1195 3191 1569 3262 τὸνβασιλέα,
1603 3193 1678 3250 ὡς
1700 3193 1769 3247 τὰ

1879 3191 1980 3249 lide
2029 3194 2406 3265 dignissimum
2460 3199 2644 3254 laudat
2695 3219 2709 3255 :
2768 3201 3151 3271 imperatorem
3212 3219 3428 3275 quoque

212 3285 537 3358 Χριστιανῶν
572 3285 919 3355 δογματίζειν
950 3285 1273 3357 δυνάμενον·
1313 3288 1585 3359 μέμφεται
1608 3285 1666 3339 δὲ
1700 3288 1764 3357 τῇ

1879 3287 2056 3355 ipsum
2083 3289 2375 3358 praeconiis
2401 3288 2586 3356 allicit,
2622 3299 2812 3362 utpote
2841 3294 2935 3363 qui
2961 3294 3289 3349 Christiana:
3318 3289 3443 3351 lidci

212 3375 261 3428 ἐν
295 3375 504 3455 δικαίᾳ
553 3374 838 3448 ὲκτεθεξσῃ
886 3376 1087 3439 πίστει,
1132 3376 1208 3440 ὡς
1256 3376 1362 3452 uno
1410 3375 1633 3430 ἰδιωτῶν
1680 3377 1774 3431 καὶ

1879 3376 2132 3449 dogmata
2160 3381 2404 3451 apprime
2435 3382 2683 3438 calleret.
2726 3382 2914 3439 Fidem
2945 3400 3076 3439 vero
3105 3383 3298 3439 Nicaeae
3346 3399 3445 3438 er-

211 3464 349 3518 οὐδὲν
378 3465 759 3536 ἐπισταμένων
791 3466 1139 3539 ὲγὸεδομένῃα
1177 3467 1272 3521 καὶ
1298 3467 1356 3520 ὃν
1386 3466 1460 3532 ὡς
1492 3468 1653 3535 σοφὸν
1679 3468 1774 3521 καὶ

1879 3471 2115 3539 positam
2145 3472 2512 3543 reprehendit,
2553 3481 2812 3544 tanquam
2851 3474 2920 3528 ab
2949 3473 3156 3545 ignaris
3181 3482 3235 3530 et
3274 3474 3446 3544 impe-

213 3555 405 3627 ὼῷευδῆ
437 3557 593 3611 καλεί
622 3556 902 3630 μάρτυρα,
937 3557 1124 3611 τούτου
1166 3559 1263 3622 τὰς
1294 3558 1479 3628 φωνὰς
1515 3559 1773 3623 ἑκουσίως

1879 3558 2000 3615 ritis
2025 3559 2340 3617 hominibus
2360 3563 2744 3632 conscriptam.
2768 3561 2833 3615 Et
2857 3577 3018 3633 quem
3051 3565 3346 3634 sapientem
3358 3561 3444 3617 vi-

214 3644 463 3720 ὐπερορᾷ.
586 3684 589 3687 -
1877 3664 2001 3704 rum
2030 3664 2096 3704 ac
2117 3665 2364 3725 veraeem
2391 3659 2585 3708 testem
2629 3654 2892 3719 nominat,
2919 3655 3040 3725 ejus
3061 3655 3226 3709 verba
3257 3653 3438 3708 sciens

1878 3753 1944 3793 ac
1964 3740 2203 3809 prudens
2223 3757 2323 3812 pro
2345 3742 2516 3797 nihilo
2538 3742 2709 3796 ducit.

1317 3844 1468 3900 Idem
1490 3845 1735 3900 Socrates
1764 3846 1823 3900 in
1854 3845 1988 3901 libro
2015 3863 2077 3914 il,
2108 3865 2226 3919 cap.
2249 3850 2343 3907 21.

283 3955 503 4026 Ἐπειδὴ
530 3956 589 4009 δέ
630 3973 774 4019 τινες
816 3954 1172 4026 ἐπεχείρησαν
1219 3955 1314 4008 καὶ
1340 3956 1500 4009 αὐτὸν
1533 3954 1776 4026 λοιδορῆ-

1953 3957 2061 4014 Sed
2086 3960 2344 4030 quoniam
2371 3962 2521 4019 hunc
2564 3976 2803 4033 quoque,
2838 3960 3133 4018 Eusebium
3175 3960 3443 4033 Pamphili

218 4065 312 4113 cat,
338 4052 487 4121 φημὶ
515 4049 686 4121 δὴτὸν
711 4050 993 4121 Παμφίλου
1010 4049 1287 4113 Εὑσέϐιον,
1304 4049 1379 4112 ὡς
1402 4049 1777 4120 ἀρειανίςοντα

1880 4049 2140 4121 intelligo,
2176 4053 2422 4107 nonnulli
2455 4054 2735 4108 criminari
2783 4054 2965 4108 conati
3018 4062 3167 4118 sunt,
3219 4053 3443 4123 perinde

218 4140 266 4191 ἐν
295 4136 373 4206 οἷς
412 4141 593 4209 λόγοις
625 4141 870 4207 ἐξέδωκε,
903 4139 1072 4211 μικρὰ
1109 4141 1201 4194 καί
1241 4141 1368 4212 περὶ
1405 4140 1568 4193 αὐτοῦ
1603 4142 1775 4193 εἰπεῖν

1880 4141 2036 4210 quasi
2067 4141 2327 4198 Arianum
2350 4144 2545 4215 dogma
2579 4146 2634 4199 in
2666 4146 2820 4201 libris
2847 4146 2962 4202 suis
2992 4151 3214 4203 secutus
3242 4144 3431 4210 fuerit,

216 4231 303 4284 οὐκ
328 4234 556 4304 ἄκαιρον
587 4232 847 4303 ἠγοῦμαι.
871 4231 1090 4303 Πρῶτον
1124 4232 1222 4303 μὲν
1254 4232 1380 4302 γάρ,
1414 4249 1468 4285 κ.
1492 4249 1542 4284 τ.
1565 4230 1615 4283 λ.

1879 4241 2243 4302 opportunum
2304 4233 2419 4289 fore
2455 4249 2654 4292 censeo
2702 4253 2875 4307 pauca
2927 4236 2996 4292 de
3024 4252 3090 4292 eo
3145 4236 3439 4292 disserere.

222 4319 446 4379 Primum
476 4326 649 4395 igitur
675 4324 911 4379 concilio
940 4322 1160 4377 Nicaeae
1190 4338 1299 4397 quo
1346 4322 1544 4376 Filium
1587 4321 1736 4375 Patri
1762 4324 2281 4379 consubstantialem
2329 4326 2497 4382 fuisse
2545 4328 2824 4383 decretum
2879 4339 2984 4396 est,
3015 4338 3070 4385 et
3113 4328 3361 4384 interluit
3386 4334 3441 4380 et
3530 4370 3531 4373 η

223 4419 506 4473 consensit.
546 4417 608 4473 In
630 4421 791 4475 tertio
820 4435 950 4477 vero
976 4419 1116 4473 libro
1145 4432 1305 4487 quem
1340 4415 1417 4469 De
1466 4416 1574 4469 vita
1607 4414 1945 4470 Constantini
1998 4419 2240 4486 scripsit,
2293 4417 2366 4471 ita
2415 4420 2696 4488 loquitur:
2734 4439 2755 4471 ‹
2801 4420 3002 4478 Omnes
3052 4422 3344 4492 imperator
3371 4418 3441 4473 ad

223 4512 565 4566 concordiam
593 4512 861 4577 incitavit,
902 4513 1078 4568 donec
1111 4510 1394 4564 universos
1449 4507 1506 4563 in
1554 4508 1623 4564 iis
1646 4507 1715 4562 de
1745 4508 1942 4576 quibus
1976 4518 2134 4562 antea
2162 4508 2581 4576 dissentiebant,
2628 4513 2928 4571 concordes
2961 4524 3124 4585 atque
3154 4510 3438 4567 unanimes

226 4605 579 4671 prestitisset.
613 4587 763 4661 Adeo
799 4614 856 4659 ut
888 4605 1018 4662 lides
1040 4602 1284 4659 omnium
1312 4616 1555 4656 consona
1592 4603 1734 4673 apud
1754 4600 1990 4658 Nicaeam
2020 4602 2336 4658 obtinuerit.
2369 4624 2386 4655 ι
2405 4603 2541 4659 Cum
2572 4607 2735 4678 igitur
2754 4606 3025 4663 Eusebius
3055 4606 3196 4663 illius
3219 4604 3438 4661 concilii

226 4700 793 4768 mentionem‘l‘aciens,
816 4710 1043 4757 cunctas
1074 4700 1380 4755 animorum
1399 4699 1774 4755 dissensiones
1796 4699 2004 4769 sopitas
2036 4714 2158 4754 esse
2188 4698 2355 4765 dicat,
2386 4711 2441 4756 et
2475 4703 2760 4759 universos
2782 4704 2836 4758 in
2872 4719 3036 4758 unam
3083 4703 3438 4770 eamdemque

226 4796 562 4864 conspirasse
596 4794 945 4860 sententiam,
971 4793 1101 4864 quid
1140 4808 1320 4848 causae
1347 4799 1433 4848 est
1454 4808 1552 4848 cur
1571 4793 1824 4848 nonnulli
1848 4808 1973 4848 eum
1999 4793 2312 4848 existiment
2346 4795 2552 4851 Ariano
2574 4796 2811 4868 dogmati
2833 4795 3177 4851 consentire?
3215 4793 3439 4849 Fallun-

227 4888 306 4937 tur
323 4887 485 4941 etiam
520 4887 734 4953 Ariani,
749 4887 851 4958 qui
866 4888 1018 4941 illum
1042 4886 1288 4956 Opinioni
1330 4901 1443 4942 suae
1472 4886 1761 4957 sull’ragari
1801 4887 2163 4941 arbitrantur.
2197 4884 2303 4940 Sed
2324 4885 2477 4942 ‘dicet
2516 4888 2749 4942 fortasse
2792 4886 3013 4956 aliquis,
3045 4886 3195 4940 illum
3245 4884 3435 4938 Ariani

230 4973 483 5045 dogmatis
508 4986 840 5033 assertorem
869 4978 1065 5043 videri,
1097 4984 1383 5048 propterea
1415 4979 1558 5049 quod
1591 4979 1649 5033 in
1679 4978 1836 5033 libris
1867 4979 1982 5034 suis
2016 4978 2212 5032 crebro
2243 4977 2425 5033 dicere
2449 4979 2607 5047 solet,
2642 4994 2742 5034 pen
2774 4994 3067 5033 cunisruu.
3109 4979 3208 5033 Cui
3243 4992 3345 5032 nos
3380 4977 3434 5031 id

230 5068 607 5145 respondemus
627 5110 642 5135 ,
676 5074 732 5122 et
770 5067 871 5121 hae
903 5066 1161 5137 loquendi
1184 5067 1395 5122 ratione
1424 5075 1480 5123 et
1514 5068 1637 5123 aliis
1668 5066 1983 5136 huiusmodi
2034 5080 2157 5135 quae
2187 5066 2652 5135 dispensationem
2695 5067 3050 5122 humanitatis
3074 5066 3206 5122 Jesu
3227 5066 3438 5122 Cbrisri

232 5153 515 5227 designant,
543 5157 948 5214 ecclesiasticos
977 5159 1270 5228 scriptores
1298 5158 1379 5213 uti
1402 5157 1755 5215 consuevisse
1794 5155 1873 5229 (a)
1906 5176 1920 5212 :
1957 5163 2013 5212 et
2041 5165 2169 5212 ante
2219 5158 2320 5214 bos
2368 5173 2559 5214 omnes
2613 5156 2839 5211 Paulum
2885 5156 3189 5228 apostolum
3241 5156 3438 5211 iisdem

234 5250 440 5307 vocibus
478 5264 643 5307 usum
691 5248 884 5313 fuisse,
914 5249 1009 5319 qui
1040 5256 1222 5304 tamen
1256 5248 1500 5320 perversi
1527 5247 1800 5319 dogmatis
1838 5248 2100 5319 magister
2142 5264 2426 5319 nunquam
2468 5255 2553 5304 est
2593 5247 2958 5304 exiStimatus.
3017 5248 3282 5303 Caeterum
3308 5265 3436 5309 cum

235 5335 378 5396 Arius
401 5342 597 5399 Filium
618 5343 716 5399 Dei
743 5350 1048 5398 creaturam
1085 5341 1311 5410 perinde
1331 5355 1396 5396 ac
1426 5347 1622 5396 caetera
1665 5355 1787 5410 quae
1816 5354 1847 5394 a
1879 5339 1992 5397 Deo
2025 5349 2208 5397 creata
2249 5349 2399 5407 sunt,
2436 5356 2603 5397 ausus
2632 5341 2703 5395 sit
2732 5339 2933 5409 dicere,
2964 5341 3113 5406 audi,
3144 5342 3193 5396 si
3238 5342 3435 5411 placet,

239 5444 465 5499 quanam
492 5435 561 5491 de
592 5435 698 5489 hac
725 5449 785 5488 re
811 5432 978 5487 fuerit
1003 5431 1226 5488 Eusebii
1260 5431 1531 5487 sententia
1562 5429 1619 5483 in
1669 5429 1811 5484 libro
1842 5430 2024 5500 primo
2059 5430 2137 5484 De
2159 5430 2520 5485 ecclesiastica
2551 5429 2810 5500 theologia
2839 5429 2982 5503 (cap.
3017 5430 3071 5494 9,
3107 5430 3216 5499 lli).
3243 5448 3277 5487 (ν
3300 5428 3435 5485 Uni-

170 5550 185 5567 .
240 5524 456 5591 genitus,
486 5524 686 5595 inquit,
709 5521 817 5578 'Dei
859 5522 1032 5578 Filius
1060 5523 1211 5579 solus
1241 5523 1358 5593 ipse
1384 5529 1439 5578 et
1459 5536 1571 5576 non
1597 5520 1737 5575 alius
1774 5527 1832 5574 et
1863 5521 2190 5591 prmdicatur
2210 5529 2265 5578 et
2295 5526 2399 5577 est.
2448 5518 2607 5576 Unde
2634 5522 2826 5577 merito
2867 5524 2990 5592 quis
3026 5522 3441 5593 reprehenderit

312 5698 383 5770 (a)
414 5703 771 5763 Tbeodoritus
802 5706 860 5763 in
885 5723 999 5777 cap.
1030 5710 1255 5778 tprimae
1287 5707 1542 5782 Epistolis
1567 5708 1637 5763 ad
1671 5706 1910 5765 Corinth.

541 5818 813 5881 Ρηιιοι.
860 5818 981 5884 Gn.
1025 5818 1199 5882 XIX.

3021 5798 3063 5857 3
