3924 6266
485 331 552 389 75
1427 330 1756 390 VETERUM
1795 327 2210 388 Tl'ISTIMONIA
2247 327 2382 386 PRO
2415 331 2726 388 EUSEBIO.
3652 336 3730 383 ἰδ

477 459 573 499 eos
590 445 680 515 qui
712 455 1016 502 creaturam
1063 446 1210 500 illum
1264 445 1444 501 dicere
1498 461 1607 501 non
1636 447 1981 511 dubitarunt,
2008 464 2073 501 ex
2096 446 2266 502 nihilo
2297 447 2576 503 conditum
2607 445 2831 518 perinde
2855 462 2918 502 ac
2955 448 3192 519 reliquas
3218 453 3518 502 creaturas.
3551 445 3732 511 Quo-

477 537 637 590 modo
659 537 802 591 enim
849 534 1016 591 Filius
1051 536 1229 601 fuerit,
1264 537 1536 606 quomodo
1573 537 1906 608 Unigenitus,
1938 540 1983 594 si
2028 539 2271 594 eamdem
2321 553 2445 593 cum
2480 539 2692 592 caeteris
2721 539 2986 594 creaturis
3020 546 3267 593 naturam
3319 539 3548 594 sortitus
3599 548 3727 598 est,

476 642 728 696 unusque
755 635 839 684 est
866 643 896 683 e
924 644 1151 684 numero
1175 644 1353 683 rerum
1381 638 1708 695 ereatarum,
1747 639 1932 701 utpote
1961 631 2053 701 qui
2084 647 2188 686 una
2214 647 2337 686 eum
2371 633 2478 688 illis
2507 642 2661 686 ortus
2695 631 2766 686 sit
2794 647 2861 686 ex
2900 632 3090 687 nihilo.
3129 630 3326 687 Verum
3361 630 3545 686 divina
3577 642 3730 684 ora-

475 723 598 774 cula
631 733 740 774 non
767 719 841 772 ita
869 717 937 773 de
972 719 1064 772 illo
1097 719 1418 789 pradicant.
1460 741 1477 773 ι
1519 721 1722 777 Deinde
1744 723 1934 792 paucis
1961 721 2260 791 interjectis
2289 723 2402 778 hac
2429 724 2650 793 subjicit
2683 739 2697 774 :
2733 739 2750 772 ι
2787 722 3047 794 Quisquis
3080 726 3246 796 igitur
3282 721 3475 778 Filium
3509 724 3613 780 Dei
3649 738 3729 777 ex

483 814 656 869 nihilo
680 811 941 882 genitum.
975 819 1026 866 et
1054 819 1358 868 creaturam
1382 829 1414 868 e
1438 829 1545 868 non
1579 823 1826 871 exstante
1857 815 2180 887 productam
2213 831 2334 870 esse
2365 817 2582 880 asserit,
2607 818 2654 872 is
2683 834 2791 873 non
2812 815 3213 879 animadvertit,
3241 821 3304 872 se
3335 816 3543 872 nudum
3574 816 3727 885 qui-

481 904 602 960 dem
645 919 843 960 nomen
875 903 995 957 Filii
1027 905 1075 958 ei
1107 903 1421 968 concedere,
1447 920 1633 961 revera
1664 913 1841 960 tamen
1865 922 1987 962 eum
2021 905 2213 961 Filium
2257 923 2572 978 pernegare.
2598 907 2701 975 Qui
2732 910 2875 964 enim
2915 925 2978 963 ex
3008 909 3174 962 nihilo
3207 909 3418 980 genitus
3447 922 3556 974 est,
3576 919 3731 962 vero

473 997 644 1054 Filius
675 997 769 1053 Dei
803 1012 926 1054 esse
954 1011 1059 1050 non
1087 1004 1282 1064 potest,
1317 997 1459 1051 sicut
1483 1011 1583 1051 nec
1613 997 1828 1067 quidvis
1860 996 2006 1052 aliud
2039 998 2181 1068 quod
2205 999 2444 1067 genitum
2485 1001 2574 1053 sit.
2604 997 2782 1074 Verus,
2807 1005 2984 1053 autem
3029 996 3200 1054 Filius
3242 998 3357 1064 Dei,
3391 1009 3584 1070 utpote
3608 997 3726 1069 qui

473 1111 541 1151 cx
581 1094 674 1148 illo
703 1101 964 1163 tanquam
995 1108 1062 1146 ex
1107 1091 1262 1146 Patre
1307 1094 1522 1164 genitus
1573 1101 1676 1156 est,
1717 1093 2026 1164 unigenitus
2060 1101 2113 1147 et
2142 1094 2375 1149 dilectus
2403 1092 2582 1148 Patris
2618 1095 2813 1149 merito
2836 1093 3052 1148 dicitur.
3111 1092 3192 1148 0b
3247 1095 3492 1149 eamdem
3533 1095 3727 1149 etiam

473 1201 698 1242 eausam
720 1183 863 1239 Deus
897 1183 1012 1253 ipse
1035 1193 1139 1240 est.
1179 1183 1312 1249 Quis
1341 1183 1486 1238 enim
1523 1183 1664 1238 alius
1695 1183 1788 1239 Dei
1816 1183 1957 1239 fetus
1991 1199 2112 1240 esse
2137 1187 2331 1254 possit,
2365 1199 2526 1254 quam
2554 1186 2630 1238 illi
2670 1185 2772 1255 ipsi
2810 1202 2904 1256 per
2924 1185 3107 1239 omnia
3139 1185 3478 1240 simillimus?
3497 1186 3727 1240 Condit

474 1275 689 1344 quidem
717 1277 905 1330 urbem
939 1276 1254 1346 imperator,
1289 1275 1384 1332 sed
1406 1289 1524 1329 eam
1552 1290 1661 1330 non
1689 1275 1861 1346 gignit
1888 1295 1900 1330 :
1939 1275 2107 1330 filium
2140 1286 2318 1331 autem
2352 1278 2570 1348 gignere
2584 1277 2805 1339 dicitur,
2832 1293 2941 1332 non
2971 1278 3223 1332 condere.
3259 1277 3466 1332 Artifex
3491 1288 3722 1342 autem,

475 1371 628 1428 faber
662 1371 863 1428 dicitur
889 1371 1008 1440 ejus
1032 1373 1174 1442 quod
1205 1372 1500 1427 fabricatus
1533 1377 1640 1435 est,
1667 1387 1774 1426 non
1816 1381 1986 1442 pater.
2032 1369 2153 1426 Filii
2185 1388 2340 1427 vero-
2363 1373 2446 1428 sui
2497 1388 2839 1443 nequaquam
2893 1372 3048 1427 faber
3093 1372 3312 1426 dicitur.
3367 1372 3439 1425 Ita
3475 1389 3722 1444 quoque

474 1479 719 1519 summus
747 1465 908 1533 hujus
944 1465 1182 1528 universi
1217 1465 1381 1526 Deus,
1416 1462 1540 1518 Filii
1569 1464 1787 1535 quidem
1818 1467 1900 1520 sui
1929 1473 2102 1535 pater,
2142 1465 2330 1520 mundi
2361 1481 2489 1520 vero
2514 1465 2663 1520 faber
2693 1474 2746 1520 et
2779 1465 3030 1520 conditor
3063 1467 3255 1521 merito
3284 1465 3504 1522 dicitur.
3543 1467 3724 1534 Quod

473 1557 523 1613 si
557 1557 721 1612 semel
751 1557 802 1612 in
831 1555 1127 1627 Scripturis
1155 1558 1458 1612 inveniatur
1487 1557 1713 1621 dictum,
1739 1557 1994 1613 Dominus
2033 1560 2225 1613 creavit
2243 1577 2322 1613 me
2345 1561 2554 1614 initium
2578 1562 2780 1614 viarum
2805 1577 3022 1614 suarum
3047 1559 3115 1614 ad
3144 1577 3300 1631 opera
3327 1578 3446 1624 sua,
3471 1575 3720 1616 sensum

473 1649 652 1719 ipsum
685 1649 972 1704 verborum
1013 1648 1279 1720 inspicere
1325 1649 1608 1712 debemus,
1645 1665 1805 1720 quem
1837 1651 1998 1719 paulo
2033 1661 2152 1720 post
2208 1666 2514 1722 exponam:
2551 1667 2671 1716 nec,
2715 1661 2771 1706 ut
2820 1652 3104 1707 Marcellus
3151 1652 3302 1717 facit,
3353 1653 3422 1706 ob
3471 1653 3719 1706 unicum

476 1743 867 1806 testimonium,
903 1743 1232 1813 przecipuum
1275 1740 1534 1798 Ecclesiae
1563 1740 1758 1812 dogma
1801 1743 2124 1800 convellere.
2171 1764 2190 1796 ›
2225 1742 2349 1799 Haec
2381 1753 2436 1799 et
2466 1746 2570 1799 alia
2603 1746 2836 1815 plurima
2869 1746 2938 1800 ab
2978 1744 3213 1820 Eusebio
3245 1746 3513 1815 Pamphili
3549 1746 3718 1800 dicta

474 1845 602 1892 sunt
639 1836 692 1892 in
723 1835 860 1892 libro
892 1839 1134 1890 adversus
1164 1835 1500 1890 Marcellum.
1541 1837 1601 1889 In
1636 1836 1800 1890 tertio
1829 1845 2008 1889 autem
2039 1837 2280 1906 ejusdem
2307 1839 2486 1907 operis
2512 1839 2670 1902 libro,
2701 1837 2902 1902 docens
2935 1837 3207 1907 quomodo
3241 1837 3593 1908 intelligenda
3634 1838 3720 1892 sit

477 1929 594 1984 base
620 1945 719 1984 vox
752 1929 976 2000 κτίσμα,
1009 1929 1080 1980 ita
1113 1928 1352 1999 loquitur
1385 1947 1396 1981 :
1435 1945 1452 1977 t
1491 1925 1588 1980 liis
1623 1929 1695 1979 ita
1728 1928 2062 1991 constitutis,
2097 1943 2438 1998 consequens
2469 1939 2576 1993 est,
2609 1939 2688 1995 ut,
2719 1928 3174 2000 quemadmodum
3203 1929 3293 1984 illa
3322 1946 3440 2000 qua:
3461 1946 3718 2000 praeces.

479 2029 689 2084 serunt,
724 2021 803 2075 sic
855 2021 1016 2076 etiam
1067 2021 1178 2073 hrec
1207 2020 1370 2073 verba
1406 2038 1418 2072 :
1456 2018 1710 2072 Dominus
1764 2018 1998 2073 condidit
2034 2036 2111 2074 me
2156 2021 2363 2073 initium
2416 2022 2618 2075 viarum
2667 2038 2885 2076 suarum
2920 2021 2987 2074 ad
3018 2037 3172 2089 opera
3213 2039 3312 2077 sua
3342 2024 3385 2086 ί,
3413 2021 3480 2078 de
3506 2023 3717 2078 eadem

474 2133 708 2188 persona
742 2119 888 2173 dicta
921 2118 1048 2172 sint.
1087 2113 1241 2181 Quod
1269 2114 1314 2167 si
1349 2120 1592 2168 creatum
1616 2127 1673 2167 se
1713 2127 1834 2167 esse
1860 2113 2015 2176 dicit,
2053 2127 2158 2167 non
2208 2114 2282 2166 ita
2318 2115 2694 2185 accipiendum
2727 2123 2831 2178 est,
2859 2115 3014 2185 quasi
3067 2115 3233 2182 dicat,
3266 2133 3324 2172 se
3362 2114 3428 2170 de
3453 2132 3562 2171 non
3599 2131 3717 2170 ex-

475 2216 744 2274 stantibus
774 2212 909 2267 adid
943 2209 1086 2282 quod
1120 2215 1203 2264 est
1225 2209 1556 2277 pervenisse,
1590 2218 1643 2261 et
1673 2207 1897 2276 perinde
1929 2223 1994 2260 ac
2028 2208 2266 2276 reliquas
2296 2219 2576 2266 creaturas
2605 2225 2670 2265 ex
2705 2210 2878 2264 nihilo
2903 2209 3184 2264 conditus.
3215 2225 3356 2273 esse,
3393 2211 3534 2266 sicut
3562 2225 3718 2264 non-

473 2311 607 2369 nulli
634 2323 911 2381 perperam
944 2305 1344 2360 existimarunt.
1376 2300 1481 2356 Sed
1514 2301 1566 2354 id
1596 2301 1744 2365 dicit,
1777 2309 1964 2370 utpote
1987 2302 2077 2370 qui
2119 2303 2380 2357 subsistat
2419 2319 2482 2358 ac
2514 2305 2852 2374 prteexsistat
2877 2313 3001 2361 ante
3047 2305 3488 2368 constitutionem
3528 2305 3716 2360 totius

474 2403 692 2470 mundi;
734 2416 763 2454 a
798 2400 954 2455 Patre
976 2406 1154 2452 autem
1176 2413 1276 2452 suo
1313 2410 1377 2449 ac
1401 2392 1630 2446 Domino
1660 2389 1922 2462 Princeps
1945 2407 2009 2447 ac
2034 2392 2231 2447 ﬂector
2263 2394 2424 2463 hujus
2457 2396 2698 2450 universi
2729 2398 3060 2453 constitutus
3086 2397 3156 2452 sit
3183 2415 3196 2451 :
3227 2395 3362 2450 adeo
3393 2403 3451 2450 ut
3474 2395 3715 2452 verbum

475 2498 580 2553 hoc
616 2495 847 2556 ἔκτισεν,
876 2493 1111 2563 positum
1150 2491 1221 2546 sit
1244 2490 1346 2544 hoc
1369 2489 1490 2540 luco
1525 2500 1622 2554 pro
1654 2485 1950 2538 constituit.
1977 2484 2136 2539 Certe
2167 2487 2447 2554 apostolus
2475 2487 2693 2552 Petrus,
2737 2489 3013 2560 principes
3044 2496 3100 2544 et
3122 2497 3362 2544 rectores
3393 2489 3487 2559 qui
3517 2488 3716 2544 homi-

471 2593 636 2647 nibus
655 2595 912 2659 praesunt,
947 2585 1150 2639 diserte
1177 2590 1484 2636 creaturam
1516 2578 1769 2648 appellat,
1816 2578 1901 2632 his
1946 2577 2172 2632 verbis:
2209 2577 2442 2648 Subjecti
2493 2590 2656 2636 estote
2707 2584 2851 2636 omni
2897 2583 3139 2636 humanae
3187 2593 3444 2636 creatura:
3489 2592 3719 2652 propter

472 2686 780 2742 Dominum.
808 2681 911 2736 sive
934 2681 1040 2749 regi
1072 2678 1223 2749 quasi
1246 2674 1583 2745 prazcellenti,
1612 2673 1715 2726 sive
1759 2670 2048 2726 rectoribus
2079 2682 2325 2742 tanquam
2351 2674 2413 2726 ab
2444 2673 2538 2726 illo
2563 2675 2736 2728 missis
2759 2677 2802 2730 '.
2836 2675 3102 2746 Propheta
3133 2689 3350 2746 quoque
3371 2690 3491 2728 cum
3516 2673 3659 2727 dicit
3695 2691 3710 2726 :

474 2781 734 2850 Prwpara
765 2788 832 2840 te,
868 2774 1060 2836 Israel,
1093 2773 1159 2826 ad
1186 2769 1534 2826 invocandum
1564 2765 1732 2821 Deum
1769 2775 1936 2828 tuum,
1965 2767 2211 2836 quoniam
2238 2783 2351 2821 ecce
2372 2769 2459 2833 qui
2494 2769 2674 2837 firmat
2732 2771 2952 2836 tonitru,
3013 2779 3063 2823 et
3114 2771 3204 2840 qui
3247 2779 3386 2824 creat
3417 2767 3713 2838 Spiritum,

472 2874 562 2948 qui
614 2869 894 2926 annuntiat
941 2864 1236 2919 hominibus
1275 2863 1542 2918 Christum
1575 2876 1725 2914 suum
1750 2860 1792 2925 ⁸;
1827 2858 1929 2911 hoc
1971 2859 2193 2913 verbum
2225 2857 2444 2924 κτίζων,
2469 2875 2576 2913 non
2605 2861 2814 2931 accepit
2839 2877 2937 2931 pro
2967 2877 3032 2916 eo
3051 2861 3195 2931 quod
3231 2861 3431 2915 factum
3463 2869 3547 2916 est
3572 2876 3712 2916 cum

475 2942 635 3025 antea
664 2979 776 3020 non
803 2969 966 3018 esset.
1000 2958 1183 3029 Neque
1215 2957 1358 3012 enim
1382 2966 1510 3010 tunc
1547 2954 1689 3009 Deus
1724 2953 1929 3008 creavit
1979 2951 2264 3024 Spiritum,
2297 2968 2420 3008 cum
2452 2953 2729 3010 Christum
2760 2971 2919 3012 suum
2956 2972 3051 3026 per
3085 2957 3237 3011 illum
3271 2957 3484 3011 cunctis
3515 2942 3708 3010 homi-

475 3062 638 3117 nibus
693 3053 1052 3111 annuntiavit.
1111 3049 1253 3103 Nihil
1283 3048 1481 3119 quippe
1528 3045 1630 3101 sub
1675 3045 1788 3100 sole
1825 3059 2024 3098 novum
2075 3055 2178 3100 est.
2215 3043 2320 3099 Sed
2355 3053 2470 3098 erat
2499 3046 2713 3115 quidem
2760 3055 2918 3102 antea
2967 3045 3204 3116 Spiritus
3237 3055 3290 3102 et
3319 3047 3656 3103 subsistebat
3690 3062 3710 3100 :

471 3156 670 3212 Missus
698 3163 774 3208 est
798 3161 973 3208 autent
1004 3158 1122 3201 tunc
1167 3161 1281 3198 cum
1312 3143 1536 3212 apostoli
1557 3141 1854 3211 congregati
1881 3149 2072 3206 essent,
2109 3141 2318 3211 quando
2353 3157 2512 3195 sonus
2544 3143 2715 3196 instar
2743 3143 2959 3196 tonitrui
2999 3143 3171 3212 facins
3209 3152 3286 3197 est
3326 3142 3388 3196 de
3420 3141 3546 3195 calo
3580 3151 3712 3194 tan-

471 3264 627 3320 quam
655 3243 950 3317 ingruentis
982 3238 1214 3308 Spiritus
1265 3236 1572 3290 vehementis
1600 3246 1689 3288 :et
1714 3235 1896 3303 repleti
1940 3244 2062 3287 sunt
2095 3232 2295 3302 Spiritu
2331 3244 2533 3288 sancto.
2570 3233 2746 3303 Atque
2797 3233 2870 3287 ita
2917 3233 3196 3290 Christum
3250 3233 3342 3290 Dei
3386 3234 3709 3289 hominibus

471 3341 854 3411 praedicarunt,
883 3337 1038 3407 juxta
1073 3330 1406 3402 prophetiam
1438 3343 1557 3397 quae
1587 3328 1718 3382 dicit
1753 3348 1764 3382 :
1803 3327 1935 3382 Ecce
1954 3330 2000 3381 is
2020 3329 2107 3398 qui
2129 3330 2307 3396 ﬁrmat
2335 3329 2533 3380 tonitru
2559 3337 2609 3382 et
2640 3329 2729 3398 qui
2757 3338 2899 3382 creat
2927 3328 3272 3396 Spiritum,et
3295 3331 3386 3400 qui
3413 3333 3706 3387 annuntiat

469 3431 766 3486 hominibus
795 3428 1066 3485 Christum
1092 3441 1263 3479 suum.
1303 3421 1403 3476 Ubi
1431 3422 1754 3476 vocabulum
1785 3423 1916 3477 illud
1959 3438 2143 3476 creans
2173 3423 2411 3492 positum
2445 3431 2529 3477 est
2555 3436 2655 3492 pro
2694 3423 2924 3486 mittens,
2956 3424 3040 3478 vel
3085 3440 3184 3494 pro
3227 3425 3503 3492 disponens
3543 3434 3708 3495 atque

471 3530 811 3583 constituens.
849 3523 1076 3580 Touitru
1123 3536 1248 3575 vero
1297 3518 1549 3573 similiter
1581 3517 1856 3589 Evangelii
1891 3517 2334 3588 praedicationem
2387 3517 2677 3586 significat.
2735 3517 2903 3572 David
2953 3533 3170 3589 quoque
3224 3533 3346 3573 cum
3377 3518 3510 3572 dicit
3545 3537 3559 3572 :
3591 3517 3711 3572 Cor

471 3616 725 3672 mundum
751 3631 870 3670 crea
894 3616 946 3666 in
977 3629 1076 3674 me,
1112 3610 1252 3664 Deus
1275 3609 1316 3675 ‘,
1340 3624 1450 3662 non
1490 3609 1593 3662 boc
1617 3608 1754 3662 dixit
1781 3607 1938 3677 quasi
1969 3622 2065 3661 cor
2099 3619 2253 3662 antea
2282 3624 2392 3662 non
2424 3608 2646 3664 haberet
2677 3629 2688 3663 :
2721 3610 2815 3664 sed
2855 3609 3044 3663 orabat
3074 3615 3131 3662 ut
3161 3624 3316 3664 mens
3350 3625 3484 3680 pura
3510 3610 3566 3663 in
3608 3626 3706 3666 se-

472 3714 592 3783 ipso
621 3710 992 3782 perficeretur.
1027 3707 1224 3760 Eadem
1253 3703 1467 3757 ratione
1489 3700 1692 3756 dictum
1724 3713 1808 3756 est
1832 3701 1986 3764 illud,
2010 3710 2065 3753 ut
2096 3700 2228 3754 duos
2259 3703 2311 3755 in
2338 3718 2499 3755 unum
2527 3718 2712 3756 novum
2733 3702 2995 3756 hominem
3021 3711 3243 3768 crearet,
3274 3701 3327 3758 id
3361 3713 3444 3756 est
3467 3704 3707 3774 conjun-

471 3810 642 3874 geret.
669 3801 801 3856 Vide
823 3809 1002 3853 autem
1031 3813 1210 3851 annon
1242 3795 1486 3865 ejusdem
1521 3794 1737 3864 generis
1766 3794 1836 3848 sit
1861 3800 1914 3848 et
1944 3793 2078 3847 illud
2111 3812 2124 3847 :
2160 3792 2466 3848 Induamini
2489 3811 2676 3848 novum
2698 3794 2956 3848 hominem
2996 3795 3083 3864 qui
3118 3804 3194 3848 est
3225 3794 3509 3848 secundum
3531 3794 3704 3849 Deum

471 3897 737 3954 creatus“.
765 3893 894 3948 Item
929 3892 1092 3947 illud:
1129 3891 1188 3946 Si
1218 3907 1321 3962 qua
1344 3889 1505 3958 igitur
1531 3889 1584 3940 in
1614 3885 1825 3941 Christo
1853 3903 1984 3940 nova
2009 3898 2251 3941 creatura
2274 3903 2292 3951 ;
2313 3894 2368 3940 ct
2398 3903 2732 3956 quacunque
2767 3887 2872 3941 alia
2916 3887 3184 3955 ejusmodi
3216 3887 3441 3957 reperiri
3467 3897 3704 3955 possunt

472 3990 542 4045 ab
570 3989 638 4044 iis
663 3988 755 4058 qui
793 3986 1104 4057 Scripturas
1139 3985 1402 4040 diuinitus
1431 3983 1728 4053 inspiratas
1759 3981 1976 4037 curiose
2021 3991 2359 4038 scrutantur.
2392 3981 2467 4037 Ne
2512 3983 2728 4038 mireris
2765 3998 2895 4054 ergo
2926 3984 2972 4038 si
3007 3982 3062 4035 in
3101 3981 3208 4035 hoc
3247 3981 3389 4049 loco,
3437 3981 3700 4036 Dominus

469 4082 770 4140 creavitme
795 4080 1005 4134 initium
1035 4079 1238 4132 viarum
1261 4093 1502 4137 suarum,
1537 4075 1764 4130 verbum
1796 4075 1988 4128 creavit
2019 4075 2340 4129 translative
2371 4074 2607 4144 positum
2637 4085 2720 4130 est
2748 4089 2846 4144 pro
2876 4074 3147 4126 constituit
3178 4082 3232 4127 et
3265 4084 3521 4127 rectorem
3551 4074 3704 4126 ordi-

474 4172 793 4228 navimilazc
820 4171 1083 4227 Eusebius
1113 4170 1304 4225 scribit
1337 4171 1390 4225 in
1425 4166 1581 4222 libris
1609 4177 1792 4221 contra
1822 4164 2161 4220 Marcellum.
2205 4165 2334 4232 Qua:
2381 4182 2482 4221 nos
2537 4166 2624 4220 hic
2673 4165 3000 4220 adduximus
3044 4171 3265 4234 propter
3291 4180 3386 4220 eos
3416 4165 3508 4234 qui
3543 4164 3701 4218 illum

475 4267 677 4324 frustra
706 4266 983 4321 criminari
1015 4276 1068 4320 et
1098 4263 1384 4318 traducere
1417 4269 1709 4316 conantur.
1740 4258 1924 4330 Neque
1965 4261 2108 4315 enim
2143 4261 2373 4330 probare
2403 4269 2651 4329 possunt,
2694 4257 2988 4313 Eusebium
3022 4260 3236 4312 initium
3271 4261 3524 4314 essentia:
3557 4258 3703 4314 Filio

472 4359 755 4424 tribuisse,
778 4359 992 4413 tametsi
1020 4356 1443 4428 dispensationis
1472 4353 1754 4408 vocabulis
1790 4354 1991 4423 passim
2029 4354 2082 4407 in
2121 4355 2276 4408 libris
2307 4355 2421 4408 suis
2447 4361 2629 4407 utatur
2663 4371 2676 4406 ε
2712 4353 3013 4422 praesertim
3053 4365 3177 4404 cum
3208 4351 3534 4420 scriptorum
3564 4349 3694 4404 Ori-

471 4452 626 4524 gcnis
649 4451 887 4507 imitator
917 4458 972 4505 et
1001 4449 1301 4504 admirator
1321 4447 1613 4510 exstiterit,
1651 4447 1705 4503 in
1744 4446 1942 4516 quibus
1976 4445 2171 4499 Filium
2219 4461 2284 4500 ex
2337 4445 2497 4499 Patre
2528 4447 2769 4515 genitum
2803 4459 3019 4515 semper
3075 4442 3359 4512 praedicari
3403 4442 3700 4510 reperient,

462 4541 1144 4626 quicunquereconditam
1193 4545 1443 4626 Origenis
1482 4545 1786 4603 doctrinam
1823 4543 2172 4612 intelligentia
2207 4543 2425 4612 assequi
2465 4547 2715 4614 possunt.
2749 4539 2924 4609 Atque
2954 4537 3069 4591 haec
3096 4533 3269 4591 obiter
3299 4533 3441 4589 dicta
3475 4531 3607 4598 sint,
3641 4538 3707 4588 ut

465 4612 681 4668 Eusebii
718 4613 1170 4670 obtrectatoribus
1202 4612 1580 4689 respondeam.

1417 4729 1757 4787 .Sozomenus
1783 4729 1836 4783 in
1863 4728 1994 4783 libro
2021 4744 2046 4784 ι
2075 4728 2328 4788 Historia:
2353 4731 2758 4788 ecclesiasticas

549 4834 726 4905 Atque
766 4833 981 4887 animus
1024 4829 1241 4900 quidem
1289 4833 1428 4889 erat,
1478 4825 1580 4879 hoc
1615 4841 1754 4896 opus
1796 4823 1863 4878 ab
1917 4823 2036 4892 ipso

2219 4825 2492 4899 Ὠρμήθην
2522 4827 2579 4880 δὲ
2617 4826 2677 4880 τὸ
2725 4825 2976 4898 ἀπαρχῆς
3019 4821 3220 4891 ταύτην
3257 4819 3564 4892 συγγράψαι
3605 4821 3710 4889 τὴν

478 4928 798 4984 Christianae
835 4925 1114 4998 religionis
1147 4921 1370 4978 exordio
1421 4927 1684 4988 repetere.
1751 4917 1856 4972 Sed
1909 4931 2034 4970 cum

481 5022 964 5077 animadverterem
1014 5017 1155 5072 alios
1191 5014 1508 5084 scriptores,
1539 5010 1873 5066 Clementem
1912 5008 2036 5062 dico

478 5119 535 5165 et
561 5107 942 5180 Hegesippum,
981 5108 1127 5162 viros
1160 5101 1614 5174 sapientissimos,
1646 5099 1739 5170 qui
1764 5098 2039 5168 apostolo-

478 5200 964 5270 mmtemporibus
997 5199 1242 5268 proxime
1282 5199 1690 5252 successerunt,
1721 5190 2038 5244 Africanum

475 5300 739 5348 arteterea
791 5292 1144 5352 historicum,
1202 5295 1257 5344 et
1306 5287 1631 5346 Eusebium,
1678 5288 2039 5353 cognomento

473 5382 815 5454 Pamphilum
845 5382 1042 5453 (virum
1081 5391 1192 5436 tum
1233 5381 1287 5434 in
1332 5377 1506 5434 sacris
1559 5374 1775 5438 litteris,
1825 5381 1938 5426 tum
1981 5371 2037 5424 in

474 5477 650 5536 metis
685 5474 914 5544 aliisque
953 5473 1312 5544 scriptoribus
1365 5469 1660 5542 gentilibus
1697 5463 2039 5522 exercitatis-

476 5569 720 5637 simum),
753 5565 893 5619 idem
925 5566 1102 5635 ipsum
1131 5565 1202 5619 ad
1226 5579 1324 5619 sua
1359 5565 1601 5633 ipsorum
1627 5569 1868 5630 tempora
1898 5557 2038 5612 scri-

474 5663 602 5718 bere
628 5674 934 5732 aggressos.
958 5666 1064 5714 etc.

2143 4919 2519 4991 πραγματείαν
2543 4938 2556 4951 ·
2601 4919 2946 4989 λογισάμενος
2979 4915 3036 4968 δὲ
3079 4915 3155 4977 ὼς
3200 4913 3291 4967 καὶ
3325 4911 3471 4966 ἄλλοι
3504 4910 3712 4982 ταύτης

2143 5013 2508 5085 ἐπειράθησαν
2545 5013 2704 5083 μέχρι
2724 5011 2830 5064 τῶν
2859 5011 2976 5064 κατ’
3003 5009 3198 5070 αὐτοὺς
3223 5005 3446 5078 χρόνων,
3475 5003 3710 5074 Κλήμης

2141 5125 2199 5161 τε
2229 5109 2322 5160 καὶ
2366 5108 2721 5176 Ἡγήσιππος,
2764 5104 2950 5174 ἄνδρες
2995 5099 3308 5168 σοφώτατοι,
3348 5100 3412 5168 τῇ
3440 5097 3550 5149 τῶν
3577 5099 3711 5149 ἁπο-

2148 5200 2343 5254 στόλων
2373 5200 2584 5269 διαδοχῇ
2625 5195 3212 5268 παρακολουθήσαντες,
3263 5193 3356 5245 καὶ
3389 5190 3710 5263 Ἀφρικανὸς

2143 5296 2171 5346 ὁ
2212 5292 2578 5362 συγγραφεὺς,
2629 5289 2722 5342 καὶ
2769 5287 3021 5348 Εὐσέϐιος
3067 5288 3094 5338 ὁ
3134 5283 3360 5354 ἐπίκλην
3401 5281 3706 5352 Παμφίλου,

2145 5384 2283 5455 ἀνὴρ
2317 5383 2422 5434 τῶν
2459 5381 2615 5433 θείων
2642 5377 2868 5448 Γραφῶν
2895 5377 2987 5429 καὶ
3016 5376 3123 5428 τῶν
3150 5377 3277 5446 παρ’
3307 5373 3530 5444 Ἕλλησι
3559 5388 3710 5444 ποίης

2144 5475 2251 5528 τῶν
2277 5474 2370 5527 καὶ
2401 5471 2753 5542 συγγραφέων
2795 5468 3264 5538 πολυμαθέστατος
3303 5465 3488 5536 ἴστωρ.

543 5777 562 5810 ⁸
593 5775 749 5834 Prov.
775 5793 907 5860 -vn_t,
929 5776 1018 5831 22.
1076 5780 1111 5850 δ’
1147 5775 1176 5830 1
1219 5775 1362 5831 Petr.
1409 5791 1468 5841 ιι,
1511 5775 1592 5830 Η.
1642 5774 1690 5852 ’³
1718 5772 1878 5826 Amos
1926 5787 1998 5835 tv,

2208 5769 2223 5796 ‘
2253 5765 2401 5821 Psal.
2433 5780 2484 5829 L,
2521 5763 2608 5818 12.
2683 5761 2704 5792 ⁸
2743 5757 2931 5829 Ephes.
2969 5772 3042 5822 tv,
3071 5754 3183 5823 Si,
