3924 6266
267 329 324 383 7⁵1
1201 322 1544 381 VETERUM
1584 322 2002 380 TESTIMONIA
2041 322 2178 380 PRO
2211 322 2535 383 EUSEBIO.
3415 323 3480 378 78

1409 443 1674 499 Victorius
1700 446 1754 499 in
1778 442 2003 501 Canone
2038 443 2313 502 Paschali.

319 537 609 594 Recensitis
629 539 799 610 igitur
829 538 1079 595 ﬁdelibus
1101 537 1349 594 historiis
1371 548 1637 604 veterum,
1662 538 1808 595 beati
1829 538 2038 595 scilicet
2061 536 2279 594 Eusebii
2301 535 2658 593 Caesariensis
2679 535 2982 610 Palaestinae
3000 533 3238 591 civitatis
3265 533 3480 603 episco-

271 635 330 704 pi,
351 634 442 687 viri
473 633 526 687 in
561 633 756 702 primis
810 633 1169 690 eruditissimi
1228 643 1390 703 atque
1453 633 1780 699 doctissimi,
1827 633 2100 688 Chronicis
2149 634 2515 705 prologoque;
2567 648 2631 687 ac
2661 632 2886 702 perinde
2931 632 3015 687 his
3046 645 3168 702 quae
3213 645 3244 684 a
3278 638 3482 685 sanctae

273 724 514 781 memoria:
541 725 877 798 Hieronymo
905 726 1117 782 hisdem
1146 725 1423 780 Chronicis
1447 733 1577 782 sunt
1603 726 1835 796 adjecta.

273 842 592 912 Hieronymus
633 841 688 895 in
716 839 963 911 Epistola
994 839 1061 894 ad
1089 837 1458 895 Chromatium
1481 849 1541 922 et.
1559 837 1934 922 Heliodorum,
1972 838 2418 919 qua:_prwﬁgitur
2450 835 2836 908 Martyrologio
2869 838 3006 908 quod
3049 837 3115 893 B.
3167 835 3480 907 Hieronymi

1524 920 1832 978 inscriptum
1858 920 1934 963 est
1963 926 2191 964 nomine.

329 1028 538 1084 Constat
569 1028 856 1084 Dominum
885 1036 1134 1084 nostrum
1181 1026 1367 1082 Jesum
1408 1027 1686 1083 Christum
1717 1027 1862 1082 omni
1897 1028 1985 1082 die
2017 1034 2320 1099 martyrum
2353 1041 2578 1082 suorum
2609 1026 2915 1096 triumphos
2943 1027 3215 1095 excipere,
3244 1037 3478 1096 quorum

267 1123 524 1192 passiones
549 1137 578 1176 a
613 1131 809 1177 sancto
839 1121 1074 1177 Eusebio
1101 1120 1427 1176 Caesariensi
1451 1121 1710 1193 episcopo
1752 1122 1987 1191 scriptas
2028 1121 2351 1190 reperimus.
2393 1120 2526 1174 Nam
2572 1119 2969 1175 Constantinus
3019 1121 3319 1190 Angustus,
3353 1130 3476 1170 eum

264 1217 543 1273 Caesaream
574 1213 768 1270 fuisset
807 1215 1107 1285 ingressus,
1141 1221 1196 1267 et
1217 1213 1424 1268 diceret
1447 1221 1746 1268 memorato
1771 1212 2021 1278 antistiti,
2053 1221 2113 1266 ut
2135 1220 2341 1282 peteret
2365 1211 2544 1282 aliqua
2573 1211 2832 1266 beneﬁcia
2868 1210 3193 1266 Caesariensi
3224 1206 3480 1265 Ecclesia:

271 1308 555 1382 profutura,
597 1307 797 1377 legitur
827 1305 1176 1376 respondisse
1200 1305 1495 1360 Eusebium
1531 1322 1544 1356 :
1579 1305 1786 1376 Opibus
1820 1307 1936 1360 suis
1965 1303 2268 1359 Ecclesiam
2293 1304 2541 1369 ditatam,
2574 1303 2723 1357 nulla
2745 1303 2960 1373 petendi
2991 1303 3252 1358 beneﬁcia
3282 1317 3477 1359 neces-

258 1409 410 1464 sitate
438 1402 724 1472 compelli:
765 1401 867 1456 sibi
900 1409 1081 1456 tamen
1100 1400 1431 1455 desiderium
1464 1400 1742 1455 immobile
1765 1399 2060 1461 exstitisse,
2095 1406 2152 1452 ut
2185 1397 2448 1469 quidquid
2479 1397 2534 1450 in
2569 1397 2843 1467 republica
2873 1395 3119 1452 Romana
3161 1404 3371 1468 gestum
3405 1397 3479 1453 sit

254 1509 377 1566 erga
405 1505 617 1552 sanctos
645 1494 742 1549 Dei
771 1509 868 1565 per
907 1493 1124 1564 judices
1153 1493 1434 1564 judicibus
1463 1491 1819 1548 succedentes
1859 1491 1912 1545 in
1944 1489 2200 1546 universo
2244 1489 2375 1544 orbe
2419 1487 2687 1552 Romano,
2748 1489 2980 1545 sollicita
3033 1490 3472 1559 perscrutatione

253 1593 590 1641 monumenta
624 1587 842 1657 publica
874 1585 1218 1641 discutiendo
1248 1583 1657 1655 perquirerent;
1690 1592 1744 1637 et
1782 1582 1874 1652 qui
1929 1591 2228 1652 martyrum
2257 1595 2288 1634 a
2328 1595 2438 1652 quo
2458 1580 2663 1650 judice,
2691 1581 2744 1636 in
2775 1596 2882 1652 qua
2929 1582 3208 1652 provincia
3229 1583 3313 1638 vel
3343 1583 3480 1637 civi-

252 1686 382 1740 tate,
404 1695 502 1750 qua
533 1679 620 1734 die
645 1695 821 1750 quave
848 1678 1272 1749 perseverantia,
1305 1675 1574 1745 passionis
1618 1689 1730 1729 sua:
1762 1672 2101 1727 obtinuerint
2125 1673 2384 1742 palmam,
2418 1673 2485 1730 de
2513 1673 2648 1746 ipsis
2675 1674 2912 1730 archivis
2946 1675 3180 1730 sublata.
3221 1675 3322 1745 ipsi
3367 1675 3480 1731 Eu-

253 1769 398 1824 sebio
429 1771 577 1842 regio
594 1770 756 1839 jussu
790 1771 1111 1840 dirigerent.
1142 1767 1299 1823 Unde
1346 1767 1551 1822 factum
1581 1776 1687 1832 est,
1715 1774 1773 1820 ut
1819 1763 2049 1820 idoneus
2085 1765 2287 1819 relator
2314 1765 2608 1829 exsislens,
2632 1777 2685 1822 et
2715 1766 3146 1821 Ecclesiasticam
3171 1768 3475 1824 Historiam

249 1870 470 1926 texeret,
493 1870 546 1917 et
575 1862 819 1917 omnium
861 1876 1000 1932 pene
1039 1867 1342 1931 martyrum
1384 1859 1790 1930 provinciarum
1829 1856 2074 1910 omnium
2107 1857 2474 1913 Romanarum
2507 1867 2705 1928 tropaea
2734 1859 2966 1930 diligens
2999 1859 3477 1933 liistoriographus

249 1955 560 2012 declararet.

1193 2019 1433 2075 Gelasius
1459 2036 1596 2089 papa
1624 2021 1678 2073 in
1697 2017 1902 2072 decreto
1933 2016 1996 2070 de
2035 2017 2184 2072 libris
2209 2019 2541 2088 apocryphis.

311 2141 442 2195 item
473 2139 737 2197 Chronica
772 2137 992 2195 Eusebii
1014 2135 1390 2200 Caesariensis,
1424 2142 1478 2189 et
1503 2133 1750 2202 ejusdem
1789 2130 2177 2185 Ecclesiasticw
2201 2128 2435 2184 historice
2459 2131 2660 2199 libros,
2704 2133 2952 2200 quamvis
2974 2133 3027 2187 in
3074 2133 3252 2204 primo
3282 2144 3474 2188 narra-

245 2235 404 2288 tionis
436 2249 548 2289 suze
576 2233 717 2288 libro
743 2233 998 2304 tepuerit,
1029 2241 1084 2286 et
1113 2237 1302 2300 postea
1335 2227 1391 2281 in
1424 2226 1681 2281 laudibus
1711 2233 1876 2295 atque
1909 2225 2261 2278 excusatione
2281 2221 2530 2293 Origenis
2564 2223 2903 2278 schismatici
2927 2240 3094 2279 unum
3126 2226 3473 2296 conscripse-

247 2325 312 2378 rit
341 2325 565 2386 librum,
590 2329 814 2394 propter
839 2335 1022 2376 rerum
1057 2328 1237 2374 tamen
1257 2317 1507 2373 notitiam
1532 2317 1886 2386 singularem,
1919 2329 2038 2384 quae
2070 2313 2137 2366 ad
2172 2314 2587 2370 instructionem
2616 2314 2907 2385 pertinent,
2939 2333 3332 2390 usquequaque
3362 2337 3473 2377 non

245 2416 471 2473 dicimus
506 2412 836 2470 renuendos.

1343 2498 1494 2553 Idem
1527 2499 1583 2551 in
1605 2497 1741 2551 libro
1769 2496 1845 2550 De
1873 2495 2088 2550 duabus
2122 2497 2355 2552 naturis.

307 2622 374 2679 Ut
396 2622 638 2692 idipsum
672 2619 916 2674 dicentes
941 2632 1050 2672 uno
1073 2616 1258 2682 corde,
1302 2629 1521 2685 unoque
1546 2627 1660 2675 ore,
1695 2617 1749 2667 et
1792 2609 2081 2666 credamus
2110 2609 2255 2680 quod
2287 2626 2315 2664 a
2342 2611 2642 2680 majoribus
2680 2613 2886 2668 nostris
2930 2616 3259 2686 accepimus,
3291 2625 3346 2672 et
3378 2619 3475 2674 do-

247 2722 398 2772 nante
424 2712 659 2768 Domino
684 2711 968 2766 tradamus
1001 2711 1234 2781 posteris
1269 2706 1659 2768 conﬁtendum,
1691 2719 1813 2758 cum
1852 2704 2054 2775 quibus
2089 2704 2295 2758 unitam
2322 2704 2482 2760 ﬁdem
2516 2704 2627 2760 Deo
2648 2703 2883 2777 propitio
2911 2708 3206 2778 perdurare
3235 2710 3477 2769 Catholi-

245 2820 424 2864 corum
455 2804 705 2874 subjecta
731 2801 1040 2858 testimonia
1071 2801 1456 2873 magistrorum
1477 2798 1746 2855 recensita
1769 2803 2061 2852 testantur.
2089 2794 2158 2849 Et
2180 2797 2338 2865 paulo
2370 2795 2749 2864 post:Eusebii
2769 2800 3012 2870 episc0pi
3043 2799 3476 2872 Palaestinensis,

243 2903 597 2971 cognomento
627 2894 919 2966 Pamphili,
953 2911 1022 2951 ex
1055 2895 1394 2967 expositione
1419 2894 1616 2966 psalmi
1666 2891 1904 2962 septimi,
1939 2903 2045 2946 ctc.
2100 2892 2229 2947 Item
2274 2893 2521 2962 ejusdem
2567 2908 2634 2948 ex
2691 2891 3010 2964 Evangelica
3067 2899 3473 2967 praeparatione,

246 2994 328 3049 ἥδ’
356 3007 458 3050 m'
616 3063 861 3134 pelagias
879 3061 942 3117 II
965 3073 1103 3128 papa
1131 3059 1184 3113 in
1211 3057 1455 3129 Epistola
1475 3057 1528 3123 5,
1561 3055 1631 3110 ad
1654 3054 1834 3109 Eliam
1854 3051 2239 3122 Aquileiensem
2253 3062 2302 3108 et
2330 3054 2464 3109 alios
2497 3053 2762 3125 episcopos
2796 3054 2996 3113 Istriaa.

304 3179 439 3246 Quid
462 3194 706 3249 namque
728 3179 782 3233 in
808 3175 1187 3232 haresiarchis
1209 3175 1444 3248 Origene
1475 3177 1739 3245 deterius,
1771 3191 1828 3238 et
1859 3180 1990 3253 quid
2030 3179 2084 3233 in
2129 3175 2584 3248 historiographis
2629 3175 2860 3232 inveniri
2904 3177 3139 3234 Eusebio
3182 3179 3479 3238 honorabi-

247 3272 338 3328 lius
366 3272 590 3343 potest?
612 3271 678 3325 Et
701 3273 828 3343 quis
851 3279 1100 3328 nostrum
1134 3272 1330 3334 nescit,
1358 3272 1415 3326 in
1455 3272 1612 3347 libris
1663 3275 1781 3331 suis
1813 3273 2037 3346 quantis
2074 3271 2363 3344 Origenem
2417 3271 2687 3326 Eusebius
2730 3273 3018 3341 przeconiis
3073 3275 3330 3332 attollat?
3369 3276 3473 3333 Sed

245 3366 355 3436 quia
383 3373 583 3422 sancta
616 3365 858 3421 Ecclesia
887 3379 1114 3420 suorum
1143 3364 1380 3420 ﬁdelium
1438 3365 1606 3421 corda
1635 3368 1927 3439 benignius
1957 3382 2119 3438 quam
2147 3366 2315 3421 verba
2366 3364 2671 3420 districtius
2709 3373 2920 3434 pensat,
2966 3382 3068 3422 nec
3101 3369 3156 3422 in
3207 3368 3476 3427 hereticis

246 3475 446 3516 sensum
477 3459 764 3532 proprium
792 3460 1012 3516 testatio
1037 3455 1257 3514 Eusebii
1294 3458 1579 3514 absolvere
1617 3461 1792 3531 potuit
1822 3480 1835 3516 :
1867 3475 1969 3516 nec
2002 3473 2222 3514 rursum
2249 3456 2546 3513 Eusebium
2575 3455 2783 3511 laudati
2831 3456 3084 3531 Origenis
3130 3461 3291 3532 culpa
3319 3463 3474 3518 dam-

245 3562 393 3610 mm‘
1225 3637 1228 3643 ι
1348 3621 1629 3693 Euagrius,
1666 3621 1804 3679 lib.l
1838 3620 2114 3685 Historiae,
2146 3636 2263 3690 cap.
2291 3621 2344 3675 1·

304 3738 548 3810 mae-.6qu
574 3736 651 3808 τῷ
679 3737 986 3808 Παμφίλου,
1010 3737 1147 3809 ἀνὴρ
1171 3738 1228 3791 δὲ
1255 3738 1311 3801 ἐς
1347 3737 1414 3790 τὰ
1461 3737 1694 3809 μάλιστα
1721 3737 1807 3790 λό-
1832 3750 1853 3803 Α

1981 3734 2253 3791 Eusebius
2281 3733 2575 3806 Pamphili,
2600 3735 2686 3791 vir
2707 3751 2833 3791 cum
2860 3735 2916 3790 in
2944 3737 3068 3793 aliis
3103 3739 3271 3797 rebus
3301 3741 3478 3799 diser-

244 3843 343 3895 γιος
363 3832 389 3883 ὁ
417 3828 712 3900 Παμφίλου
747 3829 816 3882 τά
838 3844 898 3880 τε
931 3827 1083 3892 ἄλλα,
1118 3827 1212 3880 καὶ
1248 3826 1386 3880 ὥστε
1411 3822 1522 3890 οἶός
1567 3844 1626 3880 τε
1665 3822 1793 3880 εἶναι

1933 3828 2173 3893 issimus,
2197 3836 2312 3882 tum
2341 3829 2396 3883 in
2420 3828 2709 3884 scribendo
2733 3836 2944 3884 tantum
2979 3832 3186 3898 valens,
3217 3841 3276 3888 ut
3307 3838 3480 3907 possit

244 3920 424 3974 πείθειν
441 3922 527 3994 (a)
545 3921 670 3985 τοὺς
683 3920 1100 3991 ἐντυγχάνοντας
1111 3918 1431 3992 Θρησκεύειν
1445 3918 1516 3972 τὰ
1538 3919 1793 3992 ἡμέτερα,

1924 3928 2140 3977 .ectores
2174 3935 2325 3985 suos,
2361 3921 2406 3976 si
2442 3936 2551 3976 non
2586 3921 2824 3993 perfecte
2852 3921 3065 3980 edicere
3109 3924 3473 3995 Christianos,

246 4014 286 4065 εί
312 4016 396 4068 καὶ
427 4015 509 4088 μὴ
538 4013 660 4068 λίαν
687 4013 930 4087 ἀκριϐεῖς
958 4010 1062 4066 οἶδε
1099 4015 1289 4066 ποιεῖν.

1931 4021 1983 4067 ta
2011 4020 2191 4067 tamen
2236 4013 2530 4084 impellere,
2560 4020 2618 4067 ut
2642 4022 2827 4068 nostra
2867 4014 3100 4072 libenter
3142 4021 3478 4091 amplectanv

1910 4111 2019 4158 tur.

798 4221 1079 4291 Gregorius
1104 4217 1331 4290 Magnus
1366 4219 1419 4271 in
1451 4218 1674 4286 epistola
1708 4217 1777 4271 ad
1815 4219 2101 4290 Eulogium
2133 4221 2556 4276 Alexandrinum
2586 4223 2907 4289 episcopum.

310 4310 380 4369 Ex
399 4315 741 4372 audientium
765 4329 994 4369 numero
1017 4327 1167 4367 nunc
1195 4312 1376 4367 factus
1404 4326 1550 4376 sum,
1589 4312 1678 4366 cui
1711 4313 2060 4370 sanctissima
2090 4325 2273 4370 vestra
2304 4316 2587 4371 beatitudo
2618 4315 2860 4371 scribere
2894 4319 3128 4385 studuit,
3159 4331 3216 4376 ut
3247 4330 3476 4377 cuncto-

253 4417 352 4461 rum
380 4418 683 4481 martyrum
712 4418 864 4481 gesta
904 4426 1025 4482 quae
1064 4411 1167 4481 piae
1217 4410 1497 4465 memoriae
1542 4409 1890 4466 Constantini
1939 4411 2280 4482 temporibus
2309 4413 2378 4468 ab
2427 4412 2662 4469 Eusebio
2707 4414 3031 4474 Caesariensi
3061 4418 3290 4472 collecta
3322 4426 3473 4481 sunt,

252 4503 602 4558 transmittere
630 4501 946 4557 debeamus.
981 4500 1087 4558 Sed
1103 4499 1215 4557 hate
1229 4516 1406 4572 neque
1433 4501 1481 4557 si
1504 4502 1735 4558 collecta
1766 4518 1874 4557 non
1905 4505 2037 4566 sint.
2070 4522 2248 4577 neque
2276 4507 2322 4562 si
2351 4509 2482 4573 sint,
2514 4515 2640 4562 ante
2668 4519 2863 4565 vestrae
2885 4510 3237 4565 beatitudinis
3266 4509 3474 4578 scripta

253 4592 473 4658 cognovi.
499 4591 622 4661 Ago
654 4605 787 4661 ergo
820 4591 1047 4659 gratias,
1080 4591 1210 4660 quia
1251 4590 1616 4646 sanctissimae
1654 4599 1850 4648 vestrae
1881 4592 2144 4650 doctrinae
2181 4597 2405 4666 scriptis
2439 4597 2711 4659 eruditus.
2748 4600 2891 4670 ccepi
2922 4602 3065 4656 scire
3091 4599 3234 4670 quod
3263 4601 3474 4654 nescie-

252 4674 375 4732 bam.
401 4677 608 4736 Praater
637 4679 728 4733 illa
749 4680 894 4735 enim
927 4695 1049 4749 quae
1079 4681 1134 4733 in
1161 4679 1411 4748 ejusdem
1440 4678 1664 4736 Eusebii
1695 4679 1851 4737 libris
1881 4681 1959 4736 De
1987 4686 2147 4755 gestis
2187 4697 2490 4740 sanctorum
2520 4698 2814 4760 martyrum
2843 4691 3216 4756 continentur,
3247 4691 3394 4746 nulla
3416 4691 3473 4747 in

255 4768 449 4825 archivo
470 4771 640 4841 hujus
666 4779 867 4826 nostrae
899 4771 1177 4837 Ecclesiae,
1207 4774 1292 4828 vel
1339 4773 1394 4827 in
1443 4772 1706 4829 Romanae
1760 4775 1914 4833 urbis
1950 4777 2299 4835 bibliothecis
2343 4795 2466 4836 esse
2496 4783 2748 4853 cognovi,
2777 4785 2880 4839 nisi
2934 4799 3105 4854 pauca
3137 4784 3381 4854 quaedam
3414 4783 3472 4842 in

255 4859 394 4918 unius
417 4865 625 4920 codicis
655 4863 928 4919 volumine
959 4865 1208 4920 collecta.
1262 4881 1264 4883 '

903 4980 1146 5038 Celasius
1177 4983 1468 5055 Cyzicenus
1495 4989 1550 5043 in
1576 4987 1712 5044 libro
1737 4993 1965 5049 secundo
1989 4993 2065 5050 De
2090 4993 2300 5067 synodo
2328 4993 2568 5062 Nicaena,
2600 5012 2716 5064 cap.
2752 4997 2805 5051 1.

325 5087 655 5183 ᾎκοὺσωμεν
685 5094 748 5166 δὴ
786 5097 838 5149 τί
881 5098 1115 5154 ἐνταῦθα.
1145 5100 1296 5170 λέγει
1341 5106 1435 5158 καὶ
1477 5105 1506 5158 ό
1541 5105 1746 5179 ἀροτὴρ
1775 5110 1805 5160 ὁ
1834 5116 1874 5177 Β

1975 5110 2277 5166 Audiamus
2311 5125 2444 5167 sane
2490 5110 2622 5183 quid
2671 5110 2762 5164 hic
2785 5109 2934 5165 dicat
2985 5111 3475 5180 praestantissimus

258 5177 1122 5282 rante'rxﬁg‘sxxlnatantxﬁc
1167 5195 1460 5264 γεωργίας,
1496 5198 1525 5250 ὁ
1565 5177 1792 5271 φιλαλη-

1924 5202 2261 5259 :celesiastici
2300 5201 2454 5257 fundi
2502 5209 2708 5265 arator,
2756 5201 2845 5256 ille
2885 5201 3001 5256 veri
3033 5203 3473 5262 studiosissimus

523 5278 780 5344 Εὐσέὃιος
820 5281 850 5334 ὀ
895 5281 990 5335 τοῦ
1041 5262 1345 5355 τέαμφήμου
1391 5262 1693 5358 Παμφίλου.
1738 5262 1796 5344 "0

1927 5292 2194 5357 Eusebius,
2235 5292 2574 5348 celeberrimi
2607 5289 2876 5360 Pamphili
2927 5301 3288 5362 cognomento
3342 5294 3476 5350 insi-

263 5355 342 5422 μὲν
363 5357 448 5466 δῆν
464 5367 718 5466 Λᾲικίνιος,
748 5371 902 5442 φησι,
923 5374 1022 5444 τὴν
1046 5373 1236 5444 ὁμοίαν
1256 5379 1367 5440 τοῖς
1389 5355 1568 5441 aee—oi;
1593 5381 1792 5453 τυράν-

1925 5385 2042 5451 mis.
2076 5355 2318 5438 Licinius
2346 5382 2588 5454 quidem,
2617 5355 2813 5453 inquit,
2844 5355 3088 5438 eamdem
3117 5399 3282 5455 quam
3311 5400 3474 5458 supe-

374 5459 465 5525 τῆς
492 5459 743 5526 ἀσεϐείας
771 5463 1040 5536 μετελθὼν
1079 5468 1215 5533 ὁδὸν,
1241 5469 1334 5522 ἐπὶ
1354 5470 1444 5525 τὸν
1473 5471 1585 5525 ἴσον
1610 5473 1794 5538 αὐτοῖς

1922 5478 2076 5532 'iores
2133 5477 2214 5531 illi
2266 5478 2410 5532 viam
2473 5475 2769 5545 impietatis
2831 5476 3126 5542 insistens,
3179 5479 3376 5533 merito
3414 5479 3471 5535 in

478 5555 799 5646 acsptqvéxtiq
836 5559 1099 5630 κρημνόν,
1134 5568 1262 5626 etc.,
1304 5578 1424 5632 qua:
1451 5564 1703 5634 leguntur
1743 5535 1794 5621 in

1918 5568 2156 5625 eumdem
2193 5582 2318 5624 cum
2360 5567 2468 5622 illis
2518 5535 2674 5622 exitii
2729 5568 2998 5646 gurgitem
3052 5535 3138 5623 est
3191 5568 3467 5640 delapsus,

265 5624 352 5684 ﬁne
379 5633 494 5694 libri
525 5643 718 5702 decimi
767 5646 1023 5704 Historia:
1071 5651 1463 5710 ecclesiasticae.
1490 5655 1740 5710 Τοσαῦτα
1765 5661 1794 5714 ὁ
1899 5668 2005 5716 etc.
2035 5657 2312 5714 Hactenus
2336 5665 2580 5714 veterum
2624 5624 3014 5715 eccliasiastice
3057 5659 3299 5716 historiae
3314 5624 3467 5716 2an

250 5823 256 5834 λ
323 5745 631 5824 (⁸),Πειθειν
659 5765 820 5834 τούς.
863 5767 955 5826 Sic
983 5772 1289 5832 mutatione
1310 5775 1722 5834 emendavimus
1750 5794 1799 5849 ῳ

1951 5778 2250 5864 iriustnale
2280 5778 2716 5864 legebaturrobg
2756 5779 2986 5837 πείθεινι
3033 5777 3194 5839 Eutr.
3223 5778 3396 5834 Pan.
3460 5745 3472 5746 γ
3495 5804 3500 5823 ·ι
