3924 6266
392 812 397 817 ’
459 813 648 868 sticam
699 811 978 865 historiam
1031 810 1217 864 decem
1278 807 1502 863 omnino
1569 805 1722 859 libris
1773 812 2026 859 accurate

455 332 526 387 79
1419 322 1756 381 VETERUM
1797 319 2214 378 TESTIMONIA
2250 318 2388 374 PRO
2426 317 2736 375 EUSEBIO.
3646 316 3726 372 80

456 458 672 520 ptorum
724 445 827 501 ﬁde
873 445 1228 516 dignissimus
1276 441 1544 496 Eusebius
1608 441 1897 511 Pamphili,
1927 439 2020 510 qui

2140 437 2230 491 τῶν
2253 436 2491 509 ἀρχαίων
2517 436 2976 507 ὲκκλησιαστικῶν
3008 436 3363 506 συγγραφέων
3385 436 3730 500 ἀξιοπιστό-

458 536 874 610 quamplurimis
909 541 1205 605 martyrum
1255 532 1649 588 certaminibus
1702 530 2025 600 conquisitis

2140 550 2285 596 εατος
2330 531 2585 595 Εὐσέϐιος
2628 533 2656 584 ὁ
2705 531 2798 585 τοῦ
2845 532 3152 603 Παμφίλου,
3210 529 3495 594 πλείστους
3538 532 3730 593 ὅσους

460 639 624 701 atque
650 628 1010 699 investigatis,
1039 642 1105 681 ex
1138 625 1205 679 iis
1234 641 1355 696 quae
1381 624 1614 695 simplici
1643 640 1707 680 ac
1730 624 1852 678 rudi
1883 623 2024 694 stylo

2140 624 2342 693 Ξγῶνας
2372 624 2593 695 θέμενος
2623 624 2717 678 καὶ
2742 624 3239 695 διερευνησάμενος,
3281 623 3346 676 ὲκ
3369 622 3478 676 τῶν
3510 622 3731 685 ἁπλῶς

461 725 666 793 scripta
694 722 908 776 fuerant
953 720 1156 791 eligens
1192 730 1354 791 atque
1400 732 1719 787 excerpens,
1758 715 2022 770 Ecclesia-

2140 717 2357 789 ἑχόντων
2386 717 2482 787 τὴν
2523 715 2786 786 ἀναλογὴν
2836 717 3216 787 ποιησάμενος,
3257 716 3315 768 ὲν
3346 715 3476 769 δέκα
3512 715 3731 786 τὸμοις

2126 809 2266 871 ὅλοις
2288 808 2356 861 τὰ
2369 811 2466 881 τῆς
2482 807 3018 876 Ἑκκλησιαστικῆς
3029 808 3162 880 ἡμῖν
3175 812 3436 880 ἱστορίας
3452 806 3731 878 ἀκριϐῶς

2127 901 2548 955 καταλέλοιπεν·
2590 899 2890 970 ἀρξάμενος
2928 900 3024 968 μὲν
3065 898 3174 952 ἀπὸ
3213 898 3313 968 τῆς
3354 898 3448 952 τοῦ
3490 899 3728 968 Κυρίου

2128 993 2448 1065 παρουσίας,
2477 990 2767 1063 πληρώσας
2793 990 2847 1044 δὲ
2873 992 2951 1054 εἰς
2977 990 3162 1044 τούσδε
3196 991 3322 1055 τοὺς
3345 991 3579 1063 χρόνους
3612 991 3729 1044 οὐκ

2126 1086 2364 1150 ἀπόνωςο
2399 1085 2517 1147 πῶς
2547 1085 2655 1155 γὰρ
2679 1080 2792 1137 οἶόν
2819 1099 2878 1135 τε
2909 1077 2975 1153 ἦν
3004 1083 3268 1155 τοσαύτην
3303 1082 3730 1154 ἀναδεξάμενον

2129 1175 2382 1246 φροντίδα
2411 1174 2504 1227 τοῦ
2531 1171 2897 1226 διασώσασθαι
2922 1172 3020 1242 τῆς
3060 1172 3283 1235 τοιᾶσδε,
3303 1172 3570 1245 συλλογῆς
3616 1171 3729 1242 τὴν

459 900 824 971 conscriptam
883 899 1039 952 nobis
1077 898 1318 967 reliquit,
1369 897 1633 965 incipiens
1688 894 1923 965 quidem.
1955 894 2024 947 ab

461 995 694 1049 adventu
727 990 961 1053 Domini,
1003 1005 1327 1061 progressus
1375 1002 1500 1043 vero
1550 987 1616 1042 ad
1660 1001 1723 1041 ea
1766 1001 1885 1056 quae
1913 986 2024 1040 dixi

460 1091 731 1155 tempora,
762 1099 871 1137 non
901 1083 1017 1136 sine
1067 1081 1270 1150 ingenti
1317 1080 1522 1134 labore.
1570 1077 1852 1144 Quomodo
1882 1077 2025 1131 enim

461 1180 617 1237 aliter
645 1178 760 1233 ﬁeri
793 1176 968 1248 potuit
994 1175 1063 1229 ab
1092 1188 1179 1237 eo,
1211 1173 1303 1243 qui
1349 1179 1556 1227 tantam
1606 1185 1792 1225 curam
1839 1185 2027 1225 susce—

461 1274 562 1345 pit,
611 1278 672 1326 ut
719 1267 1032 1339 hujusmodi
1086 1265 1424 1320 collectionis
1473 1263 1810 1317 harmoniam
1866 1261 2026 1316 nobis

463 1369 813 1420 conservaret
828 1360 851 1408 Ἰ
895 1360 1005 1414 imo
1046 1373 1177 1412 vero
1203 1371 1496 1419 summum,
1518 1355 1731 1418 utdixi,
1765 1354 2024 1420 studium,

462 1463 517 1512 et
537 1454 906 1511 incredibilem
937 1449 1141 1505 laboris
1172 1448 1382 1516 cepiam
1406 1447 1473 1501 ad
1503 1445 1557 1500 id
1586 1448 1834 1501 contulit.
1860 1445 2028 1501 Nemo

462 1561 626 1618 porro
653 1544 925 1600 existimet
961 1556 1027 1596 ex
1055 1539 1122 1595 iis
1153 1552 1273 1607 qua:
1319 1536 1386 1592 de
1415 1537 1508 1591 illo
1546 1538 2024 1600 circumferuntur,

464 1640 640 1693 virum
666 1637 811 1690 hunc
843 1635 899 1688 in
928 1632 1042 1686 Arii
1087 1629 1417 1700 impietatem
1453 1643 1691 1697 unquam
1721 1628 2028 1683 concessis-

466 1747 525 1786 se
559 1749 573 1785 :
611 1729 708 1785 sed
741 1727 947 1789 credat,
980 1723 1027 1778 si
1077 1720 1345 1791 quaepiam
1387 1720 1613 1790 protulit
1653 1728 1748 1773 aut
1781 1720 2022 1790 scripsit,

2129 1266 2427 1339 ἁρμονίαν;
2466 1266 2580 1319 ἀλλ’
2616 1265 2690 1329 ὡς
2720 1265 2920 1337 ἀρτίως
2959 1264 3112 1335 ἔφην,
3155 1264 3352 1338 πολλὴν
3382 1266 3726 1334 εἰσενεγκά-

2132 1375 2291 1428 μενος
2316 1357 2414 1429 τὴν
2439 1357 2673 1429 σπουδὴν
2701 1358 2795 1410 καὶ
2829 1356 3054 1409 πλοῦτον
3083 1357 3284 1424 ἄφατον
3313 1357 3495 1411 πόνου.
3542 1355 3726 1410 Ἀλλὰ

2131 1450 2319 1521 μηδεὶς
2333 1449 2527 1502 οἰέσθω
2551 1450 2640 1502 τὸν
2668 1449 2833 1521 ἄνδρα
2858 1449 2921 1502 ἐκ
2940 1447 3047 1502 τῶν
3075 1451 3197 1521 περὶ
3228 1451 3389 1504 αὐτοῦ
3422 1453 3726 1522 ἐπιπεφη-

2132 1542 2427 1613 μισμένων,
2473 1541 2548 1605 ὡς
2586 1543 2683 1614 τῆς
2720 1543 2925 1614 Ἀρείου
2968 1541 3309 1614 βλασφημίας
3336 1545 3463 1598 ποτέ
3488 1536 3552 1597 τι
3611 1562 3725 1596 πε·-

2130 1632 2388 1704 φρονήκει
2408 1649 2421 1662 ·
2451 1632 2585 1686 ἀλλὰ
2602 1634 2894 1699 πεπείσθω,
2918 1636 3055 1698 ὼςεί
3082 1636 3175 1690 καί
3201 1637 3300 1689 τιν’
3326 1635 3391 1689 ἂν
3412 1635 3726 1709 ἐλάλησεν,

2130 1724 2163 1795 ἢ
2195 1722 2399 1796 ἔγραψε
2432 1723 2623 1795 μικρόν
2651 1742 2702 1777 τι
2735 1724 2801 1778 τὰ
2839 1726 3044 1798 Ἀρείου
3079 1726 3467 1798 ὑπονοούμενα,
3494 1728 3559 1781 οὐ
3601 1730 3725 1799 μὴν

462 1824 580 1878 Arii
613 1823 809 1893 dogma
839 1818 1108 1873 tantillum
1140 1815 1466 1877 subolenlia,
1502 1828 1563 1868 ea
1602 1828 1712 1866 non
1742 1828 1805 1867 ex
1857 1786 2023 1882 impio

2140 1786 2277 1869 έατᾶ
2297 1786 2394 1888 την
2426 1786 2597 1887 ασεϐἧ
2640 1819 2843 1872 ἐκείνου
2875 1786 3099 1882 ἔννοιαν,
3128 1819 3241 1872 ἀλλ’
3281 1786 3339 1887 ἐξ
3369 1786 3722 1893 ἀπεριέργου

465 1915 612 1970 illius
648 1930 812 1970 sensu
848 1910 1141 1982 protulisse
1173 1921 1413 1977 unquam
1452 1912 1545 1958 aut
1581 1902 1893 1973 scripsisse,
1926 1902 2023 1957 sed

463 2021 530 2061 ex
559 2004 743 2059 minus
774 2002 992 2057 curiosa
1023 2013 1324 2071 parumque
1368 1995 1603 2050 sollicita
1653 1993 2022 2065 simplicitate,

468 2105 527 2150 ut
560 2097 676 2165 ipse
719 2095 773 2148 in
809 2094 948 2147 libro
992 2090 1323 2164 Apologetico
1364 2104 1522 2159 quem
1574 2085 1642 2141 ad
1689 2085 2026 2143 orthodoxos

465 2202 656 2243 omnes
678 2186 964 2255 episcopos
999 2182 1180 2248 misit,
1218 2182 1431 2253 plenius
1463 2177 1803 2251 approbavit.

2132 1905 2451 1977 ἁπλότητος,
2480 1906 2659 1970 καθὼς
2703 1909 2796 1960 καὶ
2838 1909 2997 1972 αὐτὸς
3034 1910 3089 1962 ὲν
3134 1908 3212 1979 τῷ
3252 1909 3719 1980 Ἀπολογητικῷ,

2133 1989 2177 2065 ᾧ
2198 1998 2530 2070 διεπέμψατο
2560 1999 2692 2071 πρὸς
2722 2000 2782 2052 τὸ
2812 1999 2917 2053 τῶν
2940 2000 3230 2071 ὀρθοδόξων
3255 2002 3568 2056 ἐπισκόπων
3593 2018 3724 2058 κοι-

2134 2090 2243 2155 νὸν,
2272 2090 2683 2162 μαρτυράμενος
2713 2089 2883 2145 ταῦτα
2909 2091 3333 2165 ὲπληροφόρησε.

1502 2316 1701 2370 Auctor
1733 2314 1989 2371 Chronici
2017 2312 2388 2377 Alexandrini,
2417 2328 2538 2385 pag.
2572 2313 2695 2368 582.

456 2486 457 2489 η
535 2453 805 2509 Eusebius
830 2467 961 2507 vero
985 2449 1252 2520 Pamphili
1300 2459 1354 2503 et
1398 2449 1516 2518 ipse
1567 2447 2028 2517 prudentissimus

466 2545 699 2614 scriptor
725 2545 778 2597 in
820 2544 964 2597 hunc
1020 2541 1239 2595 modum
1276 2547 1464 2595 narrat
1501 2538 1812 2605 :Quoniam
1855 2537 2025 2593 Judaei

466 2632 745 2689 Christum
795 2633 882 2688 die
938 2632 1075 2687 festo
1127 2631 1182 2684 in
1231 2645 1449 2685 crucem
1495 2635 1752 2700 egerunt,
1787 2629 2024 2684 vicissim

470 2724 574 2795 ipsi
599 2723 787 2780 eodem
813 2724 899 2777 die
919 2721 1144 2793 periere.

2215 2445 2273 2499 '0
2315 2446 2372 2499 δὲ
2410 2445 2715 2516 σοφώτατος
2750 2446 3003 2510 Εὐσέϐιος
3040 2449 3069 2500 ὁ
3108 2447 3392 2518 Παμφίλου
3441 2451 3719 2523 συνεγρά-

2132 2537 2270 2609 ψατο
2297 2538 2468 2602 οὓτως
2488 2556 2500 2569 ·
2528 2539 2648 2591 Ὅτι
2678 2540 2734 2592 ὲν
2762 2541 2827 2609 τῇ
2861 2540 3019 2609 ἑορτῇ
3050 2539 3141 2592 τὸν
3174 2539 3407 2611 Χριστὸν
3430 2540 3722 2614 ἐσταύρω-

2134 2646 2232 2684 σαν
2281 2631 2328 2682 οἱ
2374 2629 2630 2695 Ἰουδαῖοι,
2676 2630 2733 2681 ὲν
2774 2630 2838 2700 τῇ
2887 2628 3062 2682 αὐτῶν
3125 2631 3282 2701 ἑορτῇ
3333 2630 3536 2694 πάντες
3600 2634 3718 2686 ἀπ·-

2126 2721 2342 2776 ὤλοντο.

1458 2856 1786 2928 Nicephorus
1815 2857 1869 2911 in
1898 2855 2032 2911 libro
2060 2873 2115 2912 τι
2164 2857 2437 2927 Historiae,
2472 2876 2592 2931 cap.
2617 2860 2705 2919 57.

538 2996 738 3053 Eodem
768 3003 1031 3067 tempore,
1055 2995 1529 3063 eruditionejuxta
1557 3002 1610 3050 et
1633 2995 1756 3050 vitae
1781 2996 2031 3051 instituto

2219 3000 2338 3080 Ἐφ’.
2358 2992 2418 3053 οὗ
2443 3000 2584 3070 λόγῳ
2615 3000 2709 3054 καὶ
2739 2997 3008 3073 φιλοσόφῳ
3046 2997 3145 3070 βίῳ
3183 2998 3469 3063 διαζῶντα,
3495 3000 3593 3053 καὶ
3614 3000 3717 3054 τοῦ

468 3087 851 3159 philosophum
894 3085 1288 3151 Christianum,
1320 3094 1374 3139 et
1423 3085 1726 3156 presbyteri
1768 3085 2032 3156 dignitate

2140 3092 2321 3147 αὐτόθι
2378 3092 2666 3164 πρεσϐείου
2718 3090 3038 3162 ἠξιωμένον,
3092 3090 3180 3144 τὸν
3237 3090 3377 3144 θεῖον
3424 3091 3719 3162 Πάμφιλον

470 3187 710 3244 auctum,
741 3178 982 3235 divinum
1011 3176 1352 3248 Pamphilum
1381 3176 1629 3233 ﬂoruisse
1671 3178 1895 3234 scimus.
1927 3178 2037 3233 Cn-

464 3272 556 3341 jus
580 3275 745 3327 vitam
772 3278 827 3327 et
855 3278 1012 3327 actus
1039 3286 1250 3334 omnes,
1282 3270 1549 3324 celebrem
1575 3270 1740 3326 etiam
1770 3286 1932 3341 quam
1961 3271 2036 3325 ibi

467 3365 707 3421 instituit
743 3362 986 3434 profana:
1026 3362 1332 3433 divinaeque
1378 3361 1734 3432 philosophiae
1769 3362 2033 3428 scholam,

468 3467 730 3526 praeterea
781 3462 1124 3509 constantem
1206 3454 1262 3509 in
1327 3453 1493 3508 variis
1562 3453 2038 3524 persecutionibus

470 3547 896 3610 confessionem,
928 3551 981 3599 et
1016 3546 1314 3600 certamina
1344 3544 1731 3615 egregiumque
1756 3561 1854 3615 pro
1880 3545 2049 3630 ϐίη-ἰ-⁸

471 3639 544 3695 sti
570 3637 790 3694 nomine
818 3638 1161 3709 martyrium,
1185 3635 1456 3694 Eusebius
1482 3639 1691 3699 sororis,
1715 3638 1835 3706 ejus
1871 3638 2034 3701 ﬁlius,

470 3729 758 3801 eidemque
800 3729 939 3785 adeo
975 3730 1180 3787 charus
1206 3737 1268 3783 ut
1289 3729 1359 3783 ab
1383 3744 1451 3784 eo
1474 3743 1776 3799 cognomen
1807 3743 2037 3798 accepe-

468 3820 566 3885 rit,
602 3818 864 3889 peculiari
913 3819 1120 3887 scripto
1167 3818 1390 3887 copiose
1426 3824 1511 3872 est
1562 3823 1891 3885 prosecutus
1924 3832 1937 3867 :
1971 3815 2040 3869 ad

470 3928 634 3985 quem
665 3927 762 3969 eos
781 3911 875 3981 qui
907 3909 1220 3966 accuratius
1246 3909 1362 3965 haec
1384 3922 1720 3978 cognoscere
1745 3906 2037 3972 voluerint,

469 4001 776 4073 rejicimus.
828 3999 1098 4055 Eusebius
1144 3998 1247 4055 iste
1291 3996 1598 4067 disciplinis
1626 3996 1880 4053 omnibus
1914 4009 2042 4066 per-

472 4094 669 4163 ceptis,
704 4106 983 4149 sacrarum
1028 4091 1261 4146 maxime
1291 4090 1594 4145 litterarum
1649 4088 1875 4144 scientia
1923 4087 2041 4144 eni-

472 4186 602 4249 tuit,
635 4193 689 4239 et
716 4183 784 4239 ad
812 4183 1117 4240 Constantii
1153 4197 1328 4254 usque
1357 4189 1603 4252 tempora
1635 4180 1787 4237 vixit.
1820 4180 1887 4235 Et
1916 4195 2041 4237 cum

473 4276 800 4335 Christiana:
828 4274 1190 4347 professionis
1217 4273 1660 4331 studiosissimus
1689 4282 1854 4337 esset,
1887 4288 2043 4345 egre-

472 4369 727 4442 giamque
749 4382 850 4438 pro
877 4366 1082 4421 Christi
1116 4367 1324 4424 honore
1355 4366 1753 4422 aemulationem
1781 4365 2037 4437 spiraret,

2138 3183 2409 3256 ἔγνωμεν·
2449 3178 2510 3238 οὗ
2533 3183 2622 3237 τὸν
2657 3183 2771 3254 βίον
2799 3185 2891 3236 καὶ
2926 3182 2998 3235 τὰ
3030 3183 3149 3236 καθ’
3174 3183 3400 3237 ἕκαστον
3426 3183 3576 3253 αὐτῷ
3610 3201 3718 3237 πε-

2138 3276 2445 3348 πραγμένα,
2487 3276 2566 3330 ἔτι
2604 3276 2660 3329 δὲ
2705 3277 2798 3329 καὶ
2848 3276 2975 3346 περὶ⁵
3014 3271 3081 3347 ἦς
3128 3277 3487 3347 συνεστήσατο
3532 3277 3717 3329 ἐκεῖσε

2136 3368 2308 3438 λόγων
2340 3368 2499 3422 θείων
2534 3369 2627 3422 καὶ
2662 3367 2963 3437 φιλοσόφων
2999 3366 3301 3438 διατριϐῆς,
3330 3367 3463 3437 πρὸς
3498 3366 3563 3437 δὴ
3588 3366 3721 3420 τού-

2136 3476 2250 3522 τοις
2291 3459 2385 3512 καὶ
2440 3459 2540 3528 τὴν
2592 3459 2730 3529 ὑπὲρ
2778 3457 3056 3520 εὐσεϐείας
3106 3457 3296 3510 τούτου
3341 3460 3397 3511 ἐν
3435 3458 3722 3531 διαφόροις

2137 3551 2393 3621 διωγμοῖς
2425 3549 2738 3620 ὁμολογίαν·
2776 3549 2901 3613 τούς
2948 3567 3006 3603 τε
3051 3548 3269 3619 ἀγῶνας
3311 3550 3493 3613 αὐτοῦ,
3528 3551 3623 3604 καὶ
3652 3550 3721 3603 τὸ

2138 3642 2443 3696 τελευταῖον
2479 3642 2554 3706 ὡς
2586 3641 2675 3695 τὸν
2715 3642 2808 3695 τοῦ
2844 3642 3138 3714 μαρτυρίου
3182 3643 3474 3714 ἀνεδήσατο
3509 3643 3718 3711 στέφα-

2139 3749 2248 3796 νον,
2302 3731 2560 3796 Εὐσέϐιος
2605 3733 2633 3784 ὁ
2677 3731 2864 3785 τούτου
2923 3732 3254 3801 ἀδελφιδοῦς,
3310 3733 3403 3786 καὶ
3460 3731 3717 3785 τοσοῦτον

2141 3819 2332 3889 ἐκείνῳ
2364 3818 2701 3889 φιλούμενος,
2742 3820 2818 3885 ὡς
2855 3823 2950 3876 καὶ
2986 3822 3084 3894 τὴν
3122 3821 3328 3875 ἐκείνου
3368 3822 3559 3893 κλῆσιν
3588 3822 3716 3875 ἐπί-

2143 3910 2293 3965 θετον
2315 3911 2480 3980 σχεῖν,
2510 3913 2589 3974 εἰς
2607 3910 2799 3964 λεπτὸν
2818 3913 2876 3966 ὲν
2904 3912 3017 3984 ἰδίῳ
3039 3913 3373 3985 συντάγματι
3398 3914 3715 3986 περιέλαϐε·

2143 4001 2236 4055 καὶ
2272 4004 2396 4066 τοὺς
2440 4002 2680 4076 ἀκριϐῶς
2721 4003 3073 4076 βουλομένους
3118 4005 3186 4059 τὰ
3234 4007 3441 4060 ἐκείνου
3492 4007 3717 4069 εἷδέναι,

2143 4091 2289 4163 αὐτῷ
2315 4093 2772 4165 παραπέμπομεν.
2805 4096 2900 4159 ’⁸ος
2924 4096 3054 4166 δῆτα
3088 4097 3344 4161 Εὐσέϐιος
3373 4098 3461 4151 διὰ
3497 4100 3717 4154 πάντων

2142 4180 2331 4248 ἐλθὼν,
2369 4183 2598 4255 μάλιστα
2629 4188 2694 4256 τῇ
2740 4185 2962 4257 περὶτὰ
2992 4186 3108 4240 θεῖα
3149 4189 3350 4259 σπουδῇ
3392 4191 3713 4261 ὲνακμάζει.

2147 4274 2308 4346 ’Ἄχρι
2336 4274 2393 4328 δὲ
2428 4276 2521 4330 καὶ
2550 4277 2925 4331 Κωνσταντίου
2954 4277 3046 4331 τὸν
3076 4280 3173 4350 τῆς
3202 4280 3347 4350 ζωῆς
3381 4282 3715 4352 παρείλκυσε

2145 4366 2351 4437 χρόνον.
2384 4367 2708 4439 Χριστιανὸς
2739 4369 2798 4422 δὲ
2819 4369 2888 4422 τὰ
2914 4368 3145 4440 μαλιστα
3181 4370 3277 4436 ὣν,
3311 4372 3403 4426 καὶ
3431 4373 3597 4427 πολὺν
3625 4375 3716 4427 τὸν

471 4459 783 4534 quindecim
811 4459 972 4515 tomis
990 4457 1359 4529 Evangelicam
1387 4458 1846 4527 prazparationem,
1867 4463 1921 4512 et
1948 4455 2035 4511 de-

2148 4454 2308 4525 ζῆλον
2341 4455 2481 4528 ὑπὲρ
2506 4456 2741 4529 Χριστοῦ
2769 4458 2965 4522 πνέων,
2995 4460 3053 4512 ὲν
3095 4459 3389 4513 δεκαπέντε
3412 4460 3597 4532 τόμοις
3616 4462 3717 4533 τὴν

472 4569 593 4610 cem
624 4553 746 4610 aliis
777 4552 1149 4624 Erangelicam
1200 4551 1703 4606 demonstrationem
1757 4557 1842 4606 est
1886 4565 2040 4605 com-

473 4646 685 4720 plexus;
716 4644 782 4699 Et
808 4644 1019 4715 primus
1050 4642 1165 4713 ipse
1192 4657 1411 4697 manum
1443 4641 1697 4714 praesenti
1723 4647 2043 4718 argumento

474 4737 732 4801 admovit,
750 4736 1068 4808 primusque
1096 4734 1265 4789 libros
1296 4749 1391 4790 eos
1420 4733 1854 4788 Ecclesiasticam
1878 4731 2044 4797 histo-

473 4831 612 4884 riam
639 4828 949 4899 appellavit,
984 4827 1282 4897 decemque
1302 4840 1423 4881 eam
1469 4827 1634 4881 tomis
1665 4823 1918 4881 absolvit.
1946 4823 2045 4877 Est

476 4925 530 4974 et
568 4918 715 4973 aliud
752 4917 871 4988 ejus
915 4918 1192 4981 volumen,
1241 4917 1297 4971 in
1333 4932 1441 4986 quo
1486 4923 1793 4986 temporum
1841 4923 2044 4969 certam

478 5020 896 5081 accuratamque
918 5011 1184 5065 rationem
1222 5008 1473 5080 digessit,
1507 5016 1561 5063 et
1577 5023 1737 5076 quem
1776 5004 2045 5059 Canonem

478 5101 786 5169 appellavit.
820 5099 1052 5171 Scripsit
1081 5114 1299 5170 quoque
1332 5098 1407 5152 De
1460 5096 1801 5154 Constantini
1838 5100 1946 5155 vita
1978 5096 2044 5149 li-

478 5194 608 5251 bros
638 5196 900 5267 quinque.
950 5195 1133 5251 Edidit
1164 5203 1220 5250 et
1254 5193 1418 5248 alium
1464 5192 1535 5247 ad
1581 5192 1831 5248 eumdem
1879 5205 2044 5261 quem

482 5284 840 5342 Triconnalcm
870 5289 1167 5360 inscripsit.
1200 5288 1281 5342 Ad
1327 5286 1661 5357 Stephanum
1689 5286 1820 5340 item
1855 5284 2042 5349 alium,

479 5375 548 5431 de
568 5375 640 5433 iis
663 5392 785 5447 qua
816 5382 871 5434 in
912 5378 1221 5450 Evangeliis
1256 5380 1314 5433 in
1340 5378 1566 5433 dubium
1600 5392 1697 5433 seu
1719 5375 2047 5446 disputatio-

481 5484 607 5524 nem
633 5475 916 5524 vocantur.
958 5468 1062 5525 Sed
1103 5478 1158 5526 et
1201 5471 1307 5525 alia
1361 5469 1511 5524 varia
1549 5467 1774 5538 reliquit
1823 5467 2045 5535 scripta,

479 5574 604 5629 qua:
656 5558 884 5614 multum
932 5558 1190 5616 Ecclesia:
1248 5559 1484 5615 all‘erunt
1521 5558 1797 5614 utilitatis.
1845 5555 2047 5612 Verum

481 5651 760 5705 enimvero
782 5650 999 5706 etiamsi
1028 5652 1154 5705 talis
1187 5651 1351 5707 fuerit
1369 5692 1384 5718 ,
1413 5652 1469 5707 in
1498 5649 1687 5706 multis
1720 5655 1908 5705 tamen
1947 5663 2045 5719 ap-

486 5748 657 5809 paret,
682 5757 813 5817 eum
834 5740 951 5797 Arii
980 5742 1305 5801 sententiam
1331 5741 1739 5813 comprobasse,
1762 5747 1870 5796 etc.
1892 5813 1899 5820 _

2094 4572 2097 4573 ν
2144 4538 2556 4615 Εὐαγγελικὴν
2598 4546 2902 4619 συγγράφει
2949 4548 3483 4618 προπαρασκευὴν,
3522 4547 3621 4603 καὶ
3658 4550 3717 4602 ἐν

2142 4637 2273 4692 δέκα
2301 4638 2459 4692 πάλιν
2498 4638 2597 4711 τὴν
2626 4641 3041 4711 Εὐαγγελικὴν
3069 4642 3395 4706 ἀπόδειξιν.
3430 4642 3537 4699 Καὶ
3568 4640 3721 4713 πρῶ-

2142 4748 2234 4794 τος
2259 4722 2413 4795 οὗτος
2453 4733 2520 4803 τῇ
2566 4733 2704 4804 μετὰ
2734 4737 2921 4807 χεῖρας
2963 4735 3213 4788 ὑποθέσει
3263 4733 3545 4798 ἐπέϐαλεν,
3590 4735 3717 4791 Ἐκ-

2145 4823 2590 4893 κλησιαστικὴν
2626 4827 2896 4893 ἱστορίαν
2928 4827 3142 4899 πρῶτος
3187 4826 3458 4898 ὀνομάσας
3493 4826 3592 4898 τὴν
3632 4826 3717 4896 βί-

2146 4912 2269 4967 ϐλον
2288 4930 2302 4946 ·
2325 4913 2458 4969 δέκα
2484 4915 2529 4967 δ’
2554 4917 2612 4968 ὲν
2634 4915 2821 4986 τὸμοις
2853 4916 3009 4970 τοῦτο
3039 4919 3099 4971 τὸ
3125 4917 3407 4987 σύνταγμα
3436 4918 3717 4989 περικλεί-

2145 5020 2281 5057 εται.
2312 5004 2420 5057 Καὶ
2456 5004 2587 5076 ἄλλη
2630 5005 2687 5059 δὲ
2734 5004 2897 5059 αὐτοῦ
2939 5005 3115 5075 βίϐλος
3152 5007 3466 5077 ἐμφέρεται,
3503 5009 3571 5077 ἢν
3599 5012 3717 5062 Κα-

2145 5096 2296 5149 νόνα
2324 5096 2625 5168 ἐπέγραψε,
2655 5095 2755 5161 τὰς
2793 5098 2901 5151 τῶν
2936 5099 3141 5171 χρόνων
3180 5097 3549 5170 ἀκριϐουμένη
3583 5114 3718 5172 γρα-

2149 5186 2272 5254 φάς.
2289 5190 2395 5243 Καὶ
2412 5190 2504 5251 Εἰς
2520 5183 2788 5249 τὸνβιον
2799 5185 2856 5239 δὲ
2867 5191 3325 5243 Κωνσταντίνου
3341 5190 3501 5244 πέντε
3528 5190 3718 5258 λόγους

2146 5277 2403 5343 ἐξέδωκε·
2442 5278 2535 5331 καὶ
2570 5278 2753 5350 ἕτερον
2793 5279 2851 5331 δὲ
2888 5281 3023 5351 πρὸς
3059 5280 3239 5346 αὐτὸν,
3270 5279 3328 5334 ὃν
3375 5284 3719 5347 Τριακοντα-

2146 5370 2420 5438 ετηρικὸν
2449 5370 2740 5440 ἐπιγράφει
2758 5387 2769 5400 ·
2801 5372 2893 5424 καὶ
2929 5372 3184 5443 Στεφάνῳ
3214 5372 3342 5444 περὶ
3372 5373 3484 5427 τῶν
3516 5374 3575 5427 ὲν
3606 5378 3718 5440 τοῖς

2149 5461 2315 5532 ἱεροῖς
2361 5460 2710 5530 Εὐαγγελίοις
2741 5461 3126 5533 ἀπορουμένων
3165 5463 3351 5534 ἕτερον
3397 5464 3714 5534 ἀνατίθησι·

2147 5553 2240 5609 καὶ
2265 5551 2400 5609 ἄλλα
2425 5553 2655 5624 διάφορα
2684 5555 3085 5626 συγγράμματα
3110 5556 3485 5623 καταλέλοιπε,
3518 5556 3717 5629 πολλὴν

2146 5644 2331 5714 ὄνησιν
2370 5650 2436 5718 τῇ
2472 5646 2765 5719 Ἐκκλησία
2799 5648 3137 5719 εἰσφέροντα.
3177 5648 3323 5719 Πλὴν
3346 5649 3589 5714 τοιοῦτος
3619 5650 3715 5716 ὢν,

2148 5737 2204 5791 ὲν
2232 5738 2444 5806 πολλοῖς
2469 5740 2713 5811 φαίνεται
2743 5739 2811 5796 τὰ
2852 5741 3057 5813 Ἀρείου
3085 5741 3418 5814 πρεσϐεύων,
3448 5760 3503 5801 κ.
3528 5743 3618 5797 τ.)
3644 5794 3647 5799 ⁴
