3924 6266
1181 476 1539 542 [VETERUM
1578 479 1994 537 TESTIMONIA
2030 483 2169 541 PRO
2201 485 2510 544 EUSEBIO.
3320 561 3328 569 ‘
3413 483 3482 537 33

1198 573 1282 626 Ex
1305 575 1451 629 Actis
1488 579 1860 646 manuscriptis
1895 581 2065 634 sancti
2091 580 2331 638 Silvestri
2360 600 2527 655 papw.

299 717 557 783 Εὖσέδιος
581 722 610 773 ὁ
635 720 944 793 Παμφίλου,
971 726 1069 797 τὴν
1107 727 1648 801 Ἐκκ.1ησιιιστικὴν
1688 749 1812 803 συγ-

1987 731 2472 802 Historiographus
2493 737 2679 784 noster
2707 718 2975 784 Eusebius
3003 725 3356 785 Caesariensis
3383 728 3477 784 Pa-

236 811 466 879 γράφων
503 811 821 882 Ἱστορίαν,
842 817 1106 888 παρέλιπε
1129 821 1255 892 περὶ
1287 824 1514 877 ἑκάστου
1546 825 1715 880 ταῦτα
1737 829 1815 880 εἰ·

239 902 387 965 πεῖν,
401 902 534 973 ειπερ
545 905 601 955 ἐν
618 903 801 969 ἄλλοις
820 908 1185 977 συντάγμασιν
1199 910 1450 980 ἔφρασενσ
1467 916 1813 990 ἐνέθεικεν(α)

245 991 358 1063 γὰρ
388 993 569 1049 ἕνδεκα
593 996 777 1065 λόγοις
797 999 868 1052 τὰ
892 1000 1187 1072 παθήματα
1219 1005 1398 1075 σχεδὸν
1417 1006 1524 1061 τῶν
1544 1010 1599 1061 ὲν
1618 1011 1814 1073 πάσαις

247 1087 368 1148 ταῖς
396 1087 672 1158 ἐπαρχίαις
712 1090 1066 1164 ἀθλησάντων
1118 1097 1407 1169 μαρτύρων
1456 1101 1550 1154 καὶ
1596 1102 1813 1156 ἐπισκό-

252 1195 389 1239 πων,
432 1180 519 1231 καὶ
553 1181 930 1255 ὁμολογητῶν·
974 1188 1034 1240 οὐ
1083 1188 1187 1260 μὴν
1229 1190 1364 1245 ἀλλὰ
1408 1193 1678 1260 γυναικῶν
1720 1196 1815 1248 καὶ

251 1268 540 1339 παρθένων,
564 1272 683 1326 ὅσαι
711 1277 942 1349 ἀνδρείῳ
981 1282 1284 1352 φρονήματι
1311 1282 1399 1336 διὰ
1424 1283 1515 1337 τὸν
1534 1283 1814 1356 Δεσπότην

250 1361 566 1430 ἠγωνίσαντο
607 1366 866 1438 Χριστὸν,
909 1372 1271 1444 ἀνεγράψατο.
1305 1376 1415 1428 Καὶ
1458 1367 1610 1439 οὗτος
1655 1377 1817 1447 μόνος

253 1451 360 1504 τῶν
398 1454 698 1512 ἐπισκόπων
736 1460 844 1513 ἀπὸ
876 1461 968 1515 τοῦ
1009 1464 1304 1518 ἀποστόλου
1328 1467 1558 1538 Πέτρου,
1585 1469 1678 1521 καὶ
1707 1486 1810 1523 κα-

251 1542 422 1613 θεξῆς,
454 1545 517 1599 τὰ
555 1548 851 1622 παθήματα
889 1553 1028 1607 κατὰ
1061 1555 1212 1620 τάξιν
1249 1557 1567 1630 ἐξηγήσατο.
1596 1561 1812 1615 Τούτων

247 1630 302 1685 δὲ
328 1635 435 1688 τῶν
464 1638 662 1693 πόλεων
687 1643 781 1695 καὶ
801 1644 1168 1700 ἀποπολικῶν
1195 1648 1397 1720 θρόνων
1423 1651 1521 1722 τὴν
1546 1652 1815 1723 ἀρχιερω-

250 1726 409 1796 σύνην
433 1730 795 1800 ἐπεσπάσατο,
818 1737 1062 1790 τουτέστι
1092 1739 1190 1810 τῆς
1214 1740 1451 1811 μεγάλης
1475 1742 1583 1797 τῶν
1605 1742 1811 1797 πόλεων

259 1816 485 1890 Ῥώμης,
523 1822 924 1897 ’Δλεξανδρείας
956 1846 1016 1881 τε
1050 1831 1144 1883 καὶ
1185 1832 1532 1904 Ἀντιοχείας,
1564 1833 1664 1904 τῆς
1693 1851 1810 1887 κοι-

249 1909 341 1978 νῆς
372 1910 544 1964 ἕνεκεν
573 1915 858 1984 ὠφελείας.
893 1920 987 1973 Ἐκ
1017 1920 1113 1974 τοῦ
1139 1920 1370 1992 ἀριθμοῦ
1405 1925 1584 1977 τοίνυν
1607 1925 1811 1977 τούτων

246 1992 318 2053 ὧν
364 2003 512 2075 μέχρι
556 2008 646 2061 τοῦ
685 2009 843 2082 δεῦρο
887 2012 1079 2082 χρόνου
1105 2015 1133 2066 ὁ
1166 2013 1496 2085 προρῤηθεὶς
1522 2018 1588 2086 τῇ
1623 2014 1809 2086 Ἐλλη-

1914 824 2139 879 uestina:
2171 823 2322 878 urbis
2348 823 2654 892 episcopus,
2679 836 2803 875 cum
2844 820 3135 874 Historiam
3163 821 3482 877 ecclesiasti-

1914 932 2029 969 cam
2068 916 2350 977 scriberet,
2387 915 2731 984 praatermisit
2779 929 2843 967 ea
2894 927 3016 982 qua:
3071 921 3199 967 sunt
3256 920 3311 967 in
3361 915 3482 969 aliis

1915 1009 2216 1077 opusculis,
2250 1007 2333 1062 vel
2365 1023 2488 1077 qua:
2523 1023 2581 1063 se
2619 1004 2862 1061 meminit
2904 1005 3183 1061 retulisse.
3221 1003 3356 1059 Nam
3397 1005 3480 1061 vi-

1914 1100 2048 1171 ginti
2104 1099 2295 1162 libros,
2324 1098 2379 1153 id
2423 1106 2506 1154 est
2558 1098 2697 1153 duas
2748 1098 3004 1161 decadas,
3062 1097 3306 1152 omnium
3341 1112 3482 1168 pene

1914 1191 2320 1262 provinciarum
2348 1193 2631 1261 passiones
2654 1199 2954 1261 martyrum
2977 1227 2990 1252 ,
3021 1189 3400 1260 episcoporum
3427 1199 3483 1246 et

1913 1282 2291 1339 confessorum
2331 1290 2388 1338 et
2429 1297 2706 1338 sacrarum
2745 1280 3036 1336 mulierum
3092 1295 3158 1335 ac
3206 1280 3480 1351 virginum

1914 1376 2198 1430 continere
2229 1374 2374 1429 fecit.
2421 1372 2625 1428 Deinde
2659 1383 2881 1431 secutus
2917 1381 2972 1429 et
3004 1372 3073 1428 ab
3102 1373 3350 1443 apostolo
3376 1372 3480 1455 Pe-

1914 1474 2024 1529 tro,
2053 1466 2297 1520 omnium
2345 1465 2728 1535 episcoporum
2765 1467 2987 1521 nomina
3033 1473 3087 1520 et
3136 1472 3290 1535 gesta
3347 1479 3481 1520 con-

1914 1557 2136 1627 scripsit
2173 1575 2185 1610 :
2222 1564 2276 1611 et
2299 1571 2485 1610 earum
2518 1556 2734 1611 urbium
2763 1572 2883 1626 quas
2919 1571 3099 1610 arcem
3131 1554 3481 1624 pontiﬁcatus

1912 1665 2009 1720 per
2030 1649 2356 1718 apostolicas
2380 1647 2533 1704 sedes
2557 1656 2739 1702 tenere
2767 1653 3093 1714 noscuntur,
3128 1646 3258 1701 urbs
3283 1644 3478 1710 Roma,

1911 1742 2221 1809 Antiochia,
2258 1742 2656 1813 Hierosolyma,
2697 1740 2966 1812 Ephesus,
2998 1740 3345 1804 Alexandria,
3384 1738 3481 1793 ha-

1911 1850 2032 1888 rum
2084 1834 2303 1889 urbium
2351 1838 2732 1903 episc0porum
2789 1833 3032 1886 omnium
3082 1831 3480 1902 praeteritorum

1910 1942 2084 1997 usque
2116 1926 2185 1980 ad
2210 1936 2422 1996 tempus
2450 1940 2608 1980 suum
2630 1924 2820 1980 Graeco
2847 1940 3099 1980 sermone
3127 1921 3478 1992 conscripsit.

1911 2018 1990 2072 Ex
2011 2033 2242 2089 quorum
2259 2033 2488 2074 numero
2506 2033 2674 2073 unum
2692 2018 3073 2089 episcoporum
3095 2015 3247 2071 urbis
3270 2014 3479 2078 Romae,

246 2096 362 2163 νικῇ
389 2101 753 2170 συνεγράψατο
774 2107 944 2176 φωνῇ,
968 2105 1156 2157 τούτου
1177 2105 1267 2158 τὸν
1290 2105 1401 2177 βίον
1415 2106 1514 2160 οὐκ
1526 2107 1806 2178 ἐξίσχυσεν

1912 2120 2162 2166 sanetum
2221 2109 2545 2165 Silvestrum
2607 2123 2694 2165 me
2739 2108 2806 2165 de
2853 2108 3041 2164 Graeco
3108 2109 3165 2163 in
3224 2099 3480 2161 Latinum

247 2190 594 2258 μεταφράσαι,
622 2195 868 2249 τουτέστι
914 2196 1007 2250 τοῦ
1029 2198 1180 2267 ἁγίου
1201 2199 1522 2272 Σιλὸἐστρου
1540 2242 1555 2266 ,
1599 2218 1655 2255 κ.
1680 2219 1730 2255 τ.
1753 2200 1803 2255 λ.

1909 2200 2209 2256 transferre
2239 2201 2566 2271 praecepisti.

253 2294 403 2353 Vetus
444 2314 628 2359 auctor
670 2309 725 2361 in
754 2308 1018 2367 Passione
1064 2317 1243 2372 sancti
1277 2315 1576 2381 Valeriani,
1600 2332 1720 2439 quia;
1765 2325 1842 2398 est
1883 2315 2084 2398 decimo
2117 2314 2246 2370 Kal.
2293 2315 2564 2381 Januarii,
2593 2324 2650 2369 ut
2697 2314 2915 2370 habetur
2965 2316 3020 2369 in
3067 2316 3223 2369 veteri
3303 2315 3480 2369 codice

1724 2403 2034 2439 osciacensi.

1724 2403 2009 2441 οδσιαεεηδι
2020 2427 2034 2441 ο

310 2459 749 2531 Beatissimorum
777 2481 1075 2545 martyrum
1101 2476 1340 2545 gloriosa
1372 2468 1695 2543 cert‘amina,
1728 2477 1803 2532 ob.
1826 2477 2087 2533 honorem
2113 2476 2317 2532 Christi
2346 2475 2561 2531 Domini
2619 2492 2683 2531 ac
2712 2475 2804 2531 Dei
2834 2476 3009 2532 nostri
3042 2474 3279 2531 assiduis
3309 2473 3475 2528 culti-

246 2546 343 2605 bus
370 2562 423 2607 et
447 2557 795 2616 solemnitate
843 2576 1027 2618 annua
1069 2567 1440 2630 celebrantur,
1475 2574 1535 2621 ut
1567 2567 1698 2623 dum
1746 2565 1905 2622 ﬁdem
1942 2574 2242 2638 martyrum
2280 2568 2434 2637 plebs
2467 2567 2663 2623 devota
2711 2569 2992 2639 cognoscit
3022 2573 3078 2621 et
3129 2566 3254 2621 illos
3284 2566 3477 2620 trium-

248 2642 436 2711 pbasse
463 2649 719 2718 gaudeat,
749 2661 802 2709 et
838 2671 897 2710 se
929 2657 1234 2725 patrocinio
1263 2673 1452 2713 eorum
1485 2658 1876 2730 protegendam
1912 2674 2033 2714 esse
2067 2658 2326 2713 conﬁdat.
2350 2658 2578 2714 Celebre
2604 2660 2749 2715 enim
2780 2661 3030 2724 habetur,
3063 2669 3266 2715 sanctae
3292 2674 3477 2714 recor—

243 2735 469 2793 dationis
506 2739 801 2799 Eusebium
837 2747 1181 2814 historicum,
1208 2750 1567 2809 Caesariensis
1597 2752 1752 2807 urbis
1777 2752 2120 2821 episcopum,
2147 2752 2377 2821 egregiae
2415 2751 2539 2806 vitae
2572 2752 2947 2807 beatissimum
2994 2753 3352 2817 sacerdotem,
3383 2763 3476 2804 ec—

237 2826 539 2888 clesiastica
566 2838 1165 2907 quoqueinstitutione
1193 2842 1574 2899 doctissimum
1606 2850 1662 2899 et
1695 2843 1972 2913 praecipua
1997 2840 2372 2896 sollicitudine
2391 2841 2783 2908 venerandum,
2810 2858 2908 2913 per
2936 2857 3153 2898 omnem
3182 2842 3391 2909 orbem,
3412 2842 3475 2895 in

240 2931 493 2989 quantum
522 2926 712 2984 divino
742 2933 1102 2991 annuntiante
1130 2935 1360 3006 Spiritu,
1397 2946 1457 2991 ut
1477 2943 1689 3007 gestum
1722 2944 1826 3000 est,
1858 2935 1938 2990 rei
1958 2935 2161 2991 veritas
2201 2934 2433 2990 decursa
2465 2934 2635 2989 valuit
2667 2936 2914 3004 reperiri,
2945 2944 3107 3004 prout
3131 2934 3469 3004 singularum

241 3017 636 3082 provinciarum
667 3025 854 3091 urbes,
887 3027 1002 3082 loca
1042 3031 1125 3084 vel
1158 3030 1354 3101 oppida
1417 3025 1685 3086 illustrari
1717 3029 2007 3099 triumphis
2039 3038 2339 3099 martyrum
2376 3028 2692 3083 coelestibus
2742 3033 3094 3094 meruerunt,
3131 3040 3474 3097 quorumque

243 3110 539 3179 principum
565 3120 1076 3186 temporeordinata
1101 3122 1404 3178 ofﬁciorum
1433 3122 1694 3180 instantia
1725 3123 2026 3177 innumeras
2071 3122 2480 3191 persecutiones
2510 3119 2667 3175 facta:
2699 3119 2935 3182 fuerant,
2970 3119 3303 3176 declarasse.
3337 3117 3464 3184 Qui,

238 3203 334 3255 etsi
386 3213 691 3277 martyrum
730 3210 1068 3281 singulorum
1121 3215 1363 3286 integras
1406 3230 1517 3270 non
1563 3214 1822 3284 explicuit
1851 3214 2157 3285 passiones,
2190 3222 2375 3268 tamen
2401 3213 2729 3270 Christianis
2761 3215 2971 3269 devotis
3002 3221 3165 3284 atque
3197 3214 3467 3278 ﬁdelibus,

236 3295 371 3349 unde
396 3296 636 3353 describi
661 3301 746 3354 vel
777 3302 1042 3359 celebrari
1076 3305 1310 3361 debeant
1340 3306 1607 3362 veraciter
1629 3306 1921 3361 intimavit.
1952 3305 2048 3360 Dei
2084 3305 2268 3375 itaque
2300 3306 2529 3377 gratiam
2557 3313 2671 3360 toto
2704 3307 2837 3361 orbe
2871 3305 3124 3361 diffusam
3152 3305 3327 3361 ﬁdelis
3354 3307 3471 3360 cul-

237 3392 316 3438 tor
342 3390 601 3453 excoluit,
638 3391 768 3446 dum
813 3396 956 3449 velut
989 3397 1187 3468 exiguo
1217 3400 1385 3454 tritici
1415 3400 1625 3455 semine
1655 3400 1894 3469 copiosae
1942 3413 2152 3454 messes
2183 3398 2299 3469 agri
2349 3397 2630 3454 fertilitate
2679 3399 2995 3468 gignuntur,
3028 3405 3082 3451 et
3109 3396 3472 3462 multiplicata

240 3477 469 3535 ubertate
493 3483 805 3551 proﬁciunt.
838 3488 912 3541 lta
934 3505 1031 3560 per
1064 3492 1369 3560 supradicti
1403 3493 1505 3549 viri
1536 3494 1856 3549 relationem
1886 3494 1955 3548 ab
1994 3492 2159 3547 unius
2186 3491 2400 3547 codicis
2446 3491 2597 3550 fonte
2625 3492 2909 3559 diffusam,
2946 3491 3168 3562 scriptis
3192 3496 3469 3546 mananti-

238 3564 328 3622 bus
356 3568 617 3638 ﬁdelium,
654 3582 827 3629 totum
856 3577 1043 3632 orbem
1072 3579 1412 3636 celebrandae
1440 3581 1727 3651 passiones
1754 3590 2055 3652 martyrum
2090 3581 2421 3655 rigaverunt.
2773 3567 2778 3573 ’

1458 3702 1734 3757 Usuardus
1771 3703 1827 3758 in
1872 3701 2274 3774 Martyrologio.

298 3799 388 3858 Die
407 3804 471 3859 21
504 3809 715 3865 mensis
735 3809 906 3868 Junii.
945 3812 1263 3881 Palaestinae,
1297 3817 1475 3871 sancti
1507 3816 1727 3872 Eusebii
1762 3817 2003 3887 episcopi
2035 3823 2089 3870 et
2136 3814 2493 3880 confessoris,
2545 3816 2648 3871 viri
2703 3813 3146 3870 excellentissimi
3177 3813 3375 3886 ingenii
3413 3815 3470 3866 et

236 3891 662 3972 historiograpbi.

1456 3979 1718 4036 Not/teras
1744 3982 1798 4035 in
1831 3980 2235 4052 Martyrologio.

300 4058 384 4115 Die
403 4062 468 4115 il
500 4065 708 4121 mensis
733 4065 905 4124 Junii.
938 4068 995 4124 ln
1018 4069 1263 4126 Caesarea
1297 4070 1563 4142 depositio
1590 4073 1764 4128 sancti
1786 4070 2005 4128 Eusebii
2039 4072 2297 4143 episcopi.

247 4166 599 4229 Manecharius
628 4176 684 4230 iu
714 4179 937 4247 epistola
976 4182 1045 4235 ad
1066 4182 1784 4257 CerauniumLParisiensent
1824 4187 2149 4257 episcopum,
2180 4202 2337 4255 quam
2381 4184 2610 4257 prwﬁxit
2637 4182 2890 4239 Passieni
2911 4193 3222 4241 sanctorum
3264 4187 3439 4250 marty
3464 4206 3469 4212 -

1247 4270 1366 4309 rum
1395 4254 1705 4325 Speusippi,
1745 4254 2067 4326 Elasippi’et
2106 4254 2441 4325 Meleusippi.

302 4329 588 4403 Pmipuis
607 4336 1051 4397 beatissimorum
1072 4346 1453 4415 episcoporum
1472 4348 1721 4416 personis
1744 4349 1963 4403 assidue
1992 4348 2265 4419 cozequari
2288 4347 2498 4402 meritis
2529 4362 2637 4401 non
2673 4346 2966 4412 desisteus,
2995 4347 3049 4401 in
3068 4345 3213 4402 omni
3236 4357 3466 4398 conver—

248 4423 430 4480 satione
455 4427 773 4494 sacerdotii,
823 4443 1012 4488 sancta
1058 4437 1302 4506 quotidie
1327 4440 1583 4494 exornari
1610 4440 1872 4511 religione
1928 4440 2220 4505 festinans,
2253 4438 2562 4493 divinarum
2594 4436 3001 4507 Scripturarum
3039 4434 3247 4507 legendi
3282 4432 3464 4487 studio

251 4516 475 4574 universa
514 4519 771 4590 dogmata
802 4529 1122 4600 peragrasti.
1154 4527 1311 4584 Nunc
1349 4538 1663 4586 sanctorum
1688 4542 1985 4604 martyrum
2016 4540 2168 4602 gesta
2200 4530 2267 4584 ad
2300 4529 2479 4584 laudis
2510 4535 2617 4583 tuae
2661 4529 2939 4583 cumulum
2966 4542 3065 4597 pro
3113 4539 3297 4579 amore
3330 4522 3460 4577 reli-

252 4607 400 4674 gionis
421 4627 757 4684 congregare
789 4616 841 4670 in
876 4620 1010 4674 urbe
1050 4619 1326 4677 Parisiaca
1367 4624 1598 4681 devotus
1627 4625 1885 4681 intendis.
1926 4624 2083 4680 Unde
2118 4630 2309 4680 sancto
2347 4622 2586 4676 Eusebio
2643 4620 2966 4678 Czesariensi
3009 4621 3063 4673 in
3098 4614 3460 4672 annulationis

254 4702 405 4757 studio
433 4709 805 4777 comquaudus
841 4727 925 4776 es,
961 4719 1013 4766 et
1061 4714 1178 4783 pari
1211 4715 1397 4785 gloriae
1444 4717 1588 4772 dono
1616 4720 2005 4788 perpetualiter
2032 4714 2438 4773 memorandus.

974 4825 1057 4876 Ea:
1094 4827 1250 4880 reteri
1281 4826 1552 4883 Breviario
1588 4832 1945 4900 manuscripto
1982 4829 2235 4885 Ecclesia:
2282 4825 2684 4882 Lemovicensis.

1298 4918 1485 4973 Sancti
1506 4919 1724 4977 Eusebii
1752 4923 1993 4994 episcopi
2026 4921 2377 4979 confessoris.

311 4997 492 5056 Lecrro
518 5001 570 5055 l.
601 5000 873 5060 Eusebius
905 4997 1168 5063 C’mSareae
1189 5008 1488 5067 Palaestina:
1516 5016 1806 5087 episcopus
1834 5018 1904 5072 ob
1935 5016 2473 5088 Pamphilimartyris
2513 5013 2807 5069 amicitiam
2841 5005 3107 5077 Pamphili
3136 5019 3334 5059 nomen
3362 5017 3457 5058 ac-

259 5091 388 5158 cepit,
417 5109 481 5148 eo
516 5095 664 5164 quod
695 5110 819 5150 cum
843 5099 1033 5154 eodem
1067 5100 1349 5172 Pamphilo
1378 5105 1574 5161 divinae
1595 5106 1948 5164 Bibliotheca;
1965 5109 2321 5182 investigator
2343 5107 2797 5181 diligentissimus
2816 5102 3107 5159 exstiterit.
3132 5096 3454 5168 Vir'quidem

260 5187 348 5234 erat
372 5192 670 5239 memoratu
699 5184 1054 5255 dignissimus
1089 5206 1185 5259 per
1211 5192 1325 5247 haec
1357 5202 1623 5266 tempora,
1663 5206 1775 5252 tum
1802 5200 2095 5254 multarum
2127 5216 2311 5255 rerum
2338 5202 2556 5272 peritia,
2587 5207 2700 5252 tum
2720 5195 2937 5266 ingenio
2962 5191 3282 5247 mirabili.et
3310 5187 3456 5258 apud

260 5275 442 5340 gentiles
461 5285 517 5331 et
551 5278 694 5346 apud
712 5279 1075 5347 Christianos,
1112 5285 1252 5340 inter
1280 5288 1634 5359 philosophos
1659 5292 1964 5362 praecipuus
1999 5301 2053 5348 et
2088 5294 2463 5350 nobilissimus
2490 5292 2711 5347 habitus
2742 5300 2844 5344 est.
2872 5287 2972 5341 llic
3009 5299 3134 5338 cum
3162 5279 3456 5350 aliquando

262 5360 418 5420 Ariana
446 5369 645 5424 haeresi
685 5370 1009 5437 laborasset,
1044 5373 1110 5427 ad
1156 5377 1422 5446 synodum
1478 5360 1750 5436 Niczenam
1802 5360 2088 5450 accedens,
2133 5384 2339 5455 Spiritu
2369 5393 2560 5440 saneto
2594 5381 2924 5450 inspiratus,
2960 5376 3182 5431 Patrum
3236 5387 3453 5430 semen-

265 5456 359 5513 tiam
402 5470 628 5518 secutus
656 5471 762 5528 est,
796 5480 859 5519 ac
887 5466 1145 5540 deinceps
1177 5486 1348 5541 usque
1387 5473 1454 5528 ad
1492 5484 1723 5531 mortem
1759 5478 2107 5533 sanctissime
2140 5493 2263 5532 cum
2309 5476 2610 5533 orthodoxa
2635 5475 2741 5531 ﬁde
2771 5473 2925 5529 vixit.

313 5550 493 5609 LlLC'I'IO
519 5556 574 5610 2.
608 5553 734 5610 Fuit
764 5565 940 5612 autem
974 5560 1031 5614 in
1073 5561 1275 5617 divinis
1330 5562 1629 5634 Scripturis
1682 5566 2122 5623 studiosissimus
2150 5607 2166 5632 ,
2232 5582 2297 5622 ac
2348 5565 2696 5621 Bibliotheca:
2743 5563 2938 5619 divina:
2990 5577 3115 5615 cum
3167 5560 3453 5630 Pamphilo

266 5654 451 5716 martyre
485 5648 940 5720 diligentissimus
973 5654 1351 5728 investigator.
1389 5655 1557 5712 Multa
1605 5655 1811 5715 eisdem
1834 5659 2174 5730 temporibus
2195 5659 2440 5728 scripsit,
2470 5657 2705 5712 maxime
2732 5671 2861 5712 vero
2890 5656 3058 5711 ilbl'OS
3122 5653 3449 5725 Evangeticw

305 5859 361 5931 (ιι)
390 5858 738 5915 Ἑνέθεικενν.
772 5855 1082 5931 Legendum
1118 5860 1333 5918 videtur
1364 5859 1617 5932 ἐνέθηκεν
1645 5862 1729 5919 vel
1756 5863 1812 5920 ὲν

1917 5884 2081 5923 εικεν.
2126 5869 2284 5925 Enn.
2313 5869 2485 5927 Pun.
