  <div class='ocr_page' id='page_1' title='image "/cluster/home/n/w/nwhite01/storage/ocr_20150623/19/mdp.39015061293422/049.png"; bbox 0 0 3924 6266; ppageno 0'>
   <div class='ocr_carea' id='block_1_1' title="bbox 482 446 3717 526">
    <p class='ocr_par' dir='ltr' id='par_1_1' title="bbox 482 446 3717 526">
     <span class='ocr_line' id='line_1_1' title="bbox 482 446 3717 526; baseline -0.001 -6"><span class='ocrx_word' id='word_1_1' title='bbox 482 462 552 521; x_wconf 75' lang='lat'><strong>33</strong></span> <span class='ocrx_word' id='word_1_2' title='bbox 1310 468 1641 525; x_wconf 79' lang='lat' dir='ltr'><strong>VETERUM</strong></span> <span class='ocrx_word' id='word_1_3' title='bbox 1680 467 2104 525; x_wconf 80' lang='lat' dir='ltr'><strong>TESTIMONIA</strong></span> <span class='ocrx_word' id='word_1_4' title='bbox 2140 466 2421 524; x_wconf 77' lang='lat' dir='ltr'><strong>CONTRA</strong></span> <span class='ocrx_word' id='word_1_5' title='bbox 2458 446 2829 526; x_wconf 72' lang='lat' dir='ltr'><strong>ausEutun.</strong></span> <span class='ocrx_word' id='word_1_6' title='bbox 3636 462 3717 518; x_wconf 73' lang='lat' dir='ltr'><strong><em>ss</em></strong></span> 
     </span>
    </p>
   </div>
   <div class='ocr_carea' id='block_1_2' title="bbox 464 577 3717 651">
    <p class='ocr_par' dir='ltr' id='par_1_2' title="bbox 464 577 3717 651">
     <span class='ocr_line' id='line_1_2' title="bbox 464 577 3717 651; baseline 0 -23"><span class='ocrx_word' id='word_1_7' title='bbox 464 578 892 645; x_wconf 76' lang='lat' dir='ltr'><strong><em>prwparationis,</em></strong></span> <span class='ocrx_word' id='word_1_8' title='bbox 922 577 1312 635; x_wconf 76' lang='lat' dir='ltr'><strong><em>Ecclesiasticte</em></strong></span> <span class='ocrx_word' id='word_1_9' title='bbox 1367 580 1624 635; x_wconf 76' lang='lat' dir='ltr'><strong><em>Historia:</em></strong></span> <span class='ocrx_word' id='word_1_10' title='bbox 1646 596 1666 646; x_wconf 86' lang='lat'><strong><em>;</em></strong></span> <span class='ocrx_word' id='word_1_11' title='bbox 1703 580 1769 635; x_wconf 85' lang='lat' dir='ltr'><strong>In</strong></span> <span class='ocrx_word' id='word_1_12' title='bbox 1834 581 2206 651; x_wconf 79' lang='lat' dir='ltr'><strong><em>Porphyrium,</em></strong></span> <span class='ocrx_word' id='word_1_13' title='bbox 2259 581 2691 639; x_wconf 82' lang='lat' dir='ltr'><strong>Christianorum</strong></span> <span class='ocrx_word' id='word_1_14' title='bbox 2731 582 2945 639; x_wconf 63' lang='lat' dir='ltr'><strong>hostem</strong></span> <span class='ocrx_word' id='word_1_15' title='bbox 2999 579 3326 636; x_wconf 86' lang='lat' dir='ltr'><strong>acerrimum</strong></span> <span class='ocrx_word' id='word_1_16' title='bbox 3360 597 3376 634; x_wconf 86' lang='lat'><strong>:</strong></span> <span class='ocrx_word' id='word_1_17' title='bbox 3410 577 3717 649; x_wconf 67' lang='lat' dir='ltr'><strong><em>Apologia:</em></strong></span> 
     </span>
    </p>
   </div>
   <div class='ocr_carea' id='block_1_3' title="bbox 467 670 3717 748">
    <p class='ocr_par' dir='ltr' id='par_1_3' title="bbox 467 670 3717 748">
     <span class='ocr_line' id='line_1_3' title="bbox 467 670 3717 748; baseline 0.001 -24"><span class='ocrx_word' id='word_1_18' title='bbox 467 671 594 725; x_wconf 88' lang='lat' dir='ltr'><strong>item</strong></span> <span class='ocrx_word' id='word_1_19' title='bbox 622 685 715 724; x_wconf 78' lang='lat' dir='ltr'><strong><em>sea:</em></strong></span> <span class='ocrx_word' id='word_1_20' title='bbox 743 686 838 739; x_wconf 83' lang='lat' dir='ltr'><strong><em>pro</em></strong></span> <span class='ocrx_word' id='word_1_21' title='bbox 869 670 1092 742; x_wconf 87' lang='lat' dir='ltr'><strong><em>Origene</em></strong></span> <span class='ocrx_word' id='word_1_22' title='bbox 1124 674 1465 744; x_wconf 89' lang='lat' dir='ltr'><strong>composuit;</strong></span> <span class='ocrx_word' id='word_1_23' title='bbox 1502 675 1576 729; x_wconf 85' lang='lat' dir='ltr'><strong><em>De</em></strong></span> <span class='ocrx_word' id='word_1_24' title='bbox 1596 675 1704 729; x_wconf 81' lang='lat' dir='ltr'><strong><em>vita</em></strong></span> <span class='ocrx_word' id='word_1_25' title='bbox 1736 673 2009 744; x_wconf 77' lang='lat' dir='ltr'><strong>Pamphili</strong></span> <span class='ocrx_word' id='word_1_26' title='bbox 2035 679 2307 747; x_wconf 86' lang='lat' dir='ltr'><strong><em>martyris,</em></strong></span> <span class='ocrx_word' id='word_1_27' title='bbox 2339 692 2484 747; x_wconf 89' lang='lat' dir='ltr'><strong>aquo</strong></span> <span class='ocrx_word' id='word_1_28' title='bbox 2499 677 2570 734; x_wconf 92' lang='lat' dir='ltr'><strong>ob</strong></span> <span class='ocrx_word' id='word_1_29' title='bbox 2582 691 2824 734; x_wconf 80' lang='lat' dir='ltr'><strong>amorem</strong></span> <span class='ocrx_word' id='word_1_30' title='bbox 2838 682 3256 748; x_wconf 81' lang='lat' dir='ltr'><strong>cognomentum</strong></span> <span class='ocrx_word' id='word_1_31' title='bbox 3273 679 3506 740; x_wconf 70' lang='lat' dir='ltr'><strong>accepit,</strong></span> <span class='ocrx_word' id='word_1_32' title='bbox 3524 670 3717 725; x_wconf 82' lang='lat' dir='ltr'><strong>libros</strong></span> 
     </span>
    </p>
   </div>
   <div class='ocr_carea' id='block_1_4' title="bbox 449 765 2781 841">
    <p class='ocr_par' dir='ltr' id='par_1_4' title="bbox 449 765 2781 841">
     <span class='ocr_line' id='line_1_4' title="bbox 449 765 2781 841; baseline -0 -18"><span class='ocrx_word' id='word_1_33' title='bbox 449 782 503 828; x_wconf 85' lang='lat' dir='ltr'><strong>tr</strong></span> <span class='ocrx_word' id='word_1_34' title='bbox 517 784 576 823; x_wconf 85' lang='lat' dir='ltr'><strong>es</strong></span> <span class='ocrx_word' id='word_1_35' title='bbox 603 785 616 821; x_wconf 91' lang='lat'>:</span> <span class='ocrx_word' id='word_1_36' title='bbox 641 765 769 821; x_wconf 85' lang='lat' dir='ltr'><strong>Item</strong></span> <span class='ocrx_word' id='word_1_37' title='bbox 804 766 1221 824; x_wconf 80' lang='lat' dir='ltr'><strong><em>Commentarios</em></strong></span> <span class='ocrx_word' id='word_1_38' title='bbox 1246 768 1650 825; x_wconf 73' lang='lat' dir='ltr'><strong>eruditissimos</strong></span> <span class='ocrx_word' id='word_1_39' title='bbox 1709 768 1766 824; x_wconf 80' lang='lat' dir='ltr'><strong>in</strong></span> <span class='ocrx_word' id='word_1_40' title='bbox 1795 778 1999 823; x_wconf 79' lang='lat' dir='ltr'><strong>centum</strong></span> <span class='ocrx_word' id='word_1_41' title='bbox 2027 778 2076 825; x_wconf 91' lang='lat' dir='ltr'><strong>et</strong></span> <span class='ocrx_word' id='word_1_42' title='bbox 2099 769 2475 841; x_wconf 82' lang='lat' dir='ltr'><strong><em>quinquaginta</em></strong></span> <span class='ocrx_word' id='word_1_43' title='bbox 2515 767 2781 824; x_wconf 85' lang='lat' dir='ltr'><strong><em>Psalmos.</em></strong></span> 
     </span>
    </p>
   </div>
   <div class='ocr_carea' id='block_1_5' title="bbox 534 855 3720 929">
    <p class='ocr_par' dir='ltr' id='par_1_5' title="bbox 534 855 3720 929">
     <span class='ocr_line' id='line_1_5' title="bbox 534 855 3720 929; baseline 0 -20"><span class='ocrx_word' id='word_1_44' title='bbox 534 855 736 912; x_wconf 79' lang='lat' dir='ltr'><strong>LECTIO</strong></span> <span class='ocrx_word' id='word_1_45' title='bbox 764 857 817 913; x_wconf 77' lang='grc'><strong>5.</strong></span> <span class='ocrx_word' id='word_1_46' title='bbox 842 856 1138 923; x_wconf 68' lang='lat' dir='ltr'><strong>Praeterea,</strong></span> <span class='ocrx_word' id='word_1_47' title='bbox 1168 867 1228 912; x_wconf 91' lang='lat' dir='ltr'><strong>ut</strong></span> <span class='ocrx_word' id='word_1_48' title='bbox 1258 859 1475 929; x_wconf 78' lang='lat' dir='ltr'><strong>legitur,</strong></span> <span class='ocrx_word' id='word_1_49' title='bbox 1517 858 1761 913; x_wconf 90' lang='lat' dir='ltr'><strong>omnium</strong></span> <span class='ocrx_word' id='word_1_50' title='bbox 1794 858 2201 927; x_wconf 79' lang='lat' dir='ltr'><strong>provinciarum</strong></span> <span class='ocrx_word' id='word_1_51' title='bbox 2233 874 2358 914; x_wconf 93' lang='lat' dir='ltr'><strong>cum</strong></span> <span class='ocrx_word' id='word_1_52' title='bbox 2393 860 2687 914; x_wconf 91' lang='lat' dir='ltr'><strong>multorum</strong></span> <span class='ocrx_word' id='word_1_53' title='bbox 2712 865 3025 912; x_wconf 86' lang='lat' dir='ltr'><strong>sanctorum</strong></span> <span class='ocrx_word' id='word_1_54' title='bbox 3058 863 3356 927; x_wconf 78' lang='lat' dir='ltr'><strong>martyrum</strong></span> <span class='ocrx_word' id='word_1_55' title='bbox 3410 855 3720 925; x_wconf 77' lang='lat' dir='ltr'><strong>passiones</strong></span> 
     </span>
    </p>
   </div>
   <div class='ocr_carea' id='block_1_6' title="bbox 460 947 3718 1021">
    <p class='ocr_par' dir='ltr' id='par_1_6' title="bbox 460 947 3718 1021">
     <span class='ocr_line' id='line_1_6' title="bbox 460 947 3718 1021; baseline 0 -19"><span class='ocrx_word' id='word_1_56' title='bbox 460 954 515 1002; x_wconf 91' lang='lat' dir='ltr'><strong>et</strong></span> <span class='ocrx_word' id='word_1_57' title='bbox 546 948 922 1004; x_wconf 79' lang='lat' dir='ltr'><strong>confessorum</strong></span> <span class='ocrx_word' id='word_1_58' title='bbox 954 949 1120 1003; x_wconf 90' lang='lat' dir='ltr'><strong>vitam</strong></span> <span class='ocrx_word' id='word_1_59' title='bbox 1172 965 1236 1005; x_wconf 88' lang='lat' dir='ltr'><strong>ac</strong></span> <span class='ocrx_word' id='word_1_60' title='bbox 1261 949 1531 1021; x_wconf 80' lang='lat' dir='ltr'><strong>virginum</strong></span> <span class='ocrx_word' id='word_1_61' title='bbox 1563 950 1929 1021; x_wconf 78' lang='lat' dir='ltr'><strong>cognovisset,</strong></span> <span class='ocrx_word' id='word_1_62' title='bbox 1961 950 2151 1020; x_wconf 84' lang='lat' dir='ltr'><strong><em>viginti</em></strong></span> <span class='ocrx_word' id='word_1_63' title='bbox 2175 951 2347 1007; x_wconf 89' lang='lat' dir='ltr'><strong>libros</strong></span> <span class='ocrx_word' id='word_1_64' title='bbox 2377 950 2445 1006; x_wconf 93' lang='lat' dir='ltr'><strong>de</strong></span> <span class='ocrx_word' id='word_1_65' title='bbox 2475 949 2681 1007; x_wconf 88' lang='lat' dir='ltr'><strong>eisdem</strong></span> <span class='ocrx_word' id='word_1_66' title='bbox 2705 950 2909 1005; x_wconf 84' lang='lat' dir='ltr'><strong><em>sanctis</em></strong></span> <span class='ocrx_word' id='word_1_67' title='bbox 2933 948 3294 1019; x_wconf 80' lang='lat' dir='ltr'><strong><em>scriptitavit;</em></strong></span> <span class='ocrx_word' id='word_1_68' title='bbox 3324 947 3396 1003; x_wconf 91' lang='lat' dir='ltr'><strong>ob</strong></span> <span class='ocrx_word' id='word_1_69' title='bbox 3418 950 3519 1004; x_wconf 88' lang='lat' dir='ltr'><strong>hos</strong></span> <span class='ocrx_word' id='word_1_70' title='bbox 3576 948 3718 1003; x_wconf 86' lang='lat' dir='ltr'><strong><em>ideo</em></strong></span> 
     </span>
    </p>
   </div>
   <div class='ocr_carea' id='block_1_7' title="bbox 458 1041 3719 1115">
    <p class='ocr_par' dir='ltr' id='par_1_7' title="bbox 458 1041 3719 1115">
     <span class='ocr_line' id='line_1_7' title="bbox 458 1041 3719 1115; baseline -0.001 -16"><span class='ocrx_word' id='word_1_71' title='bbox 458 1049 515 1099; x_wconf 88' lang='lat' dir='ltr'><strong><em>et</em></strong></span> <span class='ocrx_word' id='word_1_72' title='bbox 542 1043 813 1113; x_wconf 62' lang='lat' dir='ltr'><strong>praecipue</strong></span> <span class='ocrx_word' id='word_1_73' title='bbox 844 1041 1209 1114; x_wconf 83' lang='lat' dir='ltr'><strong><em>Evangelicam</em></strong></span> <span class='ocrx_word' id='word_1_74' title='bbox 1234 1044 1697 1113; x_wconf 76' lang='lat' dir='ltr'><strong><em>prteparationem,</em></strong></span> <span class='ocrx_word' id='word_1_75' title='bbox 1723 1058 1849 1098; x_wconf 91' lang='lat' dir='ltr'><strong>cum</strong></span> <span class='ocrx_word' id='word_1_76' title='bbox 1881 1044 2026 1114; x_wconf 87' lang='lat' dir='ltr'><strong>apud</strong></span> <span class='ocrx_word' id='word_1_77' title='bbox 2059 1052 2247 1115; x_wconf 82' lang='lat' dir='ltr'><strong><em>gentes</em></strong></span> <span class='ocrx_word' id='word_1_78' title='bbox 2270 1046 2576 1115; x_wconf 70' lang='lat' dir='ltr'><strong>praecipuus</strong></span> <span class='ocrx_word' id='word_1_79' title='bbox 2616 1043 2926 1108; x_wconf 81' lang='lat' dir='ltr'><strong>haberetur,</strong></span> <span class='ocrx_word' id='word_1_80' title='bbox 2960 1051 3240 1113; x_wconf 83' lang='lat' dir='ltr'><strong>paternam</strong></span> <span class='ocrx_word' id='word_1_81' title='bbox 3300 1041 3525 1098; x_wconf 88' lang='lat' dir='ltr'><strong>deorum</strong></span> <span class='ocrx_word' id='word_1_82' title='bbox 3568 1042 3719 1098; x_wconf 85' lang='lat' dir='ltr'><strong>reli-</strong></span> 
     </span>
    </p>
   </div>
   <div class='ocr_carea' id='block_1_8' title="bbox 460 1135 3719 1211">
    <p class='ocr_par' dir='ltr' id='par_1_8' title="bbox 460 1135 3719 1211">
     <span class='ocr_line' id='line_1_8' title="bbox 460 1135 3719 1211; baseline 0.001 -23"><span class='ocrx_word' id='word_1_83' title='bbox 460 1135 679 1206; x_wconf 75' lang='lat' dir='ltr'><strong>gionem</strong></span> <span class='ocrx_word' id='word_1_84' title='bbox 702 1136 774 1192; x_wconf 89' lang='lat' dir='ltr'><strong>ob</strong></span> <span class='ocrx_word' id='word_1_85' title='bbox 797 1137 1045 1194; x_wconf 83' lang='lat' dir='ltr'><strong>veritatis</strong></span> <span class='ocrx_word' id='word_1_86' title='bbox 1072 1152 1313 1193; x_wconf 89' lang='lat' dir='ltr'><strong>amorem</strong></span> <span class='ocrx_word' id='word_1_87' title='bbox 1338 1139 1684 1207; x_wconf 90' lang='lat' dir='ltr'><strong>contempsit.</strong></span> <span class='ocrx_word' id='word_1_88' title='bbox 1715 1136 1945 1209; x_wconf 85' lang='lat' dir='ltr'><strong>Scripsit</strong></span> <span class='ocrx_word' id='word_1_89' title='bbox 1973 1155 2190 1211; x_wconf 86' lang='lat' dir='ltr'><strong>quoque</strong></span> <span class='ocrx_word' id='word_1_90' title='bbox 2216 1139 2592 1194; x_wconf 81' lang='lat' dir='ltr'><strong><em>Chronicorum</em></strong></span> <span class='ocrx_word' id='word_1_91' title='bbox 2618 1138 2895 1192; x_wconf 84' lang='lat' dir='ltr'><strong><em>historiam</em></strong></span> <span class='ocrx_word' id='word_1_92' title='bbox 2922 1152 2952 1190; x_wconf 91' lang='lat' dir='ltr'><strong>a</strong></span> <span class='ocrx_word' id='word_1_93' title='bbox 2983 1137 3157 1209; x_wconf 89' lang='lat' dir='ltr'><strong>primo</strong></span> <span class='ocrx_word' id='word_1_94' title='bbox 3185 1152 3330 1193; x_wconf 89' lang='lat' dir='ltr'><strong>anno</strong></span> <span class='ocrx_word' id='word_1_95' title='bbox 3352 1136 3592 1191; x_wconf 70' lang='lat' dir='ltr'><strong>Abrahae</strong></span> <span class='ocrx_word' id='word_1_96' title='bbox 3610 1151 3719 1191; x_wconf 84' lang='lat' dir='ltr'><strong>us-</strong></span> 
     </span>
    </p>
   </div>
   <div class='ocr_carea' id='block_1_9' title="bbox 458 1224 3709 1305">
    <p class='ocr_par' dir='ltr' id='par_1_9' title="bbox 458 1224 3709 1305">
     <span class='ocr_line' id='line_1_9' title="bbox 458 1224 3709 1305; baseline 0.002 -22"><span class='ocrx_word' id='word_1_97' title='bbox 458 1242 566 1299; x_wconf 88' lang='lat' dir='ltr'><strong>que</strong></span> <span class='ocrx_word' id='word_1_98' title='bbox 601 1229 670 1284; x_wconf 91' lang='lat' dir='ltr'><strong><em>ad</em></strong></span> <span class='ocrx_word' id='word_1_99' title='bbox 707 1244 909 1285; x_wconf 92' lang='lat' dir='ltr'><strong>annum</strong></span> <span class='ocrx_word' id='word_1_100' title='bbox 934 1231 1371 1286; x_wconf 89' lang='lat' dir='ltr'><strong>trecentesimum</strong></span> <span class='ocrx_word' id='word_1_101' title='bbox 1395 1268 1412 1295; x_wconf 94' lang='lat'><strong><em>,</em></strong></span> <span class='ocrx_word' id='word_1_102' title='bbox 1445 1244 1608 1301; x_wconf 88' lang='lat' dir='ltr'><strong>quam</strong></span> <span class='ocrx_word' id='word_1_103' title='bbox 1634 1227 1699 1283; x_wconf 92' lang='lat' dir='ltr'><strong>D.</strong></span> <span class='ocrx_word' id='word_1_104' title='bbox 1728 1226 2091 1302; x_wconf 87' lang='lat' dir='ltr'><strong>Hieronymus</strong></span> <span class='ocrx_word' id='word_1_105' title='bbox 2120 1239 2445 1302; x_wconf 88' lang='lat' dir='ltr'><strong>prosecutus</strong></span> <span class='ocrx_word' id='word_1_106' title='bbox 2491 1239 2595 1288; x_wconf 85' lang='lat' dir='ltr'><strong>est.</strong></span> <span class='ocrx_word' id='word_1_107' title='bbox 2653 1230 2779 1287; x_wconf 88' lang='lat' dir='ltr'><strong>Fuit</strong></span> <span class='ocrx_word' id='word_1_108' title='bbox 2817 1231 3049 1301; x_wconf 89' lang='lat' dir='ltr'><strong>denique</strong></span> <span class='ocrx_word' id='word_1_109' title='bbox 3101 1224 3367 1289; x_wconf 83' lang='lat' dir='ltr'><strong><em>Eusebius</em></strong></span> <span class='ocrx_word' id='word_1_110' title='bbox 3414 1232 3505 1289; x_wconf 91' lang='lat' dir='ltr'><strong>hic</strong></span> <span class='ocrx_word' id='word_1_111' title='bbox 3569 1245 3709 1305; x_wconf 83' lang='lat' dir='ltr'><strong><em>post</em></strong></span> 
     </span>
    </p>
   </div>
   <div class='ocr_carea' id='block_1_10' title="bbox 458 1320 3064 1395">
    <p class='ocr_par' dir='ltr' id='par_1_10' title="bbox 458 1320 3064 1395">
     <span class='ocr_line' id='line_1_10' title="bbox 458 1320 3064 1395; baseline 0.002 -20"><span class='ocrx_word' id='word_1_112' title='bbox 458 1320 868 1378; x_wconf 78' lang='lat' dir='ltr'><strong>conversionem</strong></span> <span class='ocrx_word' id='word_1_113' title='bbox 893 1322 1240 1379; x_wconf 78' lang='lat' dir='ltr'><strong><em>Constantini</em></strong></span> <span class='ocrx_word' id='word_1_114' title='bbox 1274 1322 1473 1394; x_wconf 76' lang='lat' dir='ltr'><strong>Magni,</strong></span> <span class='ocrx_word' id='word_1_115' title='bbox 1506 1322 1682 1379; x_wconf 89' lang='lat' dir='ltr'><strong>eidem</strong></span> <span class='ocrx_word' id='word_1_116' title='bbox 1711 1325 1890 1393; x_wconf 88' lang='lat' dir='ltr'><strong><em>quoad</em></strong></span> <span class='ocrx_word' id='word_1_117' title='bbox 1917 1325 2073 1389; x_wconf 81' lang='lat' dir='ltr'><strong>vixit,</strong></span> <span class='ocrx_word' id='word_1_118' title='bbox 2108 1327 2277 1382; x_wconf 91' lang='lat' dir='ltr'><strong>multa</strong></span> <span class='ocrx_word' id='word_1_119' title='bbox 2306 1325 2685 1383; x_wconf 77' lang='lat' dir='ltr'><strong>benevolentia</strong></span> <span class='ocrx_word' id='word_1_120' title='bbox 2716 1324 3064 1395; x_wconf 90' lang='lat' dir='ltr'><strong>conjunctus.</strong></span> 
     </span>
    </p>
   </div>
   <div class='ocr_carea' id='block_1_11' title="bbox 459 1434 3712 1566">
    <p class='ocr_par' dir='ltr' id='par_1_11' title="bbox 459 1434 3712 1566">
     <span class='ocr_line' id='line_1_11' title="bbox 459 1434 3712 1566; baseline 0.002 -75"><span class='ocrx_word' id='word_1_121' title='bbox 459 1435 526 1491; x_wconf 85' lang='lat' dir='ltr'><strong><em>In</em></strong></span> <span class='ocrx_word' id='word_1_122' title='bbox 573 1435 845 1490; x_wconf 88' lang='lat' dir='ltr'><strong><em>Breviario</em></strong></span> <span class='ocrx_word' id='word_1_123' title='bbox 882 1435 1267 1491; x_wconf 80' lang='lat' dir='ltr'><strong><em>Lemovicensis</em></strong></span> <span class='ocrx_word' id='word_1_124' title='bbox 1303 1434 1576 1501; x_wconf 79' lang='lat' dir='ltr'><strong><em>Ecclesite,</em></strong></span> <span class='ocrx_word' id='word_1_125' title='bbox 1607 1437 1747 1491; x_wconf 87' lang='lat' dir='ltr'><strong><em>edito</em></strong></span> <span class='ocrx_word' id='word_1_126' title='bbox 1774 1454 1935 1561; x_wconf 39' lang='lat' dir='ltr'><strong><em>unus.</em></strong></span> <span class='ocrx_word' id='word_1_127' title='bbox 1958 1440 2125 1566; x_wconf 42' lang='lat'><strong>127&#39;;</strong></span> <span class='ocrx_word' id='word_1_128' title='bbox 2158 1457 2249 1524; x_wconf 71' lang='lat' dir='ltr'><strong>per</strong></span> <span class='ocrx_word' id='word_1_129' title='bbox 2286 1439 2556 1510; x_wconf 82' lang='lat' dir='ltr'><strong><em>Hugonem</em></strong></span> <span class='ocrx_word' id='word_1_130' title='bbox 2586 1437 2820 1504; x_wconf 84' lang='lat' dir='ltr'><strong><em>Barbou,</em></strong></span> <span class='ocrx_word' id='word_1_131' title='bbox 2858 1439 3079 1493; x_wconf 83' lang='lat' dir='ltr'><strong><em>habetur</em></strong></span> <span class='ocrx_word' id='word_1_132' title='bbox 3099 1439 3209 1494; x_wconf 74' lang='lat' dir='ltr'><strong><em>lucc</em></strong></span> <span class='ocrx_word' id='word_1_133' title='bbox 3245 1439 3488 1507; x_wconf 85' lang='lat' dir='ltr'><strong><em>collecta,</em></strong></span> <span class='ocrx_word' id='word_1_134' title='bbox 3513 1442 3712 1498; x_wconf 79' lang='lat' dir='ltr'><strong><em>eodem</em></strong></span> 
     </span>
     <span class='ocr_line' id='line_1_12' title="bbox 1918 1527 2266 1565; baseline 0.003 -2"><span class='ocrx_word' id='word_1_135' title='bbox 1918 1527 1965 1564; x_wconf 86' lang='lat' dir='ltr'><strong>te</strong></span> <span class='ocrx_word' id='word_1_136' title='bbox 2135 1528 2266 1565; x_wconf 81' lang='lat' dir='ltr'><strong>untt.</strong></span> 
     </span>
    </p>
   </div>
   <div class='ocr_carea' id='block_1_12' title="bbox 1918 1527 2266 1565">
    <p class='ocr_par' dir='ltr' id='par_1_12' title="bbox 1918 1527 2266 1565">
     <span class='ocr_line' id='line_1_13' title="bbox 1918 1527 2266 1565; baseline 0.006 -3"><span class='ocrx_word' id='word_1_137' title='bbox 1918 1527 1965 1564; x_wconf 79' lang='grc' dir='ltr'>ιε</span> <span class='ocrx_word' id='word_1_138' title='bbox 1996 1527 2057 1565; x_wconf 71' lang='grc'><strong>21</strong></span> <span class='ocrx_word' id='word_1_139' title='bbox 2093 1527 2266 1565; x_wconf 72' lang='grc' dir='ltr'><strong>διιηιι.</strong></span> 
     </span>
    </p>
   </div>
   <div class='ocr_carea' id='block_1_13' title="bbox 528 1594 3713 1670">
    <p class='ocr_par' dir='ltr' id='par_1_13' title="bbox 528 1594 3713 1670">
     <span class='ocr_line' id='line_1_14' title="bbox 528 1594 3713 1670; baseline 0.001 -16"><span class='ocrx_word' id='word_1_140' title='bbox 528 1597 908 1670; x_wconf 83' lang='lat' dir='ltr'><strong>Omnipotens,</strong></span> <span class='ocrx_word' id='word_1_141' title='bbox 941 1599 1270 1670; x_wconf 86' lang='lat' dir='ltr'><strong>sempiterne</strong></span> <span class='ocrx_word' id='word_1_142' title='bbox 1301 1597 1465 1662; x_wconf 88' lang='lat' dir='ltr'><strong><em>Deus,</em></strong></span> <span class='ocrx_word' id='word_1_143' title='bbox 1509 1597 1603 1670; x_wconf 84' lang='lat' dir='ltr'><strong>qui</strong></span> <span class='ocrx_word' id='word_1_144' title='bbox 1628 1614 1730 1653; x_wconf 89' lang='lat' dir='ltr'><strong>nos</strong></span> <span class='ocrx_word' id='word_1_145' title='bbox 1759 1597 2017 1653; x_wconf 91' lang='lat' dir='ltr'><strong>concedis</strong></span> <span class='ocrx_word' id='word_1_146' title='bbox 2047 1597 2221 1654; x_wconf 89' lang='lat' dir='ltr'><strong><em>sancti</em></strong></span> <span class='ocrx_word' id='word_1_147' title='bbox 2252 1594 2471 1654; x_wconf 85' lang='lat' dir='ltr'><strong>Eusebii</strong></span> <span class='ocrx_word' id='word_1_148' title='bbox 2495 1596 2828 1654; x_wconf 78' lang='lat' dir='ltr'><strong>confessoris</strong></span> <span class='ocrx_word' id='word_1_149' title='bbox 2883 1599 2957 1653; x_wconf 89' lang='lat' dir='ltr'><strong><em>tui</em></strong></span> <span class='ocrx_word' id='word_1_150' title='bbox 2994 1606 3157 1669; x_wconf 90' lang='lat' dir='ltr'><strong>atque</strong></span> <span class='ocrx_word' id='word_1_151' title='bbox 3214 1597 3486 1670; x_wconf 77' lang='lat' dir='ltr'><strong>pontiﬁcis</strong></span> <span class='ocrx_word' id='word_1_152' title='bbox 3535 1615 3713 1670; x_wconf 81' lang='lat' dir='ltr'><strong>agere</strong></span> 
     </span>
    </p>
   </div>
   <div class='ocr_carea' id='block_1_14' title="bbox 459 1690 3711 1764">
    <p class='ocr_par' dir='ltr' id='par_1_14' title="bbox 459 1690 3711 1764">
     <span class='ocr_line' id='line_1_15' title="bbox 459 1690 3711 1764; baseline 0.001 -19"><span class='ocrx_word' id='word_1_153' title='bbox 459 1691 826 1756; x_wconf 82' lang='lat' dir='ltr'><strong>festivitatem,</strong></span> <span class='ocrx_word' id='word_1_154' title='bbox 857 1692 1035 1747; x_wconf 90' lang='lat' dir='ltr'><strong>dcduc</strong></span> <span class='ocrx_word' id='word_1_155' title='bbox 1063 1710 1186 1756; x_wconf 90' lang='lat' dir='ltr'><strong>nos,</strong></span> <span class='ocrx_word' id='word_1_156' title='bbox 1217 1708 1553 1762; x_wconf 81' lang='lat' dir='ltr'><strong>quaesumus,</strong></span> <span class='ocrx_word' id='word_1_157' title='bbox 1585 1695 1705 1764; x_wconf 86' lang='lat' dir='ltr'><strong>ejus</strong></span> <span class='ocrx_word' id='word_1_158' title='bbox 1730 1693 1986 1763; x_wconf 88' lang='lat' dir='ltr'><strong>precibus</strong></span> <span class='ocrx_word' id='word_1_159' title='bbox 2022 1691 2090 1746; x_wconf 88' lang='lat' dir='ltr'><strong>ad</strong></span> <span class='ocrx_word' id='word_1_160' title='bbox 2123 1690 2428 1746; x_wconf 76' lang='lat' dir='ltr'><strong>ctelestium</strong></span> <span class='ocrx_word' id='word_1_161' title='bbox 2451 1690 2768 1761; x_wconf 80' lang='lat' dir='ltr'><strong>gaudiorum</strong></span> <span class='ocrx_word' id='word_1_162' title='bbox 2800 1691 3131 1747; x_wconf 89' lang='lat' dir='ltr'><strong>societatem.</strong></span> <span class='ocrx_word' id='word_1_163' title='bbox 3159 1690 3261 1749; x_wconf 90' lang='lat' dir='ltr'><strong>Per</strong></span> <span class='ocrx_word' id='word_1_164' title='bbox 3277 1692 3564 1750; x_wconf 89' lang='lat' dir='ltr'><strong>Dominum</strong></span> <span class='ocrx_word' id='word_1_165' title='bbox 3603 1707 3711 1748; x_wconf 86' lang='lat' dir='ltr'><strong>no-</strong></span> 
     </span>
    </p>
   </div>
   <div class='ocr_carea' id='block_1_15' title="bbox 458 1781 1317 1846">
    <p class='ocr_par' dir='ltr' id='par_1_15' title="bbox 458 1781 1317 1846">
     <span class='ocr_line' id='line_1_16' title="bbox 458 1781 1317 1846; baseline -0.002 -7"><span class='ocrx_word' id='word_1_166' title='bbox 458 1794 632 1839; x_wconf 79' lang='lat' dir='ltr'><strong>strum</strong></span> <span class='ocrx_word' id='word_1_167' title='bbox 663 1781 848 1841; x_wconf 82' lang='lat' dir='ltr'><strong>Jesum</strong></span> <span class='ocrx_word' id='word_1_168' title='bbox 879 1783 1178 1846; x_wconf 85' lang='lat' dir='ltr'><strong>Christum,</strong></span> <span class='ocrx_word' id='word_1_169' title='bbox 1209 1792 1317 1841; x_wconf 85' lang='lat' dir='ltr'><strong>etc.</strong></span> 
     </span>
    </p>
   </div>
   <div class='ocr_carea' id='block_1_16' title="bbox 529 1872 3713 1946">
    <p class='ocr_par' dir='ltr' id='par_1_16' title="bbox 529 1872 3713 1946">
     <span class='ocr_line' id='line_1_17' title="bbox 529 1872 3713 1946; baseline 0 -17"><span class='ocrx_word' id='word_1_170' title='bbox 529 1874 597 1929; x_wconf 85' lang='lat' dir='ltr'><strong><em>In</em></strong></span> <span class='ocrx_word' id='word_1_171' title='bbox 620 1877 834 1945; x_wconf 89' lang='lat' dir='ltr'><strong><em>antiquo</em></strong></span> <span class='ocrx_word' id='word_1_172' title='bbox 863 1874 1077 1931; x_wconf 76' lang='lat' dir='ltr'><strong><em>Missali</em></strong></span> <span class='ocrx_word' id='word_1_173' title='bbox 1105 1877 1337 1946; x_wconf 85' lang='lat' dir='ltr'><strong><em>ejusdem</em></strong></span> <span class='ocrx_word' id='word_1_174' title='bbox 1370 1873 1639 1942; x_wconf 66' lang='lat' dir='ltr'><strong><em>Ecclesia,</em></strong></span> <span class='ocrx_word' id='word_1_175' title='bbox 1666 1876 1807 1931; x_wconf 88' lang='lat' dir='ltr'><strong><em>edito</em></strong></span> <span class='ocrx_word' id='word_1_176' title='bbox 1836 1893 1975 1930; x_wconf 88' lang='lat' dir='ltr'><strong><em>anno</em></strong></span> <span class='ocrx_word' id='word_1_177' title='bbox 2016 1873 2175 1938; x_wconf 73' lang='grc'><strong>1485,</strong></span> <span class='ocrx_word' id='word_1_178' title='bbox 2210 1872 2461 1936; x_wconf 76' lang='lat' dir='ltr'><strong><em>Parisiis,</em></strong></span> <span class='ocrx_word' id='word_1_179' title='bbox 2490 1875 2568 1928; x_wconf 90' lang='lat' dir='ltr'><strong>sic</strong></span> <span class='ocrx_word' id='word_1_180' title='bbox 2595 1872 2817 1928; x_wconf 83' lang='lat' dir='ltr'><strong><em>habetur</em></strong></span> <span class='ocrx_word' id='word_1_181' title='bbox 2850 1891 2877 1928; x_wconf 60' lang='grc' dir='ltr'><em>τ</em></span> <span class='ocrx_word' id='word_1_182' title='bbox 2898 1872 3013 1929; x_wconf 89' lang='lat' dir='ltr'><strong>Sub</strong></span> <span class='ocrx_word' id='word_1_183' title='bbox 3042 1874 3231 1930; x_wconf 87' lang='lat' dir='ltr'><strong>eodem</strong></span> <span class='ocrx_word' id='word_1_184' title='bbox 3260 1874 3348 1931; x_wconf 88' lang='lat' dir='ltr'><strong><em>die</em></strong></span> <span class='ocrx_word' id='word_1_185' title='bbox 3379 1875 3554 1931; x_wconf 89' lang='lat' dir='ltr'><strong>sancti</strong></span> <span class='ocrx_word' id='word_1_186' title='bbox 3588 1872 3713 1929; x_wconf 84' lang='lat' dir='ltr'><strong>Eu-</strong></span> 
     </span>
    </p>
   </div>
   <div class='ocr_carea' id='block_1_17' title="bbox 455 1964 3709 2040">
    <p class='ocr_par' dir='ltr' id='par_1_17' title="bbox 455 1964 3709 2040">
     <span class='ocr_line' id='line_1_18' title="bbox 455 1964 3709 2040; baseline -0.001 -16"><span class='ocrx_word' id='word_1_187' title='bbox 455 1968 593 2024; x_wconf 77' lang='lat' dir='ltr'><strong>sebii</strong></span> <span class='ocrx_word' id='word_1_188' title='bbox 623 1970 864 2040; x_wconf 89' lang='lat' dir='ltr'><strong>episcopi</strong></span> <span class='ocrx_word' id='word_1_189' title='bbox 894 1967 1147 2024; x_wconf 80' lang='lat' dir='ltr'><strong>ollicium.</strong></span> <span class='ocrx_word' id='word_1_190' title='bbox 1184 1966 1384 2021; x_wconf 88' lang='lat' dir='ltr'><strong>Statuit</strong></span> <span class='ocrx_word' id='word_1_191' title='bbox 1405 1966 1477 2032; x_wconf 92' lang='lat' dir='ltr'><strong>ei,</strong></span> <span class='ocrx_word' id='word_1_192' title='bbox 1503 1977 1602 2022; x_wconf 91' lang='lat' dir='ltr'><strong><em>etc.</em></strong></span> <span class='ocrx_word' id='word_1_193' title='bbox 1641 1967 1851 2024; x_wconf 88' lang='lat' dir='ltr'><strong><em>Oratio.</em></strong></span> <span class='ocrx_word' id='word_1_194' title='bbox 1890 1967 1995 2032; x_wconf 90' lang='lat' dir='ltr'><strong>Da,</strong></span> <span class='ocrx_word' id='word_1_195' title='bbox 2027 1980 2363 2037; x_wconf 64' lang='lat' dir='ltr'><strong>quaesumus.</strong></span> <span class='ocrx_word' id='word_1_196' title='bbox 2400 1966 2664 2038; x_wconf 85' lang='lat' dir='ltr'><strong><em>Epistola.</em></strong></span> <span class='ocrx_word' id='word_1_197' title='bbox 2691 1964 2979 2023; x_wconf 81' lang='lat' dir='ltr'><strong>Testiﬁcor</strong></span> <span class='ocrx_word' id='word_1_198' title='bbox 3034 1982 3218 2022; x_wconf 90' lang='lat' dir='ltr'><strong>coram</strong></span> <span class='ocrx_word' id='word_1_199' title='bbox 3272 1967 3404 2025; x_wconf 88' lang='lat' dir='ltr'><strong>Deo.</strong></span> <span class='ocrx_word' id='word_1_200' title='bbox 3450 1968 3709 2040; x_wconf 80' lang='lat' dir='ltr'><strong><em>Euange-</em></strong></span> 
     </span>
    </p>
   </div>
   <div class='ocr_carea' id='block_1_18' title="bbox 449 2059 3480 2141">
    <p class='ocr_par' dir='ltr' id='par_1_18' title="bbox 449 2059 3480 2141">
     <span class='ocr_line' id='line_1_19' title="bbox 449 2059 3480 2141; baseline -0 -16"><span class='ocrx_word' id='word_1_201' title='bbox 449 2071 601 2126; x_wconf 81' lang='lat' dir='ltr'><strong><em>lium.</em></strong></span> <span class='ocrx_word' id='word_1_202' title='bbox 637 2069 885 2140; x_wconf 83' lang='lat' dir='ltr'><strong>Vigilate.</strong></span> <span class='ocrx_word' id='word_1_203' title='bbox 923 2068 1057 2132; x_wconf 69' lang='lat' dir='ltr'><strong>Qut:</strong></span> <span class='ocrx_word' id='word_1_204' title='bbox 1085 2066 1262 2121; x_wconf 87' lang='lat' dir='ltr'><strong><em>omnia</em></strong></span> <span class='ocrx_word' id='word_1_205' title='bbox 1289 2065 1346 2118; x_wconf 87' lang='lat' dir='ltr'><strong>in</strong></span> <span class='ocrx_word' id='word_1_206' title='bbox 1375 2065 1641 2119; x_wconf 84' lang='lat' dir='ltr'><strong><em>communi</em></strong></span> <span class='ocrx_word' id='word_1_207' title='bbox 1672 2061 1988 2134; x_wconf 78' lang='lat' dir='ltr'><strong><em>confessoris</em></strong></span> <span class='ocrx_word' id='word_1_208' title='bbox 2013 2064 2262 2132; x_wconf 73' lang='lat' dir='ltr'><strong><em>episcopi.</em></strong></span> <span class='ocrx_word' id='word_1_209' title='bbox 2291 2059 2361 2115; x_wconf 84' lang='lat' dir='ltr'><strong><em>Et</em></strong></span> <span class='ocrx_word' id='word_1_210' title='bbox 2392 2059 2607 2116; x_wconf 82' lang='lat' dir='ltr'><strong><em>dicatur</em></strong></span> <span class='ocrx_word' id='word_1_211' title='bbox 2654 2063 2943 2131; x_wconf 84' lang='lat' dir='ltr'><strong><em>residuum,</em></strong></span> <span class='ocrx_word' id='word_1_212' title='bbox 2973 2074 3032 2119; x_wconf 91' lang='lat' dir='ltr'><strong>ut</strong></span> <span class='ocrx_word' id='word_1_213' title='bbox 3057 2070 3214 2123; x_wconf 72' lang='lat' dir='ltr'><strong><em>unius</em></strong></span> <span class='ocrx_word' id='word_1_214' title='bbox 3235 2071 3480 2141; x_wconf 83' lang='lat' dir='ltr'><strong><em>episcopi.</em></strong></span> 
     </span>
    </p>
   </div>
   <div class='ocr_carea' id='block_1_19' title="bbox 923 2173 3189 2248">
    <p class='ocr_par' dir='ltr' id='par_1_19' title="bbox 923 2173 3189 2248">
     <span class='ocr_line' id='line_1_20' title="bbox 923 2173 3189 2248; baseline 0.004 -19"><span class='ocrx_word' id='word_1_215' title='bbox 923 2176 988 2229; x_wconf 85' lang='lat' dir='ltr'><strong><em>In</em></strong></span> <span class='ocrx_word' id='word_1_216' title='bbox 1026 2176 1184 2230; x_wconf 84' lang='lat' dir='ltr'><strong><em>veteri</em></strong></span> <span class='ocrx_word' id='word_1_217' title='bbox 1209 2173 1534 2233; x_wconf 85' lang='lat' dir='ltr'><strong><em>Kalendario</em></strong></span> <span class='ocrx_word' id='word_1_218' title='bbox 1562 2180 1923 2248; x_wconf 85' lang='lat' dir='ltr'><strong><em>manuscripto</em></strong></span> <span class='ocrx_word' id='word_1_219' title='bbox 1947 2177 2180 2248; x_wconf 76' lang='lat' dir='ltr'><strong><em>ejusdem</em></strong></span> <span class='ocrx_word' id='word_1_220' title='bbox 2203 2176 2452 2234; x_wconf 68' lang='lat' dir='ltr'><strong><em>Ecclesia</em></strong></span> <span class='ocrx_word' id='word_1_221' title='bbox 2483 2178 2703 2234; x_wconf 78' lang='lat' dir='ltr'><strong><em>habetur</em></strong></span> <span class='ocrx_word' id='word_1_222' title='bbox 2726 2181 2781 2234; x_wconf 88' lang='lat' dir='ltr'><strong>in</strong></span> <span class='ocrx_word' id='word_1_223' title='bbox 2804 2197 2983 2237; x_wconf 83' lang='lat' dir='ltr'><strong><em>mense</em></strong></span> <span class='ocrx_word' id='word_1_224' title='bbox 3004 2180 3189 2237; x_wconf 85' lang='lat' dir='ltr'><strong><em>Junio.</em></strong></span> 
     </span>
    </p>
   </div>
   <div class='ocr_carea' id='block_1_20' title="bbox 518 2288 1726 2362">
    <p class='ocr_par' dir='ltr' id='par_1_20' title="bbox 518 2288 1726 2362">
     <span class='ocr_line' id='line_1_21' title="bbox 518 2288 1726 2362; baseline 0.001 -18"><span class='ocrx_word' id='word_1_225' title='bbox 518 2306 571 2345; x_wconf 72' lang='grc' dir='ltr'><strong>ιι</strong></span> <span class='ocrx_word' id='word_1_226' title='bbox 604 2290 830 2346; x_wconf 85' lang='lat' dir='ltr'><strong>Kalend.</strong></span> <span class='ocrx_word' id='word_1_227' title='bbox 873 2289 1025 2345; x_wconf 84' lang='lat' dir='ltr'><strong>Julii.</strong></span> <span class='ocrx_word' id='word_1_228' title='bbox 1049 2288 1268 2346; x_wconf 83' lang='lat' dir='ltr'><strong>Eusebii</strong></span> <span class='ocrx_word' id='word_1_229' title='bbox 1303 2290 1726 2362; x_wconf 84' lang='lat' dir='ltr'><strong>archiepiscopi.</strong></span> 
     </span>
    </p>
   </div>
   <div class='ocr_carea' id='block_1_21' title="bbox 443 2382 3695 2523">
    <p class='ocr_par' dir='ltr' id='par_1_21' title="bbox 443 2382 3695 2523">
     <span class='ocr_line' id='line_1_22' title="bbox 443 2382 3695 2523; baseline 0.003 -83"><span class='ocrx_word' id='word_1_230' title='bbox 443 2382 622 2440; x_wconf 74' lang='lat' dir='ltr'><strong><em>Codex</em></strong></span> <span class='ocrx_word' id='word_1_231' title='bbox 647 2401 748 2439; x_wconf 88' lang='lat' dir='ltr'><strong><em>ms.</em></strong></span> <span class='ocrx_word' id='word_1_232' title='bbox 779 2384 1096 2439; x_wconf 83' lang='lat' dir='ltr'><strong><em>Parisiensis</em></strong></span> <span class='ocrx_word' id='word_1_233' title='bbox 1127 2383 1372 2440; x_wconf 77' lang='lat' dir='ltr'><strong><em>Ecclesia:</em></strong></span> <span class='ocrx_word' id='word_1_234' title='bbox 1400 2395 1521 2439; x_wconf 84' lang='lat' dir='ltr'><strong><em>ante</em></strong></span> <span class='ocrx_word' id='word_1_235' title='bbox 1550 2385 1878 2523; x_wconf 40' lang='lat' dir='ltr'><strong><em>octilnigt/tintos.</em></strong></span> <span class='ocrx_word' id='word_1_236' title='bbox 1893 2403 2057 2440; x_wconf 83' lang='lat' dir='ltr'><strong><em>annos</em></strong></span> <span class='ocrx_word' id='word_1_237' title='bbox 2084 2399 2356 2450; x_wconf 72' lang='lat' dir='ltr'><strong><em>exoratus,</em></strong></span> <span class='ocrx_word' id='word_1_238' title='bbox 2379 2387 2649 2443; x_wconf 85' lang='lat' dir='ltr'><strong><em>continens</em></strong></span> <span class='ocrx_word' id='word_1_239' title='bbox 2668 2386 2881 2445; x_wconf 86' lang='lat' dir='ltr'><strong><em>Eusebii</em></strong></span> <span class='ocrx_word' id='word_1_240' title='bbox 2906 2389 3200 2447; x_wconf 82' lang='lat' dir='ltr'><strong>Historiam</strong></span> <span class='ocrx_word' id='word_1_241' title='bbox 3231 2393 3695 2461; x_wconf 83' lang='lat' dir='ltr'><strong><em>ecclesiasticam,</em></strong></span> 
     </span>
     <span class='ocr_line' id='line_1_23' title="bbox 1691 2460 2503 2523; baseline 0.009 -15"><span class='ocrx_word' id='word_1_242' title='bbox 1691 2472 1723 2508; x_wconf 85' lang='grc' dir='ltr'>ιι</span> <span class='ocrx_word' id='word_1_243' title='bbox 1767 2472 1834 2509; x_wconf 91' lang='lat' dir='ltr'><strong>no</strong></span> <span class='ocrx_word' id='word_1_244' title='bbox 1859 2465 2155 2523; x_wconf 76' lang='lat' dir='ltr'><strong><em>interprete,</em></strong></span> <span class='ocrx_word' id='word_1_245' title='bbox 2188 2461 2265 2512; x_wconf 90' lang='lat' dir='ltr'><strong>sic</strong></span> <span class='ocrx_word' id='word_1_246' title='bbox 2284 2460 2503 2523; x_wconf 80' lang='lat' dir='ltr'><strong><em>incipit:</em></strong></span> 
     </span>
    </p>
   </div>
   <div class='ocr_carea' id='block_1_22' title="bbox 1691 2460 2503 2528">
    <p class='ocr_par' dir='ltr' id='par_1_22' title="bbox 1691 2460 2503 2528">
     <span class='ocr_line' id='line_1_24' title="bbox 1691 2460 2503 2528; baseline 0.009 -20"><span class='ocrx_word' id='word_1_247' title='bbox 1691 2460 1834 2523; x_wconf 83' lang='lat' dir='ltr'><strong><em>u/ino</em></strong></span> <span class='ocrx_word' id='word_1_248' title='bbox 1859 2460 2155 2525; x_wconf 85' lang='lat' dir='ltr'><strong><em>interprete,</em></strong></span> <span class='ocrx_word' id='word_1_249' title='bbox 2188 2461 2265 2512; x_wconf 90' lang='lat' dir='ltr'><strong>sic</strong></span> <span class='ocrx_word' id='word_1_250' title='bbox 2284 2460 2503 2528; x_wconf 79' lang='lat' dir='ltr'><strong><em>incipit:</em></strong></span> 
     </span>
    </p>
   </div>
   <div class='ocr_carea' id='block_1_23' title="bbox 511 2552 3540 2629">
    <p class='ocr_par' dir='ltr' id='par_1_23' title="bbox 511 2552 3540 2629">
     <span class='ocr_line' id='line_1_25' title="bbox 511 2552 3540 2629; baseline 0.002 -21"><span class='ocrx_word' id='word_1_251' title='bbox 511 2553 572 2608; x_wconf 89' lang='lat' dir='ltr'><strong>ln</strong></span> <span class='ocrx_word' id='word_1_252' title='bbox 603 2553 822 2610; x_wconf 90' lang='lat' dir='ltr'><strong>nomine</strong></span> <span class='ocrx_word' id='word_1_253' title='bbox 850 2554 945 2609; x_wconf 89' lang='lat' dir='ltr'><strong>Dei</strong></span> <span class='ocrx_word' id='word_1_254' title='bbox 970 2557 1191 2621; x_wconf 90' lang='lat' dir='ltr'><strong>summi,</strong></span> <span class='ocrx_word' id='word_1_255' title='bbox 1217 2555 1405 2624; x_wconf 92' lang='lat' dir='ltr'><strong>incipit</strong></span> <span class='ocrx_word' id='word_1_256' title='bbox 1442 2552 1681 2625; x_wconf 84' lang='lat' dir='ltr'><strong>Historia</strong></span> <span class='ocrx_word' id='word_1_257' title='bbox 1708 2554 1881 2608; x_wconf 91' lang='lat' dir='ltr'><strong>sancti</strong></span> <span class='ocrx_word' id='word_1_258' title='bbox 1918 2552 2136 2610; x_wconf 80' lang='lat' dir='ltr'><strong>Eusebii</strong></span> <span class='ocrx_word' id='word_1_259' title='bbox 2165 2555 2520 2614; x_wconf 60' lang='lat' dir='ltr'><strong>Caesariensis</strong></span> <span class='ocrx_word' id='word_1_260' title='bbox 2550 2558 2815 2629; x_wconf 88' lang='lat' dir='ltr'><strong>episcopi,</strong></span> <span class='ocrx_word' id='word_1_261' title='bbox 2856 2556 2911 2611; x_wconf 88' lang='lat' dir='ltr'><strong>id</strong></span> <span class='ocrx_word' id='word_1_262' title='bbox 2939 2565 3023 2612; x_wconf 89' lang='lat' dir='ltr'><strong>est</strong></span> <span class='ocrx_word' id='word_1_263' title='bbox 3052 2556 3174 2612; x_wconf 87' lang='lat' dir='ltr'><strong>libri</strong></span> <span class='ocrx_word' id='word_1_264' title='bbox 3205 2572 3435 2614; x_wconf 88' lang='lat' dir='ltr'><strong>numero</strong></span> <span class='ocrx_word' id='word_1_265' title='bbox 3462 2574 3540 2613; x_wconf 76' lang='lat' dir='ltr'><strong>XI.</strong></span> 
     </span>
    </p>
   </div>
   <div class='ocr_carea' id='block_1_24' title="bbox 516 2672 3617 2795">
    <p class='ocr_par' dir='ltr' id='par_1_24' title="bbox 516 2672 3617 2795">
     <span class='ocr_line' id='line_1_26' title="bbox 516 2672 3617 2795; baseline 0 -67"><span class='ocrx_word' id='word_1_266' title='bbox 516 2672 605 2728; x_wconf 74' lang='lat' dir='ltr'><strong>Eo;</strong></span> <span class='ocrx_word' id='word_1_267' title='bbox 659 2673 793 2727; x_wconf 89' lang='lat' dir='ltr'><strong><em>libro</em></strong></span> <span class='ocrx_word' id='word_1_268' title='bbox 826 2672 902 2728; x_wconf 86' lang='lat' dir='ltr'><strong>De</strong></span> <span class='ocrx_word' id='word_1_269' title='bbox 953 2673 1318 2728; x_wconf 88' lang='lat' dir='ltr'><strong>luminaribus</strong></span> <span class='ocrx_word' id='word_1_270' title='bbox 1380 2672 1661 2737; x_wconf 63' lang='lat' dir='ltr'><strong>Ecclesiae,</strong></span> <span class='ocrx_word' id='word_1_271' title='bbox 1719 2672 1808 2743; x_wconf 87' lang='lat' dir='ltr'><strong><em>qui</em></strong></span> <span class='ocrx_word' id='word_1_272' title='bbox 1863 2672 2082 2795; x_wconf 52' lang='lat' dir='ltr'><strong><em>lugetur</em></strong></span> <span class='ocrx_word' id='word_1_273' title='bbox 2120 2672 2175 2726; x_wconf 88' lang='lat' dir='ltr'><strong>in</strong></span> <span class='ocrx_word' id='word_1_274' title='bbox 2204 2673 2536 2754; x_wconf 76' lang='lat' dir='ltr'><strong><em>collectaneis</em></strong></span> <span class='ocrx_word' id='word_1_275' title='bbox 2588 2673 2766 2742; x_wconf 78' lang='lat' dir='ltr'><strong><em>Bedat,</em></strong></span> <span class='ocrx_word' id='word_1_276' title='bbox 2813 2683 2864 2729; x_wconf 85' lang='lat' dir='ltr'><strong>et</strong></span> <span class='ocrx_word' id='word_1_277' title='bbox 2923 2675 3061 2728; x_wconf 87' lang='lat' dir='ltr'><strong><em>inter</em></strong></span> <span class='ocrx_word' id='word_1_278' title='bbox 3105 2689 3263 2744; x_wconf 89' lang='lat' dir='ltr'><strong><em>opera</em></strong></span> <span class='ocrx_word' id='word_1_279' title='bbox 3301 2675 3484 2745; x_wconf 85' lang='lat' dir='ltr'><strong><em>spuria</em></strong></span> <span class='ocrx_word' id='word_1_280' title='bbox 3544 2673 3617 2728; x_wconf 84' lang='grc' dir='ltr'><strong>Β.</strong></span> 
     </span>
     <span class='ocr_line' id='line_1_27' title="bbox 1965 2758 2240 2795; baseline 0 0"><span class='ocrx_word' id='word_1_281' title='bbox 1965 2758 2240 2795; x_wconf 81' lang='grc' dir='ltr'><strong>ιει-οηωηι.</strong></span> 
     </span>
    </p>
   </div>
   <div class='ocr_carea' id='block_1_25' title="bbox 1965 2758 2240 2813">
    <p class='ocr_par' dir='ltr' id='par_1_25' title="bbox 1965 2758 2240 2813">
     <span class='ocr_line' id='line_1_28' title="bbox 1965 2758 2240 2813; baseline -0.004 -17"><span class='ocrx_word' id='word_1_282' title='bbox 1965 2758 2240 2813; x_wconf 82' lang='lat' dir='ltr'><strong><em>teronymt.</em></strong></span> 
     </span>
    </p>
   </div>
   <div class='ocr_carea' id='block_1_26' title="bbox 512 2833 3701 2909">
    <p class='ocr_par' dir='ltr' id='par_1_26' title="bbox 512 2833 3701 2909">
     <span class='ocr_line' id='line_1_29' title="bbox 512 2833 3701 2909; baseline 0 -19"><span class='ocrx_word' id='word_1_283' title='bbox 512 2834 781 2893; x_wconf 87' lang='lat' dir='ltr'><strong>Eusebius</strong></span> <span class='ocrx_word' id='word_1_284' title='bbox 805 2833 1186 2904; x_wconf 64' lang='lat' dir='ltr'><strong>Caesariensis,</strong></span> <span class='ocrx_word' id='word_1_285' title='bbox 1217 2836 1387 2891; x_wconf 89' lang='lat' dir='ltr'><strong>clavis</strong></span> <span class='ocrx_word' id='word_1_286' title='bbox 1412 2833 1844 2906; x_wconf 87' lang='lat' dir='ltr'><strong>Scripturarum,</strong></span> <span class='ocrx_word' id='word_1_287' title='bbox 1877 2843 2172 2906; x_wconf 86' lang='lat' dir='ltr'><strong>custosque</strong></span> <span class='ocrx_word' id='word_1_288' title='bbox 2202 2834 2336 2890; x_wconf 88' lang='lat' dir='ltr'><strong>Novi</strong></span> <span class='ocrx_word' id='word_1_289' title='bbox 2364 2835 2721 2904; x_wconf 86' lang='lat' dir='ltr'><strong>Testamenti,</strong></span> <span class='ocrx_word' id='word_1_290' title='bbox 2751 2838 2936 2893; x_wconf 90' lang='lat' dir='ltr'><strong>multis</strong></span> <span class='ocrx_word' id='word_1_291' title='bbox 2996 2838 3180 2909; x_wconf 72' lang='lat' dir='ltr'><strong>major</strong></span> <span class='ocrx_word' id='word_1_292' title='bbox 3224 2841 3278 2897; x_wconf 90' lang='lat' dir='ltr'><strong><em>in</em></strong></span> <span class='ocrx_word' id='word_1_293' title='bbox 3327 2837 3701 2908; x_wconf 85' lang='lat' dir='ltr'><strong>conscriptio-</strong></span> 
     </span>
    </p>
   </div>
   <div class='ocr_carea' id='block_1_27' title="bbox 438 2926 3698 3000">
    <p class='ocr_par' dir='ltr' id='par_1_27' title="bbox 438 2926 3698 3000">
     <span class='ocr_line' id='line_1_30' title="bbox 438 2926 3698 3000; baseline -0 -16"><span class='ocrx_word' id='word_1_294' title='bbox 438 2928 605 2985; x_wconf 88' lang='lat' dir='ltr'><strong>nibus</strong></span> <span class='ocrx_word' id='word_1_295' title='bbox 636 2943 759 2983; x_wconf 92' lang='lat' dir='ltr'><strong>esse</strong></span> <span class='ocrx_word' id='word_1_296' title='bbox 788 2927 1197 2997; x_wconf 88' lang='lat' dir='ltr'><strong>comprobatur.</strong></span> <span class='ocrx_word' id='word_1_297' title='bbox 1243 2926 1371 2980; x_wconf 88' lang='lat' dir='ltr'><strong>Tria</strong></span> <span class='ocrx_word' id='word_1_298' title='bbox 1411 2935 1539 2984; x_wconf 89' lang='lat' dir='ltr'><strong>sunt</strong></span> <span class='ocrx_word' id='word_1_299' title='bbox 1567 2928 1851 2998; x_wconf 66' lang='lat' dir='ltr'><strong>praeclara,</strong></span> <span class='ocrx_word' id='word_1_300' title='bbox 1873 2943 1995 3000; x_wconf 69' lang='lat' dir='ltr'><strong>qua:</strong></span> <span class='ocrx_word' id='word_1_301' title='bbox 2018 2927 2123 2983; x_wconf 88' lang='lat' dir='ltr'><strong>hoc</strong></span> <span class='ocrx_word' id='word_1_302' title='bbox 2145 2928 2201 2982; x_wconf 93' lang='lat' dir='ltr'><strong><em>in</em></strong></span> <span class='ocrx_word' id='word_1_303' title='bbox 2235 2928 2492 2998; x_wconf 85' lang='lat' dir='ltr'><strong>operibus</strong></span> <span class='ocrx_word' id='word_1_304' title='bbox 2522 2929 2642 2999; x_wconf 91' lang='lat' dir='ltr'><strong>ejus</strong></span> <span class='ocrx_word' id='word_1_305' title='bbox 2669 2945 2795 2985; x_wconf 88' lang='lat' dir='ltr'><strong>vere</strong></span> <span class='ocrx_word' id='word_1_306' title='bbox 2819 2937 3094 2985; x_wconf 89' lang='lat' dir='ltr'><strong>testantur</strong></span> <span class='ocrx_word' id='word_1_307' title='bbox 3123 2950 3135 2984; x_wconf 91' lang='lat'><strong>:</strong></span> <span class='ocrx_word' id='word_1_308' title='bbox 3170 2928 3403 2984; x_wconf 83' lang='lat' dir='ltr'><strong><em>Canenes</em></strong></span> <span class='ocrx_word' id='word_1_309' title='bbox 3455 2940 3698 2999; x_wconf 76' lang='lat' dir='ltr'><strong><em>quatuor</em></strong></span> 
     </span>
    </p>
   </div>
   <div class='ocr_carea' id='block_1_28' title="bbox 441 3016 3693 3089">
    <p class='ocr_par' dir='ltr' id='par_1_28' title="bbox 441 3016 3693 3089">
     <span class='ocr_line' id='line_1_31' title="bbox 441 3016 3693 3089; baseline 0.001 -16"><span class='ocrx_word' id='word_1_310' title='bbox 441 3016 873 3089; x_wconf 81' lang='lat' dir='ltr'><strong><em>Evangeliorum,</em></strong></span> <span class='ocrx_word' id='word_1_311' title='bbox 902 3017 993 3087; x_wconf 88' lang='lat' dir='ltr'><strong>qui</strong></span> <span class='ocrx_word' id='word_1_312' title='bbox 1035 3016 1242 3071; x_wconf 85' lang='lat' dir='ltr'><strong>Novum</strong></span> <span class='ocrx_word' id='word_1_313' title='bbox 1274 3017 1678 3073; x_wconf 86' lang='lat' dir='ltr'><strong>Testamentum</strong></span> <span class='ocrx_word' id='word_1_314' title='bbox 1709 3026 1935 3073; x_wconf 90' lang='lat' dir='ltr'><strong>narrant</strong></span> <span class='ocrx_word' id='word_1_315' title='bbox 1966 3029 2129 3089; x_wconf 89' lang='lat' dir='ltr'><strong>atque</strong></span> <span class='ocrx_word' id='word_1_316' title='bbox 2167 3019 2503 3083; x_wconf 89' lang='lat' dir='ltr'><strong>custodiunt,</strong></span> <span class='ocrx_word' id='word_1_317' title='bbox 2545 3018 2734 3076; x_wconf 89' lang='lat' dir='ltr'><strong>decem</strong></span> <span class='ocrx_word' id='word_1_318' title='bbox 2768 3020 2891 3075; x_wconf 89' lang='lat' dir='ltr'><strong>libri</strong></span> <span class='ocrx_word' id='word_1_319' title='bbox 2957 3017 3214 3075; x_wconf 76' lang='lat' dir='ltr'><strong><em>Historia:</em></strong></span> <span class='ocrx_word' id='word_1_320' title='bbox 3269 3020 3693 3086; x_wconf 76' lang='lat' dir='ltr'><strong><em>Ecclesiastica,</em></strong></span> 
     </span>
    </p>
   </div>
   <div class='ocr_carea' id='block_1_29' title="bbox 438 3106 3697 3182">
    <p class='ocr_par' dir='ltr' id='par_1_29' title="bbox 438 3106 3697 3182">
     <span class='ocr_line' id='line_1_32' title="bbox 438 3106 3697 3182; baseline -0 -16"><span class='ocrx_word' id='word_1_321' title='bbox 438 3120 495 3165; x_wconf 89' lang='lat' dir='ltr'><strong>et</strong></span> <span class='ocrx_word' id='word_1_322' title='bbox 521 3108 841 3173; x_wconf 87' lang='lat' dir='ltr'><strong><em>Chronicon,</em></strong></span> <span class='ocrx_word' id='word_1_323' title='bbox 888 3106 940 3161; x_wconf 90' lang='lat' dir='ltr'><strong>id</strong></span> <span class='ocrx_word' id='word_1_324' title='bbox 974 3115 1078 3172; x_wconf 90' lang='lat' dir='ltr'><strong>est,</strong></span> <span class='ocrx_word' id='word_1_325' title='bbox 1114 3118 1418 3179; x_wconf 87' lang='lat' dir='ltr'><strong>temporum</strong></span> <span class='ocrx_word' id='word_1_326' title='bbox 1455 3110 1803 3166; x_wconf 89' lang='lat' dir='ltr'><strong>breviarium.</strong></span> <span class='ocrx_word' id='word_1_327' title='bbox 1834 3109 1899 3163; x_wconf 86' lang='lat' dir='ltr'><strong>Et</strong></span> <span class='ocrx_word' id='word_1_328' title='bbox 1921 3125 2022 3165; x_wconf 83' lang='lat' dir='ltr'><strong>nos</strong></span> <span class='ocrx_word' id='word_1_329' title='bbox 2053 3111 2237 3165; x_wconf 78' lang='lat' dir='ltr'><strong>omnia</strong></span> <span class='ocrx_word' id='word_1_330' title='bbox 2256 3110 2378 3181; x_wconf 86' lang='lat' dir='ltr'><strong>ejus</strong></span> <span class='ocrx_word' id='word_1_331' title='bbox 2409 3110 2637 3181; x_wconf 80' lang='lat' dir='ltr'><strong>vestigia</strong></span> <span class='ocrx_word' id='word_1_332' title='bbox 2679 3110 2772 3181; x_wconf 93' lang='lat' dir='ltr'><strong><em>qui</em></strong></span> <span class='ocrx_word' id='word_1_333' title='bbox 2807 3110 3009 3166; x_wconf 90' lang='lat' dir='ltr'><strong>imitari</strong></span> <span class='ocrx_word' id='word_1_334' title='bbox 3068 3112 3354 3182; x_wconf 81' lang='lat' dir='ltr'><strong>potuisset,</strong></span> <span class='ocrx_word' id='word_1_335' title='bbox 3401 3125 3697 3182; x_wconf 81' lang='lat' dir='ltr'><strong>nunquam</strong></span> 
     </span>
    </p>
   </div>
   <div class='ocr_carea' id='block_1_30' title="bbox 438 3199 765 3269">
    <p class='ocr_par' dir='ltr' id='par_1_30' title="bbox 438 3199 765 3269">
     <span class='ocr_line' id='line_1_33' title="bbox 438 3199 765 3269; baseline -0.015 -12"><span class='ocrx_word' id='word_1_336' title='bbox 438 3199 765 3269; x_wconf 89' lang='lat' dir='ltr'><strong>reperimus.</strong></span> 
     </span>
    </p>
   </div>
   <div class='ocr_carea' id='block_1_31' title="bbox 439 3311 1988 3388">
    <p class='ocr_par' dir='ltr' id='par_1_31' title="bbox 439 3311 1988 3388">
     <span class='ocr_line' id='line_1_34' title="bbox 439 3311 1988 3388; baseline 0.001 -23"><span class='ocrx_word' id='word_1_337' title='bbox 439 3311 523 3365; x_wconf 78' lang='lat' dir='ltr'><strong>Ea:</strong></span> <span class='ocrx_word' id='word_1_338' title='bbox 572 3311 928 3367; x_wconf 80' lang='lat' dir='ltr'><strong><em>Miscallaneis</em></strong></span> <span class='ocrx_word' id='word_1_339' title='bbox 973 3327 1071 3366; x_wconf 88' lang='lat' dir='ltr'><strong>ms.</strong></span> <span class='ocrx_word' id='word_1_340' title='bbox 1111 3312 1368 3388; x_wconf 78' lang='lat' dir='ltr'><strong><em>Theodori</em></strong></span> <span class='ocrx_word' id='word_1_341' title='bbox 1412 3311 1731 3388; x_wconf 28' lang='lat' dir='ltr'><strong><em>Metoch‘itte,</em></strong></span> <span class='ocrx_word' id='word_1_342' title='bbox 1780 3331 1845 3369; x_wconf 72' lang='lat' dir='ltr'><strong>ea:</strong></span> <span class='ocrx_word' id='word_1_343' title='bbox 1904 3332 1988 3384; x_wconf 67' lang='lat' dir='ltr'><strong><em>ca;</em></strong></span> 
     </span>
    </p>
   </div>
   <div class='ocr_carea' id='block_1_32' title="bbox 2147 3311 3696 3388">
    <p class='ocr_par' dir='ltr' id='par_1_32' title="bbox 2148 3313 3696 3388">
     <span class='ocr_line' id='line_1_35' title="bbox 2148 3313 3696 3388; baseline 0.001 -21"><span class='ocrx_word' id='word_1_344' title='bbox 2148 3316 2298 3388; x_wconf 24' lang='lat' dir='ltr'><strong><em>ujus#</em></strong></span> <span class='ocrx_word' id='word_1_345' title='bbox 2326 3315 2511 3388; x_wconf 78' lang='lat' dir='ltr'><strong><em>titulus</em></strong></span> <span class='ocrx_word' id='word_1_346' title='bbox 2564 3324 2644 3388; x_wconf 69' lang='lat' dir='ltr'><strong>est</strong></span> <span class='ocrx_word' id='word_1_347' title='bbox 2690 3335 2707 3370; x_wconf 92' lang='lat'><strong><em>:</em></strong></span> <span class='ocrx_word' id='word_1_348' title='bbox 2754 3317 2874 3370; x_wconf 86' lang='grc' dir='ltr'><strong>Ὅτι</strong></span> <span class='ocrx_word' id='word_1_349' title='bbox 2919 3314 3119 3377; x_wconf 76' lang='grc' dir='ltr'>πάντες</span> <span class='ocrx_word' id='word_1_350' title='bbox 3168 3314 3280 3368; x_wconf 82' lang='grc' dir='ltr'>ὅσοι</span> <span class='ocrx_word' id='word_1_351' title='bbox 3321 3315 3379 3368; x_wconf 82' lang='grc' dir='ltr'><strong>ὲν</strong></span> <span class='ocrx_word' id='word_1_352' title='bbox 3424 3313 3696 3388; x_wconf 62' lang='grc' dir='ltr'><strong>Αἰγύπτῳ</strong></span> 
     </span>
    </p>
   </div>
   <div class='ocr_carea' id='block_1_33' title="bbox 1072 3384 2796 3458">
    <p class='ocr_par' dir='ltr' id='par_1_33' title="bbox 1072 3384 2796 3458">
     <span class='ocr_line' id='line_1_36' title="bbox 1072 3384 2796 3458; baseline 0.003 -22"><span class='ocrx_word' id='word_1_353' title='bbox 1072 3390 1075 3397; x_wconf 90' lang='grc'><em>’</em></span> <span class='ocrx_word' id='word_1_354' title='bbox 1348 3384 1822 3455; x_wconf 80' lang='grc' dir='ltr'>ὲνεπαιδεύθησαν,</span> <span class='ocrx_word' id='word_1_355' title='bbox 1855 3386 2189 3458; x_wconf 78' lang='grc' dir='ltr'>τραχύτερον</span> <span class='ocrx_word' id='word_1_356' title='bbox 2232 3384 2309 3456; x_wconf 80' lang='grc' dir='ltr'>τῷ</span> <span class='ocrx_word' id='word_1_357' title='bbox 2334 3386 2511 3454; x_wconf 85' lang='grc' dir='ltr'>λέγειν</span> <span class='ocrx_word' id='word_1_358' title='bbox 2539 3386 2796 3457; x_wconf 85' lang='grc' dir='ltr'>χρῶνται.</span> 
     </span>
    </p>
   </div>
   <div class='ocr_carea' id='block_1_34' title="bbox 511 3467 2060 3552">
    <p class='ocr_par' dir='ltr' id='par_1_34' title="bbox 511 3467 2060 3551">
     <span class='ocr_line' id='line_1_37' title="bbox 511 3467 2060 3551; baseline 0.003 -20"><span class='ocrx_word' id='word_1_359' title='bbox 511 3477 779 3533; x_wconf 86' lang='lat' dir='ltr'><strong>Eusebius</strong></span> <span class='ocrx_word' id='word_1_360' title='bbox 809 3477 938 3534; x_wconf 89' lang='lat' dir='ltr'><strong>item</strong></span> <span class='ocrx_word' id='word_1_361' title='bbox 989 3475 1279 3548; x_wconf 87' lang='lat' dir='ltr'><strong>Pamphili,</strong></span> <span class='ocrx_word' id='word_1_362' title='bbox 1333 3494 1400 3534; x_wconf 76' lang='lat' dir='ltr'><strong>ex</strong></span> <span class='ocrx_word' id='word_1_363' title='bbox 1455 3477 1743 3535; x_wconf 69' lang='lat' dir='ltr'><strong>Palaestina</strong></span> <span class='ocrx_word' id='word_1_364' title='bbox 1801 3467 2060 3551; x_wconf 54' lang='lat' dir='ltr'><strong>quidem,</strong></span> 
     </span>
    </p>
   </div>
   <div class='ocr_carea' id='block_1_35' title="bbox 2147 3467 3696 3552">
    <p class='ocr_par' dir='ltr' id='par_1_35' title="bbox 2192 3476 3696 3552">
     <span class='ocr_line' id='line_1_38' title="bbox 2192 3476 3696 3552; baseline 0 -19"><span class='ocrx_word' id='word_1_365' title='bbox 2192 3481 2301 3534; x_wconf 76' lang='grc' dir='ltr'><strong>Καὶ</strong></span> <span class='ocrx_word' id='word_1_366' title='bbox 2330 3482 2358 3533; x_wconf 85' lang='grc' dir='ltr'><em>ὁ</em></span> <span class='ocrx_word' id='word_1_367' title='bbox 2376 3480 2469 3533; x_wconf 84' lang='grc' dir='ltr'>τοῦ</span> <span class='ocrx_word' id='word_1_368' title='bbox 2501 3480 2785 3552; x_wconf 74' lang='grc' dir='ltr'><strong>Παμφίλου</strong></span> <span class='ocrx_word' id='word_1_369' title='bbox 2816 3476 3071 3543; x_wconf 78' lang='grc' dir='ltr'>Εὐσέϐιος</span> <span class='ocrx_word' id='word_1_370' title='bbox 3098 3481 3162 3532; x_wconf 81' lang='grc' dir='ltr'>ἐκ</span> <span class='ocrx_word' id='word_1_371' title='bbox 3190 3479 3554 3549; x_wconf 71' lang='grc' dir='ltr'><strong>Παλαιστίνης</strong></span> <span class='ocrx_word' id='word_1_372' title='bbox 3586 3480 3696 3551; x_wconf 74' lang='grc' dir='ltr'>μὲν</span> 
     </span>
    </p>
   </div>
   <div class='ocr_carea' id='block_1_36' title="bbox 438 3568 1987 3642">
    <p class='ocr_par' dir='ltr' id='par_1_36' title="bbox 438 3569 1987 3642">
     <span class='ocr_line' id='line_1_39' title="bbox 438 3569 1987 3642; baseline 0.002 -18"><span class='ocrx_word' id='word_1_373' title='bbox 438 3569 706 3626; x_wconf 87' lang='lat' dir='ltr'><strong>oriundus</strong></span> <span class='ocrx_word' id='word_1_374' title='bbox 736 3569 857 3635; x_wconf 90' lang='lat' dir='ltr'><strong><em>fuit,</em></strong></span> <span class='ocrx_word' id='word_1_375' title='bbox 883 3569 979 3625; x_wconf 88' lang='lat' dir='ltr'><strong>sed</strong></span> <span class='ocrx_word' id='word_1_376' title='bbox 1010 3570 1065 3623; x_wconf 89' lang='lat' dir='ltr'><strong>in</strong></span> <span class='ocrx_word' id='word_1_377' title='bbox 1102 3569 1359 3641; x_wconf 66' lang='lat' dir='ltr'><strong>Egypto,</strong></span> <span class='ocrx_word' id='word_1_378' title='bbox 1390 3579 1447 3625; x_wconf 88' lang='lat' dir='ltr'><strong>ut</strong></span> <span class='ocrx_word' id='word_1_379' title='bbox 1485 3571 1601 3642; x_wconf 90' lang='lat' dir='ltr'><strong>ipse</strong></span> <span class='ocrx_word' id='word_1_380' title='bbox 1632 3572 1842 3639; x_wconf 88' lang='lat' dir='ltr'><strong>scribit,</strong></span> <span class='ocrx_word' id='word_1_381' title='bbox 1887 3573 1987 3628; x_wconf 34' lang='lat' dir='ltr'><strong>diui</strong></span> 
     </span>
    </p>
   </div>
   <div class='ocr_carea' id='block_1_37' title="bbox 2148 3568 3697 3642">
    <p class='ocr_par' dir='ltr' id='par_1_37' title="bbox 2148 3568 3697 3642">
     <span class='ocr_line' id='line_1_40' title="bbox 2148 3568 3697 3642; baseline -0.001 -16"><span class='ocrx_word' id='word_1_382' title='bbox 2148 3575 2174 3626; x_wconf 84' lang='grc' dir='ltr'>ὸ</span> <span class='ocrx_word' id='word_1_383' title='bbox 2228 3574 2401 3640; x_wconf 82' lang='grc' dir='ltr'>γένος,</span> <span class='ocrx_word' id='word_1_384' title='bbox 2438 3573 2550 3626; x_wconf 86' lang='grc' dir='ltr'><strong>ἀλλ’</strong></span> <span class='ocrx_word' id='word_1_385' title='bbox 2598 3574 2675 3636; x_wconf 82' lang='grc' dir='ltr'>ὼς</span> <span class='ocrx_word' id='word_1_386' title='bbox 2714 3571 2884 3636; x_wconf 76' lang='grc' dir='ltr'>αὑτός</span> <span class='ocrx_word' id='word_1_387' title='bbox 2942 3587 3096 3642; x_wconf 85' lang='grc' dir='ltr'>φησι,</span> <span class='ocrx_word' id='word_1_388' title='bbox 3136 3574 3247 3635; x_wconf 85' lang='grc' dir='ltr'>τοῖς</span> <span class='ocrx_word' id='word_1_389' title='bbox 3288 3571 3374 3624; x_wconf 63' lang='lat' dir='ltr'><strong><em>est?</em></strong></span> <span class='ocrx_word' id='word_1_390' title='bbox 3405 3568 3697 3638; x_wconf 71' lang='grc' dir='ltr'>Αἰγύπτου</span> 
     </span>
    </p>
   </div>
   <div class='ocr_carea' id='block_1_38' title="bbox 437 3660 1986 3735">
    <p class='ocr_par' dir='ltr' id='par_1_38' title="bbox 437 3662 1984 3731">
     <span class='ocr_line' id='line_1_41' title="bbox 437 3662 1984 3731; baseline 0.002 -15"><span class='ocrx_word' id='word_1_391' title='bbox 437 3663 651 3718; x_wconf 81' lang='lat' dir='ltr'><strong>tissime</strong></span> <span class='ocrx_word' id='word_1_392' title='bbox 690 3670 936 3718; x_wconf 85' lang='lat' dir='ltr'><strong>versatus</strong></span> <span class='ocrx_word' id='word_1_393' title='bbox 1000 3681 1013 3717; x_wconf 91' lang='lat'><strong>:</strong></span> <span class='ocrx_word' id='word_1_394' title='bbox 1067 3662 1151 3717; x_wconf 89' lang='lat' dir='ltr'><strong>vir</strong></span> <span class='ocrx_word' id='word_1_395' title='bbox 1200 3662 1564 3731; x_wconf 90' lang='lat' dir='ltr'><strong>undecunque</strong></span> <span class='ocrx_word' id='word_1_396' title='bbox 1631 3662 1984 3721; x_wconf 87' lang='lat' dir='ltr'><strong>doctissimus</strong></span> 
     </span>
    </p>
   </div>
   <div class='ocr_carea' id='block_1_39' title="bbox 2145 3660 3694 3735">
    <p class='ocr_par' dir='ltr' id='par_1_39' title="bbox 2145 3660 3694 3735">
     <span class='ocr_line' id='line_1_42' title="bbox 2145 3660 3694 3735; baseline -0.001 -18"><span class='ocrx_word' id='word_1_397' title='bbox 2145 3663 2255 3718; x_wconf 68' lang='grc' dir='ltr'><strong>πάνυ</strong></span> <span class='ocrx_word' id='word_1_398' title='bbox 2288 3682 2339 3717; x_wconf 90' lang='grc' dir='ltr'><strong>τι</strong></span> <span class='ocrx_word' id='word_1_399' title='bbox 2365 3664 2593 3735; x_wconf 76' lang='grc' dir='ltr'>χρονίως</span> <span class='ocrx_word' id='word_1_400' title='bbox 2628 3663 2980 3735; x_wconf 79' lang='grc' dir='ltr'>συνεφοίτησε</span> <span class='ocrx_word' id='word_1_401' title='bbox 2999 3680 3012 3693; x_wconf 76' lang='grc' dir='ltr'><strong>ο</strong></span> <span class='ocrx_word' id='word_1_402' title='bbox 3054 3661 3371 3733; x_wconf 81' lang='grc' dir='ltr'>πολυμαθὴς</span> <span class='ocrx_word' id='word_1_403' title='bbox 3396 3661 3556 3734; x_wconf 81' lang='grc' dir='ltr'>ἀνὴρ,</span> <span class='ocrx_word' id='word_1_404' title='bbox 3588 3660 3694 3716; x_wconf 75' lang='grc' dir='ltr'>καὶ</span> 
     </span>
    </p>
   </div>
   <div class='ocr_carea' id='block_1_40' title="bbox 438 3750 1987 3828">
    <p class='ocr_par' dir='ltr' id='par_1_40' title="bbox 438 3752 1983 3828">
     <span class='ocr_line' id='line_1_43' title="bbox 438 3752 1983 3828; baseline 0.001 -20"><span class='ocrx_word' id='word_1_405' title='bbox 438 3752 892 3824; x_wconf 87' lang='lat' dir='ltr'><strong>quemadmodum</strong></span> <span class='ocrx_word' id='word_1_406' title='bbox 955 3760 1179 3826; x_wconf 88' lang='lat' dir='ltr'><strong>apparet</strong></span> <span class='ocrx_word' id='word_1_407' title='bbox 1230 3769 1299 3810; x_wconf 76' lang='lat' dir='ltr'><strong>ex</strong></span> <span class='ocrx_word' id='word_1_408' title='bbox 1341 3755 1592 3826; x_wconf 88' lang='lat' dir='ltr'><strong>plurimis</strong></span> <span class='ocrx_word' id='word_1_409' title='bbox 1648 3772 1787 3828; x_wconf 89' lang='lat' dir='ltr'><strong>quos</strong></span> <span class='ocrx_word' id='word_1_410' title='bbox 1839 3755 1983 3812; x_wconf 90' lang='lat' dir='ltr'><strong><em>edidi</em></strong></span> 
     </span>
    </p>
   </div>
   <div class='ocr_carea' id='block_1_41' title="bbox 2145 3750 3694 3828">
    <p class='ocr_par' dir='ltr' id='par_1_41' title="bbox 2145 3750 3694 3826">
     <span class='ocr_line' id='line_1_44' title="bbox 2145 3750 3694 3826; baseline -0.001 -20"><span class='ocrx_word' id='word_1_411' title='bbox 2145 3754 2271 3823; x_wconf 81' lang='grc' dir='ltr'>ἧλός</span> <span class='ocrx_word' id='word_1_412' title='bbox 2308 3770 2371 3822; x_wconf 86' lang='grc' dir='ltr'><strong>γε</strong></span> <span class='ocrx_word' id='word_1_413' title='bbox 2399 3752 2597 3818; x_wconf 71' lang='grc' dir='ltr'>πολλὰς</span> <span class='ocrx_word' id='word_1_414' title='bbox 2622 3753 2858 3818; x_wconf 83' lang='grc' dir='ltr'><strong>ἐκδόσεις</strong></span> <span class='ocrx_word' id='word_1_415' title='bbox 2884 3751 3248 3826; x_wconf 79' lang='grc' dir='ltr'>προενεγκὼν,</span> <span class='ocrx_word' id='word_1_416' title='bbox 3282 3752 3375 3805; x_wconf 72' lang='grc' dir='ltr'><strong>καὶ</strong></span> <span class='ocrx_word' id='word_1_417' title='bbox 3404 3750 3694 3823; x_wconf 73' lang='grc' dir='ltr'>χρώμενος</span> 
     </span>
    </p>
   </div>
   <div class='ocr_carea' id='block_1_42' title="bbox 437 3845 1986 3924">
    <p class='ocr_par' dir='ltr' id='par_1_42' title="bbox 437 3845 1986 3915">
     <span class='ocr_line' id='line_1_45' title="bbox 437 3845 1986 3915; baseline 0.004 -15"><span class='ocrx_word' id='word_1_418' title='bbox 437 3845 616 3911; x_wconf 88' lang='lat' dir='ltr'><strong>libris,</strong></span> <span class='ocrx_word' id='word_1_419' title='bbox 663 3846 901 3903; x_wconf 90' lang='lat' dir='ltr'><strong>dictione</strong></span> <span class='ocrx_word' id='word_1_420' title='bbox 952 3855 1133 3903; x_wconf 88' lang='lat' dir='ltr'><strong>tamen</strong></span> <span class='ocrx_word' id='word_1_421' title='bbox 1178 3856 1358 3914; x_wconf 90' lang='lat' dir='ltr'><strong>utens,</strong></span> <span class='ocrx_word' id='word_1_422' title='bbox 1404 3857 1462 3904; x_wconf 90' lang='lat' dir='ltr'><strong><em>ut</em></strong></span> <span class='ocrx_word' id='word_1_423' title='bbox 1525 3847 1660 3915; x_wconf 77' lang='lat' dir='ltr'><strong>dixi,</strong></span> <span class='ocrx_word' id='word_1_424' title='bbox 1706 3849 1898 3905; x_wconf 89' lang='lat' dir='ltr'><strong>scabra</strong></span> <span class='ocrx_word' id='word_1_425' title='bbox 1954 3864 1986 3906; x_wconf 90' lang='lat' dir='ltr'><strong><em>e</em></strong></span> 
     </span>
    </p>
   </div>
   <div class='ocr_carea' id='block_1_43' title="bbox 1066 3845 2615 3924">
    <p class='ocr_par' dir='ltr' id='par_1_43' title="bbox 1066 3847 2615 3924">
     <span class='ocr_line' id='line_1_46' title="bbox 1066 3847 2615 3924; baseline -0.001 -21"><span class='ocrx_word' id='word_1_426' title='bbox 1066 3863 1133 3903; x_wconf 90' lang='lat' dir='ltr'><strong>en</strong></span> <span class='ocrx_word' id='word_1_427' title='bbox 1178 3856 1358 3914; x_wconf 90' lang='lat' dir='ltr'><strong>utens,</strong></span> <span class='ocrx_word' id='word_1_428' title='bbox 1404 3857 1462 3904; x_wconf 90' lang='lat' dir='ltr'><strong><em>ut</em></strong></span> <span class='ocrx_word' id='word_1_429' title='bbox 1525 3847 1660 3915; x_wconf 77' lang='lat' dir='ltr'><strong>dixi,</strong></span> <span class='ocrx_word' id='word_1_430' title='bbox 1706 3849 1898 3905; x_wconf 89' lang='lat' dir='ltr'><strong>scabra</strong></span> <span class='ocrx_word' id='word_1_431' title='bbox 1954 3855 2010 3906; x_wconf 86' lang='lat' dir='ltr'><strong>et</strong></span> <span class='ocrx_word' id='word_1_432' title='bbox 2114 3849 2255 3902; x_wconf 77' lang='grc' dir='ltr'>οὓτω</span> <span class='ocrx_word' id='word_1_433' title='bbox 2285 3850 2350 3920; x_wconf 75' lang='grc' dir='ltr'>τῇ</span> <span class='ocrx_word' id='word_1_434' title='bbox 2380 3848 2615 3924; x_wconf 75' lang='grc' dir='ltr'><strong>γλώττῃ.</strong></span> 
     </span>
    </p>
   </div>
   <div class='ocr_carea' id='block_1_44' title="bbox 437 3949 650 4007">
    <p class='ocr_par' dir='ltr' id='par_1_44' title="bbox 437 3949 650 4007">
     <span class='ocr_line' id='line_1_47' title="bbox 437 3949 650 4007; baseline 0.005 -17"><span class='ocrx_word' id='word_1_435' title='bbox 437 3949 650 4007; x_wconf 81' lang='lat' dir='ltr'><strong>aspera.</strong></span> 
     </span>
    </p>
   </div>
   <div class='ocr_carea' id='block_1_45' title="bbox 440 4132 3673 4159">
    <p class='ocr_par' dir='ltr' id='par_1_45' title="bbox 440 4132 3673 4159">
     <span class='ocr_line' id='line_1_48' title="bbox 440 4132 3673 4159; baseline 0 -11"><span class='ocrx_word' id='word_1_436' title='bbox 440 4132 3673 4159; x_wconf 54' lang='lat' dir='ltr'><strong>mw</strong></span> 
     </span>
    </p>
   </div>
   <div class='ocr_carea' id='block_1_46' title="bbox 720 4239 3379 4396">
    <p class='ocr_par' dir='ltr' id='par_1_46' title="bbox 720 4239 3379 4396">
     <span class='ocr_line' id='line_1_49' title="bbox 720 4239 3379 4396; baseline -0.005 -1"><span class='ocrx_word' id='word_1_437' title='bbox 720 4299 1298 4395; x_wconf 81' lang='lat' dir='ltr'><strong>VETERUM</strong></span> <span class='ocrx_word' id='word_1_438' title='bbox 1368 4298 2116 4396; x_wconf 73' lang='lat' dir='ltr'><strong>TESTIMONIA</strong></span> <span class='ocrx_word' id='word_1_439' title='bbox 2185 4301 2656 4396; x_wconf 78' lang='lat' dir='ltr'><strong>CONTRA</strong></span> <span class='ocrx_word' id='word_1_440' title='bbox 2727 4239 3379 4392; x_wconf 83' lang='lat' dir='ltr'><strong>EUSEBIUM.</strong></span> 
     </span>
    </p>
   </div>
   <div class='ocr_carea' id='block_1_47' title="bbox 1405 4564 2725 4645">
    <p class='ocr_par' dir='ltr' id='par_1_47' title="bbox 1405 4564 2725 4645">
     <span class='ocr_line' id='line_1_50' title="bbox 1405 4564 2725 4645; baseline 0.001 -22"><span class='ocrx_word' id='word_1_441' title='bbox 1405 4566 1493 4623; x_wconf 73' lang='lat' dir='ltr'><strong>Ea:</strong></span> <span class='ocrx_word' id='word_1_442' title='bbox 1521 4568 1659 4624; x_wconf 82' lang='lat' dir='ltr'><strong><em>libro</em></strong></span> <span class='ocrx_word' id='word_1_443' title='bbox 1689 4569 1931 4625; x_wconf 78' lang='lat' dir='ltr'><strong><em>Marcelli</em></strong></span> <span class='ocrx_word' id='word_1_444' title='bbox 1970 4571 2239 4645; x_wconf 78' lang='lat' dir='ltr'><strong><em>Ancyrani</em></strong></span> <span class='ocrx_word' id='word_1_445' title='bbox 2265 4578 2450 4625; x_wconf 84' lang='lat' dir='ltr'><strong><em>contra</em></strong></span> <span class='ocrx_word' id='word_1_446' title='bbox 2469 4564 2725 4623; x_wconf 83' lang='lat' dir='ltr'><strong><em>Arianos.</em></strong></span> 
     </span>
    </p>
   </div>
   <div class='ocr_carea' id='block_1_48' title="bbox 505 4672 2054 4757">
    <p class='ocr_par' dir='ltr' id='par_1_48' title="bbox 505 4682 2002 4757">
     <span class='ocr_line' id='line_1_51' title="bbox 505 4682 2002 4757; baseline 0.004 -19"><span class='ocrx_word' id='word_1_447' title='bbox 505 4682 676 4740; x_wconf 82' lang='lat' dir='ltr'><strong>incidi</strong></span> <span class='ocrx_word' id='word_1_448' title='bbox 701 4684 994 4755; x_wconf 89' lang='lat' dir='ltr'><strong>aliquando</strong></span> <span class='ocrx_word' id='word_1_449' title='bbox 1018 4685 1074 4739; x_wconf 92' lang='lat' dir='ltr'><strong>in</strong></span> <span class='ocrx_word' id='word_1_450' title='bbox 1096 4683 1377 4754; x_wconf 85' lang='lat' dir='ltr'><strong>epistolam</strong></span> <span class='ocrx_word' id='word_1_451' title='bbox 1401 4702 1433 4741; x_wconf 91' lang='lat' dir='ltr'><strong><em>a</em></strong></span> <span class='ocrx_word' id='word_1_452' title='bbox 1450 4685 1707 4742; x_wconf 87' lang='lat' dir='ltr'><strong>Narcisso</strong></span> <span class='ocrx_word' id='word_1_453' title='bbox 1722 4687 2002 4757; x_wconf 89' lang='lat' dir='ltr'><strong>scriptam,</strong></span> 
     </span>
    </p>
   </div>
   <div class='ocr_carea' id='block_1_49' title="bbox 2137 4672 3686 4757">
    <p class='ocr_par' dir='ltr' id='par_1_49' title="bbox 2195 4672 3686 4755">
     <span class='ocr_line' id='line_1_52' title="bbox 2195 4672 3686 4755; baseline -0.01 -16"><span class='ocrx_word' id='word_1_454' title='bbox 2195 4682 2461 4755; x_wconf 85' lang='grc' dir='ltr'>Ἔντυχὼν</span> <span class='ocrx_word' id='word_1_455' title='bbox 2492 4682 2803 4753; x_wconf 78' lang='grc' dir='ltr'><strong>Ναρκίσσου</strong></span> <span class='ocrx_word' id='word_1_456' title='bbox 2831 4678 2924 4732; x_wconf 81' lang='grc' dir='ltr'>τοῦ</span> <span class='ocrx_word' id='word_1_457' title='bbox 2970 4675 3308 4749; x_wconf 79' lang='grc' dir='ltr'>Νερωνιάδος</span> <span class='ocrx_word' id='word_1_458' title='bbox 3342 4672 3686 4744; x_wconf 74' lang='grc' dir='ltr'>προεστῶτος</span> 
     </span>
    </p>
   </div>
   <div class='ocr_carea' id='block_1_50' title="bbox 435 4767 1984 4850">
    <p class='ocr_par' dir='ltr' id='par_1_50' title="bbox 435 4774 1984 4850">
     <span class='ocr_line' id='line_1_53' title="bbox 435 4774 1984 4850; baseline 0.003 -19"><span class='ocrx_word' id='word_1_459' title='bbox 435 4774 762 4834; x_wconf 87' lang='lat' dir='ltr'><strong>Neroniadis</strong></span> <span class='ocrx_word' id='word_1_460' title='bbox 784 4778 1062 4849; x_wconf 88' lang='lat' dir='ltr'><strong>episcopo,</strong></span> <span class='ocrx_word' id='word_1_461' title='bbox 1085 4793 1247 4849; x_wconf 89' lang='lat' dir='ltr'><strong>quam</strong></span> <span class='ocrx_word' id='word_1_462' title='bbox 1278 4778 1345 4833; x_wconf 91' lang='lat' dir='ltr'><strong><em>ad</em></strong></span> <span class='ocrx_word' id='word_1_463' title='bbox 1375 4778 1668 4836; x_wconf 89' lang='lat' dir='ltr'><strong>Chrestum</strong></span> <span class='ocrx_word' id='word_1_464' title='bbox 1715 4779 1984 4850; x_wconf 88' lang='lat' dir='ltr'><strong>quemdan</strong></span> 
     </span>
    </p>
   </div>
   <div class='ocr_carea' id='block_1_51' title="bbox 2139 4767 3688 4850">
    <p class='ocr_par' dir='ltr' id='par_1_51' title="bbox 2143 4767 3688 4849">
     <span class='ocr_line' id='line_1_54' title="bbox 2143 4767 3688 4849; baseline -0.006 -19"><span class='ocrx_word' id='word_1_465' title='bbox 2143 4776 2387 4849; x_wconf 81' lang='grc' dir='ltr'>πιστολῇ,</span> <span class='ocrx_word' id='word_1_466' title='bbox 2427 4775 2495 4846; x_wconf 74' lang='grc' dir='ltr'>ἣν</span> <span class='ocrx_word' id='word_1_467' title='bbox 2522 4773 2769 4845; x_wconf 82' lang='grc' dir='ltr'>γέγραφε</span> <span class='ocrx_word' id='word_1_468' title='bbox 2807 4772 2945 4845; x_wconf 79' lang='grc' dir='ltr'>πρὸς</span> <span class='ocrx_word' id='word_1_469' title='bbox 2988 4770 3235 4843; x_wconf 84' lang='grc' dir='ltr'>Χρηστόν</span> <span class='ocrx_word' id='word_1_470' title='bbox 3270 4786 3412 4834; x_wconf 86' lang='grc' dir='ltr'>τινα,</span> <span class='ocrx_word' id='word_1_471' title='bbox 3448 4768 3540 4821; x_wconf 80' lang='grc' dir='ltr'>καὶ</span> <span class='ocrx_word' id='word_1_472' title='bbox 3577 4767 3688 4821; x_wconf 80' lang='grc' dir='ltr'><strong>Εὐ-</strong></span> 
     </span>
    </p>
   </div>
   <div class='ocr_carea' id='block_1_52' title="bbox 435 4859 1984 4943">
    <p class='ocr_par' dir='ltr' id='par_1_52' title="bbox 435 4868 1984 4942">
     <span class='ocr_line' id='line_1_55' title="bbox 435 4868 1984 4942; baseline 0.003 -20"><span class='ocrx_word' id='word_1_473' title='bbox 435 4874 491 4922; x_wconf 86' lang='lat' dir='ltr'><strong><em>et</em></strong></span> <span class='ocrx_word' id='word_1_474' title='bbox 517 4868 890 4942; x_wconf 86' lang='lat' dir='ltr'><strong>Euphronium</strong></span> <span class='ocrx_word' id='word_1_475' title='bbox 910 4878 964 4927; x_wconf 91' lang='lat' dir='ltr'><strong>et</strong></span> <span class='ocrx_word' id='word_1_476' title='bbox 983 4868 1276 4927; x_wconf 89' lang='lat' dir='ltr'><strong>Eusebium</strong></span> <span class='ocrx_word' id='word_1_477' title='bbox 1301 4868 1519 4937; x_wconf 81' lang='lat' dir='ltr'><strong>direxit,</strong></span> <span class='ocrx_word' id='word_1_478' title='bbox 1544 4871 1702 4942; x_wconf 83' lang='lat' dir='ltr'><strong>quasi</strong></span> <span class='ocrx_word' id='word_1_479' title='bbox 1722 4872 1984 4942; x_wconf 83' lang='lat' dir='ltr'><strong>proposit:</strong></span> 
     </span>
    </p>
   </div>
   <div class='ocr_carea' id='block_1_53' title="bbox 2134 4859 3683 4943">
    <p class='ocr_par' dir='ltr' id='par_1_53' title="bbox 2134 4859 3683 4943">
     <span class='ocr_line' id='line_1_56' title="bbox 2134 4859 3683 4943; baseline -0.007 -20"><span class='ocrx_word' id='word_1_480' title='bbox 2134 4870 2351 4943; x_wconf 75' lang='grc' dir='ltr'>ρρόνιον,</span> <span class='ocrx_word' id='word_1_481' title='bbox 2408 4867 2501 4922; x_wconf 77' lang='grc' dir='ltr'><strong>καὶ</strong></span> <span class='ocrx_word' id='word_1_482' title='bbox 2544 4865 2823 4929; x_wconf 75' lang='grc' dir='ltr'>Εὐσέϐιον,</span> <span class='ocrx_word' id='word_1_483' title='bbox 2878 4865 2954 4929; x_wconf 84' lang='grc' dir='ltr'>ὡς</span> <span class='ocrx_word' id='word_1_484' title='bbox 3012 4864 3189 4917; x_wconf 78' lang='grc' dir='ltr'>ὐσίου</span> <span class='ocrx_word' id='word_1_485' title='bbox 3237 4862 3332 4916; x_wconf 81' lang='grc' dir='ltr'>τοῦ</span> <span class='ocrx_word' id='word_1_486' title='bbox 3380 4859 3683 4914; x_wconf 76' lang='grc' dir='ltr'><strong>ἐπισκόπου</strong></span> 
     </span>
    </p>
   </div>
   <div class='ocr_carea' id='block_1_54' title="bbox 436 4952 1985 5034">
    <p class='ocr_par' dir='ltr' id='par_1_54' title="bbox 436 4959 1980 5034">
     <span class='ocr_line' id='line_1_57' title="bbox 436 4959 1980 5034; baseline 0.001 -21"><span class='ocrx_word' id='word_1_487' title='bbox 436 4960 541 5029; x_wconf 87' lang='lat' dir='ltr'><strong>ipsi</strong></span> <span class='ocrx_word' id='word_1_488' title='bbox 555 4959 627 5015; x_wconf 88' lang='lat' dir='ltr'><strong>ab</strong></span> <span class='ocrx_word' id='word_1_489' title='bbox 641 4960 807 5017; x_wconf 84' lang='lat' dir='ltr'><strong>Hosio</strong></span> <span class='ocrx_word' id='word_1_490' title='bbox 831 4963 1092 5034; x_wconf 85' lang='lat' dir='ltr'><strong>episcopo</strong></span> <span class='ocrx_word' id='word_1_491' title='bbox 1115 4962 1434 5033; x_wconf 64' lang='lat' dir='ltr'><strong>quaestione,</strong></span> <span class='ocrx_word' id='word_1_492' title='bbox 1468 4968 1650 5016; x_wconf 90' lang='lat' dir='ltr'><strong>utrum</strong></span> <span class='ocrx_word' id='word_1_493' title='bbox 1682 4962 1819 5033; x_wconf 89' lang='lat' dir='ltr'><strong><em>ipse,</em></strong></span> <span class='ocrx_word' id='word_1_494' title='bbox 1836 4963 1980 5018; x_wconf 91' lang='lat' dir='ltr'><strong>velut</strong></span> 
     </span>
    </p>
   </div>
   <div class='ocr_carea' id='block_1_55' title="bbox 2137 4952 3686 5034">
    <p class='ocr_par' dir='ltr' id='par_1_55' title="bbox 2143 4952 3686 5033">
     <span class='ocr_line' id='line_1_58' title="bbox 2143 4952 3686 5033; baseline -0.006 -20"><span class='ocrx_word' id='word_1_495' title='bbox 2143 4960 2488 5033; x_wconf 85' lang='grc' dir='ltr'>ρωτήσαντος</span> <span class='ocrx_word' id='word_1_496' title='bbox 2533 4957 2717 5019; x_wconf 71' lang='grc' dir='ltr'>αὐτὸν.</span> <span class='ocrx_word' id='word_1_497' title='bbox 2769 4959 2839 5021; x_wconf 81' lang='grc' dir='ltr'><strong>εἰ,</strong></span> <span class='ocrx_word' id='word_1_498' title='bbox 2870 4955 3057 5026; x_wconf 83' lang='grc' dir='ltr'>ὥσπερ</span> <span class='ocrx_word' id='word_1_499' title='bbox 3097 4954 3355 5018; x_wconf 76' lang='grc' dir='ltr'>Εὐσέϐιος</span> <span class='ocrx_word' id='word_1_500' title='bbox 3381 4955 3409 5007; x_wconf 82' lang='grc' dir='ltr'>ὁ</span> <span class='ocrx_word' id='word_1_501' title='bbox 3445 4953 3545 5023; x_wconf 78' lang='grc' dir='ltr'>τῆς</span> <span class='ocrx_word' id='word_1_502' title='bbox 3568 4952 3686 5005; x_wconf 76' lang='grc' dir='ltr'><strong>Πασ-</strong></span> 
     </span>
    </p>
   </div>
   <div class='ocr_carea' id='block_1_56' title="bbox 435 5040 1984 5121">
    <p class='ocr_par' dir='ltr' id='par_1_56' title="bbox 435 5048 1979 5119">
     <span class='ocr_line' id='line_1_59' title="bbox 435 5048 1979 5119; baseline 0.003 -15"><span class='ocrx_word' id='word_1_503' title='bbox 435 5048 707 5109; x_wconf 84' lang='lat' dir='ltr'><strong>Eusebius</strong></span> <span class='ocrx_word' id='word_1_504' title='bbox 749 5052 1094 5119; x_wconf 65' lang='lat' dir='ltr'><strong>Palaestinus,</strong></span> <span class='ocrx_word' id='word_1_505' title='bbox 1146 5054 1285 5110; x_wconf 88' lang='lat' dir='ltr'><strong>duas</strong></span> <span class='ocrx_word' id='word_1_506' title='bbox 1338 5052 1673 5110; x_wconf 86' lang='lat' dir='ltr'><strong>substantias</strong></span> <span class='ocrx_word' id='word_1_507' title='bbox 1718 5053 1979 5109; x_wconf 82' lang='lat' dir='ltr'><strong>fateretur</strong></span> 
     </span>
    </p>
   </div>
   <div class='ocr_carea' id='block_1_57' title="bbox 2138 5040 3687 5121">
    <p class='ocr_par' dir='ltr' id='par_1_57' title="bbox 2138 5040 3687 5121">
     <span class='ocr_line' id='line_1_60' title="bbox 2138 5040 3687 5121; baseline -0.005 -20"><span class='ocrx_word' id='word_1_508' title='bbox 2138 5052 2407 5121; x_wconf 79' lang='grc' dir='ltr'>αιστίνης,</span> <span class='ocrx_word' id='word_1_509' title='bbox 2435 5049 2529 5104; x_wconf 86' lang='grc' dir='ltr'><strong>δύο</strong></span> <span class='ocrx_word' id='word_1_510' title='bbox 2561 5050 2745 5112; x_wconf 83' lang='grc' dir='ltr'>οὐσίας</span> <span class='ocrx_word' id='word_1_511' title='bbox 2801 5043 2939 5100; x_wconf 78' lang='grc' dir='ltr'>εἶναι</span> <span class='ocrx_word' id='word_1_512' title='bbox 2999 5063 3181 5117; x_wconf 82' lang='grc' dir='ltr'>φησιν,</span> <span class='ocrx_word' id='word_1_513' title='bbox 3209 5043 3351 5097; x_wconf 74' lang='grc' dir='ltr'>οὕτω</span> <span class='ocrx_word' id='word_1_514' title='bbox 3396 5042 3491 5097; x_wconf 71' lang='grc' dir='ltr'><strong>καὶ</strong></span> <span class='ocrx_word' id='word_1_515' title='bbox 3520 5040 3687 5104; x_wconf 79' lang='grc' dir='ltr'>αὐτὸς</span> 
     </span>
    </p>
   </div>
   <div class='ocr_carea' id='block_1_58' title="bbox 434 5128 1983 5222">
    <p class='ocr_par' dir='ltr' id='par_1_58' title="bbox 434 5139 1983 5222">
     <span class='ocr_line' id='line_1_61' title="bbox 434 5139 1983 5222; baseline 0.003 -27"><span class='ocrx_word' id='word_1_516' title='bbox 434 5139 588 5198; x_wconf 82' lang='lat' dir='ltr'><strong>Hanc</strong></span> <span class='ocrx_word' id='word_1_517' title='bbox 618 5144 716 5200; x_wconf 90' lang='lat' dir='ltr'><strong>ubi</strong></span> <span class='ocrx_word' id='word_1_518' title='bbox 754 5146 1028 5218; x_wconf 78' lang='lat' dir='ltr'><strong>legissem,</strong></span> <span class='ocrx_word' id='word_1_519' title='bbox 1064 5143 1421 5201; x_wconf 85' lang='lat' dir='ltr'><strong>animadverti</strong></span> <span class='ocrx_word' id='word_1_520' title='bbox 1462 5151 1518 5200; x_wconf 89' lang='lat' dir='ltr'><strong>et</strong></span> <span class='ocrx_word' id='word_1_521' title='bbox 1566 5146 1760 5222; x_wconf 86' lang='lat' dir='ltr'><strong>ipsum</strong></span> <span class='ocrx_word' id='word_1_522' title='bbox 1794 5145 1983 5217; x_wconf 77' lang='lat' dir='ltr'><strong>scriptt</strong></span> 
     </span>
    </p>
   </div>
   <div class='ocr_carea' id='block_1_59' title="bbox 2133 5128 3682 5222">
    <p class='ocr_par' dir='ltr' id='par_1_59' title="bbox 2133 5128 3682 5213">
     <span class='ocr_line' id='line_1_62' title="bbox 2133 5128 3682 5213; baseline -0.008 -15"><span class='ocrx_word' id='word_1_523' title='bbox 2133 5145 2256 5213; x_wconf 74' lang='grc' dir='ltr'>,ἐγοι</span> <span class='ocrx_word' id='word_1_524' title='bbox 2276 5160 2290 5174; x_wconf 76' lang='lat'>&#39;</span> <span class='ocrx_word' id='word_1_525' title='bbox 2323 5144 2491 5212; x_wconf 74' lang='grc' dir='ltr'>ἔγνων</span> <span class='ocrx_word' id='word_1_526' title='bbox 2547 5141 2706 5195; x_wconf 74' lang='grc' dir='ltr'>αὑτὸν</span> <span class='ocrx_word' id='word_1_527' title='bbox 2733 5138 2839 5195; x_wconf 82' lang='grc' dir='ltr'><strong>ἀπὸ</strong></span> <span class='ocrx_word' id='word_1_528' title='bbox 2866 5138 2972 5193; x_wconf 82' lang='grc' dir='ltr'>τῶν</span> <span class='ocrx_word' id='word_1_529' title='bbox 3007 5137 3345 5209; x_wconf 71' lang='grc' dir='ltr'><strong>γραφέντων,</strong></span> <span class='ocrx_word' id='word_1_530' title='bbox 3370 5135 3516 5205; x_wconf 82' lang='grc' dir='ltr'>τρεῖς</span> <span class='ocrx_word' id='word_1_531' title='bbox 3544 5128 3682 5187; x_wconf 78' lang='grc' dir='ltr'>εἶναι</span> 
     </span>
    </p>
   </div>
   <div class='ocr_carea' id='block_1_60' title="bbox 435 5228 1984 5302">
    <p class='ocr_par' dir='ltr' id='par_1_60' title="bbox 435 5232 1721 5295">
     <span class='ocr_line' id='line_1_63' title="bbox 435 5232 1721 5295; baseline 0.002 -7"><span class='ocrx_word' id='word_1_532' title='bbox 435 5232 531 5288; x_wconf 84' lang='lat' dir='ltr'><strong>illo</strong></span> <span class='ocrx_word' id='word_1_533' title='bbox 566 5249 669 5289; x_wconf 89' lang='lat' dir='ltr'><strong>suo</strong></span> <span class='ocrx_word' id='word_1_534' title='bbox 691 5243 803 5293; x_wconf 89' lang='lat' dir='ltr'><strong>tres</strong></span> <span class='ocrx_word' id='word_1_535' title='bbox 837 5238 1171 5295; x_wconf 88' lang='lat' dir='ltr'><strong>substantias</strong></span> <span class='ocrx_word' id='word_1_536' title='bbox 1200 5237 1423 5294; x_wconf 91' lang='lat' dir='ltr'><strong>omnino</strong></span> <span class='ocrx_word' id='word_1_537' title='bbox 1454 5237 1721 5294; x_wconf 84' lang='lat' dir='ltr'><strong>confiteri.</strong></span> 
     </span>
    </p>
   </div>
   <div class='ocr_carea' id='block_1_61' title="bbox 1522 5228 3071 5302">
    <p class='ocr_par' dir='ltr' id='par_1_61' title="bbox 1522 5228 3071 5302">
     <span class='ocr_line' id='line_1_64' title="bbox 1522 5228 3071 5302; baseline -0.008 -9"><span class='ocrx_word' id='word_1_538' title='bbox 1522 5237 1721 5294; x_wconf 85' lang='lat' dir='ltr'><strong>nﬁteri.</strong></span> <span class='ocrx_word' id='word_1_539' title='bbox 2112 5234 2389 5289; x_wconf 82' lang='grc' dir='ltr'>πιστεύειν</span> <span class='ocrx_word' id='word_1_540' title='bbox 2412 5231 2599 5296; x_wconf 80' lang='grc' dir='ltr'>οὐσίας</span> <span class='ocrx_word' id='word_1_541' title='bbox 2625 5228 3071 5302; x_wconf 81' lang='grc' dir='ltr'>ἀποκρινόμενον.</span> 
     </span>
    </p>
   </div>
   <div class='ocr_carea' id='block_1_62' title="bbox 438 5338 3686 5424">
    <p class='ocr_par' dir='ltr' id='par_1_62' title="bbox 438 5338 3686 5424">
     <span class='ocr_line' id='line_1_65' title="bbox 438 5338 3686 5424; baseline -0.004 -18"><span class='ocrx_word' id='word_1_542' title='bbox 438 5350 524 5406; x_wconf 82' lang='lat' dir='ltr'><strong>Ea:</strong></span> <span class='ocrx_word' id='word_1_543' title='bbox 558 5351 783 5422; x_wconf 75' lang='lat' dir='ltr'><strong><em>epistola</em></strong></span> <span class='ocrx_word' id='word_1_544' title='bbox 810 5354 1061 5422; x_wconf 83' lang='lat' dir='ltr'><strong><em>synodica</em></strong></span> <span class='ocrx_word' id='word_1_545' title='bbox 1082 5354 1440 5424; x_wconf 81' lang='lat' dir='ltr'><strong><em>episcoporum</em></strong></span> <span class='ocrx_word' id='word_1_546' title='bbox 1473 5351 1690 5424; x_wconf 63' lang='lat' dir='ltr'><strong><em>Egypti</em></strong></span> <span class='ocrx_word' id='word_1_547' title='bbox 1711 5361 2146 5423; x_wconf 82' lang='lat' dir='ltr'><strong><em>congregatarum</em></strong></span> <span class='ocrx_word' id='word_1_548' title='bbox 2163 5352 2225 5424; x_wconf 79' lang='lat' dir='ltr'><strong>in</strong></span> <span class='ocrx_word' id='word_1_549' title='bbox 2256 5349 2384 5424; x_wconf 79' lang='lat' dir='ltr'><strong><em>urbe</em></strong></span> <span class='ocrx_word' id='word_1_550' title='bbox 2405 5346 2760 5424; x_wconf 71' lang='lat' dir='ltr'><strong><em>Alexandria,</em></strong></span> <span class='ocrx_word' id='word_1_551' title='bbox 2794 5345 2861 5399; x_wconf 88' lang='lat' dir='ltr'><strong>ad</strong></span> <span class='ocrx_word' id='word_1_552' title='bbox 2898 5361 3073 5424; x_wconf 76' lang='lat' dir='ltr'><strong><em>omnes</em></strong></span> <span class='ocrx_word' id='word_1_553' title='bbox 3113 5343 3366 5399; x_wconf 63' lang='lat' dir='ltr'><strong><em>Ecclesia</em></strong></span> <span class='ocrx_word' id='word_1_554' title='bbox 3410 5338 3686 5394; x_wconf 77' lang='lat' dir='ltr'><strong><em>catholica:</em></strong></span> 
     </span>
    </p>
   </div>
   <div class='ocr_carea' id='block_1_63' title="bbox 889 5416 3232 5496">
    <p class='ocr_par' dir='ltr' id='par_1_63' title="bbox 889 5416 3232 5496">
     <span class='ocr_line' id='line_1_66' title="bbox 889 5416 3232 5496; baseline -0.003 -20"><span class='ocrx_word' id='word_1_555' title='bbox 889 5416 1180 5493; x_wconf 80' lang='lat' dir='ltr'><strong><em>episcopos,</em></strong></span> <span class='ocrx_word' id='word_1_556' title='bbox 1216 5416 1372 5496; x_wconf 78' lang='lat' dir='ltr'><strong><em>quam</em></strong></span> <span class='ocrx_word' id='word_1_557' title='bbox 1407 5416 1921 5494; x_wconf 65' lang='lat' dir='ltr'><strong><em>refert&#39;Atltanasius</em></strong></span> <span class='ocrx_word' id='word_1_558' title='bbox 1954 5424 2009 5475; x_wconf 88' lang='lat' dir='ltr'><strong>iu</strong></span> <span class='ocrx_word' id='word_1_559' title='bbox 2043 5422 2395 5492; x_wconf 81' lang='lat' dir='ltr'><strong>Apologetico</strong></span> <span class='ocrx_word' id='word_1_560' title='bbox 2421 5417 2664 5475; x_wconf 89' lang='lat' dir='ltr'><strong>secundo</strong></span> <span class='ocrx_word' id='word_1_561' title='bbox 2697 5418 2959 5472; x_wconf 91' lang='lat' dir='ltr'><strong>adversus</strong></span> <span class='ocrx_word' id='word_1_562' title='bbox 2980 5416 3232 5470; x_wconf 81' lang='lat' dir='ltr'><strong>Arianos.</strong></span> 
     </span>
    </p>
   </div>
   <div class='ocr_carea' id='block_1_64' title="bbox 497 5523 2046 5605">
    <p class='ocr_par' dir='ltr' id='par_1_64' title="bbox 497 5531 2002 5605">
     <span class='ocr_line' id='line_1_67' title="bbox 497 5531 2002 5605; baseline -0.002 -16"><span class='ocrx_word' id='word_1_563' title='bbox 497 5533 658 5601; x_wconf 84' lang='lat' dir='ltr'><strong>Quod</strong></span> <span class='ocrx_word' id='word_1_564' title='bbox 682 5531 826 5586; x_wconf 89' lang='lat' dir='ltr'><strong>enim</strong></span> <span class='ocrx_word' id='word_1_565' title='bbox 865 5534 1157 5588; x_wconf 89' lang='lat' dir='ltr'><strong>concilium</strong></span> <span class='ocrx_word' id='word_1_566' title='bbox 1178 5533 1583 5605; x_wconf 86' lang='lat' dir='ltr'><strong>episcoporum,</strong></span> <span class='ocrx_word' id='word_1_567' title='bbox 1616 5541 1711 5589; x_wconf 87' lang='lat' dir='ltr'><strong>aut</strong></span> <span class='ocrx_word' id='word_1_568' title='bbox 1744 5533 1836 5604; x_wconf 94' lang='lat' dir='ltr'><strong>qui</strong></span> <span class='ocrx_word' id='word_1_569' title='bbox 1870 5548 2002 5587; x_wconf 90' lang='lat' dir='ltr'><strong>con-</strong></span> 
     </span>
    </p>
   </div>
   <div class='ocr_carea' id='block_1_65' title="bbox 2135 5523 3684 5605">
    <p class='ocr_par' dir='ltr' id='par_1_65' title="bbox 2181 5523 3684 5602">
     <span class='ocr_line' id='line_1_68' title="bbox 2181 5523 3684 5602; baseline -0.002 -17"><span class='ocrx_word' id='word_1_570' title='bbox 2181 5531 2319 5585; x_wconf 81' lang='lat' dir='ltr'><strong><em>Ilola</em></strong></span> <span class='ocrx_word' id='word_1_571' title='bbox 2360 5532 2468 5602; x_wconf 85' lang='grc' dir='ltr'><strong>γὰρ</strong></span> <span class='ocrx_word' id='word_1_572' title='bbox 2504 5529 2598 5584; x_wconf 73' lang='grc' dir='ltr'><strong>καὶ</strong></span> <span class='ocrx_word' id='word_1_573' title='bbox 2638 5530 2854 5594; x_wconf 84' lang='grc' dir='ltr'>σύνοδος</span> <span class='ocrx_word' id='word_1_574' title='bbox 2895 5528 3207 5589; x_wconf 74' lang='grc' dir='ltr'>ἐπισκόπων</span> <span class='ocrx_word' id='word_1_575' title='bbox 3241 5523 3310 5600; x_wconf 80' lang='grc' dir='ltr'>ἦν</span> <span class='ocrx_word' id='word_1_576' title='bbox 3341 5527 3495 5592; x_wconf 76' lang='grc' dir='ltr'>τότες</span> <span class='ocrx_word' id='word_1_577' title='bbox 3529 5527 3684 5582; x_wconf 75' lang='grc' dir='ltr'>ποῖον</span> 
     </span>
    </p>
   </div>
   <div class='ocr_carea' id='block_1_66' title="bbox 425 5619 1974 5699">
    <p class='ocr_par' dir='ltr' id='par_1_66' title="bbox 425 5626 1974 5699">
     <span class='ocr_line' id='line_1_69' title="bbox 425 5626 1974 5699; baseline 0 -20"><span class='ocrx_word' id='word_1_578' title='bbox 425 5643 607 5683; x_wconf 69' lang='grc' dir='ltr'>ςεεςιιε</span> <span class='ocrx_word' id='word_1_579' title='bbox 645 5626 761 5681; x_wconf 89' lang='lat' dir='ltr'><strong>veri</strong></span> <span class='ocrx_word' id='word_1_580' title='bbox 800 5626 1081 5693; x_wconf 88' lang='lat' dir='ltr'><strong>studiosus</strong></span> <span class='ocrx_word' id='word_1_581' title='bbox 1103 5628 1215 5682; x_wconf 87' lang='lat' dir='ltr'><strong>illic</strong></span> <span class='ocrx_word' id='word_1_582' title='bbox 1245 5627 1383 5682; x_wconf 87' lang='lat' dir='ltr'><strong>fuit?</strong></span> <span class='ocrx_word' id='word_1_583' title='bbox 1415 5627 1605 5684; x_wconf 88' lang='lat' dir='ltr'><strong>Nonne</strong></span> <span class='ocrx_word' id='word_1_584' title='bbox 1648 5629 1895 5699; x_wconf 88' lang='lat' dir='ltr'><strong>plerique</strong></span> <span class='ocrx_word' id='word_1_585' title='bbox 1938 5626 1974 5679; x_wconf 92' lang='lat' dir='ltr'><strong><em>il</em></strong></span> 
     </span>
    </p>
   </div>
   <div class='ocr_carea' id='block_1_67' title="bbox 2130 5619 3679 5699">
    <p class='ocr_par' dir='ltr' id='par_1_67' title="bbox 2130 5619 3679 5696">
     <span class='ocr_line' id='line_1_70' title="bbox 2130 5619 3679 5696; baseline -0.003 -18"><span class='ocrx_word' id='word_1_586' title='bbox 2130 5624 2382 5696; x_wconf 69' lang='grc' dir='ltr'>ωνέδριον</span> <span class='ocrx_word' id='word_1_587' title='bbox 2419 5622 2673 5694; x_wconf 76' lang='grc' dir='ltr'><strong>ἀληθείας</strong></span> <span class='ocrx_word' id='word_1_588' title='bbox 2720 5623 3009 5693; x_wconf 82' lang='grc' dir='ltr'>ὲχόμενον;</span> <span class='ocrx_word' id='word_1_589' title='bbox 3045 5622 3141 5687; x_wconf 84' lang='grc' dir='ltr'><strong>Τίς</strong></span> <span class='ocrx_word' id='word_1_590' title='bbox 3182 5620 3289 5674; x_wconf 82' lang='grc' dir='ltr'><strong>τῶν</strong></span> <span class='ocrx_word' id='word_1_591' title='bbox 3328 5619 3587 5674; x_wconf 77' lang='grc' dir='ltr'>πλειόνων</span> <span class='ocrx_word' id='word_1_592' title='bbox 3620 5620 3679 5674; x_wconf 69' lang='grc' dir='ltr'>ἐν</span> 
     </span>
    </p>
   </div>
   <div class='ocr_carea' id='block_1_68' title="bbox 431 5707 1980 5786">
    <p class='ocr_par' dir='ltr' id='par_1_68' title="bbox 431 5718 1980 5783">
     <span class='ocr_line' id='line_1_71' title="bbox 431 5718 1980 5783; baseline -0.003 -7"><span class='ocrx_word' id='word_1_593' title='bbox 431 5722 607 5776; x_wconf 79' lang='lat' dir='ltr'><strong>lmann</strong></span> <span class='ocrx_word' id='word_1_594' title='bbox 645 5720 852 5783; x_wconf 85' lang='lat' dir='ltr'><strong>inimici</strong></span> <span class='ocrx_word' id='word_1_595' title='bbox 884 5719 1047 5775; x_wconf 87' lang='lat' dir='ltr'><strong>nobis</strong></span> <span class='ocrx_word' id='word_1_596' title='bbox 1099 5719 1355 5775; x_wconf 86' lang='lat' dir='ltr'><strong>fuerunt?</strong></span> <span class='ocrx_word' id='word_1_597' title='bbox 1401 5718 1595 5776; x_wconf 84' lang='lat' dir='ltr'><strong>Nonne</strong></span> <span class='ocrx_word' id='word_1_598' title='bbox 1633 5718 1904 5775; x_wconf 88' lang='lat' dir='ltr'><strong>Eusebius</strong></span> <span class='ocrx_word' id='word_1_599' title='bbox 1930 5719 1980 5772; x_wconf 85' lang='grc' dir='ltr'>οι</span> 
     </span>
    </p>
   </div>
   <div class='ocr_carea' id='block_1_69' title="bbox 2130 5707 3679 5786">
    <p class='ocr_par' dir='ltr' id='par_1_69' title="bbox 2130 5707 3679 5786">
     <span class='ocr_line' id='line_1_72' title="bbox 2130 5707 3679 5786; baseline -0.005 -16"><span class='ocrx_word' id='word_1_600' title='bbox 2130 5719 2293 5781; x_wconf 60' lang='lat' dir='ltr'><strong><em>iocor;</em></strong></span> <span class='ocrx_word' id='word_1_601' title='bbox 2324 5716 2423 5769; x_wconf 87' lang='grc' dir='ltr'><strong>οὐκ</strong></span> <span class='ocrx_word' id='word_1_602' title='bbox 2453 5713 2643 5786; x_wconf 83' lang='grc' dir='ltr'>ἐχθρὸς</span> <span class='ocrx_word' id='word_1_603' title='bbox 2674 5712 2941 5786; x_wconf 80' lang='grc' dir='ltr'>ἡμέτερος</span> <span class='ocrx_word' id='word_1_604' title='bbox 2982 5707 3049 5783; x_wconf 79' lang='grc' dir='ltr'>ἦν</span> <span class='ocrx_word' id='word_1_605' title='bbox 3069 5730 3083 5779; x_wconf 89' lang='grc'>;</span> <span class='ocrx_word' id='word_1_606' title='bbox 3107 5712 3182 5765; x_wconf 78' lang='grc' dir='ltr'>Οὐ</span> <span class='ocrx_word' id='word_1_607' title='bbox 3214 5710 3301 5765; x_wconf 84' lang='grc' dir='ltr'><strong>διὰ</strong></span> <span class='ocrx_word' id='word_1_608' title='bbox 3328 5708 3426 5781; x_wconf 81' lang='grc' dir='ltr'><strong>τὴν</strong></span> <span class='ocrx_word' id='word_1_609' title='bbox 3470 5709 3679 5779; x_wconf 78' lang='grc' dir='ltr'>Ἀρείου</span> 
     </span>
    </p>
   </div>
   <div class='ocr_carea' id='block_1_70' title="bbox 432 5801 1981 5879">
    <p class='ocr_par' dir='ltr' id='par_1_70' title="bbox 432 5809 1981 5876">
     <span class='ocr_line' id='line_1_73' title="bbox 432 5809 1981 5876; baseline -0.002 -10"><span class='ocrx_word' id='word_1_610' title='bbox 432 5812 549 5867; x_wconf 79' lang='lat' dir='ltr'><strong>Arii</strong></span> <span class='ocrx_word' id='word_1_611' title='bbox 575 5812 844 5869; x_wconf 88' lang='lat' dir='ltr'><strong>insaniam</strong></span> <span class='ocrx_word' id='word_1_612' title='bbox 897 5812 1162 5868; x_wconf 83' lang='lat' dir='ltr'><strong>adversus</strong></span> <span class='ocrx_word' id='word_1_613' title='bbox 1190 5827 1289 5868; x_wconf 89' lang='lat' dir='ltr'><strong>nos</strong></span> <span class='ocrx_word' id='word_1_614' title='bbox 1344 5811 1525 5876; x_wconf 91' lang='lat' dir='ltr'><strong>irruit,</strong></span> <span class='ocrx_word' id='word_1_615' title='bbox 1559 5817 1613 5866; x_wconf 92' lang='lat' dir='ltr'><strong>et</strong></span> <span class='ocrx_word' id='word_1_616' title='bbox 1661 5810 1797 5865; x_wconf 88' lang='lat' dir='ltr'><strong>alios</strong></span> <span class='ocrx_word' id='word_1_617' title='bbox 1858 5809 1981 5864; x_wconf 81' lang='lat' dir='ltr'><strong>idea</strong></span> 
     </span>
    </p>
   </div>
   <div class='ocr_carea' id='block_1_71' title="bbox 2129 5801 3678 5879">
    <p class='ocr_par' dir='ltr' id='par_1_71' title="bbox 2129 5801 3678 5879">
     <span class='ocr_line' id='line_1_74' title="bbox 2129 5801 3678 5879; baseline -0.005 -18"><span class='ocrx_word' id='word_1_618' title='bbox 2129 5825 2306 5863; x_wconf 80' lang='grc' dir='ltr'>ιανιαν</span> <span class='ocrx_word' id='word_1_619' title='bbox 2330 5810 2379 5863; x_wconf 83' lang='grc' dir='ltr'>οἱ</span> <span class='ocrx_word' id='word_1_620' title='bbox 2417 5806 2544 5879; x_wconf 73' lang='grc' dir='ltr'>περὶ</span> <span class='ocrx_word' id='word_1_621' title='bbox 2596 5806 2870 5859; x_wconf 79' lang='grc' dir='ltr'>Ἐυσέὄιον</span> <span class='ocrx_word' id='word_1_622' title='bbox 2919 5804 3039 5859; x_wconf 82' lang='grc' dir='ltr'>καθ’</span> <span class='ocrx_word' id='word_1_623' title='bbox 3079 5803 3238 5859; x_wconf 74' lang='grc' dir='ltr'><strong>ἡμῶν</strong></span> <span class='ocrx_word' id='word_1_624' title='bbox 3279 5802 3579 5875; x_wconf 78' lang='grc' dir='ltr'>ὦρμησανς</span> <span class='ocrx_word' id='word_1_625' title='bbox 3616 5801 3678 5855; x_wconf 78' lang='grc' dir='ltr'><strong>οὐ</strong></span> 
     </span>
    </p>
   </div>
   <div class='ocr_carea' id='block_1_72' title="bbox 436 5892 1985 5980">
    <p class='ocr_par' dir='ltr' id='par_1_72' title="bbox 436 5901 1985 5980">
     <span class='ocr_line' id='line_1_75' title="bbox 436 5901 1985 5980; baseline -0.003 -16"><span class='ocrx_word' id='word_1_626' title='bbox 436 5924 560 5966; x_wconf 88' lang='lat' dir='ltr'><strong>cum</strong></span> <span class='ocrx_word' id='word_1_627' title='bbox 587 5905 707 5980; x_wconf 90' lang='lat' dir='ltr'><strong>ipso</strong></span> <span class='ocrx_word' id='word_1_628' title='bbox 752 5907 1052 5965; x_wconf 85' lang='lat' dir='ltr'><strong>sentientes</strong></span> <span class='ocrx_word' id='word_1_629' title='bbox 1084 5904 1347 5962; x_wconf 83' lang='lat' dir='ltr'><strong>adduxit?</strong></span> <span class='ocrx_word' id='word_1_630' title='bbox 1378 5904 1567 5961; x_wconf 83' lang='lat' dir='ltr'><strong>Nonne</strong></span> <span class='ocrx_word' id='word_1_631' title='bbox 1616 5901 1836 5961; x_wconf 85' lang='lat' dir='ltr'><strong>assidue</strong></span> <span class='ocrx_word' id='word_1_632' title='bbox 1867 5917 1985 5973; x_wconf 87' lang='lat' dir='ltr'><strong>con-</strong></span> 
     </span>
    </p>
   </div>
   <div class='ocr_carea' id='block_1_73' title="bbox 2131 5892 3680 5980">
    <p class='ocr_par' dir='ltr' id='par_1_73' title="bbox 2131 5892 3680 5972">
     <span class='ocr_line' id='line_1_76' title="bbox 2131 5892 3680 5972; baseline -0.005 -18"><span class='ocrx_word' id='word_1_633' title='bbox 2131 5901 2233 5967; x_wconf 72' lang='grc' dir='ltr'>τοὺς</span> <span class='ocrx_word' id='word_1_634' title='bbox 2287 5900 2478 5965; x_wconf 76' lang='grc' dir='ltr'>ἄλλους</span> <span class='ocrx_word' id='word_1_635' title='bbox 2526 5895 2970 5972; x_wconf 77' lang='grc' dir='ltr'>συμφρονοῦντας</span> <span class='ocrx_word' id='word_1_636' title='bbox 3008 5894 3190 5960; x_wconf 71' lang='grc' dir='ltr'>αὐτοῖς</span> <span class='ocrx_word' id='word_1_637' title='bbox 3229 5896 3530 5967; x_wconf 72' lang='grc' dir='ltr'>ὲπήγοντος</span> <span class='ocrx_word' id='word_1_638' title='bbox 3565 5892 3680 5948; x_wconf 77' lang='grc' dir='ltr'><strong>Οὐκ</strong></span> 
     </span>
    </p>
   </div>
  </div>
