3924 6266
230 393 295 450 35
1073 390 1406 452 VETERUM
1446 394 1867 455 TESTIMONIA
1901 398 2179 458 CONTRA
2213 402 2584 465 EUSEBIUM.
3387 414 3458 471 86

227 506 310 562 ἀεὶ
328 504 443 560 κατ’
464 506 643 599 αὐτῶν
664 507 978 580 ιγράφομεν
995 510 1071 576 ὡς
1094 510 1163 565 τὰ
1187 513 1396 585 Ἀρείου
1415 515 1776 587 φρονούντωνς

1912 535 1970 576 ra
2010 537 2106 579 eos
2153 524 2473 595 scripsimus
2528 536 2783 599 tanquam
2831 530 3093 587 adversus
3139 531 3324 590 Ariani
3361 533 3461 592 do-

226 601 334 655 οὐκ
374 598 628 664 Εὐσέϐιος
672 602 702 654 6
733 602 792 655 ὲν
841 603 1140 676 Καισαρείᾳ
1180 605 1279 677 τῆς
1312 606 1775 680 Παλαιστίνηςιὲπῖ

1913 613 2086 683 {matis
2117 618 2452 673 assertores?
2477 598 2668 676 Nonne
2697 619 2985 687 Eusebius,
3015 623 3275 683 Caesarea:
3309 624 3462 683 Pale-

225 693 286 763 τῇ
343 689 500 783 θυσίᾳ
559 696 918 765 κατηγορεῖτο
970 696 1075 750 ὑπὸ
1126 698 1235 753 τῶν
1293 700 1389 755 σὺν
1421 700 1552 771 ⁴ἡμῖν
1594 699 1774 783 ὁμολο-

1908 704 2380 779 itinzeepiscopus,
2411 726 2442 766 a
2476 713 2680 770 nostris
2712 714 3119 775 confessoribus
3166 729 3457 778 accusatus

225 782 400 859 ητῶν
425 800 448 850 ί
1626 782 1629 783 ν

1626 782 1629 783 ν
1888 806 1997 867 est,
2016 801 2163 872 quod
2193 801 2356 860 idolis
2380 805 2743 864 sacrificasset
2769 807 2790 862 ξ

1284 951 1612 1023 Epiphanius
1651 954 1703 1010 in
1739 951 1924 1009 luenti
1953 945 2378 1004 Meletianorum.

286 1079 461 1136 Ταῦτα
508 1081 538 1133 6
591 1080 846 1152 βασιλεὺς
896 1082 1151 1149 ἀκούσας,
1199 1086 1411 1158 αἴρεται
1454 1086 1552 1159 μὲν
1597 1086 1772 1159 θυμιῖ),

1949 1079 2047 1136 His
2077 1075 2278 1132 auditis
2310 1076 2607 1146 imperator
2637 1091 2961 1149 magnopere
2994 1081 3306 1138 excanduit.
3345 1081 3449 1157 lgi-

223 1174 417 1231 κελεύει
446 1174 501 1228 δὲ
528 1175 965 1249 συγκροτηθῆναι
991 1177 1206 1233 σύνοδον
1236 1178 1378 1233 κατὰ
1395 1180 1493 1251 τὴν
1525 1180 1772 1250 Φοινίκην

1903 1188 1967 1227 ιιι·
1993 1169 2121 1243 Tyri
2162 1168 2218 1223 in
2249 1167 2510 1223 Phoenice
2540 1171 2831 1225 convocari
2862 1173 3126 1243 synodum
3171 1174 3347 1245 jubet,
3376 1175 3452 1232 ei-

222 1271 276 1322 ιν
299 1268 536 1341 Τύρῳτῇ
565 1268 719 1322 πόλει
736 1286 750 1299 ·
775 1269 1027 1324 ἐκέλευσε
1056 1270 1111 1325 δὲ
1143 1271 1380 1336 δικάζειν
1405 1272 1660 1327 Εὐσέϐιον
1685 1273 1771 1327 τὸν

1898 1278 1986 1334 lue
2014 1261 2221 1332 judicio
2254 1276 2489 1330 praeesse
2502 1276 2623 1315 cum
2652 1261 2975 1332 quibusdam
3000 1266 3121 1322 aliis
3146 1265 3447 1323 Caesarien-

223 1358 538 1430 Καισαρείας
584 1359 683 1413 καὶ
714 1358 906 1424 ἄλλους
943 1361 1122 1426 τινάς’
1170 1358 1309 1433 ἦσαν
1349 1362 1404 1416 δὲ
1449 1361 1772 1434 προσκεκλι-

1898 1370 1992 1410 sem
2024 1352 2340 1415 Eusebium,
2370 1353 2462 1423 qui
2491 1368 2678 1408 omnes
2720 1355 2775 1410 in
2805 1356 3131 1413 Arianorum
3188 1360 3447 1416 inanissi-

227 1451 363 1523 μένοι
383 1445 521 1506 οὗτοι
550 1450 734 1516 ποσῶς
766 1452 964 1524 μᾶλλον
1000 1457 1066 1526 τῇ
1100 1452 1207 1509 τῶν
1248 1455 1539 1527 Ἀρειανῶν
1563 1455 1776 1527 χυδαιο-

1895 1461 2024 1501 num
2072 1445 2266 1515 dogma
2320 1445 2703 1516 propensiores
2749 1458 2926 1502 erant.
3004 1447 3139 1504 Cum
3218 1451 3304 1508 his
3377 1468 3444 1510 ex

217 1543 380 1613 λογίᾳ.
423 1543 528 1597 Καὶ
577 1544 887 1617 ἐκλήθησαν
916 1547 1204 1602 ἐπίσκοποι
1247 1548 1346 1620 τῆς
1376 1549 1651 1618 Αἰγύπτου
1680 1549 1766 1620 τῆς

1893 1533 2146 1591 :atholica
2171 1532 2388 1606 Egypti
2439 1533 2702 1600 Ecclesia,
2748 1538 3442 1611 etAtbanasiosubjecta,

215 1634 508 1707 καθολικῆς,
542 1635 640 1691 καὶ
674 1637 779 1690 ὐπὸ
825 1636 1140 1693 Ἀθανάσιον
1183 1639 1482 1712 ἀκρέμονές
1514 1657 1655 1705 τινες
1684 1642 1764 1696 ἄν·

2012 1625 2120 1696 :opi
2153 1626 2374 1696 quidam
2403 1626 2647 1696 advocati
2673 1635 2821 1694 sunt,
2856 1630 3100 1699 primarii
3134 1632 3350 1702 quidem
3378 1647 3446 1692 ac
3558 1648 3561 1653 '

213 1726 329 1800 δρες
367 1728 459 1781 καὶ
503 1726 743 1798 μείζους,
769 1729 863 1782 καὶ
905 1730 963 1782 ὲν
1013 1729 1132 1801 Θεῷ
1177 1729 1390 1802 ἔχοντες
1432 1732 1660 1804 διαφανῆ
1688 1731 1762 1785 τὸι

1893 1730 2199 1791 praestantes
2232 1720 2353 1785 viri,
2389 1727 2553 1792 atque
2576 1722 2774 1777 eximia
2820 1725 2942 1778 vitae
2986 1726 3275 1783 sanctitate
3303 1742 3442 1797 pra:-

212 1818 317 1887 βίον
333 1838 346 1851 ·
376 1821 430 1872 ὲν
450 1812 531 1883 οἷς
553 1814 622 1891 ἦν
656 1820 685 1872 6
716 1821 1024 1894 μακαρίτης
1045 1823 1312 1893 Ποτάμων
1342 1825 1370 1877 ὁ
1405 1824 1599 1896 μέγας,
1619 1826 1648 1877 6
1672 1825 1761 1894 τῆς

1894 1814 2007 1879 liti;
2035 1814 2176 1868 inter
2212 1827 2350 1882 quos
2378 1812 2552 1868 felicis
2589 1815 3127 1888 memorimmagnus
3156 1818 3247 1874 ille
3281 1817 3443 1875 Pota-

218 1916 527 1989 Ἡρακλείας
558 1919 856 1984 ἐπίσκοπος
900 1919 993 1973 καὶ
1035 1919 1368 1990 ὁμολογητής
1388 1937 1400 1950 ·
1435 1919 1569 1975 ἀλλὰ
1589 1922 1705 1975 ,καὶ
1724 1923 1767 1975 ol

1894 1922 1967 1961 no
1996 1905 2116 1970 fuit,
2148 1904 2422 1961 Heracleae
2448 1906 2738 1977 episcopus
2784 1916 2840 1963 et
2864 1906 3171 1965 confessor.
3205 1910 3443 1968 Aderant

206 2008 307 2063 τῶν
327 2009 690 2077 Μελετιανῶν,
722 2012 953 2085 μάλιστα
983 2014 1030 2065 οἱ
1050 2012 1143 2065 τοῦ
1189 2013 1504 2067 Ἀθανασίου
1533 2031 1755 2087 κατηγο-

1891 2009 1926 2055 et
1952 1998 2556 2063 Meletiani,.Athanasii
2595 2001 2897 2070 praesertim
2951 2009 3324 2059 accusatores.
3369 2002 3440 2059 At

210 2100 435 2172 ροῦντες.
494 2102 750 2176 Ζηλωτὴς
789 2104 847 2158 δὲ
874 2102 950 2158 ὣν
980 2103 1120 2177 ὑπὲρ
1175 2104 1434 2176 ἀληθείας
1488 2106 1581 2160 καὶ
1615 2105 1759 2180 ὄρθο-

1890 2100 2062 2148 ieatus
2093 2090 2323 2146 Potamo
2350 2092 2599 2147 veritatis
2654 2106 2718 2147 ac
2756 2103 2919 2148 rectae
2978 2093 3100 2149 fidei
3153 2094 3439 2150 arderea-

208 2190 373 2260 δοξίας
412 2195 441 2248 6
482 2196 880 2268 προειρημένος
919 2197 1184 2267 Ποτάμων
1215 2198 1243 2251 6
1273 2196 1597 2270 μακαρίτης,
1621 2197 1757 2251 ἐλευ-

1891 2191 2080 2250 ιιιιιιιιε,
2108 2184 2194 2239 vir
2215 2198 2429 2239 summa
2458 2184 2715 2254 loquendi
2771 2184 3038 2250 libertate,
3091 2184 3184 2258 qui
3233 2186 3440 2244 nullius

209 2282 569 2357 θεροστομῶν,
617 2286 677 2352 ὃς
732 2288 992 2342 οὐδέποτε
1029 2288 1215 2360 εἴληφε
1259 2289 1547 2363 πρόσωπόν
1589 2302 1758 2353 τινος⁴

1889 2289 2105 2344 mquam
2148 2288 2395 2344 persona:
2421 2274 2686 2329 rationem
2751 2274 3034 2341 habuerat,
3078 2284 3132 2331 et
3154 2291 3253 2347 pro
3293 2278 3438 2333 veri-

208 2376 289 2432 tb'v
342 2378 617 2451 ὀφθαλμὸν
680 2381 789 2453 γὰρ
827 2383 885 2435 ἐν
919 2381 996 2453 τῷ
1024 2381 1252 2454 διωγμῷ
1282 2382 1368 2436 διὰ
1389 2382 1486 2454 τὴν
1513 2382 1757 2456 ἀλήθειαν

1885 2366 1994 2420 alis
2013 2365 2356 2421 confessione
2399 2366 2631 2421 alterum
2685 2366 2741 2421 in
2793 2367 3172 2436 persecutione
3215 2368 3434 2424 oculum

211 2468 506 2542 ίτυφλὼθη·
541 2470 803 2543 ἑωρακὼς
844 2471 938 2525 τὸν
984 2472 1241 2526 Εὐσέϐιον
1278 2472 1641 2545 καθεζόμενον
1671 2475 1760 2528 καὶ

1884 2457 2144 2522 tmiserat,
2193 2456 2485 2515 Eusebium
2521 2458 2798 2516 sedentem
2823 2465 2876 2513 et
2894 2458 3248 2529 iudicantem,
3282 2467 3433 2515 stan-

211 2559 493 2626 δικάζοντα,
548 2563 645 2616 καὶ
709 2563 1022 2619 Ἀθανάσιον
1073 2564 1283 2619 ἑστῶτα
1303 2606 1318 2630 ,
1370 2565 1760 2639 καταπονηθεὶς

1890 2565 1974 2604 em
1997 2564 2128 2606 vero
2145 2548 2504 2605 Athanasium
2534 2550 2910 2621 conspicatus,
2935 2551 3123 2607 dolore
3151 2549 3434 2607 confectus

213 2653 256 2723 τῇ
279 2651 443 2726 λύπῃ,
497 2654 592 2708 καὶ
646 2654 940 2727 δακρύσας,
968 2651 1055 2710 οἷα
1093 2656 1300 2727 γίνεται
1329 2657 1479 2728 παρὰ
1501 2661 1611 2723 τοῖς
1633 2659 1762 2731 άλη-

1888 2649 1918 2696 rt
1950 2641 2320 2716 illacrymans,
2357 2643 2503 2697 sicut
2535 2642 2767 2699 sinceris
2807 2643 3123 2699 hominibus
3157 2659 3261 2699 usu
3290 2644 3437 2700 veni-

214 2741 362 2808 οέσιν,
385 2746 709 2802 άπετείνατο
740 2752 891 2821 φωνῇ
925 2749 1135 2824 μεγάλῃ
1152 2740 1395 2823 Εὐσεϐίῳ
1411 2751 1603 2822 λέγων·
1639 2771 1657 2804 ι
1686 2754 1758 2808 Σὺ

1888 2748 1923 2789 ‘e
1951 2734 2111 2799 solet,
2146 2749 2343 2805 magna
2371 2749 2505 2788 voce
2533 2734 2811 2790 adversus
2851 2733 3147 2790 Eusebium
3192 2734 3437 2819 invectus

214 2835 412 2909 καθίζῃ,
443 2837 693 2905 Εὐσέϐιε,
723 2840 821 2896 καὶ
863 2840 1177 2904 Ἀθανὰσιος
1198 2840 1371 2906 ἀθῶος
1392 2841 1467 2895 ὢν
1492 2842 1642 2914 παρὰ
1665 2844 1758 2898 σοῦ

1889 2834 1964 2882 st.
1999 2825 2084 2893 Et,
2120 2844 2141 2878 ι
2179 2825 2345 2892 Tene,
2375 2825 2573 2898 inquit,
2613 2824 2832 2892 Eusebi,
2860 2826 3072 2893 sedere,
3104 2835 3157 2882 et
3184 2826 3438 2883 innocen-

214 2925 464 2996 κρίνεται·
510 2928 594 2992 τίς
642 2930 854 2999 ἐνέγκοι
898 2930 969 2986 τὰ
992 2930 1255 2997 τοιαύτας
1300 2931 1440 3002 Λέγε
1475 2932 1533 2987 δέ
1560 2951 1648 3005 μοι
1672 2934 1756 2996 σὺ,

1886 2932 1967 2972 em
1995 2916 2354 2973 Athanasium
2384 2933 2415 2973 a
2447 2918 2795 2989 teiudicari?
2830 2918 2967 2987 Quis
3006 2919 3111 2976 ista
3161 2919 3435 2976 sustinere

214 3016 254 3069 οὐ
289 3019 388 3072 σὺν
440 3020 566 3089 ἐμοὶ
614 3016 758 3092 ἦσθα
795 3021 852 3075 ὲν
895 3024 961 3093 τῇ
992 3022 1206 3093 φυλακῇ
1244 3022 1336 3075 ἐπὶ
1358 3022 1454 3076 τοῦ
1479 3023 1757 3095 διωγμοῦ;

1888 3009 2074 3065 possit?
2101 3009 2199 3065 Dic
2226 3011 2381 3075 milii,
2412 3026 2593 3067 nonne
2618 3026 2830 3067 mecum
2868 3011 3267 3082 persecutionis
3297 3020 3437 3066 tem-

215 3104 358 3177 Κάγὼ
389 3110 482 3180 μὲν
518 3109 796 3182 ὀφθαλμὸν
811 3110 1161 3184 ἀπεϐαλόμην
1194 3112 1334 3184 ὑπὲρ
1369 3112 1656 3186 ἀληθείας·
1691 3114 1755 3168 σὺ

1879 3116 1992 3157 lore
2025 3100 2081 3156 in
2107 3102 2357 3158 custodia
2388 3101 2573 3158 fuisti?
2594 3103 2771 3173 Atque
2811 3118 2914 3175 ego
2951 3103 3168 3175 quidem
3210 3104 3428 3159 oculum

213 3195 392 3254 δὲόὕτε
445 3202 613 3275 φαίνῃ
660 3201 1035 3275 λελωϐημένον
1067 3222 1119 3259 τι
1154 3203 1291 3276 ἔχων
1317 3206 1376 3259 ὲν
1406 3204 1484 3276 τῷ
1518 3204 1752 3276 σώματι,

1888 3210 1962 3249 »ιο
1982 3194 2216 3250 veritate
2246 3195 2478 3266 perdidi,
2519 3206 2578 3251 tu
2616 3196 2765 3251 nulla
2794 3198 3040 3265 corporis
3076 3203 3230 3266 parte
3276 3195 3437 3249 muti-

215 3289 300 3347 οὐτε
331 3293 734 3367 ἐμαρτύρησας,
772 3295 908 3351 ἀλλὰ
947 3296 1182 3369 ἕστηκας
1210 3296 1338 3363 ζῶν,
1378 3298 1545 3369 μηδὲν
1574 3300 1756 3372 ἠκρω-

1884 3295 2007 3349 atus
2039 3303 2123 3355 es,
2146 3304 2325 3359 neque
2353 3289 2673 3361 martyrium
2707 3289 2948 3354 subiisti,
2974 3289 3070 3346 sed
3113 3291 3269 3345 vivus
3292 3290 3433 3343 inte-

216 3386 562 3458 τηριασμένος.
595 3387 722 3451 Πῶς
752 3387 1105 3461 ἁνεχώρησας
1136 3389 1244 3443 άπὸ
1281 3389 1382 3462 τῆς
1407 3389 1674 3461 φυλακῆς,
1707 3393 1756 3446 εί

1882 3396 2070 3453 ςειηιιε
2096 3380 2379 3438 consistis.
2415 3379 2660 3447 Quanam
2687 3385 2898 3440 ratione
2918 3399 2949 3439 e
2988 3397 3209 3438 carcere
3253 3381 3431 3438 evasi-

219 3475 270 3548 μὴ
287 3477 360 3531 ὅτι
388 3478 630 3549 ὑπέσχου
663 3481 776 3542 τοῖς
812 3480 912 3552 τὴν
955 3480 1200 3550 ἀνάγκην
1231 3478 1327 3534 τοῦ
1353 3480 1595 3553 διωγμοῦ
1623 3484 1756 3553 ἡμῖν

1884 3474 1960 3537 sti,
1990 3474 2096 3530 nisi
2127 3482 2415 3546 propterea
2441 3462 2586 3545 quod
2621 3477 3062 3547 persecutoribus
3089 3475 3293 3533 nostris
3311 3491 3433 3546 spo-

219 3566 502 3642 ὶπινέγκασι
526 3572 589 3626 τὸ
614 3570 870 3645 ἀθέμιτον
895 3572 1185 3646 πρᾶξαιμῆ
1219 3572 1495 3646 ἐπραξαςς
1545 3592 1562 3627 ι

1880 3564 2103 3622 ιοιιάίεῐί
2125 3574 2179 3622 te
2228 3556 2666 3623 sacriﬁcaturum
2698 3583 2761 3624 ac
2794 3567 3026 3626 fortasse
3060 3568 3221 3625 etiam
3256 3566 3429 3623 sacri-

1857 3654 2072 3714 ficasti?
2103 3677 2123 3711 ι
2410 3664 2415 3671 ’

223 3781 509 3858 Εεφὴιοία
547 3790 910 3860 episcoporum
934 3789 1324 3846 catholicorum
1356 3790 1582 3864 [Egypti
1613 3792 1684 3917 aAd
1733 3810 1772 3919 lsi

1661 3880 1730 3936 po
1754 3881 1772 3917 ι

2030 3796 2178 3870 Tyri,
2241 3814 2397 3869 quam
2454 3799 2614 3870 refert
2656 3798 2984 3856 Athanasius
3017 3801 3071 3856 in
3125 3799 3430 3870 supradicto

268 3993 349 4049 Kal.
376 3997 486 4069 γάρ
520 3997 683 4052 πάλιν
713 3996 910 4062 οἴδατε,
944 3999 1020 4064 ὡς
1063 3997 1414 4072 προείπομεν,
1454 3998 1529 4064 ὡς
1568 3999 1752 4073 ὲχθροί

1931 4005 2097 4065 Scitis
2139 4009 2307 4074 enim,
2348 4007 2808 4080 quemadmodum
2864 4006 3116 4078 superius
3165 4007 3424 4076 diximus,

226 4084 317 4140 εἰσιν
339 4090 516 4163 ἡμῶν,
550 4090 645 4144 καὶ
679 4088 767 4145 διὰ
803 4091 855 4144 τί
896 4090 1155 4156 Εὐσέϐιος
1195 4093 1224 4145 6
1250 4092 1347 4164 τῆς
1398 4094 1751 4164 Καισαρείας,

1874 4111 1957 4153 eos
1981 4107 2201 4154 nostros
2231 4098 2485 4155 inimicos
2526 4113 2681 4167 esse;
2730 4107 2786 4154 et
2835 4114 2934 4155 cur
2974 4113 3086 4153 non
3109 4098 3183 4154 ita
3217 4098 3423 4170 pridem

227 4172 360 4251 διθρδς
393 4181 619 4251 γέγονεν
641 4180 751 4235 ἀπὸ
785 4181 1029 4254 πέρυσιν.

1876 4184 2130 4246 Eusebius
2156 4188 2512 4247 Caesariensis
2537 4189 2851 4248 inimicitias
2884 4189 3148 4249 adversus
3188 4207 3291 4249 nos
3306 4211 3425 4251 sus-

1863 4280 2084 4347 ceperit.
2166 4284 2172 4290 ’

1026 4432 1352 4489 Athanasius
1400 4436 1453 4488 in
1476 4431 1701 4502 epistola
1732 4432 1807 4488 De
1832 4432 2068 4489 decretis
2088 4434 2279 4506 synodi
2318 4415 2585 4491 Nicaeum:

278 4567 431 4623 Καὶτό
463 4586 529 4639 γε
573 4569 891 4641 παράδοξον,
920 4571 1178 4636 Εὐσέϐιος
1208 4574 1239 4627 6
1268 4573 1376 4627 ἀπὸ
1420 4575 1756 4647 Καισαρείας

1927 4573 1995 4631 Ει
2019 4574 2164 4646 quod
2187 4576 2498 4633 mirandum
2528 4583 2634 4643 est,
2680 4575 2948 4633 Eusebius
2986 4576 3276 4648 episcopus
3304 4574 3424 4631 Cae-

234 4653 300 4725 τῆς
318 4660 685 4732 Παλαιστίνης,
721 4662 896 4716 καίτοι
924 4663 1032 4735 πρὸ
1068 4665 1197 4735 μιᾶς
1228 4664 1579 4737 ἀρνούμενος,
1606 4666 1755 4737 ὅμως

1877 4681 2027 4721 mea:
2052 4664 2361 4729 Palestina,
2390 4667 2639 4737 quamvis
2666 4666 2843 4738 pridie
2868 4671 3199 4731 recusasset,
3231 4665 3426 4736 postri-

237 4742 395 4849 ίιστερον
420 4752 768 4826 ὑπογράψας,
791 4752 1067 4806 ἐπέστειλε
1099 4757 1166 4826 τῇ
1202 4755 1497 4828 Ἐκκλησία
1533 4756 1748 4819 ἑαυτοῦ,
1785 4800 1786 4835 ξ

1876 4757 1945 4813 lie
1965 4766 2144 4814 tamen
2195 4757 2542 4828 subscripsit,
2581 4765 2635 4815 et
2666 4758 2735 4815 ad
2767 4756 3067 4813 Ecclesiam
3107 4771 3261 4812 suam
3283 4756 3425 4812 litte—

236 4834 357 4909 λέγων
401 4842 542 4900 εἶναι
571 4847 672 4917 τῆς
729 4846 1050 4919 Ἐκκλησίας
1087 4848 1185 4918 τὴν
1233 4848 1448 4914 πίστιν,
1500 4850 1595 4904 καὶ
1639 4849 1749 4903 τῶν

1889 4863 1944 4903 as
1975 4847 2143 4914 dedit,
2173 4862 2425 4905 asserens
2450 4848 2591 4903 hanc
2623 4864 2746 4905 esse
2776 4847 3031 4904 Ecclesia)
3062 4844 3225 4901 fidem
3249 4853 3304 4902 et
3325 4844 3438 4900 Paw

240 4927 428 5006 Πατέρων
462 4936 563 5009 τὴν
603 4936 900 5008 παράδοσιν
919 4955 947 4969 ὀ
972 4937 1102 4991 πᾶσί
1135 4955 1194 4992 τε
1229 4938 1483 5010 φανερῶς
1525 4938 1744 5007 ἔδειξεν,

1879 4953 2000 4993 rum
2032 4939 2404 4995 traditionem.
2441 4939 2817 5011 Omnibusque
2862 4937 3154 4995 manifesto
3183 4936 3425 4994 declara-

242 5017 295 5072 δτι
320 5028 554 5100 πρότερον
611 5027 966 5098 ἐσφάλλοντο,
1016 5029 1114 5084 καὶ
1159 5028 1336 5101 μάτην
1382 5029 1746 5098 ἐφιλονείκουν

1877 5031 1953 5097 rit,
1982 5032 2104 5089 illos
2136 5034 2290 5102 prius
2311 5041 2526 5088 errasse
2545 5041 2600 5087 et
2633 5031 2837 5088 frustra
2858 5032 2926 5086 de
2951 5031 3177 5086 veritate
3209 5040 3426 5087 conten-

246 5113 335 5181 πρὸς
352 5118 430 5191 τὴν
463 5119 752 5191 ἀλήθειανο
788 5122 836 5174 εἰ
858 5121 967 5193 γάρ
992 5122 1085 5175 καὶ
1110 5120 1351 5192 ᾐσχύνθη
1381 5122 1503 5175 τότε
1523 5121 1747 5187 ταύταις

1870 5121 2022 5180 lisse.
2047 5124 2161 5180 Etsi
2179 5126 2322 5180 enim
2338 5125 2406 5180 iis
2422 5133 2551 5179 tunc
2569 5125 2747 5179 verbis
2767 5124 2848 5179 uti
2876 5137 2988 5194 prae
3008 5121 3215 5193 pudore
3226 5123 3419 5180 noluit.

245 5206 324 5269 ταῖς
345 5207 499 5279 λέξεσι
530 5212 774 5283 γράψαι,
810 5215 903 5268 καὶ
935 5214 1010 5278 ὡς
1043 5214 1306 5287 ἠθέλησεν
1340 5215 1503 5279 αὐτὸς
1548 5215 1745 5269 ἀπελο-

1873 5226 1909 5273 ιι
1930 5222 2092 5288 prout
2121 5217 2238 5288 ipse
2277 5218 2446 5273 voluit
2477 5216 2743 5273 satisfecit
2774 5215 3053 5280 Ecclesiae,
3100 5214 3156 5270 in
3194 5216 3422 5287 epistola

249 5296 465 5376 ’ίήσατοτῇ
504 5304 822 5378 Ἐκκλησία,
851 5305 986 5360 άλλά
1014 5324 1079 5375 γε
1115 5307 1201 5362 διὰ
1240 5309 1339 5379 τῆς
1373 5309 1660 5382 ἐπιστολῆς
1690 5309 1752 5363 1:6

1875 5323 2036 5363 amen
2062 5308 2117 5364 in
2174 5324 2282 5379 qua
2309 5308 2403 5363 Dei
2446 5306 2642 5363 Filium
2692 5306 3212 5363 consubstantialem
3261 5313 3316 5362 et
3358 5321 3424 5362 ex

251 5386 453 5456 δμωύσιον
488 5401 583 5453 καὶ
631 5400 693 5453 τὸ
729 5401 795 5454 ἐκ
837 5400 937 5471 τῆς
978 5401 1164 5466 οὐσίας
1213 5401 1287 5473 μὴ
1337 5403 1746 5475 ἀρνησάμενος,

1878 5399 2158 5455 ιιιὺειειιιιίιι
2189 5398 2371 5454 Patris
2411 5399 2677 5454 exsistere
2729 5413 2857 5454 non.
2889 5396 3184 5464 inficiatur,
3241 5405 3427 5468 aperte

256 5488 425 5556 φανερῶς
459 5491 616 5547 τοῦτο
661 5495 898 5565 σημᾶναι
957 5493 1238 5565 βούλεται,
1286 5498 1381 5549 καὶ
1414 5495 1650 5550 πέπονθέ
1693 5513 1747 5549 τι

1876 5491 1908 5547 d
1938 5489 2080 5563 quod
2105 5489 2239 5556 dixi,
2269 5490 2557 5562 significat.
2607 5489 2687 5545 Ac
2711 5488 2956 5560 proferto
3009 5488 3196 5545 infelix
3253 5489 3310 5544 in
3358 5504 3425 5543 eo

256 5566 392 5629 δεινόν·
417 5583 484 5649 ὼς
523 5585 634 5656 γάρ
687 5586 1119 5657 ἀπολογούμενος
1170 5588 1515 5660 κατηγόρησε
1566 5587 1749 5643 λοιπὸν

1875 5583 1975 5647 ὐἰι,
2018 5590 2077 5637 ιιι
2136 5583 2281 5639 enim
2317 5582 2554 5652 seipsum
2607 5591 2885 5654 purgaret,
2939 5583 3220 5640 accusavit
3271 5581 3424 5640 deiu-

260 5660 330 5717 πῦν
362 5668 639 5744 Ἀριανῶν,
674 5677 758 5731 ὅτι
790 5677 1117 5749 γράψαντες,
1158 5679 1270 5735 ὐκ
1303 5676 1372 5752 ἦν
1396 5682 1424 5734 6
1451 5679 1579 5743 Υἱὸς
1618 5680 1746 5751 πρὶν

1875 5691 1980 5746 maps
2010 5676 2267 5741 Arianos,
2292 5675 2438 5746 quod
2476 5690 2601 5730 cum
2642 5675 2888 5732 dicerent
2932 5674 3127 5731 Filium
3171 5674 3266 5730 Dei
3310 5689 3424 5730 non

261 5756 483 5833 τενηθῆναι,
514 5771 616 5822 οὐκ
650 5766 842 5839 ἤθελον
872 5770 1002 5823 αὐτὸ
1031 5765 1165 5825 εἶναι
1189 5770 1305 5824 οὐδὲ
1337 5769 1443 5841 πρὸ
1472 5769 1573 5840 τῆς
1605 5769 1746 5826 κατά

1878 5768 2126 5823 ιιειίιίεεε
2159 5774 2449 5838 antequam
2503 5767 2817 5840 gigneretur
2843 5811 2859 5835 ,
2912 5767 3017 5823 hoc
3059 5776 3219 5840 pacto
3259 5782 3427 5842 nega-

267 5842 385 5915 αάρκα
406 5860 666 5924 γενέσεως.
721 5911 724 5914 .
1212 5926 1219 5929 ,

1852 5868 1970 5917 rent
1999 5874 2122 5917 eum
2144 5861 2422 5938 exstitisse
2460 5869 2585 5918 ante
2611 5860 3067 5918 incarnationem.
