3924 6266
452 447 520 502 87
1257 444 1587 501 VETERUM
1625 441 2045 499 TESTIMONIA
2084 440 2368 498 CONTRA
2403 438 2769 497 EUSEBIUM.
3626 427 3714 482 88

1046 540 1057 550 ’
1311 561 1455 617 Idem
1488 563 1544 616 in
1575 570 1807 616 tractatu
1828 561 1904 616 De
1935 561 2158 633 synodis
2186 561 2418 615 Arimini
2443 568 2497 615 et
2525 556 2803 613 Seleneiae.

514 680 791 754 Praecipue
821 692 998 739 autem
1020 683 1276 747 Aeacius,
1306 682 1438 753 quid
1463 682 1696 739 Eusebio
1747 684 2008 755 magistro
2037 690 2063 743 Α

2174 681 2425 737 Μάλιστα
2465 679 2522 732 δὲ
2564 677 2812 738 Ἀκάκιος
2842 672 2894 726 τί
2945 668 3012 726 ἂν
3051 669 3191 722 εἴποι
3239 666 3371 738 πρὸς
3410 661 3712 755 Εὐσέϐιον

445 790 547 833 suo
570 793 932 847 responsurus
954 778 1073 832 est?
1110 776 1213 842 Qui
1241 791 1350 831 non
1394 777 1567 831 solum
1593 778 1801 848 synodo
1831 777 1994 832 Nicae-

2162 792 2192 827 ην
2228 773 2419 827 ἑαυτοῦ
2462 770 2809 833 διδάσκαλον;
2844 768 2939 829 Ὃς
2979 764 3036 818 οὐ
3077 763 3232 834 μόνον
3271 757 3600 828 ὑπέγραψεν
3640 754 3711 806 ἐν

443 881 528 921 me
557 845 902 935 subscripsit,
927 864 1020 920 sed
1046 873 1101 920 et
1150 880 1247 935 per
1298 864 1583 934 epistolam
1626 845 1842 937 populis
1889 866 1992 922 suis

2160 868 2169 937 ᾗ
2214 863 2355 918 κατὰ
2402 863 2636 915 Νίκαιαν
2681 858 2913 927 συνόδῳ,
2955 854 3089 909 ἀλλὰ
3137 853 3227 906 καὶ
3278 850 3343 903 δι’
3384 845 3709 914 ἐπιστολῆς

444 957 767 1028 signiﬁcavit
795 995 811 1022 ,
879 972 999 1011 eam
1079 971 1214 1012 esse.
1262 971 1443 1013 veram
1488 957 1645 1012 ﬁdem
1689 974 1810 1030 quae
1860 959 1993 1027 apud

2159 957 2337 1028 ἰήλωσε
2387 956 2497 1017 τοῖς
2525 954 2616 1006 ὑπ’
2658 950 2821 1005 αὑτὸν
2848 951 3027 1011 λαοῖς,
3066 945 3267 1015 ταύτην
3305 940 3444 995 εἶναι
3485 940 3708 992 πίστιν

441 1046 676 1103 Nicaeam
727 1063 795 1104 ex
843 1046 1119 1104 communi
1159 1062 1427 1104 consensu
1478 1049 1678 1104 tradita
1736 1059 1839 1105 est.
1890 1049 1984 1104 Ets

2158 1047 2297 1118 ιηθῆ,
2330 1046 2429 1114 τὴν
2468 1042 2883 1114 ὁμολογηθεῖσαν
2912 1043 2968 1093 ἐν
3007 1041 3072 1108 τῇ
3106 1037 3245 1091 κατὰ
3280 1035 3512 1088 Νίκαιαν
3544 1047 3707 1084 συν-

439 1141 583 1197 enim
618 1156 684 1196 eo
728 1156 836 1210 quo
873 1141 960 1196 vol
985 1142 1049 1193 git
1101 1141 1284 1206 modo,
1311 1142 1589 1198 excusavit
1621 1126 1680 1197 se
1729 1157 1824 1212 per
1858 1142 1988 1196 illan

2155 1145 2208 1211 ῖῳ
2232 1159 2245 1169 ·
2282 1141 2330 1194 εἰ
2358 1137 2466 1210 γὰρ
2487 1138 2579 1191 καὶ
2616 1136 2691 1199 ὡς
2724 1134 2984 1205 ἠθέλησεν
3033 1130 3402 1201 ἀπελογήσατο
3438 1126 3526 1179 διὰ
3579 1123 3704 1192 τῆς

440 1232 759 1307 Epistolam,
783 1248 883 1288 voc
905 1252 942 1288 -s
971 1245 1152 1288 tamen
1176 1233 1368 1306 synodi
1386 1249 1495 1288 non
1528 1233 1855 1304 repudiavit.
1889 1232 1989 1289 lmc

2157 1231 2415 1301 τιστολῆς,
2456 1230 2592 1284 άλλά
2630 1245 2693 1296 γε
2726 1228 2823 1290 τὰς
2863 1225 3034 1292 λέξεις
3068 1224 3168 1278 οὐκ
3194 1223 3496 1293 ἡρνὴσατο’
3533 1215 3706 1270 ἀλλὰ

440 1320 674 1375 Arianos
712 1323 1006 1387 accusavit,
1061 1322 1206 1392 quod
1240 1338 1366 1378 cum
1406 1324 1692 1379 dicerent:
1724 1322 1842 1378 Non
1884 1333 1989 1379 eral

2156 1326 2199 1378 ιιὶ
2231 1324 2575 1395 κατηγόρησε
2604 1321 2711 1375 τῶν
2753 1319 3039 1390 Ἀρειανῶν
3059 1357 3072 1381 ,
3104 1317 3185 1370 ὅτι
3234 1315 3510 1384 λέγοντες,
3558 1311 3705 1363 Οὐκ

441 1410 610 1467 Filius
632 1420 918 1482 antequam
946 1415 1258 1486 gigneretur
1281 1460 1296 1483 ,
1326 1430 1448 1470 eum
1497 1431 1566 1471 ne
1618 1422 1743 1471 ante
1784 1424 1990 1486 partum

2155 1439 2171 1474 ν
2209 1420 2335 1491 πρὶν
2368 1418 2659 1489 γενηθῆναι
2708 1418 2736 1469 ὁ
2768 1415 2895 1479 Υἱὸς
2914 1455 2927 1478 ,
2959 1414 3077 1467 οὐδὲ
3108 1412 3214 1483 πρὸ
3258 1408 3477 1481 Μαρίας
3507 1405 3704 1462 αὑτὸν

444 1503 659 1573 quidem
692 1503 873 1560 Maria:
900 1508 1174 1563 exstitisse
1213 1508 1565 1563 afﬁrmarent.

934 1508 1174 1563 xstitissc
1213 1508 1271 1561 af
1272 1510 1565 1563 firmarent.
2105 1505 2293 1581 ἤθελον
2324 1506 2480 1564 εἶναι.

1476 1602 1623 1657 Idem
1649 1605 1703 1658 in
1733 1604 1956 1672 epistola
1993 1604 2060 1657 ad
2089 1606 2358 1676 episcopos
2394 1605 2612 1675 Africw.

503 1715 690 1789 Neque
716 1719 836 1790 ejus
866 1721 943 1775 rei
975 1721 1197 1792 ignarus
1244 1729 1363 1777 erat
1391 1720 1657 1777 Eusebius
1710 1723 1997 1793 episcopus

2174 1725 2284 1778 Καὶ
2331 1723 2487 1777 τοῦτο
2531 1722 2823 1791 ἐγίνωσκεν
2858 1718 3111 1781 Εὐσέϐιος
3142 1720 3170 1771 ὁ
3213 1713 3499 1785 γενόμενος
3551 1708 3698 1763 ἐπί-

436 1809 811 1868 Caasariensis.
841 1812 944 1878 Qui
977 1828 1101 1868 cum
1131 1814 1283 1885 prius
1323 1813 1713 1885 suffragaretur
1731 1816 1985 1870 Arianica

2141 1834 2303 1880 κοτεος
2337 1816 2438 1886 τῆς
2468 1814 2820 1886 Καισαρείας,
2854 1812 3113 1883 πρότερον
3143 1809 3237 1880 μὲν
3273 1804 3581 1876 συντρέχων
3608 1805 3688 1872 τῇ

437 1910 621 1970 sectae,
644 1911 834 1973 postea
861 1914 1041 1960 tamen
1063 1905 1265 1961 Nicmni
1311 1910 1530 1964 concilii
1585 1908 1820 1964 decretis
1871 1909 1974 1963 sub

2139 1910 2424 1979 Αρειανικῇ
2468 1906 2695 1977 αἱρέσει,
2732 1903 2954 1974 ὕστερον
2980 1903 3036 1954 δὲ
3078 1898 3395 1970 ὑπογράψας
3427 1899 3483 1949 ὲν
3526 1895 3688 1965 αὐτῇ

437 1994 680 2066 scripsit,
709 2004 764 2051 et
787 1998 930 2068 apud
958 2013 1090 2054 suos
1124 1999 1357 2071 idipsum
1385 2002 1627 2072 prepriis
1682 2001 1882 2056 litteris
1927 2001 1986 2054 af

2143 2002 2170 2070 ᾗ
2202 2001 2258 2052 ἐν
2279 1984 2484 2068 Νικαίᾳ
2523 1996 2740 2066 συνόδῳ,
2777 1993 2981 2065 ἔγραψε
3012 1995 3123 2055 τοῖς
3156 1990 3303 2053 ἰδίοις
3333 1984 3692 2040 διαϐεϐαιού-

438 2085 689 2153 firmavit,
721 2090 879 2159 cujus
909 2089 1022 2145 haec
1060 2093 1222 2146 verba
1259 2100 1385 2147 sunt
1420 2091 1718 2148 :Novimus
1740 2092 1987 2163 quosdan

2144 2106 2286 2153 ,ενος,
2311 2088 2393 2141 ὅτι
2422 2087 2515 2139 καὶ
2542 2084 2648 2137 τῶν
2674 2082 2914 2136 παλαιῶν
2939 2081 3086 2144 τινας
3110 2078 3321 2147 λογίους
3352 2077 3444 2129 καὶ
3471 2077 3693 2143 ἐπιφαι-

435 2195 503 2235 ex
533 2182 733 2251 priscis
757 2182 1001 2239 eruditos
1034 2190 1090 2239 et
1117 2187 1409 2255 praeclaros
1440 2188 1730 2251 antistites,
1760 2187 1984 2255 aliosqut

2141 2183 2213 2244 εἷς
2245 2178 2572 2241 ἐπισκόπους
2621 2177 2715 2229 καὶ⁴
2765 2174 3112 2245 συγγραφέας
3159 2170 3399 2240 ἔγνωμεν
3442 2169 3533 2220 ἐπὶ
3574 2167 3690 2238 τῆς

435 2272 755 2342 scriptores,
790 2290 915 2330 cum
942 2276 1010 2333 de
1041 2278 1219 2334 Patris
1244 2289 1297 2335 et
1325 2278 1448 2333 Filii
1475 2278 1683 2335 Deitate
1712 2280 1984 2350 loquerent

2139 2272 2194 2327 οὗ
2220 2271 2432 2341 Πατρδς
2461 2269 2553 2323 καὶ
2572 2266 2703 2321 Υίοῦ
2733 2267 2982 2336 θεότητος
3004 2262 3080 2334 τῷ
3110 2263 3203 2317 τοῦ
3229 2259 3510 2332 ὁμοουσίου
3538 2275 3688 2329 χρη-

436 2369 542 2428 tur,
568 2379 701 2420 voce
727 2367 1314 2424 consubstantialitatis
1336 2384 1468 2424 usos
1488 2384 1628 2424 esse.

1080 2369 1314 2424 :ialitatis
1336 2384 1468 2424 usos
1488 2384 1628 2424 esse.
2106 2379 2173 2415 σα
2180 2361 2369 2433 μένους
2389 2358 2629 2429 ὀνόματι.

1274 2487 1420 2541 Idem
1452 2488 1506 2540 in
1536 2495 1769 2541 tractatu
1798 2486 1872 2541 De
1898 2482 2131 2556 Synodis
2174 2480 2405 2535 Arimini
2436 2486 2490 2534 et
2519 2477 2796 2533 Seleuciae.

501 2590 768 2651 Eusebius
796 2588 1012 2668 quoque
1034 2617 1100 2656 ex
1132 2600 1376 2658 Caesarea
1405 2600 1715 2667 Palestina,
1756 2603 1812 2657 in
1863 2603 2000 2657 litte-

2187 2599 2246 2650 Ὀ
2276 2597 2332 2650 δὲ
2372 2596 2481 2650 ἀπὸ
2510 2592 2844 2665 Καισαρείας
2871 2592 2973 2662 τῆς
3001 2588 3360 2657 Παλαιστίνης
3392 2583 3680 2647 Εὐσέϐιος,

435 2684 510 2739 ris
541 2687 608 2741 ad
636 2687 1057 2759 Euphrationem
1094 2694 1408 2764 episc0pum
1431 2711 1538 2749 non
1560 2696 1764 2751 veritus
1790 2703 1874 2751 est
1898 2710 1984 2765 pa-

2131 2689 2331 2762 Ῥάφων
2358 2689 2494 2759 πρὸς
2518 2686 2874 2759 Εὐφρατίωνα
2899 2685 2989 2736 τὸν
3014 2683 3327 2743 ἐπίσκοπον,
3352 2675 3680 2745 οὺκέφοὸἠ-

432 2775 540 2831 iam
562 2778 763 2849 dicere,
794 2781 1071 2841 Christum
1096 2802 1207 2841 non
1237 2801 1359 2842 esse
1381 2801 1565 2841 verum
1594 2785 1785 2842 Deum.

2138 2800 2169 2852 η
2206 2778 2453 2850 φανερῶς
2482 2781 2653 2832 εἰπεῖν
2683 2781 2765 2833 ὅτι
2797 2780 2826 2832 ὁ
2864 2776 3095 2847 Χριστὸς
3126 2775 3225 2827 οὐκ
3251 2773 3395 2825 ἐστιν
3422 2768 3682 2842 ἀληθινὸς

2102 2870 2252 2935 Θεός.

1137 2964 1492 3038 Hieronymus
1526 2968 1582 3023 in
1616 2968 1838 3037 epistola
1866 2966 1935 3022 ad
1952 2966 2337 3037 Ctesiphontem
2365 2966 2613 3021 adrersus
2638 2963 2977 3036 Pelagianos.

506 3054 729 3112 Fecerat
755 3059 857 3115 hoc
889 3068 944 3116 et
971 3061 1027 3116 in
1048 3065 1223 3118 sancti
1251 3062 1518 3133 Pamphili
1543 3063 1800 3136 martyris
1826 3063 2067 3129 nomine,
2096 3073 2156 3118 ut
2175 3063 2378 3120 librum
2423 3063 2661 3133 primum
2706 3077 2801 3117 sex
2858 3061 3120 3115 librorum
3169 3053 3505 3113 defensionis
3544 3050 3676 3111 Ori-

433 3155 588 3225 genis
614 3154 832 3214 Eusebii
860 3155 1233 3227 Caesariensis,
1263 3176 1425 3232 quem
1475 3160 1645 3217 fuisse
1696 3161 1983 3225 Arianum,
2025 3175 2188 3216 nemo
2250 3168 2336 3216 est
2381 3161 2477 3233 qui
2533 3160 2760 3227 nesciat,
2818 3156 3037 3213 nomine
3088 3150 3359 3223 Pamphili
3409 3148 3675 3221 martyris

432 3258 776 3320 praenotaret.

1426 3347 1574 3405 Idem
1600 3350 1655 3403 in
1684 3349 1817 3402 libro
1845 3348 2070 3403 secundo
2097 3346 2377 3405 Adversus
2398 3347 2673 3403 Ruﬁnum.

504 3440 697 3495 Statim
721 3440 788 3496 de
815 3448 975 3511 portu
1001 3445 1307 3513 egrediens,
1353 3459 1545 3499 navem
1579 3442 1824 3514 impegit.
1860 3438 2123 3497 Referens
2162 3443 2309 3496 enim
2332 3442 2400 3496 de
2427 3440 2688 3512 Apologia
2722 3435 2993 3506 Pamphili
3038 3433 3314 3507 martyris,
3346 3447 3509 3503 quam
3564 3444 3673 3487 nos

432 3534 653 3591 Eusebii
675 3536 1001 3591 Arianorum
1024 3536 1310 3607 principis,
1338 3536 1711 3607 probavimus,
1738 3542 1844 3592 etc.

1433 3626 1582 3680 Idem
1612 3628 1666 3680 in
1696 3626 1828 3680 libro
1850 3628 2023 3697 primo
2045 3627 2323 3682 Adversus
2356 3621 2632 3679 Rufinum.
2714 3618 2727 3628 ’

501 3714 767 3774 Eusebius
790 3716 1144 3773 Czesariensis
1174 3718 1484 3789 episcopus,
1504 3718 1662 3788 cujus
1684 3734 1849 3789 supra
1873 3719 2116 3785 memini,
2141 3719 2195 3772 in
2228 3724 2382 3773 sexto
2411 3717 2553 3772 libro
2578 3716 2679 3786 τῆς
2706 3714 3057 3785 Ἀπολογίας
3083 3712 3353 3784 Origenis,
3391 3712 3497 3770 hoc
3519 3713 3665 3769 idem

431 3805 618 3875 objicit
641 3807 910 3862 Methodio
936 3809 1196 3878 episcopo
1221 3816 1273 3865 et
1298 3810 1543 3880 martyri,
1575 3809 1721 3879 quod
1753 3818 1813 3863 tu
1846 3810 1903 3865 in
1942 3811 2080 3865 meis
2130 3808 2387 3865 laudibus
2438 3807 2787 3874 criminaris;
2820 3818 2873 3863 et
2902 3806 3034 3862 dicit
3066 3826 3079 3861 :
3108 3826 3127 3856 ι
3160 3804 3445 3872 Quomodo
3486 3821 3664 3862 ausus

429 3904 516 3953 est
547 3897 850 3956 Methodius
871 3915 1020 3954 nunc
1043 3910 1236 3955 contra
1270 3900 1558 3971 Origenem
1597 3902 1860 3967 scribere,
1883 3902 1975 3972 qui
1999 3902 2131 3957 haec
2161 3907 2217 3957 et
2246 3901 2363 3957 hinc
2408 3899 2475 3955 de
2518 3897 2766 3970 Origenis
2820 3900 3038 3955 locutus
3089 3906 3173 3955 est
3211 3899 3554 3968 dogmatibus
3585 3898 3609 3951 ?
3637 3919 3658 3950 ι

429 3990 549 4048 Non
567 4001 650 4047 est
674 3992 835 4061 hujus
865 3993 971 4048 loci
1005 4009 1103 4063 pro
1134 4002 1369 4066 martyre
1385 3993 1551 4064 loqui.
1582 3992 1770 4064 Neque
1796 3992 1943 4050 enim
1963 3994 2146 4049 omnia
2170 3993 2223 4048 in
2251 3992 2389 4049 locis
2411 3992 2664 4048 omnibus
2696 3992 3014 4048 disserenda
3059 3998 3206 4046 sunt.
3254 3989 3414 4045 Nunc
3457 3991 3665 4061 tetigis-

431 4100 492 4140 se
516 4084 766 4152 suﬁieiat,
802 4085 906 4140 hoc
937 4087 1007 4143 ab
1032 4086 1238 4141 Ariano
1268 4088 1487 4144 homine
1515 4086 1678 4157 obiici
1706 4087 2013 4143 clarissimo
2035 4099 2088 4143 et
2109 4086 2557 4159 eloquentissimo
2581 4087 2831 4157 martyri,
2864 4084 3010 4158 quod
3044 4093 3101 4140 tu
3129 4085 3185 4139 in
3224 4099 3310 4139 me
3364 4090 3418 4140 et
3451 4086 3663 4140 amicus

432 4178 643 4244 laudas,
691 4188 745 4235 et
768 4180 1008 4239 offensus
1035 4196 1285 4241 accusas.

1337 4298 1609 4364 Socrates,
1635 4298 1732 4354 lib.
1757 4314 1771 4351 ι
1804 4296 2058 4353 Historiae
2083 4297 2486 4362 ecclesiasticae,
2516 4312 2632 4365 cap.
2662 4295 2752 4351 25.
2830 4282 2833 4285 ’

498 4410 763 4467 Eusebius
814 4411 1030 4480 quidem
1078 4411 1342 4483 Pamphili
1385 4413 1597 4479 scribit,
1654 4414 1836 4469 statim
1870 4419 1992 4483 post
2019 4422 2047 4477 ε

2164 4412 2423 4476 Εὐσέϐιος
2455 4412 2549 4482 μὲν
2583 4407 2675 4464 οὖν
2706 4412 2734 4462 ὁ
2786 4410 3068 4482 Παμφίλου
3118 4410 3280 4482 φησὶν
3324 4409 3482 4472 εὐθὺς
3522 4407 3665 4479 μετὰ

428 4502 693 4574 synodum
723 4501 1008 4574 [Egyptios
1042 4505 1183 4559 inter
1206 4520 1265 4559 se
1306 4505 1663 4559 tumultuatos
1691 4518 1833 4569 esse,
1856 4517 1977 4557 cau-

2111 4503 2190 4575 τὴν
2232 4503 2463 4568 σύνοδον,
2513 4503 2646 4575 πρὸς
2668 4504 2864 4575 ἑαυτὴν
2906 4501 3209 4567 στασιάζειν
3246 4501 3340 4572 τὴν
3366 4499 3660 4569 Αἴγυπτον,

427 4608 540 4649 sam
567 4595 831 4652 tumultus
865 4612 975 4651 non
1020 4596 1242 4652 addens.
1273 4596 1391 4662 Quo
1424 4596 1481 4650 ﬁt
1531 4605 1592 4651 ut
1638 4598 1691 4651 in
1734 4596 1976 4666 bilinguis

2113 4596 2194 4666 τὴν
2220 4594 2397 4648 αἰτίαν
2423 4595 2495 4666 μὴ
2521 4594 2827 4667 προστιθείς
2846 4613 2858 4626 ·
2887 4595 2944 4660 ἐξ
2964 4590 3036 4647 ὧν
3064 4594 3156 4648 καὶ
3181 4591 3477 4662 διγλώσσου
3504 4592 3662 4658 δόξαν

426 4687 792 4757 suspicionem
821 4690 1054 4756 venerit,
1084 4698 1368 4758 propterea
1417 4688 1563 4760 quod
1610 4689 1740 4743 dum
1792 4702 1975 4742 causa:

2112 4690 2394 4761 εκτήσατο,
2427 4690 2528 4754 ὅτι,
2563 4688 2661 4752 τὰς
2692 4688 2870 4752 αἰτίας
2896 4688 3073 4756 λέγειν
3109 4687 3388 4751 ἐκκλίνων,
3426 4685 3500 4757 μὴ
3535 4703 3661 4739 συν-

424 4794 649 4835 narrare
676 4781 1020 4852 subterfugit,
1059 4782 1300 4837 indicare
1349 4782 1565 4837 videtur
1612 4797 1672 4837 se
1727 4781 1812 4835 his
1869 4794 1973 4849 qua

1542 4798 1565 4835 r
1612 4797 1672 4837 se
1727 4781 1812 4835 his
1869 4794 1991 4849 quae
2096 4782 2333 4836 ευδοκείν
2357 4785 2471 4845 τοῖς
2503 4785 2561 4835 ὲν
2591 4781 2794 4853 Νικαίᾳ
2826 4781 3091 4835 συνέθετο.

426 4871 567 4941 apud
593 4870 827 4927 Nicaeam
853 4875 1066 4930 decreta
1097 4872 1329 4940 fuerant,
1379 4875 1601 4930 minime
1637 4872 1913 4928 assentiri.

685 4989 1028 5045 Theodoritus
1050 4992 1106 5045 in
1136 4992 1561 5061 interpretatione
1599 4989 1849 5060 Epistula:
1873 4985 2032 5041 Pauli
2062 4983 2130 5039 ad
2155 4984 2425 5048 Hebrwos,
2459 4984 2521 5040 de
2558 4986 2772 5039 Arianis
2816 4986 3048 5056 loquens,
3076 4985 3152 5038 ita
3178 4982 3360 5037 scribit
3393 4998 3413 5035 :

496 5102 653 5170 Quod
675 5106 808 5162 sine
826 5109 932 5164 hoc
953 5108 1173 5179 quidem
1208 5108 1413 5164 sufﬁcit
1456 5109 1525 5165 ad
1553 5110 1633 5165 eis
1662 5106 1989 5179 persuaden-

2161 5104 2223 5157 Εἰ
2248 5103 2305 5157 δὲ
2347 5104 2481 5175 μηδὲ
2530 5103 2685 5157 τοῦτο
2719 5104 2897 5159 ἱκανὸν
2932 5107 3111 5156 πεῖσαι
3163 5103 3388 5165 αὐτοὺς,
3414 5100 3659 5172 Εὑσεϐίῳ

425 5195 578 5261 dum,
608 5196 841 5257 Eusebio
869 5210 1014 5257 certe
1039 5200 1330 5256 Palaestino
1372 5201 1591 5257 credere
1619 5216 1713 5256 eos
1738 5206 1974 5271 oportet,

2108 5194 2221 5264 (οὖν
2249 5196 2414 5267 ὲχρῆν
2440 5196 2725 5266 πεισθῆναι
2749 5195 2824 5266 τῷ
2850 5194 3205 5265 Παλαιστινῷ,
3235 5194 3293 5247 ὃν
3314 5193 3422 5249 τῶν
3442 5192 3657 5246 οἰκείων

423 5302 584 5356 quem
614 5294 902 5358 patronum
929 5305 1153 5346 suorum
1177 5290 1491 5360 dogmatum
1516 5288 1808 5360 appellant.

1529 5288 1808 5360 ippellant.
2090 5286 2372 5358 δογμάτων
2404 5285 2736 5340 ἀποκαλοῦσι
2766 5288 3078 5358 συνήγορον.

650 5404 924 5471 Antipater
952 5404 1265 5461 Bostrorum
1290 5408 1558 5477 episcopus
1591 5407 1647 5460 in
1676 5405 1810 5460 libro
1838 5406 2008 5475 primo
2046 5404 2324 5460 Adversus
2368 5399 2589 5458 Eusebii
2620 5399 3030 5471 Apologetieum
3054 5413 3154 5470 pro
3181 5398 3435 5470 Origene.

492 5517 643 5588 Nego
688 5522 870 5571 tamen
915 5533 1036 5572 eum
1081 5519 1147 5572 ad
1201 5529 1445 5575 exactam
1490 5517 1987 5574 ecclesiasticorum

2161 5514 2272 5567 Οὐκ
2327 5513 2408 5565 ἔτι
2440 5511 2496 5564 δὲ
2549 5511 2683 5581 πρὸς
2730 5511 2830 5583 τὴν
2876 5510 2983 5564 τῶν
3038 5510 3321 5581 δογμάτων
3370 5507 3655 5580 ἀκρίϐειαν

422 5612 736 5681 dogmatum
766 5610 1129 5680 cognitionem
1161 5613 1494 5682 pervenisse.
1547 5611 1815 5676 Quocirca
1861 5625 1971 5679 pro-

2103 5606 2290 5676 ρθάσαι
2322 5605 2462 5675 (prun
2485 5605 2575 5658 τὸν
2607 5603 2775 5674 ἄνδρα
2793 5621 2805 5634 ·
2834 5602 2957 5657 ὃθεν
2981 5600 3313 5672 πολυμαθίας
3350 5600 3448 5672 μὲν
3472 5617 3652 5670 παρα-

421 5702 645 5757 miscua:
668 5700 885 5772 quidem
918 5701 1179 5756 doctrinae
1205 5712 1367 5775 atque
1391 5702 1714 5759 eruditionis
1759 5702 1970 5772 gloriam

2104 5696 2361 5767 ιωρητέον
2409 5694 2576 5764 αὐτῷ,
2608 5693 2890 5765 δογμάτων
2927 5695 2983 5748 δὲ
3021 5695 3218 5765 γνῶσιν
3255 5692 3457 5747 οὐκέτι.
3493 5690 3653 5746 Ἀλλὰ

422 5795 471 5849 ei
504 5794 724 5850 omnino
756 5793 1110 5851 concedimus
1143 5815 1155 5850 :
1202 5796 1514 5866 dogmatum
1543 5809 1671 5849 vero
1713 5793 1971 5860 notitiam,

2101 5791 2184 5842 καὶ
2215 5788 2355 5842 πάνυ
2407 5788 2634 5841 κατόπιν
2690 5787 2877 5842 τοῦτον
2924 5789 3019 5858 τῆς
3064 5785 3316 5855 τοιαύτης
3368 5783 3650 5854 ἀκριϐείας

424 5901 532 5941 non
574 5888 720 5943 item.
756 5886 897 5954 Quin
937 5888 1119 5959 potius
1148 5887 1215 5945 ab
1256 5895 1509 5945 accurata
1550 5886 1765 5943 illorum
1798 5884 1973 5957 cogni-

2101 5881 2376 5952 γενόμενον
2407 5880 2761 5951 ἐπιστάμεθα.
2803 5887 2850 5940 Κ
2868 5882 2902 5937 ti
2928 5881 3074 5952 μετὰ
3096 5876 3330 5948 ,βραχέα
3353 5891 3366 5909 α
3400 5877 3559 5929 Ὥστε
3585 5872 3650 5945 δὴ
