3924 6266
187 470 248 524 89
1010 459 1351 520 VETEBUM
1391 459 1814 520 TESTIMONIA
1849 455 2134 516 CONTRA
2169 453 2540 513 EUSEBIUM.
3363 451 3434 506 90

184 586 261 640 ἵνα
287 583 359 656 μὴ
388 583 645 655 δόξωμεν
690 582 1041 654 ἐπεμϐαίνειν
1070 581 1146 652 τῷ
1191 581 1372 653 ἀνδρὶ,
1408 581 1537 653 περὶ
1575 573 1637 634 οὗ
1695 597 1733 633 οι

1884 579 2007 632 ione
2037 589 2161 631 eum
2180 574 2369 644 procul
2391 570 2655 638 abfuisse,
2688 576 3024 640 compertum
3056 566 3337 622 habemus.
3359 564 3428 620 Et

182 678 458 749 περίκειται
501 678 639 747 ἡμῖν
667 676 762 729 ἐπὶ
793 674 886 728 τοῦ
925 673 1187 745 παρόντος
1226 672 1425 740 λέγειν,
1455 672 1563 737 ἵνα,
1596 671 1731 742 βασα

1879 667 2016 723 mulo
2043 674 2160 737 post
2193 682 2210 719 :
2250 663 2437 733 Itaque
2479 678 2548 718 ne
2576 662 2786 717 homini
2818 661 3081 717 insultare
3125 657 3428 720 videamur,

179 770 405 834 νίζοντες
456 768 607 840 πρὸς
643 768 930 840 ἀκρίϐειαν
961 766 1059 838 τὴν
1102 766 1398 837 γενομένην
1419 764 1728 833 Ἀπολογίαν

1883 759 1928 813 le
1980 772 2091 828 quo
2123 771 2270 811 nunc
2298 754 2481 810 dicere
2524 753 2683 809 nobis
2714 750 3051 822 propositum
3079 765 3189 804 non
3225 758 3338 817 est,
3372 758 3432 805 ut

176 861 484 932 αἱρετικοὺς
518 857 897 929 ἀποδείξωμεν
939 858 1064 919 τοὺς
1096 853 1464 926 ἀμφοτέρους,
1503 852 1663 906 αὐτόν
1697 870 1725 906 τ

1882 850 2268 921 tpologeticum
2310 853 2567 902 accurate
2604 843 2998 910 examinantes,
3034 850 3329 912 utrumque
3354 841 3431 895 si-

175 949 662 1020 ἀπολογησάμενον
701 949 797 1002 καὶ¹
838 948 927 1001 τὸν
972 946 1112 1017 ὑπὲρ
1155 945 1276 997 ὅτου
1322 942 1420 1014 τὴν
1464 941 1724 1009 ἀπολογία

1881 946 1973 998 nul
2002 942 2317 998 haereticum
2345 956 2469 995 esse
2495 938 2882 1005 ostendamus,
2911 944 3025 991 tum
3049 938 3196 990 hunc
3227 934 3319 1004 qui
3343 934 3430 989 de-

178 1040 447 1105 συνέταξε.
483 1042 603 1095 Καὶ
621 1043 752 1111 μεθ’
772 1041 962 1108 ἕτερα·
986 1038 1060 1091 Τὸ
1080 1036 1189 1108 γὰρ
1214 1035 1483 1089 δεικνύναι
1511 1032 1725 1086 σπεύδει

1878 1035 2163 1091 'ensionem
2213 1032 2469 1103 scripsit,
2509 1039 2624 1084 tum
2660 1031 2813 1084 illum
2849 1028 3007 1097 cujus
3049 1032 3134 1082 est
3175 1029 3427 1094 suscepta

172 1136 260 1206 τὴν
279 1133 374 1187 τοῦ
398 1132 543 1186 Υἱοῦ
576 1133 713 1204 πρὸς
740 1133 831 1185 τὸν
861 1131 1077 1202 Πατέρα
1100 1127 1361 1183 ὑπόϐασιν
1385 1127 1586 1197 ὁμοίως
1609 1127 1721 1179 αὐτὸ

1878 1125 2123 1183 lefensio.
2175 1125 2242 1179 Et
2270 1124 2452 1193 paucis
2496 1121 2782 1190 interfectis
2807 1136 2825 1172 :
2864 1117 3020 1184 Quod
3063 1116 3207 1171 enim
3242 1121 3427 1169 osten-

172 1226 311 1289 τινὰς
351 1225 697 1297 εἰρηκότας,
742 1224 955 1296 πρῶτον
1008 1224 1105 1290 μὲν
1150 1222 1209 1274 οὐ
1258 1219 1618 1290 ξενισθῶμεψ
1660 1235 1719 1271 σο

1879 1216 1988 1272 lere
2017 1217 2255 1281 conaris,
2280 1213 2674 1283 subjectionem
2707 1210 2831 1264 Filii
2861 1223 2990 1279 erga
3023 1205 3238 1259 Patrem
3267 1217 3428 1273 quos-

172 1320 269 1390 γάρ
312 1320 410 1372 καὶ
451 1318 575 1372 τῶν
629 1318 759 1389 περὶ
809 1318 867 1370 σὲ
901 1319 934 1387 ὴ
990 1314 1210 1386 τοιαύτη
1244 1314 1405 1380 δόξω
1461 1312 1582 1366 ὅθεν
1626 1329 1721 1384 περ

1875 1311 1981 1365 iatn
2011 1308 2237 1381 perinde
2271 1322 2334 1362 ac
2386 1305 2674 1377 Origenem
2698 1304 2923 1366 dixisse,
2948 1301 3183 1371 primum
3207 1297 3424 1367 quidem

170 1389 348 1463 τούτου
384 1410 485 1462 ἐπὶ
536 1409 634 1463 τοῦ
669 1408 933 1481 παρόντος
964 1407 1118 1475 λόγος
1163 1408 1294 1477 ἡμῖν
1342 1404 1515 1468 οὐδεὶς
1535 1444 1548 1468 ,
1585 1404 1719 1458 πάλα

1876 1402 2079 1455 ηἰηίιιιε
2126 1400 2409 1454 miramur.
2462 1396 2586 1453 Haec
2621 1397 2766 1452 enim
2812 1403 2904 1449 tua
2935 1394 3121 1463 tuique
3162 1389 3425 1447 similium

176 1503 262 1574 μὲν
290 1504 659 1574 οἰκουμενικῇ
684 1502 910 1574 ζητήσει
936 1498 1329 1569 ὑποϐληθέντως
1361 1498 1455 1551 καὶ
1473 1497 1722 1567 ἀποκηρυ

1877 1492 2043 1562 »ρὶιιίο
2073 1498 2177 1547 est.
2226 1489 2385 1547 Unde
2413 1505 2578 1561 super
2612 1491 2715 1544 hoc
2747 1489 2998 1559 dogmate
3039 1482 3426 1555 impraesentia-

173 1596 396 1665 χθέντος-
1855 1600 1977 1640 rum
2019 1585 2204 1639 nullus
2237 1584 2395 1641 nobis
2436 1593 2520 1640 est
2548 1598 2750 1648 sermo,
2785 1595 2908 1636 cum
2951 1580 3252 1650 praesertim
3282 1575 3426 1645 jam-

176 1689 367 1759 pridem
394 1690 739 1746 universalis
761 1687 956 1760 synodi
983 1687 1336 1758 inquisitione
1358 1685 1660 1756 projectum
1680 1683 1750 1739 sit
1782 1691 1945 1752 atque
1973 1680 2307 1735 damnatum.

1077 1800 1158 1854 Ea:
1196 1801 1398 1871 synodo
1444 1800 1665 1869 septima
1711 1796 2051 1859 wcumenica,
2091 1797 2298 1871 actione
2357 1804 2528 1849 sexta.

234 1895 325 1959 Τίς
356 1894 472 1967 γὰρ
526 1895 634 1948 οὐκ
672 1893 813 1963 ἔγνω
849 1893 958 1946 τῶν
1000 1892 1205 1947 πιστῶν
1261 1890 1615 1962 Ἐκκλησίας,
1658 1891 1753 1944 καὶ

1924 1885 2060 1953 Quis
2088 1888 2232 1941 enim
2271 1885 2509 1941 fidelium
2545 1883 2803 1939 Ecclesiae
2831 1892 2884 1938 et
2913 1896 3101 1937 eorum
3134 1880 3229 1950 qui
3267 1895 3422 1937 vero-

173 1984 356 2052 γνῶσιν
387 1983 704 2054 εἰληφότων
731 1982 999 2054 ἀληθινῶν
1040 1982 1343 2051 δογμάτων,
1376 1981 1457 2033 ὅτι
1491 1978 1722 2033 Εὑσέϐιο

1871 1993 1975 2030 ἰιιη
1999 1977 2312 2048 dogmatum
2337 1977 2617 2034 scientiam
2646 1983 3023 2047 perceperunt,
3046 1975 3258 2047 ignorat
3277 1973 3420 2044 quod

174 2077 533 2149 ὁΠαμφίλου,
560 2079 648 2140 εἰς
681 2076 938 2146 ἀδόκιμον
968 2073 1092 2128 νοῦν
1126 2072 1471 2145 παραδοθεὶς,
1495 2071 1723 2143 ὁμόδοξα

1869 2068 2124 2125 Eusebius
2161 2068 2430 2139 Pamphili
2470 2070 2525 2122 in
2571 2068 2863 2138 reprohum
2907 2083 3129 2122 sensum
3164 2064 3418 2128 traditus,

174 2170 255 2222 καὶ
300 2168 577 2241 σύμφρων
629 2168 821 2238 γέγονε
869 2169 980 2230 τοῖς
1032 2166 1102 2220 τά
1156 2165 1365 2236 Ἀρείου
1416 2162 1723 2235 θρησκεύου⁴

1870 2161 2095 2230 ejusdem
2136 2162 2412 2231 opinionis
2472 2170 2527 2216 et
2584 2176 2781 2216 sensus
2819 2159 2981 2215 fuerit
3028 2174 3152 2213 cum
3206 2157 3292 2212 his
3328 2157 3419 2228 qui

178 2277 273 2327 an;
301 2279 356 2317 κ.
376 2279 432 2316 τ.
460 2260 516 2314 λ.
1850 2255 1967 2309 Arii
2013 2255 2345 2326 impietatem
2407 2254 2581 2310 secuti
2630 2255 2789 2308 sunt?
2837 2254 2894 2307 In
2932 2253 3189 2307 omnibus
3222 2249 3422 2320 quippe

177 2351 432 2407 historicis
464 2353 597 2408 suis
631 2351 789 2407 libris
810 2358 1118 2405 creaturam
1174 2346 1375 2401 Filium
1405 2354 1458 2400 et
1504 2343 1740 2401 Verbum
1767 2343 1861 2400 Dei
1896 2355 2074 2412 vocat,
2107 2356 2161 2402 et
2191 2347 2504 2401 ministrum
2539 2354 2593 2401 et
2624 2345 2923 2401 secundum
2959 2343 3319 2399 adorabilem.
3352 2339 3414 2397 Si

178 2455 286 2496 vero
314 2442 548 2512 quidam
586 2442 737 2497 hunc
779 2438 1131 2496 defendentes
1162 2436 1376 2501 dicunt,
1411 2438 1809 2508 subscripsisse
1840 2437 1897 2492 in
1942 2437 2185 2509 synodo;
2216 2439 2584 2493 concedamus
2616 2438 2691 2492 ita
2726 2437 2918 2494 fuisse.
2973 2435 3081 2491 Sed
3112 2435 3271 2497 labiis
3303 2432 3419 2490 suis

179 2539 434 2591 veritatem
481 2537 808 2603 honoravit,
852 2553 949 2594 cor
978 2549 1159 2598 autem
1195 2542 1355 2612 longe
1384 2541 1485 2596 fuit
1536 2541 1605 2596 ab
1641 2556 1728 2606 ea,
1766 2549 1827 2595 ut
1855 2542 2155 2598 ostendunt
2188 2542 2312 2595 libri
2344 2538 2465 2609 ejus
2497 2550 2551 2595 et
2583 2539 2829 2610 epistola:
2869 2551 3084 2592 omnes.
3121 2534 3259 2589 Cum
3289 2548 3420 2603 ergo

181 2628 312 2684 aliter
339 2638 510 2700 atque
545 2631 713 2685 aliter
741 2633 1043 2689 secundum
1079 2643 1292 2706 tempus
1319 2642 1372 2690 et
1402 2650 1600 2691 causas
1630 2650 1963 2704 conSpersus
1994 2635 2065 2690 sit
2096 2644 2259 2704 atque
2286 2642 2526 2690 mutatus
2554 2674 2569 2699 ,
2606 2631 2901 2703 aliquando
2931 2631 3166 2684 laudans
3195 2644 3258 2684 ea
3298 2643 3421 2698 quae

182 2731 285 2776 sunt
316 2724 431 2777 Arii
459 2723 794 2793 sentientes,
823 2726 1118 2797 aliquando
1145 2743 1272 2784 vero
1298 2729 1581 2783 veritatem
1611 2727 1876 2783 simulans
1897 2767 1911 2791 ,
1947 2734 2173 2796 apparet
2209 2742 2334 2781 eum
2367 2725 2538 2782 fuisse
2564 2726 2743 2779 virum
2773 2725 2978 2795 duplici
3011 2723 3216 2785 animo,
3250 2727 3310 2775 ut
3343 2720 3421 2774 ait

180 2813 385 2873 Jacobus
416 2815 602 2871 frater
630 2814 867 2883 Domini,
902 2818 1213 2873 instabilem
1242 2820 1297 2873 in
1322 2819 1576 2874 omnibus
1606 2818 1710 2873 viis
1736 2818 1873 2873 suis.
1902 2817 2011 2872 Nec
2040 2817 2313 2887 quiSpiam
2340 2817 2615 2873 existimet
2640 2818 2789 2871 illum
2824 2823 3176 2886 accepturum
3210 2812 3420 2883 aliquid

182 2920 206 2956 ι
228 2905 463 2961 Domino.
504 2905 574 2961 Si
608 2907 755 2962 enim
788 2908 953 2962 corde
990 2909 1314 2964 credidisset
1350 2909 1417 2963 ad
1447 2908 1741 2979 justitiam,
1770 2914 1824 2963 et
1865 2922 1961 2962 ore
2001 2906 2290 2964 confessus
2321 2916 2469 2964 esset
2500 2908 2555 2962 in
2588 2909 2820 2964 salutem
2860 2924 3049 2963 verum
3081 2921 3414 2969 sermonem,

183 2998 338 3068 utique
370 3016 472 3070 pro
514 3000 746 3069 scriptis
767 3001 884 3056 suis
914 3002 1127 3056 veniam
1152 3004 1506 3073 postulasset,
1546 2988 1744 3057 horum
1779 3001 2179 3057 correctionem
2211 3001 2418 3058 faciens
2448 3020 2463 3071 ;
2496 3011 2551 3059 et
2573 3016 2673 3073 pro
2706 3003 2954 3073 epistolis
3007 3003 3123 3059 suis
3157 3001 3406 3073 profecto

184 3092 540 3149 satisfecisset.
586 3091 698 3148 Sed
741 3093 843 3147 hoc
883 3094 1197 3150 nullatenus
1229 3094 1378 3151 fecit.
1410 3090 1612 3150 Mansit
1641 3094 1787 3150 enim
1832 3095 1978 3149 sicut
2014 3094 2269 3164 Ethiops
2300 3110 2407 3150 non
2446 3102 2651 3149 mutata
2688 3097 2846 3165 pelle.
2884 3094 3127 3165 Denique
3173 3111 3296 3150 cum
3332 3095 3419 3150 in-

192 3192 570 3253 terpretaretur
630 3186 780 3239 Dixit
812 3185 1071 3241 Dominus
1113 3186 1336 3241 Domino
1364 3226 1379 3251 ,
1416 3186 1557 3242 Deus
1593 3203 1739 3241 meus
1774 3203 1826 3241 es
1861 3195 1939 3252 tu,
1973 3196 2128 3241 extra
2157 3202 2405 3243 veracem
2439 3203 2657 3243 sensum
2675 3188 2943 3243 excedens
2971 3188 3052 3243 sic
3085 3188 3159 3241 ait
3195 3206 3208 3241 :
3247 3205 3265 3237 ι
3306 3185 3409 3241 Le-

184 3276 313 3344 gibus
336 3286 580 3343 naturae,
616 3277 794 3332 omnis
827 3276 923 3331 lilii
958 3287 1132 3348 pater,
1166 3278 1423 3333 dominus
1448 3289 1533 3334 est
1560 3280 1747 3350 utique
1783 3279 1934 3349 ejusj;
1975 3286 2030 3334 et
2063 3278 2270 3334 idcirco
2301 3280 2567 3350 unigeniti
2613 3279 2740 3334 Filii
2767 3279 2864 3335 Dei
2905 3280 3021 3349 ipse
3070 3280 3165 3350 qui
3210 3280 3398 3350 genuit

183 3382 285 3423 eum
308 3368 467 3437 Deus,
502 3371 679 3427 simul
712 3378 766 3425 et
802 3370 945 3428 Deus
970 3380 1025 3428 et
1053 3371 1321 3429 Dominus
1349 3382 1402 3428 et
1429 3373 1596 3429 Pater
1621 3383 1757 3430 est.»
1796 3373 2060 3430 Similiter
2082 3381 2136 3430 et
2161 3375 2217 3429 in
2258 3375 2487 3445 epistola
2518 3375 2584 3430 ad
2611 3383 2859 3431 sanctum
2883 3373 3250 3429 Alexandrum
3279 3388 3408 3443 prte-

185 3470 425 3530 ceptorem
456 3466 652 3537 magni
680 3465 966 3523 Athanasii
996 3467 1224 3532 directa,
1257 3467 1415 3538 cujus
1444 3468 1662 3525 initium
1692 3479 1776 3527 est
1809 3489 1821 3524 :
1850 3490 1870 3522 ‹
1910 3471 2048 3526 Cum
2076 3478 2278 3542 quanta
2300 3468 2668 3525 sollicitudine
2688 3478 2742 3523 et
2768 3467 3093 3537 aegritudine
3117 3465 3285 3519 animi
3314 3466 3414 3519 has

185 3555 361 3612 litteras
390 3559 645 3615 scribere
676 3575 964 3632 aggressus
994 3560 1119 3624 sim,
1159 3567 1317 3627 tetra,
1351 3563 1593 3632 apertius
1620 3562 2007 3634 blasphemans
2029 3565 2109 3621 sie
2139 3564 2214 3617 ait
2243 3565 2310 3618 de
2333 3562 2464 3616 At-io
2493 3568 2548 3617 et
2577 3561 2699 3631 ejus
2722 3560 2949 3616 asseclis
2984 3578 3028 3613 :t
3056 3558 3418 3612 Calumnian-

186 3654 257 3700 tur
278 3664 363 3705 eos
387 3652 593 3707 litterae
621 3662 747 3719 tuae,
783 3664 1040 3725 tanquam
1068 3653 1333 3717 dicentes,
1366 3655 1493 3725 quia
1506 3654 1678 3711 Filius
1703 3671 1770 3711 ex
1798 3672 1904 3711 non
1932 3656 2327 3713 exsistentibus
2359 3653 2540 3709 factus
2568 3661 2673 3717 est,
2700 3653 2844 3707 sicut
2866 3665 3010 3704 unus
3039 3663 3107 3704 ex
3133 3649 3414 3704 omnibus.
3458 3697 3461 3700 .

172 3739 238 3813 At
265 3740 332 3795 illi
360 3744 720 3812 protulerunt
748 3745 1033 3815 epistolam
1049 3759 1212 3814 quam
1240 3746 1308 3799 ad
1340 3754 1392 3799 te
1424 3744 1666 3800 fecerant
1696 3764 1707 3799 :
1740 3745 1793 3800 in
1815 3761 1924 3816 qua
1962 3745 2125 3800 ﬁdem
2161 3761 2317 3801 suam
2341 3749 2699 3813 exponentes,
2727 3740 2864 3810 ipsis
2906 3738 3089 3794 verbis
3130 3737 3249 3792 inec
3275 3752 3413 3791 con~

187 3829 488 3891 litebantur:
524 3835 685 3907 Legis
711 3835 965 3892 videlicet
995 3852 1059 3891 ac
1083 3835 1481 3906 Prophetarum
1533 3845 1587 3893 et
1619 3837 1753 3893 Novi
1790 3838 2126 3895 Testamenti
2167 3837 2334 3893 Deum
2370 3836 2628 3906 genuisse
2657 3832 2853 3887 Filium
2904 3831 3244 3903 unigenitum
3290 3837 3418 3885 ante

186 3929 396 3992 tempora
416 3934 652 3989 aeterna,
682 3942 779 3997 per
803 3942 966 3998 quem
995 3934 1049 3982 et
1075 3927 1257 3981 omnia
1279 3934 1334 3983 et
1373 3928 1570 3984 saecula
1601 3928 1728 3983 fecit
1762 3948 1773 3986 :
1808 3931 2066 4000 genuisse
2087 3939 2266 3984 autem
2294 3944 2419 3984 eum
2456 3944 2565 3983 non
2590 3927 2832 3997 putative
2862 3925 2957 3980 sed
2986 3938 3136 3988 vere,
3196 3937 3261 3978 ac
3289 3937 3416 3979 con-

188 4019 398 4076 stituisse
456 4022 688 4092 propria
742 4023 1039 4087 voluntate,
1088 4022 1557 4077 inconvertibilem
1586 4064 1602 4089 ,
1652 4032 1958 4078 creaturam
1991 4023 2085 4077 Dei
2121 4022 2442 4094 perfectam,
2492 4022 2587 4076 sed
2629 4037 2738 4076 non
2777 4020 2927 4075 sicut
2965 4032 3129 4071 unam
3159 4030 3226 4069 ex
3260 4029 3415 4073 crea-

189 4111 324 4165 turis.
365 4112 422 4167 Si
477 4129 615 4185 ergo
644 4113 840 4168 littera:
880 4113 1124 4183 ipsorum
1152 4113 1440 4168 veritatem
1471 4113 1685 4175 dicunt,
1720 4114 1911 4182 utique
1940 4114 2080 4183 apud
2119 4120 2171 4167 te
2197 4112 2468 4166 habentur
2500 4129 2513 4165 :
2544 4110 2597 4165 in
2632 4109 2833 4180 quibus
2860 4107 3189 4162 comitentur
3211 4102 3415 4158 Filium

191 4199 266 4257 Dei
288 4215 402 4262 ante
432 4216 688 4277 tempora
718 4219 938 4272 aeterna,
962 4222 1059 4277 per
1089 4223 1252 4276 quem
1284 4207 1413 4262 fecit
1444 4216 1494 4261 et
1527 4209 1876 4273 saecula,csse
1906 4207 2375 4263 inconvertibilem
2405 4213 2460 4261 et
2493 4204 2992 4261 incommutabilem
3021 4209 3076 4256 et
3103 4207 3415 4257 creaturam

192 4292 268 4349 Dei
294 4300 614 4368 perfectam,
646 4301 743 4356 sed
772 4318 880 4357 non
908 4302 1051 4357 sicut
1088 4318 1253 4356 unam
1281 4318 1348 4357 ex
1371 4306 1664 4359 creaturis.
1700 4303 1873 4360 Porro
1893 4305 2125 4375 epistola
2159 4311 2251 4357 tua
2283 4303 2652 4358 calumniatur
2679 4317 2775 4357 eos
2796 4341 2810 4366 ,
2852 4308 3115 4369 tanquam
3161 4297 3413 4353 dicentes

194 4387 297 4453 quia
316 4389 488 4449 Filius
514 4392 695 4447 factus
726 4401 810 4447 est
832 4393 974 4448 sicut
1000 4409 1144 4448 unus
1171 4408 1236 4449 ex
1265 4395 1541 4450 omnibus.
1579 4394 1714 4451 Vide
1742 4412 1871 4467 ergo
1914 4413 1981 4451 ne
2004 4397 2087 4451 eis
2115 4397 2299 4451 statim
2337 4396 2557 4450 occasio
2597 4393 2757 4448 detur
2788 4390 3220 4463 reprehendendi
3249 4388 3410 4459 quid-

194 4478 299 4543 quid
317 4483 607 4538 voluerint.
634 4483 836 4536 Iterum
866 4483 1163 4552 objiciebas
1200 4500 1295 4539 eos
1321 4485 1529 4540 dixisse
1563 4504 1575 4539 :
1606 4486 1710 4552 Qui
1731 4495 1830 4552 est,
1863 4504 1982 4541 eum
2003 4488 2093 4557 qui
2119 4504 2222 4540 non
2241 4496 2378 4554 erat,
2397 4487 2593 4556 genuit.
2623 4484 2789 4539 Miror
2811 4492 2991 4539 autem
3018 4483 3062 4539 si
3083 4482 3256 4552 possit
3282 4477 3413 4550 quis

196 4569 325 4625 aliter
352 4576 572 4630 dicere:
625 4576 671 4631 si
711 4576 858 4631 enim
896 4592 1037 4632 unus
1067 4586 1150 4633 est
1180 4580 1272 4649 qui
1302 4587 1406 4644 est,
1442 4578 1687 4649 profecto
1729 4598 1797 4635 ex
1848 4586 1965 4652 ipso
1995 4582 2198 4635 factum
2228 4592 2313 4637 est
2359 4596 2521 4637 onme
2552 4581 2696 4650 quod
2742 4588 2826 4634 est
2853 4594 2978 4632 cum
3007 4578 3143 4647 ipso.
3181 4574 3239 4628 Si
3278 4588 3409 4629 vero

196 4674 282 4715 non
304 4668 446 4724 solus
473 4669 592 4737 ipse
615 4677 700 4723 est
734 4687 746 4723 :
781 4668 877 4724 sed
904 4675 957 4723 et
980 4668 1151 4726 Filius
1186 4677 1303 4725 erat
1330 4671 1423 4741 qui
1454 4681 1570 4737 est,
1605 4674 1876 4744 quomodo
1905 4690 2027 4729 eum
2055 4673 2149 4744 qui
2194 4680 2312 4729 erat
2342 4674 2594 4744 gignebat
2618 4673 2710 4743 qui
2741 4670 2862 4727 est?
2884 4671 2974 4724 Sic
3000 4668 3145 4723 enim
3185 4668 3294 4722 duo
3322 4680 3410 4720 es-

201 4766 297 4810 sent
322 4762 410 4830 qui
444 4770 597 4818 sunt.
631 4782 652 4814 ι
685 4761 751 4816 Ει
779 4762 893 4816 ιιεεε
914 4761 1134 4833 quidem
1168 4761 1437 4819 Eusebius
1460 4765 1527 4820 ad
1566 4766 1957 4821 Alexandrum.
1985 4765 2091 4821 Sed
2121 4774 2177 4822 et
2206 4767 2324 4821 alite
2354 4767 2475 4837 ejus
2509 4767 2756 4836 epistolae
2801 4766 2868 4820 ad
2890 4763 3145 4834 eumdem
3170 4767 3407 4823 exstant,

201 4845 244 4900 in
282 4855 472 4921 quibus
524 4855 1068 4912 inveniuntur-variae
1115 4856 1486 4927 blasphemiae.
1523 4857 1630 4914 Sed
1679 4867 1733 4915 et
1770 4859 1839 4914 ad
1889 4860 2317 4930 Euphrationem
2350 4859 2670 4930 episcopum
2706 4859 2978 4921 scribens,
3013 4846 3409 4924 apertiushlas-

206 4938 409 5004 Phenlat.
466 4949 638 5019 Cujus
664 4949 909 5019 epistola:
938 4951 1152 5004 initium
1179 4961 1263 5007 est
1287 4968 1300 5003 :
1332 4972 1350 5004 ι
1389 4952 1620 5010 Domino
1642 4970 1763 5010 meo
1786 4971 1882 5025 per
1913 4956 2093 5011 omnia
2121 4955 2326 5027 gratias
2353 4970 2475 5026 ago.
2509 4974 2527 5006 ι
2555 4953 2624 5007 Et
2646 4953 2804 5023 paulo
2837 4959 2953 5020 post
2982 4965 3000 5003 :
3058 4970 3075 4998 ι
3113 4946 3235 5001 Non
3263 4945 3411 5000 enim

201 5032 335 5092 simul
363 5057 482 5097 cum
525 5040 690 5097 Patre
726 5040 922 5096 Filium
970 5042 1141 5097 fuisse
1182 5041 1438 5109 fatemur,
1480 5045 1575 5101 sed
1605 5046 1818 5102 Patrem
1851 5053 1979 5101 ante
2008 5043 2207 5100 Filium
2236 5045 2539 5100 exstitisse.
2586 5042 2745 5097 Certe
2784 5043 2901 5112 ipse
2948 5038 3119 5094 Filius
3164 5036 3283 5102 Dei,
3313 5036 3409 5107 qui

205 5133 346 5202 magis
366 5138 545 5197 omnia
570 5139 778 5209 liquido
805 5139 977 5202 novit,
1010 5139 1176 5192 alium
1201 5155 1260 5195 se
1282 5153 1313 5193 a
1342 5138 1506 5196 Patre
1526 5151 1581 5198 et
1611 5143 1879 5198 minorem
1907 5151 2073 5213 atque
2096 5142 2415 5198 inferiorem
2442 5142 2645 5205 sciens,
2674 5140 2965 5194 admodum
2997 5137 3084 5207 pie
3112 5136 3217 5191 hoc
3242 5136 3410 5191 etiam

205 5234 286 5277 ποθ
310 5228 456 5287 docet
483 5233 677 5288 dicens
709 5252 722 5287 :
758 5232 923 5286 Pater
948 5234 1039 5302 qui
1066 5234 1213 5288 misit
1246 5250 1345 5299 me,
1377 5236 1550 5305 major
1573 5255 1651 5292 me
1679 5248 1756 5293 est
1778 5241 1796 5263 "
1814 5282 1826 5293 .
1843 5257 1861 5290 ι
1886 5237 1951 5292 Et
1967 5248 2084 5306 post
2104 5238 2216 5292 alia
2237 5254 2256 5292 :
2274 5258 2294 5292 ι
2321 5237 2457 5293 Nam
2479 5245 2533 5292 et
2560 5238 2677 5308 ipse
2698 5235 2915 5306 quidem
2934 5233 3105 5289 Filius
3135 5232 3280 5289 Deus
3301 5238 3406 5299 est,

209 5316 286 5369 Sed
317 5336 416 5377 non
446 5340 608 5381 verus
638 5325 781 5381 Deus
811 5347 857 5379 .›
900 5325 978 5381 Ex
1011 5327 1096 5385 his
1124 5344 1254 5403 ergo
1301 5330 1522 5401 scriptis
1555 5332 1673 5401 ejus
1699 5332 2027 5397 ostenditur,
2074 5331 2192 5386 Arii
2215 5338 2270 5387 et
2299 5332 2637 5402 comparium
2669 5329 2789 5399 ejus
2813 5330 3063 5398 dogmata
3088 5329 3405 5400 praedicare.

210 5403 263 5458 ει
285 5417 425 5478 paulo
449 5427 596 5487 post:
618 5417 829 5488 «Hujus
858 5434 990 5489 ergo
1010 5420 1266 5479 factionis
1296 5425 1460 5479 etiam
1494 5422 1763 5480 Eusebius
1811 5428 2084 5481 exsistens
2106 5463 2122 5489 ,
2158 5424 2303 5481 sicut
2344 5425 2783 5479 demonstratum
2813 5430 2898 5478 est
2927 5433 3040 5477 tam
3067 5438 3136 5479 ex
3157 5422 3410 5495 epistolis

213 5510 346 5564 quam
370 5523 433 5563 ex
460 5510 744 5567 historicis
771 5511 893 5581 ejus
916 5515 1271 5584 conscriptis,
1308 5516 1601 5589 imaginem
1625 5517 1829 5574 Christi
1864 5527 2125 5590 tanquam
2154 5517 2601 5588 Theopassianus
2630 5515 2983 5587 abjicit,netc.

1013 5628 1235 5686 Photius
1264 5633 1317 5686 in
1346 5634 1568 5703 epistola
1600 5636 1720 5703 1M,
1751 5637 1818 5690 ad
1848 5636 2249 5707 Constantinum
2271 5637 2574 5707 patricium.

270 5703 512 5781 Εὐσέϐιος,
546 5718 576 5767 ὁ
603 5712 697 5768 τοῦ
729 5716 1015 5789 Παμφίλου
1053 5720 1162 5774 εἴτε
1200 5720 1402 5789 δοῦλος,
1433 5724 1543 5779 εἴτε
1575 5728 1736 5798 συνή-

1914 5729 2181 5785 Eusebius
2214 5730 2324 5795 ille,
2347 5727 2612 5797 Pamphili
2645 5725 2758 5781 sive
2785 5741 2995 5792 servus,
3027 5726 3140 5783 sive
3173 5726 3402 5792 amicus,

219 5786 314 5863 θῇς,
336 5800 409 5855 ὅτι
442 5806 538 5876 μὲν
574 5786 937 5881 ’Δρειανισμῷ
965 5810 1123 5880 ἑάλω,
1158 5813 1318 5885 βοῶσι
1359 5786 1458 5887 μὲν
1481 5817 1643 5874 αὑτοῦ
1668 5786 1737 5873 τὰ

1855 5817 2152 5875 Ᾱῑὶεηὶεηιο
2202 5786 2435 5876 infectus
2481 5786 2603 5873 fuit.
2662 5816 2775 5872 lloc
2803 5816 2929 5872 libri
2973 5786 3166 5873 abillo
3211 5786 3404 5887 scripti

313 5914 331 5945 ⁸
356 5915 498 5977 Joan.
536 5938 648 5993 xw,
680 5922 773 5993 28,
