3924 6266
477 433 542 492 9t
1294 401 1634 491 Varenum
1675 433 2043 491 TESTIMON]

2152 429 2416 486 CONTRA
2455 429 2823 488 EUSEBIUM.
3719 419 3798 476 ετ

480 555 736 616 clamant.
776 554 934 611 Hunc
977 555 1226 610 morbum
1271 554 1489 609 tandem
1541 555 1740 611 invitus
1777 556 1892 625 ipse
1927 570 2043 609 con-

2161 551 2336 622 βιϐλία
2356 567 2368 580 ·
2399 550 2490 604 καὶ
2518 550 2678 614 αὐτὸς
2705 550 2762 604 δὲ
2793 547 3225 620 μεταμελόμενος
3249 547 3406 620 δῆθεν
3434 549 3534 602 καὶ
3570 548 3786 611 ἄκων,

480 654 660 708 fessus
688 658 809 714 est,
859 649 952 704 sed
989 647 1219 716 ipsamet
1241 647 1614 716 resipiscentia
1649 661 1746 700 sua
1796 647 1966 716 magis
1998 662 2056 702 se

479 742 734 812 patel‘ecit
777 756 884 794 non
928 739 1242 809 resipuisse.
1279 735 1389 792 Nec
1417 737 1560 792 enim
1595 752 1690 806 per
1728 737 2054 806 apologiam,

478 843 535 888 ut
569 832 741 887 videri
794 833 986 894 voluit,
1024 829 1317 900 persuadet
1364 844 1422 884 se
1465 843 1494 880 a
1537 828 1705 898 priori
1748 829 1939 884 haeresi
1972 846 2056 884 re-

477 923 738 982 cessisse,
776 931 868 974 aut
901 930 1104 975 sancta“:
1154 927 1208 973 et
1245 917 1539 971 universali
1577 917 1784 989 synodo
1828 933 2055 973 consen-

479 1013 583 1067 tire
615 1031 627 1065 :
655 1010 751 1066 sed
795 1011 1105 1080 prodigiose
1136 1007 1592 1073 comminiscitur,
1645 1007 1937 1062 Itomoousii
1966 1023 2052 1064 se-

478 1111 718 1159 ctatores
749 1103 802 1156 in
829 1103 1003 1172 ipsius
1030 1117 1250 1158 sensum
1278 1103 1586 1164 transiisse,
1614 1109 1666 1154 et
1711 1101 1764 1154 in
1798 1115 1895 1156 sua
1923 1116 2051 1154 sen-

482 1195 648 1250 tentia
689 1193 851 1248 simul
885 1193 1248 1264 aequievisse.
1292 1191 1406 1247 Hoc
1446 1192 1523 1246 ita
1556 1206 1678 1247 esse
1727 1205 1848 1243 cum
1883 1191 2052 1243 multa

480 1284 586 1338 alia
626 1283 1089 1346 conﬂrmant.tum
1121 1299 1284 1354 quam
1322 1283 1543 1352 scripsit
1591 1283 1656 1337 ad
1705 1291 1836 1338 suos
1870 1283 2052 1337 Caesa-

479 1376 691 1431 rienses
719 1375 970 1447 epistola.
998 1374 1102 1430 Sed
1128 1375 1272 1445 quod
1295 1382 1353 1428 ut
1373 1375 1441 1428 ab
1469 1374 1625 1428 initio
1655 1373 1768 1427 Arii
1802 1374 2050 1443 dogmata

479 1467 632 1531 fovit,
664 1469 737 1522 ita
771 1468 836 1521 ad
868 1467 1028 1522 linem
1071 1469 1194 1522 vitae
1225 1483 1286 1522 ea
1324 1465 1578 1536 amplecti
1621 1481 1728 1521 non
1759 1465 2049 1528 destiterit,

480 1557 725 1629 plerique
765 1558 1093 1628 intelligunt,
1123 1567 1176 1613 et
1205 1559 1374 1612 multa
1410 1569 1540 1613 sunt
1583 1573 1703 1628 qua
1733 1555 1890 1611 facile
1924 1571 2046 1625 per-

477 1653 731 1706 suadent.
761 1648 916 1715 Quod
948 1664 1076 1703 vero
1109 1647 1359 1717 Origenis
1391 1647 1581 1701 morbo
1611 1653 1870 1716 praetcrea
1899 1645 2049 1699 laboo

476 1743 618 1796 ravit
657 1756 768 1812 quo
821 1742 910 1796 ille
957 1743 1265 1804 tenebatur,
1299 1740 1508 1795 scilicet
1561 1747 1751 1793 contra
1804 1737 2048 1791 omnium

477 1831 716 1888 futuram
766 1833 1071 1903 generalem
1127 1833 1624 1896 resurrectionem,
1677 1839 1730 1886 et
1782 1832 2046 1902 plurimos

2157 643 2255 714 τὴν
2283 641 2435 694 νόσον
2468 640 2813 711 ἀνομολογεῖ·
2852 639 2954 692 κᾶν
2983 642 3048 710 τῇ
3085 637 3410 709 μεταμελείᾳ
3436 637 3490 690 δὲ
3536 635 3785 708 μᾶλλον

2159 733 2345 786 ἑαυτὸν
2373 733 2639 786 δείκνυσιν
2691 731 3122 801 ἀμεταμέλητον.
3158 731 3229 783 Οὐ
3265 729 3372 800 γὰρ
3404 731 3618 783 ἑαυτὸν
3676 729 3785 781 ὲκ-

2159 828 2345 897 στῆναι
2373 828 2470 897 τῆς
2498 825 2768 897 προτέρας
2797 823 3129 889 κακοδοξίας,
3161 823 3225 875 δι’
3259 816 3332 876 ὧν
3361 822 3503 888 ἔδοξε
3533 820 3782 875 ἀπολο-

2157 917 2386 984 γεῖσθαι,
2414 917 2754 986 συνίστησιν,
2809 915 2928 968 οὐδὲ
2959 918 3024 985 τῇ
3074 914 3201 986 ἁγίᾳ
3237 915 3330 967 καὶ
3378 914 3777 983 οἰκουμενικῇ
3807 905 3814 908 ’

2158 1009 2515 1080 συμφωνῆσαι
2548 1008 2746 1078 συνόδῳ
2765 1025 2777 1038 ·
2812 1007 2946 1060 ἀλλά
2976 1009 3103 1069 τοὺς
3125 1005 3215 1058 τοῦ
3232 1001 3566 1075 ὁμοουσιόυ
3595 1021 3728 1076 πρε
3748 1034 3775 1046 ο

2157 1101 2407 1166 σϐευτάς,
2443 1100 2607 1154 αὑτοῦ
2651 1099 2919 1153 συνελθεῖν
2952 1099 3029 1169 τῷ
3063 1101 3366 1171 φρονήματι
3392 1101 3485 1152 καὶ
3516 1096 3780 1152 συνδια-

2155 1190 2374 1260 τεθῆναι
2416 1193 2484 1261 τῇ
2517 1190 2708 1262 γνώμῃ
2735 1231 2748 1253 ,
2801 1189 3183 1260 τερατεύεται·
3225 1191 3316 1242 καὶ
3348 1189 3504 1243 τοῦτο
3541 1187 3776 1256 σαφῶς

2154 1283 2286 1338 ἄλλα
2319 1300 2378 1336 τε
2415 1283 2632 1336 πλείονα
2667 1283 2993 1354 περιστῶσι,
3028 1285 3121 1337 καὶ
3154 1286 3186 1354 ή
3215 1286 3325 1348 τοῖς
3363 1279 3773 1353 Καισαρεῦσιν

2153 1373 2300 1444 αὐτῷ
2331 1377 2599 1448 γραφεῖσα
2624 1374 2896 1445 ἐπιστολή.
2946 1374 3084 1427 Ἀλλ’
3114 1376 3194 1429 ὅτι
3222 1375 3318 1447 μὲν
3347 1374 3620 1446 ἀπαρχῆς
3655 1370 3774 1436 τὰς

2167 1467 2505 1537 Ἀρειανικάς
2537 1467 2693 1533 δόξας
2739 1466 3053 1530 ὺπέθαλπε,
3099 1469 3190 1520 καὶ
3236 1466 3396 1538 μέχρι
3434 1465 3650 1529 τέλους
3697 1464 3769 1518 οὗ

2151 1558 2356 1612 διέλιπε
2418 1559 2736 1629 περιέπων,
2786 1559 2968 1612 πολλοί
3024 1575 3084 1611 τε
3129 1559 3590 1621 συνεπίστανται,
3660 1558 3771 1611 καὶ

2154 1651 2283 1722 ῥᾷόν
2317 1653 2432 1704 ἐστι
2465 1651 2649 1704 λαϐεῖν
2685 1652 3009 1723 πολλαχόθεν
3030 1669 3044 1683 ο
3072 1652 3152 1705 ὅτι
3178 1652 3233 1705 δὲ
3266 1653 3359 1706 καὶ
3385 1652 3484 1722 τῆς
3520 1650 3774 1723 Ὠριγέ-

2151 1759 2276 1806 νους
2307 1743 2464 1796 νόσου
2501 1743 2780 1813 μετέσχεν,
2799 1744 2865 1814 ἣν
2901 1744 3039 1797 κατά
3071 1745 3168 1815 τῆς
3207 1743 3390 1814 κοινῆς
3417 1743 3579 1815 ἡμῶν
3611 1743 3774 1796 ἐκεῖ-

2152 1851 2240 1898 νος
2268 1835 2523 1905 ἐνόσησεν
2549 1836 2916 1898 ἀναστάσεως,
2953 1838 3001 1890 εί
3050 1837 3143 1889 καὶ
3175 1836 3299 1900 τοὺς
3331 1834 3561 1899 πολλοὺς
3604 1834 3769 1888 ὑπο-

477 1925 610 1981 latet
659 1945 672 1982 :
711 1933 767 1980 tu
817 1935 997 1980 tamen
1028 1965 1043 1990 ,
1094 1927 1140 1980 si
1187 1926 1486 1982 scrutando
1556 1926 1854 1996 perlegeris
1903 1925 2043 1979 illius

2152 1923 2418 1988 λανθάνει,
2453 1925 2587 1979 ἀλλά
2627 1922 2718 1980 οὖν
2765 1928 2945 1991 αὐτὸς,
2984 1929 3081 1980 σὺν
3113 1926 3308 2000 ἐρεύνῃ
3352 1928 3475 1990 τοὺς
3519 1926 3767 1980 ἐκείνου

475 2017 701 2087 scripta,
749 2033 856 2071 non
891 2019 1072 2072 minus
1127 2033 1248 2072 eum
1272 2017 1550 2072 mortifera
1583 2018 1683 2071 hac
1705 2017 2042 2086 tngritudine,

471 2124 636 2179 quam
677 2109 1005 2166 Arianorum
1033 2110 1246 2166 insania
1275 2110 1610 2166 laborantem
1652 2110 2045 2182 deprehendes.

2153 2016 2343 2085 λόγους
2393 2017 2822 2089 ἀναλεγόμενος,
2869 2018 3018 2071 οὐδὲν
3055 2017 3272 2070 ἔλαττον
3306 2017 3466 2070 αὑτὸν
3500 2015 3581 2086 τῷ
3624 2014 3766 2066 ὀλε-

2155 2107 2288 2179 θρίῳ
2311 2108 2482 2179 τούτῳ
2508 2110 2760 2182 ἀρρωστή
2771 2127 2897 2181 ματι
2919 2109 2964 2180 ἢ,
2980 2113 3096 2174 ταῖς
3121 2111 3480 2181 Ἀρειανικαῖς
3509 2110 3766 2182 μανίαις

2157 2200 2564 2271 κεκρατημένον
2588 2199 2715 2274 ὄψῃ.

1497 2311 1647 2366 Idem
1683 2310 1907 2364 Pltotius
1954 2310 2007 2362 in
2051 2309 2422 2376 Bibliotheca,
2459 2329 2577 2382 cap.
2624 2314 2710 2368 15.

542 2428 690 2486 Lecti
741 2441 868 2487 sunt
908 2431 1129 2488 Eusebii
1184 2432 1311 2488 libri
1355 2429 1485 2495 duo,
1529 2429 1621 2500 qui
1670 2428 2048 2483 inscribuntur

471 2518 784 2589 Confutatio
818 2531 871 2578 et
897 2524 1176 2594 Apologia.
1206 2521 1337 2578 Item
1369 2520 1524 2576 alteri
1554 2519 1683 2581 duo,
1726 2519 1821 2589 qui
1865 2534 1989 2574 cum
2014 2536 2044 2573 «ι

470 2611 748 2682 prioribus
777 2613 992 2669 duobus
1021 2615 1275 2668 dill'erant
1322 2615 1378 2668 in
1419 2612 1747 2683 quibusdam
1788 2613 1942 2676 locis,
1989 2613 2043 2666 in

469 2699 718 2771 reliquis,
749 2718 845 2756 seu
874 2703 1035 2757 verba
1066 2720 1162 2758 seu
1189 2718 1409 2759 sensum
1438 2709 1673 2772 spectes,
1701 2702 1863 2756 iidem
1893 2713 2042 2756 sunt.

468 2790 638 2846 Aﬂ'ert
667 2808 794 2848 vero
827 2793 1162 2863 obiectiones
1185 2793 1452 2864 quasdam
1479 2792 1745 2848 adversus
1774 2792 2044 2847 sinceram

470 2892 717 2940 nostram
749 2887 1094 2957 religionem,
1157 2887 1303 2942 velut
1362 2887 1430 2942 ab
1459 2885 1692 2942 ethnicis
1747 2885 2044 2955 prolectas,

466 2991 671 3048 easque
694 2986 840 3032 recte
869 2978 1051 3042 solvit,
1077 2979 1202 3034 licet
1233 2994 1338 3033 non
1375 2994 1469 3049 per
1498 2979 1705 3035 omnia.
1739 2977 2042 3042 Dietionem

467 3075 684 3146 quidem
713 3077 855 3146 quod
891 3076 1103 3139 attinet,
1138 3091 1239 3131 nec
1266 3077 1542 3147 jucundus
1570 3085 1654 3132 est
1685 3092 1784 3132 nec
1803 3075 2045 3146 splendi-

467 3168 593 3224 dus.
646 3168 930 3240 Multiplici
962 3181 1142 3224 tamen
1179 3168 1430 3225 doctrina
1485 3171 1742 3242 przeditus
1783 3177 1888 3238 est,
1919 3171 2044 3226 licet

2229 2421 2585 2492 ’Avsyvtoo-Oq,
2633 2421 2891 2474 Εὑσεὸίου
2927 2419 3208 2490 Ἑλέγχου
3251 2421 3343 2474 καὶ
3383 2421 3761 2490 Ἀπολογίας

2155 2508 2301 2580 λόγοι
2326 2513 2439 2565 δύο·
2466 2515 2558 2566 καὶ
2577 2495 2752 2585 ἕτεροι
2777 2511 2890 2574 δύο,
2913 2512 3106 2575 οἵτινες
3125 2511 3261 2584 πρὸς
3282 2513 3407 2575 τοὺς
3432 2512 3754 2583 προτέρους

2147 2610 2262 2679 δύο,
2291 2610 2347 2665 ἐν
2375 2628 2483 2664 τισι
2509 2613 2692 2682 ῥητοῖς
2723 2609 3210 2681 παραλλάσσοντες,
3243 2609 3298 2660 ὲν
3325 2611 3436 2671 τοῖς
3463 2607 3657 2673 ἄλλοις
3679 2611 3760 2679 τῇ

2149 2716 2208 2753 τε
2235 2699 2375 2765 λέξει
2407 2701 2501 2754 καὶ
2520 2703 2586 2771 τῇ
2617 2700 2824 2770 διανοίᾳ
2845 2701 2893 2752 οἱ
2930 2697 3080 2751 αὐτοί
3116 2700 3266 2750 εἰσιν.
3307 2696 3528 2766 Είσάγει
3566 2697 3635 2751 δὲ
3668 2697 3758 2762 ὡς

2147 2790 2256 2844 ἀπὸ
2294 2791 2403 2844 τῶν
2461 2791 2725 2862 Ἐλλήνων
2777 2790 2929 2855 τινάς
2972 2787 3200 2859 ἀπορίας
3234 2788 3376 2842 κατά
3418 2787 3519 2858 τῆς
3571 2789 3756 2860 ἀμω-

2153 2883 2322 2953 μήτου
2368 2881 2664 2955 θρησκείας
2689 2881 2864 2953 ἡμῶν.
2903 2881 3012 2934 Καὶ
3040 2880 3242 2944 ταύτας
3277 2879 3454 2944 καλῶς
3477 2919 3491 2943 ,
3542 2881 3590 2933 εί
3645 2881 3749 2934 καὶ

2153 2973 2227 3044 μὴ
2271 2975 2327 3026 ὲν
2358 2975 2542 3037 πᾶσιν,
2595 2973 2890 3026 ἀπολύεται
2915 2990 2927 3003 ·
2980 2971 3078 3044 τὴν
3112 2971 3169 3024 δὲ
3204 2972 3398 3044 φράσιν
3436 2972 3536 3025 οὐκ
3582 2971 3750 3026 ἔστιν

2152 3064 2390 3136 οὐδαμοῦ
2420 3064 2543 3118 οὔτε
2577 3065 2706 3136 ἡδὺς
2738 3063 2863 3116 οὔτε
2908 3063 3251 3134 λαμπρότητι
3293 3062 3517 3131 χαίρων.
3553 3061 3744 3114 Πολυ-

2153 3156 2330 3229 μαθὴς
2354 3158 2409 3212 δέ
2439 3160 2583 3211 ἐστιν
2616 3160 2644 3211 ό
2669 3156 2828 3226 ἀνὴρ,
2872 3157 2920 3207 εί
2958 3155 3052 3207 καὶ
3090 3152 3185 3225 τὴν
3216 3154 3492 3223 ἀγχίνοιαν
3535 3152 3636 3205 καὶ
3677 3150 3744 3204 τὸ

468 3262 758 3333 prudentia
801 3271 855 3318 et
887 3263 1052 3317 animi
1083 3264 1394 3318 constantia
1436 3272 1489 3319 ct
1519 3263 1835 3334 dogmatum
1867 3264 2043 3319 since:

2152 3251 2420 3322 σταθηρὸν
2446 3249 2540 3303 τοῦ
2563 3249 2745 3320 ἤθους,
2775 3247 2849 3310 ὡς
2883 3245 3034 3318 παρά
3067 3248 3166 3317 τὴν
3215 3244 3495 3315 ἀκρίϐειαν
3535 3243 3641 3312 τὴν
3680 3244 3743 3296 ἐν

467 3355 631 3411 ritate
661 3356 844 3410 minus
871 3357 1090 3426 polleat.
1119 3355 1252 3409 Nam
1280 3357 1334 3411 in
1358 3357 1443 3412 his
1466 3358 1628 3411 etiam
1655 3356 1813 3411 libris
1844 3356 2044 3425 smpius

469 3445 733 3501 adversus
776 3445 974 3501 Filium
1019 3447 1113 3504 Dei
1152 3449 1534 3518 blasphemare
1593 3447 2041 3518 deprehenditur,

467 3552 704 3607 eumque
773 3538 1068 3594 secundam
1105 3555 1328 3596 causam
1367 3555 1585 3605 vocare,
1639 3549 1696 3594 et
1738 3539 2043 3610 Principem

469 3628 680 3684 militia:
708 3629 972 3696 caelestis,
1005 3633 1220 3702 aliaque
1257 3631 1526 3699 ejusmodi
1561 3648 1683 3701 quae
1711 3632 2040 3687 Arianorum

471 3721 699 3776 insaniae
759 3724 977 3793 propria
1032 3731 1178 3778 sunt.
1243 3723 1470 3778 Constat
1527 3739 1652 3777 cum
1697 3723 2046 3778 Constantini

473 3810 648 3880 Magni
681 3815 1018 3883 temporibus
1051 3813 1323 3878 ﬂoruisse,
1359 3823 1411 3869 et
1435 3815 1575 3870 sacri
1614 3815 1870 3886 martyris
1893 3813 2048 3867 Patu-

471 3901 602 3973 phili
637 3904 1082 3960 ardentissimum
1123 3914 1422 3960 amatorem
1453 3905 1645 3960 fuisse.
1683 3903 1838 3959 Unde
1866 3913 1920 3959 et
1951 3921 2047 3959 eo-

469 4002 819 4062 gnomentum
845 3995 1112 4064 Pamphili
1133 3995 1362 4066 adeptus
1388 4011 1509 4052 esse
1530 3995 1732 4052 dicitur
1757 4012 1786 4050 a
1817 3996 2046 4065 quibus-

377 4075 380 4078 .
467 4085 613 4140 dam.

2148 3346 2261 3406 τοῖς
2285 3342 2578 3413 δόγμασιν,
2612 3340 2970 3410 ἐνδεέστερος.
3003 3339 3114 3392 Καὶ
3152 3337 3260 3408 γὰρ
3295 3334 3394 3389 κάν
3423 3333 3636 3397 τούτοις
3678 3335 3743 3389 ὲν

2151 3432 2365 3495 πολλοῖς
2412 3431 2557 3484 ἐστιν
2598 3429 2759 3483 αὐτὴν
2795 3428 2921 3482 ίδεῖν
2965 3429 3058 3481 τὸν
3102 3427 3230 3480 Υἱδν
3282 3424 3738 3497 βλασφημοῦντα,

2150 3528 2244 3580 καὶ
2267 3526 2516 3596 δεύτερον
2549 3523 2720 3578 αἴτιον
2761 3521 3062 3586 καλοῦντα,
3119 3522 3210 3575 καὶ
3254 3519 3736 3592 ἀρχιστράτηγον,

2152 3619 2245 3670 καὶ
2277 3617 2410 3672 ἄλλα
2435 3615 2556 3670 τινά
2588 3615 2686 3683 τῆς
2735 3613 3072 3685 Ἀρειανικῆς
3114 3613 3317 3684 λύσσης
3352 3612 3734 3683 βλαστήματα.

2151 3710 2320 3779 Δῆλον
2360 3709 2414 3762 δὲ
2455 3709 2529 3772 ὼς
2574 3710 2665 3761 ἐπὶ
2710 3707 3118 3761 Κωνσταντίνου
3172 3705 3265 3758 τοῦ
3304 3705 3538 3774 μεγάλου
3573 3697 3740 3768 οὗτος

2150 3802 2377 3873 ἤνθησε·
2423 3802 2611 3870 γέγονε
2651 3800 2707 3853 δὲ
2742 3800 2835 3853 καὶ
2873 3799 2972 3868 τῆς
3008 3798 3289 3868 Παμφίλου
3337 3798 3430 3852 τοῦ
3471 3797 3739 3870 ἱερομάρ-

2151 3909 2313 3964 τυρός
2339 3891 2541 3963 ἀρετῆς
2575 3890 2836 3961 διάπυρος
2867 3889 3133 3960 ἐραστής·
3172 3888 3237 3942 δι’
3272 3890 3337 3959 ἣν
3370 3887 3548 3942 αἰτίαν
3593 3886 3737 3957 φασί

2151 3999 2292 4045 τινες
2339 3981 2498 4035 αὐτὸν
2531 3983 2620 4035 καὶ
2656 3981 2753 4050 τῆς
2787 3978 2879 4033 τοῦ
2938 3979 3221 4050 Παμφίλου
3258 3977 3569 4048 ἐπωνυμίας
3599 3994 3737 4048 μετ·-

2153 4075 2462 4145 εσχηκέναι.

1688 4207 1836 4263 Idem
1875 4207 2094 4262 Pltotius
2125 4208 2183 4271 in,
2207 4210 2375 4279 capite
2408 4208 2528 4262 127.

539 4309 688 4366 Lecti
721 4322 849 4368 sunt
881 4316 1103 4374 Eusebii
1131 4319 1400 4392 Pamphili
1423 4323 1796 4394 libriquatuor
1827 4324 1903 4379 De
1921 4325 2040 4378 lau-

466 4401 620 4458 dibus
653 4405 776 4474 imp.
801 4406 1160 4466 Constantini.
1185 4413 1478 4469 Continent
1510 4426 1690 4470 autem
1722 4417 1842 4485 ejus
1872 4417 2038 4469 vitam

467 4510 684 4551 omnem
713 4498 825 4567 jam
860 4501 986 4557 inde
1014 4518 1043 4556 a
1078 4505 1332 4573 pueritia,
1367 4515 1422 4562 et
1466 4523 1807 4579 quaecunque
1839 4509 1907 4562 ab
1945 4508 2040 4562 illo

467 4598 618 4660 gesta
654 4600 782 4646 sunt
825 4594 892 4647 ad
934 4595 1360 4652 ecclesiasticam
1424 4599 1711 4655 historiam
1758 4601 2038 4671 pertinen-

467 4684 562 4746 tia,
598 4699 770 4755 usque
797 4687 861 4740 ad
896 4688 1100 4742 exitum
1129 4690 1273 4755 vitae,
1310 4691 1363 4745 id
1397 4701 1481 4747 est
1523 4693 1590 4746 ad
1625 4709 1828 4748 annum
1858 4696 2038 4750 aetatis

466 4783 721 4842 quartum
767 4784 822 4831 et
858 4779 1282 4847 sexagesimum.
1320 4779 1416 4835 Est
1467 4791 1649 4837 autem
1681 4784 1951 4842 Eusebius
1981 4789 2036 4840 in

466 4856 571 4913 hoc
609 4863 772 4916 etiam
813 4879 977 4934 opere
1007 4867 1164 4936 plane
1195 4867 1279 4923 sui
1303 4869 1497 4927 similis
1538 4872 1592 4927 in
1620 4873 1852 4930 dicendo
1881 4895 1894 4930 :
1927 4877 2036 4933 nisi

465 4951 611 5022 quod
637 4955 884 5010 nonnihil
916 4957 982 5011 ad
1021 4959 1366 5030 splendorem
1417 4966 1656 5036 assurgit
1685 4966 1804 5036 ejus
1840 4968 2036 5036 oratio,

464 5052 521 5102 et
548 5048 731 5104 verbis
763 5050 1034 5105 interdum
1066 5053 1496 5124 elegantioribus
1545 5059 1735 5114 utitur.
1768 5058 2040 5116 Venusta-

465 5137 538 5192 tis
570 5137 787 5207 quidem
815 5148 868 5196 et
900 5143 1087 5213 gratiae
1117 5161 1226 5199 non
1281 5147 1508 5202 multum
1563 5158 1786 5220 apparet
1832 5153 1884 5207 in
1937 5153 2040 5208 hoc

467 5243 651 5298 opere,
681 5233 823 5286 sicut
855 5250 954 5289 nec
981 5235 1035 5290 in
1063 5238 1276 5294 caeteris
1305 5239 1426 5310 ejus
1459 5241 1634 5297 libris.
1667 5242 1840 5298 Porro
1869 5245 1923 5299 in
1952 5246 2039 5301 his

463 5327 701 5390 quatuor
731 5323 885 5381 libris
913 5327 1144 5395 plurima
1184 5331 1301 5384 loca
1344 5332 1534 5388 inserit
1562 5350 1626 5389 ex
1659 5334 2042 5391 Ecclesiastica

463 5410 640 5480 ipsius
670 5410 896 5468 historia
945 5419 1233 5475 translata.
1266 5419 1332 5472 Et
1367 5422 1786 5478 Constantinum
1817 5425 2038 5496 quidem

463 5501 718 5574 Magnum
766 5504 1093 5565 Nicomediae
1140 5512 1468 5581 baptizatum
1509 5531 1630 5572 esse
1681 5518 1854 5585 dicit,
1911 5535 2038 5574 cum

463 5593 532 5646 ad
575 5593 627 5648 id
649 5611 822 5666 usque
853 5603 1112 5669 temporis
1144 5602 1474 5672 baptismum
1497 5606 1824 5675 distulisset,
1872 5620 1932 5666 ut
1985 5611 2037 5665 in

459 5680 722 5751 Jordane,
763 5691 1223 5758 quemadmodum
1255 5694 1308 5748 in
1329 5697 1472 5753 votis
1503 5685 1759 5765 habebat,
1790 5702 2039 5773 baptiza-

464 5786 635 5833 retur.
684 5779 818 5846 Quis
851 5797 977 5838 vero
1022 5784 1172 5839 illum
1221 5787 1548 5859 baptizarit,
1599 5793 1928 5851 dissimulat.
1966 5795 2039 5851 De

466 5868 674 5928 Ariaua
708 5875 932 5946 insuper
969 5878 1163 5936 haeresi
1198 5879 1334 5936 nihil
1366 5892 1551 5948 aperte
1605 5895 2033 5944 commemorat:

2231 4322 2568 4394 ’Λνεγνώσθη
2616 4324 2874 4378 Εὑσεόίου
2926 4322 3020 4377 τοῦ
3054 4321 3335 4394 Παμφίλου
3386 4321 3418 4393 ή
3463 4323 3542 4384 είς
3569 4322 3729 4376 Κων-

2149 4420 2423 4470 σταντῖνον
2473 4417 2563 4468 τὸν
2597 4417 2766 4486 μέγαν
2812 4416 3032 4487 βασιλέα
3078 4413 3486 4485 ὲγκωμιαστικὴ
3527 4415 3727 4486 τετρά-

2148 4507 2327 4570 6ι6λος
2352 4525 2364 4537 ·
2403 4509 2460 4559 ὲν
2563 4509 2874 4579 περιέχεται
2904 4509 2936 4578 ἦ
2965 4524 3022 4559 τε
3045 4505 3139 4559 τοῦ
3181 4505 3369 4575 ἀνδρὸς
3407 4504 3539 4576 ἄλλη
3576 4505 3730 4559 πολι-

2141 4598 2260 4652 τεία
2306 4598 2365 4663 ἐξ
2407 4598 2578 4668 αὐτῆς
2626 4599 2849 4670 πρώτης
2897 4599 3108 4670 ἡλικίας
3153 4598 3447 4669 ἀρχομένη,
3475 4598 3568 4650 καὶ
3601 4598 3729 4653 ὅσαι

2141 4691 2279 4762 πρὸς
2305 4691 2404 4761 τὴν
2435 4691 2892 4762 ἐκκλησιαστικὴν
2943 4692 3182 4762 ἱστορίαν
3231 4689 3542 4744 συντελοῦσι
3581 4692 3727 4763 πρά-

2142 4782 2250 4848 ξεις
2288 4784 2478 4854 μέχρις
2519 4779 2579 4838 οὗ
2605 4784 2697 4836 τὸν
2740 4784 2849 4853 βίον
2880 4785 3166 4846 ἀπέλιπεν,
3201 4785 3278 4848 εἰς
3312 4784 3600 4855 ἑξηκοστὸν
3629 4785 3725 4838 καὶ

2139 4877 2394 4947 τέταρτον
2437 4877 2815 4947 παραταθέντα
2859 4878 3070 4947 χρόνον.
3109 4877 3262 4929 Ἔστι
3302 4875 3398 4946 μὲν
3442 4871 3533 4929 οὖν
3589 4878 3722 4929 κάν-

2139 4967 2312 5022 ταῦθα
2337 4967 2433 5039 τὴν
2464 4968 2661 5038 φράσιν
2686 4969 2866 5038 ὅμοιος
2888 4968 3084 5038 ἐαυτῷ,
3117 4967 3251 5038 πλὴν
3283 4967 3476 5038 μικρόν
3508 4983 3558 5019 τι
3582 4967 3722 5040 πρὸς

2139 5059 2199 5112 τὸ
2221 5059 2597 5130 λαμπρότερον
2627 5057 2974 5112 ἐκϐεϐίασται
2999 5059 3148 5129 αὐτῷ
3166 5061 3193 5110 ὁ
3215 5058 3389 5126 λόγος,
3419 5059 3514 5111 καὶ
3544 5056 3723 5123 λέξεις

2141 5152 2220 5213 είς
2249 5150 2309 5203 τὸ
2339 5150 2700 5222 ἀνθηρότερον
2732 5149 2944 5220 ἐνιαχοῦ
2983 5147 3418 5219 συνελήφθησαν·
3457 5147 3553 5217 τῆς
3589 5147 3721 5216 μέν-

2139 5259 2220 5294 τοι
2264 5243 2402 5295 κατά
2453 5241 2552 5312 τὴν
2600 5241 2890 5312 ἑρμηνείαν
2923 5241 3130 5312 ἡδονῆς-
3159 5240 3254 5293 καὶ
3302 5239 3521 5310 χάριτος
3569 5237 3722 5291 οὐδὲν

2142 5334 2308 5403 μέγα,
2339 5333 2526 5400 ὥσπερ
2559 5333 2677 5386 οὐδὲ
2711 5336 2766 5386 ὲν
2795 5335 2905 5395 τοῖς
2931 5332 3126 5394 ἄλλοις,
3156 5332 3496 5402 ἐμφαίνεται.
3533 5331 3719 5383 Κατα-

2142 5427 2440 5498 στρώννυσι
2459 5427 2515 5480 δὲ
2533 5430 2589 5480 εν
2614 5427 2780 5498 ταύτῃ
2816 5425 2980 5478 αὑτοῦ
3002 5428 3067 5497 τῇ
3115 5424 3446 5496 τετραόίόλῳ
3463 5423 3719 5493 πάμπολ-

2139 5521 2204 5573 λα
2232 5520 2407 5591 χωρία
2431 5518 2487 5584 ἐξ
2519 5517 2811 5589 ὁλοκλήρου
2849 5517 2948 5588 τῆς
2988 5512 3531 5583 Ἐκκλησιαστικῆς
3553 5513 3718 5567 αὐτοῦ

2138 5611 2429 5679 δεκαλόγου
2464 5611 2774 5678 Ἱστορίας.
2810 5609 2972 5676 Λέγει
3015 5609 3110 5679 μὲν
3154 5603 3244 5661 οὖν
3282 5607 3375 5661 καὶ
3408 5607 3568 5660 αὑτὸν
3594 5645 3608 5670 ,
3658 5609 3716 5661 ὲν

2139 5703 2474 5775 Νικομηδείᾳ
2523 5703 2612 5756 τὸν
2665 5701 2834 5773 μέγαν
2887 5701 3288 5755 Κωνσταντῖνον
3327 5699 3711 5770 βαπτίσασθαι,

2145 5797 2305 5870 μέχρι
2354 5797 2474 5850 τότε
2527 5796 2588 5848 τὸ
2632 5795 2853 5867 λουτρὸν
2902 5794 3364 5864 ἀναϐαλλόμενον,
3421 5794 3515 5848 ἅτε
3547 5793 3612 5864 δὴ
3655 5795 3714 5848 ὲν

2145 5888 2402 5962 ἐπιθυμίᾳ
2440 5886 2759 5950 ποιούμενον
2814 5889 2870 5941 ὲν
2917 5889 3028 5949 τοῖς
3075 5884 3333 5946 Ἰορδάνου
3383 5885 3440 5938 τὸ
3491 5884 3712 5954 λουτρὸν
