3924 6266
167 472 224 527 εδ
1025 468 1360 526 VETERUM
1394 465 1815 524 TESTIMONIA
1854 464 2132 522 CONTRA
2170 462 2540 522 EUSEBIUM.
3336 471 3398 524 9-!

167 587 508 656 ὐποδέξασθαι
531 605 545 618 ·
577 589 675 652 τίς
698 587 751 640 δέ
774 590 801 640 ό
830 587 1115 658 βαπτίσας,
1135 587 1288 641 οὐδὲν
1314 587 1582 658 διασαφεῖ.
1606 587 1741 658 Περὶ

1846 599 1942 639 nec
1972 592 2156 638 utrum
2192 585 2308 654 ipse
2335 584 2384 639 ei
2415 583 2705 652 aliquando
2764 582 3076 650 adhaeserit,
3124 599 3224 642 nec
3252 588 3400 657 quod

167 685 390 756 μέντοιγε
441 681 552 751 τῆς
625 681 960 752 Ἀρειανικῆς
1031 681 1293 752 αἱρέσεως
1351 679 1502 734 οὐδὲν
1571 677 1737 748 σαφὲς

162 774 504 845 ἀπαγγέλλει,
541 773 666 827 οὐδ’
693 775 739 826 εί
760 773 857 843 τῆς
883 772 1036 844 δόξης
1063 772 1276 840 ἐκείνης
1299 771 1492 842 εἴχετο,
1526 771 1633 824 οὐδ’
1657 771 1736 824 ὅτι

162 865 580 938 μεταϐέϐληται,
610 864 725 917 ἀλλ’
750 863 856 917 οὐδ’
883 864 962 916 ὃτι
993 861 1207 932 φαύλως
1233 862 1265 933 ἢ
1294 861 1466 931 ὀρθῶς
1491 861 1738 926 ἐδόξαζεν

163 957 397 1025 Ἄρειος,
457 951 681 1022 καίπερ
731 951 976 1022 ἀνάγκην
1027 952 1165 1020 ἒχων
1213 953 1270 1002 ἐν
1326 951 1512 1021 μνήμῃ
1566 949 1738 1003 ταῦτα

161 1045 504 1116 ποιήσασθαι,
539 1047 646 1099 {ire
668 1045 733 1117 δὴ
761 1046 904 1116 μέγα
949 1045 1111 1116 μέρος
1139 1043 1438 1114 ἐπεχούσης
1471 1045 1568 1116 τῆς
1613 1062 1737 1098 συνο

157 1144 262 1198 όδου
276 1141 384 1194 τῶν
411 1139 513 1193 τοῦ
548 1139 791 1211 μεγάλου
825 1137 1072 1209 πράξεων
1094 1139 1518 1202 Κωνσταντίνου,
1549 1139 1738 1192 κάκείο

161 1252 244 1305 νης
268 1233 429 1287 πάλιν
468 1230 884 1302 ἐξαπαιτούσης
916 1230 1015 1301 τὴν
1056 1230 1184 1301 περὶ
1231 1231 1435 1284 τούτων
1477 1229 1740 1301 λεπτομε-

166 1327 415 1398 ρεστάτην
462 1324 724 1396 ἱστορίαν
749 1340 763 1354 ο
814 1322 948 1376 ἀλλὰ
984 1322 1170 1376 στάσιν
1207 1322 1305 1393 μὲν
1346 1325 1604 1394 ἐμπεσεῖν
1639 1339 1735 1394 με·

162 1418 278 1484 ταξὺ
314 1416 538 1488 Ἀρείου
575 1417 673 1470 καὶ
707 1414 1053 1486 Ἀλεξάνδρου
1102 1414 1230 1486 (τὴν
1259 1415 1467 1486 αἵρεσιν
1505 1413 1568 1487 δὴ
1596 1415 1736 1467 οὕτω

165 1509 317 1578 λέγων
346 1510 444 1562 καὶ
490 1507 987 1580 ὑποκρυπτόμενος
1025 1507 1422 1577 ἀποφαίνεται),
1457 1507 1547 1560 ἐπί
1579 1523 1638 1559 τε
1669 1508 1734 1576 τῇ

165 1601 329 1652 στάσει
363 1599 494 1652 λίαν
539 1596 784 1667 ἀλγῆσαι
816 1597 906 1650 τὸν
942 1596 1160 1666 θεοφιλῆ
1196 1595 1436 1666 βασιλέα,
1467 1594 1560 1647 καὶ
1597 1595 1740 1662 ἀγω-

166 1692 392 1745 νίσασθαι
431 1690 530 1744 διά
580 1705 644 1742 τε
677 1687 1008 1752 ἐπιστολῶν,
1057 1686 1146 1741 διά
1189 1705 1246 1740 τε
1279 1686 1371 1739 τοῦ
1426 1685 1634 1749 Ὀσίου,
1681 1685 1740 1746 ὃς

167 1782 460 1854 Κορδούϐης
501 1780 846 1844 ἐπεσκόπει,
878 1782 957 1844 εἰς
1005 1778 1183 1849 φιλίαν
1229 1778 1322 1832 καὶ
1361 1779 1611 1848 ὁμόνοιαν
1647 1794 1739 1830 συ-

171 1873 327 1938 ζεῦξαι
353 1876 416 1926 τὸ
447 1871 775 1937 στασιάζον,
811 1874 906 1943 τῆς
941 1871 1074 1944 πρὸς
1115 1869 1374 1939 ἀλλήλους
1423 1869 1598 1940 ἔριδος
1637 1870 1740 1938 ἀφ-

165 1967 368 2036 ιμνους
396 1967 494 2020 καὶ
517 1965 640 2020 τῶν
655 1965 906 2020 τοιούτων
920 1965 1212 2036 ζητήσεων.
1239 1963 1327 2027 Ὠς
1348 1963 1390 2015 δ’
1417 1963 1516 2017 οὑκ
1539 1962 1740 2025 ἔπειθε,
1777 1939 1818 1993 Β

173 2057 358 2112 σύνοδον
407 2057 764 2129 πανταχόθεν
801 2055 1078 2127 ἀθροῖσαι,
1132 2055 1226 2108 καὶ
1269 2054 1367 2126 τὴν
1399 2054 1763 2124 ἐμπεσοῦσαν.

172 2149 268 2219 ἔριν
293 2149 370 2212 εἰς
398 2151 640 2221 εἰρήνην
666 2145 1036 2201 διαλύσασθαι.
1069 2148 1144 2200 υύ
1185 2147 1290 2219 μὴν
1314 2149 1393 2210 είς
1419 2145 1479 2199 τὸ
1522 2144 1743 2216 ἀκριϐὲς

175 2242 252 2294 καὶ
270 2241 524 2313 ἐπίδηλον
551 2239 934 2312 ἀναγράφεται
954 2255 968 2269 ·
994 2231 1148 2302 οὗτος
1171 2235 1264 2293 οὖν
1287 2238 1473 2310 ὥσπερ
1497 2239 1743 2309 αἰσχυνο-

180 2335 298 2406 μένῳ
320 2322 540 2399 ἐοικὼς,
582 2336 682 2388 καὶ⁵
708 2334 782 2405 μὴ
809 2333 1114 2405 βουλομένῳ
1141 2333 1482 2405 δημοσιεύειν
1505 2334 1748 2404 Ἀρειον,

177 2423 256 2491 τήν
276 2439 332 2476 τε
355 2425 456 2493 τῆς
490 2424 722 2477 συνόδου
754 2423 1177 2496 ἐξενηνεγμένην
1207 2427 1326 2478 κατ’
1351 2423 1516 2477 αὑτοῦ
1542 2424 1740 2494 ψῆφον,

181 2515 256 2568 καὶ
283 2516 382 2567 τῶν
414 2514 916 2585 συνασεϐησάντων
956 2515 1124 2584 αὐτῷ,
1176 2516 1270 2568 καὶ
1305 2513 1743 2581 συνεξωσθέντων

179 2600 255 2671 τὴν
281 2603 492 2655 δικαίαν
539 2600 864 2672 εἴσπραξιν’
901 2601 962 2653 οὺ
1015 2600 1119 2671 μήν
1151 2600 1264 2654 ἀλλ’
1301 2601 1421 2654 ούδέ
1462 2601 1529 2672 ἣν
1561 2600 1744 2654 θεόθεν

183 2691 269 2751 πᾶς
304 2689 591 2762 ὀφθαλμὸς
635 2684 772 2742 εἶδεν
824 2687 1027 2741 ἔνδικον
1083 2689 1293 2760 Ἀρείου
1339 2687 1742 2758 καταστροφὴν,

181 2777 307 2831 οὐδὲν
319 2762 526 2834 τούτων
566 2781 720 2849 ἄγων
752 2781 832 2843 είς
868 2778 1004 2848 φῶς,
1033 2780 1132 2850 τήν
1151 2795 1209 2831 τε
1241 2779 1484 2850 περὶτῆς
1531 2778 1743 2832 συνόδου

189 2871 265 2925 καὶ
279 2873 379 2925 τῶν
399 2876 457 2927 ἐν
481 2875 632 2945 αὐτῇ
659 2872 1256 2946 πραχθέπωνὶστορίαν
1279 2873 1518 2946 παρέδρα
1527 2891 1612 2944 με.
1653 2875 1744 2928 Διὸ

187 2963 262 3016 καὶ
282 2968 398 3036 moi.
427 2966 528 3020 τοῦ
559 2967 848 3019 Θεσπεσίου
867 2965 1157 3020 Εὑσταθίου
1189 2965 1392 3036 μέλλων
1424 2965 1740 3036 διηγεῖσθαι,

190 3055 287 3108 οὔτε
320 3058 408 3110 τοῦ
456 3060 734 3130 ὀνόματος
781 3060 1079 3130 μέμνηται,
1111 3059 1216 3112 οὐδ’
1252 3059 1313 3131 [ι.
1348 3058 1595 3130 οὔθ’]ὄσα
1620 3060 1746 3132 περὶ

191 3149 323 3201 αὑτὸν
351 3151 639 3224 ἐτολμήθη
679 3152 772 3204 καὶ
811 3153 891 3216 είς
927 3151 1085 3224 ἔργον
1117 3152 1457 3224 ἀποϐέϐηκεν
1477 3171 1490 3183 ·
1524 3153 1637 3206 ἀλλ’
1666 3155 1746 3216 εἰς

195 3243 350 3296 στάσιν
373 3245 465 3296 καὶ
504 3243 757 3315 ταραχὴν
782 3245 998 3312 ἀνάγων
1022 3246 1114 3297 καὶ
1138 3244 1331 3309 ταῦτα,
1359 3245 1619 3316 γαληνίας
1651 3245 1744 3297 καὶ

194 3335 326 3387 πάλιν
351 3338 601 3406 ἐπιλέγει
626 3338 958 3402 ἐπισκόπων,
984 3337 1126 3391 κατὰ
1147 3337 1243 3409 τήν
1271 3338 1598 3408 Ἀντιόχειαν
1620 3355 1745 3390 συν-

192 3425 585 3500 δεδραμηκότων
649 3429 848 3500 σπουδῇ
886 3428 1148 3498 βασιλέως
1192 3432 1286 3484 καὶ
1329 3432 1586 3502 συνεργίᾳ
1609 3471 1623 3494 ,
1654 3431 1747 3484 καὶ

190 3517 237 3568 τὸ
266 3522 553 3586 στασιάζον
594 3524 686 3575 καὶ
719 3526 1118 3595 ταραττόμενον
1148 3526 1227 3589 είς
1260 3524 1320 3576 τὸ
1349 3526 1620 3596 εἰρηναῖον
1649 3541 1747 3595 με-

193 3609 605 3683 ωὸεϐληκῶτων.
654 3614 882 3682 Ὁμοίως
924 3615 978 3668 δὲ
1011 3617 1104 3669 καὶ
1155 3621 1213 3670 ἐν
1260 3613 1342 3681 οἷς
1380 3621 1409 3671 ὁ
1450 3617 1748 3682 πολύαθλος

192 3698 549 3779 ἐσκαιωρήὸην-
589 3702 940 3769 ’Δθανάσιος,
991 3708 1070 3770 είς
1127 3707 1298 3760 ταῦτα
1353 3709 1450 3780 τὴν
1509 3709 1748 3778 ἱστορίαν

193 3794 401 3866 ὁρμήσας
428 3799 756 3866 ἐπαφεῖναι,
786 3798 1026 3862 στάσεως
1065 3800 1160 3869 μὲν
1190 3798 1565 3870 ἐμπλησθῆναι
1589 3799 1750 3852 πάλιν

197 3887 270 3937 καὶ
294 3893 542 3963 ταραχῆς
572 3892 670 3963 τήν
717 3891 1116 3963 Ἀλεξάνδρειαν
1154 3892 1389 3961 λέγεται,
1428 3894 1520 3947 καὶ
1548 3892 1747 3964 ταύτην

200 3983 516 4055 πραῢ-αθηναι
537 3985 849 4038 ἐπισκόπων
877 3985 1166 4056 παρουσίᾳ,
1185 3985 1281 4055 τὴν
1304 3983 1583 4056 βασιλικὴν
1608 3985 1751 4054 ἐχόν-

197 4084 282 4123 των
305 4077 652 4147 συμμαχίαν·
688 4075 808 4130 οὔτε
837 4076 894 4129 δὲ
923 4076 1007 4139 τίς
1038 4072 1106 4146 ἧν
1141 4075 1466 4138 στασιάζων,
1492 4075 1599 4128 οὐδ’
1627 4076 1748 4146 ἥτις

199 4162 455 4232 ήστάσις,
482 4169 527 4238 ,ἢ
563 4167 615 4220 τί
655 4169 748 4220 καὶ
792 4168 1096 4240 πράξαντες
1140 4167 1239 4238 τὴν
1289 4167 1404 4237 ἔριν
1450 4165 1746 4236 ὲπράῦναν,

200 4255 286 4308 οὐδ’
315 4259 453 4322 ὅλως
496 4261 729 4313 ποιεῖται
757 4259 1005 4330 ἐπίδηλον
1027 4277 1040 4289 ο
1069 4260 1160 4310 καὶ
1195 4257 1396 4328 σχεδὸν,
1438 4259 1492 4312 ὲν
1518 4253 1598 4322 οἷς
1626 4259 1748 4311 ἐπι·

206 4351 385 4406 σκόπων
416 4354 559 4424 πρὸς
587 4351 847 4423 ἀλλήλους
878 4349 1197 4420 φιλονεικίαι
1234 4366 1298 4402 πε
1308 4351 1360 4420 ρ).
1383 4349 1686 4419 δογμάτων,
1714 4348 1747 4418 ἢ

204 4445 304 4514 περί
323 4463 484 4500 τινων
509 4445 687 4499 ἄλλων
719 4442 1004 4512 διαφωνίαι
1035 4442 1312 4511 γεγόνασι,
1338 4441 1428 4494 τὸν
1459 4442 1621 4495 αὐτὸν
1653 4442 1748 4512 τῆς

207 4532 527 4608 ἐπικρύψεως
560 4538 618 4588 ἐν
650 4538 718 4606 τῇ
755 4535 1002 4605 διηγήσει
1023 4534 1191 4586 τύπον
1217 4533 1585 4614 διαφυλάττει.

1839 693 1957 732 eam
1991 677 2267 747 abjecerit.
2305 676 2410 731 Sed
2436 691 2611 746 neque
2641 687 2787 732 recte
2825 693 2892 732 ne
2921 693 2990 732 an
3024 693 3184 734 secus
3214 693 3400 736 sense-

1838 770 1910 824 rit
1953 770 2136 837 Arius,
2181 784 2412 839 usquam
2453 767 2656 834 refert;
2694 768 2911 824 tametsi
2942 769 3057 823 haee
3088 769 3402 826 necessario

1839 860 2316 916 commemoranda
2345 867 2563 924 essent,
2599 860 2797 930 quippe
2837 876 2958 914 cum
2990 859 3206 914 Nicaena
3237 876 3403 931 syno-

1843 951 1947 1007 dus
1992 952 2134 1005 inter
2164 967 2250 1006 res
2279 967 2308 1004 a
2337 949 2700 1006 Constantino
2743 958 2926 1020 gestas
2960 951 3292 1020 praecipuum
3322 951 3405 1004 lo-

1839 1059 1963 1100 Cum
1996 1044 2258 1107 obtineat,
2284 1053 2338 1098 et
2365 1042 2566 1112 alioqui
2584 1041 2988 1096 exactissimam
3012 1041 3179 1095 totius
3201 1040 3402 1110 negotii

1844 1138 2217 1192 narrationem
2251 1135 2368 1206 ipsa
2395 1150 2495 1190 suo
2523 1133 2761 1204 quodam
2794 1133 2916 1201 jure
2951 1130 3194 1202 ﬂagitare
3220 1129 3402 1186 videa-

1841 1239 1947 1286 tur.
1983 1229 2182 1286 Verum
2209 1231 2298 1285 ille
2322 1228 2722 1285 dissensionem
2756 1226 2972 1296 quidem
2997 1225 3139 1279 inter
3169 1223 3405 1278 Alexan-

1840 1324 1997 1378 drum
2023 1332 2075 1378 et
2106 1323 2294 1377 Arium
2324 1331 2565 1377 exortam
2590 1319 3095 1387 commemorat(sic
3121 1317 3265 1372 enim
3295 1317 3405 1372 hae-

1841 1417 2007 1472 resim
2065 1413 2260 1470 callide
2287 1420 2341 1468 et
2373 1412 2781 1468 dissimulanter
2813 1408 3104 1480 appellat).
3133 1408 3310 1478 Atque
3334 1408 3406 1464 ob

1842 1511 1987 1564 hunc
2015 1508 2305 1562 tumultum
2336 1505 2659 1578 gravissimo
2685 1505 2872 1560 dolore
2893 1503 3142 1559 affectum
3175 1519 3297 1560 esse
3319 1520 3406 1560 re-

1840 1599 2248 1670 ligiosissimum
2278 1599 2575 1668 principem
2604 1606 2691 1661 ;et
2721 1605 2832 1650 tum
2859 1612 2954 1666 per
2978 1596 3403 1665 epistolam,tum

1842 1708 1938 1763 per
1966 1691 2192 1746 Hosium
2217 1689 2623 1746 Cordubensem
2669 1689 2986 1759 episcopum
3016 1689 3314 1753 laborasse,
3347 1695 3409 1742 ut

1843 1794 2025 1854 partes
2049 1785 2190 1838 inter
2213 1799 2272 1838 se
2305 1781 2636 1838 dissidentes
2663 1781 2729 1835 ad
2760 1795 2946 1850 pacem
2970 1790 3024 1836 et
3057 1781 3404 1837 concordiam

1843 1876 2143 1940 reduceret,
2170 1876 2316 1930 omni
2342 1875 2411 1928 de
2439 1872 2749 1942 hujusmodi
2767 1874 3158 1943 quaestionibus
3179 1881 3407 1927 conten-

1844 1967 1992 2022 tione
2020 1967 2286 2038 deposita.
2316 1966 2423 2022 Sed
2456 1982 2578 2024 eum
2609 1967 2935 2036 persuadere
2963 1967 3042 2021 eis
3071 1981 3180 2019 non
3204 1964 3411 2034 potuis-

1845 2069 1949 2124 set,
1981 2059 2248 2130 synodum
2263 2058 2502 2129 undique
2523 2074 2875 2122 convocasse,
2896 2068 2949 2113 et
2980 2057 3158 2128 scpito
3171 2055 3406 2110 tumultu

1844 2165 2033 2220 pacem
2067 2147 2398 2204 restituisse.
2423 2147 2626 2202 Verum
2653 2148 2766 2202 haec
2803 2148 2872 2202 ab
2901 2147 2992 2200 illo
3019 2161 3127 2200 non
3156 2145 3291 2202 satis
3317 2157 3408 2198 ac-

1845 2253 2033 2298 curate
2058 2250 2112 2296 et
2140 2249 2332 2311 aperte
2366 2241 2676 2296 traduntur.
2710 2239 2942 2294 Prorsus
2973 2237 3114 2292 enim
3149 2245 3405 2306 tanquam

1845 2337 2052 2408 pudore
2097 2335 2358 2399 suffusus,
2399 2348 2500 2389 nec
2536 2333 2648 2386 Arii
2682 2333 3010 2403 impietatem
3048 2329 3261 2400 publice
3291 2335 3406 2381 tra-

1844 2428 2043 2483 ducere
2077 2428 2325 2498 cupiens,
2377 2434 2491 2480 tum
2526 2425 2720 2497 synodi
2776 2422 3100 2480 sententiam
3145 2420 3407 2476 adversus

1847 2520 2036 2576 Arium
2090 2520 2378 2590 prolatam,
2413 2527 2528 2572 tum
2571 2531 2758 2572 eorum
2799 2517 2892 2587 qui
2925 2513 3218 2585 impietatis
3258 2511 3408 2566 illius

1846 2611 1980 2668 socii
2006 2618 2060 2665 et
2094 2611 2150 2664 in
2185 2609 2438 2663 exsilium
2458 2607 2621 2663 simul
2649 2607 2862 2677 expulsi
2892 2605 3107 2660 fuerant
3162 2602 3410 2673 justissi-

1844 2715 1988 2754 mam
2019 2699 2276 2753 ultionem
2303 2739 2317 2764 ,
2340 2697 2473 2752 illud
2498 2696 2735 2766 denique
2755 2696 2972 2750 ccelitus
3002 2691 3264 2747 inﬂictum
3279 2690 3411 2744 Ario

1845 2791 2071 2848 exitium
2106 2789 2252 2861 quod
2297 2791 2540 2844 omnium
2571 2787 2886 2857 conspectui
2922 2785 3228 2853 subjectum
3285 2779 3408 2846 fuit,

1847 2883 2027 2938 sciens
2052 2870 2426 2952 praetermisit:
2463 2896 2561 2937 nec
2585 2878 2869 2935 historiam
2905 2875 3102 2948 synodi
3135 2887 3332 2943 resque
3353 2871 3411 2926 in

1846 2989 1908 3030 ea
1936 2983 2116 3045 gestas
2153 2973 2619 3030 commemoravit.
2659 2969 2797 3026 Hinc
2820 2970 2982 3025 etiam
3014 2973 3099 3024 est
3123 2966 3268 3037 quod
3283 2978 3410 3018 cum

1846 3083 1911 3122 ea
1943 3083 2064 3139 qua:
2109 3066 2294 3120 divino
2336 3063 2622 3119 Eustathio
2673 3062 3060 3131 contigerunt,
3092 3058 3255 3113 vellet
3315 3054 3414 3110 deo

1848 3161 2109 3226 scribere,
2142 3175 2210 3214 ne
2239 3173 2437 3213 nomen
2485 3155 2703 3226 quidem
2729 3155 2847 3224 ejus
2875 3152 3093 3215 retulit,
3135 3165 3234 3214 nec
3265 3163 3412 3218 quae-

1771 3275 1813 3333 C
1847 3267 2063 3323 cunque
2113 3251 2374 3306 adversus
2401 3249 2550 3304 illum
2588 3245 2795 3301 nefarie
2823 3244 3132 3313 excogitata
3171 3248 3300 3295 sunt
3347 3253 3410 3294 ac

1847 3352 2177 3420 perpetrata,
2212 3343 2308 3400 sed
2339 3343 2661 3398 seditionem
2702 3354 2766 3394 ac
2789 3338 3076 3393 tumultum
3109 3331 3412 3388 Antiochia

1847 3435 2122 3490 exstitisse
2156 3439 2443 3502 postquam
2472 3430 2644 3496 dixit,
2674 3445 2798 3483 mox
2834 3425 3282 3496 tranquillitatem
3323 3437 3412 3476 re-

1846 3527 2088 3581 stitutam
2112 3539 2235 3580 esse
2258 3523 2462 3586 subdit,
2499 3521 2772 3592 episcopis
2789 3517 3134 3589 imperatoris
3157 3528 3323 3586 opera
3345 3527 3412 3567 ac

1849 3618 2030 3675 studio
2056 3618 2183 3672 illuc
2213 3615 2664 3672 convenientibus
2689 3655 2704 3680 ,
2735 3629 2830 3684 per
2879 3625 3016 3681 quos
3048 3607 3207 3663 turba
3233 3604 3414 3660 omnis

1848 3724 1911 3764 ac
1929 3710 2121 3764 seditio
2142 3711 2194 3763 in
2219 3706 2720 3778 tranquillissimam
2749 3717 2936 3774 pacem
2957 3711 3040 3755 est
3059 3703 3410 3752 commutata.

1851 3800 2116 3855 Similiter
2143 3799 2233 3854 ubi
2264 3797 2636 3852 narrationem
2681 3792 2918 3849 instituit
2953 3789 3020 3845 de
3071 3789 3139 3843 iis
3166 3800 3287 3856 qua:
3316 3783 3414 3838 ad-

1847 3907 2042 3948 versus
2070 3889 2430 3945 fortissimum
2449 3890 2598 3942 illum
2630 3885 2984 3940 Athanasium
3004 3879 3247 3951 improbe
3264 3890 3414 3930 como

1848 3991 2037 4054 parata
2067 3987 2213 4044 sunt,
2238 3981 2505 4036 seditione
2526 3978 2746 4050 quidem
2764 3991 2827 4030 ac
2861 3972 3098 4028 tumultu
3134 3967 3410 4037 impletam

1850 4077 2048 4130 iterum
2077 4073 2463 4129 Alexandriam
2506 4069 2671 4126 refert
2697 4088 2710 4124 :
2753 4065 2847 4123 sed
2874 4079 2993 4121 eam
3024 4063 3408 4132 episcoporum

1849 4167 2138 4238 praesentia
2179 4174 2234 4221 et
2279 4163 2626 4236 imperatoris
2675 4160 2880 4214 auxilio
2936 4156 3177 4212 sedatum
3216 4151 3407 4205 fuisse.

1849 4260 2034 4330 Neque
2060 4259 2280 4313 interim
2309 4257 2434 4328 quis
2453 4255 2717 4310 seditione
2740 4247 3112 4308 concitaverit,
3146 4249 3239 4298 aut
3263 4255 3412 4311 qua:-

1850 4329 1975 4408 nam
2007 4352 2097 4405 illa
2126 4349 2322 4405 seditio
2347 4348 2530 4412 fuerit,
2567 4359 2742 4415 neque
2769 4358 2876 4413 quo
2907 4347 3066 4410 pacto
3114 4334 3301 4390 sedata
3345 4329 3415 4383 ab

1849 4445 2125 4516 episcopis
2188 4443 2381 4506 fuerit,
2427 4442 2697 4495 ullatenus
2754 4435 2993 4506 exponit.
3030 4431 3106 4484 Ac
3135 4428 3248 4483 fere
3276 4437 3417 4492 quov

1853 4539 2174 4607 tiescunque
2223 4537 2602 4606 cpisc0porum
2656 4536 2874 4583 mutuas
2927 4526 3066 4579 inter
3105 4535 3163 4575 se
3203 4517 3415 4572 dissen.

204 4624 358 4686 siones
383 4630 456 4684 de
475 4629 599 4684 fidei
631 4627 920 4699 capitibus,
943 4625 1118 4681 autde
1143 4627 1265 4682 aliis
1286 4611 1450 4684 rebus
1501 4629 1882 4687 contentiones
1911 4646 1974 4687 ac
2018 4628 2308 4687 discordiae
2332 4627 2714 4697 ,exstiterunt,
2749 4617 2998 4677 eumdem
3053 4614 3146 4668 ille
3181 4611 3237 4665 in
3281 4618 3411 4662 nar-

209 4720 347 4776 rando
373 4731 560 4780 servat
583 4721 971 4778 dissimulandi
997 4721 1240 4777 modum.

859 4886 1091 4943 Joannes
1122 4887 1364 4946 Zonaras
1389 4891 1596 4949 intomo
1611 4889 1834 4961 Ill,ubi
1861 4908 1944 4947 res
1976 4899 2149 4962 gestas
2187 4886 2525 4945 Constantini
2557 4883 2734 4955 refert.

261 5041 351 5102 Ἦν
385 5051 441 5103 δέ
489 5049 613 5102 τότε
651 5047 758 5102 τῶν
786 5049 853 5100 τὰ
895 5049 1102 5120 Ἀρείου
1153 5049 1558 5120 πρεσϐευόντων
1590 5051 1683 5104 καὶ
1718 5052 1743 5104 ό

1904 5044 2038 5112 ΑΙ·ἰί
2086 5053 2289 5100 sectam
2321 5049 2433 5096 tum
2466 5041 2876 5111 amplexahatur
2925 5034 3091 5091 etiam
3145 5030 3416 5087 Eusebius

212 5133 458 5209 Παμφῦρυ
493 5139 773 5206 Εὐσέϐιος,
805 5141 902 5212 τῆς
937 5142 995 5193 ἐν
1045 5141 1375 5215 Παλαιστίνῃ
1411 5141 1745 5214 Καισαρείας

210 5234 450 5299 τυγχάνων
479 5232 777 5296 ἐπίσκοπος
798 5249 810 5262 ·
848 5232 906 5296 ὃς
941 5233 1233 5304 μετέπειτα
1278 5233 1492 5303 λέγεται
1516 5235 1748 5304 ἀποστῆ-

213 5333 278 5372 νιι
299 5325 387 5394 τῆς
425 5325 523 5378 τοῦ
563 5325 770 5397 Ἀρείου
804 5325 980 5398 δόξης,
1015 5328 1108 5380 καὶ
1153 5328 1603 5399 ὁμογνωμονῆσαι
1635 5330 1747 5391 τοῖς

215 5418 443 5472 συναῖδιον
477 5419 568 5472 τὸν
601 5417 729 5472 Υἰὸν
765 5420 857 5472 καὶ
897 5419 1180 5490 όμοούσιον
1202 5420 1278 5492 τῷ
1321 5423 1495 5494 Πατρὶ
1539 5421 1746 5491 δογμαα-

217 5503 398 5577 τίζουσι,
427 5513 524 5567 καὶ
562 5512 816 5582 δεχθῆναι
845 5511 994 5583 παρά
1028 5513 1137 5566 τῶν
1179 5514 1348 5582 ἁγίων
1376 5513 1636 5585 Πατέρων
1668 5513 1747 5575 είς

218 5605 485 5657 κῦινωνίανο
521 5605 724 5676 μᾶλλον
761 5605 942 5676 μέντοι
971 5607 1028 5658 ἐν
1059 5605 1136 5676 τῷ
1162 5606 1446 5678 πρακτικῷ
1475 5606 1573 5677 τῆς
1599 5603 1746 5676 πρῶ-

218 5697 290 5758 της
327 5698 539 5751 συνόδου
585 5698 681 5751 καὶ
725 5697 1056 5768 ὑπερμαχῶν
1100 5699 1325 5769 εὓρηται
1371 5698 1477 5752 τῶν
1519 5694 1744 5751 πιστῶν.

271 5891 334 5965 (ε)
364 5896 422 5953 id
448 5904 532 5954 est
565 5896 705 5966 apud
746 5896 1020 5953 Gelasium
1052 5897 1394 5969 Cyzicenum.

1853 5137 2197 5210 Pamphilus,
2229 5134 2490 5190 Caesarea:
2513 5131 2815 5187 Palaestinae
2835 5127 3148 5199 episc0pus;
3177 5123 3270 5196 qui
3294 5131 3414 5194 post

1851 5230 2152 5288 descivisse
2207 5227 2410 5282 dicitur
2439 5227 2507 5280 ab
2537 5224 2739 5278 Ariana
2795 5220 3070 5292 Opinione,
3103 5227 3155 5274 et
3185 5233 3416 5273 consen-

1852 5326 1992 5381 sisse
2019 5337 2142 5377 cum
2167 5320 2235 5377 iis
2253 5320 2344 5391 qui
2372 5303 2564 5372 Filium
2585 5315 2736 5370 Patri
2765 5312 3113 5384 coaequalem,
3144 5309 3416 5381 ejusdem-

1853 5433 1960 5489 que
1992 5423 2204 5471 naturae
2233 5429 2356 5469 esse
2390 5413 2607 5476 docent,
2649 5417 2704 5464 et
2752 5423 2782 5460 a
2812 5405 3018 5462 sanctis
3060 5403 3316 5458 Patrihus
3346 5399 3413 5455 ad

1853 5509 2292 5564 communionem
2325 5508 2592 5572 receptus.
2630 5498 2686 5553 In
2709 5498 2862 5555 Actis
2892 5504 3070 5552 autem
3102 5494 3262 5566 primi
3284 5509 3437 5572 con-l

1852 5602 1965 5658 cilii
1993 5602 2156 5656 etiam
2214 5596 2414 5652 acriter
2443 5591 2754 5647 defendisse
2785 5589 2972 5645 fideles
3002 5587 3254 5642 traditur.
3291 5581 3418 5638 llaec

1855 5698 1934 5752 sic
1975 5710 2004 5749 a
2052 5691 2331 5751 nonnullis
2359 5687 2605 5761 exposita
2633 5685 2980 5758 reperiuntur
3022 5680 3124 5757 (a),
3153 5694 3272 5752 quae
3301 5678 3418 5748 ipse
