3924 6266
469 453 565 509 '95
1380 448 1718 511 VETERUM
1757 450 2174 508 TESTIMONIA
2212 447 2491 506 CONTRA
2530 443 2896 515 EUSEBIIJM.
3713 437 3796 492 96

497 572 553 625 in
584 570 957 624 Ecclesiastica
981 584 1078 625 sua
1127 571 1348 625 historia
1400 575 1573 644 magis
1616 577 1866 647 ambigua
1898 576 2046 631 facit.

2248 591 2307 626 τω
2342 573 2437 643 μὲν
2467 564 2560 623 οὖν
2595 571 2764 624 ταῦτα
2808 566 3161 639 ἱστορούμενα
3192 566 3341 637 παρά
3370 581 3547 619 τινων
3594 560 3797 632 εὓρη-

495 659 554 713 ln
595 659 795 729 quibus
839 660 996 715 libris
1025 676 1166 731 saepe
1204 675 1327 715 cum
1362 660 1493 716 Ario
1522 664 1708 720 facere
1749 666 2023 736 deprelien

2247 683 2280 716 χο
2317 660 2587 735 ἀμφίϐολα
2618 661 2663 715 δ’
2686 663 2887 724 ἐκεῖνος
2912 659 3068 719 αὐτὰ,
3097 659 3162 712 δι’
3192 652 3267 713 ὧν
3297 657 3358 709 ἐν
3381 660 3446 729 τῇ
3488 657 3796 718 Ἐκκλη-

495 752 663 806 ditur.
688 753 765 807 Ac
788 754 969 809 statim
1003 755 1061 809 in
1081 755 1205 809 libri
1233 756 1521 827 principio,
1568 757 1823 814 Davidem
1854 761 2044 822 citans,

2241 755 2456 825 αστικῇ
2485 755 2717 823 ἱστορίᾳ
2740 753 2963 824 εὓρηται
2999 749 3466 824 συγγραψάμενος,
3519 745 3754 816 τίθησι
3775 761 3790 774 ·

498 843 616 913 Ipse
662 845 801 897 dixit
843 854 892 898 et
935 846 1080 915 facta
1117 856 1274 909 sunt,
1312 849 1423 916 ipse
1472 849 1739 904 mandavit
1777 859 1827 905 et
1876 859 2047 905 creata

2245 848 2426 920 κλαχοῦ
2460 846 2568 918 γὰρ
2600 848 2658 899 ὲν
2690 844 2767 915 τῷ
2795 843 3065 916 εἰρημένῳ
3095 842 3484 913 συγγράμματι
3530 840 3794 909 ’Apeta.-

495 937 683 994 sunt'.
738 937 815 990 ait
845 935 1060 990 Patrem
1095 948 1149 993 et
1177 940 1437 993 factorem
1465 979 1479 1005 ,
1527 955 1626 1009 pro
1680 942 1960 997 conditore
1993 958 2044 996 ac

2244 947 2325 996 ’ων
2360 940 2833 1012 καταλαμϐάνεται
2853 954 2867 968 ο
2891 936 3090 990 αὐτίκα
3122 935 3247 1007 περί
3276 950 3378 987 που
3415 933 3519 1003 τὴν
3573 930 3793 1002 ἀρχὴν

495 1023 633 1078 duce
666 1025 903 1080 universi
935 1026 1144 1090 haberi,
1170 1029 1262 1097 qui
1292 1028 1442 1099 regio
1476 1037 1613 1083 nutu
1671 1030 1930 1101 imperet.
1968 1047 2044 1087 se-

2238 1032 2486 1103 iﬁt6kiou
2517 1031 2608 1084 τὸν
2636 1027 2797 1081 Δαϐὶδ
2816 1027 3049 1097 εἰσάγων
3077 1025 3329 1095 λέγοντα,
3356 1024 3571 1090 Αὐτὸς
3602 1023 3787 1085 εἷπε,

495 1114 736 1169 cundum
768 1123 950 1171 autem
983 1118 1051 1172 ab
1081 1133 1145 1173 eo
1181 1119 1423 1179 divinum
1451 1119 1686 1175 Verbum
1722 1129 1945 1191 paterna
1960 1137 2044 1175 ex-

2237 1125 2253 1177 l
2268 1120 2843 1195 ὲγενήθησανπὺτύς
2858 1119 3212 1183 ἐνετείλατο,
3227 1117 3323 1172 καὶ
3335 1117 3783 1183 ἐκτίσθησαν,

496 1204 650 1273 sequi
673 1203 850 1272 jussa.
898 1205 1027 1260 Poet
1053 1209 1305 1263 nonnulla
1351 1209 1475 1263 item
1504 1209 1651 1277 dicit,
1693 1211 1822 1266 huic
1860 1219 1920 1267 ut
1954 1211 2045 1265 Pa-

2238 1219 2291 1270 ol.
2322 1216 2413 1269 τὸν
2449 1214 2547 1286 μὲν
2584 1215 2800 1283 Πατέρα
2840 1210 2932 1264 καὶ
2976 1209 3223 1280 ποιητὴν,
3243 1208 3317 1271 ὼς
3372 1206 3630 1278 ποιητὴν
3674 1205 3782 1259 καὶ

495 1296 597 1350 tris
619 1298 875 1366 potentite
897 1307 950 1353 et
982 1301 1280 1370 sapientiae,
1305 1302 1577 1358 secundas
1610 1312 1793 1375 partes
1820 1305 1972 1377 regni
2005 1316 2044 1361 el

2228 1308 2509 1379 ινηγεμόνα
2535 1304 2868 1377 νομίζεσθαι,
2904 1301 3164 1373 βασιλικῷ
3180 1300 3599 1371 προστάττοντα.
3630 1296 3777 1350 νεύ-

495 1385 706 1457 imperii
760 1388 815 1441 in
867 1404 1056 1445 omnes
1087 1405 1209 1446 esse
1242 1392 1499 1449 creditas.
1546 1393 1607 1447 Et
1635 1396 1796 1464 paulo
1824 1407 1940 1465 post
1969 1397 2044 1451 ite-

2227 1419 2321 1455 ιτι·
2355 1401 2447 1454 τὸν
2479 1400 2535 1453 δὲ
2566 1399 2755 1452 τούτου
2786 1394 3169 1466 δευτερεύοντα
3202 1391 3341 1446 θεῖον
3382 1391 3594 1460 Λόγον,
3638 1393 3776 1451 ταῖς

496 1492 649 1531 rum:
681 1479 759 1534 Ac
793 1494 916 1535 esse
945 1493 1195 1535 naturam
1240 1485 1552 1552 quamdam,
1586 1502 1706 1557 qua:
1735 1496 1859 1543 ante
1900 1504 2045 1543 mun-

2231 1497 2444 1565 frptxaig
2495 1488 2866 1562 ὑπουργοῦντα
2898 1488 3203 1554 ἐπιταγαῖς.
3256 1483 3365 1537 Καὶ
3417 1481 3586 1552 μετά
3625 1498 3780 1535 τινα

497 1567 625 1621 dum
658 1570 852 1624 vixerit
880 1579 933 1625 et
956 1571 1280 1640 substiterit,
1309 1589 1373 1627 ac
1414 1573 1527 1629 Deo
1550 1589 1613 1630 ac
1634 1575 1780 1629 Patri
1814 1576 2046 1632 universi

2231 1601 2336 1653 γει,
2364 1582 2552 1637 τοῦτον
2576 1581 2774 1633 ὡσανεὶ
2799 1576 2892 1631 τοῦ
2916 1575 3125 1646 Πατρὸς
3159 1574 3472 1644 ὑπάρχοντα
3501 1571 3776 1641 δύναμιν

498 1658 552 1713 in
576 1674 755 1715 rerum
784 1661 1047 1716 factarum
1071 1663 1289 1732 Opiﬁcio
1340 1666 1684 1721 ministrarit.
1709 1666 1775 1720 Et
1798 1666 2047 1723 Salomon

2225 1676 2250 1728 ῗι
2286 1675 2501 1745 σοφίαν,
2536 1674 2628 1727 καὶ
2655 1672 2725 1726 τὰ
2758 1670 3034 1740 δευτερεῖα
3064 1668 3162 1737 τῆς
3196 1666 3338 1719 κατὰ
3369 1666 3607 1719 πάντων
3660 1662 3774 1733 βα-

495 1750 598 1805 sub
641 1765 875 1820 persona
911 1755 1191 1823 sapientia:
1220 1753 1316 1810 Dei
1350 1756 1459 1810 ait:
1513 1756 1772 1810 Dominus
1821 1758 2044 1813 condidit

2222 1767 2359 1829 leid;
2381 1768 2475 1820 καὶ
2510 1765 2685 1837 ἀρχῆς
2717 1758 3246 1834 ὲμπεπιστευμένον*
3278 1758 3375 1811 καὶ
3401 1754 3595 1823 αὖθις
3619 1756 3771 1825 μετ’

493 1857 574 1894 me
603 1842 916 1910 principium
951 1843 1152 1897 viarum
1211 1861 1429 1899 suarum
1458 1846 1501 1913 ⁸,
1549 1855 1659 1901 etc.
1692 1844 1894 1900 Deinde
1938 1863 2042 1916 post

2223 1860 2351 1928 ειτα·
2384 1859 2494 1911 Καὶ
2513 1858 2595 1912 ὅτι
2621 1856 2764 1908 ἔστιν
2787 1852 2945 1906 οὐσία
2975 1868 3058 1913 τις
3078 1850 3427 1921 προκόσμιος,
3456 1847 3634 1912 ζῶσα
3663 1849 3772 1901 καὶ

495 1933 605 1986 alia
628 1933 781 2000 plura
819 1934 1019 2001 infert:
1056 1934 1118 1988 Et
1162 1952 1327 2006 super
1363 1938 1478 1992 haec
1526 1940 1710 1993 omnia
1765 1940 1907 1994 sicut
1955 1938 2044 1994 Dei

2218 1946 2462 2011 ›εστῶσα,
2484 1950 2517 2017 ἡ
2544 1946 2620 2017 τῷ
2643 1946 2760 2017 Θεῷ
2782 1945 2875 1999 καὶ
2902 1941 3077 2013 Πατρὶ
3098 1941 3203 1994 τῶν
3233 1941 3367 1995 ὅλων
3392 1943 3471 2005 εἰς
3500 1942 3617 2013 τὴν
3642 1940 3767 1993 τῶν

491 2022 751 2088 Verbum,
774 2026 919 2094 quod
949 2033 1074 2080 ante
1108 2027 1209 2081 fuit
1255 2037 1309 2083 et
1338 2038 1466 2085 ante
1508 2030 1707 2085 Saecula
1745 2031 1928 2085 omnia
1967 2031 2040 2086 far

2220 2038 2395 2110 νητῶν
2419 2038 2776 2109 δημιουργίαν
2798 2033 3276 2106 ὑπηρετησαμένη.
3294 2033 3402 2086 Καὶ
3422 2034 3450 2085 ὁ
3474 2030 3767 2102 Σολομὼν

490 2123 641 2169 ctum
695 2126 797 2179 est,
857 2118 1222 2174 venerabilem
1252 2119 1512 2175 honorem
1538 2137 1571 2174 a
1600 2120 1711 2176 Deo
1732 2120 1891 2178 Patre
1923 2122 2039 2177 ade~

2215 2146 2297 2197 γει
2329 2129 2602 2201 προσώπῳ
2635 2131 2731 2201 τῆς
2755 2129 2848 2183 τοῦ
2875 2128 3010 2183 Θεοῦ
3036 2128 3223 2199 σοφίας
3242 2143 3255 2156 ’
3291 2126 3503 2193 Κύριος
3521 2121 3764 2178 ἔκτισέ

489 2213 662 2275 ptum,
705 2208 919 2262 adorari
953 2216 1209 2279 tanquam
1238 2210 1429 2268 Deum.
1452 2212 1579 2267 Haec
1614 2220 1668 2268 et
1697 2215 1801 2268 alia
1828 2214 2038 2270 demon-

2217 2220 2446 2289 ιάρχὴν
2475 2220 2629 2275 ὁδῶν
2677 2222 2884 2283 αὑτοῦ,
2917 2221 3011 2275 καὶ
3057 2219 3201 2289 ἑξῆς.
3250 2219 3359 2272 Kal
3380 2218 3517 2313 μεθ’
3554 2216 3766 2313 ἕτερα

489 2305 669 2352 strant
720 2298 1014 2355 Eusebium
1062 2301 1264 2357 Ariana
1309 2304 1562 2374 dogmata
1608 2306 1910 2376 probasse;
1943 2307 2038 2362 nisi

2185 2312 2407 2365 πλείονα
2427 2312 2660 2381 φάσκει·
2690 2314 2781 2366 καὶ
2814 2314 2903 2366 ἐπὶ
2927 2313 3059 2367 πᾶσι
3076 2309 3306 2375 τούτοις,
3350 2305 3436 2362 οἷα
3454 2307 3604 2362 θεοῦ
3651 2307 3734 2360 Λό

487 2387 612 2457 quis
638 2390 803 2456 dicat,
835 2391 889 2445 id
927 2408 1065 2463 opus
1088 2401 1213 2450 ante
1249 2397 1663 2452 conversionem
1691 2397 1760 2452 ab
1788 2412 1853 2452 eo
1881 2396 2036 2454 fuisse

2181 2417 2249 2453 'ov
2284 2402 2522 2475 προόντα
2544 2405 2640 2457 καὶ
2671 2401 3013 2474 προκαίώνων
3048 2403 3302 2459 ἁπάντων
3348 2400 3730 2470 ούσιωμένων

399 2532 402 2536 Α
487 2481 886 2553 conscriptum.

2203 2492 2367 2565 ’.-νρν]
2415 2495 2510 2565 τὴν
2541 2495 2832 2564 σεϐάσμιον
2864 2496 3028 2566 τιμὴν
3050 2495 3198 2567 παρὰ
3220 2493 3314 2548 τοῦ
3339 2491 3552 2565 Πατρὸς
3585 2491 3752 2563 εἰλη-

490 2572 645 2639 φότα,
678 2575 1094 2645 προσκυνεῖσθαι
1118 2578 1265 2632 ὼσὰν
1289 2579 1628 2634 Θεόν,Ταῦτα
1656 2580 1748 2633 καὶ
1764 2579 1995 2652 ἕτεραδὲ
2018 2584 2130 2648 τοῖς
2170 2585 2561 2657 Ἀρειανίζουσι
2585 2587 2818 2657 δόγμασι
2848 2586 3178 2640 δεικνύουσιν
3203 2585 3479 2657 ὁμόφρονα
3505 2583 3606 2639 τὸν
3635 2583 3751 2637 Εὐ-

489 2662 694 2720 σέϐιον·
744 2667 791 2719 εἰ
823 2671 896 2739 μή
938 2687 1021 2734 τις
1062 2670 1197 2742 φαίη
1230 2672 1334 2743 πρὸ
1375 2673 1473 2743 τῆς
1524 2675 1853 2746 ἐπιστροφῆς
1901 2675 2049 2746 αὑτῷ
2076 2677 2373 2749 πον-τιθῆναι
2403 2678 2605 2732 τούτων
2643 2680 2742 2750 τὴν
2775 2681 3114 2751 συγγραφήν.

1463 2851 1727 2906 Batonius
1756 2850 1826 2906 ad
1855 2869 2053 2908 annum
2111 2852 2310 2910 Christi
2339 2855 2465 2921 διο,
2502 2872 2617 2926 cap.
2656 2856 2745 2911 58.

553 3026 713 3085 Certe
747 3028 1001 3088 Socrates
1025 3032 1241 3089 dealbat
1271 3033 1602 3106 Ethiopem,
1649 3036 1778 3092 dum
1804 3036 1998 3092 nititur
2030 3038 2207 3109 ipsum
2239 3040 2532 3098 Eusebium
2560 3042 2628 3097 ab
2656 3040 2857 3095 Ariana
2892 3040 3089 3095 haeresi
3118 3053 3408 3102 excusare,
3450 3052 3516 3091 ac
3560 3039 3739 3109 plane

481 3120 779 3177 immunem
813 3125 1058 3181 reddere.
1086 3125 1205 3196 lpse
1234 3130 1380 3182 enim
1417 3127 1687 3184 Eusebius
1706 3128 1836 3182 licet
1857 3129 2095 3196 tandem,
2124 3140 2184 3186 ut
2217 3134 2531 3203 imperatori
2561 3147 2766 3186 morem
2805 3137 3039 3201 gereret,
3071 3129 3291 3183 Niczeno
3323 3129 3555 3183 concilio
3590 3128 3735 3182 sub-

483 3213 817 3284 scripsisset,
851 3216 1041 3275 iisdem
1056 3221 1227 3290 plane
1264 3221 1518 3277 sordibus
1545 3223 1725 3279 sciens
1750 3224 2046 3294 volensque
2094 3228 2310 3299 turpius
2339 3228 2655 3298 inquinatus
2693 3235 2796 3290 est,
2833 3235 2891 3280 ut
2921 3241 3017 3280 sus
3044 3226 3154 3278 lota
3184 3225 3241 3279 in
3268 3224 3559 3280 volutabra
3596 3222 3731 3291 luti,

479 3314 533 3359 et
561 3317 619 3361 ut
651 3311 803 3365 canis
840 3311 908 3365 ad
939 3313 1199 3368 vomitum
1228 3330 1385 3370 suum
1420 3332 1689 3372 reversus.
1713 3316 1862 3371 Adeo
1886 3325 1944 3371 ut
1980 3319 2158 3389 qualis
2197 3321 2313 3391 ipse
2345 3321 2508 3377 fuerit
2534 3334 2708 3391 usque
2756 3322 2823 3376 ad
2852 3320 2994 3376 diem
3023 3319 3229 3383 obitus,
3265 3334 3372 3373 non
3402 3319 3474 3374 sit
3496 3316 3734 3371 aliunde

479 3401 851 3466 quaerendum,
876 3418 1038 3472 quam
1072 3419 1134 3458 ex
1164 3406 1325 3462 rebus
1360 3416 1482 3478 post
1502 3408 1778 3465 Nicaanum
1813 3413 2105 3467 concilium
2135 3414 2203 3467 ab
2232 3429 2297 3468 eo
2324 3417 2511 3485 gestis,
2535 3415 2765 3485 singulis
2787 3413 2955 3469 ferme
2986 3413 3145 3467 annis
3170 3413 3420 3482 superius
3448 3409 3727 3464 recitatis.

484 3489 551 3545 Ut
581 3500 761 3549 autem
784 3505 1009 3552 excuset
1039 3498 1187 3551 illum
1214 3500 1282 3553 ab
1317 3503 1517 3579 Ariana
1554 3503 1771 3571 haeresi,
1801 3506 1933 3560 citat
1965 3505 2133 3562 libros
2162 3507 2229 3562 ab
2257 3524 2322 3562 eo
2346 3508 2581 3579 scriptos
2606 3518 2800 3564 contra
2859 3508 3173 3563 Marcellum
3203 3507 3557 3577 Ancyranum
3586 3503 3713 3573 epi-

480 3600 725 3655 scopum,
779 3590 1079 3660 reeitatque
1102 3607 1170 3645 ex
1206 3593 1312 3647 illis
1343 3574 1646 3663 fragmenta
1687 3598 1936 3667 quaedam
1990 3600 2191 3669 quibus
2239 3574 2668 3664 demonstratur,
2713 3615 2832 3654 eam
2860 3600 2928 3654 de
2954 3598 3094 3653 Filio
3128 3598 3222 3653 Dei
3252 3574 3469 3652 Eusebii
3525 3596 3710 3651 fuisse

479 3681 822 3749 sententiam,
847 3690 907 3736 ut
940 3685 1153 3754 negarit
1177 3685 1353 3755 ipsum
1381 3703 1504 3743 esse
1528 3698 1859 3754 creaturam,
1892 3700 2149 3762 tanquam
2190 3708 2352 3746 unam
2377 3708 2442 3748 ex
2468 3694 2691 3762 reliquis
2720 3693 3017 3755 creaturis,
3051 3706 3117 3745 ex
3172 3690 3344 3744 nihilo
3367 3704 3398 3742 a
3428 3687 3540 3743 Deo
3562 3699 3723 3743 crea-

475 3768 567 3822 tis.
634 3767 833 3823 Verum
864 3772 992 3825 dum
1018 3773 1209 3828 nititur
1242 3792 1311 3831 ex
1335 3777 1419 3833 his
1443 3777 1738 3835 Eusebium
1779 3800 2033 3854 purgare,
2062 3793 2248 3855 aperte
2282 3784 2575 3855 signiticet,
2601 3800 2659 3838 se
2692 3784 2808 3836 Arii
2839 3791 2893 3838 et
2920 3782 3249 3835 Arianorum
3278 3779 3501 3834 hairesis
3559 3778 3721 3848 laby—

477 3857 720 3913 rinthum
746 3862 971 3917 minime
1003 3873 1339 3934 penetrasse.
1373 3869 1439 3923 Et
1468 3873 1626 3939 paulo
1657 3886 1774 3944 post
1805 3893 1823 3930 :
1853 3877 2120 3931 Czeterum
2157 3876 2375 3931 Eusebii
2406 3875 2674 3946 Pamphili
2724 3873 3168 3935 inconstantiam,
3196 3882 3250 3927 et
3282 3877 3403 3942 post
3428 3870 3719 3924 Nicaenum

476 3949 788 4015 concilium,
816 3954 972 4021 cujus
1004 3957 1125 4012 lidei
1154 3961 1353 4029 regula:
1412 3965 1835 4037 subscripserat,
1862 3969 1929 4025 ad
1959 3984 2176 4024 errores
2212 3971 2476 4039 pristinos
2517 3968 2751 4024 reditum
2797 3967 3052 4038 suggillat
3110 3965 3309 4035 saepius
3338 3964 3715 4028 Athanasius;

476 4057 710 4112 eumque
743 4045 1081 4105 demonstrat
1107 4053 1162 4106 in
1190 4051 1408 4109 Nicamo
1455 4061 1687 4115 concilio
1715 4070 1972 4131 tanquam
2010 4061 2283 4116 ludionem
2312 4063 2370 4116 in
2409 4077 2574 4118 scena
2601 4062 2832 4129 lusisse,
2862 4060 3052 4114 habitu
3079 4058 3353 4112 catholico
3404 4053 3709 4124 super'in-

475 4134 678 4202 ducto;
708 4152 888 4206 quem,
917 4131 1171 4211 egressus
1200 4146 1346 4213 inde,
1403 4164 1631 4214 exuens,
1665 4168 1977 4222 personam,
2009 4171 2261 4225 quianam
2301 4164 2465 4220 esset,
2501 4156 2557 4209 in
2587 4156 2863 4216 omnibus,
2898 4160 2957 4206 ut
2987 4153 3062 4204 ait
3107 4149 3470 4219 Epiphanius,
3504 4163 3622 4216 Dm
3654 4164 3718 4204 Se

474 4226 619 4284 tulit.
646 4228 795 4284 Adeo
814 4243 869 4287 ut
900 4234 1040 4289 idem
1070 4235 1338 4294 Eusebius
1366 4240 1601 4297 Eusebio
1631 4243 2036 4301 Nieomediensi
2071 4248 2424 4316 conjunclus,
2480 4248 2604 4319 biga
2635 4245 2926 4316 impietatis
2957 4242 3131 4298 eﬂ‘cCti
3171 4243 3353 4305 ambo,
3391 4242 3509 4311 pari
3537 4256 3713 4295 cursu

469 4322 524 4371 ct
559 4319 781 4390 impetu,
818 4324 1115 4394 impulsore
1146 4346 1377 4400 nequam
1427 4334 1624 4402 spiritu
1651 4338 1862 4404 agitati,
1900 4337 1955 4391 in
1990 4354 2149 4393 suum
2175 4340 2419 4409 ipsorum
2444 4348 2499 4395 et
2517 4339 2750 4393 aliorum
2776 4338 3075 4392 exitiumiu
3104 4352 3342 4407 pmceps
3371 4334 3535 4390 delati
3559 4335 3700 4389 sint.

472 4410 544 4466 Ut
574 4429 682 4469 non
715 4417 986 4475 immerito
1020 4425 1280 4493 appellari
1309 4428 1424 4497 ipse
1459 4429 1727 4486 Eusebius
1770 4431 2124 4488 Caesariensis
2154 4434 2411 4488 meruerit
2452 4448 2481 4487 a
2512 4443 2705 4487 sancto
2735 4432 3063 4503 Hieronymo
3089 4438 3142 4484 et
3172 4430 3314 4492 aliis,
3342 4428 3557 4482 Arianae
3612 4424 3699 4479 fa-

469 4506 669 4563 ctionis
695 4511 943 4581 signifer,
973 4529 1342 4588 propugnator
1367 4525 1765 4591 apertissimus,
1795 4533 1848 4579 et
1874 4525 2014 4579 inter
2057 4526 2289 4582 Arianos
2332 4526 2489 4580 facile
2517 4526 2794 4604 princeps.
2833 4525 3003 4595 Cujus
3032 4533 3085 4581 et
3105 4523 3419 4580 memoriam
3447 4520 3583 4574 adeo
3612 4532 3714 4571 ex—

470 4606 682 4651 secrata
712 4607 796 4654 est
823 4601 1039 4657 Nicaana
1087 4608 1330 4676 synodus
1367 4611 1629 4678 secunda,
1684 4620 1743 4667 ut
1771 4614 1930 4683 plane
1961 4629 2082 4668 eum
2130 4614 2243 4685 jam
2299 4601 2592 4672 defendere
2620 4618 2776 4682 velle,
2806 4617 2943 4671 nihil
2977 4615 3125 4670 aliud
3157 4612 3579 4670 existimandum
3608 4609 3708 4673 sit,

468 4704 631 4759 quam
661 4691 959 4750 Ecclesiam
1007 4699 1328 4755 catholicam
1365 4703 1703 4775 impugnare.
1738 4705 1894 4761 Unde
1923 4714 1977 4761 et
2001 4709 2205 4777 pudere
2239 4708 2451 4764 Sixtum
2501 4718 2772 4780 oporteat,
2805 4710 2937 4765 dum
2969 4711 3232 4765 adversus
3265 4708 3510 4762 omnium
3560 4707 3708 4761 anti-

466 4795 698 4849 quorum
729 4781 949 4840 Patrum
979 4792 1297 4854 sententias,
1327 4797 1505 4862 ipsum
1548 4795 1842 4851 Eusebium
1871 4800 2205 4856 catholicum
2235 4816 2553 4856 asseverare
2577 4818 2686 4856 non
2716 4801 2929 4856 dubitat
2954 4818 2968 4867 ;
3001 4815 3122 4854 cum
3169 4798 3361 4869 frigide
3386 4813 3511 4853 eum
3531 4813 3703 4851 excu-

467 4888 615 4939 sans,
647 4875 868 4934 Eusebii
900 4879 1333 4940 Nicomediensis
1357 4904 1479 4944 esse
1509 4891 1697 4955 tradit,
1730 4891 1879 4961 quod
1928 4895 2135 4950 erroris
2187 4895 2483 4949 ascribitur
2534 4894 2771 4951 Eusebio
2823 4894 3091 4965 Pamphili
3120 4914 3131 4948 :
3190 4893 3412 4964 perinde
3438 4908 3499 4947 ac
3530 4893 3575 4949 si
3602 4909 3700 4948 eo-

464 4968 711 5024 rumdem
736 4970 958 5027 Patrum
983 4978 1263 5033 sententia:
1295 4978 1363 5033 dc
1393 4982 1580 5036 eodem
1604 4984 1870 5055 ambigua:
1897 4986 2029 5050 sint,
2065 5001 2128 5042 ac
2159 4987 2226 5041 de
2258 4987 2495 5043 Eusebio
2527 4986 2927 5042 Nicomediensi
2956 4988 3164 5056 possint
3193 4986 3557 5055 interpretari.
3579 4986 3702 5042 Uti-

465 5074 589 5114 nam
618 5064 697 5117 vel
726 5066 954 5137 exiguus
982 5070 1175 5124 saltem
1205 5071 1327 5140 ejus
1361 5076 1663 5129 excusandi
1698 5077 2100 5148 relinqueretur
2122 5081 2296 5135 locus.
2331 5079 2502 5146 Quam
2538 5080 2902 5135 libentissime
2936 5081 3052 5150 ipse
3083 5080 3377 5133 historicus
3407 5094 3503 5148 pro
3529 5080 3702 5135 histo-

465 5156 581 5209 rico
608 5155 931 5229 laborarem,
986 5162 1072 5216 cui
1106 5164 1271 5233 (quod
1304 5181 1497 5236 magna
1530 5166 1728 5224 fiducia
1776 5169 2007 5241 ingenue
2042 5170 2381 5243 profitemur)
2409 5171 2493 5226 vel
2519 5186 2585 5226 ex
2617 5187 2679 5227 ea
2704 5178 2859 5242 parte
2898 5170 3189 5241 plurimum
3232 5167 3475 5224 Ecclesia
3517 5168 3701 5222 catho-

463 5250 568 5305 lica
584 5250 762 5317 debet,
781 5255 924 5323 quod
953 5272 1131 5312 rerum
1162 5261 1656 5317 ecclesiasticarum
1702 5266 2104 5336 quamplurima
2132 5265 2356 5336 antiqua
2385 5277 2734 5321 monumenta
2759 5281 2955 5336 magno
2982 5267 3167 5320 labore
3193 5266 3445 5329 collecta,
3468 5262 3701 5318 ﬁdeliter

460 5346 700 5417 posteris
754 5349 1070 5405 tradiderit!
1113 5353 1219 5410 Ter
1247 5364 1547 5427 quaterque
1582 5357 1708 5413 felix
1744 5367 1823 5414 tot
1847 5359 2176 5431 percgrcgiis
2210 5360 2682 5415 lucubrationibus
2715 5360 2896 5422 editis,
2921 5359 3027 5414 nisi
3060 5375 3182 5414 cum
3209 5359 3459 5428 impietas
3492 5356 3699 5411 Ariana

456 5449 539 5495 tot
571 5439 849 5509 tantisque
874 5443 1125 5502 sordibus
1150 5451 1380 5519 turpiter
1404 5452 1748 5521 aspersissct,
1775 5460 1828 5509 et
1849 5461 1994 5517 ante,
2029 5454 2426 5524 persecutionis
2455 5462 2717 5524 tempore,
2753 5454 2940 5523 lapsus
2994 5468 3023 5505 a
3061 5453 3184 5521 fide,
3226 5451 3470 5507 eamdem
3516 5458 3699 5505 tanto-

457 5546 589 5603 pere
618 5529 1016 5590 labefactasset.
1053 5536 1205 5602 Quod
1230 5555 1358 5595 vero
1389 5540 1738 5612 simplicitate
1767 5546 2000 5614 quadam
2036 5553 2090 5601 et
2133 5560 2317 5600 rerum
2366 5544 2584 5600 inscitia
2624 5546 2678 5599 in
2713 5560 2814 5600 suo
2862 5543 3179 5599 Sanctorum
3220 5542 3459 5612 catalogo
3498 5540 3696 5597 Petrus

456 5626 601 5680 inter
631 5632 856 5680 sanctos
882 5629 1129 5684 eumdem
1158 5629 1452 5690 Eusebium
1482 5636 1688 5699 retulit,
1713 5644 1769 5689 et
1799 5652 1985 5692 errore
2027 5647 2188 5707 atque
2230 5638 2444 5693 incuria
2475 5639 2713 5708 quadam
2755 5639 2810 5693 in
2843 5635 3064 5707 aliquod
3089 5634 3535 5707 Martyrologium
3562 5634 3699 5690 irre-

452 5715 583 5784 psit,
619 5714 674 5768 in
702 5714 908 5767 nostris
936 5715 1004 5770 ad
1029 5717 1333 5776 Romanum
1363 5722 1805 5797 Martyrologium
1829 5727 1995 5794 notis,
2020 5728 2270 5798 pluribus
2296 5728 2553 5785 diximus.

527 5869 547 5901 ⁷
577 5867 669 5925 Ps.
707 5881 877 5935 xxx",
911 5867 964 5925 9.
1019 5864 1039 5896 ⁸
1062 5858 1227 5916 Pror.
1256 5884 1372 5944 γιιι²
1399 5875 1485 5929 9-2,
