3924 6266
199 358 259 416 97
1008 351 1342 409 VETERUM
1379 349 1799 406 TESTIMONIA
1838 349 2119 407 CONTRA
2159 348 2530 406 EUSEBIUM.
3338 349 3409 409 $3

1181 492 1420 563 Scaliger
1448 493 1502 544 in
1525 491 1763 547 Elencho
1783 491 2121 561 Trihmresii,
2144 508 2262 561 cap.
2294 490 2385 543 27.

258 649 525 712 Eusebius,
550 663 660 718 quo
690 647 877 705 nullus
899 649 1397 705 ecclesiasticorum
1420 658 1665 705 veterum
1698 651 1853 720 plura
1885 649 1953 704 ad
1978 648 2265 706 historiam
2298 646 2706 703 Christianismi
2737 644 2968 702 contulit
2995 663 3010 713 ;
3045 644 3229 702 nullus
3252 645 3407 716 plura

207 753 358 802 errata
383 744 433 797 in
465 743 689 813 scriptis
715 744 833 799 suis
851 743 1072 813 reliquit
1094 760 1109 810 ;
1128 743 1332 799 nullius
1368 744 1550 814 plures
1576 744 2031 799 hallucinationes
2054 748 2271 798 exstant
2304 741 2486 803 hodie,
2520 748 2630 796 etc.

831 896 979 953 Idem
1010 899 1064 952 in
1096 897 1229 952 libro
1256 913 1312 952 vr
1339 896 1414 953 De
1436 897 1818 953 emendatione
1852 905 2178 969 temporum,
2209 913 2325 967 cap.
2362 899 2415 962 1,
2442 897 2537 955 sub
2563 898 2740 967 ﬁnem.

263 992 454 1059 Quanto
478 992 742 1061 majorem
769 993 1102 1065 diligentiam
1136 1008 1200 1048 ac
1220 992 1489 1062 judicium
1524 992 1580 1047 in
1607 993 1776 1049 tantis
1806 993 1941 1047 viris
1971 994 2367 1057 desideramus,
2402 1003 2555 1053 tanto
2587 994 2887 1066 impensior
2927 993 3051 1047 data
3099 997 3183 1046 est
3215 1002 3403 1058 opera,

202 1096 255 1142 ut
294 1103 391 1141 non
432 1089 769 1160 negligenter
800 1090 1017 1145 illorum
1059 1091 1265 1160 scripta
1294 1104 1325 1143 a
1352 1091 1515 1145 nobis
1544 1090 1811 1160 legantur.
1864 1090 1996 1144 Nam
2046 1100 2100 1145 et
2128 1091 2286 1161 longe
2334 1090 2488 1160 plura
2522 1089 2887 1162 deprehendet
2925 1088 3094 1142 Icelor
3128 1083 3401 1145 eruditus,

203 1181 381 1249 majore
432 1183 615 1236 studio
642 1198 807 1253 quam
832 1183 1042 1253 judicio
1086 1185 1157 1240 ab
1188 1183 1426 1240 Eusebio
1458 1191 1513 1240 et
1542 1186 1667 1241 aliis
1702 1184 1978 1241 veteribus
2024 1186 2273 1241 collecta.
2328 1184 2440 1240 Nos
2484 1202 2649 1240 unum
2684 1193 2896 1240 tantum
2954 1182 3247 1238 Eusebium
3293 1179 3406 1234 dis-

200 1273 465 1338 cussimus,
491 1274 639 1344 quod
666 1277 803 1347 ipse,
834 1286 894 1331 ut
926 1277 1188 1343 diximus,
1215 1278 1460 1334 omnium
1490 1279 1710 1334 illorum
1750 1288 1995 1336 veterum
2032 1280 2280 1335 clausula
2308 1287 2412 1335 est.
2441 1279 2629 1351 Itaque
2680 1295 2849 1334 unum
2899 1278 3191 1333 Eusebium
3230 1275 3403 1339 noris,

200 1382 371 1423 omnes
398 1385 565 1426 1101⁵18.

201 1526 331 1582 Idem
363 1527 596 1599 Scaliger
629 1531 685 1584 in
710 1531 1290 1590 Animadversionibus
1322 1532 1390 1588 ad
1420 1533 1752 1590 Cbronicum
1782 1535 2169 1602 Eusebianum,
2195 1550 2315 1604 pag.
2347 1532 2402 1600 8,
2444 1548 2704 1603 exponens
2737 1531 2890 1586 verba
2918 1531 3014 1585 illa
3051 1530 3353 1600 Hieronymi
3385 1544 3407 1586 :

292 1665 311 1697 ι
342 1646 508 1713 Quam
542 1646 812 1705 Eusebius
838 1650 1002 1721 hujus
1034 1652 1285 1709 conditor
1312 1652 1460 1719 libri,
1498 1669 1607 1708 non
1633 1661 1743 1710 tam
1775 1654 2058 1724 ignorasse
2091 1660 2278 1724 utpote
2308 1651 2781 1713 eruditissimus,»
2836 1658 2969 1715 etc.,
2998 1650 3075 1705 ita
3107 1657 3257 1704 notat
3283 1664 3303 1702 :

256 1760 309 1815 Si
343 1763 745 1823 eruditissimus
774 1764 1055 1822 vocandus
1102 1768 1195 1840 qui
1243 1768 1412 1825 multa
1441 1770 1592 1841 legit,
1636 1785 1769 1827 sane
1798 1785 1961 1827 nemo
1993 1768 2069 1825 illi
2104 1770 2246 1825 hanc
2285 1768 2504 1825 laudem
2554 1766 2799 1822 invidere
2840 1772 3038 1836 potest.
3076 1764 3170 1818 Sin
3223 1770 3406 1819 autem

194 1854 235 1908 is
261 1852 656 1911 eruditissimus
684 1856 1067 1927 quijudicium
1095 1873 1219 1913 cum
1251 1860 1422 1914 multa
1454 1861 1688 1916 lectione
1741 1863 2060 1933 conjunxit,
2105 1861 2270 1915 alium
2321 1860 2503 1931 potius
2549 1874 2715 1931 quam
2772 1858 3063 1913 Eusebium
3106 1858 3408 1927 producere

194 1944 377 2000 debuit.

1425 2086 1619 2146 Suidas
1650 2090 1705 2144 in
1736 2105 1853 2145 voce
1877 2089 2153 2160 Διόδωρος.

246 2207 500 2277 Διόδωρος
528 2207 797 2278 μονάζων,
834 2208 890 2261 ἐν
922 2211 1034 2274 τοῖς
1064 2210 1275 2282 χρόνοις
1311 2211 1602 2266 Ἰουλιανοῦ
1649 2212 1743 2267 καὶ
1772 2218 1795 2274 Α

1920 2210 2184 2266 Diodorus
2210 2208 2534 2273 monachus,
2573 2207 2665 2279 qui
2697 2208 2990 2279 episcopus
3015 2207 3117 2263 fuit
3145 2209 3300 2266 Tarsi
3348 2213 3404 2268 in

192 2298 462 2364 ὓῦἁλεντος
486 2301 863 2371 ὲπισκοπήσας
893 2302 1118 2372 Ταρςῶν
1148 2303 1246 2374 τῆς
1274 2302 1543 2367 Κιλικίας.
1570 2296 1738 2367 Οὗτος

1855 2300 2058 2366 Cilicia,
2088 2298 2426 2369 temporibus
2479 2293 2677 2352 Iuliani
2709 2312 2773 2351 ae
2806 2293 3069 2352 Valentis.
3114 2296 3214 2351 llic
3254 2300 3404 2352 varia

194 2388 504 2460 ἔγραψεν,ὦς
520 2407 653 2460 φησι
664 2389 935 2462 Θεόδωρος
963 2390 1335 2462 Ἀναγνώστης
1346 2392 1403 2445 ὲν
1416 2394 1481 2461 τῇ
1499 2392 1739 2460 Ἐκκλη-

1853 2392 2064 2462 scripsit
2119 2391 2403 2460 opuscula,
2447 2398 2509 2444 ut
2547 2389 2715 2445 refert
2760 2389 3083 2444 Theodorus
3106 2387 3301 2444 Lector
3349 2392 3402 2445 in

195 2478 450 2549 σωσταῇ
471 2482 728 2550 ἱστορίᾳ,
752 2482 981 2553 διάφορα
999 2500 1011 2511 ·
1033 2483 1137 2535 εἰσὶ
1166 2483 1223 2535 δὲ
1269 2483 1394 2537 τάδε
1426 2486 1734 2552 Χρονικὸν,

1851 2482 2218 2537 Ecclesiastica
2258 2481 2542 2535 Historia:
2578 2483 2692 2537 haec
2747 2494 2932 2537 autem
2978 2481 3353 2536 inscribuntur
3386 2500 3400 2536 :

196 2567 543 2641 διορθούμενον
570 2569 633 2623 τὸ
657 2570 879 2640 σφάλμα
904 2569 1159 2623 Εὐσεὸίου
1180 2569 1273 2623 τοῦ
1294 2571 1579 2643 Παμφίλου
1610 2571 1736 2642 περὶ

1853 2574 2178 2639 Chronicum,
2212 2574 2268 2628 in
2290 2590 2398 2644 quo
2418 2573 2638 2630 Eusebii
2691 2572 2955 2646 Pamphili
3008 2573 3064 2627 in
3094 2572 3316 2644 digeren
3356 2576 3402 2631 is

194 2659 279 2717 ὢν
305 2659 530 2734 χρόνων.

1842 2667 2178 2737 temporibus
2192 2680 2349 2722 error
2375 2664 2696 2736 castigatur.
