3924 6266
505 337 573 392 99
1215 333 1481 390 EUSEBII
1516 328 1991 389 CA‘ZSARIE'NSIS
2029 327 2178 383 ΟΡΡ.
2216 327 2400 386 PARS
2435 329 2476 386 l.
2507 328 2994 386 —1us'romc.\.
3685 319 3814 371 100

508 586 3782 630 W

845 911 1889 1130 EUSEBII
2078 901 3386 1114 PAMPHILI

1486 1341 2163 1422 CJESARIENSIS
2233 1338 2701 1420 EPISCOPI

722 1666 2285 1847 CHRONICORUM
2373 1666 2956 1841 LIBRI
3043 1658 3493 1839 DUO

1061 2123 1156 2186 (Ex
1174 2123 1301 2173 edit.
1326 2126 1456 2188 Aug.
1483 2123 1597 2189 Mn,
1624 2122 1805 2187 Script.
1832 2130 1922 2176 vet.
1948 2137 2070 2176 nova
2095 2118 2336 2182 Collectio,
2359 2125 2476 2170 tom.
2501 2119 2632 2182 VIII,
2657 2119 2838 2179 Roma,
2860 2113 2999 2174 18335,
3022 2111 3148 2163 ιιι-4.
3172 2111 3193 2178 )

1791 2509 2474 2604 PIUEFATIO.

565 2794 696 2850 Post
738 2790 1004 2846 inventum
1048 2791 1263 2847 Eusebii
1306 2791 1702 2848 Chronicorum
1731 2790 1960 2858 priorem
1992 2785 2218 2852 librum,
2266 2802 2416 2856 quem
2461 2783 2642 2839 Latini
2678 2798 2870 2839 veteres
2911 2800 3176 2856 nunquam
3201 2781 3526 2848 habuerunt,
3560 2778 3750 2839 (ἔτιτδὶ

487 2885 606 2956 jam
657 2886 748 2938 diu
795 2883 1200 2950 desiderabant,
1233 2884 1470 2940 Armenii
1494 2883 1710 2955 denique
1747 2883 1861 2937 orbi
1895 2883 2272 2946 restituerunt,
2305 2881 2424 2936 dna:
2461 2880 2822 2934 tantummodo
2863 2880 3021 2934 totius
3053 2880 3218 2948 operis
3247 2878 3499 2932 editiones
3530 2887 3745 2932 curata.-

490 2990 648 3044 sunt,
683 2979 1093 3035 Mediolanensis
1140 2983 1375 3036 videlicet
1409 2990 1562 3049 atque
1617 2978 1858 3032 Veneta:
1888 2993 2040 3048 quaz,
2082 2977 2344 3047 separatis
2395 2976 2520 3030 locis
2559 2974 2847 3046 studiisque
2895 2977 3086 3044 facta,
3119 2971 3260 3026 haud
3303 2971 3461 3026 semel
3501 2970 3645 3023 inter
3689 2984 3752 3021 se

489 3074 793 3140 dissident,
839 3087 1024 3130 neutra
1059 3093 1178 3131 vero
1221 3077 1295 3131 vel
1341 3076 1410 3130 ad
1451 3091 1671 3145 unguem
1725 3074 1943 3127 elimata
1984 3071 2062 3126 vel
2106 3071 2334 3141 perfecta
2367 3081 2443 3126 est
2479 3088 2496 3125 :
2538 3085 2839 3141 quanquam
2869 3083 2958 3138 ego
2999 3065 3205 3121 Veneta:
3247 3065 3492 3127 editioni,
3521 3068 3746 3132 propter

492 3169 796 3226 Armeniaci
829 3179 996 3224 textus
1030 3170 1403 3242 doctorumque
1431 3169 1749 3224 scholiorum
1783 3169 2125 3232 comitatum,
2159 3167 2482 3236 praecipuum
2512 3165 2758 3219 honorem
2807 3173 2988 3234 sponte
3035 3161 3232 3230 defero.
3283 3158 3412 3225 Quae
3427 3172 3544 3211 cum
3573 3157 3660 3210 ita
3690 3172 3749 3210 se

489 3263 738 3329 habeant,
760 3281 1026 3335 nunquam
1067 3283 1170 3320 non
1195 3267 1368 3335 optavi
1403 3265 1609 3319 tertiam
1637 3263 1846 3318 deruunt
1876 3263 2136 3317 adornare
2161 3262 2440 3316 editionem
2460 3301 2474 3320 ,
2498 3276 2627 3331 quau
2643 3261 2820 3313 omnia
2849 3258 3175 3328 superiorum
3205 3254 3338 3307 bona
3363 3253 3742 3322 conjungeret,

489 3355 689 3412 mendis
719 3357 946 3411 exclusis
975 3357 1068 3411 :id
1098 3357 1234 3426 quod
1266 3357 1328 3412 de
1353 3358 1525 3426 priore
1549 3358 1841 3424 pra’serlim
1874 3356 2007 3410 libro
2038 3355 2238 3410 dictum
2270 3355 2374 3419 sit,
2417 3354 2510 3424 qui
2555 3353 2697 3406 unici
2741 3351 2936 3405 codicis
2974 3348 3274 3402 Armeniaci
3313 3345 3638 3400 auctoritate
3684 3349 3744 3398 et

495 3446 801 3502 Graecorum
842 3447 1260 3516 fragmentorum
1291 3446 1615 3500 adminiculo
1653 3447 1860 3499 nititur.
1892 3445 1959 3498 In
1993 3445 2282 3514 posteriore
2324 3453 2498 3496 autem
2531 3442 2661 3496 libro
2699 3444 2845 3513 longe
2877 3442 3030 3512 plura
3073 3441 3377 3511 adjumenta
3417 3443 3743 3506 suppetunt,

489 3537 674 3609 quibus
721 3540 982 3609 egregium
1028 3537 1243 3595 Eusebii
1295 3555 1423 3609 opus
1471 3539 1538 3591 ad
1584 3539 1852 3594 meliorem
1905 3539 2108 3608 frugem
2162 3553 2402 3593 revocare
2456 3537 2575 3591 licet
2626 3552 2646 3590 :
2692 3545 2814 3590 sunt
2857 3538 2992 3589 enim
3036 3536 3090 3588 in
3156 3535 3411 3589 Vaticana
3454 3529 3744 3598 Pontiﬁcis

491 3630 720 3705 Maximi
750 3631 1060 3686 bibliotheca
1086 3633 1392 3701 posterioris
1421 3631 1819 3687 Chronicorum
1853 3635 1978 3687 libri
2008 3639 2208 3688 codices
2238 3635 2355 3695 plus
2383 3633 2600 3703 viginti,
2625 3648 2751 3703 quos
2782 3631 2916 3684 inter
2945 3632 3146 3700 aliquot
3175 3639 3366 3684 veteres
3391 3635 3440 3681 et
3469 3634 3740 3695 praestan-

493 3728 708 3785 tissimi.
739 3727 1004 3781 Pra’terea
1050 3743 1167 3780 cum
1199 3726 1254 3779 in
1301 3724 1684 3781 Mediolanensi
1722 3743 1784 3780 ac
1821 3726 2012 3782 Veneta
2045 3731 2201 3782 unius
2246 3736 2446 3781 tantum
2481 3725 2694 3780 Eusebii
2733 3725 2886 3779 verba
2927 3725 3324 3785 contineantur,
3369 3735 3618 3790 magnum
3654 3727 3737 3772 est

493 3820 662 3889 operis
689 3818 1080 3882 detrimentum,
1114 3817 1252 3889 quod
1275 3819 1548 3886 permultis
1573 3827 1728 3890 atque
1755 3819 2028 3887 pra’claris
2057 3819 2117 3874 S.
2141 3818 2449 3889 Hieronymi
2474 3817 2846 3871 additamentis
2868 3825 3030 3870 caret.
3060 3814 3239 3884 Neque
3267 3815 3479 3882 ipsemet
3509 3809 3734 3864 Eusebii

495 3920 669 3966 textus
715 3912 768 3964 in
798 3910 1066 3980 praedictis
1097 3909 1416 3965 editionibus
1437 3950 1451 3973 ,
1484 3927 1599 3980 quae
1628 3925 1692 3964 ea:
1725 3911 2038 3965 Armeniaca
2065 3911 2239 3965 codice
2270 3920 2523 3983 manant,
2553 3911 2746 3981 integer
2777 3917 2853 3964 est
2889 3921 3042 3979 atque
3087 3905 3324 3960 illibatus
3357 3905 3584 3959 :etenim
3618 3904 3738 3957 luce

495 4003 789 4058 meridiana
828 4004 1025 4057 clarius
1063 4012 1172 4067 est,
1220 4020 1324 4057 non
1369 4019 1539 4071 pauca
1579 4004 1885 4058 Armenium
1923 4004 2001 4058 vel
2041 4004 2425 4059 Amanuensem
2474 4003 2551 4056 vel
2599 4004 2929 4072 interpretem
2970 4000 3033 4054 de
3072 3999 3310 4069 genuinis
3362 3995 3574 4050 Eusebii
3617 3997 3736 4064 fra-

493 4097 714 4166 gmentis
758 4097 1155 4164 praztermisisse
1199 4111 1217 4149 :
1260 4111 1416 4165 quam
1461 4113 1570 4150 rem
1620 4095 1893 4168 Sgncellus
1941 4098 2268 4165 praesertim,
2313 4106 2362 4150 et
2407 4096 2720 4152 Cbronicon
2754 4093 3010 4165 paschale
3051 4091 3222 4163 (cujus
3267 4089 3627 4145 nobilissimus
3682 4091 3734 4142 in

505 4184 762 4241 Vaticana
789 4185 1101 4241 bibliotheca
1129 4186 1292 4240 codex
1326 4194 1460 4257 est),
1494 4197 1670 4258 aperte
1695 4188 2088 4252 demonstrant,
2123 4188 2185 4242 de
2212 4206 2434 4260 quorum
2475 4188 2634 4243 veluti
2664 4186 2954 4241 rivulorum
2993 4183 3057 4236 ab
3095 4182 3322 4237 Eusebio
3349 4181 3553 4251 origine
3584 4180 3734 4232 nullo

492 4279 647 4334 modo
691 4278 929 4332 dubitari
953 4288 1142 4348 potest.
1181 4277 1426 4348 Profecto
1455 4289 1669 4335 sanctus
1697 4280 2050 4352 Hieronymus
2079 4281 2320 4350 afﬁrmat
2349 4283 2401 4334 in
2443 4281 2782 4351 praefatione,
2815 4295 2870 4332 se
2902 4287 3021 4332 ante
3065 4277 3299 4348 Trojana
3335 4284 3570 4342 tempora
3598 4273 3734 4327 nihil

490 4384 708 4436 prorsus
735 4370 961 4424 Eusebio
988 4370 1257 4424 addidisse
1285 4388 1303 4425 :
1325 4382 1373 4424 et
1399 4381 1572 4425 tamen
1600 4371 1825 4426 Latinus
1879 4371 2274 4427 Chronicorum
2316 4381 2484 4428 textus
2519 4369 2791 4442 complura
2813 4371 2964 4425 habet
2989 4380 3109 4425 ante
3150 4369 3324 4438 Troja:
3351 4367 3729 4436 captivitatem,

489 4480 525 4518 a
553 4461 747 4519 Graecis
788 4481 923 4534 sa'pe
954 4463 1262 4535 fragmentis
1293 4466 1636 4534 confirmata,
1667 4483 1783 4536 quae
1813 4465 2158 4520 Armeniacus
2186 4468 2348 4522 codex
2370 4467 2656 4522 desiderat.
2688 4465 2818 4520 Post
2856 4466 3071 4535 Trojam
3102 4479 3301 4535 quoque
3329 4471 3536 4530 captam
3560 4461 3732 4514 multa

488 4567 612 4613 sunt
638 4557 702 4612 ab
728 4559 1041 4612 Armeniaca
1074 4560 1348 4626 interprete
1373 4559 1762 4626 praetermissa,
1791 4574 1907 4627 qua:
1932 4557 2282 4630 Hieronymus
2310 4562 2528 4624 retinet,
2561 4577 2651 4613 nec
2685 4569 2855 4613 tamen
2885 4561 3020 4613 inter
3053 4558 3166 4627 ejus
3201 4557 3566 4610 additamenta
3610 4570 3730 4608 cen-

489 4668 603 4707 sere
641 4651 797 4715 licet,
828 4652 955 4722 quia
983 4667 1102 4704 cum
1136 4648 1334 4704 Graecis
1368 4649 1678 4720 fragmentis
1714 4651 1824 4704 sine
1857 4650 2014 4704 dubio
2050 4651 2358 4706 Eusebianis
2399 4651 2728 4705 adamussim
2755 4661 3069 4721 congruunt.
3104 4651 3288 4720 Operae
3320 4650 3481 4720 igitur
3501 4648 3727 4717 pretium

492 4760 573 4798 me
613 4744 880 4814 facturum
922 4745 1162 4810 speravi,
1202 4745 1251 4798 si
1289 4744 1587 4797 universum
1624 4741 1838 4796 Eusebii
1865 4744 2161 4798 Chronicon
2197 4761 2326 4797 nova
2362 4743 2460 4797 hac
2493 4743 2719 4797 editione
2761 4743 3033 4812 integrius,
3064 4741 3391 4796 emendatius
3425 4740 3729 4809 pleniusque

492 4837 718 4907 facerem
741 4855 758 4893 :
779 4841 1007 4908 priorem
1037 4839 1233 4893 scilicet
1267 4838 1458 4892 librum
1492 4838 1717 4890 duarum
1747 4837 2025 4892 collatione
2053 4839 2376 4902 editionum,
2407 4826 2603 4892 criticis
2651 4838 2850 4908 aliquot
2894 4836 3434 4892 animaduersionibus
3458 4875 3473 4897 ,
3501 4832 3729 4904 philolo-

489 4933 603 5001 gico
641 4932 815 4986 studio
855 4949 916 4986 ac
946 4931 1225 4986 sedulitate
1255 4932 1538 5000 expolirem
1569 4940 1620 4985 et
1665 4933 2009 5002 reformarem
2048 4948 2066 4984 :
2109 4933 2450 5000 posteriorem
2497 4949 2647 4998 vero,
2681 4951 2785 4987 non
2823 4933 2992 4988 solum
3033 4931 3401 5003 praetermissis
3443 4929 3507 4982 ab
3541 4929 3725 4982 Arme-

495 5023 646 5078 niaca
696 5025 973 5092 interprete
1019 5023 1330 5079 Eusebianis
1376 5025 1686 5094 fragmentis
1731 5041 2008 5094 augerem,
2061 5042 2236 5080 verum
2279 5029 2440 5081 etiam
2483 5027 2652 5082 doctis
2701 5027 3010 5098 Hieronymi
3053 5026 3323 5082 laboribus
3365 5025 3723 5087 cumularem;

492 5119 706 5188 etquod
750 5123 988 5190 apprime
1027 5127 1316 5184 intererat,
1362 5129 1438 5174 tot
1480 5119 1718 5174 codicum
1752 5119 2125 5173 Vaticanorum
2159 5123 2358 5176 auxilio
2389 5123 2554 5193 fretus
2592 5141 2725 5178 nova
2771 5139 2988 5192 prorsus
3029 5123 3245 5178 lectione
3284 5122 3558 5177 donarem.
3603 5120 3724 5175 Ha'c

489 5219 568 5264 est
592 5211 752 5279 igitur
789 5212 1000 5266 consilii
1029 5214 1128 5267 mei
1151 5228 1358 5267 summa
1381 5227 1399 5265 :
1425 5212 1508 5264 cui
1520 5211 1638 5279 jam
1663 5209 1798 5264 illud
1829 5209 2125 5264 addendum
2151 5222 2261 5276 est,
2287 5215 2425 5282 quod
2460 5215 2707 5269 lacunam
2739 5215 2933 5270 codicis
2965 5215 3297 5278 Armeniaci,
3334 5215 3472 5268 inter
3497 5215 3722 5284 priorem

494 5303 814 5375 alterumque
847 5306 1040 5360 librum
1073 5308 1394 5378 interjectam
1418 5346 1433 5371 ,
1459 5305 1514 5358 id
1546 5315 1625 5360 est
1657 5304 1930 5357 consulum
1978 5304 2381 5378 Caesarumque,
2431 5325 2550 5362 cum
2601 5309 2996 5364 decurrentibus
3042 5307 3429 5381 olympiadibus
3451 5348 3465 5369 ,
3503 5308 3718 5374 seriem,

491 5397 729 5452 invocato
781 5396 1037 5454 Chronici
1086 5401 1359 5470 paschalis
1410 5401 1611 5455 auxilio
1671 5399 1975 5464 certissime,
2026 5407 2084 5451 ut
2144 5399 2392 5466 arbitror,
2445 5405 2658 5470 sustuli,
2707 5413 2756 5458 et
2819 5402 3031 5458 Eusebii
3087 5417 3215 5472 opus
3271 5400 3722 5460 absolutissimum

489 5487 718 5547 reddidi.

1973 5661 2231 5682 —..—-
