3924 6266
245 386 334 444 m
1453 383 1783 443 CHRONICC

1892 388 1949 442 Μ
1991 389 2118 445 LIB.
2155 392 2199 446 ῐ.

244 517 273 556 a
301 497 401 554 ﬁlio
427 495 543 566 ejus
562 494 928 553 Cbomasbelo
960 494 1035 566 (l)
1065 494 1214 551 neris
1245 501 1485 566 quatuor
1513 513 1635 552 cum
1666 478 1788 553 sos-
1818 509 1863 561 Α

246 593 313 647 sis
332 589 577 661 quinque.
604 590 648 643 A
676 587 944 643 Xisuthro
985 595 1040 643 et
1084 603 1115 641 a
1156 588 1391 654 diluvio,
1439 588 1613 646 donec
1642 589 1784 647 Medi

246 683 542 754 Babylonem
570 689 933 753 occuparunt,
965 694 1233 737 summam
1265 695 1455 751 regum
1504 697 1600 737 sex
1616 697 1782 753 supra

246 772 493 844 octoginta
548 780 809 842 supputat
843 771 1171 843 Polyhistor,
1209 771 1567 845 singulosque
1604 775 1787 830 nomi-

247 866 394 923 natim
422 882 451 921 e
472 864 654 920 Berosi
678 865 818 920 libro
841 875 1104 920 recenset.
1131 863 1205 919 Ex
1240 865 1435 921 horum
1463 876 1643 923 autem
1663 884 1784 924 om-

249 960 373 1014 nium
396 956 639 1013 aetatibus
659 964 776 1013 tres
796 958 1065 1028 myriades
1082 972 1353 1011 annorum
1388 958 1626 1025 conﬁcit,
1645 976 1786 1030 prae-

249 1056 471 1129 tereaque
507 1062 681 1104 annos
710 1055 793 1102 ter
831 1047 979 1103 mille
1006 1056 1059 1102 et
1087 1063 1257 1103 unum
1289 1064 1455 1118 supra
1489 1052 1785 1122 nonaginta

250 1140 330 1213 (2).
356 1139 474 1196 Post
518 1138 640 1202 hos,
679 1141 775 1210 qui
801 1138 1156 1195 successione
1187 1139 1517 1198 inconcussa
1556 1157 1785 1213 regnum

248 1232 583 1299 obtinuerant,
615 1233 913 1302 derepente
968 1230 1156 1287 Medos
1197 1232 1444 1288 collectis
1480 1233 1653 1302 copiis
1681 1232 1784 1288 Ba-

248 1325 467 1397 bylonem
505 1314 716 1394 cepisse
749 1326 846 1392 ait,
876 1324 1065 1394 ibique
1099 1324 1166 1379 de
1191 1323 1308 1379 suis
1338 1331 1602 1396 tyrannos
1650 1341 1784 1381 con-

249 1418 481 1474 stituisse.
515 1416 653 1472 Hinc
680 1418 901 1473 nomina
931 1431 1151 1487 quoque
1184 1423 1544 1488 tyrannorum
1596 1416 1784 1474 Medo-

248 1525 348 1565 rum
369 1509 612 1565 edisserit
633 1515 781 1572 octo,
814 1522 1099 1577 annosque
1115 1522 1303 1562 eorum
1333 1507 1523 1578 viginti
1551 1516 1788 1579 quatuor

243 1614 387 1670 supra
411 1599 675 1655 ducentos
713 1598 829 1670 (ωε
862 1614 925 1653 ac
956 1614 1153 1654 rursus
1201 1598 1453 1655 undecim
1510 1615 1703 1672 reges,
1732 1607 1787 1656 et

241 1706 389 1746 annos
415 1697 536 1744 octo
562 1704 729 1760 supra
750 1688 1112 1761 quadraginta
1136 1689 1247 1761 (4):
1282 1699 1395 1745 tum
1417 1698 1473 1747 et
1500 1690 1785 1747 Chaldaeos

240 1798 374 1853 reges
400 1782 758 1852 quadraginta
808 1797 1023 1849 novem,
1059 1796 1340 1854 annosque
1355 1783 1784 1855 quadringentos

3356 407 3457 462 118

2507 501 2735 560 CAPUT
2773 503 2838 560 γ.
3514 497 3529 560 Ϊ

1889 609 2140 689 Ejusdem
2181 614 2475 670 Alexandri
2503 614 2567 669 de
2592 615 2956 689 senecherimo
2986 618 3148 689 deque
3175 619 3461 677 Nabucho-

1885 722 1911 754 ι
1958 682 2217 762 donusam
2257 701 2538 755 eorumque
2569 688 2723 742 rebus
2766 691 2927 757 gestis
2961 698 3010 743 et
3046 682 3276 744 strenui:
3306 693 3468 762 faci-

1883 794 1910 823 L
1956 754 2189 809 naribus.

1957 866 2010 919 1.
2049 865 2345 938 Postquam
2389 883 2561 940 regno
2617 867 2911 926 defunctus
2949 879 3034 926 est
3079 869 3460 928 Senecherimi

1888 955 2081 1022 frater,
2114 966 2168 1014 et
2190 967 2313 1030 post
2336 958 2551 1030 Hagisa:
2574 960 2628 1015 in
2656 960 2985 1034 Babylonios
3001 963 3455 1027 dominationem,

1886 1050 1979 1117 qui
2011 1049 2229 1119 quidem
2280 1052 2524 1107 nondum
2558 1053 2777 1123 expleto
2805 1053 3087 1124 trigesimo
3129 1056 3342 1126 imperii
3374 1056 3460 1110 die

1887 1155 1918 1194 a
1953 1140 2283 1198 Marudac‘ho
2328 1143 2567 1200 Baldane
2622 1146 2984 1217 interemptus
3029 1155 3149 1216 est;
3201 1148 3459 1205 Maruda-

1886 1230 2026 1285 chus
2064 1231 2179 1301 ipse
2227 1231 2497 1289 Baldanes
2531 1233 2874 1305 tyrannidem
2923 1234 3126 1290 invasit
3173 1237 3456 1293 mensibus

1887 1335 1982 1375 sex
2014 1336 2029 1387 ;
2079 1321 2251 1375 donec
2279 1338 2404 1376 eum
2460 1324 2684 1380 sustulit
2712 1325 2797 1379 vir
2825 1323 3047 1395 quidam
3090 1327 3313 1384 nomine
3343 1327 3457 1382 Eli-

1887 1410 2020 1477 bus,
2068 1413 2161 1483 qui
2204 1421 2259 1468 et
2298 1414 2352 1469 in
2393 1430 2623 1487 regnum
2674 1420 2961 1475 successit.
3015 1417 3132 1475 Hoc
3178 1427 3456 1492 postremo

1887 1505 2104 1559 tertium
2132 1504 2245 1575 jam
2304 1520 2506 1561 annum
2560 1515 2850 1578 regnante,
2909 1507 3326 1568 Senecherimus
3358 1527 3455 1567 rex

1886 1594 2234 1668 Assyriorum
2264 1598 2452 1668 copias
2481 1598 2771 1656 adversum
2806 1599 3138 1674 Babylonios
3166 1603 3455 1660 contrahe-

1886 1689 1999 1751 bat,
2033 1689 2332 1759 praelioque
2376 1704 2503 1744 cum
2542 1690 2611 1746 iis
2639 1699 2917 1759 conserto,
2972 1693 3226 1764 superior
3254 1695 3456 1750 evade-

1885 1780 1978 1835 bat
2014 1800 2027 1836 :
2064 1789 2393 1852 captumque
2432 1780 2648 1836 Elibum
2695 1797 2819 1837 cum
2854 1782 3217 1844 familiaribus
3250 1787 3370 1857 ejus
3396 1787 3454 1842 in

239 1880 414 1929 etocto
432 1888 598 1943 supra
632 1872 1025 1944 quinquaginta
1058 1891 1071 1927 :
1109 1881 1297 1942 postea
1332 1881 1386 1928 et
1404 1873 1613 1932 Arabes
1637 1879 1656 1898 '
1686 1890 1789 1930 no-
1817 1890 1859 1945 Β
1884 1872 2461 1942 Assyriamtransferri
2481 1873 2728 1942 jubebat.
2760 1875 2808 1930 ls
2828 1875 3010 1946 igitur,
3033 1876 3455 1950 Babyloniorum

239 1979 341 2020 rem
372 1981 541 2036 reges,
580 1978 864 2035 annosque
908 1962 1176 2020 ducentos
1212 1965 1574 2036 quadraginta
1631 1966 1787 2036 quin-

238 2073 344 2127 que.
377 2055 581 2111 Horum
642 2070 912 2109 annorum
956 2056 1279 2113 recensione
1337 2058 1662 2128 perscripta,
1718 2058 1785 2113 de

238 2146 570 2205 Semiramide
594 2162 815 2218 quoque
844 2155 1033 2201 narrat
1054 2163 1175 2219 quae
1207 2149 1496 2219 imperavit
1518 2149 1779 2221 Assyriis.

235 2239 558 2310 Rursumque
579 2240 834 2296 distincte
859 2239 1151 2295 admodum
1184 2241 1407 2296 nomina
1437 2257 1626 2312 regum
1649 2257 1786 2311 qua-

234 2329 455 2400 draginta
504 2330 753 2400 quinque
781 2338 1067 2385 enumerat
1114 2370 1129 2395 ,
1161 2330 1338 2400 iisque
1369 2346 1544 2388 annos
1594 2334 1784 2388 tribuit

232 2422 397 2492 viginti
417 2437 512 2477 sex
540 2437 708 2492 supra
732 2422 1076 2493 quingentos.
1112 2421 1244 2478 Post
1266 2423 1369 2479 hos
1396 2423 1474 2477 ait
1506 2425 1784 2481 exstitisse

232 2515 587 2571 Chaldaeorum
619 2529 829 2586 regem,
864 2516 953 2569 cui
975 2530 1171 2569 nomen
1200 2512 1410 2570 Phulus
1428 2522 1584 2571 erat:
1622 2531 1782 2586 quem

234 2605 559 2662 Bebrzeorum
572 2620 793 2676 quoque
806 2604 1032 2659 historia
1049 2609 1342 2668 memorat,
1370 2619 1640 2674 quemque
1653 2605 1783 2659 item

232 2697 440 2754 Pbulum
476 2697 716 2767 appellat
740 2696 837 2768 (5).
872 2694 970 2750 liic
990 2692 1231 2749 Judaaam
1264 2695 1535 2754 invasisse
1561 2695 1780 2754 dicitur.

234 2788 411 2845 Deinde
436 2787 751 2860 Polyhistor
781 2786 1227 2843 Senecherimqu
1258 2784 1334 2861 (6)
1356 2804 1522 2860 regno
1551 2792 1782 2860 potitum

233 2898 335 2939 esse
358 2883 427 2937 ait
458 2901 473 2939 :
505 2896 671 2954 quem
694 2880 912 2952 quidem
930 2880 1279 2936 Hebraeorum
1303 2882 1429 2937 libri
1462 2891 1781 2954 regnantem

232 2972 451 3031 referunt
492 2974 799 3044 imperante
849 2971 1085 3027 Ezechia
1133 2979 1188 3027 et
1231 2975 1593 3044 prophetante
1644 2976 1784 3032 lsaia

235 3065 313 3136 (ἴ).
344 3064 431 3119 Ait
458 3072 639 3118 autem
669 3064 872 3119 diserte
891 3063 1108 3118 divinus
1132 3063 1267 3118 liber
1285 3064 1383 3134 (8):
1414 3081 1433 3117 ι
1454 3081 1600 3121 anno
1617 3082 1784 3138 quar-

231 3158 476 3215 todecimo
506 3157 755 3215 Ezechiae
805 3157 952 3228 regis
982 3157 1301 3214 ascendisse
1335 3157 1782 3216 Senecherimum

1887 1967 2116 2036 potitus,
2155 1967 2323 2024 ﬁlium
2374 1984 2531 2024 suum
2564 1968 2901 2024 Asordanem
2930 1970 3012 2026 eis
3048 1986 3229 2042 regem
3278 1970 3457 2042 impo~

1884 2058 2050 2113 nebat
2083 2098 2099 2124 ,
2147 2060 2262 2129 ipse
2324 2069 2502 2115 autem
2548 2058 2603 2114 in
2646 2058 2925 2131 Assyriam
2992 2062 3226 2117 reditum
3277 2070 3455 2118 matu-

1886 2147 2067 2202 rabat.
2139 2147 2261 2202 Mox
2333 2164 2458 2203 cum
2513 2147 2580 2203 ad
2637 2148 2757 2219 ejus
2825 2164 2986 2206 aures
3057 2164 3248 2205 rumor
3308 2159 3457 2206 esset

1886 2236 2147 2306 perlatus,
2174 2237 2393 2292 Graecos
2422 2237 2479 2292 in
2501 2237 2749 2293 Ciliciam
2790 2240 2997 2295 coactis
3030 2240 3202 2310 copiis
3254 2241 3458 2296 bellum

1884 2328 2257 2393 transtulisse,
2291 2343 2387 2383 eos
2411 2329 2662 2398 protinus
2683 2344 2976 2402 aggressus
3021 2338 3129 2398 est,
3164 2332 3459 2403 praelioque

1885 2422 2040 2486 inito,
2071 2423 2254 2478 multis
2288 2437 2514 2477 suorum
2562 2422 2802 2490 amissis,
2856 2422 3043 2479 hostes
3099 2423 3457 2480 nihilominus

1886 2513 2192 2585 proﬂigavit
2223 2532 2236 2569 :
2271 2529 2536 2584 suamque
2564 2514 2878 2585 imaginem,
2930 2520 2989 2566 ut
3017 2520 3165 2568 esset
3213 2514 3458 2570 victoria:

1885 2613 2321 2671 monumentum,
2345 2621 2412 2662 eo
2433 2607 2554 2661 loco
2587 2612 2826 2661 erectam
2860 2603 3078 2674 reliquit
3111 2622 3127 2659 :
3179 2604 3269 2658 cui
3294 2603 3460 2660 Chal-

1884 2697 2060 2753 daicis
2100 2697 2297 2754 litteris
2333 2713 2423 2754 res
2455 2712 2488 2752 a
2516 2712 2575 2753 se
2605 2704 2786 2767 gestas
2819 2694 3053 2765 insculpi
3082 2695 3358 2751 mandavit
3390 2696 3458 2752 ad

1885 2789 2203 2843 memoriam
2253 2796 2558 2860 temporum
2607 2787 3016 2858 sempiternam.
3052 2785 3290 2868 Tarsum
3317 2803 3456 2858 quo-

1884 2896 1990 2951 que
2021 2882 2213 2937 urbem
2248 2883 2314 2936 ab
2343 2896 2407 2936 eo
2435 2886 2701 2935 structam
2729 2881 2805 2935 ait
2826 2881 2894 2936 ad
2934 2880 3228 2952 Babylonis
3269 2896 3458 2936 exema

1885 2974 2023 3043 plar,
2054 2972 2339 3043 eidemque
2362 2986 2560 3027 nomen
2597 2971 2830 3026 inditum
2864 2970 3122 3028 Tharsin.
3143 2970 3264 3026 Jam
3289 2983 3341 3027 et
3369 2989 3456 3028 re-

1887 3066 2051 3136 liquis
2083 3064 2455 3120 Senecherimi
2504 3063 2674 3135 gestis
2724 3063 3079 3134 perscriptis,
3117 3063 3300 3119 subdit
3330 3079 3456 3119 eum

1887 3158 2047 3212 annis
2091 3157 2293 3212 vixisse
2335 3163 2635 3227 regnantem
2682 3155 3010 3221 octodecim,
3058 3156 3232 3212 donec
3278 3155 3453 3212 eidem

232 3250 285 3305 ad
311 3251 471 3307 urbes
496 3248 698 3306 Iudaeae
747 3250 1010 3314 munitas,
1051 3265 1251 3319 easque
1272 3251 1502 3320 cepisse.
1523 3270 1541 3303 ι
1606 3250 1777 3321 Cujus
1806 3273 1848 3332 ο
1880 3248 2104 3304 structis
2134 3264 2165 3303 a
2196 3249 2306 3303 ﬁlio
2333 3247 2712 3304 Ardumuzane
2746 3247 2857 3318 (i2)
2903 3247 3120 3304 insidiis
3149 3248 3456 3304 exstinctus

232 3343 292 3399 rei
310 3351 531 3414 peracta
556 3342 786 3398 historia
813 3382 827 3409 ,
864 3341 1085 3396 subdit:
1126 3340 1222 3394 «Et
1252 3342 1503 3411 regnavit
1537 3340 1779 3395 Asorda-

234 3451 308 3492 nes
333 3434 473 3492 ﬁlius
506 3435 629 3505 ejus
652 3449 749 3504 pro
782 3447 847 3488 eo
882 3431 979 3503 (9).
1012 3451 1033 3482 ι
1085 3431 1409 3502 Rursusque
1445 3447 1779 3503 pergens,¢ea

231 3520 528 3598 tempestate
545 3526 622 3581 ait
636 3530 930 3597 a-grotasse
945 3522 1230 3579 Ezechiam
1256 3523 1393 3595 (10).
1415 3545 1434 3579 ι
1464 3523 1600 3580 Tum
1618 3525 1781 3580 etiam

235 3619 729 3674 ordinatimceodem
780 3624 1025 3685 tempore
1059 3614 1452 3669 Marudachum
1488 3616 1781 3672 Baldanem

234 3709 629 3783 Babyloniorum
664 3726 843 3781 regem
878 3710 1098 3766 misisse
1151 3715 1400 3763 oratores
1432 3723 1555 3761 cum
1585 3707 1781 3762 litteris

235 3804 610 3859 etmuneribus
635 3803 704 3858 ad
728 3800 1015 3856 Ezechiam
1049 3798 1182 3872 (11).
1215 3820 1233 3852 ι
1268 3798 1396 3854 Haec
1426 3799 1644 3853 tradunt
1670 3799 1779 3855 He-

237 3891 475 3950 braeorum
532 3893 849 3964 Scriptum.
908 3892 977 3946 Et
1030 3891 1251 3962 quidem
1308 3890 1777 3955 Senecherimum,

239 3997 335 4057 cum
359 3988 484 4056 ejus
526 3984 641 4039 ﬁlio
674 3986 958 4040 Asordane
1003 3998 1103 4039 nec
1135 3998 1244 4037 non
1294 3980 1626 4035 Marudacho
1655 3980 1780 4035 Bal-

241 4072 364 4143 dane,
388 4075 772 4131 Chaldaeorum
814 4088 1031 4145 quoque
1063 4069 1539 4140 historiographus
1573 4085 1779 4124 memo—

238 4174 504 4222 raucum
559 4165 762 4237 quibus
794 4165 959 4220 etiam
1014 4161 1643 4228 Nabuchodonosorum,
1699 4161 1778 4215 uti

243 4273 341 4314 mox
360 4261 594 4316 dicetur.
624 4257 737 4315 Hac
766 4265 943 4314 autem
969 4257 1182 4311 ratione
1210 4254 1277 4309 de
1315 4255 1383 4310 iis
1420 4255 1633 4309 scribit.

244 4393 552 4466 τρισμυρίοις
577 4390 1001 4466 ξτξσινᾲκσξεδςτς,
1027 4388 1172 4466 coiit:
1206 4388 1352 4466 Eoftv
1400 4389 1474 4466 ὲιέ-
1487 4387 1691 4466 ἡσάροις
1718 4387 1908 4466 ϐἠκςξξ.
1924 4389 2195 4466 νήροιςρκ
2238 4388 2694 4466 καὶᾳσιῖίσξσοᾷις-ῃκ

1886 3348 1990 3395 ost.
2022 3338 2147 3393 llaec
2173 3337 2503 3411 Polyhistor.

1956 3431 2010 3485 2.
2046 3428 2189 3487 Sane
2219 3431 2379 3487 etiam
2402 3443 2647 3502 tempora
2665 3446 2787 3486 cum
2811 3432 3124 3489 narratione
3148 3431 3452 3489 divinorum

1888 3523 2150 3577 librorum
2199 3529 2529 3592 congruunt.
2565 3520 2680 3577 Sub
2718 3514 2949 3577 Ezechia
2981 3521 3126 3577 enim
3192 3521 3458 3579 Senecheo

1890 3615 2062 3669 rimus
2093 3614 2357 3686 regnavit,
2387 3615 2464 3669 uti
2494 3613 2803 3686 Polyhistor
2854 3614 3057 3679 innuit,
3087 3616 3248 3669 annis
3301 3625 3452 3669 octo-

1888 3701 2065 3756 decim
2101 3721 2114 3757 :
2152 3710 2276 3772 post
2300 3719 2458 3773 quem
2498 3703 2744 3773 ejusdem
2788 3704 2932 3759 ﬁlius
2962 3706 3120 3761 annis
3147 3712 3306 3760 octo:
3342 3713 3451 3760 tum

1888 3794 2046 3849 annis
2075 3794 2266 3859 viginti
2293 3803 2346 3850 et
2369 3810 2478 3850 uno
2498 3796 2760 3867 Samuges
2787 3836 2803 3861 ,
2836 3797 3075 3867 itemque
3107 3797 3270 3867 hujus
3289 3797 3451 3854 frater

1884 3887 2077 3957 viginti
2106 3895 2160 3942 et
2181 3902 2291 3942 uno
2317 3907 2330 3943 :
2358 3888 2551 3944 deinde
2579 3888 3020 3960 Nabupalasarus
3042 3890 3201 3944 annis
3224 3891 3454 3961 viginti:

1887 3979 2123 4051 denique
2161 3980 2684 4038 Nabucodrossorus
2709 3982 2820 4055 (13)
2872 3985 3048 4039 tribus
3096 3985 3256 4038 annis
3290 3996 3453 4054 supra

1885 4072 2290 4145 quadraginta:
2340 4074 2413 4127 ita
2458 4082 2517 4128 ut
2565 4090 2595 4128 a
2648 4073 3037 4131 Senecherimo
3091 4075 3158 4130 ad
3200 4075 3454 4132 Nabuco—

1885 4164 2206 4219 drossorum
2239 4165 2513 4234 octoginta
2541 4173 2595 4220 et
2637 4173 2760 4221 octo
2788 4168 2916 4221 anni
2958 4175 3276 4223 excurrant.
3326 4167 3459 4222 Jaln

1887 4254 1933 4309 si
1957 4255 2080 4326 quis
2109 4253 2457 4311 Hebraeorum
2489 4257 2656 4312 libros
2671 4265 2965 4321 scrutetur,
2986 4258 3139 4328 paria
3168 4258 3332 4314 dictis
3356 4258 3444 4312 in~

2753 4391 2882 4445 Ἀπὸ
2918 4391 2973 4444 δὲ
2999 4392 3186 4445 τούτου
3208 4369 3307 4462 τοῦ.
3330 4392 3454 4462 χρό-

245 4457 434 4544 viauia;
458 4462 684 4544 prsidio
702 4461 816 4544 μὲν.
837 4460 1128 4544 Χαὶιδαίῳν.
1147 4457 1410 4544 βαριξέων
1434 4457 1666 4544 gumiae
1711 4460 1820 4544 ,καὶ
1860 4457 2281 4544 Χωρᾲσόἠιλουχ
2301 4460 2382 4544 τπδ’
2402 4460 2482 4544 ﬁs
2535 4457 2732 4544 Ιξξήᾷυέν
2780 4462 3122 4544 Ζωρόᾳστριν
3142 4479 3173 4544 ζ
3194 4461 3285 4544 atati
3318 4457 3452 4544 ⁹ξόὺς

250 4534 339 4613 (te?
361 4536 519 4613 ᾳὺτδν
544 4533 588 4597 ζ’
607 4526 891 4613 ’Χαξιδαίων
921 4526 1157 4613 βαριλξίς
1180 4528 1410 4613 fiderat,
1427 4526 1936 4613 ξξῃάρατήξακίτας
1961 4526 2160 4613 i1).tha
2182 4536 2289 4613 92.)}:
2359 4526 2882 4613 ubybg‘ﬂoipioirwp,
2907 4533 3003 4613 ovi-:3:
3034 4526 3111 4584 ἔτι
3145 4531 3232 4613 6t}
3270 4530 3449 4613 σάρῳν

249 4596 509 4677 Ξιαξγήρων
534 4596 631 4677 iul
655 4601 876 4677 utitorqu
921 4596 1012 4677 ita}
1042 4599 1142 4668 τῆς
1180 4596 1372 4669 λοιπῆς
1414 4596 1608 4665 ἀλόγού
1650 4596 1779 4668 μυϐι

1914 4596 2339 4670 ἱσὲορίαςζάλλὰ
2362 4600 2449 4653 διὰ
2478 4601 2717 4672 ἡλιακῶν
2744 4596 2899 4655 ἐτῶν.
2932 4601 3060 4655 "an:
3086 4616 3150 4654 ex
3178 4596 3444 4670 Synceito,

244 4684 288 4736 ρ.
311 4673 365 4729 78
383 4670 457 4737 'B,
491 4674 580 4727 sed
609 4672 758 4726 valde
779 4670 1115 4730 interpolata.

303 4744 353 4811 (')
376 4743 681 4810 Διεδέξαντο
712 4739 1114 4811 τὴννΧαλδαίωγ
1147 4737 1421 4811 βμᾳιλεεᾳν
1457 4737 1523 4811 ν

1532 4737 1690 4811 ραόες
1712 4737 1806 4811 ein
1840 4736 1933 4811 ἔτη
1958 4746 2075 4811 uts'.
2108 4740 2192 4794 Ex
2213 4740 2414 4803 eodem,
2445 4759 2496 4811 p.
2529 4742 2599 4797 90
2631 4742 2693 4797 ι).

312 4806 364 4885 Ἦ
389 4817 492 4869 τῶν
530 4806 777 4885 Ἇρᾴὸωξί
802 4810 1073 4885 ﬂagitator;
1086 4806 1597 4885 6tu6s§atpémjijvh
1619 4808 1728 4860 τῶν
1762 4806 2043 4863 Χαλδὰίων
2085 4810 2368 4884 διήρκεσεν
2400 4806 2492 4884 ἕηὲη
2526 4818 2638 4867 :te’.
2676 4812 2889 4885 Ταύτην
2932 4812 3229 4882 Ἀσσυρίων
3265 4808 3355 4883 μα’
3376 4811 3448 4868 δι-

246 4879 453 4949 εδέξαντο
478 4877 715 4955 Ἀρὰϐες
743 4877 996 4950 βάσιλεῖς.
1027 4877 1109 4932 Ea:
1128 4877 1326 4943 eodem,
1351 4894 1400 4946 p.
1430 4878 1500 4932 9‘2
1553 4878 1619 4931 Β.

305 4994 368 5067 (l)
394 4995 678 5069 Synccllus
708 5012 760 5065 p.
791 4994 859 5050 90
890 4994 938 5069 AC
967 4994 1582 5069 scribit_Xoapdw6oi.ov,
1623 5011 1776 5069 euin-

1892 4998 1979 5051 rim
1988 5014 2017 5049 ιι
2025 5014 2091 5069 m_
2103 4996 2286 5069 habet.

245 5069 412 5187 unguit
433 5066 750 5138 regnavisse
776 5067 935 5120 annis
962 5082 1072 5121 non
1122 5066 1244 5136 plus
1274 5072 1481 5134 septem
1526 5080 1650 5119 cum
1692 5067 1775 5121 di-

246 5149 308 5186 nu
344 5150 402 5187 ιο.

246 5149 283 5184 ιιι
296 5149 402 5190 id").

309 5150 598 5270 {afﬁrmas
629 5215 809 5261 textus
838 5203 1035 5259 54080.

310 5275 373 5343 (ὅ)
397 5276 447 5331 In
477 5280 724 5343 margine
750 5292 1004 5331 ccxxxtv.

256 5407 267 5420 ε
310 5344 372 5413 (lt)
400 5345 546 5402 llunc
584 5363 870 5420 numerum
920 5361 1087 5400 χιι-ιιι
1121 5344 1772 5420 supplevit_amanucnsis

257 5414 300 5463 in
321 5419 556 5492 margine,
604 5419 698 5472 sed
737 5414 1495 5496 fortasse-perperadeem
1545 5432 1771 5472 amanu-

254 5488 375 5599 eAnsis
397 5497 529 5545 retro
549 5504 649 5559 pro
675 5502 870 5546 ccxxw
897 5488 1189 5557 scripserat
1219 5488 1273 5538 in
1306 5488 1551 5555 margine
1581 5502 1766 5547 xxxiv.

296 5565 514 5614 acernus.

319 5599 629 5701 (iiii-Vitem
654 5647 751 5701 xv,
807 5631 894 5695 19,
936 5641 1044 5699 quo
1086 5625 1206 5682 loco
1234 5627 1558 5701 Vaticanum
1591 5643 1773 5701 exem-

264 5687 356 5753 plar
379 5687 606 5755 Grzccmn
649 5687 1078 5756 Bibliurum'nec
1103 5713 1215 5753 non
1260 5699 1578 5755 earumdem
1608 5700 1772 5755 inter-

265 5766 453 5823 Pfctatio
472 5770 789 5829 Armeniaca
811 5770 1011 5825 habent
1030 5765 1200 5822 Phua.

1953 5069 2032 5139 (7)
2059 5066 2140 5139 _lY
2166 5066 2301 5139 ileg.
2326 5084 2456 5121 xvm
2489 5075 2544 5121 et
2577 5082 2688 5122 xix.

1952 5136 2030 5212 (8)
2058 5136 2119 5212 LV
2152 5136 2282 5212 negl
2312 5139 2576 5212 “19,15.

1949 5208 2026 5278 (9)
2059 5207 2193 5278 Cap.
2224 5207 2337 5266 xix.
2374 5209 2441 5261 '57

1949 5223 2026 5278 (υ)
2059 5223 2193 5332 bavi).
2224 5224 2337 5266 xix.
2374 5223 2437 5261 at

1946 5277 2102 5347 (l0)!
2167 5280 2403 5347 Reg.xx.
2441 5295 2475 5331 ι.

1946 5348 2058 5419 (11)
2089 5350 2202 5418 Cap
2260 5364 2349 5410 sx,
2386 5347 2474 5401 12.

1945 5416 2058 5501 (lg)
2109 5416 2454 5501 innitar-gina
2483 5418 2895 5501 Ardamuzane;
2937 5423 2990 5501 et
3029 5416 3273 5501 quidem_
3297 5420 3441 5501 apud

1874 5488 2108 5560 lV'Reg.
2152 5505 2273 5552 xIx,
2315 5490 2406 5551 57,
2444 5496 2497 5542 et
2533 5488 2828 5560 Josephum
2858 5529 2874 5552 ,
2920 5488 3098 5560 Antii).
3141 5505 3194 5560 x,
3252 5490 3306 5552 1,
3332 5488 3443 5560 βρ-

1879 5558 2230 5617 nechei'imus
2255 5560 2573 5614 interﬁcitur
2602 5574 2630 5611 a
2671 5558 2796 5613 liliis
2850 5558 3216 5615 Adremeiecho
3247 5568 3303 5616 et
3336 5559 3445 5614 Sa-

1886 5647 2101 5692 rasaro,
2158 5631 2250 5699 qui
2296 5646 2326 5682 a
2365 5629 2700 5685 Chorcnensi
2737 5628 2882 5685 Hist.
2926 5647 2980 5694 ι,
3037 5630 3127 5697 22,
3181 5630 3443 5685 dicuntur
3522 5642 3527 5645 ‘

1873 5700 2189 5755 Adramelus
2230 5710 2284 5755 et
2322 5699 2647 5755 Sanasarus.

1946 5770 2057 5843 (1'5)
2093 5769 2170 5823 ita
2210 5786 2355 5840 expc
2390 5766 2913 5839 Nabucodrossorus,
2941 5773 3073 5829 alias
3098 5782 3277 5826 tamen
3317 5768 3437 5826 Na-

320 5832 382 5896 (6)
406 5838 526 5895 Cod.
545 5842 692 5897 Arm.
718 5840 880 5896 modo
907 5836 1320 5909 Senecheribum,
1343 5837 1502 5897 modo
1519 5837 1767 5895 Seneclte-
1870 5832 2316 5897 buéod'onosorus'.
