3924 6266
270 349 387 403 HS
1478 349 1976 406 CHHONICORUM
2016 351 2142 406 LIB.
2179 353 2219 408 1.
3413 353 3516 413 MS

263 469 502 526 nomine
534 465 735 522 Ninum
782 468 1108 539 appellatam
1140 467 1314 530 aiunt.
1369 483 1491 539 quae
1527 480 1645 524 erat
1670 468 1842 539 prima
1871 477 1915 530 Α
1944 468 2107 534 visse,
2134 485 2295 540 quam
2322 469 2558 528 hominis
2591 477 2675 526 est
2708 489 2720 525 :
2749 471 2892 540 quod
2924 486 3148 541 prorsus
3169 471 3236 527 de
3263 474 3518 531 universa

260 558 622 630 Assyriorum
661 559 793 616 urbs
820 558 990 632 regia,
1024 574 1251 631 quaeque
1277 559 1542 616 Assurum
1571 567 1850 616 auctorem
1949 561 2231 619 hominum
2259 564 2428 634 stirpe
2457 562 2827 635 designavisse
2851 565 3190 634 exploratum
3216 572 3301 622 est
3323 566 3423 638 (6).

263 654 545 725 agnoscit.
577 651 706 707 Erat
736 660 916 709 autem
939 653 1028 708 hic
1055 653 1122 709 de
1151 652 1276 708 ﬁliis
1307 651 1476 720 Semi,
1509 669 1538 709 a
1576 670 1686 726 quo
1707 655 1850 710 dixi-
2021 652 2072 706 5.
2112 651 2218 707 Sed
2249 653 2392 708 enim
2429 662 2618 709 nostra
2643 654 2757 708 haec
2785 654 3138 724 chronologia
3169 655 3374 710 nullam
3397 656 3518 728 ejus

257 761 399 802 mus
423 754 716 815 occupatas
743 761 934 802 omnes
961 746 1148 818 plagas
1173 744 1429 802 Orientis.
1446 745 1568 801 Nati
1589 762 1652 803 ex
1688 745 1848 805 Semo
1946 744 2218 799 incolatus
2240 746 2504 800 rationem
2537 745 2793 801 habebit:
2826 762 3001 817 neque
3055 747 3289 802 ordietur
3318 763 3350 803 a
3376 751 3516 806 coelo

255 837 522 894 feruntur
546 837 625 910 (i)
652 839 816 894 etiam
846 839 1068 896 Elamus
1097 849 1152 897 et
1202 842 1442 899 Assurus
1467 849 1521 897 et
1559 840 1846 911 Arphaxa-
1947 845 2201 909 terraque
2222 839 2479 906 conditis,
2510 840 2588 894 uti
2614 840 2859 896 nonnulli
2889 840 2989 894 sibi
3015 841 3312 911 faciendum
3337 844 3516 898 existi-

256 931 360 986 des
388 939 454 986 et
477 931 706 988 Aramus
732 939 786 987 et
813 931 1019 989 Ludus.
1043 933 1112 987 At
1133 949 1199 990 ex
1221 933 1410 989 Elamo
1431 933 1537 990 orti
1570 941 1699 990 sunt
1723 932 1847 988 Ela-

255 1023 438 1092 mitae,
483 1039 612 1095 gens
641 1026 816 1096 prima
869 1023 1159 1082 Persarum
1190 1025 1266 1097 (2)
1299 1044 1314 1083 :
1373 1027 1440 1081 ab
1477 1025 1563 1082 his
1593 1024 1839 1096 Elytuais

254 1115 398 1172 urbs
435 1116 795 1172 condebatur.
835 1116 1046 1173 Assuro
1103 1117 1313 1189 Assyrii
1365 1119 1623 1190 progeniti
1672 1129 1842 1174 sunt:

254 1206 645 1277 condebatque
674 1208 920 1264 Assurus
948 1210 1136 1264 urbem
1162 1209 1386 1276 Ninum,
1423 1226 1544 1281 qua:
1576 1228 1699 1266 mox
1747 1211 1841 1268 Ni-

251 1295 384 1350 nive
422 1295 574 1350 dicta
607 1307 713 1353 est.
745 1297 824 1352 Ex
852 1299 1176 1370 Arphaxade
1220 1302 1604 1372 Arphaxadaei,
1661 1305 1754 1375 qui
1786 1312 1840 1361 et

250 1386 504 1443 Chaldrei
537 1390 760 1444 vocitati
824 1401 952 1446 sunt
1029 1393 1127 1463 (ὅ).
1190 1392 1271 1448 Ex
1325 1395 1530 1452 Aramo
1583 1396 1834 1464 Aramaei,

247 1477 464 1546 quibus
521 1486 604 1534 est
638 1494 838 1535 nomen
876 1481 1039 1536 etiam
1091 1480 1235 1554 Syri.
1269 1483 1346 1540 Ex
1401 1485 1556 1542 Ludo
1603 1488 1838 1559 denique

251 1566 387 1638 Lydi
422 1568 529 1636 (4).
566 1569 908 1639 Arphaxadis
933 1580 1114 1628 autem
1150 1574 1295 1632 ﬁlius
1352 1574 1454 1631 fuit
1484 1575 1639 1643 Sala;
1673 1578 1836 1650 hujus

247 1656 528 1723 Heberus,
558 1675 589 1714 a
623 1676 732 1731 quo
759 1660 1110 1722 Hebraeorum
1137 1683 1333 1726 nomen
1377 1677 1431 1725 et
1460 1687 1594 1742 gens
1633 1688 1832 1744 propa-

247 1755 510 1821 gabatur.
543 1753 756 1810 Hebero
808 1760 1078 1814 successit
1109 1771 1266 1818 sexto
1317 1764 1438 1820 loco
1483 1765 1830 1823 Abrahamus

1943 940 2258 998 maverunt;
2294 931 2390 986 sed
2419 931 2486 987 ab
2539 947 2604 987 eo
2632 939 2874 1002 tempore
2921 947 3030 1002 quo
3072 945 3267 988 natura
3323 943 3512 990 nostra

1943 1022 2111 1092 coepit
2155 1039 2298 1088 esse,
2363 1024 2442 1078 uti
2498 1040 2646 1078 nunc
2679 1040 2738 1080 se
2795 1025 2974 1091 habet,
3031 1027 3315 1094 mortalis;
3351 1034 3513 1096 atque

1941 1114 2210 1184 ejusmodi
2243 1116 2367 1170 vitte
2391 1116 2629 1172 conditio
2663 1129 2694 1170 a
2737 1117 3046 1187 priscoillo
3096 1124 3321 1187 parente
3350 1118 3510 1174 nobis

1940 1204 2130 1260 oborta
2158 1212 2241 1261 est
2279 1224 2292 1260 :
2320 1206 2434 1272 illo,
2467 1207 2712 1277 inquam,
2737 1207 2827 1276 qui
2850 1207 3105 1277 paradiso
3142 1207 3360 1276 excidit,
3393 1208 3508 1262 dul-

1939 1298 2097 1369 cique
2115 1313 2179 1353 ac
2205 1298 2448 1354 feliciore
2475 1300 2583 1354 vita
2603 1300 2861 1370 depulsus
2879 1307 2981 1368 est,
3003 1307 3054 1356 et
3083 1304 3301 1358 nomine
3326 1302 3503 1358 dictus

1936 1392 2196 1447 Adamus.
2245 1389 2420 1462 Hujus
2448 1408 2547 1464 ego
2574 1407 2768 1458 annos,
2797 1395 2997 1464 quibus
3051 1393 3268 1450 fatalem
3297 1405 3502 1451 morta-

1937 1483 2152 1556 lemque
2177 1483 2344 1539 vitam
2367 1485 2656 1548 conclusit,
2677 1501 2744 1541 ex
2777 1485 3062 1541 Hebraicis
3088 1486 3372 1542 codicibus
3390 1488 3505 1542 col-

1935 1575 2118 1648 ligam,
2148 1575 2506 1645 sequentique
2567 1591 2818 1633 sermone
2846 1578 3108 1633 recitabo.
3147 1577 3204 1633 Id
3252 1579 3506 1636 videlicet

1933 1668 2216 1724 Hebraicae
2241 1669 2608 1740 chronologiae
2633 1681 2797 1741 caput
2818 1678 2922 1737 est,
2939 1671 3081 1727 unde
3101 1671 3265 1728 etiam
3301 1671 3504 1730 Mosai-

1933 1776 2032 1818 cus
2062 1761 2200 1817 liber
2233 1761 2338 1817 hoc
2364 1769 2522 1833 pacto
2556 1762 2892 1832 auspicatur.

243 1841 497 1899 Iudaicae
517 1845 695 1916 gentis
749 1848 1081 1918 patriarcha,
1124 1853 1336 1910 decima
1391 1866 1516 1928 post
1564 1857 1826 1915 diluvium
1860 1833 1904 1891 Β
2001 1853 2056 1908 6.
2090 1872 2108 1905 ι
2146 1856 2189 1877 “
2216 1852 2283 1908 Ει
2328 1854 2510 1910 emisit
2541 1869 2684 1919 eum,
2735 1854 2932 1925 inquit,
2993 1857 3202 1913 scilicet
3261 1857 3498 1929 primum

245 1939 628 2006 generatione.
673 1938 798 1994 Haec
837 1941 1124 2002 hactenus.
1161 1947 1372 2020 Quippe
1421 1951 1592 2006 multa
1637 1953 1828 2023 paucis

242 2028 488 2084 diximus
511 2032 576 2086 ad
599 2032 1078 2090 demonstrandam
1109 2036 1457 2094 Hebraeorum
1515 2056 1640 2096 cum
1665 2041 1829 2098 Chal-

243 2123 370 2179 dreis
408 2133 466 2180 et
504 2112 746 2199 Assyriis
790 2130 1124 2186 afﬁnitatem.
1178 2131 1336 2188 Nunc
1381 2149 1562 2204 operae
1591 2138 1826 2206 pretium

240 2223 336 2278 est,
412 2234 487 2274 re
530 2221 694 2289 paulo
740 2222 905 2280 altius
959 2225 1210 2296 repetita,
1268 2226 1599 2298 principium
1648 2227 1827 2285 facere

243 2311 616 2384 chronologiae
637 2313 1010 2373 Hebraaorum.

303 2401 356 2458 5.
390 2403 518 2458 Iam
555 2405 723 2477 hujus
775 2410 935 2466 initio
964 2409 1149 2466 statim
1180 2425 1244 2465 ea
1275 2420 1465 2466 narrat
1497 2411 1670 2468 Moses
1703 2430 1824 2485 quae

244 2495 622 2567 primigeniam
683 2511 927 2557 nostram
972 2504 1300 2560 creationem
1359 2512 1606 2576 spectant
1648 2524 1662 2561 :
1699 2517 1822 2576 post

241 2585 538 2644 Lonitatem
595 2597 777 2647 autem
831 2594 1122 2661 amissam,
1172 2596 1403 2666 primam
1457 2595 1819 2651 humanarum

242 2680 490 2751 stirpium
545 2684 750 2739 evolvit
811 2686 1121 2753 historiam,
1173 2704 1405 2758 quarum
1446 2690 1817 2760 patriarcham

242 2773 489 2842 pmdicat
529 2776 820 2842 Adamum,
849 2779 942 2850 qui
972 2780 1189 2850 quidem
1223 2781 1406 2850 generi
1435 2783 1692 2838 universo
1723 2783 1819 2838 ho-

244 2881 525 2938 monymus
553 2877 640 2926 est
675 2889 689 2925 :
719 2885 955 2941 namque
1005 2871 1177 2926 Adam
1223 2873 1278 2926 in
1336 2872 1684 2928 Hebraeorum
1737 2876 1817 2931 lo-

242 2960 384 3026 quela
409 2971 654 3017 cunctos
683 2963 932 3019 homines
965 2964 1260 3020 universim
1291 2965 1580 3035 signiﬁcat.
1613 2967 1814 3023 [Evum

245 3049 412 3119 igitur,
448 3069 570 3124 quo
617 3054 707 3110 hic
761 3055 1018 3127 paradiso
1053 3056 1244 3126 pulsus
1292 3058 1458 3112 vitam
1505 3060 1810 3128 protelavit,

1931 1945 2226 2013 hominem,
2261 1946 2528 2006 Dominus
2559 1947 2704 2005 Deus
2730 1964 2760 2003 e
2790 1948 3045 2018 paradiso
3063 1950 3402 2017 deliciarum,
3438 1957 3499 2007 ut

1929 2045 2132 2094 terram
2185 2039 2457 2095 excoleret
2497 2039 2564 2096 de
2619 2055 2725 2109 qua
2761 2051 3010 2110 sumptus
3067 2048 3203 2098 erat.
3253 2041 3318 2096 Et
3338 2043 3498 2112 ejecit

1926 2131 2218 2196 Adamum,
2251 2147 2486 2203 eumque
2539 2148 2569 2188 e
2609 2133 2829 2203 regione
2883 2133 3122 2203 paradisi
3179 2133 3496 2189 deliciarum

1925 2224 2231 2281 collocavit.
2274 2243 2293 2276 ι
2331 2223 2468 2279 Tum
2499 2224 2650 2279 addit
2674 2227 2738 2248 ‘“
2784 2244 2796 2279 :
2859 2244 2878 2277 ι
2937 2223 3221 2298 Ingressus
3254 2226 3495 2283 Adamus

1925 2315 1993 2371 ad
2024 2317 2190 2370 Evam
2214 2332 2438 2372 uxorem
2467 2333 2622 2373 suam
2658 2324 2762 2383 est,
2796 2333 2916 2388 quae
2963 2319 3213 2390 concepit
3257 2321 3488 2390 peperit-

1923 2423 2029 2478 que
2080 2407 2332 2463 Cainum.
2406 2428 2425 2462 ι
2481 2408 2658 2480 Atque
2698 2410 2826 2464 hinc
2868 2410 3092 2466 omnino
3133 2418 3323 2466 nostra
3378 2413 3492 2467 haac

1922 2499 2279 2570 chronologia
2325 2500 2610 2555 exordium
2655 2501 2834 2570 capiat
2888 2519 2904 2556 :
2965 2501 3263 2571 superioris
3309 2510 3490 2558 autem

1922 2593 2201 2662 temporis,
2233 2592 2280 2647 si
2310 2607 2417 2662 qua
2446 2600 2552 2659 est,
2587 2593 2840 2658 historia,
2871 2609 2934 2649 ea
2971 2609 3198 2664 prorsus
3221 2603 3282 2649 ut
3305 2585 3493 2650 ineﬂ'a-

1919 2683 2047 2740 bilis
2079 2699 2109 2738 a
2133 2684 2370 2754 posteris
2393 2685 2730 2756 temporibus
2757 2685 3001 2754 sejuncta
3044 2687 3330 2742 habeatur.
3378 2686 3491 2758 Age

1919 2787 2050 2828 vero
2086 2773 2190 2842 ipsi
2223 2771 2436 2828 Hebraei
2494 2773 2551 2828 in
2583 2775 2699 2830 suis
2745 2776 3084 2846 temporibus
3128 2779 3489 2849 supputandis

1917 2864 2075 2920 valde
2105 2863 2376 2920 dissident
2399 2865 2546 2921 inter
2575 2883 2634 2922 se
2672 2886 2684 2921 :
2719 2883 2890 2938 quare
2921 2884 3100 2938 opera:
3137 2871 3374 2941 pretium
3404 2879 3488 2926 est

1917 2963 2162 3011 textuum
2201 2958 2346 3028 apud
2377 2959 2526 3029 ipsos
2550 2961 2877 3016 exstantium
2909 2962 3158 3017 notitiam
3182 2962 3402 3027 habere,
3430 2974 3488 3018 ut

1915 3063 1981 3102 ex
2031 3048 2279 3103 instituta
2343 3050 2446 3106 rite
2492 3052 2900 3122 comparatione
2942 3053 3142 3110 veritas
3194 3055 3482 3110 elucescat.

243 3138 446 3198 divinus
481 3159 587 3213 per
624 3143 828 3200 Mosem
860 3145 1102 3215 Spiritus
1143 3147 1395 3202 edisserit
1439 3167 1452 3202 :
1497 3157 1615 3203 tum
1662 3160 1812 3205 recta
1839 3181 1882 3238 ο
1916 3139 2088 3198 PONO
2119 3141 2340 3198 MOSaiCi
2369 3142 2610 3238 quinque
2636 3142 2765 3238 miri
2795 3144 2946 3201 orbis
2977 3145 3271 3215 Opimium.
3297 3154 3484 3202 aetates

244 3235 369 3290 serie
428 3247 786 3306 posterorum
832 3238 953 3308 ejus
1018 3240 1428 3295 successionem
1489 3250 1809 3308 enumerat,

242 3323 466 3395 itemque
497 3335 752 3398 tempora
792 3344 892 3399 pro
935 3328 1276 3400 singulorum
1306 3329 1558 3387 mtatibus
1594 3350 1607 3386 :
1656 3347 1813 3402 pror-

243 3430 327 3470 sus
357 3426 415 3470 ut
443 3418 568 3487 jam
629 3419 757 3475 inde
783 3420 852 3475 ab
878 3421 1088 3478 Adamo
1137 3429 1432 3478 contexere
1463 3423 1623 3479 nobis
1651 3423 1811 3478 liceat

241 3516 386 3580 atque
408 3512 679 3568 ordinare
699 3512 1046 3570 Hebraeorum
1069 3515 1499 3586 chronologiam.

300 3601 351 3656 4.
379 3602 522 3658 Nam
554 3612 802 3676 tempora
827 3610 866 3671 ',
899 3607 1100 3677 quibus
1144 3608 1450 3662 habitatum
1481 3614 1565 3663 est
1587 3607 1642 3661 in
1689 3607 1801 3673 illo,

241 3693 322 3761 qui
367 3692 462 3751 Dei
521 3695 702 3754 dictus
728 3705 830 3763 est,
864 3699 1142 3770 paradiso,
1191 3715 1351 3755 nemo
1393 3710 1478 3755 est
1515 3700 1609 3769 qui
1651 3699 1804 3754 eﬁari

243 3797 403 3857 queat.
432 3789 555 3846 [mo
585 3791 720 3846 mihi
747 3793 960 3849 videtur
986 3793 1252 3850 mirabilis
1304 3794 1394 3848 ille
1426 3792 1626 3857 Moses,
1662 3793 1796 3849 divi-

242 3892 304 3932 no
329 3876 541 3950 Spiritu
565 3895 722 3946 usus,
751 3882 938 3938 nescio
967 3882 1114 3953 quod
1145 3881 1508 3937 diversorium
1549 3881 1681 3936 orbe
1703 3895 1803 3935 no-

245 3975 342 4024 stro
367 3973 594 4036 melius,
625 3981 680 4029 et
729 3974 1101 4030 beatissimum
1142 3975 1375 4044 aliquem
1433 3971 1543 4027 Deo
1591 3973 1801 4027 dilecta:

243 4062 350 4118 vita:
375 4064 678 4121 incolatum
713 4066 960 4132 inuuere,
985 4083 1109 4122 cum
1140 4066 1345 4137 primas
1378 4064 1604 4118 humani
1633 4079 1797 4136 gene-

245 4153 311 4210 ris
337 4157 490 4216 sedes
516 4159 835 4228 paradisum
869 4160 1103 4230 appellat
1135 4158 1252 4232 (5):
1291 4172 1483 4227 nempe
1525 4155 1798 4212 Adamum

247 4241 295 4299 in
318 4251 568 4317 paradiso
602 4250 1364 4321 suaviorem'dulcioremque
1403 4249 1572 4305 vitam
1629 4248 1799 4321 agita-

307 4447 365 4517 (⁶)
404 4452 514 4524 Τὴν
557 4453 656 4523 μὲν
689 4455 960 4524 ποσότητα
992 4454 1084 4508 τοῦ
1106 4455 1298 4528 χρόνου
1326 4452 1425 4523 τῆς
1451 4453 1509 4504 ἐν
1539 4450 1616 4523 τῷ
1652 4469 1692 4513 π

250 4511 454 4591 θεάπτης
491 4525 736 4596 Μωῦσῆς
765 4525 1132 4578 καταλέλοιπε.
1173 4525 1256 4580 Ex
1285 4522 1626 4594 Syncello,p.
1658 4522 1692 4575 4

330 4613 382 4678 η)
420 4616 448 4666 Ε

249 4609 448 4803 iiii:

346 4792 357 4802 .
383 4769 460 4819 ιιι,
481 4756 677 4822 23,24.
743 4785 747 4790 ·

1915 3240 2030 3288 tum
2055 3234 2353 3289 viventium
2379 3241 2504 3289 ante
2533 3234 2799 3290 diluvium
2825 3246 2937 3292 tum
2971 3238 3275 3308 priscorum
3300 3239 3482 3294 homi~

1913 3342 2042 3382 num
2069 3334 2189 3397 post
2224 3327 2379 3393 illud,
2415 3341 2516 3382 nec
2551 3343 2659 3384 non
2700 3327 2994 3384 Hebraicas
3036 3332 3382 3402 propagines,
3430 3340 3483 3388 et

1913 3412 2147 3482 denique
2171 3413 2337 3470 Mosis
2369 3431 2434 3470 ex
2476 3415 2578 3470 hac
2601 3416 2711 3470 vita
2735 3432 3021 3473 excessum
3055 3421 3304 3478 recitant.

1983 3503 2034 3559 7.
2079 3502 2182 3559 Sed
2207 3506 2350 3560 enim
2379 3504 2538 3578 Legis
2565 3505 2829 3562 Volumen
2842 3510 2983 3579 apud
3011 3508 3321 3566 Iudaeorum
3356 3527 3481 3567 suc-

1910 3611 2159 3653 cessores
2194 3597 2352 3654 aliter
2401 3614 2460 3653 se
2491 3600 2680 3667 habet,
2723 3608 2885 3672 atque
2933 3603 3076 3674 apud
3104 3602 3478 3664 Samaritanos

1907 3691 2001 3759 qui
2051 3690 2270 3746 fuerunt
2324 3689 2636 3748 Iudaeorum
2685 3695 2961 3767 proselyti.
3017 3697 3158 3763 Quin
3185 3698 3320 3754 adeo
3347 3701 3479 3770 ipsa:

1906 3782 2100 3838 littera:
2125 3784 2231 3838 alia
2255 3782 2428 3838 forma
2459 3785 2698 3855 praeditae
2725 3797 2854 3844 sunt
2890 3789 3033 3859 apud
3069 3788 3346 3858 Hebraeos,
3371 3794 3474 3848 alia

1907 3875 2052 3945 apud
2091 3873 2466 3934 Samaritanos
2502 3898 2515 3934 :
2558 3879 2708 3950 atqui
2736 3879 3108 3938 Samaritanas
3133 3884 3394 3955 genuinas
3421 3894 3475 3941 et

1905 3967 2258 4039 primigenias
2286 3969 2563 4025 habendas
2601 3986 2756 4036 esse,
2807 3988 2875 4027 ne
2902 3971 3211 4029 Iudaeorum
3257 3977 3476 4046 quidem

1902 4059 2148 4116 haeredes
2176 4060 2380 4117 inﬁtias
2407 4063 2686 4118 ibunt““.
2721 4063 2886 4134 igitur
2906 4075 3031 4121 ante
3063 4073 3300 4125 mutatas
3327 4069 3476 4125 litte-

1900 4167 1991 4208 ras
2039 4153 2247 4208 nullum
2292 4157 2435 4210 inter
2461 4171 2555 4211 eos
2587 4156 2875 4212 discidium
2908 4157 3030 4213 fuit.
3081 4157 3295 4217 Rursus
3328 4163 3474 4232 quod

1899 4245 2094 4301 attinet
2115 4244 2184 4300 ad
2212 4245 2617 4318 chronologiam
2645 4247 2967 4307 manifestus
2995 4255 3080 4306 est
3106 4251 3341 4322 partium
3364 4249 3479 4306 dis-

557 4453 656 4523 μὲν
689 4455 960 4524 ποσότητα
992 4454 1084 4508 τοῦ
1106 4455 1298 4528 χρόνου
1326 4452 1425 4523 τῆς
1451 4453 1509 4504 ἐν
1539 4450 1616 4523 τῷ
1652 4453 1964 4576 παῧαδείσῳ
2010 4455 2286 4526 διαγωγῆς
2328 4453 2436 4508 τῶν
2465 4453 2904 4527 πρωτοπλάστων
2947 4455 3254 4527 ἀτράνωτον
3284 4455 3414 4526 ἡμῖν
3447 4456 3475 4508 ὁ

557 4525 736 4576 mihi:
765 4525 1132 4576 καταλέλοιπε.
1173 4525 1256 4576 Ea:
1285 4522 1626 4576 Suncellom.
1658 4522 1692 4575 4
1775 4565 1788 4576 .

350 4613 382 4678 ”)
420 4616 528 4668 Καὶ
569 4614 943 4679 ἐξαπέστειλεν
985 4617 1144 4671 αὐτὸν
1167 4619 1370 4689 Κύριος
1411 4617 1440 4668 ὁ
1491 4613 1624 4677 Θεὸς
1653 4615 1717 4668 ἐκ
1775 4618 1867 4672 τοῦ
1917 4620 2244 4692 παραδείσου
2288 4619 2387 4690 τῆς
2418 4620 2646 4691 τρυφῆς,
2682 4619 3006 4742 ἐξεργάζεσθαι
3038 4619 3134 4690 τὴν
3177 4619 3280 4701 γῆν
3309 4613 3473 4742 ὲξές

350 4682 448 4742 ρθη.
509 4687 621 4738 Καὶ
676 4686 896 4742 ἐξέϐαλε
953 4688 1040 4741 τὸν
1104 4688 1307 4742 Ἀδὰμ..
1359 4688 1453 4742 καὶ
1514 4682 1816 4742 κατῴκισεν
1866 4691 2029 4742 αὐτὸν
2078 4690 2338 4742 ἀπέναντι
2397 4689 2490 4742 τοῦ
2552 4708 2702 4742 παοα
2735 4692 2879 4742 aio-ou
2934 4691 3033 4742 τῆς
3093 4706 3323 4742 tantone.
3434 4705 3473 4742 at

509 4686 896 4768 Eat-€55.11;
953 4688 1040 4741 τὸν
1104 4686 1307 4760 Ἀδὰμ,
1359 4688 1453 4742 καὶ
1514 4686 1816 4754 κατῴκισεν
1866 4686 2029 4745 αὐτὸν
2078 4686 2354 4768 ἀπέναντι⁷
2397 4686 2490 4744 τοῦ
2535 4686 2879 4764 ’παραδείσου
2934 4691 3033 4762 τῆς
3093 4686 3323 4762 τροφῆς.
3387 4686 3473 4745 Ex

307 4843 403 4918 (“‘)
451 4851 624 4920 Ἀδὰμ
648 4850 704 4904 δὲ
730 4850 869 4920 ἔγνω
896 4850 1040 4906 Εὕαν
1066 4852 1165 4924 τὴν
1192 4858 1422 4924 γυναῖκα
1449 4858 1632 4912 αὑτοῦ·
1663 4859 1757 4913 καὶ
1791 4856 2048 4911 συνέλαϐε
2075 4859 2168 4911 καὶ
2189 4857 2343 4912 ἔτεκε
2378 4857 2469 4912 τὸν
2504 4857 2756 4914 Κάῖνλζπ
2780 4857 3048 4921 Gen.lv,i.

311 4940 788 5028 i:“j‘Atgtpw~:oﬁat
817 4946 888 5028 τα
921 4947 1676 5028 Ἑξραῖκὰηᾲντίζραφα-πρὸς
1690 4954 1750 5007 τὸ
1780 4953 2130 5028 ξαμαρειτέῦν
2158 4954 2506 5028 ἀρχαιότατον
2524 4955 2631 5028 ,καὶ
2657 4957 2766 5020 τοῖς
2783 4953 3122 5027 χαρακτῆρσι
3141 4951 3470 5020 διαλλάττον,

311 4972 325 5002 \
458 4972 788 5012 μιαψωνυυυι
817 4972 888 5000 τα
936 4972 1178 5028 ιιῐὲραικα
1209 4972 1514 5023 αντιγραφα
1543 4972 1676 5026 προς
1690 4972 1750 5007 το
1781 4972 1818 5006 ἐκ

252 5003 276 5057 ὃ
301 5011 382 5065 καὶ
401 4972 595 5088 dines;
615 5011 756 5071 εἶναι
787 5018 881 5071 καὶ
907 5034 1120 5090 πρωτον
1179 5020 1416 5092 Ἑϐραῖοι
1441 5022 1818 5096 καθομολογοῦι

1924 4972 1937 5005 ι
1975 4972 2130 5007 ειτων
2158 4972 2506 5025 αρχαιοτατον
2540 4973 2573 5009 κ

1924 4972 2002 5079 ἕεις
2033 5024 2296 5095 Syncello,
2322 5041 2376 5096 ρ.
2412 5021 2483 5081 8'5
2509 5024 2573 5082 C.

312 5161 528 5231 (HGcn.
557 5187 612 5234 ι,
638 5169 732 5226 22.
1826 5185 1876 5245 Ῑ)

315 5251 379 5323 (2)
397 5253 563 5312 Suifra
604 5268 727 5315 atur
743 5260 946 5321 diserte
967 5260 1238 5333 Iosephus
1257 5266 1386 5321 Anti
1426 5306 1438 5320 .
1467 5282 1506 5328 ι,
1535 5267 1600 5323 6:
1631 5268 1793 5322 Ἔλα-

315 5338 339 5386 ς
370 5276 700 5390 Ἐλαμαῇως,
741 5331 966 5390 Περσῶν
1015 5332 1172 5390 ὄντας
1201 5284 1535 5390 ἀογτιγέτας.
1577 5339 1792 5390 κατέλι-

260 5335 339 5410 Et};
362 5325 710 5410 Ἐλιᾳμαῖουςη..
741 5331 966 5404 Περσῶν
1015 5325 1172 5410 owing
1201 5325 1535 5410 ἀρχηγέτας,
1577 5339 1792 5392 κατέλι-

399 5395 608 5455 Ειᾰιηιιε
641 5395 931 5479 Ιξιαηιιὲοε,
957 5404 1046 5472 qui
1075 5395 1193 5461 sunt
1224 5395 1790 5479 Persarutn'progeni-

262 5465 390 5530 tom,
422 5472 723 5536 procreavit.

1976 5181 2054 5254 (4)
2086 5180 2200 5236 imo
2234 5181 2290 5256 hi
2347 5180 2486 5256 Ludi
2534 5179 2671 5256 olim_
2711 5179 3042 5256 dicebantur
3069 5186 3207 5256 teste
3231 5177 3467 5256 Iosepho

1901 5249 2225 5322 loco'uuper
2247 5251 2466 5306 laudato
2505 5271 2518 5306 :
2566 5251 2770 5317 Λυδοὺς
2809 5249 2904 5306 νῦν
2948 5249 3192 5316 καλοῦσι,
3236 5251 3469 5305 Λούδουο

1899 5323 2117 5390 δξτότε,
2146 5323 2353 5387 Λούδας
2387 5322 2590 5377 ἔκτισε.

1968 5411 2045 5485 (5)
2069 5413 2144 5470 De
2166 5415 2440 5539 paradiso,
2461 5415 2513 5495 in
2531 5429 2642 5496 quo
2659 5413 2835 5470 Moses
2851 5415 3176 5498 collocatum
3195 5414 3465 5498 Adamum

1972 5494 2118 5539 rrat.
2191 5485 2318 5538 taud
2374 5485 2613 5538 absmttlt
2671 5486 2836 5539 modo
2895 5485 3136 5539 loaultur
3195 5485 3463 5539 Eusebius

1895 5494 2118 5556 narrat,
2173 5485 2318 5539 haud
2374 5485 2613 5556 absimili
2671 5486 2836 5540 modo
2875 5485 3136 5556 loquitur
3195 5485 3463 5542 Eusebius

409 5553 541 5642 hiem
595 5561 756 5642 plane
783 5563 970 5642 ~tra_d_it‘
991 5563 1287 5642 Iosephus
1308 5567 1437 5642 loco
1478 5569 1736 5642 praedicto
1769 5589 1786 5626 :

1924 5547 2113 5624 Praepf
2141 5572 2218 5610 ev.
2255 5571 2351 5637 xit,
2383 5556 2471 5642 11',
2506 5555 2615 5642 ‘13,.
2648 5556 2740 5642 qui
2765 5563 2827 5637 Oet
2873 5547 3168 5642 Mojsaicam
3198 5558 3468 5612 narratio-

269 5615 567 5730 mea.
593 5615 1792 5730 3.2...ys...59533;;patescant:

1924 5615 2374 5695 Iem'opportunis
2406 5615 2649 5681 Platonis
2667 5615 2811 5682 locis
2839 5629 3149 5683 conﬁrmat.

265 5682 502 5792 Ξηαὲίῗυςι
517 5682 823 5792 ὧνόξιαβεὲν
853 5703 1020 5785 ᾇρξας
1067 5682 1244 5762 αὐξῶν
1264 5725 1286 5791 ι·
1316 5682 1789 5792 ΑτῗῇΙιαττξιιεδΓῆοτ

1969 5716 2044 5788 (6)
2089 5682 2485 5792 .Suboliscui'us
2539 5718 2625 5772 vel
2669 5719 2956 5791 pcrplexus
3012 5726 3065 5776 et
3101 5720 3384 5792 ambiguus
3410 5719 3463 5774 in

265 5764 740 5853 ξιξξιρὶτρὴαπαάωὶδ
766 5764 910 5842 fecit,
937 5764 1158 5846 quorum
1192 5764 1431 5850 princeps
1452 5781 1470 5852 (
1490 5781 1570 5836 vel
1597 5781 1785 5853 pater)

269 5787 740 5892 arpnaxaawts
766 5787 910 5842 jecu,
943 5792 1158 5846 quorum
1192 5787 1431 5850 princeps
1452 5787 1470 5852 (
1490 5787 1570 5836 vel
1597 5787 1785 5853 pater)
1897 5787 2208 5847 Armenia“
2249 5796 2396 5843 (εχιυ
2427 5787 2601 5869 ιοςιέιδ.
