3884 6268
268 414 373 468 177

1466 413 1958 471 CHRONICORUM
1995 415 2121 471 LIB.
2165 415 2206 470 Ι.

3360 412 3474 466 1τᾶ

261 533 426 600 cipem
457 544 518 584 ex
549 527 712 593 Juda,
737 529 1042 601 ducemque
1075 546 1105 587 e
1137 531 1339 588 femore
1385 534 1524 603 ejus,
1564 533 1736 590 donec
1767 535 1812 591 is
1840 545 1886 601 Α
1914 537 2035 592 dem
2067 546 2120 592 et
2147 542 2436 606 antequam
2468 533 2688 588 Darium
2723 531 3054 587 interimeret
3072 529 3182 599 jam
3205 543 3466 600 regnave-

260 623 566 674 adventaret
605 619 696 673 cui
739 631 1012 675 servatum
1044 630 1150 686 est,
1193 623 1247 676 in
1290 639 1398 693 quo
1440 635 1628 695 gentes
1659 641 1810 696 spem

257 727 410 768 suam
439 712 866 767 collocaverunt.
903 733 921 766 ι
957 714 1130 785 Atque
1165 715 1278 770 haec
1308 717 1378 770 ita
1409 732 1467 772 se
1497 717 1718 772 habent.

306 804 383 858 .4.
423 801 639 857 Summa
668 819 800 858 vero
832 807 1094 874 temporis
1132 822 1161 860 a
1187 806 1476 862 Salomone
1519 809 1810 879 templique

255 893 561 961 primordiis
589 908 764 962 usque
789 894 856 947 ad
897 909 1097 950 annum
1132 895 1277 951 Darii
1307 897 1484 953 Persa!
1511 898 1808 953 secundum

254 985 542 1055 templique
584 986 1066 1052 instaurationem,
1117 990 1246 1043 anni
1288 998 1416 1044 sunt
1443 1005 1540 1045 nu.
1591 990 1728 1044 Tum
1777 1005 1812 1044 a

256 1072 436 1146 Moyse
449 1091 776 1148 egressuque
805 1093 868 1133 ex
891 1078 1123 1149 Egypto
1148 1080 1213 1134 ad
1241 1079 1586 1136 Salomonem
1603 1089 1657 1137 et
1674 1095 1808 1135 con-

254 1165 425 1219 ditum
463 1168 748 1236 templum,
780 1169 906 1223 anni
937 1178 1065 1224 sunt
1091 1186 1380 1225 ccccuxx.
1431 1172 1474 1226 A
1502 1174 1677 1242 primo
1708 1188 1807 1226 au~

252 1262 363 1306 tem
400 1269 530 1308 anno
555 1256 850 1312 Abrahami
881 1259 947 1313 ad
976 1260 1176 1315 exitum
1216 1260 1343 1314 anni
1370 1277 1463 1319 nv.
1494 1261 1559 1316 Et
1603 1277 1636 1316 a
1663 1261 1806 1316 dilu-

251 1345 345 1398 vio
380 1344 442 1398 ad
473 1346 702 1415 primum
747 1363 947 1403 annum
977 1351 1291 1416 Abrahami,
1340 1354 1469 1408 anni
1501 1369 1799 1410 ncccchu.

247 1435 322 1490 Et
352 1437 418 1492 ab
447 1438 651 1494 Adamo
687 1441 756 1496 ad
788 1441 1050 1497 diluvium
1083 1445 1208 1498 anni
1246 1461 1518 1504 lucenti.
1563 1445 1804 1517 Denique

249 1529 320 1581 ab
356 1529 552 1585 Adamo
588 1531 657 1586 ad
703 1531 850 1588 Darii
891 1534 1118 1589 alterum
1158 1551 1358 1591 annum
1398 1539 1804 1608 secundumque

247 1619 722 1694 Hierosolymitani
752 1627 934 1697 templi
964 1628 1252 1684 aedilicium
1284 1632 1636 1686 cumulantur
1669 1633 1798 1687 anni

245 1727 608 1768 IIIIDCLISX
631 1714 731 1786 (1).
758 1715 984 1788 Reliqua
1019 1726 1262 1790 tempora
1286 1727 1410 1790 post
1446 1723 1670 1777 alterum
1705 1722 1801 1778 Da-

243 1803 311 1856 rii
346 1818 566 1870 annum,
588 1807 684 1877 qui
711 1805 816 1861 fuit
854 1813 1202 1880 sexagesimze
1233 1813 1438 1882 quintae
1477 1813 1800 1886 Olympiadis

1913 636 1996 682 rat
2019 627 2176 682 annis
2203 644 2276 682 vr.
2307 625 2528 680 Summa
2556 623 2820 693 temporis
2846 622 2915 677 ab
2952 622 3122 676 altero
3143 619 3290 674 Darii
3319 635 3461 674 anno

1911 715 1978 768 ad
1997 713 2288 768 Alexandri
2319 713 2550 777 obitum,
2583 714 2676 782 qui
2701 712 2758 766 in
2784 711 3016 781 primum
3045 725 3245 764 annum
3276 708 3466 763 incidit

1909 804 2232 874 Olympiadis
2283 805 2595 860 centesima:
2637 811 2846 875 quarta:
2875 801 3118 867 decimze,
3171 800 3297 855 anni
3339 808 3467 854 sunt

1907 904 2111 950 CXCVII.

1979 987 2031 1041 6.
2072 987 2202 1043 Post
2230 987 2524 1042 Alexandri
2551 985 2783 1048 obitum,
2817 982 3040 1056 Egypti
3072 993 3126 1039 et
3155 982 3466 1038 Alexandri-
3508 1045 3515 1052 ,

1907 1093 1990 1132 nae
2016 1079 2168 1134 urbis
2202 1078 2487 1148 imperium
2523 1082 2814 1131 tenuerunt
2853 1077 2907 1130 hi
2940 1094 2954 1128 :

1976 1173 2016 1225 1.
2059 1168 2378 1224 Ptolemaeus
2405 1167 2536 1238 Lagi
2567 1166 2725 1222 annis
2747 1182 2836 1221 χι..

1976 1257 2038 1313 ll.
2081 1257 2402 1313 Ptolemaeus
2425 1255 2810 1326 Philadelphus
2831 1256 2988 1311 annis
3011 1272 3218 1310 xxxvm
3243 1255 3321 1325 (6)

2046 1350 2159 1405 Sub
2208 1350 2311 1404 hoc
2359 1349 2706 1404 Hebraeorum
2747 1350 2888 1403 sacri
2930 1347 3081 1404 Libri
3117 1347 3184 1402 ad
3221 1346 3462 1402 Graecam

1905 1441 2144 1512 linguam
2171 1441 2422 1496 translati
2449 1449 2598 1506 sunt,
2625 1448 2679 1496 et
2703 1440 2755 1494 in
2795 1439 3175 1495 Alexandrinae
3203 1437 3354 1493 urbis
3388 1436 3466 1491 bi-

1904 1531 2228 1586 bliothecam
2259 1532 2482 1601 recepti.

1973 1619 2060 1676 lll.
2102 1618 2424 1676 Ptolemaeus
2457 1621 2747 1693 Evergetes
2777 1623 2935 1677 annis
2958 1638 3104 1678 χχιι

1974 1710 2062 1766 1V.
2104 1710 2428 1767 Ptolemaeus
2451 1710 2766 1782 Philopator
2789 1713 2947 1768 annis
2967 1727 3081 1766 xxi.

1973 1801 2038 1856 γ.
2081 1801 2401 1856 Ptolemaeus
2430 1800 2736 1872 Epiphanes
2768 1803 2926 1856 annis
2954 1818 3088 1856 xxii.

242 1905 424 1948 annus
443 1895 669 1964 primus,
707 1897 946 1954 eﬂiciunt
975 1901 1312 1971 olympiadas
1337 1917 1577 1965 cxxxvu,
1624 1921 1798 1962 annos
1832 1891 1872 1949 Β
1973 1892 2060 1947 Vl-
2102 1893 2424 1950 “0131113305
2452 1893 2784 1947 Ριιίίοωθίοτ
2813 1894 2970 1950 almis
2992 1909 3177 1949 XXX"-

242 1998 464 2040 nerm.
503 1986 633 2052 Qua:
681 1998 916 2060 tempora
949 1991 1260 2062 singillatim
1297 1993 1369 2048 ita
1413 2004 1792 2065 supputantur.

312 2071 365 2124 5.
404 2070 535 2129 Post
572 2074 774 2146 Cyrum
825 2094 1004 2151 regem
1051 2081 1283 2150 primum
1324 2082 1638 2147 Persarum,
1681 2087 1799 2140 dia-

243 2162 397 2218 dema
441 2165 508 2219 ad
547 2165 868 2240 Cambysem
907 2170 1135 2239 recidit;
1192 2173 1259 2226 ah
1301 2174 1402 2228 hoc
1443 2181 1510 2230 ad
1555 2175 1794 2240 Darium,

239 2252 331 2322 qui
373 2255 532 2309 annis
564 2257 790 2312 omnino
837 2260 1081 2330 regnavit
1129 2276 1181 2314 v1
1225 2277 1389 2333 supra
1429 2280 1558 2318 xxx.
1619 2265 1795 2336 Hujus

240 2357 380 2398 anno
435 2347 605 2401 altero
668 2349 929 2419 templum
988 2350 1378 2425 Hierosolymis
1436 2355 1794 2412 instauratum

238 2441 320 2488 est
343 2435 444 2506 (2).
475 2437 691 2510 Reliqui
720 2448 849 2497 sunt
892 2441 1038 2496 Darii
1067 2460 1254 2500 xxxiv.
1292 2444 1604 2502 Teneantur
1628 2448 1794 2520 igitur

240 2523 382 2616 Harii
407 2531 536 2616 anni
562 2547 746 2587 xxxiv.
786 2531 924 2588 Tum
953 2534 1149 2594 Xerxis
1175 2540 1303 2592 anni
1336 2555 1408 2592 xx
1435 2539 1536 2610 ('5),
1566 2542 1669 2596 sub
1689 2556 1798 2612 quo

242 2615 484 2674 Estheris
505 2615 596 2676 res
616 2623 936 2693 agebantur.
965 2623 1168 2682 Deinde
1187 2627 1506 2684 Artaxerxis
1531 2629 1658 2683 anni
1685 2645 1792 2684 xu.

243 2705 350 2762 Sub
401 2709 504 2764 hoc
547 2709 752 2768 Esdras
784 2727 1066 2769 sacrorum
1098 2715 1240 2786 apud
1280 2713 1499 2772 Iudaeos
1531 2717 1795 2772 librorum

240 2801 445 2869 peritus
490 2803 670 2856 scriba
705 2802 950 2860 ﬂorebat.
991 2803 1042 2862 Is
1078 2807 1241 2862 etiam
1287 2806 1460 2863 fertur
1488 2815 1720 2864 cunctas
1765 2823 1796 2861 a

239 2887 342 2944 Deo
373 2889 553 2947 dictas
595 2888 908 2962 Scripturas
943 2895 1001 2949 in
1051 2902 1285 2951 mentem
1336 2897 1439 2952 sibi
1483 2912 1792 2960 revocasse,

239 2992 436 3049 easque
460 2978 665 3036 Judazis
691 2983 984 3039 tradidisse
1021 2985 1179 3042 novis
1222 2983 1609 3042 Hebraicarum
1654 2987 1796 3044 litte-

241 3086 418 3125 rarum
447 3071 640 3128 formis
677 3089 965 3145 expressas
989 3075 1063 3149 (4)
1090 3097 1103 3131 :
1138 3078 1300 3148 idque
1330 3088 1454 3149 post
1503 3079 1644 3135 bella
1675 3096 1797 3151 quae

240 3163 510 3232 regionem
545 3165 695 3219 illam
722 3175 1086 3224 vastaverant.
1111 3168 1380 3225 Praeterea
1413 3179 1469 3225 et
1507 3168 1795 3228 Nehemias

241 3255 495 3323 pineerna
521 3258 974 3328 cognoscebatur,
1009 3260 1101 3330 qui
1127 3259 1420 3316 mandante
1449 3276 1574 3332 rege
1614 3261 1670 3314 in
1699 3260 1795 3316 Ju-

240 3349 406 3404 dzeam
427 3365 751 3422 progressus
778 3349 1148 3424 Hierosolyma
1175 3353 1467 3414 excitabat,
1494 3353 1794 3424 urbemque

241 3441 506 3496 moenibus
541 3442 820 3498 ambiebat
851 3463 864 3499 :
894 3451 1121 3500 eatenus
1175 3446 1318 3502 enim
1364 3446 1496 3502 urbs
1528 3446 1585 3500 in
1618 3445 1792 3502 ruinis

240 3532 580 3597 consederat,
616 3535 816 3606 templo
857 3546 1105 3607 excepto,
1158 3538 1304 3607 quod
1349 3539 1453 3594 sub
1503 3537 1668 3593 Dario
1705 3553 1792 3593 re-

240 3623 464 3678 vixerat.
488 3622 622 3680 Post
647 3625 1003 3683 Artaxerxem
1033 3628 1294 3683 dominati
1322 3638 1448 3685 sunt
1477 3628 1657 3685 Persis
1687 3629 1741 3683 hi
1776 3648 1790 3685 :

241 3711 428 3772 Darius
458 3717 619 3772 annis
649 3733 742 3772 xu
767 3717 865 3789 (5).
896 3719 1224 3777 Artaxerxes
1255 3720 1501 3777 Mnemon
1521 3721 1681 3778 annis
1703 3735 1792 3777 XL.

237 3803 414 3861 Ochus
484 3807 646 3862 annis
705 3824 852 3864 xxvr.
903 3810 1070 3865 Arses
1121 3813 1280 3866 annis
1327 3827 1397 3866 ιν.
1454 3811 1649 3868 Darius
1704 3825 1796 3865 an-

238 3897 313 3952 nis
334 3915 414 3953 vr.
446 3898 579 3956 Post
611 3901 712 3957 hos
747 3902 1052 3957 Alexander
1096 3902 1317 3959 Macedo
1357 3903 1648 3961 Persarum
1693 3905 1796 3958 im~

238 3991 436 4056 perium
457 3989 676 4056 delevit,
712 3994 1064 4064 regnavitque
1095 3995 1212 4066 ipse
1241 3997 1400 4051 annis
1426 4011 1476 4050 vr
1502 4015 1517 4063 ;
1546 3996 1639 4066 qui
1669 3995 1793 4067 qui-

298 4128 356 4203 (‘_)
399 4130 558 4203 Κατὰ
600 4132 660 4203 (δὲ
712 4133 977 4203 Ἀντίοχον
1018 4135 1225 4188 τουτονὶ
1269 4134 1584 4198 Ματταθίας
1637 4135 1765 4188 Ἀσα

1774 4131 2004 4204 μωναίου
2035 4133 2166 4204 τεαῖς
2209 4129 2366 4204 ζῇλργ
2401 4128 2508 4204 ⁸’τὴν

1974 1985 2024 2039 7.
2065 1983 2240 2055 Hujus
2269 1993 2428 2040 relate
2459 1988 2702 2056 regnavit
2734 1984 2788 2038 in
2827 1983 2982 2056 Syria
3012 1984 3336 2050 Antiochrs,
3367 1999 3463 2040 co-

1901 2081 2193 2148 gnomento
2224 2075 2556 2147 Epiphanes,
2588 2077 2692 2132 sub
2730 2091 2842 2146 quo
2868 2092 2930 2132 ea
2967 2076 3312 2147 contigerunt
3340 2093 3460 2147 qum

1901 2169 1957 2222 in
1983 2168 2124 2222 libro
2149 2167 2225 2238 (7)
2255 2167 2684 2223 Machabaeorum
2708 2177 3036 2235 narrantur;
3071 2183 3286 2239 nempe,
3315 2168 3472 2236 quod

1899 2259 2206 2318 Antiochus
2234 2257 2474 2314 Judzeam
2496 2268 2710 2332 gentem
2740 2259 2805 2314 ad
2829 2259 3246 2330 superstitiones
3280 2261 3461 2316 ethni-

1899 2369 1992 2409 cas
2027 2353 2198 2410 relabi
2237 2353 2502 2422 coegerit,
2539 2351 2909 2423 templumque
2950 2350 3212 2408 dedicatis
3260 2351 3335 2406 ibi
3381 2353 3459 2408 sic

1898 2445 2018 2516 gnis
2079 2445 2455 2510 temeraverit,
2507 2452 2620 2498 tum
2670 2452 2726 2499 et
2783 2457 3029 2498 sacram'
3067 2443 3457 2514 supellectilem

1899 2537 2207 2608 Olympiade
2246 2535 2545 2592 centesima
2567 2536 3019 2607 quinquagesima
3050 2535 3225 2605 prima
3251 2535 3328 2606 (8)
3375 2535 3458 2589 di-

1899 2629 2148 2700 ripuerit.
2167 2627 2494 2698 lnterjacent
2515 2634 2694 2707 autem
2720 2628 2863 2682 inter
2882 2626 3190 2684 Macedonis
3215 2626 3458 2682 Alexan-

1897 2719 1980 2773 dri
2010 2719 2218 2775 obitum
2245 2720 2590 2790 primumque
2624 2733 2827 2772 annum
2870 2718 3170 2789 Epiphanis
3201 2719 3456 2774 Antiochi

1899 2811 2109 2866 annicr.
2137 2811 2213 2880 (9)
2247 2832 2259 2866 :
2289 2821 2344 2866 et
2390 2811 2532 2867 inter
2573 2812 2802 2867 alterum
2839 2811 2985 2866 Darii
3033 2827 3239 2868 annum
3293 2816 3458 2879 atque

1898 2905 2068 2973 ipsum
2085 2903 2411 2958 Antiochum
2433 2903 2560 2957 anni
2584 2917 2826 2957 cccxuu
2857 2901 2990 2972 (l0).
3023 2900 3199 2971 Hujus
3221 2905 3241 2925 ⁶
3268 2903 3458 2958 Antio-

1897 2995 1984 3050 chi
2015 2995 2357 3064 temporibus
2385 2993 2695 3063 Matathias,
2732 2993 3036 3050 Asamonaei
3062 2993 3228 3059 filius,
3257 2993 3458 3064 patrio-

1897 3099 2020 3140 rum
2058 3099 2338 3139 sacrorum
2369 3085 2541 3138 zelum
2593 3104 2706 3163 prae
2743 3097 2804 3139 se
2849 3081 3049 3149 ferens,
3086 3083 3196 3138 dux
3239 3082 3459 3153 gentilis

1895 3175 2176 3232 exercitus
2195 3175 2430 3230 exstitit.
2479 3172 2618 3228 Huic
2649 3175 2916 3230 successit
2962 3173 3132 3230 Judas
3161 3173 3328 3240 ﬁlius,
3365 3188 3459 3229 co-

1900 3271 2195 3337 gnomento
2223 3261 2581 3318 Machameus.
2614 3261 2743 3320 Post
2770 3263 2916 3320 hunc
2946 3279 3141 3321 rursus
3169 3263 3336 3320 frater
3360 3261 3456 3318 Jo-

1900 3355 2094 3410 nathas
2121 3372 2134 3408 :
2159 3361 2282 3424 post
2328 3367 2488 3422 quem
2523 3352 2691 3408 frater
2729 3353 2854 3408 item
2893 3353 3102 3420 Simon,
3149 3357 3205 3410 in
3239 3370 3348 3429 quo
3390 3355 3456 3409 li-

1898 3449 1996 3505 ber
2017 3447 2128 3517 (11)
2166 3445 2590 3501 Machabazorum
2614 3444 2773 3499 finem
2808 3444 2958 3509 facit,
3010 3462 3277 3502 annorum
3317 3463 3457 3518 qua-

1897 3539 2146 3610 draginta
2168 3537 2279 3609 (i2)
2307 3551 2396 3592 res
2423 3535 2761 3606 complexus,
2778 3552 2970 3607 nempe
3000 3553 3174 3608 usque
3197 3537 3263 3592 ad
3283 3539 3458 3610 olym-

1895 3630 2106 3700 piadem
2164 3627 2514 3683 centesimam
2556 3629 2948 3698 sexagesimam
2998 3630 3226 3700 primam
3271 3632 3460 3701 exple-

1895 3723 2004 3768 tam
2027 3732 2040 3768 :
2063 3729 2093 3768 a
2121 3729 2227 3784 qua
2256 3714 2322 3768 ad
2352 3715 2650 3785 Augustum
2678 3713 3045 3770 Romanorum
3073 3717 3455 3787 imperatorem

1896 3805 2026 3861 anni
2050 3821 2288 3860 Lxxxvm
2321 3816 2631 3876 supersunt.

1955 3901 2010 3958 8.
2031 3902 2160 3959 Post
2171 3901 2470 3968 Simonem,
2487 3901 2714 3958 testibus
2727 3900 2983 3958 Africano
2997 3911 3050 3958 et
3067 3901 3304 3973 Josepho
3321 3903 3367 3974 (l
3379 3904 3475 3979 '5)...

1891 3994 2199 4052 Iudaeorum
2234 3995 2476 4052 ductavit
2511 3996 2810 4050 exercitum
2840 3993 3102 4050 Jonathas
3127 3997 3262 4067 (14),
3287 3998 3378 4066 qui
3403 4008 3458 4050 et

2737 4126 2836 4197 τῆς
2885 4128 3112 4198 πατρίαν
3161 4127 3459 4198 Θρησκείας

239 4196 532 4285 galeam,
560 4196 1153 4285 τῂν-ἸουᾷαίῶγΑάρχὴν
1201 4206 1536 4285 ᾲνεκςήσατρ
1548 4196 1576 4285 ⁷⁷
1599 4205 1691 4258 καὶ
1721 4196 2090 4285 ήῆήσαςεουτρῖὲ
2119 4196 2280 4285 κλαρῢζ
2309 4198 2448 4285 M50:
2463 4199 2523 4285 ὂξ
2555 4196 2919 4285 ὁθγὶδεαῦτξίς)
2953 4196 3150 4285 Ἰξιξδας
3175 4196 3452 4285 6.57.5512“-

239 4266 339 4346 θεὶς
364 4266 758 4346 -ῌακκαῇαῖοᾳ
799 4266 1231 4346 ἰωνάρηξᾟὶετὰ
1254 4266 1462 4346 τοῦτὸν.
1499 4266 1922 4346 Σίμωνῗτξυτονὶ
1962 4273 1990 4322 ὁ
2027 4269 2249 4346 ὰᾷελφὸς
2285 4267 2450 4346 αἰέτοῦ
2493 4267 2808 4346 ᾷεαδέχετέιιγ.
2833 4267 2941 4346 ⁸ξῑῐς
2974 4266 3160 4346 rogali-0v
3197 4269 3230 4337 ή
3278 4266 3457 4336 βίϐλος

239 4339 347 4416 7513i
362 4340 740 4416 Μᾳζξιὲᾷαίων
767 4336 1450 4416 ⁴ιτέιεραιοῷταιἀιτεεριιέχουσςιρ
1469 4336 1657 4415 χρόἶθον
1687 4344 1822 4416 ὲτῶγ
1851 4336 2256 4416 τεσᾳαρακοὺτα
2289 4338 2449 4416 μέχρι
2472 4336 2796 4416 τέξουξρξω
2823 4337 3168 4416 φλυμπξὰδος.

301 4411 523 4464 Μετὰδὲ
539 4412 757 4481 Σίμωνα
784 4407 1045 4467 Ίόυδαίων
1073 4407 1306 4483 ήγεῗταὶζ
1323 4407 1517 4479 καοὼξ
1541 4412 1860 4486 Ἀφρικανὸς
1886 4412 1980 4464 καὶ
2019 4407 2320 4479 Ἰώσηπποζ
2352 4408 2673 4478 ἱστοροῦσιν,
2691 4407 2982 4478 ⁷’1ωνάθης,
3002 4408 3030 4460 ὁ
3046 4409 3138 4460 καὶ
3171 4408 3450 4479 Ὑρκανὸς,

304 4531 360 4600 (ι)
384 4529 676 4603 Synceilus
698 4547 752 4601 p.
779 4531 886 4603 181
907 4531 946 4584 D
968 4533 1040 4586 ait
1064 4552 1077 4587 :
1106 4534 1385 4603 Εἰσὶνᾼᾲπρ
1422 4533 1593 4603 Ἀδὰμ
1616 4533 1720 4596 ἕως
1743 4531 1790 4603 η’

242 4598 378 4664 ξτούς
409 4598 720 4672 Σολομῶνοξ
764 4602 905 4656 κατὰ
939 4603 1228 4667 Εὑσέϐιον,
1265 4598 1385 4668 ἰδρὸ
1413 4621 1426 4634 ·
1460 4598 1786 4657 ΑὑἈἹΙαιηό

1965 4598 2018 4672 (7

243 4673 301 4720 ad
367 4682 612 4724 actarum
685 4672 984 4727 Salomonis
1042 4690 1234 4728 annum
1305 4673 1562 4728 Eusebius
1621 4690 1786 4726 annos

244 4755 526 4813 gilii-eux
571 4744 737 4813 ponit.
787 4742 1068 4813 Templum
1112 4744 1387 4797 conditum
1421 4752 1505 4798 est
1538 4760 1692 4813 anno
1735 4759 1787 4796 IV

245 4807 581 4868 SalomonisJ
611 4811 750 4881 Ergo
786 4827 816 4866 a
854 4807 1240 4879 nu'mincuxx,
1287 4811 1569 4870 subductis
1594 4829 1700 4867 ncu
1735 4823 1788 4868 et

244 4889 634 4951 mrsupersunt
656 4883 785 4936 anni
810 4898 1150 4939 unuuuxw.

307 4950 378 5021 (9.)
407 4950 624 5024 Nempe
663 4966 807 5007 anno
841 4955 1014 5024 altero
1049 4954 1346 5008 instaurari
1395 4962 1655 5024 emptum,
1695 4968 1788 5007 oc-

244 5025 351 5091 tavo
376 5023 459 5079 vel
490 5025 674 5091 potius
706 5030 860 5078 sexto
887 5023 1194 5078 absolutum
1227 5032 1331 5079 est.

323 5091 374 5164 Ei)
415 5091 470 5164 [in
503 5091 710 5164 codicis
740 5103 890 5164 textu
910 5109 986 5156 xl,
1014 5101 1074 5164 at
1096 5094 1150 5147 in
1180 5093 1423 5164 margine
1456 5108 1546 5146 xx.

325 5160 376 5232 4)
417 5159 552 5218 Rem
593 5162 733 5216 hanc
763 5163 1171 5217 celeberrimam
1205 5159 1399 5218 rursus
1431 5163 1646 5232 attingit
1681 5162 1788 5216 Eu-

246 5229 408 5303 gebius
441 5233 515 5303 in_
545 5235 789 5303 secundo
822 5233 980 5296 libro,
1022 5233 1166 5302 quod
1196 5234 1325 5288 facit
1352 5235 1514 5290 etiam
1562 5229 1617 5286 in
1651 5250 1789 5303 pra:-

247 5295 430 5372 fatione
486 5301 848 5364 Psalmorum,
905 5295 1147 5372 itemque
1191 5305 1247 5357 in
1283 5295 1670 5358 Commentario
1717 5307 1786 5358 ad

245 5371 488 5430 psalmum
510 5386 645 5425 un.
675 5372 746 5432 Et,
766 5372 984 5440 quidem
1012 5370 1080 5427 de
1111 5370 1280 5428 Esdra
1309 5375 1571 5428 librorum
1596 5388 1785 5428 sacro-

248 5449 350 5512 rum
382 5441 1035 5512 instauratore,itenique
1065 5443 1132 5498 de
1169 5444 1472 5498 litterarum
1507 5444 1650 5512 apud
1685 5443 1788 5499 He-

251 5502 399 5579 braeos
420 5515 743 5574 mutatione,
761 5502 974 5579 judicia
1017 5521 1254 5567 veterum
1294 5515 1512 5568 Patrum
1542 5502 1645 5567 nec
1677 5530 1786 5569 non

250 5572 535 5653 iudicaram
571 5572 856 5653 commode
884 5586 1222 5653 coacervavit
1255 5584 1530 5638 Calmetus
1573 5583 1626 5636 in
1670 5601 1788 5653 per-

254 5645 401 5706 doctis
439 5650 919 5724 dissertationibus
962 5652 1147 5708 Esdras
1185 5655 1512 5724 praepositis,
1545 5653 1614 5706 ad
1647 5645 1785 5724 quas

253 5725 459 5791 lectores
489 5722 826 5791 ablegamus.
1187 5722 1198 5724 ’
1301 5722 1324 5728 “’

308 5788 372 5859 (5)
411 5789 490 5844 Ita
527 5788 695 5844 etiam
744 5791 797 5844 in
848 5793 1045 5847 tabulis
1090 5799 1144 5846 et
1193 5793 1247 5847 in
1292 5791 1590 5860 posteriore
1621 5793 1781 5851 libro.

253 5850 572 5931 At'superius
602 5875 725 5932 cap.
761 5861 828 5916 15
857 5863 1171 5918 scribuntur
1195 5850 1320 5918 anni
1354 5880 1448 5920 νη.

2083 4529 2267 4584 Codex
2293 4530 2445 4583 Arm.
2482 4543 2671 4593 xxvm,
2699 4529 2793 4586 sed
2823 4528 3051 4584 inferius
3080 4545 3308 4599 xxxvm.

2082 4599 2285 4668 Nempe
2309 4602 2499 4667 primo.

1964 4668 2041 4740 (8)
2081 4671 2136 4723 In
2187 4671 2430 4725 secundo
2472 4670 2612 4725 libro
2653 4668 2914 4725 dicuntur
2953 4670 3066 4725 haec
3105 4669 3175 4724 ab
3221 4669 3459 4725 Eusebio

1891 4740 2189 4811 contigisse
2217 4741 2524 4811 Olympiade
2551 4755 2702 4811 cun.

1961 4810 2037 4879 (9)
2054 4809 2061 4810 “
2081 4809 2213 4880 Vide
2237 4809 2594 4880 posteriorem
2624 4810 2844 4865 librum.

1986 4881 2074 4952 10)
2102 4878 2449 4952 Υἱόάιίιηιιε
2477 4881 2831 4950 posteriorem
2859 4878 3076 4934 librum.

1986 4950 2073 5014 11)
2113 4951 2334 5007 Scilicet
2354 4951 2575 5019 primus.

1961 5017 2258 5093 (i2)_Ergo
2286 5017 2542 5093 mendose
2559 5017 2821 5093 scribitur
2839 5018 2991 5093 apud
3023 5017 3331 5093 Syncellum
3371 5025 3459 5074 tri-

1924 5088 2157 5146 in'taIEn
2185 5088 2363 5146 autem
2386 5091 2505 5160 ejus
2531 5092 2690 5144 verba
2717 5106 2768 5160 ι)2
2793 5089 2898 5160 288
2916 5090 2978 5142 Α.
3108 5092 3214 5143 ἀπὸ
3238 5093 3458 5145 Ματτα-

1926 5163 2003 5216 ίου
2031 5161 2364 5234 τοῦπατρὸς
2388 5158 2498 5234 τῶν
2533 5158 2918 5234 ΜακιιςόιβοξίῳνΔ
2937 5159 3109 5234 ξῐούδα
3135 5161 3229 5234 χαὶ
3273 5161 3458 5234 Ἴωνας

1890 5232 1982 5285 θον
2018 5233 2110 5285 κα)⁸
2137 5228 2375 5302 Σίμώνος
2403 5231 2590 5302 χρόνος
2603 5228 2756 5302 -κατὰ
2772 5228 3045 5302 *Εὑσὲῥιον-
3077 5231 3212 5302 ἐτῶν
3241 5234 3359 5284 ἐστι
3393 5233 3453 5283 ‘1.“

1891 5302 2110 5356 Summa
2136 5297 2529 5371 temporisfquo
2565 5300 2619 5354 Μ
2625 5298 2878 5371 attathias
2903 5297 3330 5371 Alaqlzabredrum
3362 5318 3458 5370 pa-

1892 5383 1988 5436 ter,
2016 5390 2107 5426 nec
2132 5368 2364 5441 non'filii.
2398 5368 2594 5434 ludas,
2629 5369 2891 5441 Jonatlias
2921 5379 2969 5423 et
3001 5368 3182 5426 Simon
3212 5389 3319 5426 rem
3361 5368 3458 5441 pu-

1890 5444 2081 5496 blicam
2127 5443 2588 5503 administratum,
2636 5440 2763 5493 anni
2793 5450 2915 5492 sunt
2961 5456 3066 5495 xxx
3118 5443 3187 5496 ad
3236 5440 3456 5496 Eusebii

1889 5514 2140 5567 rationes.
2179 5513 2476 5566 Dicendum
2506 5518 2622 5565 erat
2660 5511 2826 5579 igitur
2856 5510 3230 5579 quadraginta,
3260 5513 3337 5567 uti
3369 5521 3455 5567 est

1890 5584 1944 5636 in
1980 5582 2165 5638 Graeco
2210 5590 2387 5644 textu,
2424 5587 2591 5651 utque
2629 5595 2660 5634 a
2702 5583 3002 5650 posteriore
3046 5579 3267 5640 Eusebii
3311 5584 3453 5638 libro

1888 5653 2200 5706 confirmari
2236 5653 2466 5706 videtur.

1957 5722 2070 5860 (15)
2107 5723 2283 5792 Antiq.
2315 5737 2434 5779 xiii.
2471 5721 2528 5775 8.

1987 5792 2076 5860 ﬂ)
2119 5793 2195 5845 Ita
2245 5791 2508 5845 Jouathas

1987 5792 2076 5861 ﬂ)
2119 5793 2195 5845 Ita
2245 5791 2508 5845 Joualhas
2558 5792 2617 5845 in
2645 5800 2793 5846 textu
2821 5792 3080 5849 Armenio
3127 5804 3183 5850 et
3225 5792 3452 5860 Graeco;

1889 5864 2022 5932 quin
2070 5863 2233 5920 etiam
2285 5862 2340 5917 in
2389 5861 2729 5924 Armeniacis
2764 5863 2999 5920 Bibliisl
3040 5865 3285 5920 Machab.
3326 5880 3451 5930 xm,

1969 4533 2024 4599 (6

2026 4531 2043 4728 ξ
