3884 6268
919 513 1147 570 CAPUT
1186 514 1423 570 XXXIX.

891 606 1261 660 Thessalorum
1312 624 1473 677 reges.

469 702 515 754 I.
551 697 801 753 Thessali
827 705 880 752 et
914 698 1146 768 Epirota:
1184 698 1275 752 diu
1313 709 1610 768 paruerunt
1641 701 1830 756 iisdem
1863 701 1954 770 qui

395 788 779 844 Macedonibus
807 788 1198 858 praesidebant;
1233 805 1261 843 a
1293 788 1552 845 Romanis
1592 799 1768 846 autem
1799 793 1958 846 liber-

392 892 554 934 tatem
604 895 728 934 cum
789 880 914 949 jure
968 880 1151 934 utendi
1197 882 1312 936 suis
1361 881 1569 950 legibus
1619 882 1795 952 adepti
1832 892 1956 938 sunt.

394 981 516 1044 post
544 971 854 1042 Philippum
901 973 956 1026 in
999 971 1281 1027 Thessalia
1325 975 1488 1029 armis
1521 973 1630 1028 Titi
1683 975 1957 1030 Romano-

394 1080 512 1116 rum
549 1064 706 1117 ducis
749 1064 1090 1133 proﬂigatum
1129 1063 1229 1150 (1).
1267 1063 1370 1120 Sed
1399 1076 1452 1120 et
1480 1066 1582 1136 ipsi
1612 1065 1824 1121 demum
1856 1068 1956 1122 sti-

391 1155 663 1226 pendiarii
702 1154 1072 1210 Romanorum
1110 1157 1237 1211 tacti
1266 1165 1393 1212 sunt
1414 1159 1602 1213 eadem
1633 1173 1739 1230 qua
1782 1157 1954 1214 Mace-

391 1245 562 1300 dones
588 1259 778 1300 causa.
1679 1251 1682 1254 ’

460 1336 516 1391 9..
573 1334 789 1390 Scilicet
840 1343 962 1405 post
1007 1337 1214 1390 obitum
1265 1337 1556 1392 Alexandri
1612 1337 1696 1394 his
1741 1350 1957 1409 quoque

391 1425 672 1490 Aridzeus,
727 1427 818 1494 qui
864 1435 918 1479 et
967 1424 1270 1496 Philippus,
1320 1429 1606 1499 imperavit
1658 1429 1818 1484 annis
1872 1446 1958 1484 se-

392 1527 556 1585 ptem.
636 1516 775 1572 Huic
835 1517 1098 1572 successit
1151 1517 1456 1573 Cassander
1509 1518 1848 1590 Epirotarum
1903 1530 1957 1576 et

397 1605 788 1661 Thessalorum
824 1621 918 1661 rex
965 1608 1125 1662 annis
1154 1609 1551 1665 novemdeciin.
1585 1608 1720 1663 Tum
1758 1609 1958 1681 Philip.

395 1710 496 1763 pus
525 1695 644 1763 ejus
676 1694 818 1749 ﬁlius
843 1696 1125 1750 mensibus
1157 1697 1231 1767 (εὶ)
1262 1705 1514 1767 quatuor.
1549 1697 1751 1754 Deinde
1773 1708 1827 1753 et
1855 1700 1957 1754 hu-

390 1786 481 1853 jus
525 1783 721 1838 fratres
761 1784 1043 1854 Antipater
1092 1791 1146 1839 et
1197 1785 1502 1841 Alexander
1551 1787 1708 1843 annis
1743 1787 1956 1844 duobus

398 1875 788 1945 mensibusque
817 1892 935 1930 sex.
977 1877 1107 1931 Item
1139 1876 1444 1932 Detnetrius
1473 1879 1726 1948 Antigoni
1760 1880 1834 1950 (5)
1860 1896 1955 1934 an-
1987 1874 2025 1928 Β

395 1972 482 2025 nis
513 1986 608 2025 sex
644 1970 974 2039 totidemque
1005 1971 1301 2026 mensibus.
1342 1970 1535 2027 Postea
1569 1971 1812 2044 Pyrrhus
1840 1975 1952 2046 (5‘)

394 2062 554 2117 annis
586 2068 820 2131 quatuor
859 2063 1190 2132 totidemque
1224 2064 1522 2119 mensibus.
1568 2064 1770 2120 Deinde
1804 2065 1956 2136 Lysi-

395 2152 629 2208 machus
675 2151 991 2223 Agathoclis
1019 2155 1180 2210 annis
1212 2169 1330 2210 sex.
1360 2155 1480 2211 Mox
1521 2166 1574 2212 et
1609 2154 1951 2222 Ptolemaeus,

394 2252 752 2313 cognomento
815 2243 1122 2309 Ceraunus,
1185 2261 1330 2301 anno
1389 2263 1498 2302 uno
1571 2249 1958 2321 mensibusque

395 2337 634 2405 quinque
668 2355 681 2390 :
715 2352 875 2406 quem
923 2339 1135 2408 excepit
1179 2338 1445 2410 Meleager
1489 2342 1766 2398 mensibus
1821 2343 1958 2398 duo-

395 2425 532 2481 bus:
571 2434 694 2496 post
735 2444 897 2498 quem
952 2429 1238 2500 Antipater
1286 2430 1593 2502 Lysimachi
1622 2434 1697 2504 (4)
1719 2435 1958 2505 quinque

394 2527 449 2571 et
477 2519 834 2589 quadraginta
859 2519 1052 2574 diebus
1087 2541 1098 2575 :
1135 2531 1256 2590 post
1287 2538 1446 2591 quem
1480 2522 1775 2580 Sosthenes
1816 2542 1958 2581 anno

396 2625 533 2663 uno.
565 2609 932 2665 Consecutum
963 2618 1046 2665 est
1081 2613 1452 2682 interregnum
1482 2614 1695 2669 duobus
1726 2617 1883 2672 annis
1906 2626 1960 2671 et

397 2702 679 2756 mensibus
713 2702 959 2756 totidem.
1005 2702 1141 2756 Exin
1187 2704 1501 2760 dominatus
1543 2714 1626 2761 cst
1655 2706 1959 2778 Antigonus

399 2788 654 2844 Demetrii
684 2790 844 2846 annis
877 2790 1096 2860 triginta
1125 2801 1379 2860 quatuor,
1414 2795 1803 2866 mensibusque
1824 2798 1960 2852 duo-

399 2883 522 2936 bus.
557 2882 718 2936 Circa
751 2883 850 2937 hos
893 2898 1064 2938 annos
1086 2883 1327 2955 Pyrrhus
1374 2888 1606 2956 receptis
1643 2888 1695 2941 in
1732 2888 1962 2944 deditio-

397 2988 519 3027 nem
553 2973 806 3042 Antigoni
835 2974 1026 3042 copiis,
1056 2979 1351 3047 paucisque
1381 2979 1515 3032 locis
1571 2981 1795 3048 potitus,
1827 2999 1960 3052 pra:-

397 3063 475 3117 Iio
505 3062 698 3118 deinde
732 3063 907 3118 Dcrdii
933 3063 1009 3134 (5)
1045 3079 1073 3117 a
1118 3064 1388 3120 Demetrio
1428 3067 1536 3120 lilio
1578 3069 1834 3140 Antigoni
1867 3071 1960 3126 de-

399 3154 632 3210 bellatus
669 3162 772 3220 est,
820 3156 1090 3225 rebusque
1141 3169 1339 3214 exutus
1382 3158 1479 3228 (6).
1519 3158 1675 3214 Brevi
1721 3170 1961 3232 tempore

399 3253 539 3315 post,
562 3247 828 3300 exstincto
855 3247 1144 3318 Antigono,
1179 3251 1420 3321 regnavit
1446 3250 1566 3318 ejus
1593 3251 1736 3306 ﬁlius
1764 3253 1954 3308 Deme-

401 3337 542 3390 trius
587 3336 745 3391 annis
790 3336 996 3392 decem.
1042 3337 1173 3394 Post
1217 3339 1361 3395 hunc
1408 3341 1713 3410 Antigonus
1769 3345 1957 3398 Deme-

403 3427 493 3480 trii
539 3427 615 3499 (7)
659 3427 794 3496 ejus,
850 3429 944 3498 qui
995 3429 1256 3500 Cyrenem
1309 3435 1590 3502 profectus
1639 3445 1722 3490 est
1766 3436 1866 3506 (8),
1905 3445 1958 3490 et

401 3516 734 3588 Olympiadis
765 3516 840 3589 (9)
894 3519 1014 3573 ﬁliae
1047 3518 1302 3591 Polycleti
1343 3521 1613 3591 Larisszei,
1660 3526 1818 3580 annis
1861 3543 1960 3581 no-

401 3624 544 3663 vem.
575 3608 674 3664 IIic
707 3610 917 3667 Achazis
951 3615 1226 3682 suppetias
1252 3615 1460 3670 validas
1505 3609 1688 3672 ferens
1714 3617 1959 3675 Cleome-

401 3715 524 3754 nem
580 3698 1022 3758 Laccdtemonum
1067 3712 1352 3775 tyrannum
1405 3708 1592 3777 praalio
1649 3713 1955 3782 superavit,

405 3790 811 3864 Spartanosquc
851 3795 1100 3850 libertate
1151 3796 1392 3863 donavit,
1427 3814 1490 3854 ac
1532 3800 1745 3856 divinos
1789 3817 1956 3872 prope

404 3884 637 3940 honores
711 3887 852 3956 apud
935 3887 1254 3942 Achzeorum
1331 3902 1543 3961 gentem
1630 3895 1958 3963 promeritus

403 3985 486 4031 est
517 3975 648 4047 (10).
703 3975 834 4032 Post
882 3978 1024 4032 hunc
1074 3968 1354 4050 Philippus
1410 3982 1663 4038 Demetrii
1716 3987 1958 4054 regnavit

405 4067 563 4120 annis
593 4082 728 4120 xxtn
763 4083 884 4120 cum
918 4069 1197 4125 mensibus
1233 4087 1287 4124 ιι
1314 4091 1328 4128 :
1353 4079 1464 4126 tum
1492 4074 1674 4142 praelia
1703 4074 1757 4128 in
1789 4074 1959 4130 Thes-

406 4158 540 4211 salia
571 4174 599 4212 a
629 4157 749 4214 Tito
791 4160 928 4214 duce
957 4160 1184 4216 Romani
1217 4164 1491 4218 exercitus
1519 4165 1822 4220 debellatus
1850 4175 1952 4221 est.

403 4252 451 4306 Α
481 4251 738 4308 Romanis
770 4262 946 4308 autem
979 4254 1276 4310 libertatem
1313 4263 1743 4326 potestatemque
1771 4259 1954 4312 utendi

404 4360 520 4400 suis
563 4343 767 4414 iegibus
815 4355 1138 4415 acceperunt
1195 4345 1440 4402 Thessali
1477 4349 1711 4420 itemque
1757 4350 1954 4420 reliqui

405 4436 574 4493 Graeci
601 4438 694 4508 qui
725 4437 951 4507 vectigal
980 4436 1224 4507 Philippo
1257 4438 1585 4508 pendebant.

1988 3205 2028 3260 C

1107 399 1374 456 EUSEBII
1414 401 1888 456 CxESARlENSIS
1913 401 2061 457 OPP.
2103 399 2283 455 PARS
2321 400 2359 453 I.
2394 430 2464 440 —
2501 398 2888 454 IIISTORICA.

1980 523 2024 578 A
2055 493 2334 570 Thessalia
2386 513 2634 581 luerunt;
2675 508 2930 582 deinceps
2962 529 3088 568 vero
3118 513 3443 584 principes
3500 528 3681 566 annui

3577 393 3686 449 ’256

2057 605 2328 676 suﬁ‘ragiis
2372 605 2606 675 publicis
2656 604 2756 674 legi
2807 613 3109 673 coeperunt.
3161 603 3426 658 Primus
3485 615 3679 658 autem

2057 704 2272 751 creatus
2299 703 2385 749 est
2418 695 2715 750 Pausanias
2751 695 3053 759 Echecrati,
3089 694 3436 763 Pheraeus.
3461 695 3679 750 Deinde

2056 785 2317 854 Amyntas
2361 783 2612 846 Cratetis,
2665 783 2894 847 Pierius,
2955 800 3064 853 quo
3111 786 3461 855 imperante
3519 784 3680 843 Titus

2057 873 2281 928 Romam
2320 890 2574 929 reversus
2618 884 2722 931 est.
2757 874 2960 930 Deinde
2992 875 3262 930 Eacides
3304 876 3519 931 Calliae
3566 894 3686 931 me-

2056 967 2441 1035 trapolitanus.
2489 966 2692 1021 Deinde
2726 965 3052 1036 Epidromus
3085 967 3528 1029 Andromachi,
3570 967 3668 1022 La-

2056 1059 2298 1122 rissaeus,
2332 1059 2609 1113 mensibus
2650 1067 2804 1124 octo;
2855 1059 3063 1127 reliqua
3107 1068 3310 1114 autem
3369 1060 3510 1128 ejus
3546 1062 3678 1114 anni

2057 1160 2208 1220 parte
2264 1149 2543 1204 Eunomus
2593 1148 2872 1219 Polycleti,
2933 1148 3288 1214 Larissaeus,
3371 1151 3677 1207 mensibus

2057 1250 2307 1310 quatuor.
2364 1240 2627 1295 Posthinc
2688 1240 2965 1296 Eunomus
3023 1256 3164 1294 anno
3237 1257 3395 1295 uno.
3458 1241 3677 1297 Deinde

2057 1333 2312 1388 [Eacides
2338 1332 2522 1388 Callia:
2546 1332 2988 1401 metropolitanus
3021 1333 3248 1386 iterum.
3279 1331 3518 1386 Deinde
3543 1331 3676 1386 Pra-

2055 1426 2196 1480 vilus
2219 1425 2326 1494 (II)
2356 1423 2592 1487 Phaxize,
2627 1422 2951 1478 Scotusaeus.
2975 1422 3176 1479 Deinde
3208 1423 3535 1479 Eunomus
3566 1425 3674 1480 Po-

2057 1517 2259 1588 lycleti,
2315 1515 2635 1579 Larisszeus,
2691 1517 2908 1570 iterum.
2957 1515 3162 1570 Deinde
3205 1514 3671 1572 Androsthenes

2056 1608 2539 1680 Idalii,Gyrtonius
2560 1607 2690 1679 (12).
2712 1607 2909 1663 Deinde
2925 1605 3398 1680 Thrasymachus
3420 1609 3670 1663 Alexan-

2056 1698 2160 1762 dri,
2213 1699 2488 1754 Atraeius.
2540 1698 2744 1754 Deinde
2800 1697 3194 1754 Laontomenes
3241 1697 3663 1762 Damothonis,

2056 1785 2334 1841 Pheraeus.
2392 1786 2595 1842 Deinde
2641 1785 2941 1841 Pausanias
2996 1786 3396 1844 Damothonis.
3455 1788 3666 1845 Deinde

2055 1877 2372 1933 Theodorus
2393 1877 2704 1942 Alexandri,
2724 1878 2957 1948 Argivus
2985 1879 3029 1948 (ι
3042 1879 3116 1949 5).
3151 1878 3379 1934 Deinde
3401 1879 3668 1936 Nicocra-

2054 1979 2137 2026 tes
2162 1970 2416 2038 Phaxini,
2463 1970 2795 2026 Scotusaeus.
2835 1971 3036 2026 Deinde
3075 1971 3486 2042 Hippolochus
3531 1974 3662 2027 Ale-

2055 2063 2222 2132 xippi,
2251 2061 2572 2118 Larissaaus.
2606 2061 2808 2117 Deinde
2839 2062 3259 2119 Cleomachides
3292 2062 3514 2128 OEnei,
3557 2062 3663 2117 La-

2057 2154 2299 2208 rissmus.
2321 2153 2520 2208 Deinde
2537 2153 2806 2224 Phyrinus
2821 2153 3205 2220 Aristomenis,
3232 2153 3656 2225 Gomphensis.

2125 2248 2178 2300 ι.
2219 2243 2296 2299 Eo
2335 2260 2478 2298 anno
2531 2243 2810 2314 Philippus
2863 2261 2954 2300 rex
2998 2244 3129 2298 obiit
3181 2246 3242 2300 in
3289 2245 3653 2308 Macedonia,

2057 2339 2322 2406 potestate
2354 2334 2407 2388 in
2440 2333 2609 2388 ﬁlium
2643 2332 2899 2388 Perseum
2933 2333 3220 2388 translata.
3263 2331 3329 2388 Is
3361 2332 3652 2388 Thessalis

2057 2430 2434 2498 imperaverat,
2468 2424 2746 2480 utdictum
2766 2434 2868 2486 est,
2899 2424 3055 2478 annis
3082 2424 3282 2494 viginti
3312 2423 3440 2496 (14)
3472 2423 3653 2476 tribus

2057 2535 2180 2572 cum
2228 2517 2505 2573 mensibus
2548 2531 2761 2581 novem,
2799 2513 3186 2572 Macedonibus
3235 2525 3440 2571 autem
3488 2515 3648 2569 annis

2057 2609 2278 2664 omnino
2319 2609 2675 2680 quadraginta
2724 2608 2936 2663 duobus
2986 2617 3038 2663 et
3079 2609 3381 2663 mensibus
3415 2623 3639 2662 novem.

2056 2701 2174 2758 Iam
2205 2719 2334 2759 vero
2366 2719 2396 2757 a
2427 2703 2735 2759 centesimae
2771 2713 2824 2758 et
2860 2713 3068 2773 quarta:
3095 2703 3334 2758 decimae
3367 2703 3645 2775 olympia-

2058 2795 2143 2851 dis
2171 2810 2315 2850 anno
2343 2795 2540 2860 altero,
2579 2810 2688 2864 quo
2715 2797 2958 2866 tempore
2990 2795 3153 2849 rebus
3180 2797 3535 2865 przepositus
3565 2802 3646 2849 est

2058 2883 2339 2958 Philippus
2364 2885 2674 2958 (Aridwus),
2709 2900 2882 2954 usque
2915 2884 2982 2938 ad
3009 2883 3332 2955 Philippum
3378 2884 3639 2940 Demetrii

2059 2980 2408 3042 exstinctum,
2468 2978 2626 3049 cujus
2666 2978 2848 3033 obitus
2877 2977 3066 3032 incidit
3106 2979 3160 3031 in
3202 2978 3542 3033 centesimae
3588 2985 3644 3030 et

2060 3070 2522 3140 quinquagesimae
2579 3069 2899 3141 Olympiadis
2945 3085 3146 3123 annum
3210 3070 3460 3125 alterttm
3513 3084 3635 3122 cum

2060 3163 2301 3232 quinque
2351 3163 2659 3227 mensibus,
2705 3160 3010 3216 conﬂantur
3054 3161 3183 3215 anni
3236 3176 3434 3225 cxuv,
3486 3176 3640 3214 men-

2061 3263 2255 3318 sesque
2283 3263 2333 3301 v.

2129 3341 2180 3394 5.
2223 3338 2604 3394 Thessalorum
2636 3356 2818 3411 regum
2854 3355 3088 3394 summa.

2131 3429 2170 3484 Ι.
2213 3429 2479 3492 Aridzeus,
2510 3429 2758 3499 idemque
2785 3427 3086 3498 Philippus,
3113 3429 3278 3482 annis
3306 3443 3408 3483 vn.

2129 3521 2192 3577 ll.
2231 3521 2539 3578 Cassander
2569 3523 2726 3577 annis
2757 3539 2868 3577 xxx.

2131 3613 2217 3668 Ill.
2258 3614 2540 3684 Philippus
2566 3615 2840 3670 mensibus
2871 3630 2944 3669 tv.

2130 3704 2219 3762 IV.
2261 3708 2544 3777 Antipater
2567 3706 2681 3779 (15)
2711 3715 2764 3760 et
2787 3707 3092 3761 Alexander
3119 3708 3283 3764 annis
3318 3723 3358 3762 tt
3384 3713 3441 3761 et
3470 3717 3628 3760 men-

2060 3801 2212 3856 sibus
2233 3817 2308 3856 vt.

2137 3889 2196 3944 V.
2241 3891 2545 3946 Demetrius
2576 3891 2810 3953 annis,vt
2837 3899 2890 3944 et
2917 3893 3195 3950 mensibus
3215 3909 3298 3950 vt.

2129 3981 2218 4038 VI.
2256 3981 2498 4052 Pyrrhus
2537 3983 2693 4037 annis
2719 3999 2775 4036 ιιι
2801 3982 2910 4053 (16)
2945 3995 2996 4038 et
3031 3985 3318 4041 mensibus
3345 3999 3421 4038 tv.

2128 4073 2241 4129 VII.
2280 4074 2635 4146 Lysimachus
2666 4077 2821 4130 annis
2844 4091 2920 4133 v1.

2133 4165 2263 4221 VIII.
2306 4165 2645 4234 Ptolemmus,
2687 4166 2935 4237 idemque
2977 4168 3285 4234 Ceraunus,
3329 4179 3522 4222 annOt
3565 4168 3619 4218 et

2059 4258 2336 4313 mensibus
2362 4273 2415 4311 v.

2129 4347 2221 4403 IX.
2262 4347 2522 4418 Meleager
2551 4345 2830 4403 mensibus
2857 4341 2920 4398 Il.

2130 4440 2193 4493 Χ.
2235 4440 2516 4509 Antipater
2541 4439 2732 4494 diebus
2764 4455 2885 4494 XLV.

474 4528 528 4582 5.
577 4527 641 4580 Et
699 4527 872 4596 primo
921 4526 1136 4596 quidem
1187 4541 1329 4579 anno
1384 4528 1516 4580 nulli
1571 4527 1844 4600 principes
1898 4527 1951 4579 in
1989 4549 2034 4606 υ
2131 4529 2221 4584 XI.
2264 4530 2560 4586 Sosthenes
2600 4545 2743 4584 anno
2773 4547 2809 4583 I.

477 4705 552 4774 (1)
593 4702 870 4774 Legendus
907 4705 1092 4760 Livius
1117 4719 1285 4767 xxxii,
1323 4705 1388 4758 IO
1428 4720 1571 4773 sqq.,
1615 4710 1727 4757 tum
1760 4719 1956 4768 χχχιιι,

407 4775 495 4831 52.
531 4791 716 4831 xxxrv.
744 4777 794 4829 1.

483 4816 495 4837 ,
531 4791 716 4836 xxxrv.
744 4791 794 4829 ι.

479 4845 554 4914 (2)
592 4845 774 4914 Codex
808 4845 956 4899 Artn.
988 4845 1074 4897 hic
1102 4847 1275 4906 annis,
1302 4843 1395 4898 sed
1418 4842 1643 4914 inferius
1675 4841 1957 4899 mensibus.

479 4845 534 4914 (2
592 4845 774 4900 Codex
808 4845 956 4899 Artn.
988 4845 1074 4897 hic
1102 4847 1275 4906 annis,
1302 4845 1395 4898 sed
1418 4845 1643 4897 inferius
1675 4845 1956 4899 mensibus.

479 4845 556 4987 (5;
595 4913 774 4987 Codex
803 4915 964 4987 Arni;
987 4915 1272 4987 Antipatri,
1313 4913 1456 4983 quod
1487 4913 1675 4966 vitium
1707 4915 1956 4968 emenda-

407 4982 584 5038 vimus
614 4985 772 5038 etiam
807 4984 909 5040 col.
936 4982 1062 5046 249,
1101 4998 1159 5042 Β.
1187 4985 1242 5043 4.

482 5054 594 5174 (3‘)
635 5053 890 5123 Pyrrhus.
924 5062 997 5105 Ita
1045 5063 1127 5109 est
1159 5060 1320 5107 etiam
1356 5053 1408 5106 in
1441 5051 1644 5108 Veneta
1684 5054 1957 5117 editione;

482 5170 484 5174 .
534 5132 710 5174 tamen
750 5123 1096 5174 scribendum
1131 5125 1350 5174 omnino
1390 5131 1472 5174 est
1499 5123 1794 5174 Alexander
1825 5123 1957 5174 Pur-

410 5123 503 5244 εῗᾳ
524 5132 710 5244 ἑίῖιηθιι
750 5123 1096 5178 scribendum
1131 5125 1350 5178 omnino
1390 5131 1472 5178 est
1499 5123 1794 5178 Alexander
1825 5123 1962 5194 Pyr-

411 5209 493 5244 ru
582 5209 684 5244 ms.
1225 5214 1239 5227 -
1273 5220 1305 5244 ι

411 5209 493 5246 τηε
523 5209 684 5253 nitus.
1225 5214 1239 5227 '
1273 5220 1305 5253 ο

482 5262 558 5331 (4)
618 5262 825 5333 Rursus
884 5262 1094 5316 videtur
1142 5262 1429 5316 dicendum
1510 5264 1763 5333 Philippi.
1828 5262 1961 5317 Vide

411 5329 548 5402 sup.
572 5329 689 5402 col.
708 5329 832 5396 254,
861 5348 912 5386 n.
944 5333 978 5389 6

479 5400 554 5474 (5)
598 5400 823 5474 _Videtu_r
845 5405 1127 5474 dicendum
1159 5404 1335 5474 Argis.

481 5472 556 5539 (6)
597 5472 827 5541 Legendi
861 5483 985 5526 sunt
1014 5469 1258 5529 Justinus
1293 5488 1418 5534 xxv,
1455 5479 1508 5524 et
1543 5469 1869 5525 Plutarchus
1907 5471 1959 5524 iit

401 5541 638 5614 Pyrrho.
679 5542 796 5614 .latn
837 5543 898 5614 si
934 5544 1141 5598 scribas
1182 5545 1431 5614 superius
1477 5543 1652 5612 Argis,
1685 5543 1833 5597 dices
1873 5542 1961 5596 hic

401 5610 661 5681 rebusque
688 5610 926 5664 humanis
951 5622 1158 5668 exutus.

484 5680 870 5751 ('7)'Immerit9
916 5681 1078 5751 igitur
1104 5687 1193 5735 hic
1231 5682 1531 5747 Antigonus
1561 5681 1843 5735 videbatur
1871 5680 1962 5734 Al-

410 5749 594 5821 cyOnei
646 5752 786 5805 ﬁlius
834 5749 1118 5821 Reineccio
1152 5751 1423 5804 Munarch.
1477 5761 1590 5804 tert.
1627 5768 1699 5821 _p.
1749 5752 1870 5806 129.
1917 5752 1956 5803 A

411 5819 678 5878 Pausania
707 5837 798 5891 vii,
835 5821 883 5888 7,
923 5819 1120 5875 dicitur
1165 5821 1482 5892 Antigonus_
1517 5819 1730 5889 ἀνεψιὸς
1759 5823 1833 5892 τῷ
1873 5823 1962 5874 Φι-

2059 4709 2259 4778 λίππῳ,
2286 4709 2376 4760 καὶ
2417 4709 2607 4780 μητέρι
2640 4709 2801 4763 αὑτοῦ
2833 4712 3114 4770 συνοικῶηι,
3145 4707 3379 4777 Philippi
3405 4716 3611 4775 patrue-

2062 4780 2125 4832 lis
2147 4791 2192 4831 et
2224 4779 2458 4833 vitricus.

2131 4849 2202 4916 (8)
2246 4847 2456 4918 Videsis
2491 4864 2608 4918 cap.
2641 4849 2729 4911 38,
2764 4865 2819 4904 n.
2856 4849 2910 4903 9.

2131 4912 2205 4988 (9)
2238 4917 2496 4991 Demetrii
2537 4912 2672 4991 uxor
2721 4928 2837 4972 erat
2864 4989 2874 4991 _
2905 4917 3134 4991 Phthia;
3158 4934 3295 4991 ergo
3337 4912 3603 4991 Qlympias

2061 4987 2381 5041 concubina.
2414 4987 2596 5056 Neque
2629 4987 2732 5041 l'iuc
2775 4989 3038 5043 trahenda
3082 4987 3295 5043 videtur
3337 4987 3604 5056 Olympias

2061 5057 2252 5128 Pyrrhi
2299 5053 2524 5127 epirotai
2556 5059 2696 5128 regis
2726 5058 2852 5118 ﬁlia.
2891 5075 3012 5125 quae
3053 5057 3305 5113 Demetrii
3349 5053 3600 5110 auxilium

2061 5127 2387 5196 implqravit,
2422 5127 2785 5182 testeJiistino
2821 5145 3007 5191 xxviii,
3045 5129 3093 5183 I.

2132 5185 2240 5268 (Id)
2283 5185 2405 5250 Haec
2426 5198 2491 5252 de
2519 5199 2784 5263 Antigono
2818 5202 2920 5253 late
2950 5185 3241 5268 praedicant
3265 5192 3516 5264 Polybius
3543 5203 3599 5268 ρ.

2063 5257 2154 5331 ’ῖοξ
2187 5257 2370 5321 Livius
2397 5283 2486 5330 XL,
2533 5257 3048 5334 51;'Pausanias'tt,
3073 5269 3126 5329 9,
3151 5284 3238 5332 vr;
3273 5257 3381 5330 16$
3421 5276 3512 5322 νην
3543 5257 3596 5309 7’

2062 5351 2176 5398 \‘lll,
2212 5337 2272 5402 8;
2308 5336 2552 5392 Justinus
2584 5354 2770 5400 xxvm,
2797 5339 2911 5402 5,4,
2937 5349 2990 5394 et
3017 5337 3231 5393 Suidas.

2160 5407 2174 5458 I
2197 5408 2239 5475 l)
2281 5407 2529 5468 Inferius.
2556 5408 2807 5461 Praviles.

2156 5463 2242 5548 I9.)
2283 5479 2361 5548 l_t_a
2391 5478 2442 5530 in
2469 5463 2706 5548 margine
2729 5477 2931 5532 codicis
2962 5476 3195 5543 Arm,;at
3221 5478 3274 5531 in
3305 5479 3448 5529 textu
3473 5463 3594 5520 Gor-

2061 5547 2251 5616 tonius.
2289 5545 2424 5616 Nunt
2460 5545 2780 5616 Gerrunius?

2133 5614 2245 5686 (l3)
2267 5615 2407 5686 "Puta
2429 5633 2493 5686 ea:
2525 5614 2676 5686 Argis
2711 5615 3118 5681 ampltilochicis.

2269 5685 2422 5766 Deest
2455 5683 2544 5766 hic
2572 5683 2749 5766 viginti
2779 5689 2829 5766 i_n
2865 5689 2984 5740 cod.
3014 5687 3160 5739 Arni.

2133 5754 2244 5826 (I35)
2269 5754 2453 5826 Codex,
2477 5754 2650 5818 Armf,
2683 5758 2994 5826 Antigonus.

2133 5823 2243 5895 (I6)
2271 5823 2527 5894 Superius
2555 5843 2625 5880 tv.
