3884 6268
128 313 214 368 289
1373 308 1876 369 CHRONICORUM
1915 311 2043 368 LIB.
2085 311 2127 371 1.

628 431 779 485 PHE'
814 430 1193 486 ΟΛΥΜΠῘΑΣ.

124 523 183 576 l‘.
204 521 292 575 61:.
320 522 718 595 Κορνεφηκίου
744 524 839 578 καὶ
864 525 1168 597 Πομπηΐου.

125 621 183 669 Δ’.
207 615 293 669 ὑπ.
334 615 676 671 Ἀντωνίνου
702 617 795 670 καὶ
820 618 1081 682 Λίϐωνος.

124 710 184 763 I7.
210 707 298 760 ὑπ.
334 707 706 762 Ὀκταϐίανοὺ
732 709 1044 779 Αὐγούστου
1078 710 1171 765 καὶ
1194 709 1522 783 Κικέρωνος.

128 804 203 858 τῖ’.
225 800 313 855 ὑπ.
355 797 727 856 Ὀκταϐιανοῦ
766 804 1076 872 Αὐγούστου
1115 803 1176 858 :6
1198 805 1242 876 β’
1268 804 1361 857 καί
1386 801 1694 877 Κορϐιλίου.

608 916 776 985 Ριιετν
813 919 1190 974 ΟΛΥΜΠΙΑΣ.

125 1009 184 1062 Ζ¹.
206 1007 291 1060 ὑπ.
331 1006 704 1060 Ὀκταϐιανοῦ
734 1009 1045 1078 Αὐγούστου
1067 1010 1129 1064 τὸ
1154 1017 1203 1081 γ’
1229 1010 1323 1065 καὶ
1346 1011 1623 1083 Κράσσου.

2247 430 2534 489 CLXXXV
2572 432 2940 491 OLYMPIAS.

1798 521 1889 579 III.
1930 522 2222 580 Cornificio
2251 534 2305 581 et
2334 525 2611 598 Pompeio.
2628 542 2774 585 coss.

1798 612 1888 669 IV.
1925 613 2200 671 Antonino
2227 622 2282 670 et
2308 614 2515 671 Libone
2545 632 2690 673 coss.

1800 703 1864 758 V.
1904 704 2202 761 Octaviano
2227 705 2474 777 Augusto
2503 714 2554 763 et
2584 707 2848 765 Cicerone
2875 723 3021 765 coss.

1800 795 1890 854 Vl.
1924 796 2224 854 Octaviano
2249 796 2498 869 Augusto
2536 815 2574 852 ιι
2604 809 2657 854 et
2689 799 2929 856 Corvilio
2956 815 3103 858 coss.

2227 911 2537 968 CLXXXVI
2570 912 2942 971 OLYMPIAS.

1798 1003 1912 1058 VII.
1944 1003 2239 1060 Octaviano
2259 1005 2505 1076 Augusto
2537 1021 2594 1059 ιιι
2627 1014 2682 1060 et
2704 1006 2906 1061 Crasso
2935 1019 3084 1061 coss.

124 1104 192 1157 il'.
216 1102 301 1156 61:.
361 1101 737 1156 Ὀκταϐιανοῠ
786 1103 1098 1172 Αὐγούστου
1136 1104 1197 1158 :6
1235 1105 1276 1158 δ’
1300 1105 1394 1159 καὶ
1442 1104 1658 1176 Κράσσο

1636 1122 1696 1158 ου
1797 1093 1932 1150 VIII.
1964 1094 2261 1152 Octaviano
2288 1095 2536 1168 Augusto
2567 1112 2622 1150 ιν
2649 1106 2703 1152 et
2723 1096 2924 1153 Crasso
2954 1113 2995 1152 ιι
3025 1112 3170 1153 coss.

181 1192 233 1245 :6
258 1192 318 1245 θ’.

181 1192 233 1245 :6
286 1199 318 1245 '.

125 1285 187 1337 θ’.
215 1191 301 1337 ὑτῗ.
340 1284 719 1358 Ἀενοϐἀρϐου
747 1286 841 1340 καὶ
879 1287 1141 1343 Σωσσίου.

130 1378 174 1430 ι’.
197 1377 281 1430 ὑπ.
324 1378 692 1433 Ὀκταϐιανοῢ
720 1379 1029 1449 Αὐγούστου
1071 1381 1133 1435 :6
1159 1388 1198 1435 ε’
1228 1382 1322 1435 καὶ
1354 1381 1693 1455 Ἀπουληίου.

586 1491 736 1544 PIIZ'
776 1492 1152 1546 ΟΛΥΜΠΙΛΣ.

133 1579 213 1632 1Α’.
240 1580 328 1632 ὑπ.
360 1578 730 1633 Ὀκταϐίανοῦ
762 1580 1070 1651 Αὐγούστου
1097 1581 1157 1635 :6
1192 1588 1245 1647 ς’
1268 1582 1362 1635 καὶ
1398 1580 1693 1655 Ἀγρίππα.

1797 1267 1888 1324 IX.
1922 1268 2239 1325 IEnobarbo
2267 1277 2322 1325 et
2353 1267 2513 1325 Sosio
2541 1283 2690 1325 coss.

1796 1360 1865 1417 X.
1897 1360 2191 1418 Octaviano
2214 1361 2460 1432 Augusto
2490 1378 2524 1415 v
2553 1368 2607 1416 et
2640 1361 2868 1432 Apuleio
2895 1376 3042 1418 coss.

2209 1472 2542 1529 CLXXXVII
2576 1471 2950 1529 OLYMPIAS.

1796 1563 1889 1618 XI.
1923 1562 2222 1620 Octaviano
2242 1564 2488 1634 Augusto
2519 1579 2573 1616 vi
2597 1570 2651 1618 et
2679 1562 2918 1634 Agrippa
2938 1579 3094 1647 coss.

133 1672 212 1725 IB'.
247 1672 334 1725 61:.
380 1672 749 1727 Ὀκταϐιανοῦ
774 1672 1085 1742 Αὐγούστου
1116 1673 1176 1727 :6
1218 1674 1262 1738 ζ’
1295 1673 1389 1727 καὶ
1423 1654 1667 1744 Ἀγρίππι

1797 1654 1912 1713 XII.
1951 1655 2252 1712 Octaviano
2284 1657 2532 1728 Augusto
2558 1672 2632 1711 vn
2654 1663 2709 1711 et
2740 1656 2976 1727 Agrippa
3002 1672 3038 1709 ιι
3065 1670 3208 1711 coss.
3262 1716 3270 1725 ἢ

187 1764 237 1816 τὸ
256 1766 319 1834 β’.

137 1855 213 1908 II”.
240 1857 326 1909 61:.
366 1856 737 1912 Ὀκταϐιανοῦ
764 1856 1075 1926 Αὐγούστου
1100 1858 1162 1910 :6
1183 1863 1234 1929 η’
1265 1858 1358 1912 καὶ
1385 1857 1621 1931 Ταύρου.

138 1948 213 1999 LI’.
238 1947 324 2000 61:.
367 1947 731 2002 Ὀκταϐιανοῦ
757 1947 1066 2017 Αὐγούστου
1088 1947 1151 2002 :6
1185 1947 1228 2002 θ’
1257 1950 1349 2003 καὶ
1375 1947 1618 2004 Σιλανοῦ.

616 2061 777 2115 PIIH’
817 2062 1196 2116 ΟΛΥΜΠΙΑΣ.

141 2146 218 2198 ΙΕ¹.
247 2148 332 2203 ὐπ.
373 2148 738 2206 Ὄκταϐιανοῦ
782 2153 1095 2221 Αὐγούστου
1132 2152 1194 2206 :6
1235 2158 1264 2204 ι’
1294 2152 1387 2206 καὶ
1425 2151 1691 2207 Φλάκκου.

143 2235 233 2304 ις’.
253 2240 338 2294 ὑπ.
384 2242 750 2298 Ὀκταϐίανοῦ
782 2245 1093 2314 Αὐγούστου
1124 2245 1185 2298 :6
1215 2251 1280 2297 ια’
1311 2245 1405 2298 καὶ
1434 2244 1693 2310 Πίσωνος.

146 2331 219 2384 IZ'.
238 2333 323 2386 ὑπ.
359 2335 722 2391 Ὀκταϐίανού
746 2336 1055 2405 Αὐγούστου
1074 2335 1136 2389 :6
1154 2334 1219 2407 ιβ’
1241 2335 1333 2390 καὶ
1365 2335 1692 2409 Ἀρουντίου.

145 2422 226 2477 III'.
249 2426 334 2481 ὑπ.
360 2428 578 2483 Κέλσου
608 2429 704 2484 καὶ
733 2429 1007 2501 Τιϐερίου.

609 2543 763 2596 ΡΠΘ¹
802 2541 1178 2600 ΟΛΥΜΠΙΛΣ.

154 2628 234 2681 ιθ.
257 2630 344 2686 ὑπ.
370 2632 602 2688 Λολλίου
643 2635 739 2688 καὶ
770 2633 1022 2688 Λεπίδου.

156 2721 221 2772 K'.
251 2722 344 2775 ὑπ.
392 2724 719 2796 Ἀπουληίου
758 2725 853 2778 καὶ
885 2723 1090 2796 Νερϐά.

165 2812 267 2865 liA'.
296 2813 385 2867 ὑπ.
416 2814 785 2885 Σατουρνίλου
813 2814 908 2868 καὶ
938 2814 1299 2887 Λουκρητίου.

158 2901 254 2957 KB’.
278 2903 361 2956 61:.
390 2905 696 2960 Λεντούλου
721 2905 816 2959 καὶ
840 2904 1159 2961 Λεντούλου.

624 3018 760 3071 PHI’
801 3017 1179 3073 ΟΛΥΜΠΙΑΣ.

163 3106 258 3162 ΚΡ.
281 3107 367 3163 ὑπ.
399 3109 701 3165 Λεντούλου
732 3110 793 3165 :6
827 3110 871 3182 β’
904 3110 999 3165 καὶ
1025 3110 1345 3184 Κορνηλίου.

163 3194 256 3248 Μ’.
283 3197 368 3252 ὑπ.
402 3199 694 3272 ⁴ιιορνωιίου
724 3200 819 3254 καὶ
852 3198 1100 3260 Σιλανοῦ.

165 3287 260 3341 HE’.
289 3290 373 3344 ὑπ.
408 3293 678 3365 Δομετίου
714 3293 808 3347 καὶ
857 3293 1238 3367 Ἀενοϐάρϐου.

166 3376 277 3445 κεῖν.
310 3382 397 3435 ὑπ.
436 3384 687 3447 Λίϐωνος
723 3386 817 3439 καὶ
838 3384 1102 3450 Πίσωνος.

613 3497 790 3550 PIIIA'
829 3498 1209 3554 ΟΛΥΜΠΙΑΣ.

166 3581 261 3635 XZ'.
282 3584 364 3638 ὑπ.
384 3588 648 3660 Κράσσου
683 3588 778 3642 καὶ
808 3589 1128 3644 Λεντοὺλου.

169 3672 268 3727 KH'.
298 3677 383 3732 61:.
416 3680 674 3752 Νέρωνος
706 3680 801 3734 καὶ
832 3681 1074 3753 Κλάρου.

170 3764 266 3820 IIB'.
287 3769 369 3822 61:.
399 3772 665 3828 Μεσσαλὰ
689 3773 782 3827 καὶ
808 3773 1089 3845 Κυρινίου.

171 3855 227 3909 Δ¹.
252 3858 332 3913 ὑπ.
372 3862 708 3919 Ῥουϐελλίου
742 3863 837 3919 καὶ
861 3865 1204 3938 Σατορνίνου.

605 3978 782 4031 PHIB’
820 3977 1199 4034 ΟΛΥΜΠΙΑΣ.

172 4057 265 4114 AA’.
287 4063 369 4121 61:.
400 4069 653 4141 Μαξίμου
692 4069 787 4124 καὶ
831 4069 1196 4141 Τουϐέρωνος.

174 4152 265 4208 ΛΒ¹.
290 4157 370 4211 ὑπ.
412 4160 741 4234 Ἀφρικανοῦ
771 4162 865 4215 καὶ
896 4160 1149 4233 Μαξίμου
1175 4160 1236 4214 :6
1269 4160 1338 4232 β’.

173 4240 261 4295 ΛΡ.
292 4246 371 4301 61:.
401 4251 636 4322 Δρούσου
668 4252 764 4306 καὶ
801 4251 1124 4324 Κρισπίνου.

177 4336 263 4389 M’.
287 4340 368 4395 61:.
394 4344 735 4416 Κενσωρῖνου
768 4345 864 4398 καὶ
894 4345 1119 4399 Γάλλου.

596 4460 771 4513 ΡΠῐΓ¹
813 4459 1185 4514 ΟΛΥΜΠΙΑΣ.

179 4539 267 4595 AE'.
287 4544 366 4600 61:.
397 4549 645 4623 Νέρωνος
668 4550 731 4604 τὸ
760 4551 804 4623 β’
837 4552 930 4607 καὶ
958 4553 1200 4618 Πίσωνος
1222 4552 1283 4611 τὸ
1315 4553 1379 4625 β’.

177 4632 269 4696 Δς¹⁸
291 4637 373 4693 ὑπ.
392 4640 597 4697 Βάλϐου
619 4644 714 4697 καὶ
747 4644 1000 4717 Βετέρου.

180 4722 268 4779 ΔΖ¹.
291 4728 371 4784 ὑπ.
407 4733 755 4790 Ὀκταϐίανοῦ
788 4735 925 4805 Αὐγ.
961 4736 1021 4789 :6
1047 4743 1114 4806 ιγ’
1146 4736 1239 4791 καὶ
1269 4735 1489 4790 Σύλλου.

182 4815 277 4872 ΑΠ’.
305 4822 386 4878 ὑπ.
412 4828 638 4882 Σαϐίνου
662 4828 755 4882 καὶ
795 4828 1098 4899 Ῥουφίνου.

598 4943 769 4997 PIIIA'
819 4942 1195 4997 ΟΛΥΜΠΙΑΣ.

185 5022 274 5077 68'.
294 5029 372 5084 61:.
407 5033 755 5090 Ὀκταϐιανοῦ
787 5036 924 5103 Αὑγ.
945 5034 1007 5088 τὸ
1044 5034 1102 5087 ιδ’
1135 5036 1228 5087 καὶ
1260 5033 1502 5088 Σιλανοῦ.

187 5112 250 5168 Μ’.
274 5119 351 5177 ὑπ.
378 5126 666 5182 Λεντοὺλου
696 5127 961 5190 Πίσωνος.

187 5205 286 5267 MN.
313 5216 391 5271 61:.
422 5221 682 5276 Πουϐλίου
703 5221 979 5294 Καίσαρος
1012 5223 1105 5276 καὶ
1130 5221 1365 5277 Παύλου.

190 5297 286 5357 ΜΒ.
307 5306 386 5364 ὑπ.
416 5313 711 5368 Ουίνδικίου
740 5313 831 5367 καὶ
861 5312 1094 5385 Οὐάρου·
1156 5388 1159 5389 ν

598 5428 776 5481 ΡΠΙΕ¹
824 5426 1202 5481 ΟΛΥΜΠΙΑΣ.

193 5500 287 5562 ΜΡ.
311 5509 623 5590 ὑπιΛαμίουη
640 5518 737 5573 καὶ
757 5515 1072 5590 Σερϐηλίου.

193 5592 288 5653 ΜΝ.
318 5604 396 5661 ὑπ.
418 5611 630 5681 Μάγνου
658 5609 752 5665 καὶ
782 5609 1065 5679 Βαλερίου.

196 5683 294 5748 ΜΕ.
319 5696 395 5753 ὑπ.
422 5703 641 5758 Λεπίδου
680 5703 775 5756 καὶ
805 5700 1076 5768 Πλάγκου.

197 5773 308 5847 ις’.
334 5788 413 5849 ὑπ.
431 5795 675 5867 Τιϐερίου
707 5794 983 5867 Καίσαρος
1012 5793 1104 5847 καὶ
1129 5793 1485 5867 Καπήτωνοςο
1522 5874 1526 5879 ο
1620 5866 1624 5870 Α

1720 3149 1767 3209 C

1717 4505 1771 4567 D

1795 1838 1938 1895 XIII.
1975 1836 2274 1894 Octaviano
2299 1837 2547 1911 Augusto
2573 1853 2672 1894 vm
2703 1845 2757 1893 et
2787 1836 2970 1893 Tauro
2998 1853 3141 1895 coss.

1795 1930 1935 1987 XIV.
1960 1930 2258 1988 Octaviano
2290 1932 2537 2004 Augusto
2563 1948 2615 1987 ιιι
2641 1939 2695 1987 et
2730 1929 2914 1986 Silano
2944 1947 3090 1989 coss.

2201 2044 2559 2102 CLXXXVIII
2597 2043 2964 2102 OLYMPIAS.

1796 2138 1913 2194 XV.
1947 2137 2247 2194 Octaviano
2277 2141 2525 2210 Augusto
2545 2155 2579 2193 ι
2606 2147 2659 2193 et
2688 2136 2885 2193 Flacco
2911 2154 3057 2195 coss.

1794 2231 1933 2288 XVI.
1967 2231 2263 2288 Octaviano
2299 2231 2547 2303 Augusto
2582 2248 2635 2286 ιι
2668 2239 2722 2286 et
2756 2229 2953 2286 Pisone
2977 2245 3123 2286 coss.

1792 2321 1957 2378 XVII.
1988 2322 2285 2378 Octaviano
2310 2324 2557 2395 Augusto
2586 2338 2666 2377 xu
2692 2332 2747 2378 et
2776 2320 3008 2376 Aruntio
3034 2334 3180 2377 coss.

1794 2415 1984 2474 XVIII.
2014 2415 2174 2473 Celso
2199 2425 2252 2473 et
2283 2415 2503 2472 Tiberio
2530 2431 2677 2471 coss.

2220 2525 2537 2583 CLXXXIX
2575 2509 2946 2581 OLYMPIAS.

1796 2622 1941 2678 XIX.
1972 2619 2149 2675 Lollio
2172 2628 2226 2676 et
2253 2618 2457 2689 Lepido
2474 2606 2633 2673 coss.

1794 2714 1913 2770 XX.
1948 2713 2179 2784 Apuleio
2200 2720 2251 2767 et
2274 2711 2448 2766 Nerva
2467 2723 2619 2765 coss.

1793 2807 1935 2864 XXI.
1965 2806 2245 2862 Satnrnilo
2270 2811 2325 2861 et
2352 2801 2609 2858 Lucretio
2643 2816 2791 2858 coss.

1796 2898 1958 2956 XXII.
1991 2898 2221 2956 Lentulo
2239 2904 2294 2953 et
2313 2895 2544 2952 Lentulo
2570 2908 2721 2950 coss.

2325 3008 2459 3065 CXC
2489 3003 2858 3064 OLYMPIAS.

1801 3103 1993 3160 XXIII.
2028 3103 2259 3159 Lentulo
2285 3119 2326 3156 ιι
2363 3109 2419 3157 et
2443 3101 2700 3156 Cornelio
2719 3114 2865 3156 coss.

1798 3198 1985 3253 XXIV.
2016 3196 2273 3253 Fornicio
2302 3203 2355 3251 et
2382 3192 2569 3248 Silano
2598 3209 2743 3249 coss.

1794 3287 1959 3343 XXV.
1995 3287 2229 3342 Domitio
2257 3292 2312 3341 et
2343 3282 2661 3339 Enobarbo
2688 3295 2833 3336 coss.

1792 3378 1982 3436 XXVI.
2016 3378 2225 3435 Libone
2245 3384 2299 3433 et
2331 3376 2531 3432 Pisone
2560 3388 2707 3428 coss.

2282 3489 2442 3545 CXCI
2499 3483 2873 3541 OLYMPIAS.

1793 3582 2006 3641 XXVII.
2039 3583 2240 3639 Crasso
2267 3590 2321 3638 et
2352 3579 2584 3636 Lentulo
2623 3593 2769 3634 coss.

1791 3676 2029 3733 XXVIII.
2059 3676 2275 3732 Nerone
2297 3686 2351 3731 et
2372 3674 2535 3729 Claro
2566 3687 2712 3728 coss.
2803 3737 2813 3747 _

1792 3770 1978 3828 XXIX.
2014 3770 2246 3825 Messala
2269 3775 2322 3822 et
2352 3765 2576 3837 Cyrinio
2600 3778 2745 3819 coss.

1793 3863 1961 3919 XXX.
2003 3862 2255 3918 Rubellio
2283 3870 2335 3915 et
2354 3856 2654 3913 Saturnino
2677 3868 2822 3910 coss.

2285 3970 2471 4028 CXCII
2502 3964 2872 4026 OLYMPIAS.

1790 4067 1983 4122 XXXI.
2018 4066 2252 4122 Maximo
2273 4073 2326 4120 et
2356 4064 2647 4119 Tuberone
2666 4076 2814 4118 coss.

1790 4159 2009 4216 XXXII.
2042 4158 2303 4214 Africano
2329 4164 2384 4213 et
2436 4155 2674 4210 Maximo
2701 4169 2743 4207 ιι
2767 4166 2914 4209 coss.

1790 4249 2031 4307 XXXIII.
2063 4249 2241 4304 Druso
2263 4254 2317 4302 et
2343 4245 2600 4325 Crispino
2630 4258 2778 4299 coss.

1789 4339 2032 4398 XXXIV.
2060 4338 2366 4396 Censorino
2398 4344 2453 4391 et
2474 4334 2628 4390 Gallo
2656 4350 2803 4391 coss.

2278 4446 2484 4505 CXCIII
2511 4441 2878 4503 OLYMPIAS.

1793 4563 2009 4621 XXXV.
2030 4563 2245 4620 Nerone
2272 4579 2313 4617 ιι
2334 4571 2390 4618 et
2413 4560 2614 4618 Pisone
2645 4576 2687 4616 ιι
2719 4576 2865 4617 coss.

1792 4654 2034 4710 XXXVI.
2060 4655 2230 4710 Balbo
2260 4662 2314 4710 et
2341 4646 2538 4709 Vetere
2583 4668 2728 4708 coss.

1792 4747 2058 4807 XXXVII.
2090 4745 2391 4803 Octaviano
2427 4744 2568 4816 Aug.
2601 4760 2701 4799 xm
2729 4751 2785 4800 et
2814 4742 2961 4815 Sylla
2997 4757 3142 4798 coss.

1790 4840 2077 4898 XXXVIII.
2105 4839 2309 4896 Sabino
2332 4845 2386 4894 et
2415 4837 2612 4892 Rulino
2632 4852 2775 4893 coss.

2268 4947 2475 5005 CXCIV
2507 4944 2875 5003 OLYMPIAS.

1787 5040 2033 5099 XXXIX.
2054 5040 2354 5097 Octaviano
2380 5039 2522 5108 Aug.
2552 5051 2642 5093 xw
2669 5042 2723 5091 et
2746 5032 2932 5089 Silano
2953 5045 3103 5087 coss.

1790 5135 1902 5190 XL.
1925 5134 2155 5190 Lentulo
2182 5142 2236 5188 et
2255 5131 2453 5187 Pisone
2472 5144 2617 5184 coss.

1788 5227 1926 5285 XLI.
1959 5227 2153 5284 Publio
2177 5226 2395 5282 Cresare
2423 5230 2478 5279 et
2507 5221 2677 5277 Paulo
2703 5233 2849 5275 coss.

1788 5319 1947 5376 XLII.
1981 5318 2232 5375 Vindicio
2251 5327 2306 5371 et
2331 5315 2498 5370 Vario
2526 5330 2671 5370 coss.

2283 5427 2466 5485 CXCV
2494 5421 2865 5483 OLYMPIAS.

1786 5520 1973 5579 XLIII.
2005 5519 2192 5575 Lamia
2214 5527 2269 5575 et
2299 5517 2533 5575 Servilio
2563 5531 2708 5573 coss.

1789 5614 1972 5671 XLIV.
2003 5613 2197 5683 Magno
2214 5620 2268 5667 et
2293 5610 2510 5666 Valerio
2541 5624 2688 5665 coss.

1784 5707 1943 5765 XLV.
1979 5704 2182 5775 Lepido
2213 5711 2266 5758 et
2299 5692 2502 5758 Planco
2525 5718 2672 5758 coss.

1786 5796 2198 5858 XLVI.Tiberio
2218 5796 2430 5854 Caesare
2455 5804 2512 5855 et
2531 5795 2795 5867 Capitone
2815 5807 2964 5857 coss.
