3884 6268
126 304 216 361 933

127 430 186 476 If.
208 422 296 478 ὑπ.
341 421 651 478 ’Ῑουλιανοῦ
683 421 779 474 καὶ
815 421 1206 493 Ἀσπρενάτυυ.

126 515 183 567 l".
213 513 303 567 ὐπ.
339 511 627 567 Κλαυδίου
660 514 936 584 Καίσαρος
964 514 1058 566 καὶ
1087 512 1412 584 Κερσιανοῦ.

123 607 183 659 Δ’.
206 605 294 658 ὑπ.
327 605 616 658 Κλαυδίου
645 604 925 676 Καίσαρος
955 604 1017 657 τὸ
1046 603 1090 673 β’
1126 604 1310 675 μόνου.

181 697 295 749 Ἐπὶ
327 695 444 749 τῶν
483 695 868 769 προκειμένων
894 697 1116 752 ὑπάτων
1137 697 1296 762 Γάϊος
1312 698 1508 762 Γάλλος
1535 699 1698 766 ὲσφά,

124 807 184 860 τη
205 791 258 842 ὲν
288 788 366 858 τῷ
400 788 662 860 παλαι-ίῳ
694 787 912 860 Ῥώμης
943 789 1047 843 ὑπὸ
1068 791 1175 844 τῶν
1203 791 1346 846 ἰδίων
1379 789 1694 862 σπαθαρίων

125 879 577 952 κουϐικουλαρίων
601 881 891 951 εὐνούχων,
917 883 1059 936 κατὰ
1088 881 1313 954 γνώμην
1334 883 1435 954 τῆς
1467 883 1697 954 συγκλή-

125 993 222 1038 του,
249 972 324 1026 ὣν
354 973 503 1026 ἐτῶν
537 973 638 1030 λθ’.

653 1063 751 1115 EE’
784 1063 1162 1118 ΟΛΥΜΠΙΑΣ.

191 1151 476 1223 Ῥωμαίων
503 1161 549 1206 ε’
573 1153 922 1209 ἐϐασίλευσεν
951 1155 1218 1220 Κλαύδιος
1239 1155 1335 1226 ἔτη
1364 1155 1446 1210 ιδ’.

122 1247 188 1296 Δ¹.
221 1244 308 1297 ὑπ.
346 1244 632 1299 Κλαυδίου
672 1247 951 1319 Καίσαρος
985 1248 1044 1300 τὸ
1075 1254 1124 1317 γ’
1150 1249 1244 1302 καὶ
1285 1247 1619 1303 Ἀντωνίνου.

125 1337 186 1388 B'.
218 1336 307 1391 ύπ.
339 1337 626 1392 Κλαυδίου
662 1341 940 1414 Καίσαρος
972 1342 1032 1395 τὸ
1063 1341 1103 1394 δ’
1136 1342 1228 1396 καὶ
1256 1343 1496 1414 Λάργου.

127 1429 185 1480 Γν.
215 1430 303 1482 ὑπ.
321 1429 602 1484 Κλαυδίου
635 1432 916 1506 Καίσαρος
957 1435 1016 1487 τὸ
1049 1441 1091 1487 ε’
1114 1436 1208 1488 καὶ
1239 1435 1520 1490 Βετελλιου
1537 1435 1598 1490 τὸ
1618 1435 1686 1509 β’.

127 1520 186 1573 Δ⁹.
217 1520 305 1574 ὑπ.
339 1521 604 1592 Κρίσπου
641 1523 737 1576 καὶ
769 1525 1000 1598 Ταύρου.

641 1617 755 1684 ΣΕΓ
790 1619 1164 1676 ΟΛΥΜΠΙΑΣ.

131 1703 189 1757 εν.
213 1702 297 1758 ὑπ.
323 1705 647 1763 Οὐεννικίου
673 1711 767 1764 καὶ
797 1711 1082 1784 Κορϐινου.

131 1794 204 1861 φ.
224 1795 312 1850 ὑπ.
361 1797 682 1856 Ἀσιατικοῦ
715 1803 809 1858 καὶ
839 1803 1062 1860 Σιλανοῦ
1094 1805 1192 1878 (2).

1706 3147 1753 3206 C

159 4283 232 4342 ll‘.
263 4289 344 4347 ὑπ.
377 4294 718 4367 Καπήτωνος
741 4296 835 4350 καὶ
868 4296 1120 4367 Ῥούφου.

163 4376 232 4434 1Δ’.
264 4383 346 4440 ύπ.
380 4387 642 4441 Ἰταλικοῦ
673 4389 764 4442 καὶ
789 4389 1092 4461 Τραχάλου.

1352 299 1853 358 CHRONICORUM
1893 299 2024 355 LIB.
2068 304 2107 356 Ι.

1724 427 1773 484 Α
1801 416 1862 471 ll.
1903 416 2120 473 Juliano
2139 426 2194 474 et
2224 418 2524 487 Asprenate
2550 437 2696 477 coss.

3266 317 3375 371 29‘

1798 507 1889 564 III.
1926 508 2157 564 Claudio
2180 509 2320 565 Caes.
2355 518 2409 565 et
2431 511 2695 568 Cersiano
2723 515 2798 586 (I)
2831 531 2976 574 coss.

1796 601 1885 656 IV.
1914 602 2144 658 Claudio
2179 603 2395 660 Caasare
2418 621 2456 658 ιι
2480 606 2597 661 solo
2619 623 2736 664 cos.

1865 693 1963 750 His
1989 694 2264 764 praedictis
2287 712 2434 752 coss.
2470 697 2636 754 Caius
2679 699 2922 772 Caligula
2955 701 3143 760 Roma:
3181 706 3240 760 in
3271 721 3370 779 pa-

1795 787 1927 840 latio
1957 787 2278 843 interfectus
2311 797 2394 844 est
2421 803 2451 842 a
2497 791 2613 846 suis
2650 794 3055 862 protectoribus
3082 798 3372 853 cubicula-

1793 877 1892 932 riis
1927 878 2214 944 eunuchis,
2269 881 2647 936 consentiente
2699 892 2913 945 senatu.
2947 901 3070 940 cum
3097 901 3377 947 annorum

1792 980 1939 1028 esset
1969 988 2154 1028 xxxrx.
2715 1004 2722 1010 ’

2306 1063 2442 1120 CCV
2471 1063 2842 1122 OLYMPIAS.

1861 1152 2232 1210 Romanorum
2268 1156 2398 1228 imp.
2429 1157 2473 1212 V
2501 1159 2762 1215 Claudius
2791 1178 2880 1216 an.
2907 1179 3021 1220 xw.

1792 1247 1834 1304 I.
1860 1248 2088 1304 Claudio
2105 1250 2319 1306 Caesare
2344 1267 2396 1305 ιιι
2425 1260 2479 1306 et
2504 1251 2782 1309 Antonino
2797 1270 2943 1311 coss.

1791 1336 1855 1394 II.
1887 1341 2119 1396 Claudio
2149 1340 2370 1398 Caesare
2402 1360 2454 1398 IV
2482 1351 2534 1398 et
2556 1343 2731 1415 Largo
2756 1362 2902 1402 coss.

1793 1429 1878 1488 Ill.
1910 1431 2137 1486 Claudio
2169 1433 2384 1488 Caesare
2407 1451 2436 1488 v
2455 1442 2508 1490 et
2538 1435 2756 1494 Vitellio
2781 1454 2816 1493 ιι
2841 1455 2988 1496 coss.

1790 1523 1880 1579 IV.
1903 1525 2097 1596 Crispo
2118 1533 2172 1581 et
2195 1526 2378 1582 Tauro
2418 1543 2562 1584 coss.

2295 1619 2454 1674 CCVI
2505 1620 2869 1680 OLYMPIAS.

1793 1707 1858 1763 V.
1883 1709 2098 1766 Vinicio
2123 1719 2176 1767 et
2207 1711 2446 1767 Corvino
2476 1728 2623 1770 coss.

1722 1802 1769 1862 Β
1796 1800 1882 1855 VI.
1908 1801 2151 1858 Asiatico
2172 1813 2226 1858 et
2255 1803 2442 1859 Silano
2473 1820 2619 1861 coss.

1794 1893 1905 1950 VII.
1937 1895 2166 1952 Claudio
2189 1896 2327 1954 Caes.
2353 1913 2404 1952 vr
2433 1905 2488 1952 et
2515 1896 2735 1954 Vitellio
2770 1915 2829 1954 ιιι
2862 1916 3007 1960 coss.

1792 1985 1930 2043 VIII.
1963 1985 2180 2044 Vitellio
2209 2005 2262 2042 ιν
2287 1997 2340 2045 et
2373 1989 2654 2044 Publicola
2685 2008 2831 2049 coss.

2282 2078 2467 2134 CCVII
2499 2079 2869 2140 OLYMPIAS.

1791 2168 1884 2224 IX.
1913 2168 2149 2226 Veriano
2176 2179 2230 2227 et
2265 2170 2420 2227 Gallo
2448 2188 2596 2228 coss.

1789 2259 1858 2314 X.
1892 2261 2085 2318 Vetere
2101 2273 2153 2318 ct
2182 2263 2511 2320 Nerviniano
2540 2282 2687 2323 coss.

1790 2351 1878 2406 ΧΙ.
1913 2353 2140 2409 Claudio
2163 2356 2298 2411 Cres.
2334 2373 2408 2412 vu
2441 2365 2494 2412 et
2526 2357 2698 2416 Orﬁto
2723 2375 2871 2417 coss.

1788 2444 1903 2502 XII.
1933 2445 2080 2518 Sylla
2095 2455 2148 2503 et
2175 2447 2380 2505 Catone
2409 2466 2555 2508 coss.

2269 2563 2471 2620 CCVIII
2497 2563 2877 2627 OLYMPIAS.

1787 2650 1925 2707 XIII.
1971 2653 2160 2708 Silano
2189 2663 2244 2710 et
2276 2655 2556 2711 Antonino
2581 2674 2726 2714 coss.
2783 2709 2789 2714 .

1786 2744 1928 2801 XIV.
1956 2745 2214 2801 Marcello
2239 2755 2293 2802 et
2320 2747 2510 2803 Aviola
2549 2765 2696 2806 coss.

1855 2831 2229 2890 Romanorum
2263 2837 2396 2907 imp.
2431 2837 2501 2891 VI
2527 2838 2669 2894 Nero
2685 2840 2844 2898 annis
2863 2857 2976 2898 xxv.

1786 2925 1828 2979 I.
1850 2926 2064 2982 Nerone
2091 2936 2144 2983 et
2177 2927 2369 2983 Vetere
2401 2932 2546 2985 coss'.

1787 3016 1850 3073 II.
1885 3017 2181 3075 Saturnino
2209 3029 2262 3076 et
2289 3021 2549 3092 Scipione
2571 3038 2715 3078 coss.

1866 3171 1872 3180 ,
2287 3112 2448 3168 CCIX
2497 3113 2845 3169 OLYMPIAS

1790 3201 1876 3257 III.
1909 3201 2124 3259 Nerone
2159 3221 2198 3260 ιι
2221 3213 2276 3261 et
2304 3205 2504 3263 Pisone
2533 3223 2680 3264 coss.

1787 3293 1878 3349 IV.
1907 3294 2121 3351 Nerone
2153 3314 2212 3351 ιιι
2238 3307 2290 3354 et
2319 3299 2548 3356 Messala
2562 3318 2710 3358 coss.

1789 3382 1854 3438 V.
1892 3387 2206 3455 Aproniano
2223 3397 2276 3443 et
2306 3390 2572 3462 Capitone
2599 3410 2743 3453 coss.

1787 3472 1876 3530 Vl.
1905 3476 2123 3534 Nerone
2147 3495 2199 3535 ιν
2228 3488 2282 3536 et
2308 3481 2541 3538 Lentqu
2571 3500 2718 3543 coss.

2304 3572 2442 3627 CCX
2482 3574 2850 3633 OLYMPIAS.

1786 3657 1897 3714 VII.
1934 3659 2098 3717 Lacio
2131 3665 2206 3735 (5)
2237 3672 2289 3719 et
2314 3664 2632 3738 Turpiliano
2652 3685 2800 3727 coss.

1788 3752 1923 3809 VIII.
1954 3755 2124 3811 Mario
2157 3765 2212 3813 et
2242 3757 2398 3814 Gallo
2433 3776 2582 3817 coss.

1785 3846 1875 3902 IX.
1900 3847 2040 3904 Rufo
2063 3858 2118 3905 et
2147 3850 2354 3922 Regulo
2375 3868 2522 3910 coss.

1785 3938 1854 3994 X.
1886 3940 2089 3997 Crasso
2126 3951 2180 4000 et
2200 3944 2373 4000 Basso
2396 3962 2544 4017 coss.

2281 4038 2449 4094 'CCXI
2475 4039 2847 4100 OLYMPIAS.

1787 4124 1876 4182 XI.
1915 4125 2082 4181 Helva
2111 4137 2166 4184 et
2199 4128 2425 4187 Vestino
2459 4148 2606 4189 coss.

1787 4217 1900 4273 XII.
1937 4219 2190 4279 Telesino
2242 4231 2296 4277 et
2315 4222 2459 4278 Rufo
2489 4239 2634 4281 coss.

1788 4306 1925 4363 XIII.
1961 4309 2224 4380 Capitone
2255 4320 2308 4368 et
2336 4312 2480 4368 Rufo
2509 4330 2653 4370 coss.

1786 4396 1922 4454 XIV.
1956 4399 2149 4457 Italico
2176 4409 2230 4458 et
2265 4402 2534 4460 Trachalo
2567 4421 2715 4462 coss.

219 4469 320 4527 Ἐπὶ
345 4478 543 4533 τούτων
581 4478 690 4533 τῶν
738 4481 956 4534 ὑπάτων
984 4481 1194 4554 ἀφανὴς
1219 4483 1441 4551 γέγονεν
1467 4483 1674 4556 Νέρων,

1854 4492 1951 4548 His
1977 4495 2294 4552 consulibus
2320 4496 2465 4554 Nero
2493 4500 2727 4570 amplius
2767 4516 2877 4557 non
2908 4506 3228 4576 comparuit,
3251 4524 3349 4564 ex-

163 4561 232 4615 aui
246 4565 462 4642 τελευτᾷ,
491 4571 570 4625 ὣν
596 4571 731 4624 ἐτῶν
763 4571 836 4637 εον
873 4572 971 4644 (4).

212 4654 337 4714 Μετὰ
358 4663 586 4737 Νέρωνα
608 4664 819 4729 rem;
839 4665 1181 4721 ἐϐασίλευσεν
1203 4668 1261 4721 ὲν
1291 4669 1521 4743 Ἰϐηρίᾳ,
1553 4673 1678 4725 Οὐΐ-

164 4747 326 4817 τήλλιος
354 4758 406 4811 ὲν
429 4758 917 4831 Γερμανίᾳ,”Οθμ›ν
943 4760 1035 4814 ἐπὶ
1071 4761 1316 4834 Ῥώμηςο
1339 4763 1566 4828 ἕκαστος
1585 4766 1680 4820 αύ-

163 4842 241 4894 τῶν
272 4846 362 4920 ἰδία
386 4851 557 4923 ἐπέϐη
591 4855 659 4924 τῇ
690 4853 855 4925 ἀρχῇ-

217 4933 388 5003 Pallia;
413 4941 760 4997 ἐϐασίλευσεν
794 4945 966 5016 μῆνας
998 4947 1063 5011 ζ’,
1087 4948 1179 5001 καὶ
1203 4948 1260 5001 ἐν
1293 4948 1432 5022 μέσῃ
1452 4952 1518 5022 τῇ
1547 4951 1681 5004 Ῥω-

171 5026 301 5090 μαίων
327 5035 490 5108 ἀγορᾷ
517 5036 616 5107 τὴν
645 5036 885 5109 κεφαλὴν
913 5038 1222 5110 ἀπετμήθη.

223 5118 366 5180 Ὄθων
427 5126 750 5200 βασιλεύσας
806 5130 980 5201 μῆνας
1042 5136 1135 5198 ς’,
1191 5131 1381 5186 ἑαυτὸν
1430 5133 1680 5208 διεχειρί-

167 5217 283 5265 σατο.
1370 5258 1372 5260 τ

243 5343 283 5412 1)
309 5349 392 5408 Dic
419 5354 682 5411 Casiano.

239 5413 352 5499 glhln
377 5427 571 5499 codice
590 5427 739 5499 Vat.,
766 5443 820 5499 p.
863 5428 966 5484 I72
991 5429 1045 5498 b,
1086 5429 1153 5486 ad
1187 5445 1338 5486 oram
1365 5431 1679 5489 inferiorem

174 5485 413 5574 ξςτξξξῇυ-ιςε
461 5485 795 5574 desideratur
825 5485 1100 5570 quaternio
1134 5485 1264 5570 (non
1309 5485 1696 5574 unaipa—éinav,’

176 5558 218 5637 gl
235 5555 306 5610 alii
331 5563 596 5637 dixerunt)
624 5579 674 5623 et
701 5585 820 5622 cum
837 5555 906 5626 'eo
942 5587 1013 5626 xx
1053 5555 1310 5626 annorum
1342 5555 1710 5632 εοηῖιιίᾶιιιδίί

176 5612 276 5707 Iliae
298 5612 442 5707 etiam
473 5612 651 5707 patet:
675 5612 920 5695 codicem
958 5612 1278 5696 Vaticanum
1312 5617 1677 5707 essepfonteni

177 5701 343 5786 21'?ng
377 5701 637 5786 Chr-(inici
656 5711 942 5786 paschalis,
962 5713 1092 5782 quia
1117 5701 1680 5786 et_Monacense_apo-

176 5765 379 5834 Wlle
401 5765 533 5835 cum.
555 5765 886 5839 editionibus
906 5765 913 5766 ί
930 5765 1090 5856 aeque
1127 5765 1273 5840 hiat.
1288 5765 1702 5843 "pb'r‘r'é'tliiia

1784 4588 2128 4657 stinctusque
2155 4597 2260 4655 est,
2303 4605 2476 4647 annos
2506 4601 2668 4662 natus
2690 4610 2838 4650 Lxrx.

1852 4677 1983 4733 Post
2012 4678 2278 4735 Neronem
2319 4683 2605 4752 imperavit
2652 4685 2709 4740 in
2741 4683 3000 4757 Hispania
3031 4687 3221 4758 Galba,
3249 4689 3348 4746 Vi-

1782 4769 1965 4826 tellius
2000 4771 2056 4824 in
2084 4769 2392 4837 Germania,
2419 4773 2560 4828 Otho
2601 4774 2810 4834 Roma.
2859 4779 2924 4834 Ili
2961 4782 3159 4852 singuli
3199 4799 3352 4841 seor-

1784 4877 1904 4918 sum
1939 4864 2226 4934 imperium
2257 4866 2628 4938 arripuerunt.

1851 4954 2020 5009 Galba
2071 4972 2258 5014 mense
2308 4959 2522 5032 imperii
2566 4965 2798 5035 septimo
2842 4965 2900 5021 in
2939 4965 3119 5023 medio
3165 4966 3356 5028 Romae

1782 5048 1902 5105 foro
1931 5037 2125 5121 capite
2155 5059 2439 5111 truncatus
2468 5064 2571 5113 est.

1854 5143 1996 5200 Otho
2029 5160 2217 5202 mense
2263 5147 2475 5220 imperii
2529 5162 2684 5208 sexto
2715 5153 2831 5222 ipse
2875 5153 2982 5210 sibi
3028 5169 3225 5213 manus
3273 5166 3357 5212 at-

1781 5235 1922 5290 tulit.

1781 5383 1912 5422 num
1945 5371 2381 5449 supplementum
2405 5389 2469 5449 ei;
2497 5373 2666 5449 Idalio
2707 5379 2942 5449 sumpsi,
2968 5394 3128 5449 quem
3153 5388 3350 5437 aucto-

1782 5453 1896 5520 Lem
1926 5455 2050 5520 cum
2083 5450 2232 5520 testu
2267 5443 2514 5520 Chronici
2569 5443 2870 5520 paschalis}
2927 5443 3170 5520 ideoque
3219 5465 3345 5506 cum

1781 5507 2042 5587 Eusebio,
2069 5513 2225 5587 v_alde
2256 5507 2593 5587 conspirare,
2623 5507 2960 5587 exploratum
2989 5507 3094 5576 est:

1876 5581 1929 5651 5)
1959 5581 2056 5635 Dic
2077 5581 2340 5638 Cwsonio.
2394 5581 2412 5585 “
2515 5611 2520 5614 -

1854 5586 1929 5715 fi)
1960 5586 2056 5635 Dic
2077 5586 2340 5638 Cwsonio.
2515 5611 2520 5614 -
2693 5586 2709 5587 ί

1876 5652 1935 5725 4)
1968 5651 2459 5725 Ridiculuserror.
2492 5654 2769 5725 Siquidem
2789 5657 2935 5715 Nero
2963 5676 3107 5716 anno
3139 5659 3345 5718 ﬂoridae

1781 5723 1958 5777 aetatis
1985 5723 2410 5777 xxxnviolenta
2453 5723 2630 5781 morte
2678 5728 2831 5784 obiit.
2887 5730 2993 5790 Sed
3038 5731 3146 5788 alia
3175 5735 3354 5790 multa

1781 5791 2163 5862 hujuscemodi
2192 5793 2389 5850 menda
2421 5811 2531 5854 non
2566 5797 2858 5866 corrigam.
