3884 6268
475 330 582 387 ἓθδ

1180 315 1450 373 EUSEBZI
1489 311 1967 372 CESARIENSIS
2003 274 2154 367 015?.
2194 308 2378 364 PARS
2418 307 2458 365 I.
2489 338 2557 349 —
2596 302 2981 360 HISTORICA.

3661 290 3767 345 9.98

545 442 799 500 Vitellius
814 453 1002 495 mense
1036 434 1251 507 imperii
1277 433 1490 489 decimo
1514 432 1569 487 in
1601 431 1805 502 palatio
1831 439 1915 485 est
1949 427 2029 483 in-

2203 421 2855 494 Οὑῖτέλλιος·βασιλεύσας
2882 420 3054 493 μῆνας
3080 423 3130 483 ι’,
3158 411 3408 484 ἐσφάγη
3449 410 3517 464 ἐν
3553 405 3638 478 τῷ
3664 426 3768 462 πα-

473 540 799 595 teremptus.

544 551 646 592 rem
690 550 799 588 tus.

544 550 916 682 Bonganorum
942 621 1239 690 imperator
1272 614 1364 671 VII
1391 613 1761 686 Vespasianus
1783 621 1851 667 ab
1880 627 2038 668 exer-

471 723 589 776 citu
625 720 852 782 electus,
885 715 1049 770 annis
1080 730 1157 776 IX,
1186 712 1465 767 mensibus
1493 725 1571 774 ιιι,
1592 708 1786 764 diebus
1820 722 1955 761 χιιι.

964 824 1147 882 CCXII
1178 820 1547 879 OLYMPIAS.

475 923 521 980 Ι.
553 922 723 978 Galba
748 927 802 976 et
831 917 954 974 Tito
983 917 1181 971 Ruﬁno
1205 931 1352 971 coss.

477 1015 543 1071 II.
578 1013 914 1083 Vespasiano
945 1010 1076 1079 imp.
1111 1009 1229 1062 s'olo
1259 1021 1374 1061 cos.

478 1106 567 1162 III.
600 1105 941 1177 Vespasiano
964 1102 1096 1171 imp.
1133 1115 1168 1152 ιι
1195 1105 1249 1154 et
1275 1095 1450 1151 Nerva
1481 1109 1627 1151 coss.

480 1198 571 1254 IV.
604 1196 946 1267 Vespasiano
968 1192 1214 1261 Augusto
1246 1203 1305 1242 ιιι
1333 1199 1387 1241 et
1414 1185 1537 1241 Tito
1561 1199 1706 1241 coss.

956 1301 1160 1359 CCXIII
1218 1297 1586 1356 OLYMPIAS.

477 1402 546 1458 V.
582 1399 920 1470 Vespasiano
951 1395 1196 1465 Augusto
1232 1409 1284 1446 ιν
1305 1399 1360 1446 et
1391 1389 1516 1443 Tito
1561 1403 1599 1441 ιι
1634 1402 1782 1442 coss.

479 1492 571 1548 VI.
596 1491 905 1546 Domitiano
928 1496 980 1542 et
1006 1485 1295 1541 Messalino
1325 1499 1473 1538 coss.

489 1584 594 1638 VII.
628 1582 966 1653 VcSpasiano
996 1578 1245 1648 Augusto
1273 1591 1308 1629 v
1333 1584 1385 1629 et
1408 1572 1533 1627 Tito
1568 1587 1628 1625 ιιι
1657 1586 1800 1626 coss.

481 1671 618 1727 VIII.
653 1669 987 1740 Vespasiano
1019 1666 1158 1735 Aug.
1182 1680 1233 1718 v1
1260 1672 1314 1719 et
1344 1662 1467 1717 Tito
1498 1678 1551 1715 IV
1584 1677 1730 1717 coss.

970 1773 1177 1831 CCXIV
1194 1771 1563 1829 OLYMPIAS.

481 1871 573 1931 IX.
607 1869 945 1942 Vespasiano
976 1866 1223 1937 Augusto
1256 1881 1330 1919 vn
1365 1872 1419 1920 et
1452 1863 1576 1918 Tito
1606 1879 1638 1917 v
1672 1877 1818 1918 coss.

490 1964 559 2021 X.
595 1964 719 2019 Tito
752 1978 805 2017 vr
836 1969 889 2016 et
919 1959 1227 2014 Domitiano
1258 1972 1297 2010 ιι
1325 1971 1472 2012 coss.

562 2055 677 2110 Hoc
720 2069 863 2108 anno
902 2050 1274 2121 Vespasianus
1325 2047 1623 2118 imperator
1685 2043 1876 2099 morbo
1923 2056 2049 2096 cor-

483 2155 692 2219 reptus,
732 2161 796 2201 ex
835 2144 1140 2225 defectione
1170 2145 1422 2207 moritur,
1459 2155 1634 2195 annos
1653 2146 1816 2192 natus
1847 2152 1975 2189 Lxx.

554 2239 926 2295 Romanorum
968 2239 1266 2309 imperator
1309 2234 1426 2289 VIII
1465 2234 1644 2298 Titus,
1692 2233 1838 2287 illius
1884 2229 2046 2292 ﬁlius,

486 2334 647 2388 annis
685 2348 748 2386 ιι.

483 2427 527 2481 I.
558 2424 680 2480 Tito
704 2424 948 2493 Augusto
974 2437 1046 2474 vn
1069 2428 1124 2476 et
1150 2419 1458 2475 Domitiano
1487 2431 1548 2472 ιιι
1586 2430 1733 2473 coss.

484 2516 549 2570 ll.
574 2515 743 2570 Galba
768 2523 823 2569 et
847 2512 1091 2567 Pollione
1114 2512 1262 2567 coss.

558 2606 655 2661 IIis
683 2604 959 2676 praedictis
996 2618 1142 2659 coss.
1172 2602 1321 2674 gravi
1353 2600 1544 2656 morbo
1567 2611 1866 2670 Oppressus
1893 2595 2051 2649 Titus

487 2706 715 2754 mortem
746 2698 880 2753 obiit
910 2711 1085 2751 annos
1112 2702 1276 2749 natus
1296 2710 1431 2748 xw.
1888 2691 1901 2705 '

557 2789 925 2844 Romanorum
947 2789 1243 2858 imperator
1276 2789 1343 2843 IX
1377 2782 1716 2838 Domitianus
1747 2780 1907 2836 annis
1938 2795 2026 2834 1m

980 2898 1164 2955 CCXV
1191 2894 1558 2955 OLYMPIAS.

488 2994 532 3050 I.
557 2992 864 3048 Domitiano
895 2992 1143 3065 Augusto
1168 3008 1223 3049 1v
1252 2999 1307 3048 et
1339 2989 1543 3046 Sabino
1571 3005 1719 3047 coss.

488 3086 554 3144 II.
588 3086 898 3141 Domitiano
925 3087 1171 3158 Augusto
1209 3101 1241 3140 v
1274 3091 1328 3140 et
1352 3083 1475 3137 Tito
1499 3082 1641 3138 Rufo
1666 3097 1811 3139 coss.

489 3178 579 3233 III.
607 3176 913 3232 Domitiano
935 3176 1179 3247 Augusto
1203 3193 1257 3231 vr
1294 3184 1348 3231 et
1379 3173 1582 3229 Sabino
1604 3189 1753 3229 coss.

488 3268 580 3326 IV.
610 3267 916 3323 Domitiano
949 3269 1195 3339 Augusto
1222 3283 1296 3322 vn
1323 3273 1378 3322 et
1404 3264 1596 3321 Fulvio
1626 3280 1770 3320 coss.

969 3380 1179 3437 CCXVI
1209 3378 1576 3437 OLYMPIAS.

490 3474 557 3532 V.
586 3474 892 3532 Domitiano
915 3475 1158 3547 Augusto
1184 3490 1284 3530 VIII
1307 3483 1361 3531 et
1390 3473 1663 3529 Dolabella
1687 3488 1833 3529 coss.

492 3566 583 3621 VI.
620 3567 924 3622 Domitiano
961 3567 1206 3636 Augusto
1229 3583 1284 3621 rx
1316 3573 1371 3622 et
1394 3564 1689 3620 Saturnino
1714 3580 1858 3620 coss.

491 3656 610 3712 VII.
638 3656 946 3712 Domitiano
974 3656 1219 3726 Augusto
1238 3672 1272 3710 ιι
1294 3662 1348 3710 et
1377 3653 1499 3709 Tito
1532 3653 1674 3710 Rufo
1695 3668 1735 3708 ιι
1764 3669 1910 3709 coss.

494 3748 630 3805 VIII.
663 3748 854 3805 Fulvio
885 3763 925 3802 ιι
962 3756 1016 3804 et
1044 3748 1296 3802 Atratino
1321 3762 1471 3802 coss.

959 3877 1189 3935 CCXVII
1215 3875 1587 3934 OLYMPIAS.

498 3973 590 4030 IX.
622 3971 930 4028 Domitiano
959 3971 1205 4042 Augusto
1229 3987 1282 4026 ιιι
1315 3979 1369 4027 et
1398 3968 1574 4025 Nerva
1603 3985 1747 4027 coss.

494 4065 566 4122 X.
601 4063 892 4119 Glabrione
921 4072 977 4119 et
1004 4062 1242 4134 Trajano
1268 4078 1416 4119 coss.

495 4154 590 4211 XI.
614 4154 922 4211 Domitiano
949 4152 1197 4224 Augusto
1222 4169 1298 4208 xu
1320 4160 1375 4209 ct
1403 4152 1700 4210 Saturnino
1733 4168 1879 4211 coss.

497 4246 617 4304 XII.
641 4245 899 4316 Pompeio
926 4254 980 4302 et
1013 4244 1270 4316 Crispino
1293 4260 1439 4301 coss.

945 4382 1200 4440 CCXVIII
1227 4383 1597 4441 OLYMPIAS.

501 4478 637 4537 XIII.
665 4477 973 4535 Domitiano
1005 4476 1250 4548 Augusto
1300 4491 1403 4531 xm
1447 4484 1502 4533 et
1550 4474 1737 4531 Flavio
1782 4473 2060 4531 Clemente

496 4587 647 4629 COSS.

501 4662 644 4720 XIV.
672 4663 976 4734 Asprenate
1004 4667 1058 4718 et
1086 4660 1356 4715 Later'ano
1379 4673 1526 4716 coss.

500 4753 617 4810 XV.
642 4753 948 4810 Domitiano
974 4768 1064 4808 xxv
1092 4759 1147 4808 et
1174 4749 1452 4807 Clemente
1483 4765 1524 4805 ιι
1554 4765 1698 4806 coss.

501 4845 646 4903 XVI.
670 4844 896 4902 Valente
930 4852 984 4900 et
1016 4842 1211 4899 Vetere
1236 4856 1382 4897 coss.
1483 4824 1493 4835 ’

572 4938 910 4996 Domitianus
925 4938 1257 4999 occisusest,
1290 4950 1380 4989 an.
1413 4939 1524 4988 nat.
1558 4948 1683 4990 va.

574 5031 944 5088 Romanorum
974 5028 1269 5098 imperator
1296 5022 1348 5080 X
1370 5023 1545 5081 Nerva
1577 5039 1719 5079 anno
1745 5040 1785 5080 ι.

982 5117 1196 5175 CCXIX
1227 5114 1593 5174 OLYMPIAS.

507 5216 550 5272 I.
570 5213 747 5270 Nerva
773 5213 1020 5285 Augusto
1048 5221 1102 5268 et
1124 5209 1248 5266 Tito
1278 5209 1423 5265 Rufo
1454 5224 1518 5264 ιιι
1548 5223 1672 5266 coss

576 5299 751 5356 Nerva
804 5299 998 5358 morbo
1051 5296 1394 5356 conflictatus
1418 5298 1544 5354 vita:
1581 5297 1743 5354 ﬁnem
1787 5296 1915 5353 fecit
1944 5312 2061 5352 VIII.

508 5391 734 5448 Kalend.
762 5390 1065 5449 Februarii.

581 5481 948 5538 Romanorum
972 5484 1105 5555 imp.
1134 5481 1206 5537 XI
1229 5482 1501 5555 Traianus
1530 5499 1619 5539 an.
1646 5497 1760 5539 ιιιι.

512 5574 554 5632 l.
581 5573 815 5644 Trajano
844 5573 1088 5645 Augusto
1117 5576 1235 5631 solo
1254 5590 1368 5631 eos.

513 5669 579 5724 II.
602 5666 788 5721 Palma
815 5674 870 5723 et
896 5666 1196 5725 Senecione
1223 5684 1366 5725 coss.

514 5747 600 5815 III.
627 5745 865 5831 Trajano
895 5757 1136 5829 Augusto
1167 5773 1207 5814 ιι
1253 5766 1308 5814 et
1325 5758 1590 5816 Pontiano
1617 5773 1760 5815 coss.

2140 518 2308 588 λατίῳ
2344 512 2579 586 Ῥώμης.

2222 606 2502 678 Ῥωμαίων
2519 604 2562 669 ζ’
2586 602 2927 656 ἐϐασίλευσεν
2963 592 3403 656 Οὐεσπασιανὸς
3436 589 3549 661 ἔτη
3571 589 3646 654 0',
3671 590 3772 661 μῆ.

2140 716 2238 763 νας
2270 705 2360 764 ια’,
2392 696 2603 768 ἡμέρας
2633 695 2739 766 κβ¹,
2771 692 3062 762 στέψαντος
3087 689 3259 744 αὑτὸν
3287 684 3403 741 τοῦ
3441 683 3721 756 στρατοῦ.

2654 810 2773 864 ΣΙΒ¹
2812 806 3186 862 ΟΑΥΜΠΙΑΣ.

2141 908 2218 961 Α’.
2260 906 2356 961 ὑπ.
2398 901 2578 956 Γαλϐὰ
2609 901 2703 955 καὶ
2735 901 2894 953 Τίτου
2928 898 3234 968 Ῥουφίνου.

2140 1000 2215 1053 Β’.
2258 999 2351 1051 ὑπ.
2393 991 2798 1049 Οὐεσπασιανοῦ
2831 990 3231 1061 αὐτοκράτορος
3269 985 3495 1059 μόνου.

2139 1090 2213 1145 Γ’.
2255 1090 2349 1142 ὑπ.
2391 1083 2794 1140 Οὐεσπασιανοῦ
2829 1081 3120 1151 αὐτοκράτ.
3156 1080 3215 1133 τὸ
3251 1079 3304 1148 β’
3334 1076 3451 1131 καὶ
3481 1072 3731 1146 Νεροῦα.

2139 1183 2214 1235 Δ’.
2256 1182 2351 1235 ὑπ.
2392 1176 2797 1233 Οὐεσπασιανοῦ
2821 1175 3129 1245 Αὐγούστου
3157 1172 3217 1225 τδ
3259 1170 3321 1239 γ’
3352 1170 3464 1228 καὶ
3504 1167 3699 1219 Τίτου.

2655 1292 2772 1344 ΣιΓι
2813 1286 3189 1343 οΑΥΜιιιΑΣ.
3470 1360 3473 1363 δ

2139 1386 2217 1440 Ε¹.
2258 1385 2352 1437 ὑπ.
2393 1381 2799 1438 Οὐεσπασιανοῦ
2822 1380 3129 1449 Αὐγούστου
3146 1376 3206 1431 τδ
3222 1376 3269 1429 δ’
3290 1374 3405 1428 καὶ
3418 1373 3601 1426 Τίτου
3620 1369 3683 1423 τὸ
3699 1370 3761 1440 β’.

2141 1477 2232 1542 σο.
2256 1475 2349 1527 ὑπ.
2390 1473 2710 1545 Δομετιανοῦ
2740 1474 2832 1525 xa‘t
2855 1470 3214 1526 Μεσσαλίνου.

2140 1566 2215 1618 Ζ’.
2255 1565 2349 1618 ὑπ.
2391 1562 2794 1617 Οὐεσπασιανοῦ
2811 1561 3122 1631 Αὐγούστου
3140 1560 3199 1613 τὺ
3215 1565 3258 1612 ε’
3285 1558 3398 1612 καὶ
3421 1556 3602 1609 Τίτου
3616 1554 3678 1607 τὸ
3692 1560 3756 1622 γ’.

2141 1657 2222 1709 Η’.
2264 1655 2357 1709 ὑπ.
2398 1653 2803 1709 Οὐεσπασιανοῦ
2818 1652 3125 1722 Αὐγούστου
3139 1651 3203 1704 τὸ
3221 1657 3277 1716 ς’
3302 1647 3609 1705 καὶΤίτου
3626 1647 3687 1699 τὸ
3699 1646 3756 1698 δ’.

2661 1767 2779 1819 ΣΙΔ¹
2817 1763 3199 1819 ΟΑΥΜΠΙΑΣ.

2146 1860 2222 1913 Θ’.
2263 1860 2356 1912 ὑπ.
2382 1857 2789 1912 Οὐεσπασιανοῦ
2810 1858 3116 1926 Αὐγούστου
3135 1855 3196 1908 τὸ
3212 1853 3258 1919 ζ’
3276 1853 3394 1907 καὶ
3410 1851 3591 1905 Τίτου
3610 1849 3671 1903 τὸ
3692 1855 3749 1902 ε’.

2146 1954 2202 2008 I'.
2244 1953 2336 2006 ὑπ.
2380 1953 2537 2005 Τίτου
2571 1953 2632 2006 τὸ
2666 1959 2718 2017 ς’
2746 1952 2839 2005 καὶ
2864 1948 3190 2022 Δομετιανοῦ
3217 1948 3284 2002 τὸ
3320 1946 3401 2016 β’.

2231 2046 2318 2098 Ἐν
2346 2044 2519 2116 τούτῳ
2548 2044 2624 2114 τῷ
2649 2044 2824 2116 χρόνῳ
2852 2043 2991 2113 νόσῳ
3020 2042 3234 2113 βληθεὶς
3264 2037 3751 2102 Οὐεσπασιανδςό

2150 2137 2399 2208 βασιλεὺς
2427 2137 2683 2209 παρεθεὶς
2712 2136 2958 2207 τελευτᾷ,
2994 2135 3069 2188 ὢν
3100 2135 3235 2189 ἐτῶν
3263 2142 3338 2189 o'.

2229 2230 2510 2302 Ῥωμαίων
2524 2237 2571 2300 η’
2594 2229 2935 2284 ἐϐασίλευσεν
2957 2228 3132 2293 Τίτος,
3148 2229 3176 2280 ὁ
3192 2228 3312 2292 υίὸς
3342 2224 3662 2297 αὑτοῦ,ἔτη
3682 2224 3743 2295 β.

2146 2418 2229 2473 Α’.
2272 2418 2367 2473 ὑπ.
2408 2417 2566 2470 Τίτου
2594 2415 2901 2485 Αὐγούστου
2930 2416 2989 2468 τὸ
3020 2415 3063 2481 ξ’
3094 2415 3186 2469 καὶ
3204 2410 3565 2483 Δομετιανοῦ
3593 2408 3654 2463 τὸ
3678 2414 3741 2476 γ’.

2148 2508 2224 2564 Β’.
2265 2511 2358 2563 ὑπ.
2400 2509 2578 2563 Γαλϐὰ
2606 2509 2697 2562 καὶ
2726 2508 3076 2571 Πουλλίωνος.

2232 2603 2352 2656 Ἐπὶ
2379 2602 2487 2656 τῶν
2530 2601 2902 2673 προκειμένων
2949 2600 3168 2655 ὑπάτων
3208 2599 3385 2654 πάθει
3420 2595 3591 2666 δεινῷ
3616 2594 3739 2666 βλη-

2150 2694 2261 2758 θεὶς
2289 2695 2446 2759 Τίτος
2474 2695 2760 2759 ἀπέθανεν,
2790 2695 2864 2749 ὢν
2891 2694 3027 2749 ἐτῶν
3064 2694 3191 2765 μβ’.1

2231 2788 2514 2859 Ῥωμαίων
2541 2788 2583 2842 θ’
2601 2788 2947 2841 ἐϐασίλευσεν
2984 2787 3309 2858 Δομετιανὸς
3346 2783 3453 2855 ἒτη
3488 2787 3590 2847 ις’.

2664 2902 2786 2957 ΣιΕν
2823 2902 3193 2956 ΟΑΥΜΠΙΑΣ.

2211 3032 2226 3047 .
2266 2995 2363 3048 ὑπ.
2400 2994 2722 3065 Δομετιανοῦ
2750 2995 3057 3063 Αὐγούστου
3078 2994 3137 3047 τὸ
3158 2994 3198 3047 δ’
3221 2996 3322 3050 καὶ
3350 2994 3594 3049 Σαϐίνου

2208 3124 2223 3138 .
2265 3086 2357 3140 ὑπ.
2392 3086 2716 3156 Δομετιανοῦ
2728 3087 3036 3156 Αὐγούστου
3053 3089 3113 3141 τὸ
3129 3095 3169 3141 ε’
3185 3089 3280 3142 καὶ
3295 3088 3470 3142 Τίτου
3488 3083 3727 3151 Ῥούφου.

2209 3219 2223 3232 .
2265 3182 2358 3234 ὑπ.
2397 3181 2723 3252 Δομετιανοῦ
2743 3183 3051 3253 Αὐγούστου
3076 3184 3136 3238 τὸ
3165 3191 3216 3249 ς’
3241 3186 3342 3238 καὶ
3372 3182 3630 3237 Σαϐίνου.

2211 3312 2224 3327 .
2267 3274 2360 3328 ὑπ.
2399 3274 2725 3345 Δομετιανοῦ
2744 3276 3061 3345 Αὐγούστου
3090 3277 3150 3331 τὸ
3182 3280 3226 3342 ζ’
3256 3278 3355 3331 καὶ
3379 3274 3663 3331 Φουλϐίου.

2658 3390 2793 3458 Σιςι
2831 3391 3207 3445 ΟΛΥΜΠΙΑΣ.

2152 3481 2229 3533 E'.
2270 3481 2365 3535 ὑπ.
2407 3481 2727 3552 Δομετιανοῦ
2750 3483 3059 3551 Αὐγούστου
3087 3484 3148 3537 τὸ
3179 3491 3230 3557 η’
3270 3486 3371 3539 καὶ
3407 3480 3722 3539 Δολαϐελλά.

2154 3574 2245 3639 ς’.
2274 3574 2366 3626 ὑπ.
2408 3573 2729 3644 Δομετιανοῦ
2751 3573 3058 3642 Αὐγούστου
3087 3575 3147 3629 τὸ
3169 3576 3210 3630 θ’
3231 3578 3327 3631 καὶ
3350 3575 3719 3648 Σατουρνίνου.

2154 3667 2228 3719 Ζ’.
2271 3666 2362 3720 ὑπ.
2401 3666 2724 3737 Δομετιανοῦ
2745 3668 2880 3736 Αὑγ.
2899 3670 2959 3722 τὸ
2972 3676 3002 3721 ι’
3020 3669 3113 3724 καὶ
3130 3670 3291 3723 Τίτου
3318 3670 3555 3740 Ῥούφου
3584 3666 3642 3720 τὸ
3662 3665 3719 3734 β’.

2154 3756 2238 3811 Η’.
2277 3758 2371 3810 ὑπ.
2410 3757 2666 3812 Φουλϐίου
2690 3759 2749 3812 τὸ
2779 3757 2821 3828 β’
2850 3760 2944 3813 καὶ
2979 3761 3315 3831 Ἀτρατίνου.

2667 3870 2784 3922 ΣῙΖ¹
2822 3871 3195 3924 ΟΛΥΜΠΙΑΣ.

2147 2999 2206 3047 Al

2149 3084 2204 3136 B'

2149 3179 2201 3232 Γ⁹

2151 3274 2203 3325 Δρ

2156 3959 2232 4013 8⁸.
2274 3959 2371 4014 ὑπ.
2410 3960 2732 4030 Δομετιανοῦ
2754 3961 3062 4030 Αὐγούστου
3084 3963 3145 4015 τὸ
3169 3970 3235 4016 ια’
3262 3964 3360 4017 καὶ
3382 3959 3620 4033 Νεροῦα.

2156 4051 2214 4105 I'.
2254 4053 2347 4106 ὑπ.
2391 4034 2772 4124 (Γ)λα6ρίωνος
2804 4054 2899 4106 καὶ
2930 4053 3220 4125 Τραϊανοῦ.

2158 4145 2261 4200 IA'.
2301 4146 2395 4199 ὑπ.
2436 4145 2758 4216 Δομετιανοῦ
2782 4147 3091 4215 Αὐγούστου
3107 4147 3168 4201 τὸ
3190 4147 3255 4218 ιβ’
3271 4149 3367 4202 καὶ
3387 4142 3710 4216 Σατορνίνου.

2157 4235 2256 4291 IB'.
2304 4236 2397 4291 ὑπ.
2438 4237 2723 4308 Πομπηΐου
2759 4238 2854 4290 καὶ
2880 4240 3202 4311 Κρισπίνου.

2671 4349 2795 4402 ΣΙΠ⁹
2836 4351 3210 4407 ΟΛΥΜΠΙΑΣ.

2090 4472 2135 4528 D
2159 4440 2259 4494 II".
2299 4440 2390 4493 ὑπ.
2433 4441 2755 4511 Δομετιανοῦ
2793 4442 3099 4512 Αὐγούστου
3132 4444 3192 4497 τὸ
3241 4451 3311 4513 ιγ’
3358 4443 3456 4498 καὶ
3498 4435 3708 4494 Φλαυῖου

2230 4532 2346 4603 Κλή
2356 4550 2564 4603 μεντος.

2160 4623 2261 4678 ῙΔ’.
2301 4625 2394 4678 ὑπ.
2449 4618 2813 4697 Ἀσπρενάτου
2849 4625 2941 4680 καὶ
2969 4627 3300 4698 Λατεράνου.

2162 4714 2262 4769 IE'.
2304 4715 2399 4771 ὑπ.
2437 4715 2760 4788 Δομετιανοῦ
2784 4718 2919 4787 Αὐγ.
2942 4719 3003 4772 τὸ
3035 4718 3094 4773 ιδ’
3116 4719 3212 4774 καὶ
3242 4718 3552 4793 Κλήμεντος
3569 4710 3627 4766 τδ
3643 4706 3703 4780 β’⁶

2163 4809 2279 4875 Iq'.
2322 4807 2417 4862 ὑπ.
2458 4809 2753 4874 Οὐάλεντος
2788 4810 2880 4863 καὶ
2905 4808 3155 4882 Βετέρου.

2230 4900 2554 4971 Δομετιανὸς
2582 4901 2841 4974 ἁνηρέθη,
2870 4900 2945 4955 ὢν
2976 4904 3112 4957 ἐτῶν
3145 4910 3247 4976 με’.

2243 4990 2529 5063 Ῥωμαίων
2555 4998 2585 5045 ι’
2615 4991 2961 5047 ἐϐασίλευσεν
2987 4995 3229 5068 Νεροῦας
3258 4995 3377 5060 ἔτος
3402 5001 3473 5050 α’.

2673 5107 2797 5162 ΣΙΘ
2834 5105 3213 5163 ΟΑΥΜΠΙΑΣ.

2159 5196 2241 5252 Α’.
2280 5196 2377 5251 ὑπ.
2415 5195 2631 5268 Νεροῦα
2657 5197 2966 5267 Αὐγούστου
2994 5199 3088 5253 καὶ
3119 5200 3282 5253 Τίτου
3316 5196 3533 5267 Ῥούφου
3556 5189 3609 5242 τδ
3635 5190 3693 5253 τ-

2232 5288 2478 5362 Νεροῦας
2513 5289 2748 5361 νοσήσας
2789 5289 3139 5362 ἐτελεύτησεν
3192 5290 3299 5363 πρὸ
3345 5296 3393 5361 η’
3437 5277 3693 5342 Καλενδῶν

2162 5385 2545 5458 Φεϐρουαρίου.

2241 5477 2527 5550 Ῥωμαίων
2557 5485 2624 5532 ια’
2653 5477 2998 5533 ἐϐασίλευσεν
3027 5477 3303 5551 Τραῦανύς
3329 5480 3421 5552 ἐτη
3455 5475 3536 5533 ιϐ’.

2164 5569 2241 5624 Α’.
2282 5570 2377 5623 ὑπ.
2417 5570 2684 5642 Τραϊανοῦ
2713 5572 3019 5642 Αὐγούστου
3053 5574 3233 5645 μόνου.

2166 5660 2241 5714 B'.
2282 5661 2377 5715 ὑπ.
2417 5663 2616 5734 Παλμὰ
2648 5665 2741 5718 καὶ
2772 5665 3116 5732 Σενεκίωνος.

2168 5753 2241 5808 I".
2284 5755 2378 5809 ὑπ.
2414 5755 2681 5828 Τραϊανοῦ
2708 5756 3015 5837 Αὐγούστου
3050 5758 3110 5833 τὸ
3142 5758 3188 5830 β’
3217 5757 3312 5831 καὶ
3336 5744 3618 5813 Ποντιανοῦ-
