3884 6268
229 366 321 420 501
1513 367 1763 426 (ἷῖιῐὶΟΝῙ

1977 367 2022 422 Μ
2087 367 2216 424 LIB.
2252 369 2291 424 I.
2542 429 2544 431 μ
3408 369 3511 426 501

226 489 282 538 ιΔ
303 525 318 538 .
396 503 467 539 π,
500 489 751 559 Σεΰήρου
781 489 842 542 τὸ
869 488 913 557 β’
946 491 1040 543 καὶ
1071 490 1443 562 Πομπηῖανοῦ.

1861 495 1910 552 Α
1933 486 2074 543 XIV.
2103 487 2306 544 Severo
2331 503 2369 542 ιι
2402 494 2456 542 et
2484 486 2816 559 Pompeiano
2845 503 2989 546 coss.

223 577 300 629 ιε’
330 577 442 632 ὐπ,
483 579 698 632 Γάλλου
728 580 824 632 καὶ
856 579 1126 635 Φλάκκου.

1936 579 2053 634 XV.
2081 579 2234 634 Gallo
2264 571 2316 634 et
2340 577 2533 634 Flacco
2559 593 2703 634 coss.

223 665 315 732 uc,"
348 666 460 718 ὐπ.
517 667 774 739 Ὀρφὶτου
803 668 863 724 τὸ
891 675 940 737 γ’
975 670 1069 722 καὶ
1109 670 1355 739 Ῥούφου.

1268 684 1355 725 ιον.
1941 669 2083 726 XVI.
2109 669 2281 726 Orﬁto
2310 685 2371 724 ιιι
2412 682 2468 728 et
2500 669 2642 725 Rufo
2658 685 2802 727 coss.

777 780 921 836 ΣΛΘ¹
960 784 1044 836 ΟΛ
1053 784 1333 840 ΥΜΠῙΑΣ.

2359 782 2665 839 CCXXXIX
2717 781 3081 840 OLYMPIAS.

217 869 321 926 IZ'.
354 871 468 928 ὑπ.
512 867 850 938 Πουλλίωνος
880 875 974 928 καὶ
1012 877 1242 949 Ἀπρου.

1939 871 2103 928 XVII.
2131 873 2376 931 Pollione
2405 883 2458 930 et
2487 873 2634 944 Apro
2659 888 2805 930 coss.

219 967 329 1019 IH'.
367 966 480 1020 ὑπ.
522 966 771 1038 Κομόδου
804 967 898 1020 καὶ
938 968 1274 1023 Κυϊντίλλου.

1937 967 2122 1022 XVIII.
2152 967 2449 1023 Commodo
2473 973 2526 1022 et
2555 965 2816 1033 Quintilio
2838 981 2982 1024 coss.

213 1056 317 1111 18'.
354 1058 467 1111 ὑπ.
525 1059 776 1131 ὐρφίτου
807 1058 928 1113 τὸδ’
958 1061 1050 1114 καὶ
1090 1061 1316 1132 Ῥούφου
1342 1064 1493 1135 τὸ’β’.

1376 1064 1413 1118 δ’
1433 1064 1493 1135 β’.
1937 1058 2081 1113 XIX.
2111 1058 2281 1114 Orﬁto
2311 1075 2366 1114 ιν
2409 1068 2463 1114 et
2488 1058 2632 1116 Rufo
2661 1074 2702 1114 ιι
2729 1073 2874 1115 coss.
2907 1119 2910 1122 γ

284 1151 648 1216 Ἀντωνῖνος,
699 1151 728 1202 6
769 1151 863 1206 καὶ
909 1153 1138 1224 Οὐῆρος,
1187 1156 1419 1226 νοσήσας
1462 1157 1728 1211 ἀπέθανεν
1774 1158 1818 1212 ἐι

2007 1152 2344 1217 Antoninus,
2373 1153 2467 1224 qui
2496 1159 2550 1207 et
2593 1151 2770 1211 Verus
2799 1151 2982 1208 dictus
3012 1158 3118 1217 est,
3151 1152 3349 1208 morbo
3377 1167 3509 1207 con-

211 1240 607 1308 Παννωνίαις,
661 1245 769 1316 πρὸ
817 1245 961 1300 ὀκτὼ
991 1247 1268 1302 καλανδῶν
1321 1250 1638 1322 άπριλλίων,
1665 1253 1745 1324 dp!

1977 1247 2176 1303 ictatus
2217 1247 2272 1301 in
2300 1245 2602 1302 Pannoniis
2633 1247 2788 1315 obiit,
2815 1261 2917 1302 VIII
2959 1245 3079 1301 Kal.
3112 1244 3348 1318 Apriles,
3384 1263 3509 1302 cum

214 1332 315 1401 ἐτη
355 1332 454 1387 ιϐ’.

1936 1339 2261 1408 imperasset
2289 1340 2450 1394 annis
2489 1355 2601 1394 xix.

300 1426 610 1499 Ῥωμαίων
642 1428 702 1482 ιε’
731 1429 1075 1484 ἐϐασίλευσεν
1107 1431 1352 1501 Κόμοδος
1382 1432 1476 1503 ἐτη
1511 1432 1597 1487 ιϐ’.

2005 1429 2373 1487 Romanorum
2407 1431 2536 1503 imp.
2555 1431 2988 1488 XVCommodus
3013 1446 3102 1487 an.
3131 1448 3228 1488 xu.

217 1516 296 1570 Α’.
334 1521 445 1573 ὑπ.
483 1522 728 1593 Κομὸδου
757 1523 1066 1592 Αὐγούστου
1095 1524 1157 1577 τὸ
1190 1523 1234 1596 β’
1267 1526 1362 1580 καὶ
1388 1527 1583 1598 Βήρου.

1545 1545 1583 1580 ι.
1936 1521 1978 1578 Ι.
2011 1524 2310 1580 Commodo
2336 1526 2582 1597 Augusto
2611 1541 2647 1580 ιι
2676 1533 2730 1581 et
2768 1525 2909 1580 Vero
2935 1542 3079 1584 coss.

755 1630 866 1687 ΣΜ⁹
900 1633 1279 1690 ΟΛΥΜΠΙΑΣ.
1744 1681 1747 1684 .

1744 1681 1747 1684 .
2431 1637 2612 1694 CCXL
2642 1636 3013 1694 OLYMPIAS.

219 1721 298 1776 B’.
345 1724 454 1777 ὑπ.
493 1725 825 1797 Πραίσεντος
858 1727 952 1779 καὶ
982 1726 1294 1798 Γορδιανοῡ.

1935 1723 2000 1780 ΙΙ.
2025 1725 2300 1783 Ριιωεεηιε
2329 1737 2382 1783 et
2421 1726 2701 1782 Gordiano
2725 1742 2870 1782 coss.

219 1812 297 1866 1⁷⁸.
337 1816 448 1870 ὑπ.
479 1817 724 1888 Κομόδου
753 1816 1062 1886 Αὐγούστου
1097 1817 1158 1870 τὸ
1188 1817 1238 1887 γ’
1271 1820 1365 1873 καὶ
1391 1820 1568 1892 Βήρου
1597 1821 1658 1876 τὸ
1691 1821 1753 1892 β’.

1597 1821 1658 1876 τὸ
1691 1821 1757 1892 β’.
1861 1853 1905 1909 Β
1935 1819 2024 1876 III.
2057 1821 2358 1876 Commodo
2387 1820 2617 1891 Aug..m
2651 1829 2705 1875 ct
2733 1819 2877 1876 Vero
2903 1837 2940 1874 ιι
2976 1834 3117 1877 coss.

221 1905 299 1959 Δ’.
335 1908 443 1962 ὐπ.
478 1909 827 1980 Μαμερτίνου
857 1911 952 1963 καὶ
993 1910 1220 1980 Ῥούφου
1247 1911 1307 1964 τὸ
1334 1912 1381 1981 γ’
1389 1953 1403 1967 .

1861 1905 1899 1909 ⁷
1934 1911 2024 1968 IV.
2061 1911 2388 1968 Mamertino
2413 1922 2466 1969 et
2497 1911 2640 1968 Rufo
2673 1929 2733 1967 ιιι
2765 1928 2911 1968 coss.
3165 1961 3167 1963 ,

222 1997 300 2052 Ε⁹.
341 2000 445 2055 ὐπ.
485 2003 734 2073 Κομόδου
763 2003 1071 2073 Αὐγούστου
1105 2001 1166 2056 τὸ
1196 2003 1236 2056 δ’
1264 2006 1358 2060 καὶ
1386 2005 1720 2078 Βικτορίνου.

1933 2005 1999 2060 V.
2030 2005 2331 2062 Commodo
2369 2005 2619 2076 Augusto
2650 2015 2702 2059 ιν
2735 2014 2790 2060 et
2821 2004 3106 2062 Victorino
3142 2021 3287 2063 coss.

755 2115 911 2172 ΣΜΑ⁹
943 2118 1316 2173 ΟΛΥΜΠΙΑΣ.

2400 2116 2605 2174 CCXLI
2639 2117 3007 2176 OLYMPIAS.

230 2197 326 2271 ς’.
362 2207 462 2260 ὑπ.
495 2209 816 2281 Μαρκέλλου
849 2213 944 2265 καὶ
969 2211 1242 2267 Αἰλιανοῦ.

1932 2206 2020 2262 Vl.
2054 2207 2312 2263 Marcello
2345 2214 2399 2263 et
2432 2207 2652 2263 Atiliano
2691 2223 2836 2265 coss.

232 2294 310 2350 Z’.
349 2298 448 2352 ὐπ.
478 2300 762 2371 Ματέρνου
792 2302 889 2354 καὶ
920 2301 1190 2373 Βραδοῦα.

1933 2299 2046 2353 VII.
2080 2299 2326 2356 Materno
2360 2308 2414 2356 et
2440 2300 2656 2356 Bradua
2687 2316 2831 2357 coss.

233 2380 318 2438 H'.
359 2387 456 2439 ὐπ.
492 2388 741 2460 Κομόδου
792 2389 1104 2458 Αὐγούστου
1153 2389 1214 2444 τὸ
1246 2389 1288 2443 ε’
1326 2392 1422 2446 καὶ
1468 2392 1767 2466 Γλαϐρίωνε

1655 2395 1828 2458 ἰωνος.
1931 2390 2069 2447 VIII.
2099 2392 2397 2448 Commodo
2429 2392 2567 2462 Aug.
2599 2409 2634 2448 ν
2659 2400 2714 2450 et
2742 2393 3013 2450 Gabrione
3045 2409 3189 2452 coss.

232 2475 314 2530 Θ.
351 2477 446 2531 ὐπ.
482 2479 785 2550 Κρισπίνου
825 2481 920 2537 καὶ
951 2481 1226 2537 Αἰλιανοῦ.

1931 2483 2022 2539 ΙΧ.
2047 2483 2302 2556 Crispino
2331 2493 2385 2541 et
2405 2485 2624 2541 [Eliano
2651 2502 2796 2543 coss.

757 2596 911 2652 ΣΜΒ¹
943 2598 1319 2655 ΟΛΥΜΠΙΑΣ.

2408 2598 2493 2654 CC
2502 2597 2638 2652 XLII
2666 2596 3042 2655 OLYMPIAS.

239 2682 294 2736 1'.
333 2685 427 2740 ὐπ.
457 2688 790 2742 Φουσκιανοῦ
826 2691 918 2744 καὶ
957 2691 1199 2744 Σιλανοῦ.

1932 2690 2000 2746 X.
2043 2690 2314 2747 Fusciano
2342 2698 2395 2745 et
2422 2689 2611 2746 Silano
2642 2707 2787 2747 coss.

239 2773 339 2830 lA'.
375 2779 468 2835 ὑπ.
501 2781 747 2852 Κομόδου
787 2783 1098 2853 Αὐγούστου
1128 2786 1190 2840 τὸ
1220 2785 1273 2854 ς’
1305 2791 1398 2842 καὶ
1444 2790 1773 2862 Σεπτιμιανο

1687 2793 1824 2851 nos,
1930 2783 2022 2839 XI.
2056 2783 2355 2840 Commodo
2378 2782 2518 2855 Aug.
2552 2799 2607 2840 vl
2635 2792 2690 2840 et
2711 2784 3049 2855 Septimiano
3078 2799 3221 2842 coss.

240 2867 339 2922 IB’.
375 2871 464 2925 ὐπ.
502 2874 750 2944 Κομόδου
794 2876 1102 2946 Αὐγούστου
1147 2879 1208 2933 τὸ
1241 2879 1282 2944 ζ’
1330 2881 1426 2935 καὶ
1471 2884 1774 2956 Περτίνακο

1699 2902 1826 2950 ικος,
1932 2875 2048 2932 XII.
2074 2875 2373 2931 Commodo
2397 2875 2538 2946 Aug.
2572 2891 2647 2930 vn
2677 2883 2730 2929 et
2764 2874 3050 2932 Pertinace
3083 2891 3233 2934 coss.

310 2963 544 3034 Κόμοδος
573 2967 835 3036 αἰφνίδιον
873 2970 1221 3045 ἐτελεύτησεν
1247 2973 1570 3044 ἀποπνιγεὶς
1596 2979 1655 3032 ἐν
1685 2979 1831 3052 οἰκίᾳ

2001 2967 2334 3024 Commodus
2355 2973 2579 3038 repente
2603 2967 2811 3022 interiit
2844 2967 3142 3024 suffocatus
3172 2970 3226 3024 in
3256 2968 3371 3026 a‘de
3398 2967 3504 3026 Ve-

243 3051 522 3110 Βεστιανοῢ
581 3060 880 3128 συγγενοῦς
946 3064 1111 3118 αὐτοῦ
1167 3066 1262 3119 καὶ
1328 3067 1679 3141 Ἀτταλιανῆς
1729 3072 1777 3124 τί

1969 3061 2099 3116 tiani
2127 3060 2306 3116 aliinis
2335 3061 2419 3115 sui
2439 3067 2493 3115 et
2513 3059 2802 3116 Attalianae
2817 3060 3032 3117 femina:
3058 3063 3366 3120 consularis
3391 3061 3503 3118 Ro-

245 3145 538 3257 ιὲπὶιτίσσης
564 3153 624 3204 ἐν
666 3149 855 3228 Ῥώμῃ
906 3157 1013 3228 πρὸ
1043 3155 1091 3210 α’
1137 3157 1412 3214 καλανδῶν
1474 3163 1779 3236 ἱανουαρίωι

1955 3168 2062 3220 nae,
2117 3152 2292 3225 pridie
2347 3151 2576 3208 Kalend.
2613 3150 2938 3220 Ianuarias,
2994 3169 3121 3208 cum
3170 3153 3489 3224 imperasset

246 3237 401 3308 ἄρξας
438 3241 534 3314 ἐτη
570 3242 659 3299 ιϐ’.

1853 3237 1893 3257 ν
1928 3245 2086 3301 annis
2114 3260 2218 3304 xu.
2989 3299 2995 3305 .

323 3331 595 3405 Ῥωμαίων
645 3336 720 3403 ις’
759 3337 1105 3396 ἐϐασίλευσεν
1142 3344 1368 3410 Λούκιος
1405 3345 1672 3420 Περτίναξ
1715 3349 1820 3422 μῆι-

1995 3335 2368 3393 Romanorum
2396 3336 2801 3407 imperat.XVl,
2841 3334 3042 3393 Lucius
3061 3331 3314 3391 Pertinax
3345 3350 3498 3391 men-

247 3438 338 3486 νας
366 3425 427 3495 β’.

1926 3428 2080 3486 sibus
2103 3444 2164 3485 ιι.

312 3515 587 3590 Περτίναξ,
637 3523 666 3574 6
705 3525 801 3578 καὶ
833 3525 1081 3592 Λούκιος,
1123 3530 1336 3604 ἐσφάγη
1369 3533 1473 3586 ὑπὸ
1505 3533 1612 3587 τῶν
1656 3551 1820 3606 στραε

1996 3520 2276 3588 Pertinax,
2309 3522 2405 3594 qui
2437 3530 2490 3578 et
2509 3521 2713 3579 Lucius
2739 3521 2940 3588 dictus,
2975 3536 3007 3576 a
3037 3521 3305 3578 militibus
3327 3522 3496 3577 inter--

249 3610 454 3676 τιωτῶν,
485 3614 562 3677 ὡς
591 3615 868 3688 ἐξέρχεται
893 3619 1002 3673 άπὸ
1028 3619 1120 3674 τοῦ
1153 3620 1414 3678 παλατίου
1434 3626 1514 3689 εἰς
1539 3624 1630 3679 τὸν
1658 3626 1783 3698 Μάρ

1962 3622 2103 3671 actus
2136 3624 2239 3681 est,
2259 3615 2387 3670 dum
2407 3631 2472 3671 ex
2496 3615 2697 3686 palatio
2719 3615 2776 3669 in
2805 3629 3059 3686 campum
3088 3614 3340 3670 Martium
3368 3630 3496 3686 pro-

247 3717 350 3759 ςιον
372 3705 443 3761 ὢν
466 3707 604 3764 ἐτῶν
631 3707 695 3767 ο’.

1924 3707 2206 3776 ficiscitur,
2242 3723 2370 3763 ann.
2397 3716 2560 3766 natus
2589 3725 2715 3767 Lxx.

322 3803 596 3875 Ῥωμαίων
637 3805 703 3871 ιζ’
733 3807 1081 3866 ἐϐασίλευσεν
1116 3811 1290 3876 Δίδιος
1328 3813 1631 3878 Ἰουλιανὸς,
1666 3815 1694 3868 6
1725 3813 1817 3868 καὶ

1994 3805 2365 3861 Romanorum
2399 3806 2650 3877 imperat.
2683 3803 2843 3868 XVII,
2876 3801 3066 3860 Didius
3099 3802 3370 3870 Julianus,
3397 3805 3492 3876 qui

252 3893 456 3960 Σίλϐιος,
490 3898 667 3968 μῆνας
700 3897 764 3965 ζ’.

1803 3893 1808 3898 ’
1921 3906 1975 3954 et
2009 3897 2213 3954 Silvius
2244 3899 2318 3970 (I)
2354 3899 2556 3964 dictus,
2586 3897 2868 3954 mensibus
2904 3913 2998 3953 vu.

252 3983 318 4038 Δ’.
349 3987 433 4042 ὐπ.
470 3989 716 4042 Φλάκκου
747 3992 841 4044 καὶ
873 3993 1109 4063 Κλάρου.

1801 4031 1803 4033 ι
1921 3991 1963 4046 I.
1994 3989 2188 4047 Flacco
2211 3998 2264 4046 et
2293 3990 2454 4047 Claro
2472 4007 2618 4048 coss.
3191 4034 3192 4037 η

313 4076 413 4130 Καὶ
453 4073 607 4143 οὗτος
655 4082 684 4133 6
709 4081 882 4146 Δίδιος
925 4084 1138 4155 ἐσφάγη
1189 4085 1294 4138 ὐπὸ
1348 4086 1810 4160 κουϐικουλαρίου,

1993 4082 2254 4140 Similiter
2280 4092 2335 4140 et
2376 4084 2465 4138 hic
2500 4083 2689 4140 Didius
2729 4099 2761 4138 a
2791 4081 3151 4150 cubiculario,
3199 4097 3296 4154 per
3321 4081 3491 4140 comi-

251 4170 320 4233 εις
347 4171 437 4242 τὴν
465 4172 649 4244 πηγὴν
676 4172 772 4226 τοῦ
805 4175 1086 4241 παλατίου,
1133 4176 1353 4250 Ῥώμης
1384 4178 1512 4244 ἔσω,
1542 4179 1616 4243 ὡς
1642 4192 1785 4253 προσ

1951 4190 2038 4229 ιιιιι
2090 4175 2321 4232 insidias
2380 4175 2702 4232 interfectus
2758 4183 2843 4232 est
2889 4175 2958 4231 ad
3009 4174 3217 4231 fontem
3271 4173 3485 4243 Palatii,

252 4259 350 4332 ἐχει
377 4265 483 4328 τοῖς
517 4263 747 4335 ἰχθύσιν,
781 4266 847 4320 ἐκ
894 4269 1160 4340 συσκευῆς
1207 4269 1315 4323 τῶν
1361 4271 1477 4341 μετ’
1518 4271 1702 4340 αὐτοῦ,
1737 4271 1786 4326 ὣ

1809 4290 1813 4315 ι
1921 4267 2125 4335 Romae,
2151 4269 2280 4324 dum
2311 4269 2555 4339 piscibus
2578 4268 2830 4336 intendit,
2860 4284 3034 4326 annos
3064 4275 3228 4324 natus
3255 4284 3343 4324 ιιι.

255 4354 371 4409 ἐτῶν
397 4354 454 4422 ξ’.
2731 4414 2738 4423 .

321 4443 593 4519 Ῥωμαίων
627 4448 692 4521 ιη’
726 4450 1072 4505 ἐϐασίλευσεν
1116 4452 1342 4515 Λούκιος
1387 4453 1675 4524 Σεπτίμιος
1712 4455 1812 4507 Σει

1987 4449 2358 4510 Romanorum
2383 4453 2682 4526 imperator
2709 4453 2894 4521 XVIII,
2939 4453 3142 4511 Lucius
3191 4452 3485 4524 Septimius

252 4539 429 4612 ϐῆρος,
482 4543 592 4597 ἀπὸ
667 4545 768 4615 τῆς
837 4545 1139 4617 συγκλήτου
1203 4544 1420 4618 Ῥώμης
1485 4545 1776 4618 ψηφισθεὶς

1770 4565 1810 4614 ς,
1845 4561 1890 4617 ι)
1920 4541 2156 4600 Severus
2177 4560 2209 4600 a
2236 4543 2485 4600 Romano
2516 4555 2710 4602 senatu
2744 4550 2972 4614 electus,
3003 4546 3162 4604 annis
3189 4561 3304 4600 nx.

250 4632 328 4706 ἔτη
353 4633 430 4689 ιϐ’.

742 4751 892 4805 ΣΜΓ¹
925 4753 1299 4807 ΟΛΥΜΠΙΑΣ.

2369 4744 2619 4803 CCXLIII
2652 4745 3022 4805 OLYMPIAS.

246 4832 313 4893 ΑΕ
349 4841 435 4895 ὐπ.
469 4842 707 4916 Σεϐήρου
738 4842 1046 4911 Αὐγούστου
1081 4843 1172 4896 καὶ
1205 4844 1451 4900 Σαϐίνου.

1421 4862 1451 4900 ι,
1913 4836 1954 4891 I.
1992 4836 2193 4893 Severo
2213 4837 2461 4911 Augusto
2501 4849 2555 4896 et
2587 4841 2788 4896 Sabino
2811 4857 2955 4898 coss.

251 4929 312 4982 Β.
342 4933 429 4987 ὐπ.
462 4933 762 5006 Τερτύλλου
791 4935 884 4988 καὶ
915 4935 1249 5007 Κλήμεντος.

1911 4925 1976 4982 II.
2011 4926 2254 4985 Tertullo
2278 4939 2334 4985 et
2363 4929 2640 4988 Clemente
2668 4948 2821 4989 coss.

251 5021 311 5076 I".
339 5025 423 5080 ὐπ.
453 5027 682 5098 Δέξτρου
713 5027 807 5080 καὶ
835 5026 1098 5098 Πρίσκου.

1910 5017 1999 5078 III.
2030 5019 2233 5077 Dextro
2257 5029 2309 5076 et
2332 5021 2521 5078 Prisco
2545 5039 2686 5080 coss.

248 5112 310 5170 Δ’.
340 5117 425 5173 ὐπ.
465 5120 779 5191 Λατεράνου
811 5121 904 5173 καὶ
939 5120 1244 5189 Ῥουφῖνον.

1908 5109 1999 5167 IV.
2031 5111 2299 5169 Laterano
2332 5123 2386 5172 et
2421 5115 2617 5172 Rulino
2644 5133 2788 5175 coss.

739 5233 892 5288 ΣΜΔ¹
924 5236 1296 5290 ΟΛΥΜΠΙΑΣ.

2363 5229 2612 5285 CCXLIV
2651 5227 3015 5288 OLYMPIAS.

247 5340 308 5395 E'.
341 5345 428 5400 ὑπ.
462 5348 782 5420 Σατορνίνου
814 5349 908 5402 καὶ
935 5350 1159 5405 Γάλλου.

1913 5343 1972 5397 V.
2009 5343 2308 5399 Saturnino
2337 5355 2391 5400 et
2417 5346 2570 5401 Gallo
2605 5359 2760 5402 coss.

248 5432 324 5499 (τ’.
355 5437 442 5492 ὑπ.
490 5439 821 5494 Ἀνουλλίνου
852 5442 945 5495 καὶ
969 5442 1299 5513 Φρόπωνος.

1907 5432 1994 5490 VI.
2019 5435 2276 5490 Anullino
2308 5442 2361 5489 et
2393 5434 2665 5490 Frontone
2695 5452 2841 5492 coss.

249 5523 304 5577 Ζ’.
337 5529 424 5584 ὑπ.
459 5531 696 5603 Σεϐήρου
728 5531 1036 5601 Αὐγούστου
1066 5534 1126 5587 τὸ
1157 5534 1201 5605 β’
1236 5537 1330 5590 καὶ
1365 5537 1691 5610 Βικτορίνου,

1623 5557 1691 5602 ου.
1906 5525 2018 5580 VII.
2049 5525 2250 5582 Severo
2270 5525 2518 5598 Augusto
2545 5543 2583 5580 ιι
2620 5534 2674 5581 et
2705 5526 2985 5608 Victorino
3011 5544 3157 5587 coss.

247 5616 313 5671 II'.
345 5622 433 5677 ὑπ,
464 5624 754 5678 Μωκιανοῦ
788 5627 880 5679 καὶ
904 5625 1189 5681 Φαϐιανοῦ.

1904 5621 2044 5678 VIII.
2073 5620 2322 5676 Muciano
2355 5627 2409 5676 et
2440 5619 2692 5690 ,Fabiano
2723 5637 2867 5678 coss.

313 5829 497 5894 (U'Dic
527 5835 764 5890 Salvius.
