3884 6268
131 337 229 393 513
1427 348 1665 425 CHRONI

1900 343 1934 407 Ι
1963 351 2090 409 LIB.
2131 352 2198 410 ll.
3331 365 3434 420 ’51⁸

146 523 3308 558 .__..__________________________________________

807 706 1662 889 EUSEBII
1765 706 2827 891 PAMPHILI

480 1028 1666 1174 CHBONICORUM
1738 1029 2212 1165 LIBER
2303 1031 3115 1168 SECUNDUS

883 1270 945 1355 S.
984 1266 1477 1333 HIERONYMO
1521 1267 2029 1330 INTEBPRETE
2069 1269 2173 1330 ET
2213 1267 2742 1334 AMPLIATORE

1145 1431 1262 1516 [Ad
1291 1431 1546 1512 codices
1577 1429 1917 1500 VaticanOs
1953 1447 2160 1510 nuper
2192 1438 2474 1497 exactus.

292 1736 403 1799 SA
410 1737 551 1804 NC
559 1738 664 1800 TI
682 1734 1170 1821 HIEBONYMI
1197 1732 1501 1804 eum
1511 1733 1652 1796 T10
1679 1733 1826 1797 1N1

1727 1735 1779 1797 N
1803 1731 2136 1814 LIBRUM
2157 1734 2231 1799 ΙΙ
2261 1733 2878 1805 CHRONICORUM
2899 1735 3261 1802 EUSEBII.

290 1902 692 1961 Hmnormtus
728 1901 1028 1959 Vixcsnrro
1048 1915 1121 1958 ετ
1155 1898 1395 1957 Gaiano
1432 1915 1546 1957 suns
1580 1913 1846 1956 sumen.

211 2039 266 2094 l.
284 2037 483 2117 Vetus
505 2040 627 2097 iste
654 2040 984 2097 disertorum
1007 2055 1127 2097 mos
1154 2041 1279 2105 fuit,
1308 2048 1370 2095 ut
1390 2038 1683 2096 exercendi
1711 2039 1911 2110 ingenii
1941 2053 2106 2094 causa
2125 2037 2343 2105 Gracos
2371 2037 2542 2102 libros
2563 2039 2759 2097 Latino
2780 2056 3032 2100 sermone
3057 2042 3434 2118 absolverent,

146 2139 217 2198 et,
245 2133 404 2203 quod
432 2134 587 2204 plus
615 2134 670 2190 in
704 2151 765 2191 se
797 2134 1128 2192 diﬂicultatis
1165 2135 1347 2201 habet,
1366 2143 1617 2206 poemata
1640 2133 1931 2190 illustrium
1965 2135 2227 2200 virorum,
2261 2135 2446 2194 addita
2475 2137 2633 2192 metri
2665 2137 3011 2206 necessitate,
3040 2137 3431 2214 transferrent.-

153 2222 304 2301 Unde
337 2235 401 2301 et
434 2236 652 2299 noster
682 2227 894 2296 Tullius
917 2228 1162 2286 Platonis
1181 2230 1424 2302 integros
1449 2229 1620 2294 libros
1652 2228 1720 2284 ad
1750 2229 1975 2284 verbum
2007 2229 2394 2300 interpretatus
2424 2237 2510 2285 est
2542 2247 2556 2284 :
2588 2237 2643 2286 et
2667 2245 2792 2286 cum
2819 2231 3044 2286 Aratum
3073 2231 3186 2302 jam
3225 2231 3427 2286 Roma-

151 2334 277 2376 num
306 2322 678 2381 hexametris
701 2327 952 2385 versibus
979 2327 1260 2392 edidisset,
1315 2326 1373 2381 in
1408 2325 1784 2396 Xenophontis
1825 2322 2177 2380 (Economico
2207 2325 2338 2381 lusit
2373 2343 2387 2380 :
2432 2325 2488 2379 in
2535 2340 2645 2396 quo
2694 2340 2856 2396 opere
2886 2326 2962 2380 ita
3013 2341 3156 2397 sape
3201 2325 3443 2382 anreum'

159 2407 286 2469 illud
313 2411 544 2469 numen
574 2415 897 2486 eloquentia
917 2415 1244 2487 quibusdam
1277 2413 1488 2471 scabris
1519 2423 1573 2469 et
1603 2413 1930 2469 turbulentis
1949 2412 2198 2474 obicibus
2229 2412 2556 2483 retardatur,
2573 2415 2754 2487 utqui
2779 2415 3130 2486 interpretata
3154 2418 3425 2485 nesciunt,

159 2513 190 2553 ι
209 2500 492 2560 Cicerone
530 2506 682 2561 dicta
711 2522 824 2563 non
843 2505 1088 2562 credant.
1121 2505 1346 2582 Dillicile
1370 2513 1456 2563 est
1476 2507 1622 2562 enim
1656 2505 1863 2560 alienas
1888 2505 2060 2562 lineas
2090 2507 2466 2578 insequentem
2488 2523 2598 2564 non
2627 2508 2830 2564 alicubi
2855 2509 3144 2564 excedere:
3170 2510 3423 2574 arduum,

165 2602 222 2651 ut
248 2612 372 2667 qua
402 2598 469 2654 in
525 2599 706 2655 aliena
734 2599 917 2677 lingua
945 2599 1266 2658 benedicta
1299 2607 1448 2668 sunt,
1501 2599 1752 2656 eumdem
1777 2600 2028 2671 decorem
2081 2601 2138 2655 in
2163 2602 2523 2675 translatione
2550 2612 2898 2666 conservent.
2936 2603 3308 2676 Signiﬁcatum
3344 2615 3431 2661 est

165 2691 366 2762 aliquid
421 2694 606 2758 unius
646 2685 1192 2766 verbi'proprietate;
1221 2709 1333 2752 non
1363 2694 1537 2750 habeo
1562 2709 1742 2750 meum
1772 2711 1883 2765 quo
1913 2694 1968 2748 id
2011 2691 2272 2772 etferam;
2321 2702 2375 2752 et
2429 2694 2559 2751 dum
2605 2711 2794 2770 quaro
2821 2696 3048 2767 implere
3078 2700 3427 2764 sententiam,

171 2783 322 2855 longo
341 2786 570 2842 ambitu
588 2787 692 2842 'vix
721 2787 902 2844 brevis
927 2781 1030 2842 via
1055 2787 1228 2858 spatia
1256 2802 1596 2842 consummo.
1612 2786 1894 2842 Accedunt
1912 2786 2331 2859 hyperbatorum
2351 2773 2654 2854 anfractus,
2677 2788 3148 2849 dissimilitudines
3178 2809 3428 2861 casuum,

170 2881 399 2937 varietas
437 2882 748 2956 ﬁgurarum
783 2902 798 2939 :
851 2884 1030 2954 ipsum
1061 2890 1336 2954 postremo
1375 2899 1554 2950 suum,
1586 2891 1660 2949 et,
1714 2891 1774 2938 ut
1806 2883 1882 2937 ita
1912 2883 2113 2951 dicam,
2143 2885 2496 2939 vernaculum
2538 2883 2736 2959 lingua
2778 2900 2967 2953 genus.
3003 2887 3060 2942 Si
3107 2887 3176 2942 ad
3208 2890 3430 2945 verbum

177 2966 528 3042 interpretor,
553 2975 792 3031 absurde
820 2986 1043 3031 resonat
1077 2995 1089 3030 :
1127 2975 1175 3031 si
1199 2975 1269 3032 ob
1297 2975 1683 3032 neCessitatem
1714 2973 1921 3047 aliquid
1959 2975 2016 3031 in
2041 2975 2232 3031 ordine
2251 2975 2336 3032 vel
2374 2976 2431 3030 in
2462 2989 2714 3033 sermone
2743 2971 3044 3046 mutavero,
3071 2980 3139 3035 ab
3166 2981 3431 3052 interpre-

177 3065 241 3120 tis
273 3065 513 3124 videbor
547 3068 725 3124 ollicio
746 3070 1062 3126 recessisse.

240 3159 293 3214 Ξ.
321 3160 548 3241 Itaque,
572 3165 650 3219 mi
682 3163 940 3234 Vincenti
968 3165 1314 3230 charissime,
1337 3173 1391 3221 et
1414 3172 1476 3239 tu
1500 3164 1723 3228 Galiene
1750 3180 1878 3237 pars
1903 3164 2096 3230 anima
2124 3179 2276 3229 mea,
2295 3163 2545 3232 obsecro,
2579 3173 2637 3220 ut
2669 3165 2932 3238 quidquid
2958 3165 3060 3222 hoc
3086 3168 3430 3224 tumultuarii

185 3257 350 3325 operis
382 3269 498 3328 est,
555 3261 880 3326 amicorum,
909 3277 1020 3318 non
1048 3261 1296 3335 judicum
1333 3261 1516 3316 animo
1543 3260 1798 3332 relegatis
1833 3281 1846 3316 :
1880 3261 2182 3331 prasertim
2214 3275 2340 3315 cum
2371 3267 2426 3316 et
2467 3261 2716 3326 notario,
2756 3267 2816 3323 ut
2855 3261 3028 3326 scitis,
3084 3263 3429 3319 velocissime

189 3350 529 3420 (notaverim,
558 3360 615 3420 et
645 3352 1016 3410 diliicultatem
1048 3355 1125 3409 rei
1157 3353 1321 3409 etiam
1355 3352 1667 3408 divinorum
1705 3352 2044 3409 voluminum
2081 3346 2465 3408 instrumenta
2514 3358 2806 3418 testentur,
2859 3369 2980 3424 qua
3030 3370 3060 3408 a
3118 3352 3260 3409 LXX
3339 3354 3430 3409 In-

188 3451 517 3519 terpretibus
547 3451 715 3518 edita,
750 3466 862 3506 non
892 3450 1142 3507 eumdem
1171 3463 1423 3519 saporem
1458 3449 1516 3504 in
1566 3446 1755 3504 Graco
1803 3462 2056 3508 sermone
2110 3447 2447 3504 custodiunt.
2483 3445 2848 3514 Quamobrem
2899 3448 3129 3518 Aquila,
3162 3459 3218 3505 et
3271 3449 3432 3522 Sym-

192 3540 427 3608 machus,
453 3551 514 3614 et
548 3540 1121 3606 TheodotiO'incitati,
1156 3539 1431 3596 diversum
1465 3555 1603 3612 pene
1633 3555 1770 3610 opus
1806 3538 1865 3594 in
1895 3538 2082 3596 eodem
2106 3554 2272 3610 opere
2303 3537 2660 3609 prodiderunt
2693 3557 2708 3594 :
2741 3539 2847 3595 alio
2874 3538 3080 3595 nitente
3106 3541 3330 3595 verbum
3360 3541 3428 3596 de

192 3635 340 3690 verbo
371 3619 708 3709 exprimere,
740 3637 848 3691 alio
873 3650 1094 3691 sensum
1126 3633 1306 3704 potius
1341 3633 1516 3703 sequi,
1547 3633 1707 3689 tertio
1741 3646 1850 3687 non
1882 3632 2116 3687 multum
2156 3647 2188 3686 a
2221 3631 2500 3687 veteribus
2539 3630 2870 3702 discrepare.
2906 3629 3107 3698 Quinta
3141 3642 3340 3699 autem,
3372 3647 3429 3694 et

196 3733 352 3791 sexta,
369 3735 423 3781 et
463 3725 698 3797 septima
718 3724 908 3789 editio,
941 3724 1066 3780 licet
1093 3722 1292 3794 quibus
1320 3730 1650 3800 censeantur
1685 3723 2021 3798 auctoribus,
2044 3723 2350 3794 ignoretur,
2384 3729 2567 3778 tamen
2611 3723 2685 3778 ita
2716 3723 3047 3794 probabilem
3074 3726 3159 3781 sui
3196 3725 3427 3782 diversi-

197 3823 340 3874 tatem
367 3827 582 3885 tenent,
609 3826 672 3874 ut
705 3800 1084 3874 auctoritatem
1120 3815 1240 3873 Sine
1271 3817 1586 3874 nominibus
1613 3818 1933 3874 meruerint.
1953 3815 2084 3873 Inde
2117 3818 2252 3874 adeo
2281 3819 2450 3883 venit,
2471 3826 2530 3873 ut
2555 3833 2726 3875 sacra
2750 3819 2942 3874 littera
2971 3818 3152 3875 minus
3175 3829 3424 3890 compta,

202 3910 387 3967 etdure
412 3918 680 3969 sonantes
709 3911 1027 3979 videantur;
1052 3911 1198 3982 quod
1235 3911 1326 3966 isti
1356 3910 1606 3966 homines
1635 3911 2016 3982 interpretatas
2041 3926 2135 3967 eas
2166 3910 2233 3966 de
2264 3910 2491 3967 Hebrao
2521 3911 2849 3977 nescientes,
2884 3910 3014 3966 dum
3059 3912 3425 3982 superficiem,

200 4013 294 4054 non
342 4003 642 4057 medullam
672 4001 989 4072 inspiciunt,
1025 4010 1152 4056 ante
1187 4001 1345 4071 quasi
1370 4007 1575 4057 vestem
1612 4001 1878 4058 orationis
1911 4002 2187 4059 sordidam
2217 3999 2683 4073 perhorrescunt,’
2704 4019 2864 4075 quam
2909 4005 3192 4076 pulchrum
3226 4006 3426 4063 intrin-

206 4094 343 4151 secus
363 4110 553 4152 rerum
587 4111 787 4166 corpus
817 4094 1116 4150 inveniant.
1146 4092 1390 4165 Denique
1416 4093 1546 4165 quid
1575 4093 1840 4149 Psalterio
1869 4095 2145 4159 canorius,
2181 4094 2326 4165 quod
2358 4095 2413 4150 in
2447 4111 2653 4152 morem
2700 4097 2874 4152 nostri
2895 4083 3104 4164 Flacci,
3153 4106 3207 4152 et
3251 4097 3417 4155 Graci

205 4183 426 4256 Pindari,
462 4206 610 4246 nunc
654 4190 836 4246 iambo
868 4189 1062 4254 currit,
1111 4203 1258 4244 nunc
1284 4189 1506 4244 Alcaico
1548 4196 1828 4260 personat,
1879 4205 2028 4244 nunc
2059 4187 2332 4260 Sapphico
2381 4196 2574 4256 tumet,
2605 4207 2752 4247 nunc
2778 4192 3051 4262 semipede
3087 4191 3428 4264 ingreditur?

209 4279 329 4347 Quid
349 4282 758 4340 Deuteronomii
783 4291 838 4336 et
867 4279 1020 4336 Isaia
1040 4281 1255 4336 cantico
1274 4281 1596 4351 pulchrius?
1625 4280 1766 4347 Quid
1807 4280 2099 4336 Salomone
2137 4280 2396 4352 gravius?
2418 4279 2559 4348 Quid
2593 4282 2886 4353 perfectius
2915 4282 3055 4351 Job?
3081 4283 3210 4351 Qua
3240 4285 3424 4340 omnia

209 4371 514 4431 hexametris
547 4382 602 4429 et
632 4373 988 4444 pentametris
1022 4371 1290 4435 versibus,
1318 4378 1378 4426 ut
1402 4371 1672 4442 Iosephus
1704 4380 1759 4446 et
1792 4371 2054 4443 Origenes
2109 4374 2376 4437 scribunt,
2424 4375 2565 4445 apud
2619 4391 2747 4431 suos
2779 4377 3077 4448 composita
3103 4371 3421 4434 decurrunt.

209 4461 317 4521 liae
343 4483 466 4524 cum
498 4466 685 4522 Graece
717 4465 966 4538 legimus,
1000 4463 1146 4520 aliud
1176 4460 1432 4533 quiddam
1455 4472 1671 4533 sonant,
1703 4478 1828 4517 cum
1861 4462 2071 4528 Latine,
2103 4463 2321 4533 penitus
2347 4480 2457 4537 non
2480 4465 2773 4521 coharent.
2807 4465 2964 4534 Quod
2994 4469 3040 4521 si
3079 4468 3168 4522 cui
3201 4483 3310 4522 non
3341 4468 3424 4523 vi-

211 4556 343 4627 detur
365 4565 568 4635 lingua
598 4562 828 4635 gratiam
880 4559 1329 4630 interpretatione
1356 4559 1578 4623 mutari,
1609 4557 1902 4614 Homerum
1937 4558 2004 4612 ad
2053 4559 2280 4614 verbum
2326 4559 2597 4630 exprimat
2643 4561 2698 4614 in
2731 4559 3004 4615 Latinum.
3035 4559 3164 4617 Plus
3215 4561 3421 4631 aliquid

214 4649 380 4720 dicam,
410 4656 666 4713 eumdem
699 4655 754 4709 in
790 4669 888 4710 sua
906 4653 1101 4726 'lingua
1124 4667 1301 4723 prosa
1326 4652 1508 4710 verbis
1541 4653 1953 4726 interpretetur,
1983 4653 2186 4708 videbit
2210 4651 2457 4708 ordinem
2478 4653 2768 4708 ridiculum
2789 4693 2806 4721 ,
2842 4661 2895 4709 et
2923 4660 3137 4724 poetam
3163 4653 3422 4724 eloquen-

213 4744 458 4818 tissimum
487 4751 583 4805 vix
619 4750 946 4820 loquentem.
1136 4736 1138 4738 ’

269 4844 315 4900 3.
345 4845 620 4913 Quorsum
653 4842 793 4898 ista?
826 4840 1086 4898 Videlicet
1119 4847 1178 4894 ut
1205 4855 1314 4895 non
1348 4839 1502 4896 vobis
1554 4841 1755 4894 mirum
1793 4839 2061 4908 videatur,
2110 4839 2158 4902 si
2203 4838 2404 4895 alicubi
2456 4837 2802 4905 oﬁ‘endimus,
2841 4839 2886 4895 si
2916 4839 3069 4895 tarda
3101 4841 3275 4896 oratio
3327 4849 3421 4896 aut

216 4939 612 5006 consonantibus
646 4945 952 5008 asperatur,
978 4939 1072 4987 aut
1100 4932 1380 4988 vocalibus
1411 4931 1594 4987 hiulca
1625 4932 1710 4988 vel
1739 4931 1913 4988 divisa
1948 4931 2026 4998 lit,
2060 4941 2154 4986 aut
2182 4947 2364 4987 rerum
2405 4931 2647 5003 ipsarum
2692 4931 2956 5002 brevitate
3004 4933 3418 5002 constringitur,

219 5043 316 5086 cum
339 5017 693 5089 eruditissimi
727 5027 974 5085 homines
1003 5027 1063 5082 in
1090 5027 1280 5083 eodem
1308 5042 1472 5097 opere
1501 5026 1836 5093 sudaverint,
1898 5035 1952 5081 et
1975 5027 2040 5081 ad
2063 5041 2406 5082 communem
2438 5025 2834 5091 dillicultatem,
2874 5042 3036 5097 quam
3068 5027 3124 5082 in
3148 5028 3296 5083 omni
3335 5029 3421 5083 in-

220 5127 576 5195 terpretatione
600 5122 810 5177 causali
847 5135 1060 5185 sumus,
1096 5119 1201 5177 hoc
1225 5119 1382 5185 nobis
1406 5119 1686 5189 proprium
1721 5119 1975 5184 accedat,
2011 5117 2155 5189 quod
2189 5118 2420 5174 historia
2467 5117 2750 5188 multiplex
2787 5126 2902 5187 est,
2951 5119 3158 5175 habens
3188 5120 3420 5176 barbara

217 5222 424 5290 nomina,
450 5236 543 5275 res
573 5216 880 5286 incognitas
898 5213 1127 5280 Latinis,
1159 5228 1416 5268 numeros
1442 5211 1865 5275 inextricabiles,
1892 5211 2134 5282 virgulas
2165 5211 2329 5266 rebus
2357 5209 2564 5281 pariter
2605 5226 2669 5265 ac
2698 5212 2943 5268 numeris
2985 5213 3322 5280 intertextas,
3357 5222 3420 5271 ut

221 5321 326 5375 pene
351 5312 624 5368 diﬂicilius
651 5309 723 5365 sit
765 5307 977 5380 legendi
1005 5306 1254 5364 ordinem
1282 5304 1495 5360 discere
1536 5318 1701 5375 quam
1733 5304 1800 5358 ad
1849 5303 2101 5358 lectionis
2133 5303 2381 5376 notitiam
2415 5302 2717 5371 pervenire.
2775 5301 2846 5358 Ut
2892 5311 3072 5362 autem
3126 5305 3418 5364 manifesto

221 5414 546 5478 cognoscatur
568 5401 792 5477 indicio,
817 5400 885 5456 ad
918 5414 1080 5471 quem
1100 5413 1387 5454 numerum
1407 5397 1635 5452 historia
1669 5410 1896 5467 quaque
1928 5395 2212 5465 pertineat,
2252 5394 2352 5449 has
2385 5394 2758 5449 distinctiones
2784 5395 2990 5464 positas
3023 5396 3192 5452 lector
3223 5397 3418 5454 adver-

221 5501 292 5560 lat,
317 5509 370 5554 ut
399 5500 446 5555 si
476 5497 544 5552 ad
574 5496 813 5568 primum
848 5506 1134 5548 numerum
1154 5489 1304 5561 regni
1340 5488 1592 5558 primitus
1617 5490 1822 5544 enotati
1843 5488 2069 5544 historia
2094 5487 2376 5543 referenda
2404 5493 2508 5550 est,
2544 5486 2774 5558 primam
2801 5487 3036 5543 litteram
3061 5490 3117 5544 in
3158 5492 3419 5564 explana-

219 5585 335 5647 tione
363 5590 605 5646 historia
636 5585 1031 5655 contempletur
1065 5601 1079 5640 :
1105 5591 1158 5638 et
1187 5579 1455 5651 siquidem
1483 5595 1604 5635 eam
1624 5597 1691 5636 ex
1722 5580 1893 5637 minio
1938 5579 2152 5644 viderit,
2179 5579 2256 5633 illi
2286 5578 2519 5648 tempori
2561 5578 2935 5650 applicandam
2966 5581 3050 5636 vel
3079 5597 3223 5639 anno
3255 5569 3418 5651 sciat,

219 5689 343 5745 quem
368 5679 706 5753 suggesserit
727 5691 989 5732 numerus
1016 5675 1265 5731 similiter
1302 5675 1489 5730 eodem
1511 5673 1681 5731 minio
1710 5674 1995 5746 ﬁguratus.
2027 5673 2086 5728 Si
2123 5688 2253 5729 vero
2278 5688 2560 5729 numerum
2608 5688 2717 5728 non
2748 5689 2886 5745 puro
2907 5674 3096 5742 minio,
3127 5676 3223 5734 sed
3253 5679 3418 5734 misto

220 5769 342 5848 nigro
372 5781 620 5850 notatum
655 5782 780 5829 esse
803 5768 1118 5842 perviderit,
1152 5767 1405 5844 secunda
1427 5767 1582 5835 linea
1607 5782 1834 5824 numero
1864 5766 2088 5822 debetur
2112 5765 2360 5823 historia.
2376 5766 2432 5845 bi
2457 5775 2636 5824 autem
2667 5767 2828 5824 tertio
2856 5781 3206 5827 numerorum
3235 5767 3417 5830 ordini
