3936 6270
273 358 363 416 v39
1520 361 2022 424 CllRONlCORUM
2059 362 2190 426 LIB.
2219 363 2289 424 ll.

3389 373 3495 434 ‘90

317 626 365 661 -a
395 606 702 664 Alexander
753 610 1041 666 adversum
1088 607 1302 683 Illyrios
1333 619 1388 666 et
1441 609 1685 667 Thracas
1732 612 1964 669 feliciter
2008 572 2257 676 dimicat,
2309 621 2364 670 et
2401 613 2681 670 subversis
2726 611 2929 670 Thebis
2963 613 3040 686 (1)
3076 614 3133 669 in
3165 611 3394 680 Achaia,
3433 611 3492 668 In

271 703 452 761 Persas
479 720 638 760 arma
673 708 968 775 convertit,
997 714 1052 765 et
1086 707 1230 780 apud
1264 707 1560 763 Granicum
1600 708 1799 766 ﬂumen
1833 709 1999 782 regiis
2033 709 2264 767 ducibus
2291 709 2590 782 oppressis,
2624 710 2816 766 urbem
2848 707 3038 766 Sardis
3075 706 3242 782 capit.

2047 1130 2257 1146 und-—

2329 1134 2535 1146 ———

1203 838 1398 881 OLYIP.
1471 837 1704 881 ABBAﬂA-
1774 838 1970 880 IACED.
2080 835 2227 882 Ρειιε.
2368 834 2496 880 Ιιον.

1535 912 1662 1026 Ius,
1721 963 2004 1037 Philippus
2052 964 2248 1022 Darius
2322 964 2534 1091 cogu-

1522 1198 1687 1286 ξεὲἓὲ.
1870 1196 1907 1286 ἓ
2151 1197 2188 1286 ἓ
2364 1196 2469 1286 1Ξὲ

685 1308 766 1390 Β.
811 1315 1081 1387 cnxx.
1235 1311 1378 1386 442
1521 1267 1687 1394 ἷὲῗῖ

2152 1268 2187 1323 ὅ
2367 1267 2467 1323 179

2155 1339 2190 1392 4
2367 1337 2471 1392 180

327 1452 652 1520 Alexander,
685 1464 842 1527 capta
870 1455 1035 1527 Tyro,
1074 1453 1316 1510 Judaeam
1349 1455 1578 1518 invadit,
1627 1469 1657 1508 a
1691 1466 1796 1524 qua
1830 1450 2202 1507 favorabiliter
2229 1457 2513 1521 exceptus,
2547 1445 2660 1505 Deo
2690 1445 2942 1506 victimas
2974 1447 3241 1514 immolat,
3277 1454 3332 1503 et
3360 1443 3492 1503 Jad-

272 1549 387 1603 dum
422 1549 734 1618 pontiﬁcem
771 1549 957 1619 templi
998 1548 1302 1604 honoribus
1354 1549 1604 1620 plurimis
1638 1547 2011 1620 prosequitur,
2057 1544 2441 1600 Andromacho
2490 1544 2734 1600 locorum
2779 1542 3005 1599 custode
3040 1543 3290 1607 dimisso,
3325 1557 3489 1613 quem

269 1651 438 1715 postea
473 1641 808 1698 Samaritani
849 1643 1242 1699 interliciumt:
1275 1643 1344 1698 ob
1378 1658 1499 1712 qua:
1532 1641 1602 1696 ab
1630 1640 1866 1713 :Egypto
1897 1654 2155 1697 reversus
2183 1637 2491 1694 Alexander
2520 1638 2734 1708 magnis
2763 1650 2857 1693 eos
2896 1634 3177 1706 suppliciis
3209 1631 3408 1702 aﬂ‘ecit,
3438 1641 3494 1690 et

269 1740 440 1796 urbem
468 1752 662 1792 eorum
695 1746 908 1809 captam
943 1736 1328 1795 Macedonibus
1358 1738 1422 1792 ad
1462 1735 1874 1792 inhabitandum
1911 1734 2061 1791 dedit
2096 1749 2240 1790 anno
2273 1733 2426 1806 regni
2459 1732 2544 1790 sui
2574 1740 2788 1804 quarto.

327 1901 354 1954 b
389 1901 699 1957 Alexander
723 1903 962 1956 obtinuit
991 1900 1101 1954 Ba-J
1513 1898 1653 1955 1686

264 1975 496 2046 l-ylonem
541 1969 835 2046 interfecto
875 1972 1038 2026 Dario
1076 1988 1089 2026 :

262 2042 306 2100 in
352 2059 457 2114 quo
507 2057 739 2113 regnum
803 2042 1094 2114 Persarum

257 2111 596 2170 destructum
615 2121 701 2168 est
744 2127 889 2169 anno
923 2111 1092 2184 septi-

256 2200 331 2239 Illo
366 2185 518 2256 regni
551 2184 693 2254 ejus.

2149 1828 2184 1884 ὅ
2366 1826 2460 1882 181

2149 1883 2183 1953 6
2361 1895 2467 1952 182
2617 1911 2646 1950 c
2683 1889 3053 1949 Romanorum
3101 1885 3295 1948 consul
3339 1883 3490 1948 Man»

2557 1966 2663 2021 lius
2686 2035 2693 2036 ί
2716 1964 3026 2036 Torquatus
3077 1962 3249 2036 ﬁlium
3298 1977 3486 2036 suum,

2554 2035 2698 2107 quod
2739 2032 2930 2090 conira
2961 2034 3248 2107 imperium
3296 2032 3350 2086 in
3398 2032 3490 2087 ho;

2560 2105 2698 2163 stem
2749 2111 3086 2176 pugnaverat
3137 2105 3486 2176 viceratque,

2553 2177 2719 2248 virgis
2750 2173 2961 2232 'cze'sum
2989 2173 3168 2231 securi
3200 2173 3486 2244 percussit.

313 2296 346 2349 Δ
381 2297 696 2354 Alexander
724 2298 1004 2371 Hyrcanos
1033 2299 1178 2370 capit
1211 2306 1265 2355 et
1296 2293 1514 2354 Mardos
1552 2315 1567 2354 :
1603 2303 2028 2369 revertensque,
2063 2313 2190 2353 cum
2220 2295 2562 2353 ascendisset
2590 2293 2658 2350 ad
2690 2292 3010 2350 Hammonis
3037 2291 3324 2366 templum,
3356 2303 3488 2345 cons

252 2389 378 2447 didit
408 2393 693 2450 civitatem
726 2393 782 2450 in
821 2393 992 2466 Libya
1035 2394 1312 2461 inferiore,
1341 2410 1504 2468 quam
1536 2405 1733 2453 vocant
1765 2392 2152 2454 Paraetonium.

1342 2679 1530 2723 OLYMP.
1605 2681 1838 2723 ABBAHA-
1903 2681 2103 2722 IACED.

1675 2753 1776 2793 IUS

2215 2681 2340 2722 BOI.

1893 2806 2119 2861 Alexan:

2565 3029 3096 3110 Romanisamnitas
3127 3033 3407 3110 subigunt,
3433 3041 3488 3095 et

2499 3107 2748 3163 colonias
2779 3107 3076 3164 deducunt.

312 3239 339 3284 ε
371 3225 708 3285 Alexandria
735 3229 789 3285 in
826 3227 1064 3302 Egypto
1091 3227 1313 3284 condita
1353 3228 1588 3300 septimo
1621 3225 1720 3301 [αι.
1761 3225 1940 3300 sexto]
1974 3242 2118 3282 anno
2149 3228 2299 3300 regni
2338 3225 2632 3283 Alexandri
2663 3241 2811 3298 :quo
2835 3234 3080 3298 tempore
3111 3227 3275 3282 etiam
3309 3226 3488 3283 Latini

253 3333 280 3374 a
305 3318 569 3377 Romanis
603 3323 892 3392 perdomiti
930 3329 1078 3380 sunt.
1110 3321 1418 3378 Alexander
1455 3331 1648 3394 regnat
1688 3321 1834 3378 Asia:
1881 3337 2026 3378 anno
2078 3321 2228 3394 regni
2281 3321 2364 3378 sui
2405 3322 2638 3393 septimo
2679 3320 2778 3394 [αι.
2827 3319 3001 3401 εειιοῖ
3039 3329 3094 3376 et
3127 3322 3490 3390 tenetomnia

255 3414 400 3469 annis
434 3414 749 3470 duodecim.

1371 3524 1510 3597 113
1649 3524 1786 3597 1688

314 3593 340 3663 ι’
365 3592 680 3650 Alexander
712 3593 934 3649 Aornim
969 3602 1176 3663 petram
1211 3607 1296 3648 ca-
1384 3592 1396 3594 ⁷
1432 3592 1500 3597 ”
1649 3595 1790 3650 1689

253 3663 322 3735 pit
343 3674 396 3721 et
415 3666 610 3720 indum
638 3680 853 3720 amnem
875 3665 1293 3737 transgreditur.
1653 3665 1793 3737 1690

1656 3736 1783 3790 ιθθι

1377 3837 1519 3907 “4
1653 3806 1792 3862 1692

2001 3523 2034 3601 8
2249 3525 2351 3601 181
2564 3526 2834 3600 Harpalus
2868 3525 3004 3599 fugit
3033 3525 3087 3584 in
3107 3525 3291 3584 Asiam
3317 3527 3392 3601 (2)

1972 3597 2040 3723 ὦ
2569 3667 2774 3724 Bellum
2809 3667 3102 3724 Alexandri
3137 3667 3191 3722 in
3225 3664 3377 3726 India
3398 3677 3492 3727 ad-

1970 3737 2032 3792 11
2254 3737 2356 3792 187
2493 3753 2713 3796 versum
2745 3730 2945 3793 Porum
2969 3749 3021 3794 et
3053 3731 3318 3794 Taxilem.

1969 3806 2038 3862 12
2251 3807 2358 3864 188
2498 3877 2511 3881 Α
2565 3825 2598 3881 g
2622 3809 2985 3866 Anaximenes
3001 3809 3335 3881 etEpicurus
3354 3812 3492 3869 clari

2497 3877 2788 3935 habentur.

311 3966 346 4021 Ιι
381 3967 693 4025 Alexander
721 3968 1002 4025 tricesimo
1032 3967 1275 4026 secundo
1304 3965 1406 4039 [αι.
1429 3983 1560 4031 xxx,
1597 3967 1673 4022 al.
1709 3966 1906 4042 xxxtn]
1929 3971 2105 4026 aetatis
2146 3986 2258 4026 suae
2295 3986 2440 4028 anno
2471 3971 2528 4027 in
2555 3971 2829 4045 Babylone
2853 3970 3089 4028 moritur
3119 3990 3132 4028 :
3166 3981 3292 4043 post
3325 3987 3489 4044 quam

251 4061 514 4117 translato
564 4065 619 4117 in
655 4064 858 4120 multos
910 4062 1163 4134 imperio,
1219 4060 1424 4118 diversi
1460 4070 1844 4131 regnaverunt.
1894 4061 2034 4119 Hinc
2082 4063 2578 4122 Alexandrinorum
2622 4064 2871 4122 nascitur
2918 4079 3144 4138 regnum
3211 4063 3359 4138 quod
3401 4068 3486 4127 εστ

247 4150 463 4225 ιεεγριί
495 4171 510 4210 :
537 4162 594 4211 et
623 4169 721 4226 per
749 4155 996 4213 diversas
1027 4161 1241 4226 gentes,
1269 4169 1409 4227 quas
1434 4151 1744 4210 Alexander
1771 4163 2042 4224 tenuerat,
2075 4156 2279 4214 diversi
2312 4167 2698 4230 regnaverunt.

310 4435 342 4473 a
386 4417 736 4490 Ἀλέξανδρος
781 4410 1067 4489 ’ὶλλυρίους
1095 4417 1187 4472 καὶ
1217 4417 1438 4490 Θρᾷκας
1469 4413 1600 4484 εἷλε,
1631 4418 1812 4492 Θήϐας

244 4511 550 4581 κατέσκαψε
573 4551 589 4575 ,
632 4511 760 4574 τοὺς
803 4511 1028 4582 Δαρείου
1064 4513 1402 4584 στρατηγοὺς
1433 4512 1528 4565 ἐπὶ
1563 4511 1810 4584 Γρανικῷ

243 4605 466 4676 ποταμῷ
497 4603 684 4657 Λυδῶν
708 4603 944 4674 ἐνίκησε,
973 4603 1196 4675 Σάρδεις
1218 4599 1351 4672 εἷλε,
1375 4599 1549 4676 Τύρον
1574 4604 1812 4674 ἔιπολιόρ⁴

242 4709 426 4767 κησεν,
493 4696 750 4751 Ἰουδαίαν
810 4695 1208 4768 προσελάϐετο,
1264 4698 1360 4752 καὶ
1403 4694 1496 4752 τὸν
1549 4696 1809 4770 ἀρχιερέα

253 4788 477 4853 Ἰαδδοῦς
510 4790 738 4862 ἐτίμησε
781 4789 948 4854 θύσας
987 4789 1066 4860 τῷ
1093 4789 1230 4862 Θεῷ·
1264 4785 1333 4863 ἧς
1371 4788 1686 4861 (Ἰουδαίας)
1717 4789 1810 4842 καὶ

243 4881 570 4954 ἑπιμελητὴν
629 4881 765 4952 μετὰ
813 4881 922 4934 τῶν
973 4880 1174 4934 λοιπῶν
1225 4882 1404 4935 τόπων
1448 4880 1809 4952 Ἀνδρόμαχον

242 4973 590 5045 κατέστησεν,
612 4971 671 5026 ὃν
695 4972 974 5038 ἀνελόντες
998 4974 1046 5026 οἱ
1071 4974 1170 5044 τὴν
1195 4969 1494 5045 Σαμαρέων
1513 4970 1808 5036 οἰκοῦντες,

241 5062 386 5126 δίκας
412 5063 596 5118 ἔτισαν
623 5063 1007 5128 ἐπανελθόντος
1040 5063 1386 5135 Ἀλεξάνδρου
1421 5063 1481 5129 ἐξ
1513 5063 1806 5134 Αἰγύπτου⁴

242 5150 330 5222 τὴν
374 5152 688 5224 Σαμάρειαν
737 5153 888 5207 πόλιν
933 5153 1070 5207 ἑλὼν
1121 5152 1463 5224 Ἀλέξανδρος
1496 5153 1811 5218 Μακεδόνας

242 5244 293 5294 ὲν
315 5243 451 5314 αὐτῇ
487 5239 810 5315 κατῴκισεν.
838 5243 988 5300 Idem
1022 5263 1074 5316 p.
1104 5244 1238 5309 260;
1259 5245 1389 5300 261.

305 5337 334 5387 b
369 5337 647 5407 Κατέσχεν
677 5336 968 5391 Βαϐυλῶνα
1002 5336 1365 5408 Ἀλέξανδρος,
1402 5337 1496 5391 καὶ
1523 5337 1556 5410 ἡ
1582 5337 1808 5408 Περσῶν

245 5422 480 5494 βασιλεία
516 5427 808 5499 κατελύθη,
838 5427 1159 5501 διαμείνασα
1193 5427 1288 5484 σλθ.
1329 5426 1479 5483 Idem
1504 5445 1558 5499 p.
1587 5429 1709 5496 170,
1741 5427 1802 5486 C.

241 5689 498 5818 "31),.AL
535 5703 636 5762 pro
687 5689 948 5745 subvenis
996 5689 1183 5748 Thebis
1232 5691 1397 5750 habet
1421 5691 1630 5764 {quibus
1685 5691 1812 5748 urbe

512 5855 788 5914 ΡΑτιιοι.
819 5854 938 5916 (in.
967 5851 1142 5920 XIX.

1985 4435 2014 4472 ε
2047 4418 2387 4492 (Ῥωμαίων)
2440 4411 2643 4485 ὕπατος
2687 4414 2780 4476 τὸν
2825 4412 2954 4476 ἴδιον
2991 4415 3106 4476 υίδν
3149 4417 3484 4482 ἐπελέκισεν,

1915 4509 2069 4583 παρὰ
2105 4512 2332 4584 γνώμην
2368 4511 2533 4566 αὑτοῦ
2578 4512 2923 4584 συμϐαλόντα
2949 4513 3181 4585 πόλεμον
3208 4512 3305 4568 καὶ
3333 4513 3487 4586 νική-

1917 4620 2105 4660 σαντα.
2139 4603 2336 4660 Chron.
2369 4605 2552 4676 pascit.
2575 4620 2628 4674 p.
2657 4605 2781 4671 171,
2816 4605 2881 4661 Β.

1983 4695 2018 4748 d
2063 4695 2410 4768 Ἀλέξανδρος
2453 4697 2747 4768 Ὑρκανοὺς
2791 4700 2884 4752 καὶ
2913 4697 3166 4771 Μαρδοὺς
3193 4695 3490 4770 ἐχειρώσα-

1912 4800 1990 4836 το.
2017 4782 2175 4856 Sync.
2206 4800 2260 4855 ρ.
2283 4784 2410 4850 261,
2435 4784 2500 4839 Β.

1981 4893 2008 4931 e
2051 4877 2422 4950 Ἀλεξάνδρεια
2448 4879 2482 4950 ἠ
2516 4873 2636 4934 κατ⁴
2662 4881 2930 4949 Αἴγυπτον
2962 4878 3174 4952 ὲὸδόμῳ
3197 4877 3304 4932 ἔτει
3343 4875 3490 4930 Ἀλέα

1912 4966 2135 5042 ξάνδρου
2165 4969 2408 5042 ἐκτίσθη.
2447 4969 2672 5035 Ibidem,
2702 4972 2766 5024 Α.

1980 5061 2010 5131 Ῑ
2048 5061 2394 5136 Ἀλέξανδρος
2421 5062 2520 5133 τὴν
2553 5063 2781 5134 ’Ἄορνον
2811 5055 3015 5134 τὲἐτραν
3038 5059 3371 5137 ἐχειρώσατο
3391 5061 3485 5116 καὶ

1912 5157 2154 5225 ποταμὸν
2194 5149 2351 5209 Ἰνδὸν
2386 5149 2558 5228 διέϐη.
2597 5154 2755 5227 Sync.
2785 5167 2837 5226 ρ.
2868 5155 2996 5221 261,
3029 5156 3095 5210 Β.

1985 5262 2018 5316 g
2058 5245 2410 5319 Ἀναξιμένης
2439 5246 2537 5301 καὶ
2576 5247 2894 5320 Ἐπίκουρος
2921 5247 3282 5320 ὲγνωρίζοντι
3337 5245 3487 5302 Idem

1912 5352 1967 5406 ρ.
1997 5337 2124 5401 275,
2155 5338 2221 5392 Α.

1985 5431 2018 5484 h
2059 5430 2399 5502 Ἀλέξανδρος
2425 5425 2501 5484 λό’
2527 5429 2647 5496 ἔτος
2671 5431 2820 5502 ἄγων
2848 5429 3076 5504 τελευτᾷ
3102 5432 3162 5488 ὲν
3184 5426 3489 5488 Βαϐυλῶνι.

1927 5689 2217 5836 Πέὲιξοξωο
2253 5705 2319 5748 ea:
2363 5694 2495 5749 Asia
2529 5694 2903 5765 scribendum,
2954 5696 3282 5755 admonente
3345 5691 3486 5751 Sca-

3169 5863 3243 5922 16
