3936 6270
467 361 579 418 εει·
1124 361 1393 419 EUSEBII
1433 358 1913 419 cmssmeusrs
1948 326 2009 415 οι

2140 359 2322 416 PARS
2358 359 2401 418 1.
2438 390 2507 401 --
2545 361 2933 418 IIISTORICA.
3446 412 3451 417 ,
3646 358 3765 415 ΞΞῚ

465 610 648 682 piade,
682 618 736 665 et
770 610 838 665 ab
880 610 1279 667 instauratione
1310 611 1499 680 templi
1533 612 1638 666 sub
1685 609 1870 675 Dario,
1903 624 2079 679 usque
2112 609 2181 664 ad
2231 609 2547 682 Hyrcanum
2593 617 2649 666 et
2690 610 3047 666 centesimam
3077 609 3471 679 octogesimam
3518 614 3761 661 sextam

464 705 847 777 Olympiadem,
874 708 1033 759 annis
1062 720 1402 760 ccccuxxm
1427 705 1482 760 in
1510 706 1690 761 medio
1718 705 2038 768 transactis,
2074 722 2215 777 quos
2250 705 2435 761 Daniel
2471 705 2743 777 signiﬁcat
2772 706 2963 762 dicens
2996 703 3095 758 :Et
3120 707 3252 759 scies
3281 711 3332 758 et
3360 702 3655 772 intelliges
3687 699 3760 754 ab

461 799 614 853 initio
643 801 899 852 sermonis
933 796 1279 867 respondendi
1298 806 1347 851 et
1375 796 1682 866 aediﬁcandi
1709 795 2071 862 Hierusalem,
2105 815 2267 869 usque
2296 798 2364 851 ad
2392 797 2595 853 Christi
2622 798 2997 868 principatum,
3034 796 3376 852 hebdomadas
3411 808 3664 867 septem,
3704 804 3761 849 et

459 889 800 945 hebdomadas
837 891 1111 961 sexaginta
1139 890 1260 944 dure
1291 889 1455 962 (Dan.
1501 907 1579 957 Ix,
1633 890 1725 959 25)
1757 910 1770 946 :
1807 907 1929 963 qua:
1961 907 2086 946 uix
2132 891 2496 951 ,hcbdomada:
2545 890 2753 946 faciunt
2788 906 2963 947 annos
2995 906 3372 947 CCCCLXXXIII:
3411 890 3471 944 in
3529 888 3762 959 quibus

459 987 674 1055 christi,
711 987 763 1042 id
810 994 894 1042 est
928 987 1263 1053 sacerdotes,
1302 1002 1399 1057 per
1456 987 1772 1043 unctionem
1817 987 2156 1051 consecrati,
2195 993 2567 1057 regnaverunt
2613 1001 2789 1057 usque
2836 985 2902 1040 ad
2936 984 3247 1057 Hyrcanum
3279 1002 3293 1037 :
3324 1000 3439 1056 quo
3478 992 3760 1038 extremo

457 1081 703 1137 omnium
736 1096 766 1136 a
796 1079 1015 1138 Parthis
1042 1092 1221 1153 capto,
1255 1082 1499 1140 Herodes
1526 1080 1801 1151 Antipatri
1851 1080 1997 1135 ﬁlius
2029 1080 2162 1135 nihil
2194 1080 2261 1135 ad
2293 1096 2353 1136 se
2385 1081 2745 1151 pertinentem
2787 1080 3028 1136 Iudaeam
3055 1080 3125 1134 ab
3170 1079 3420 1147 Augusto
3444 1083 3505 1131 et
3538 1080 3763 1131 senatu

457 1174 693 1247 accipit;
732 1172 938 1243 ﬁliique
962 1175 1083 1243 ejus
1109 1183 1230 1244 post
1257 1190 1381 1230 eum
1411 1179 1800 1245 regnaverunt,
1827 1188 2003 1238 usque
2033 1171 2100 1227 ad
2132 1173 2487 1229 novissimam
2518 1173 3023 1245 Hierosolymorum
3075 1171 3486 1241 captivitatem,
3515 1180 3762 1237 nequa-

458 1282 621 1338 quam
652 1283 716 1321 ει
753 1267 1108 1322 successione
1131 1266 1490 1322 sacerdotalis
1519 1266 1736 1338 generis
1769 1266 2121 1337 pontiﬁcibus
2144 1268 2485 1332 constitutis,
2520 1283 2697 1339 neque
2743 1267 3109 1339 perpetuitate
3136 1265 3261 1319 vitae
3301 1260 3638 1320 secundum
3671 1258 3759 1311 le-

454 1375 576 1431 gem
605 1358 776 1430 Moysi
812 1358 1194 1414 servientibus
1230 1357 1360 1413 Deo.
1393 1355 1670 1429 lgnobiles
1699 1371 1833 1413 vero
1878 1356 2126 1428 quidam,
2157 1365 2212 1413 et
2257 1358 2366 1413 alio
2411 1364 2659 1427 tempore
2683 1358 2798 1420 alii,
2843 1365 2899 1411 et
2930 1354 3180 1410 nonnulli
3223 1353 3387 1408 unius
3418 1351 3593 1415 asini,
3630 1350 3758 1406 sive

455 1453 671 1509 modico
692 1452 946 1523 amplius,
977 1466 1005 1505 a
1040 1450 1306 1505 Romanis
1334 1452 1758 1523 imperatoribus
1778 1452 2146 1508 sacerdotium
2172 1453 2446 1508 emebant.
2487 1449 2620 1518 Quae
2644 1451 2829 1505 omnia
2862 1451 3027 1505 etiam
3062 1448 3251 1503 Daniel
3281 1445 3565 1519 prepheta
3596 1443 3755 1499 vati-

454 1547 672 1601 cinatur
700 1544 773 1599 ita
799 1544 989 1599 dicens
1018 1561 1030 1596 :
1067 1542 1136 1597 Et
1167 1552 1284 1612 post
1317 1542 1666 1598 hebdomades
1705 1559 1782 1598 vn
1812 1552 1862 1598 et
1899 1559 2036 1609 uti,
2065 1545 2303 1599 interibit
2347 1544 2601 1608 chrisma,
2636 1552 2686 1598 et
2707 1540 2974 1612 judicium
3008 1557 3114 1595 non
3144 1542 3247 1596 erit
3278 1542 3334 1595 in
3361 1557 3422 1595 eo
3456 1554 3477 1593 :
3514 1548 3572 1594 et
3600 1549 3747 1593 tem-

451 1641 596 1710 plum
619 1647 669 1694 et
698 1647 940 1693 sanctum
964 1645 1259 1705 corrumpet
1285 1638 1508 1707 populus
1530 1636 1662 1691 duce
1692 1637 1925 1692 veniente
1948 1653 1967 1691 :
1995 1644 2048 1693 et
2088 1636 2356 1692 ca’dentur
2378 1636 2433 1690 in
2476 1636 2799 1707 cataclysmo
2836 1633 2960 1689 belli
3000 1633 3149 1704 (ibid.
3177 1631 3292 1703 26).
3328 1631 3395 1686 Et
3430 1633 3493 1687 in
3520 1646 3746 1688 conse—

454 1733 791 1803 quentibus:
827 1729 898 1784 Et
927 1745 1081 1799 super
1131 1731 1400 1799 templum,
1426 1732 1617 1801 inquit,
1645 1730 1977 1786 abominatio
2031 1729 2423 1786 desolationem
2450 1746 2469 1784 :
2512 1740 2562 1785 et
2594 1747 2758 1801 usque
2807 1728 2876 1783 ad
2916 1728 3422 1783 consummationem
3467 1724 3746 1795 temporis

450 1825 833 1881 consummatio
858 1822 1074 1877 dabitur
1101 1838 1258 1893 super
1286 1821 1670 1878 desolationem
1690 1820 1856 1893 (Ibid.
1888 1822 2001 1895 27).

1407 1996 1598 2039 οιιιίι).
1675 1998 1913 2037 ΔΒΒΛΙΙΑ-
1970 1996 2174 2038 Ᾰ-ΖΟΥΡΤ.
2298 1998 2413 2039 ³111).

1742 2069 1845 2111 I08

2572 1997 2701 2038 ιιοκε

1958 2124 2191 2194 Cleopa-
2234 2121 2480 2179 Herodes
2555 2123 2737 2192 Augu-

2032 2202 2119 2247 tra
2574 2204 2695 2249 stus

1405 2293 1611 2306 ..ρα-
1683 2293 1892 2305 --
1964 2295 2106 2310 ιρι-
2132 2292 2179 2304 —
2249 2293 2462 2306 —-——-—

2558 2290 2744 2304 ———.

2017 2396 2051 2433 a
2077 2378 2118 2435 Ι.
2144 2377 2469 2434 HERODES
2501 2378 2828 2450 alienigena,
2860 2377 3148 2435 deﬁciente
3184 2394 3322 2450 pon-

516 2512 738 2569 Antonii
907 2512 982 2581 Β,
1030 2508 1341 2581 ΠΟΟΧΧ,
1426 2536 1563 2604 187
1707 2512 1845 2569 1984

440 2615 498 2663 et
523 2607 748 2679 Augusti
770 2604 967 2663 fmdus.

2024 2519 2091 2574 18

2161 2450 2369 2574 titicun;
2396 2451 2728 2574 principaitu,
2764 2452 2924 2505 anuis
2952 2466 3161 2505 xxxvu.

513 2729 544 2781 b
571 2726 811 2782 Herodes
848 2725 1152 2781 Ananelum
1179 2723 1471 2795 quemdam
1499 2729 1567 2779 de
1597 2721 1875 2795 Babylone
1898 2724 2136 2780 accitum
2166 2727 2474 2798 pontiﬁcem
2508 2728 2817 2785 Judaeorum
2850 2730 3137 2785 constituit
3162 2745 3175 2782 :
3203 2737 3257 2786 et
3290 2737 3416 2801 post
3447 2731 3725 2804 exiguum

442 2822 729 2892 temporis,
762 2820 1134 2875 Aristobulum
1184 2818 1407 2873 fratrem
1452 2819 1644 2875 uxoris
1683 2835 1821 2885 suae,
1876 2826 2130 2892 nepotem
2179 2822 2442 2896 Hyrcani,
2481 2841 2858 2881 successorem
2887 2826 2940 2883 ei
2965 2826 3152 2882 dedit:
3187 2844 3295 2899 quo
3333 2835 3458 2899 post
3506 2843 3724 2884 annum

445 2913 761 2980 interfecto,
791 2928 1010 2968 rursum
1037 2912 1283 2965 Ananelo
1310 2910 1545 2966 reddidit
1570 2912 1963 2969 sacerdotium.

1716 3037 1739 3089 1
1752 3034 1856 3091 985

1715 3105 1853 3162 1986

517 3035 771 3091 Colonias
799 3033 1074 3089 deduxere
1104 3032 1356 3087 Romani.

513 3123 540 3159 ο
567 3112 842 3175 Augustus
880 3103 1233 3173 triumphavit
1259 3119 1355 3173 pe-

444 3175 646 3232 destris
690 3176 1007 3230 certaminis
1061 3175 1358 3244 triumpho.

2034 3036 2102 3092 i9

2030 3108 2103 3163 ‘20

2350 3039 2387 3093 2
2602 3040 2670 3094 12

2352 3111 2386 3165 5
2603 3112 2670 3166 1⁸5

513 3288 728 3345 Nicetes
746 3300 799 3346 et
819 3288 1064 3359 Hybreas
1094 3290 1191 3362 lat.
1225 3288 1497 3362 Tybreas]
1540 3296 1593 3344 et
1619 3287 1962 3356 Theodorus,
1992 3299 2046 3346 et
2081 3290 2260 3349 Plutio
2290 3292 2619 3352 nobilissimi
2653 3297 2789 3353 artis
2820 3297 3108 3355 rhetorica:
3133 3299 3304 3357 δι’εοί
3333 3312 3718 3375 praeceptOres

442 3384 730 3439 habentur.

440 3570 664 3639 Δαρεῖον
691 3564 1041 3631 ἀνανεώσεως
1072 3566 1164 3620 τοῦ
1210 3566 1377 3639 ἱεροῦ,
1415 3566 1555 3621 κατὰ
1584 3565 1682 3637 τὴν
1717 3565 2014 3639 ἑξηκοστὴν

441 3663 533 3715 καὶ
563 3662 818 3731 πέμπτην
861 3660 1215 3731 Ὀλυμπιάδα,
1236 3660 1496 3731 λήξαντες
1521 3660 1578 3713 δὲ
1602 3661 1695 3714 ἐπὶ
1727 3659 2013 3731 Ὑρκανὸν,

441 3757 535 3808 ἐπὶ
563 3757 662 3826 τῆς
692 3762 823 3826 ρπς¹
866 3754 1246 3825 Ὀλυμπιάδοςο
1276 3754 1345 3807 τὰ
1372 3754 1427 3807 δὲ
1456 3754 1656 3825 μεταξὺ
1686 3753 1890 3807 τούτων
1921 3770 2016 3823 γει

439 3850 626 3906 νέσθαι
673 3850 767 3920 ἔτη
816 3855 962 3917 υπγ’,
991 3849 1164 3903 ὁπόσα
1191 3848 1255 3921 δὴ
1288 3851 1321 3921 ἡ
1353 3849 1445 3903 τοῦ
1480 3849 1678 3921 Δανιὴλ
1711 3850 2012 3922 προφητεία

441 3941 685 4006 θεσπίζει
719 3942 971 4009 λέγουσα·
1004 3941 1114 3996 Καὶ
1156 3940 1359 4011 γνώσῃ
1409 3943 1505 3998 καὶ
1554 3941 1849 4009 συνήσεις
1892 3941 2012 3997 ἀπὸ

441 4034 656 4101 ἐξόδου
686 4036 871 4105 λόγου
899 4034 1005 4089 τοῦ
1033 4024 1447 4105 ἀποκριθῆναι,
1496 4036 1595 4090 καὶ
1641 4037 1747 4091 τοῦ
1788 4037 2013 4091 οἰκοδο·

441 4126 631 4198 μῆσαι
674 4125 1080 4197 Ἰερουσαλὴμ,
1117 4127 1230 4194 ἓως
1262 4128 1518 4197 Χριστοῦ
1548 4129 1884 4199 ἡγουμένου
1920 4132 2011 4184 ἑϐ-

441 4218 696 4288 δομάδες
727 4219 876 4274 ἑπτὰ
922 4220 1022 4273 καὶ
1073 4216 1390 4289 ἑϐδομάδες
1418 4220 1522 4285 ξδ’.
1567 4215 1734 4274 Λῦται
1767 4223 1821 4275 αί
1856 4222 2012 4276 ὲννέα

440 4309 534 4364 καὶ
580 4304 840 4382 ἑξήκοντα
886 4309 1175 4381 ἑϐδομάδες
1220 4311 1598 4384 συμπληροῦσι
1640 4311 1829 4384 χρόνον
1874 4312 2011 4366 ἐτῶν

439 4407 587 4469 υπγ”
620 4401 790 4454 ὁπόσα
816 4400 907 4475 ἐτη
941 4401 1198 4471 τυγχάνει
1244 4402 1346 4472 τῆς
1392 4401 1569 4473 ἀρχῆς
1611 4401 1721 4455 τῶν
1772 4400 2010 4474 χριστῶν

440 4492 775 4564 ἡγουμένωνο
823 4487 897 4546 ῶν
945 4493 1251 4547 τελευταίου
1305 4493 1572 4565 Ὑρκανοῦ
1623 4493 1733 4547 ἀπὸ
1782 4492 2014 4566 Πάρθων

438 4583 782 4655 αἰχμαλώτου
820 4583 1133 4655 ληφθέντος,
1170 4585 1199 4636 ό
1241 4582 1485 4655 Ἡρώδης
1515 4583 1610 4637 τοῦ
1656 4585 2011 4655 Ἀντιπάτρου

442 4675 608 4747 μηδὲν
652 4678 1029 4747 προσήκουσαν
1074 4675 1222 4747 αὑτῷ
1264 4675 1363 4749 τὴν
1408 4676 1516 4731 τῶν
1566 4675 1833 4731 Ἰουδαίων
1859 4676 2014 4748 βασι-

437 4767 588 4824 λείαν
620 4769 723 4822 ὑπὸ
762 4769 1070 4839 Αὐγούστου
1114 4771 1206 4823 καὶ
1240 4769 1540 4841 συγκλήτου
1581 4769 1867 4841 Ῥωμαίων
1908 4788 2012 4824 πα-

442 4859 794 4933 ραλαμϐάνει·
845 4862 1080 4915 κᾶπειτα
1128 4864 1177 4914 ot
1226 4861 1416 4915 τούτου
1465 4861 1653 4926 παῖδες
1703 4862 1863 4934 μέχρι
1913 4863 2014 4936 τῆς

442 4954 679 5024 ὑστάτης
722 4953 1105 5026 Ἱεροσολύμων
1136 4955 1468 5025 πολιορκίας·
1499 4956 1598 5009 οὑκ
1630 4955 1708 5009 ἔτι
1740 4957 1788 5009 οί
1812 4958 1876 5010 ὲκ
1900 4956 2016 5010 διαο

438 5046 599 5117 δοχῆς
625 5046 716 5099 τοῦ
748 5047 1017 5119 ἱερατικοῦ
1048 5047 1236 5117 γένους
1267 5048 1488 5119 ἱερῶντο
1516 5046 1594 5118 τῷ
1618 5046 1756 5119 Θεῷ,
1790 5046 1910 5101 οὐδὲ
1927 5046 2015 5102 διὰ

443 5137 557 5207 βίου
589 5137 731 5192 κατὰ
758 5139 850 5191 τὸν
882 5138 1160 5203 Μωῦσέως
1192 5139 1376 5211 νόμον
1415 5138 1618 5210 ἄσημοι
1650 5138 1708 5193 δέ
1739 5152 1885 5203 τινες
1915 5138 2012 5193 ἄλ-

440 5229 561 5283 λοτε
586 5230 752 5284 ἄλλοι·
778 5232 871 5284 καὶ
891 5232 942 5284 oi
972 5233 1068 5303 μὲν
1089 5231 1370 5296 ἐνιαύσιοι,
1395 5233 1443 5285 οί
1461 5232 1517 5285 δὲ
1534 5231 1612 5284 ἔτι
1640 5230 1806 5302 ὀλίγῳ
1826 5229 2009 5295 πλέον,

441 5324 591 5394 παρὰ
620 5325 728 5376 τῶν
774 5324 1095 5395 Ῥωμαϊκῶν
1120 5324 1439 5396 ἡγουμένων
1475 5324 1574 5395 τὴν
1604 5321 2013 5394 ἀρχιερωσύνην

439 5414 750 5481 ὲξωνοῦντο.

522 5505 768 5578 Ἡρώδης
814 5508 1167 5580 ’Δντιπάτρου
1211 5507 1305 5562 τοῦ
1350 5506 1745 5561 Ἀσκαλωνίτου
1781 5506 1876 5560 καὶ
1914 5520 2014 5577 μη-

439 5596 569 5667 τρὸς
593 5595 868 5668 Κύπριδος
909 5599 1237 5672 Ἀραϐίσσης
1271 5599 1422 5652 οὐδὲν
1450 5599 1599 5669 αύτῳ
1632 5599 2010 5669 προσήκουσαν

440 5687 541 5756 τὴν
575 5686 841 5742 Ἰουδαίων
873 5688 1149 5758 βασιλείαν
1179 5688 1286 5742 ὑπὸ
1317 5687 1602 5759 Ῥωμαίων
1628 5687 2009 5759 ἐγχειρίζεται,

444 5777 564 5831 καθ’
594 5778 652 5833 ὃν
684 5777 784 5846 τῆς
811 5777 902 5831 τοῦ
933 5778 1169 5847 Χριστοῦ
1197 5780 1500 5848 γεννήσεως
1525 5778 1946 5843 πλησιαζούσης,
1973 5780 2007 5848 ἡ

2122 3572 2187 3622 ἐκ
2215 3570 2478 3640 προγόνου
2510 3571 2748 3645 διαδοχὴ,
2786 3575 3169 3648 ἀρχιερωσύνη
3189 3595 3251 3630 τε
3281 3580 3374 3632 καὶ
3414 3581 3558 3655 ἀρχὴ
3596 3582 3715 3635 τῶν

2135 3661 2402 3715 Ἰουδαίων
2464 3664 2757 3734 κατελύθη,
2822 3668 3318 3741 συμπληρουμένης
3381 3672 3483 3744 τῆς
3550 3675 3715 3747 παρὰ

2120 3753 2324 3825 Μωῡσῇ
2363 3753 2626 3827 λεγούσης
2654 3761 3009 3832 προφητείαςο
3045 3764 3165 3815 Οὐκ
3199 3763 3464 3833 ἐκλείψει
3497 3764 3713 3837 ἄρχων

2117 3845 2187 3909 ἐξ
2238 3846 2441 3911 Ἰούδα,
2489 3848 2589 3902 καὶ
2628 3849 2828 3921 ἄρχων
2858 3854 2928 3906 ἐκ
2963 3853 3081 3909 τῶν
3104 3855 3313 3924 μηρῶν
3340 3856 3548 3921 αὐτοῦ,
3588 3858 3712 3925 ἕως

2117 3935 2195 3991 ἂν
2216 3939 2364 4007 ἔλθῃ
2385 3932 2435 4005 ᾧ
2456 3941 2783 4009 ἀπόκειται,
2808 3945 2906 3998 καὶ
2928 3945 3111 4012 αὐτὸς
3130 3948 3464 4016 προσδοκία
3482 3949 3706 4003 ἐθνῶν.

2129 4030 2285 4102 Ἑξῆς
2311 4033 2368 4086 δὲ
2400 4034 2428 4085 ό
2462 4034 2658 4107 Δανιὴλ
2689 4037 3021 4109 προφητεύει
3046 4038 3238 4107 λέγων*
3274 4040 3381 4094 Καὶ
3408 4042 3563 4111 μετὰ
3588 4041 3708 4108 τὰς

2114 4120 2160 4184 ζ’
2191 4124 2288 4178 καὶ
2322 4124 2407 4189 ξδ’
2436 4126 2767 4197 ἑϐδομάδας
2791 4128 3384 4199 ἐξολοθρευθήσετιιι,
3423 4133 3523 4187 καὶ
3569 4136 3709 4204 χρί-

2115 4231 2241 4286 σμα
2266 4220 2375 4272 οὐκ
2395 4218 2568 4273 ἔσται
2591 4219 2660 4274 ἐν
2679 4220 2860 4287 αὐτῷ,
2890 4222 2991 4276 καὶ
3017 4224 3083 4278 τὸ
3117 4226 3276 4293 ἱερὸν
3308 4225 3407 4279 καί
3434 4224 3501 4280 τὸ
3524 4226 3707 4297 ἅγιον

2115 4307 2417 4378 διαφθερεῖ
2436 4311 2586 4378 λαὸς
2611 4313 2946 4383 ἡγουμένου
2992 4314 3340 4386 ἐρχομένου,
3385 4317 3483 4371 καὶ
3517 4318 3707 4386 κοπῆ-

2116 4414 2326 4454 σονται
2351 4401 2424 4455 ἐν
2468 4402 2874 4474 κατακλυσμῷ
2918 4405 3205 4476 πολέμουο
3246 4408 3341 4462 καὶ
3380 4408 3508 4479 ἑξῆς
3540 4426 3703 4480 φησι·

2114 4493 2226 4547 Καὶ
2255 4494 2352 4547 ἐπὶ
2398 4494 2467 4549 τὸ
2513 4496 2674 4564 ἱερὸν
2694 4495 3011 4569 ,ϐδέλυγμα
3049 4497 3168 4552 τῶν
3196 4498 3570 4569 ἐρημώσεων,

2114 4585 2222 4651 ἕως
2253 4587 2609 4655 συντελείας
2645 4588 2855 4657 καιροῦ
2894 4589 3214 4645 συντέλεια
3249 4588 3568 4657 δοθήσεται
3596 4589 3701 4645 ἐπὶ

2114 4677 2231 4748 τὴν
2252 4678 2574 4748 ἐρήμωσιν.
2601 4679 2761 4752 Sync.
2787 4697 2838 4751 p.
2868 4681 2992 4745 309,
3020 4682 3145 4736 '5l0.

2188 4786 2222 4823 a
2251 4769 2372 4822 Τῶν
2419 4771 2570 4843 παρὰ
2630 4770 2905 4837 Ἰουδαίοις
2958 4773 3260 4846 ἀρχιερέων
3311 4772 3696 4837 ἐκλειπόντων,

2127 4861 2374 4935 Ἡρώδης
2421 4862 2717 4933 ἀλλόφυλος
2777 4864 3068 4935 βασιλεύει.
3129 4864 3327 4922 Chron.
3393 4867 3574 4936 pascit.
3637 4880 3696 4934 ρ.

2119 4955 2243 5020 189,
2280 4955 2350 5009 Α.

2189 5042 2218 5096 b
2268 5042 2533 5116 Ἡρώδης,
2578 5044 2864 5117 Ἀνάνηλόν
2896 5060 3015 5100 τινα
3057 5047 3550 5119 μεταπεμψάμενος
3587 5045 3697 5099 ἀπὸ

2118 5134 2453 5201 Βαϐυλῶνος,
2500 5136 2778 5190 Ἰουδαίων
2817 5138 3079 5210 ἀρχιερέα
3121 5137 3428 5209 καθίστησι.
3468 5138 3604 5192 Μετ’
3629 5138 3693 5189 ού

2120 5228 2255 5283 πολὺ
2292 5229 2371 5293 δὲ,
2415 5226 2602 5282 τοῦτον
2641 5227 2872 5294 παύσας,
2915 5230 3317 5301 Ἀριστόϐουλον
3346 5230 3438 5284 τὸν
3467 5228 3695 5297 ἀδελφὸν

2117 5320 2217 5393 τῆς
2258 5319 2450 5375 ἑαυτοῦ
2498 5321 2773 5391 γυναικὸς,
2816 5314 2932 5375 υίὺν
2972 5321 3100 5375 ὄντα
3148 5320 3439 5393 Ὑρκανοῦ,
3469 5320 3565 5375 ἐπὶ
3593 5319 3695 5390 τὴν

2117 5414 2283 5485 τιμὴν
2315 5414 2565 5485 προάγει.
2613 5413 2889 5468 Ἐνιαυτοῦ
2916 5413 2975 5467 δὲ
2997 5413 3398 5484 διαγενομένου,
3432 5411 3595 5468 πάλιν
3614 5410 3695 5483 τῷ

2131 5503 2406 5575 Ἀνανήλφ
2464 5504 2788 5569 ἀποδίδωσι,
2843 5501 2935 5557 τὸν
3005 5503 3412 5575 Ἀριστόϐουλον
3462 5501 3691 5558 ἀνελών.

2119 5594 2269 5651 Idem
2301 5610 2355 5664 ρ.
2382 5594 2505 5660 190,
2536 5596 2602 5662 B,
2630 5604 2681 5650 et
2708 5595 2867 5667 Sync.
2895 5611 2949 5665 p.
2979 5595 3106 5660 5H,
3141 5595 3191 5650 ο
3646 5585 3655 5594 ’

2188 5704 2216 5741 c
2248 5687 2553 5757 Αὔγουστος
2599 5688 2760 5753 πεζὸν
2797 5687 3161 5759 ἐθριάμϐευσε
3199 5686 3489 5760 θρίαμϐον.
3525 5684 3688 5759 Sync.

2114 5793 2166 5847 p.
2198 5777 2322 5841 305,
2350 5776 2414 5832 Β.
