3936 6270
205 381 333 439 525
1422 380 1759 445 CHRONICO

1856 387 1918 444 [Μ
1951 388 2079 446 LIB.
2118 390 2180 445 Π.
3310 409 3410 476 5:36

207 534 3389 578 ΜΜ--ῄ-ῄ--ᾐ

1177 621 1364 662 OLYMP.
1418 624 1652 663 ABBAHA-
1705 627 1910 668 EGYPT.
2034 629 2148 670 ιω).
2303 630 2432 672 1101.

1435 717 1440 723 ’
1475 693 1578 734 ws
1724 749 1882 842 Cleo:
1965 751 2205 810 Herodes
2276 755 2455 842 Augu-
2546 825 2583 842 Α,
2611 757 2640 810 b
2675 758 2908 842 Augusti
2949 767 3003 842 et
3043 761 3413 842 Antoniitcr-

1730 831 1882 890 patra
2304 834 2422 880 stus
2545 828 2635 882 tiae
2679 828 3037 886 dissensionis
3097 831 3410 899 exordium,

281 877 600 968 93939ij
627 877 928 950 Cleopatra”
964 891 1076 938 ιη-
1147 914 1358 930 ----
1426 919 1637 968 -—_-;-_-:-
1707 919 1918 968 -—:_——
1986 920 2194 968 -ῖ-ι
2265 925 2475 968 -ῗ-
2544 898 2685 968 quod
2717 901 2996 968 repudiata
3028 916 3216 958 sorore
3236 901 3414 957 Caesa-

203 948 291 1003 dit
321 949 574 1006 Arabiam.
760 948 776 950 “
1450 959 1591 1014 1987

2081 963 2116 1016 4
2327 965 2395 1021 14
2535 948 2616 1023 ri;
2628 948 3412 1038 ΕιέόιῖειῖἶέιἨῐᾱῙιῖίΞὲέιῖἱόε

274 1107 308 1142 c
342 1087 507 1172 lisque
536 1092 601 1146 ad
632 1092 973 1182 GiLeopatram
1004 1093 1129 1182 Rto-
1206 1073 1341 1144 188
1455 1097 1590 1153 1988
1766 1099 1828 1152 29

2088 1102 2122 1155 5
2335 1103 2401 1158 15
2535 1050 2864 1182 re"Artorius
2902 1109 3158 1182 medicus,
3183 1111 3412 1182 Augusti

198 1159 390 1243 lemtgi,
421 1162 506 1230 qui
535 1159 874 1217 vocabantur
892 1163 1124 1243 Lagidag,
2543 1159 2665 1243 post

200 1231 258 1282 in
305 1228 519 1316 Egypto
566 1242 927 1316 regnaverunt
969 1228 1128 1290 annis
2541 1228 2714 1316 i’ragio
2740 1228 2901 1316 perit.

200 1245 258 1282 in
305 1245 364 1283 [τι
399 1245 519 1300 ypto
566 1248 695 1302 rcgn

195 1313 332 1353 ccxc
366 1245 456 1370 fat.
487 1302 698 1373 ccxcv].

264 1496 469 1568 1Egypti
505 1513 753 1567 regnum,
789 1499 933 1571 quod
964 1501 1066 1556 fuit
1092 1502 1149 1557 in
1179 1501 1526 1567 Alexandria,
1560 1502 1898 1560 destructum
1933 1503 2043 1573 est,’
2069 1515 2124 1564 et
2155 1508 2410 1564 Romanis
2431 1517 2628 1580 paruit.

271 1587 307 1639 d
331 1590 606 1660 Cleopatra
645 1599 699 1648 et
727 1592 997 1649 Antonius
1043 1603 1214 1650 semet
1248 1595 1602 1660 interﬁciunt,
1642 1603 1697 1651 et
1739 1585 2009 1669 Egyptus
2048 1595 2108 1654 ﬁt
2140 1596 2388 1656 Romana
2436 1603 2715 1674 provincia
2751 1625 2765 1660 :
2799 1622 2961 1679 quam
2993 1612 3203 1682 primus
3231 1615 3410 1670 tenuit

195 1685 354 1740 Caius
393 1684 676 1744 Cornelius
702 1687 908 1755 Gallus,
937 1689 1003 1745 de
1025 1705 1136 1762 quo
1164 1689 1425 1762 Virgilius
1448 1693 1638 1749 scribit
1674 1693 1728 1748 in
1759 1693 2046 1750 Bucolicis.

265 1776 416 1832 Gesta
479 1786 607 1833 sunt
654 1780 722 1834 ab
766 1780 1008 1853 Augusto
1038 1773 1222 1838 bella:
1250 1784 1568 1851 Mutinense,
1602 1803 1710 1858 quo
1755 1804 1852 1858 per
1894 1789 2044 1842 illum
2078 1788 2146 1843 ab
2180 1790 2465 1848 obsidione
2495 1791 2713 1850 Antonii
2760 1795 2960 1854 Brutus
2993 1800 3254 1858 liberatus
3289 1814 3403 1872 est;

195 1868 330 1937 apud
355 1865 658 1936 Perusium,
694 1869 904 1927 Tusciae
936 1873 1231 1941 civitatem,
1263 1875 1550 1932 adversum
1580 1877 1642 1931 L.
1672 1879 1968 1934 Antonium
2003 1878 2220 1936 Antonii
2248 1883 2466 1938 fratrem
2495 1888 2802 1955 consulem;
2830 1889 3223 1961 Pharsalicum,
3264 1898 3406 1966 apud

194 1960 472 2033 Philippos,
500 1962 832 2021 Macedoniae
882 1969 1093 2034 urbem,
1137 1969 1428 2026 adversum
1460 1971 1687 2028 Brutum
1732 1982 1788 2030 et
1829 1975 2080 2030 Cassium
2116 1975 2494 2035 interfectores
2521 1981 2788 2050 Cazsaris;
2821 1983 3082 2052 Siculum,
3120 1989 3405 2045 adversum

195 2056 397 2113 Sextum
419 2058 743 2130 Pompeium
772 2061 1016 2135 Pompeii
1043 2064 1243 2135 tilium;
1273 2067 1579 2137 Actiacum,
1600 2068 1888 2126 adversum
1910 2070 2202 2127 Antonium
2237 2081 2295 2128 et
2321 2073 2695 2146 Cleopatram;
2721 2078 2811 2149 qui
2839 2079 2992 2137 locus
3024 2083 3077 2137 iu
3113 2083 3272 2155 Epiro
3299 2091 3404 2143 est.

1267 2288 1460 2328 OLYIIP.
1518 2288 1752 2330 ABBAHA'
1856 2291 1970 2330 ΠΗ).
2126 2293 2254 2333 ιοιί.

1572 2359 1676 2400 “US

1823 2413 1996 2488 Hero-
2103 2416 2290 2488 Augu-

1860 2486 1957 2540 des
2130 2486 2249 2541 stus

1801 2582 2292 2599 ——————-——‘

1573 2663 1706 2720 I989
1919 2663 1953 2718 6
2167 2667 2235 2721 16

251 2791 274 2829 e
298 2775 472 2832 Cassar
496 2775 805 2847 appellatus
837 2775 1134 2847 Augustus,
1163 2791 1192 2831 a
1214 2793 1322 2849 quo
1348 2777 1567 2835 Sextilis
1600 2781 1803 2837 mensis
1831 2781 2059 2854 Augusti
2087 2799 2284 2840 nomen
2315 2787 2540 2856 accepit.

252 2866 511 2940 Nicopolis
532 2870 688 2939 juxta
723 2871 939 2926 Actium
972 2874 1209 2938 condita,
1241 2879 1295 2929 et
1325 2889 1463 2946 agon
1500 2875 1691 2932 Actius
1719 2892 1785 2932 ex
1812 2894 1875 2934 eo
1897 2881 2244 2936 constitutus.

251 2960 277 3028 f
299 2960 518 3025 Quidam
546 2962 617 3016 ab
641 2962 744 3043 boe
776 2964 898 3018 loco
921 2964 1156 3032 primum
1185 2980 1388 3020 annum
1422 2967 1650 3040 Augusti
1681 2971 2010 3026 monarchite
2033 2979 2351 3043 supputant.

251 3052 538 3108 Anaxilaus
560 3039 863 3110 Larissaeus
892 3053 1289 3128 Pythagoricus
1322 3065 1377 3114 et
1401 3039 1593 3131 magus
1630 3060 1700 3116 ab
1727 3060 1974 3131 Augusto
2004 3039 2155 3117 Urbe
2176 3061 2437 3136 italiaque
2460 3064 2696 3136 pellitur.

1541 3178 1680 3235 1990
1891 3181 1924 3234 7
2143 3181 2206 3236 17

250 3312 280 3366 g
306 3293 432 3350 Cum
462 3296 670 3368 ingenti
708 3297 988 3368 triumpho
1020 3305 1076 3354 et
1120 3314 1315 3370 pompa
1346 3298 1629 3374 Augustus
1671 3299 1900 3357 Romam
1931 3302 2232 3376 ingressus,
2261 3310 2318 3360 et
2357 3304 2656 3375 Cleopatrae
2694 3301 2848 3359 liberi
2895 3299 2987 3359 Sol
3015 3311 3068 3359 et
3094 3302 3248 3360 Luna
3279 3315 3403 3360 ante
3450 3305 3453 3309 ’

185 3402 389 3442 ciu-rum
419 3389 539 3459 ejus
569 3389 734 3445 ducti.

246 3477 520 3535 Cornelius
555 3479 740 3537 Gallus
767 3479 1161 3553 Forojuliensis
1190 3493 1369 3557 poeta,
1399 3501 1430 3541 a
1462 3501 1570 3558 quo
1601 3477 1834 3557 primum
1861 3485 2157 3562 Egyptum
2199 3493 2400 3545 rectam
2435 3501 2600 3559 supra
2628 3485 2887 3552 diximus,
2935 3501 3070 3541 xw:
3113 3485 3210 3558 [αι.
3240 3487 3401 3560 Lxm]

185 3575 342 3628 aetatis
369 3587 481 3626 suae
510 3588 654 3627 anno
683 3574 903 3644 prepria
930 3591 988 3630 se
1014 3590 1181 3629 manu
1206 3575 1481 3632 interﬁcit.

245 3669 275 3720 h
304 3669 583 3746 Augustus
607 3667 793 3726 Romae
813 3670 1083 3741 plurimas
1107 3671 1181 3726 le-
1529 3671 1658 3729 1991
1881 3674 1914 3728 8
2126 3671 2194 3729 18
2507 3670 2630 3746 Indi
2665 3688 2762 3744 per
2793 3671 3001 3743 legatos
3045 3673 3113 3729 ab
3152 3672 3401 3746 Augusto

183 3754 263 3808 ges
289 3741 497 3794 statuit.
2427 3741 2722 3796 amicitiam
2754 3741 3045 3813 postulant.

242 3833 464 3889 Messala
493 3834 760 3890 Corvinus
785 3835 994 3905 primus
1016 3834 1304 3907 praefectus
1334 3834 1465 3894 Urbi
1494 3835 1696 3904 factus,
1739 3846 1892 3893 sexto
1927 3837 2015 3892 die
2051 3835 2369 3905 magistratu
2412 3848 2472 3888 se
2510 3833 2801 3900 abdicavit,
2851 3834 3122 3890 incivilem
3162 3841 3402 3905 potesta-

184 3930 274 3978 tem
308 3940 366 3979 se
391 3940 514 3980 esse
542 3933 881 3981 contestans.

239 4019 256 4070 ἱ
282 4017 460 4074 Censu
509 4021 693 4075 Romae
739 4021 971 4090 agitato,
987 4020 1204 4076 inventa
1225 4028 1352 4076 sunt
1383 4021 1582 4076 civium
1611 4020 1984 4076 Romanorum
2009 4016 2338 4092 quadragies
2388 4016 2558 4071 semel
2589 4015 2687 4088 [αι.
2719 4016 3059 4089 quindecies]
3090 4026 3317 4072 centena
3346 4023 3401 4072 et

179 4125 292 4190 [XLV
317 4116 529 4190 millia._
585 4186 598 4190 _
1297 4121 1436 4190 489
1546 4117 1688 4172 1992
1898 4118 1932 4173 9
2143 4115 2210 4170 19
2505 4112 2726 4190 _Thebae
2748 4113 2942 4171 civitas
2975 4113 3197 4186 Aigypti
3225 4129 3402 4184 usque

241 4184 476 4240 Coloniae
499 4185 766 4242 deductae.
1305 4183 1335 4190 “
1352 4183 1381 4189 ⁷
1399 4183 1426 4190 ⁷
2455 4183 2524 4240 ad
2555 4185 2732 4238 solum
2758 4191 2947 4240 erutae.

1246 2579 1455 2592 ﬂ

1522 2581 1732 2593 _—-

240 4340 442 4397 Tralles
473 4341 667 4396 civitas
697 4347 1008 4396 terraemotu
1039 4342 1427 4400 consederunt.

240 4431 453 4489 Marcus
491 4432 784 4488 Terentius
824 4428 996 4487 Varro
1025 4434 1385 4504 phil030phus
1420 4449 1590 4505 prope
1617 4437 2023 4507 nonagenarius
2051 4431 2305 4488 moritur.

239 4525 510 4582 Munatius
539 4524 772 4581 Plancus
804 4527 1087 4584 Ciceronis
1113 4527 1438 4600 discipulus,
1470 4536 1659 4584 orator
1693 4530 1929 4586 habetur
1957 4527 2188 4599 insignis
2231 4544 2246 4581 :
2279 4523 2375 4597 qui
2404 4537 2526 4580 cum
2563 4523 2794 4580 Galliam
2835 4531 3048 4598 regeret
3087 4522 3393 4586 Comatam,

182 4614 489 4690 Lugdunum
523 4618 790 4674 condidit.

239 4815 268 4851 a
298 4798 577 4862 Ἀντώνιος
603 4795 860 4868 Ἀραϐίαν
888 4794 1208 4874 Κλεοπάτρᾳ
1229 4793 1533 4868 παρεδωκε.
1562 4795 1724 4868 Sync.
1829 4793 1912 4860 λις
1940 4799 2137 4870 ήκατὰ
2174 4799 2389 4856 Ἀκτίαν
2418 4799 2660 4872 ἐκτίσθη.
2698 4797 2841 4853 Idem
2871 4813 2924 4867 p.
2956 4793 3080 4860 508,
3117 4793 3178 4852 C.

180 4884 223 4956 'p.
256 4890 375 4954 508,
407 4890 474 4943 Α.
1902 4889 1932 4958 f
1973 4890 2247 4945 Ἐντεῦθέν
2288 4911 2430 4959 τινες
2475 4893 2763 4966 ἀριθμοῦσι
2799 4892 2860 4944 τὸ
2905 4889 3118 4960 πρῶτον
3145 4887 3262 4951 ἔτος
3287 4886 3397 4941 Αὖ-

240 4982 265 5033 b
303 4981 445 5053 Πρὸς
491 4980 770 5035 Ἀντώνιον
803 4980 1087 5035 ἀνίσταται
1129 4976 1366 5050 πόλεμος
1398 4978 1729 5049 Αὐγούστου.
1831 4981 2058 5050 γούστου
2106 4984 2419 5056 μοναρχίας.
2472 4985 2691 5040 Ibidem.
2741 4985 2802 5036 Οἱ
2841 4981 2898 5034 δὲ
2934 4982 2990 5032 ὲν
3027 4977 3399 5049 Ἀλεξανδρείᾳ

182 5073 313 5130 Idem
337 5095 390 5146 p.
419 5077 545 5143 511,
578 5076 642 5131 Α.
1835 5071 1942 5125 ἀπὸ
1961 5072 2053 5124 τοῦ
2080 5072 2138 5124 ιδ’
2160 5073 2312 5138 ἔτους
2341 5074 2631 5146 ἀριθμοῦσι
2657 5074 2782 5136 τοὺς
2809 5069 3118 5140 Αὐγούστου
3147 5068 3394 5141 χρόνους.

238 5188 262 5223 c
286 5172 462 5242 Μέχρι
493 5170 644 5223 τοῦδε
677 5170 726 5222 οἱ
758 5167 1003 5236 Λαγίδαι.
1035 5165 1186 5220 Idem
1214 5180 1265 5234 p.
1285 5165 1414 5230 ⁸508,
1451 5163 1513 5220 C.

758 5167 1003 5236 Λαγίδαι.
1035 5165 1186 5220 Idem
1214 5180 1265 5234 p.
1285 5165 1414 5230 ⁸508,
1451 5163 1513 5220 C.
1837 5160 1984 5216 Idem
2011 5178 2062 5232 ρ.
2095 5164 2219 5226 511,
2248 5163 2309 5219 C.

236 5262 267 5312 d
311 5260 588 5323 Ἀντώνιος
620 5259 712 5312 καὶ
727 5259 1048 5331 Κλεοπάτρα
1074 5255 1461 5328 παραχρῶνται
1479 5253 1720 5318 ἑαυτούς.
1901 5271 1932 5324 g
1965 5254 2324 5327 Κλεοπάτρας
2355 5256 2548 5318 παῖδας
2581 5254 2766 5309 ’Ἥλιον
2794 5254 2886 5308 καὶ
2910 5252 3147 5324 Σελήνην
3161 5249 3395 5321 κατῆξεν

180 5349 309 5406 Idem
335 5368 388 5422 p.
430 5353 557 5416 511,
602 5353 669 5406 Α.
720 5351 1043 5419 Αὔγουστος,
1091 5349 1260 5404 ἐλθὼν
1313 5350 1391 5410 εἰς
1429 5346 1721 5416 Αἴγυπτον,
1831 5345 1911 5406 εἰς
1950 5345 2164 5416 Ῥώμην
2200 5345 2525 5415 Αῠγουστος,
2560 5344 2824 5427 θρίαμϐον
2853 5345 2937 5398 ἐπ’
2966 5345 3148 5407 αὐτοῖς
3179 5343 3394 5414 ἣδιστον

179 5448 350 5515 κρατεῖ
374 5446 471 5516 τῆς
496 5443 794 5512 Αἰγύπτου,
824 5444 921 5514 τὴν
954 5442 1062 5496 τῶν
1090 5440 1439 5512 Πτολεμαίων
1480 5438 1723 5494 καθελὼν
1841 5435 2126 5507 Ῥωμαίοις
2156 5437 2539 5507 ἐνδειξάμενος.
2560 5425 2712 5491 Idem
2739 5454 2790 5505 p.
2824 5438 2946 5496 5H,
2982 5437 3046 5490 Β.

181 5533 455 5603 βασιλείαν,
489 5536 853 5609 διαρκέσασαν
891 5535 1033 5588 ἔτεσι
1061 5533 1206 5601 σιειςὲ
1228 5532 1422 5587 Chron.
1452 5531 1632 5601 pascit.
1664 5548 1735 5609 p.‘

1902 5526 2261 5595 ΙιΑὖγουστος
2335 5529 2621 5598 Ῥωμᾳίοις
2674 5527 3076 5598 ἐνομοθέτησεν.
3130 5525 3281 5580 Idem
3335 5541 3385 5594 p.-

179 5625 284 5690 192,
317 5628 385 5684 Β.
1827 5617 1952 5682 515,
1984 5619 2044 5674 C.

235 5736 259 5772 ε
297 5720 576 5784 Ὀκτάϐιος
591 5717 896 5788 Αὔγουστος
916 5716 1350 5789 προσηγορεύθη’
1373 5717 1513 5769 καὶὸ
1542 5713 1724 5778 Σεξτί-
1897 5714 1916 5765 i
1945 5713 2230 5782 Τιμήσεως
2271 5713 2564 5784 γενομένης
2609 5715 2664 5765 ὲν
2726 5712 2930 5783 Ῥώμῃ,
2993 5710 3392 5782 ἀπεγράφησαν

180 5820 273 5872 lto;
305 5812 410 5875 μὴν
431 5810 632 5870 ὁμοίως
658 5809 817 5872 αὐτὸς
840 5807 1201 5876 ἀνηγορεύθη.
1233 5806 1455 5860 Ibidem.
1487 5805 1725 5858 Νικόποο

1544 5805 1725 5858 ικόποο
1836 5806 2119 5874 Ῥωμαίων
2139 5805 2393 5876 μυριάδες
2431 5805 2539 5870 υις⁹
2574 5807 2666 5860 καὶ
2695 5806 2755 5869 ,δ.
2783 5806 3005 5872 Ibidem,
3034 5802 3098 5856 ι).
