3936 6270
164 393 266 456 537

1274 631 1466 697 οιτκι».
1508 634 1772 697 (ΞΒΒΙΒΤιυε
1879 636 1995 676 JUD.

1269 925 1481 938 nu—

1377 402 1880 462 CHRONICORUM
1917 404 2045 460 LIB.
2081 404 2147 461 ll.

1833 928 2046 942 ῌ

3313 406 3422 464 558

2153 635 2285 678 ΒΟ..

1824 755 2071 815 Herodes
2148 756 2314 814 Tibe-

2163 829 2282 884 rius

2115 923 2332 944 ———‘

221 1001 252 1037 α
285 979 513 1039 Pilatus
549 993 677 1056 post
728 983 1098 1056 supradictam
1146 985 1496 1054 seditionem,
1553 1004 1676 1059 quae
1708 990 1782 1045 ob
1824 989 2059 1046 Caesaris
2088 989 2355 1060 imagines
2399 987 2577 1044 fuerat
2609 991 2900 1058 concitata,
2941 1009 3162 1052 sacrum
3197 997 3424 1058 thesau-

155 1091 288 1140 rum,
317 1090 493 1146 quem
552 1075 852 1148 corbonam
889 1075 1060 1140 Judaei
1089 1085 1318 1146 vocant,
1362 1079 1419 1134 in
1453 1085 1835 1150 aquaeductum
1902 1082 2408 1154 Hierosolymorum
2445 1084 2777 1154 expendens,
2823 1087 3082 1144 secunda
3125 1091 3412 1152 seditionis

153 1168 377 1240 prabuit
439 1170 684 1225 semina.

214 1326 447 1402 Persius
466 1328 733 1393 Flaccus,
752 1329 1024 1402 satyricus
1035 1337 1216 1400 poeta,
1615 1330 1685 1386 55

155 1398 452 1465 Volaterris
492 1404 773 1464 nascitur.

1897 1331 1963 1389 21
2181 1335 2246 1390 21
2433 1335 2591 1392 Philo
2620 1336 3023 1397 Alexandrinus
3061 1341 3145 1398 vir
3166 1341 3425 1402 doctissi-

2362 1423 2488 1466 mus
2519 1410 2970 1480 cognoscebatur.

216 1584 244 1636 ὁ
283 1582 562 1653 Sejanus,
596 1583 888 1655 praefectus
917 1581 1146 1648 Tiberii,
1181 1586 1271 1653 qui
1321 1583 1464 1654 apud
1503 1600 1628 1641 eum
1661 1581 1958 1656 plurimum
2012 1588 2248 1654 poterat,
2304 1581 2704 1643 instantissime
2743 1587 3084 1659 cohortatur,
3123 1599 3180 1646 ut
3206 1598 3424 1664 gentem

157 1676 466 1738 Iudaeorum
500 1677 707 1735 deleat.
757 1677 916 1746 Philo
953 1678 1201 1735 meminit
1224 1678 1278 1733 in
1316 1678 1561 1737 secundo
1586 1679 1731 1736 libro
1767 1675 2099 1749 Legatiom's.

218 1875 244 1911 c
280 1856 557 1929 Agrippa,
592 1856 825 1914 Herodis
877 1857 1023 1929 regis
1057 1857 1222 1929 filius,
1613 1858 1684 1916 56

163 1927 475 1991 accusator’
507 1927 746 1985 Herodis
795 1927 1084 1984 tetrarchae
1124 1927 1234 1982 Ro-

161 2015 290 2053 mam
323 1997 650 2068 profectus,
709 2015 741 2054 a
773 1997 992 2056 Tiberio
1025 1999 1084 2054 in
1115 2000 1235 2054 vin-

161 2071 270 2124 cula
289 2069 630 2140 conjicitur.

1895 1857 1970 1914 22
2181 1857 2253 1913 22
2431 1858 2594 1936 Multi
2619 1869 2934 1919 senatorum
2965 1871 3020 1920 et
3051 1865 3297 1936 equitum
3335 1867 3421 1922 in-

2366 1931 2600 1988 terfecti.

219 2243 252 2299 d
285 2243 472 2302 Pilato
520 2246 596 2303 de
643 2247 1086 2306 Christianorum
1116 2249 1369 2321 dogmate
1396 2248 1463 2304 ad
1499 2247 1780 2304 Tiberium
1813 2249 2107 2316 referente,
2145 2247 2402 2307 Tiberius
2448 2252 2632 2307 retulit
2666 2253 2732 2308 ad
2764 2262 3036 2324 senatum,
3061 2263 3122 2311 ut
3145 2256 3288 2320 inter
3316 2271 3426 2332 cs3-

162 2346 261 2407 tera
294 2354 458 2396 sacra
496 2342 864 2410 reciperetur.
887 2337 1091 2394 Verum
1121 2354 1248 2394 cum
1277 2355 1345 2394 ex
1366 2339 1620 2396 consulto
1668 2347 1886 2410 patrum
1929 2340 2275 2396 Christianos
2316 2341 2593 2413 eliminari
2623 2340 2770 2414 Urbe
2815 2344 3130 2414 placuisset,
3167 2345 3425 2414 Tiberius

161 2449 244 2504 per
263 2433 513 2488 edictum
541 2433 968 2490 accusatoribus
993 2431 1434 2490 Christianorum
1471 2433 1839 2489 comminatus
1869 2439 1954 2488 est
1982 2441 2236 2490 mortem.
2275 2433 2478 2490 Scribit
2503 2433 2878 2492 Tertullianus
2908 2437 2962 2492 in
2993 2437 3349 2510 Apologett'co.

201 2588 479 2672 Tiberius
534 2590 841 2661 imperator
889 2589 948 2644 in
993 2588 1221 2663 Campa-

167 2669 244 2715 nia
274 2669 540 2717 moritur.

1299 2593 1442 2662 204
1615 2589 1683 2646 57

1896 2589 2026 2738 2:,”
2168 2589 2252 2738 _25
2373 2734 2387 2738 _
2427 2661 2663 2738 g_Caius
2694 2661 2931 2738 blem‘mii
2970 2662 3161 2734 Reguli
3197 2680 3424 2738 uxorem

1641 2729 1742 2785 ell

1875 2729 2032 2804 AIUS
2054 2730 2214 2787 annis
2245 2747 2307 2786 ut
2337 2726 2533 2798 'du'xit,
2561 2726 2846 2804 impellens
2869 2749 2994 2788 eum
3019 2726 3080 2789 ιιῖ
3101 2733 3288 2798 uxoris
3313 2735 3426 2792 suat

169 2871 190 2912 Γ
225 2801 248 2870 f
279 2800 450 2859 Caius
483 2801 848 2872 semetipsum
889 2799 944 2856 in
971 2800 1104 2858 deos
1133 2817 1224 2858 re-

169 2883 273 2927 ,ει-ι.

168 2912 526 2999 "'IZ'Pontius
563 2941 773 2997 Pilatus
806 2941 864 2996 in
903 2941 1105 2998 multas
1128 2942 1215 2996 in-
1608 2940 1678 2995 38

171 3013 336 3077 cidens
364 3015 741 3076 calamitates,
765 3013 982 3082 propria
1016 3027 1075 3068 se
1104 3028 1224 3066 ma-

170 3099 230 3208 :u
251 3085 552 3167 interemit.
572 3084 835 3141 Scribunt
855 3082 1225 3139 Romanorum

203 3166 410 3211 istorize.

229 3197 529 3286 Passienus
572 3226 720 3282 filius
769 3225 962 3282 fraude
991 3223 1223 3282 baeredis

173 3308 268 3351 ευὲ
295 3305 557 3356 necatur.

678 3335 761 3404 Β.
819 3333 1124 3404 nccxc.
1363 3361 1370 3366 -
1617 3365 1688 3422 δε,

1529 3215 1563 3274 lt
1594 3217 1688 3286 Ν.
1725 3222 2033 3281 AGRlPPA
2057 3239 2148 3281 an.
2181 3242 2279 3282 vn.

1826 2802 2220 2874 mensibusque
2247 2819 2300 2857 ι.
2357 2809 2581 2878 patrem
2611 2802 2734 2878 esse
2766 2819 2826 2859 se
2857 2805 3142 2861 scriberet.
3186 2815 3193 2822 '

2429 2875 2448 2927 ί
2487 2873 2654 2930 Caius
2681 2874 2884 2938 Caesar,
2917 2883 3280 2944 cognomento
3319 2875 3427 2931 Ca-

1889 2942 1962 2997 24
2220 2944 2245 3000 Ι
2357 2945 2546 3016 ligula,
2569 2944 2861 3016 {\grippatn
2884 2942 3116 3016 uinculis
3139 2945 3430 3002 liberatum

2365 3013 2546 3072 regem
2561 3013 2768 3069 Judazze
2795 3015 2940 3069 facit.

2367 3083 2459 3212 Cl
2491 3083 2719 3140 Plurimi
2765 3084 3031 3140 nobilium
3087 3083 3365 3158 interfecti
3397 3099 3436 3157 ag

2411 3172 2520 3212 aio.

2411 3172 2520 3212 310.

2489 3226 2657 3281 Caius
2723 3241 2945 3282 sorores
2999 3240 3164 3298 suasi,
3225 3225 3429 3298 quibus

2360 3304 2612 3367 stuprum
2663 3298 2945 3360 intulerat,
3005 3297 3310 3351 insularum
3339 3310 3431 3357 ex-

1937 3365 1965 3420 1
2218 3365 2254 3420 2
2363 3365 2488 3423 silio
2518 3367 2926 3424 condemnavit.
3394 3368 3396 3371 ’

232 3563 280 3600 m
311 3545 551 3606 Flaccus
595 3547 831 3615 Avilius,
861 3545 1153 3618 praefectus
1175 3545 1420 3619 Egypti,
1458 3546 1648 3602 multis
1696 3543 1915 3603 Iudaeos
1945 3545 2352 3603 calamitatibus
2393 3547 2624 3618 premit,
2665 3547 3045 3604 consentiente
3087 3547 3434 3605 Alexandria:

177 3642 374 3712 populo,
431 3651 491 3700 et
524 3641 738 3700 crebris
788 3642 1054 3720 adversus
1082 3658 1178 3699 eos
1207 3642 1541 3699 clamoribus
1577 3649 1929 3712 personante.
1975 3641 2294 3714 Synagogas
2338 3657 2561 3715 quoque
2605 3658 2798 3699 eorum
2829 3643 3182 3715 imaginibus,
3207 3645 3428 3709 statuis,

177 3733 270 3790 aris
295 3735 490 3806 polluit
516 3745 571 3791 et
605 3735 864 3806 victimis.
919 3735 1109 3792 Refert
1148 3735 1305 3791 Philo
1337 3737 1393 3791 in
1426 3752 1492 3792 eo
1517 3737 1679 3804 libro,
1719 3737 1812 3806 qui
1848 3735 2079 3792 Flaccus
2109 3736 2455 3805 inscribitur,
2487 3737 2603 3793 haec
2632 3737 2818 3793 omnia
2849 3752 2911 3794 se
2941 3749 3210 3808 praesente
3235 3746 3386 3810 gesta
3412 3751 3428 3791 :

179 3825 236 3881 ob
259 3843 372 3900 qua
397 3829 570 3885 etiam
610 3828 941 3902 legationem
971 3829 1040 3884 ad
1065 3829 1254 3886 Caium
1281 3828 1554 3885 Caesarem
1595 3829 1710 3899 ipse
1739 3829 2063 3900 susceperit.

235 4046 265 4083 a
292 4031 527 4096 Πιλᾶτος
563 4031 706 4104 μετὰ
729 4032 830 4104 τὴν
864 4030 1054 4086 στάσιν
1093 4030 1361 4086 Ἰουδαίων
1382 4031 1470 4086 διὰ
1490 4031 1589 4095 τὰς
1610 4031 1750 4084 Καί-

181 4136 323 4191 σαρος
357 4125 600 4191 εἰκόνας,
632 4125 725 4178 τὸν
756 4123 1048 4195 λεγόμενον
1094 4123 1400 4196 κορϐωνᾶν,
1449 4126 1569 4196 ἢτοι
1607 4124 1747 4178 Θεῖον

181 4209 452 4287 θησαυρὸν,
509 4218 592 4280 είς
648 4216 855 4283 ὑδάτων
893 4216 1224 4288 καταγωγὴν
1277 4215 1618 4287 ἐδαπάνησεο
1653 4216 1750 4269 καὶ

181 4300 314 4371 αὖθις
342 4309 658 4375 στασιάζειν
691 4310 1022 4386 ἠνάγκασεν.
1058 4307 1284 4376 Ibidem,
1320 4309 1463 4373 B-D.

242 4398 526 4474 ὺΣηῖανδς
565 4401 802 4474 ἔπαρχος
842 4402 1096 4473 Τιϐερίου
1143 4402 1421 4473 Καίσαρος
1474 4401 1600 4472 περὶ
1654 4418 1746 4455 τε·

180 4485 309 4554 λείας
357 4493 638 4558 ἀπωλείας
691 4493 785 4548 τοῦ
843 4493 1032 4557 ἔθνους
1095 4493 1202 4547 τῶν
1254 4493 1522 4546 Ἰουδαίων
1577 4493 1748 4555 πολλὰ

184 4581 550 4637 συνεϐούλευσε
605 4582 687 4655 τῷ
748 4584 1026 4656 Καίσαρι,
1081 4585 1156 4648 ὡς
1205 4583 1379 4638 Φίλων
1433 4585 1638 4656 ἱστορεί
1689 4585 1748 4640 έν

181 4669 246 4740 τῷ
274 4671 333 4742 β’.
365 4673 519 4730 Idem
547 4690 600 4744 p.
624 4673 883 4730 528-359.

239 4780 264 4816 ε
302 4767 613 4840 Ἀγρίππας
637 4768 752 4833 υίὸς
789 4767 1028 4841 Ἡρώδου
1058 4767 1151 4822 τοῦ
1185 4769 1469 4840 βασιλέως,
1510 4770 1750 4842 κατήγο-

186 4869 264 4922 ρρς
299 4857 540 4930 Ἡρώδου
589 4860 684 4913 τοῦ
731 4860 1032 4933 τετράρχου
1077 4862 1408 4933 ἀφικόμενος
1438 4863 1498 4917 ὲν
1536 4860 1744 4936 Ῥώμῃ,

182 4943 440 5020 δεσμεῖται
470 4952 576 5007 ὑπὸ
603 4953 876 5024 Τιϐερίου.
918 4953 1144 5018 Ibidem,
1189 4953 1250 5009 C.

239 5041 273 5096 ἀ
301 5044 525 5110 Πόντιος
554 5045 789 5110 Πιλᾶτος
822 5045 1067 5120 περὶτοῦ
1104 5047 1446 5121 Χριστιανῶν
1481 5048 1750 5120 δόγματος

184 5127 489 5192 ἐκοινώσατο
519 5136 598 5208 τῷ
638 5137 878 5212 Τιϐερίῳ
918 5137 1180 5214 Καίσαρι²
1239 5139 1490 5204 κάκεῖνος
1521 5142 1589 5210 τῇ
1619 5155 1750 5207 συγ-

184 5223 349 5301 κλήτῳ
393 5229 648 5303 Ῥώμης·
689 5230 792 5302 τῆς
826 5231 884 5284 δὲ
929 5231 1005 5304 μὴ
1055 5233 1442 5304 προσιεμένης,
1499 5232 1749 5304 Τιϐέριος

187 5314 392 5375 θάνατον
455 5323 722 5395 ἠπείλησε
774 5327 887 5389 τοῖς
944 5325 1608 5398 Χριστιανοκατηγόροις,
1668 5325 1746 5390 ὡς

189 5408 370 5484 ἱστορεῖ
421 5417 810 5491 Τερτυλλιανὸς
871 5419 902 5472 ὁ
939 5418 1229 5490 Ῥωμαῖος.
1303 5418 1502 5474 Chron.
1559 5417 1742 5488 pascit.

187 5513 231 5572 Ps
257 5504 372 5572 229,
405 5508 471 5564 D.

247 5613 273 5649 ε
315 5601 602 5672 Ῥωμαίων
663 5602 919 5675 βασιλεὺς
976 5602 1017 5656 δ’
1075 5603 1236 5668 Γάϊος
1294 5601 1389 5676 ἔτη
1445 5603 1514 5671 γ’.
1578 5602 1739 5674 Sync.

189 5697 233 5753 ρ.
259 5688 372 5765 350,
407 5694 471 5749 Β.

249 5779 273 5848 ἶ
299 5783 451 5850 Γάϊος
477 5786 674 5842 ἑαυτὸν
714 5787 956 5842 ἀποθεοῖ.
995 5785 1144 5843 Idem
1182 5803 1234 5857 ρ.
1267 5786 1390 5850 529,
1425 5787 1487 5841 Α.

248 5889 277 5962 ς
320 5877 374 5932 '0
390 5880 574 5948 αὐτὸς,
595 5880 698 5954 τὴν
719 5882 950 5953 γυναῖκα
977 5881 1265 5953 Ῥηγούλου
1297 5879 1494 5948 λαϐὼν,
1532 5897 1745 5952 πατέρα

1847 4030 2052 4104 ταύτης
2082 4031 2174 4086 τὸν
2203 4030 2334 4088 ἴδιον
2364 4030 2534 4103 ἄνδρα
2566 4031 2822 4104 Μέμμιον
2857 4029 3040 4102 λέγειν
3075 4025 3223 4086 εἶναι
3264 4029 3434 4101 ἠνάγ-

1848 4141 2038 4180 κασεν.
2069 4122 2310 4179 Ιὸίάεηι.ο

1917 4216 1952 4269 h
1983 4216 2207 4289 Πόντιος
2239 4216 2473 4289 Πιλᾶτος
2501 4214 2600 4274 ἐπὶ
2627 4215 2791 4269 Γαΐου
2842 4213 3121 4286 Καίσαρος
3159 4214 3434 4279 ποικίλαις

1849 4307 2162 4381 περιπεσὼν
2201 4291 2540 4380 συμφοραῗς,
2611 4308 2688 4371 ὥς
2733 4325 2894 4376 φασιν
2946 4307 2997 4361 οί
3049 4305 3120 4360 τὰ
3149 4307 3436 4378 Ῥωμαίων

1851 4399 2318 4471 συγγραψάμενοι,
2351 4397 2749 4470 αύτοφονευτὴς
2781 4397 2977 4466 ἑαυτοῦ
3011 4398 3246 4468 ἐγένετο.
3283 4396 3434 4452 Idem

1848 4507 1902 4561 ρ.
1935 4490 2061 4555 550,
2095 4488 2159 4546 C.

1919 4585 1940 4638 ί
1975 4583 2164 4649 Γάϊος,
2195 4582 2508 4655 Ἀγρίππαν
2552 4581 2724 4648 λύσας
2763 4579 2871 4635 τῶν
2920 4579 3156 4652 δεσμῶν,
3211 4577 3437 4650 βασιλέα

1847 4677 1956 4746 τῶν
1993 4677 2262 4732 Ἰουδαίων
2295 4675 2651 4746 κατέστησεν.
2692 4675 2890 4742 Chron.
2926 4673 3178 4743 pasch.p.
3203 4671 3329 4738 250,
3365 4671 3432 4726 Β.

1919 4769 1950 4823 k
1990 4768 2260 4842 Ἰουδαίων
2298 4769 2611 4842 Ἀγρίππας
2640 4766 2736 4838 ἐτη
2770 4765 2835 4830 ζ’.
2887 4765 3050 4837 Sync.
3103 4781 3157 4834 ρ.
3199 4764 3324 4827 550,
3360 4764 3433 4819 D.

1920 4862 1939 4916 ί
1975 4862 2135 4925 Γάϊος
2169 4861 2399 4924 πολλοὺς
2431 4860 2711 4924 ἀναιτίους
2734 4857 2835 4928 τῆς
2872 4856 3164 4928 γερουσίας
3207 4853 3432 4912 ἀνελών.

1861 4954 1919 5007 Ὁ
1973 4953 2134 5017 αὐτὸς
2179 4953 2278 5018 τὰς
2339 4952 2476 5017 ἰδίας
2526 4949 2764 5022 ἀδελφὰς
2821 4949 2963 5004 κατὰ
3017 4949 3217 5021 νήσους
3265 4965 3438 5019 φυγα-

1847 5043 2064 5110 δεύσας.
2094 5043 2246 5099 Idem
2273 5059 2328 5114 p.
2356 5043 2483 5111 530,
2507 5042 2570 5099 C.

1919 5152 1973 5189 m
1994 5135 2242 5200 Φλάκκος
2265 5134 2549 5199 ’Δσύλαιος
2580 5133 2858 5204 Αἰγύπτου
2889 5130 3130 5205 ἔπαρχος
3154 5129 3438 5195 παντοίαις

1852 5233 2161 5303 συμφοραῖς
2206 5229 2270 5283 τὸ
2312 5228 2583 5282 Ἰουδαίων
2635 5227 2807 5291 ἔθνος·
2839 5224 3237 5280 καθυπέϐαλεν.
3282 5221 3436 5279 Idem

1848 5339 1902 5392 ρ.
1934 5305 2072 5388 55l,
2091 5322 2158 5376 Β.
2189 5321 2365 5376 Φίλων
2407 5321 2610 5392 ἱστορεῖ
2635 5320 2693 5374 ἐν
2720 5318 2798 5390 τῷ
2812 5316 3276 5390 ἐπιγεγραμμένῳ
3291 5315 3435 5388 λόγῳ

1850 5413 2125 5478 Φλάκκῳ,
2144 5413 2228 5466 ὅτι
2251 5410 2548 5484 πρεσϐείαν
2567 5410 2646 5475 ὼς
2666 5410 2798 5482 περὶ
2825 5408 3092 5464 Ἰουδαίων
3115 5408 3251 5480 πρὸς
3273 5407 3433 5462 Γάϊον

1851 5508 2177 5579 ὲποιήσατο’
2236 5505 2379 5577 ὑπὲρ
2442 5498 2521 5559 ὧν.
2569 5503 2815 5567 Φλάκκος
2877 5501 3151 5566 Ἰουδαίοις
3213 5499 3434 5554 ἐπιϐου-

1849 5599 2042 5664 λεύων,
2069 5596 2293 5651 εἰκόνων
2321 5597 2417 5652 καὶ
2439 5596 2771 5670 ἀνδριάντων
2795 5593 2891 5648 καλ⁸
2919 5592 3118 5666 βωμῶν
3143 5591 3432 5647 ἀναθέσεσι

1853 5694 1954 5755 τὰς
1997 5690 2318 5760 συναγωγὰς
2367 5689 2592 5761 ὲμίανε·
2640 5688 2763 5743 τότε
2818 5689 2847 5742 ὁ
2895 5687 3006 5742 τῶν
3041 5684 3434 5758 Ἀλεξανδρέων

1853 5785 2023 5858 δῆμος
2049 5784 2464 5856 συνεπιθέμενος
2511 5784 2788 5848 ποικίλους
2832 5781 3116 5845 Ἰουδαίους
3153 5779 3428 5849 ἐκόλασεν.

1853 5880 2012 5952 Sync.
2042 5897 2095 5952 p.
2132 5879 2257 5949 525,
2277 5878 2344 5936 Β.
