3878 6264
515 355 616 411 551
1195 352 1466 410 EUSEBII
1505 351 1986 410 CASSARIENSIS
2019 351 2170 408 OPP.
2213 351 2394 408 PARS
2432 353 2472 408 Ι.
2512 383 2582 395 --
2623 351 3012 412 HISTORICA.
3701 355 3810 412 55!

1739 610 1934 651 omne.
2010 608 2270 651 cuntsrus
2378 609 2505 650 non.
2663 611 2696 648 a
2729 592 3013 651 Secundus
3051 602 3174 665 post
3208 594 3474 652 Neronem
3504 594 3809 650 Domitia-

2582 681 2688 720 nus
2712 665 3057 721 Christianos
3086 667 3435 735 persequitur
3461 685 3473 720 :
3499 675 3559 721 et
3587 665 3719 721 sub
3741 679 3811 719 eo

2338 733 2526 790 Domi-
2575 736 2855 806 apostolus
2915 733 3155 792 Joannes
3217 733 3278 791 in
3313 735 3573 791 Patmum
3638 737 3813 791 insu-

2339 807 2522 860 tianus
2574 805 2684 860 lam
2735 807 3006 879 relegatus
3059 807 3441 879 Apocalypsim
3488 807 3673 872 vidit,
3725 808 3810 860 uti

2574 885 2761 930 narrat
2798 876 3054 934 Irenaaus.

1741 905 2235 921 *ῃ*-

1725 996 1952 1055 SECUN
1959 997 2046 1052 DA
2105 995 2561 1054 PERSECUTIO.

2091 1111 2161 1168 95
2380 1114 2444 1168 l4
2552 1185 2565 1197 θ
2699 1115 3045 1199 Αροὶιοιιξιιε,Δ
3071 1113 3325 1199 Tyaneus
3357 1123 3426 1199 Aet
3464 1114 3810 1189 Euphrates

2551 1185 2796 1257 insignes
2833 1185 3143 1257 philosophi
3174 1187 3468 1243 habentur.
3549 1185 3572 1189 ’
3669 1219 3674 1221 -

580 1297 609 1338 e
637 1277 978 1337 Domitianus
1009 1292 1127 1345 eos,
1167 1278 1260 1349 qui
1291 1278 1360 1334 de
1394 1292 1594 1350 genere
1630 1277 1796 1333 David
1843 1284 2022 1344 erant,
2059 1274 2297 1334 interﬁci
2341 1277 2622 1348 praecepit,
2659 1284 2721 1333 ut
2763 1279 2948 1335 nullus
2985 1277 3300 1336 Judaeorum
3335 1280 3494 1351 regni
3523 1279 3808 1351 reliquus

507 1379 668 1434 foret.

465 1511 478 1530 .
580 1472 780 1528 Scribit
839 1471 1088 1527 Bruttius
1139 1470 1410 1542 plurimos
1460 1468 1900 1526 Christianorum
1953 1471 2059 1527 sub
2111 1469 2423 1527 Domitiano
2459 1467 2656 1550 fecisse
2682 1468 3005 1542 martyrium
3036 1487 3053 1526 :
3086 1470 3231 1526 inter
3255 1483 3396 1542 quos
3433 1477 3489 1527 et
3524 1467 3802 1524 Flaviam

504 1568 836 1624 Domitillam
862 1567 1036 1622 Flavii
1072 1565 1370 1623 Clementis
1397 1568 1643 1624 consulis
1681 1583 1748 1624 ex
1782 1581 1973 1622 sorore
2001 1573 2239 1638 neptem,
2271 1566 2328 1622 in
2362 1564 2598 1620 insulam
2621 1560 2874 1620 Pontiam
2908 1565 3220 1637 relegalam,
3253 1566 3381 1636 quia
3411 1580 3472 1622 se
3498 1563 3801 1620 Christia-

504 1678 632 1717 nam
660 1677 783 1717 esse
817 1668 1014 1714 testata
1045 1664 1146 1715 est.

576 1758 693 1814 Hoc
724 1775 862 1813 anno
893 1758 1072 1812 beatus
1107 1749 1394 1828 Dionysius
1437 1766 1591 1828 atque
1637 1756 1892 1812 Nicasius
1940 1773 2060 1811 cum
2108 1758 2266 1812 sociis
2302 1759 2414 1813 suis
2457 1776 2549 1829 per
2577 1774 2826 1814 coronam
2855 1758 3102 1829 martyrii
3139 1756 3477 1828 pervenerunt
3511 1758 3589 1813 ad
3623 1757 3797 1814 Chri-

501 1867 665 1908 stum.

2108 1943 2177 2017 {lt}
2393 1946 2462 2000 15
2577 2014 2579 2016 η
2609 1951 2671 2017 ¹(1
2705 1945 2869 2017 Multa
2901 1942 3070 2017 signa
3087 1947 3252 2014 atque
3296 1951 3547 2016 portenta
3581 1943 3790 1999 Romae

570 2015 912 2088 Domitianus
960 2015 1177 2088 occisus
1225 2016 1281 2070 in
1324 2014 1568 2083 Palatio,
1619 2029 1717 2086 per
1823 2019 1966 2088 219
2110 2013 2180 2069 97
2396 2018 2464 2070 16
2568 2009 2624 2071 et
2654 2017 2708 2071 in
2735 2013 2848 2071 toto
2875 2009 3010 2070 orbe
3045 2009 3212 2070 facta.

499 2087 829 2157 vespillones
852 2087 1162 2157 ignobiliter
1187 2095 1527 2157 exportatur,
1569 2101 1715 2142 anno

500 2152 677 2228 aetatis
707 2152 981 2228 xxxvjal.
1015 2157 1168 2228 xiv].
1240 2152 1276 2228 ξ
1459 2227 1465 2228 γ
1513 2152 1521 2156 ⁷
1659 2225 1670 2228 Α
2111 2226 2124 2228 Α
2147 2227 2160 2228 γ
2183 2172 2212 2210 e
2249 2152 2319 2210 Χ.
2347 2152 2585 2228 NERVA
2613 2171 2760 2228 anno
2798 2171 2839 2221 ι,
2869 2155 3154 2228 mensibus
3184 2172 3258 2211 Iv.

574 2227 604 2298 f
631 2225 1023 2298 Alexandrinae
1044 2225 1314 2298 Ecclesiae,
1344 2227 1541 2282 tertius
1589 2225 1708 2298 epi-
2101 2226 2171 2283 98
2421 2227 2448 2282 1
2630 2245 2661 2298 g
2688 2226 2882 2282 Justus
2909 2243 2939 2280 a
2972 2227 3264 2284 Tiberiade
3285 2225 3606 2283 Iudaeorum
3631 2225 3776 2281 scri-

499 2295 703 2368 scopus'
740 2297 957 2367 praefuit
987 2295 1164 2352 Cerdo
1189 2297 1352 2352 annis
1385 2295 1661 2353 undecini.
2567 2295 2692 2368 ptor
2721 2299 3058 2368 agnoscitur.

567 2387 747 2446 Nerva
777 2389 970 2445 morbo
1003 2390 1145 2460 perit
1175 2394 1229 2444 in
1262 2390 1439 2446 hortis
1475 2390 1828 2447 Sallustianis
1859 2406 2006 2448 anno
2029 2392 2208 2448 aetatis
2243 2407 2413 2457 Lxxu,
2446 2404 2571 2447 cum
2593 2390 2708 2462 jam
2748 2389 3047 2463 Trajanum
3085 2391 3402 2463 adoptasset
3435 2392 3492 2447 in
3532 2390 3742 2448 lilium.

478 2541 480 2546 _
569 2478 848 2552 Trajanus
877 2481 1192 2553 Agrippinae
1222 2483 1276 2536 in
1303 2481 1495 2538 Galliis
1526 2490 1826 2553 imperator
1854 2482 2054 2550 factus,
2088 2494 2251 2540 natus
2277 2483 2478 2540 Italicae
2505 2485 2560 2539 in
2592 2483 2872 2555 Hispania.

569 2575 604 2629 ἡ
644 2573 881 2632 Senatus
925 2577 1189 2643 decrevit,
1240 2583 1301 2630 ut
1333 2576 1518 2631 omnia
1564 2591 1684 2647 quae
1738 2577 2080 2634 Domitianus
2113 2586 2401 2644 statuerat,
2461 2578 2520 2632 in
2557 2577 2774 2633 irritum
2803 2577 3156 2633 ducerentur.
3191 2578 3380 2646 Itaque
3407 2577 3588 2641 multi,
3629 2591 3773 2647 quos

499 2670 708 2740 injuste
757 2669 1014 2740 ejecerat,
1058 2671 1128 2726 de
1179 2670 1373 2725 exsilio
1420 2670 1650 2734 reversi,
1693 2672 1946 2725 nonnulli
1989 2673 2133 2728 bona
2183 2674 2405 2744 propria
2457 2678 2796 2742 receperunt.
2854 2670 3024 2725 Aiunt
3069 2678 3124 2726 et
3158 2671 3464 2740 apostolum
3493 2668 3768 2724 Joannem

496 2765 606 2820 hoc
642 2770 889 2833 tempore
915 2763 1111 2818 exsilio
1157 2762 1459 2818 resolutum
1490 2760 1764 2832 Ephesum
1799 2763 2016 2820 venisse
2044 2782 2057 2818 :
2082 2763 2138 2818 in
2166 2779 2275 2836 qua
2312 2764 2450 2820 urbe
2480 2771 2536 2819 et
2573 2763 2868 2835 hospitium
2898 2767 2952 2818 et
2989 2762 3197 2818 amicos
3224 2762 3640 2818 amantissimos
3682 2761 3768 2817 sui

497 2856 756 2915 habebat.

569 2948 601 3002 k
627 2946 894 3004 Joannem
924 2949 1251 3019 apostolum,
1281 2964 1456 3020 usque
1479 2947 1547 3003 ad
1579 2947 1716 3004 Tra-
2242 2953 2263 3006 ἰ
2291 2950 2382 3009 XI.
2418 2942 2780 3007 TRAJANUS
2811 2948 2970 3004 annis
3005 2964 3120 3012 xu,
3154 2948 3438 3005 mensibus
3471 2963 3547 3002 vr.

494 3019 611 3090 jani
660 3026 904 3090 tempora
952 3022 1188 3076 lrenmus
1238 3019 1529 3090 episcopus
1589 3036 1713 3085 per-

497 3086 1046 3163 mansisse—scribit:
1273 3086 1360 3162 Ἠ,
1403 3091 1699 3163 Παίζει,
2101 3093 2170 3148 99
2421 3092 2448 3163 1
2631 3091 2859 3148 Decreto
2924 3097 3147 3146 senatus
3203 3086 3378 3144 Nerva
3430 3089 3575 3144 inter
3631 3088 3763 3145 deos

496 3167 622 3231 post
653 3176 814 3230 quem
848 3162 1122 3216 auditores
1411 3229 1450 3231 η
1539 3162 1553 3163 ί
1590 3162 1602 3163 ί
2066 3164 2170 3220 100
2417 3162 2454 3217 2
2558 3163 2786 3218 relatus.

497 3228 619 3301 ejus
649 3228 892 3301 insignes
922 3232 1142 3287 fuerunt
1170 3231 1384 3302 Papias,
1409 3229 1716 3302 Hierapoli-
2642 3233 2661 3286 ι
2720 3231 2982 3286 Romanae
3054 3228 3312 3302 Ecclesia:
3385 3229 3761 3302 episcopatum

496 3299 662 3358 tanus
701 3299 1016 3372 episcopus,
1066 3312 1122 3374 et
1141 3299 1498 3374 Polyearpus,
1532 3299 1722 3374 Sinyr-
2131 3373 2170 3374 η
2575 3310 2807 3374 quartus
2851 3300 3094 3371 suscepit
3128 3299 3410 3354 Evarislus
3450 3301 3611 3354 annis
3659 3316 3761 3354 no-

498 3386 671 3440 naeus,
705 3379 760 3428 et
801 3374 1064 3445 lgnatius,
1098 3373 1497 3429 Antidchenus.
1635 3373 1643 3374 '
1827 3378 1970 3446 220
2081 3373 2179 3428 101
2437 3375 2472 3428 5
2581 3373 2722 3430 veni.

2084 3514 2188 3568 102
2437 3514 2473 3568 4
2648 3531 2698 3566 m
2715 3511 2985 3584 Traianus
3005 3511 3073 3566 de
3090 3509 3252 3566 Dacis
3269 3518 3322 3566 et
3340 3509 3562 3584 Scythis
3578 3512 3760 3566 trium-

2083 3585 2188 3640 105
2439 3585 2474 3638 5
2558 3586 2730 3654 .phat.

579 3695 616 3734 n
653 3677 948 3750 Traianus,
1002 3680 1148 3736 victo
1195 3695 1324 3752 rege
1369 3679 1647 3748 Decibalo,
1696 3679 1917 3736 Daciam
1971 3677 2098 3736 fecit
2146 3681 2482 3750 provinciam
2525 3697 2537 3732 :
2578 3677 2782 3743 Iberos,
2833 3674 3132 3740 Sarmatas,
3185 3673 3481 3738 Osroenos,
3526 3672 3750 3735 Arabas,

496 3775 902 3846 Bosphoranos,
932 3776 1186 3842 Colchos,
1219 3777 1276 3831 in
1311 3776 1469 3832 ﬁdem
1518 3776 1726 3847 accepit
1757 3795 1769 3831 :
1802 3776 2128 3841 Seleuciam,
2169 3775 2606 3847 Ctesiphontem,
2643 3772 2976 3843 Babylonem
3013 3769 3305 3840 occupavit
3360 3775 3416 3824 et
3469 3767 3667 3823 tenuit.
3702 3765 3757 3818 in

505 3867 649 3922 mari
675 3865 866 3924 Rubro
897 3869 1128 3925 classem
1161 3869 1421 3934 instituit,
1459 3877 1518 3924 ut
1545 3881 1642 3940 per
1673 3884 1794 3926 eam
1825 3868 1992 3924 India
2019 3869 2156 3925 lines
2186 3877 2446 3926 vastaret.

568 4083 603 4120 α
633 4067 895 4138 Δεύτερος
928 4069 1067 4138 μετά
1092 4066 1184 4120 τὸν
1211 4065 1440 4138 Νέρωνα
1467 4065 1792 4136 Δομετιανὸς
1817 4067 2076 4137 Χριστια-
2244 4084 2276 4136 g
2321 4065 2548 4129 Ἰοῦστος
2573 4065 2836 4138 Τιϐερεὺς
2863 4065 3114 4132 Ἰουδαῖος
3147 4081 3495 4138 συγγραφευς
3528 4061 3753 4134 ἐγνωρί-

495 4158 623 4222 νοὺς
647 4157 888 4224 ἐδίωξεν
922 4161 1008 4212 ἐπ’
1039 4159 1204 4213 αὐτοῦ
1239 4159 1294 4212 δὲ
1321 4159 1416 4212 καὶ
1441 4161 1469 4211 ὁ
1489 4157 1786 4221 ἀπόστολος
1823 4158 2074 4231 Ἰωάννης
2178 4157 2323 4222 ζετο.
2355 4153 2582 4225 Ibidem,
2615 4159 2683 4214 D.

497 4250 577 4313 είς
603 4248 826 4320 Πάτμον
854 4247 1155 4320 ὲξορίζεται
1193 4248 1291 4320 τὴν
1329 4250 1512 4319 νῆσον,
1543 4247 1670 4302 ἔνθα
1703 4247 1800 4318 τὴν
1847 4247 2079 4302 Ἀποκά-
2249 4251 2282 4304 Ιι
2314 4252 2640 4324 Δομετιανοῦ
2669 4253 2725 4306 αἱ
2759 4251 2914 4322 τιμαὶ
2943 4250 3326 4326 καθῃρέθησαν
3357 4249 3464 4302 ὐπὸ
3498 4249 3598 4318 τῆς
3631 4264 3754 4316 συγ-

493 4336 654 4409 λυψιν
687 4339 990 4411 ἑωρακέναι
1013 4338 1254 4408 λέγεται,
1277 4339 1352 4403 ὡς
1377 4339 1526 4412 δηλοῖ
1543 4340 1852 4412 Εἰρηναῖος.
1877 4339 2074 4396 Chron.
2177 4342 2396 4415 κλήτου·
2427 4343 2523 4397 καὶ
2549 4345 2598 4396 οἱ
2633 4342 2832 4406 ἀδίκως
2858 4341 3256 4405 ἀπελασθέντες
3279 4339 3604 4410 ἐπανῆλθονο
3630 4339 3754 4391 ένιοι

492 4430 674 4500 pasch.
715 4446 767 4499 p.
789 4428 916 4496 250,
949 4430 1011 4486 C.

2220 4435 2447 4489 πέλαϐον
2476 4435 2571 4488 καὶ
2594 4435 2692 4498 τὰς
2712 4435 2917 4498 οὐσίας.
2954 4433 3104 4488 Idem
3125 4451 3177 4504 p.
3207 4434 3334 4497 (245,
3361 4431 3423 4488 C.
3455 4432 3615 4485 Κατὰ
3634 4430 3751 4486 τοῦ·

566 4522 598 4576 b
643 4521 998 4588 Ἀπολλώνιος
1028 4525 1057 4578 ὁ
1086 4524 1327 4588 Τυανεὺς
1362 4526 1456 4578 καὶ
1483 4525 1775 4598 Εὐφράτης
1802 4526 2077 4597 φιλόσοφοι
2175 4545 2268 4581 τον
2300 4525 2390 4581 τὸν
2425 4527 2613 4599 χρόνον
2639 4528 2667 4579 ὁ
2702 4525 2956 4596 βασιλεὺς
2992 4527 3242 4597 Νερούας
3275 4523 3640 4578 ἀνεκαλέσατο
3664 4523 3735 4575 τὸ·

494 4613 764 4688 ἤκμαζον·
802 4613 953 4669 Idem
984 4630 1038 4684 P.
1069 4615 1195 4682 545,
1231 4612 1294 4670 C.
2175 4619 2470 4675 ἀπόστολον
2509 4620 2762 4690 Ἰωάννην
2783 4619 2889 4672 ἀπὸ
2912 4621 3026 4673 Πάτ
3036 4636 3138 4690 μου
3167 4621 3268 4689 τῆς
3289 4619 3478 4688 νήσου,
3504 4616 3599 4670 καὶ
3625 4612 3738 4688 ἦλθ’

567 4722 595 4761 c
626 4707 955 4778 Δομετιανὸς
995 4708 1123 4771 τοὺς
1161 4701 1271 4761 άπὸ
1312 4705 1502 4778 γένους
1547 4709 1708 4763 Δαυῖδ
1736 4710 2077 4783 ἀναιρεῖσθαι

1977 4710 2077 4764 τθαι
2177 4713 2338 4768 πάλιν
2363 4713 2442 4776 είς
2471 4713 2726 4781 Ἔφεσον.
2761 4710 2956 4764 Chron.
2982 4710 3163 4780 pascit.
3195 4726 3247 4779 p.
3279 4709 3406 4775 251,
3441 4709 3508 4766 Β.

497 4797 851 4871 προσέταξεν,
886 4799 973 4853 ἵνα
1014 4801 1087 4870 μή
1129 4815 1211 4864 τις
1253 4799 1520 4855 Ἰουδαίων
1562 4803 1840 4874 βασιλικοῦ
1887 4804 2080 4872 γένους
2253 4807 2270 4860 i
2307 4803 2592 4874 Ῥωμαίων
2625 4809 2691 4857 ια’
2725 4803 3038 4857 ἐϐασίλευσε
3067 4800 3333 4874 Τραῖανδς
3354 4800 3447 4873 ἐτη
3478 4801 3563 4855 ιθν.
3592 4799 3745 4871 Sync.

495 4889 818 4962 ἀπολειφθῇ.
855 4891 1047 4944 Πολλοὶ
1071 4891 1127 4944 δὲ
1158 4893 1497 4964 Χριστιανῶν
1522 4895 1907 4969 ἐμαρτύρησαν
1937 4895 2079 4951 κατὰ
2175 4913 2228 4967 ρ.
2261 4896 2387 4962 546,
2414 4895 2484 4949 D.

495 4983 841 5054 Δομετιανὸν,
881 4983 958 5048 ὡς
984 4985 1011 5037 ὁ
1033 4983 1287 5056 Βρέττιος
1319 4987 1540 5059 ἱστορεῖ,
1568 4991 1625 5041 ὲν
1656 4983 1737 5053 οἷς
1758 4988 1855 5042 καὶ
1875 4988 2084 5044 Φλαυΐα
2247 4987 2277 5040 It
2319 4985 2571 5058 Ἰωάννην
2612 4985 2908 5040 ἀπόστολον
2953 4984 3242 5057 Εἰρηναῖος
3281 4983 3374 5038 κα)⁸
3417 4982 3567 5037 ἄλλοι
3615 4982 3746 5034 ἱστο-

496 5074 812 5146 Δομετίλλα,
863 5075 1128 5147 ὲξαδέλφη
1168 5077 1486 5149 Κλήμεντος
1526 5079 1757 5134 Φλαυῒου
1785 5080 2075 5144 ὑπατικοῦ,
2181 5077 2332 5150 ροῦσι
2367 5079 2704 5150 παραμεῖναι
2733 5077 2810 5148 τῷ
2845 5077 2944 5148 βίῳ
2969 5077 3074 5140 ἕως
3097 5076 3204 5128 τῶν
3229 5075 3436 5146 χρόνων
3462 5073 3742 5146 Τραϊανοῦ·

496 5164 572 5229 ὡς
604 5165 906 5237 Χριστιανὴ
934 5167 1015 5232 εἰς
1040 5169 1202 5241 νῆσον
1228 5169 1461 5224 Ποντίαν
1499 5171 1880 5240 φυγαδεύεται.
1931 5172 2078 5227 Idem
2181 5169 2299 5242 μεθ’
2321 5169 2675 5233 ὃνΠαππίας,
2703 5168 3072 5242 Ἱεραπολίτης
3089 5167 3182 5220 καὶ
3201 5167 3557 5237 Πολύκαρπος
3578 5163 3749 5235 Σμύρ-

495 5271 552 5324 Po
579 5258 708 5322 344.
735 5259 803 5314 Α·
2177 5281 2275 5334 νης
2301 5264 2597 5327 ἐπίσκοπος
2627 5263 2890 5318 ἁκουσταὶ
2917 5263 3082 5317 αὐτοῦ
3117 5262 3499 5335 ἐγνωρίζοντο.
3529 5260 3678 5315 Idem
3697 5275 3741 5328 ρ.

569 5348 605 5402 d
651 5351 736 5404 'Ev
777 5350 964 5425 Ῥώμῃ
989 5353 1304 5425 θεοσημεῖαι
1334 5354 1525 5409 πολλαὶ
1553 5356 1646 5410 καὶ
1672 5356 1792 5411 καθ’
1818 5356 1946 5427 ὅλης
1969 5356 2071 5426 τῆς
2178 5351 2303 5422 547,
2334 5355 2395 5411 C.

495 5441 820 5515 οἰκουμένης
846 5446 1124 5515 γεγόνασι.
1151 5445 1375 5502 Ibidem.
2250 5447 2268 5500 ι
2313 5449 2598 5519 Ῥωμαίων
2636 5447 2932 5512 ἐπίσκοπος
2979 5449 3283 5519 Εὐάρεστος
3330 5446 3431 5517 ἔτη
3479 5445 3547 5499 θ’.
3591 5443 3741 5515 Sync.

570 5551 598 5586 e
641 5533 923 5604 Ῥωμαίων
988 5537 1240 5607 βασιλεὺς
1304 5545 1334 5590 ι’
1385 5538 1632 5610 Νερούας
1719 5537 2070 5593 ἐϐασίλευσεν
2175 5552 2226 5608 ρ.
2264 5540 2388 5604 544,
2418 5542 2485 5593 Α.

497 5624 614 5688 ἔτος
647 5625 726 5680 ἓν.
756 5625 904 5681 Idem
929 5643 981 5697 ρ.
1009 5629 1133 5696 546,
1159 5628 1220 5685 C.
1549 5679 1554 5682 .
2247 5650 2299 5688 nt
2328 5633 2593 5704 Τραϊανὸς
2625 5635 2804 5698 Δάκας
2834 5636 2927 5688 καὶ
2960 5633 3170 5698 Σκύθας
3200 5633 3434 5699 ὑπέταξε
3475 5633 3569 5686 καὶ
3607 5631 3744 5703 ἐθρι-

567 5717 596 5786 !
639 5679 1044 5790 ’Δλεξανδρέίας
1087 5679 1383 5789 ἐπίσκοπος
1428 5725 1648 5798 Κέρδων
1681 5726 1774 5798 έτη
1823 5732 1873 5780 ι’.
1922 5724 2070 5781 Idem

1192 5738 1383 5789 πκοπος
1428 5725 1648 5798 Κέρδων
1681 5726 1774 5798 έτη
1823 5732 1873 5780 ι’.
1922 5724 2070 5781 Idem
2181 5679 2468 5795 dpﬁsuol'sv.
2501 5679 2723 5781 Ibidem.

497 5825 553 5880 ρ.
583 5806 708 5875 547,
735 5807 801 5862 B.

2251 5833 2284 5871 η
2301 5817 2566 5887 Τραϊανὸς
2589 5819 3093 5891 ἐπαρχίανὶὲποίησε
3121 5821 3221 5887 τὴν
3249 5819 3474 5877 Δακίαν.
3499 5815 3735 5883 lbid.,A.
