3878 6264
199 343 348 398 573
1489 343 1988 400 ClIRONlCORUM
2028 343 2158 402 LIB.
2187 342 2255 400 Ii.
3342 343 3450 402 571

216 488 3427 519 _-_—-————————————_————————u—————-———-

1437 598 1629 640 OLYMP.
1679 600 1936 640 CHRISTUS
2026 600 2154 640 ROI.

1995 723 2202 796 Philip-

2070 812 2173 865 pus

1435 896 1650 908 ""—
1717 896 1920 991 7274?
1997 895 2202 987 “2‘

1157 1137 1241 1204 n.
1295 1137 1418 1206 M.
1457 1140 1600 1202 257
1742 1181 1848 1236 2,9
2096 1181 2129 1236 5

279 1267 653 1340 Regnantibus
693 1269 959 1343 Philippis
993 1273 1313 1331 millesimus
1349 1273 1606 1330 Romanae
1659 1277 1812 1332 urbis
1841 1277 2088 1347 expletus
2133 1284 2217 1332 est
2262 1290 2476 1330 annus:
2516 1276 2586 1330 ob
2633 1292 2794 1346 quam
2837 1276 3236 1332 solemnitatem
3285 1275 3447 1330 innu~

200 1361 500 1416 merabiles
529 1362 717 1420 bestiae
756 1367 812 1420 in
851 1365 999 1420 circo
1032 1381 1230 1438 magno
1256 1368 1552 1425 interfectae
1589 1389 1602 1425 :
1635 1369 1855 1440 ludique
1900 1371 1956 1424 in
1999 1383 2192 1440 campo
2233 1367 2424 1422 Martio
2459 1369 2755 1424 theatrales
2789 1368 2964 1424 tribus
2997 1368 3192 1424 diebus
3227 1382 3292 1422 ac
3325 1382 3435 1424 no-

92 1467 111 1490 -
196 1453 396 1507 ctibus
418 1457 610 1524 populo
637 1460 994 1530 pervigilante
1025 1460 1305 1516 celebrati.

279 1546 566 1630 Τῢξίιιιτιιῐη
598 1550 844 1624 Pompeii
873 1555 1180 1620 incensum,
1211 1566 1265 1610 et
1293 1555 1394 1612 He-
1743 1559 1853 1614 250
2100 1560 2134 1614 4
2266 1629 2285 1630 ἡ
2336 1557 2614 1630 Philippus
2639 1561 2825 1613 urbem
2869 1557 3246 1628 cognominem
3279 1556 3362 1610 sui
3390 1556 3448 1609 in

197 1620 526 1688 catostylon.
737 1620 755 1624 ”

2263 1620 2494 1684 Thracia
2514 1620 2846 1684 construxit.

1745 1703 1841 1755 '25!
2100 1701 2134 1754 5
2332 1720 2364 1753 ιι
2400 1700 2779 1754 Alexandrinae
2826 1697 3081 1752 Ecclesia:
3130 1695 3328 1750 tertius
3353 1696 3448 1749 de-

1746 1773 1850 1827 ‘252
2098 1771 2131 1824 6
2260 1771 2435 1824 cimus
2458 1770 2826 1838 episcopatum
2851 1768 3023 1838 tenuit
3045 1766 3334 1838 Dionysius
3357 1782 3448 1838 an:

2260 1841 2346 1895 nis
2392 1835 2544 1894 xwii.
2589 1835 2689 1893 Hic
2719 1847 2896 1892 autem
2925 1835 3216 1908 Dionysius
3254 1835 3338 1908 vir
3361 1835 3446 1908 sui

2258 1911 2520 2033 hemppris
2542 1909 3022 1980 eloquentissimus
3044 1905 3254 1962 summa
3275 1905 3446 1978 gloria

2297 1989 2463 2033 orurl.

2297 1997 2463 2035 Ol‘llll.

204 2200 216 2212 .
276 2129 321 2210 b_
355 2127 631 2212 Philippus
687 2135 873 2190 senior
914 2134 1165 2204 Veronaz,
1220 2136 1405 2194 Romae
1475 2143 1615 2212 258
1756 2139 1862 2193 255
2115 2138 2146 2190 7

201 2205 388 2269 iunior
413 2205 703 2258 occiditur.

270 2271 308 2322 d
329 2270 516 2327 Decius
543 2289 574 2328 e
601 2273 882 2329 Pannonia
903 2275 1257 2333 inferioribus
1283 2277 1401 2332 Dal-

200 2343 384 2396 matiis
433 2354 593 2418 natus
644 2345 773 2418 fuit;
818 2345 910 2418 qui
942 2363 1071 2418 cum
1124 2345 1401 2418 Philippos
1684 2369 1711 2402 ο
1748 2347 1911 2403 XXV.
1939 2346 2189 2408 DECIUS
2221 2361 2365 2402 anno
2401 2363 2438 2412 ι,
2473 2345 2756 2402 mensibus
2796 2361 2880 2400 ιιι.

199 2419 407 2478 patrem
431 2421 484 2466 et
510 2413 676 2467 (ilium
705 2413 1090 2477 interfecisset,
1115 2417 1184 2471 ob
1212 2413 1397 2472 odium

200 2495 409 2545 eorum,
472 2486 907 2557 persecutionem
958 2487 1011 2540 in
1076 2486 1414 2544 Christianos
1761 2487 1867 2544 254
2117 2490 2140 2543 1
2327 2487 2509 2542 Romae
2529 2488 2981 2557 amphitheatrum
3013 2489 3315 2542 incensum.

199 2559 418 2674 mortetn
437 2553 543 2621 qua
548 2553 830 2680 giaeonus
859 2553 1183 2613 Laurentius
1210 2559 1400 2614 Romae
1427 2630 1435 2636 _
2303 2557 2572 2615 Jubelzeus
2597 2553 2752 2629 juxta
2784 2559 3020 2628 majores
3053 2564 3294 2613 nostros.

199 2634 319 2674 mar
343 2638 515 2680 vnum
588 2634 721 2680 uxrt.

289 2637 515 2685 τινι-ωτι]
548 2637 721 2680 dunt.

1377 2775 1381 2780 ‹
1430 2743 1726 2799 SEPTIMA
1762 2743 2213 2802 PERSECUTIO.

264 2895 537 2952 Antonius
567 2901 870 2956 monachus
908 2902 963 2955 in
999 2901 1238 2975 Egypto
1276 2901 1543 2957 nascitur.

263 3005 292 3041 e
323 2987 583 3045 Romanae
612 2991 870 3050 Ecclesiae
887 2997 1262 3068 episcopatum
1303 3007 1426 3068 post
1469 2995 1693 3051 Fabiani
1726 2995 2018 3066 gloriosam
2065 3003 2297 3049 mortem
2335 2993 2632 3049 vicesimus
2679 2989 2910 3060 suscipit
2941 2987 3250 3053 Cornelius,
3282 3003 3442 3058 quem

200 3079 370 3132 tenuit
396 3081 558 3136 annis
605 3084 802 3153 tribus,
833 3087 1024 3143 diebus
1079 3090 1274 3157 tribus,
1311 3090 1406 3160 qui
1449 3097 1502 3142 et
1539 3089 1655 3159 ipse
1699 3089 1963 3160 martyrio
2011 3095 2308 3144 coronatus
2354 3093 2460 3144 est.
2493 3083 2727 3141 Exstant
2783 3082 2854 3138 ad
2886 3097 3010 3138 eum
3041 3082 3297 3153 Cypriani
3319 3091 3444 3135 octo

199 3170 453 3240 epistolae.

263 3267 617 3341 [Cyprianus
649 3271 887 3341 primum
916 3273 1123 3340 rhetor,
1164 3273 1357 3329 deinde
1383 3273 1688 3345 presbyter,
1723 3273 1792 3329 ad
1817 3281 2121 3329 extremum
2165 3271 2640 3342 Carthaginiensis
2671 3270 2962 3342 episcopus
2995 3267 3255 3338 martyrio
3285 3281 3442 3323 coro-

199 3369 376 3418 natur.

259 3454 528 3513 Pestilens
560 3460 784 3516 morbus
823 3462 1024 3515 multas
1057 3461 1224 3517 totius
1266 3463 1418 3518 orbis
1449 3461 1760 3533 provincias
1798 3460 2106 3531 occupavit,
2142 3462 2489 3533 maximeque
2529 3458 2915 3515 Alexandriam
2950 3462 3004 3509 et
3030 3453 3350 3525 ZEgyptum,
3382 3459 3442 3506 ut

198 3551 382 3604 scribit
416 3551 732 3624 Dionysius,
759 3562 814 3610 et
839 3554 1094 3626 Cypriani
1115 3557 1192 3612 De
1222 3559 1552 3613 mortalitate
1586 3559 1741 3614 testis
1767 3566 1851 3612 est
1885 3557 2042 3612 liber.

256 3659 286 3711 g
314 3643 630 3700 Alexandro
666 3645 1167 3719 Hierosolymorum
1211 3650 1470 3720 episc0po
1527 3650 1670 3720 apud
1711 3650 2016 3706 Caesaream
2051 3648 2354 3705 Palaestinae
2401 3648 2470 3704 ob
2522 3645 2842 3717 martyrium
2894 3640 3201 3707 interfecto,
3235 3648 3289 3696 et
3331 3640 3440 3694 An-

198 3735 406 3793 tiochiae
437 3738 662 3811 Babyla,
692 3741 1022 3798 Mazabanus
1049 3751 1102 3798 et
1136 3743 1335 3800 Fabius
1367 3746 1608 3816 episcopi
1631 3747 2056 3802 constituuntur.

287 3830 318 3881 h
347 3830 546 3907 Decius
581 3849 729 3907 eum
780 3835 891 3888 ﬁlio
938 3835 994 3889 in
1045 3835 1234 3892 ΑΙ)ιήιο
1291 3836 1389 3907 [αι.

198 3900 446 3975 Aprutio]
477 3904 769 3961 occiditur.
1292 3899 1302 3907 ’

1894 3907 2041 3961 .XVI.
2069 3905 2365 3974 GALLUS,
2397 3915 2450 3963 et
2481 3900 2946 3970 VOLUSIANUS,
2979 3899 3120 3955 Galli
3150 3899 3317 3965 ﬁlius,
3343 3915 3425 3952 an-

1894 3980 1967 4033 nis
1995 3994 2055 4045 ιι,
2088 3979 2372 4034 mensibus
2402 3994 2474 4032 ιν.

1743 4069 1848 4125 255
2097 4071 2121 4124 1
2307 4070 2337 4123 Ir
2363 4067 2626 4139 Origenes
2656 4065 2909 4122 moritur.

261 4221 571 4278 (Romanae
603 4222 856 4282 Ecclesia:
912 4229 1285 4298 episcopatum
1326 4237 1474 4286 tenet
1504 4232 1795 4288 vicesimus
1835 4233 2047 4302 primus
2085 4231 2289 4286 Lucius
2338 4229 2498 4285 annis
2534 4229 2733 4292 tribus,
2785 4226 3067 4282 mensibus
3109 4225 3284 4280 tribus
3337 4223 3434 4295 [αι.

199 4307 393 4366 Lucius
417 4313 698 4367 mensibus
745 4313 917 4386 octo].
947 4314 1078 4372 Post
1103 4332 1264 4387 quem
1313 4319 1608 4376 vicesimus
1639 4321 1914 4378 secundus
1950 4322 2262 4393 Stephanus
2293 4319 2451 4378 annis
2481 4328 2734 4390 quatuor.
2769 4319 2997 4374 Exstant
3027 4315 3095 4370 ad
3147 4325 3437 4388 utrumque

197 4406 445 4478 Cypriani
477 4409 741 4479 epistolae.

255 4580 287 4617 α
335 4562 736 4634 Ἀλεξανδρείας
765 4563 876 4636 (ιγ’)
920 4566 1217 4634 ἐπίσκοπος
1256 4572 1546 4638 Διονύσιος.
1599 4573 1756 4644 Sync.
1895 4576 1924 4645 f
1940 4575 2250 4648 Κυπριανὺς
2265 4575 2580 4646 διαπρέπων
2603 4573 2781 4646 ἔργοις
2797 4571 2892 4627 καὶ
2907 4571 3083 4641 λόγοις
3107 4570 3432 4634 θεοσεϐείας,

196 4669 239 4721 Ρ.
268 4655 395 4720 565,
422 4655 484 4711 C.
1860 4669 1888 4720 ὁ
1923 4667 2092 4737 μέγας
2129 4666 2490 4739 Καρθαγένης
2534 4665 2848 4726 ἐπίσκοπος,
2893 4662 2970 4734 τῷ
3003 4661 3144 4735 ὑπὲρ
3195 4662 3433 4735 Χριστοῦ

256 4748 284 4800 b
340 4749 604 4812 Φίλιππος
652 4750 890 4823 ἀνῃρέθη
945 4751 1060 4823 ἅμα
1107 4754 1185 4826 τῷ
1232 4754 1347 4826 υἱῷ.
1395 4754 1658 4810 Cedrenus
1702 4771 1756 4823 ρ.

1509 4772 1658 4810 renus
1702 4771 1756 4823 p.
1864 4754 2150 4825 papa-opim
2173 4753 2495 4807 τελειοῦται.
2531 4753 2703 4818 Idem,
2737 4768 2788 4821 p.
2819 4751 2943 4818 565,
2976 4752 3040 4807 A.

197 4839 310 4905 957,
348 4839 412 4895 C.
1928 4860 1959 4913 g
2002 4844 2329 4915 Ἀντιοχείας
2361 4844 2427 4896 ιϐ’
2464 4845 2762 4907 ἐπίσκοπος
2789 4841 3061 4908 Βαϐυλᾶς,
3114 4837 3268 4914 (εἶτα)
3295 4842 3432 4897 Φλα-

254 4949 281 4985 c
309 4933 595 5002 Ῥωμαίων
612 4933 732 5007 (κε’)
761 4935 1074 4991 ἐϐασίλευσε
1098 4939 1284 5003 Δέκιος
1325 4938 1442 5003 ἔτος
1461 4937 1530 4994 α’.
1557 4938 1751 4994 Chron.

1901 4937 2064 5000 ιανός.
2113 4935 2339 5002 Ibidem,
2369 4945 2425 4992 et
2449 4937 2573 5000 585,
2609 4935 2672 4992 C.
2715 4933 3096 5007 Ἱεροσολύμων
3135 4934 3431 5001 ἐπίσκοπος

198 5024 361 5089 pascit.
392 5042 444 5094 p.
477 5025 601 5091 271,
633 5029 697 5082 Α.

1858 5024 2212 5100 Μαζαϐάνης.
2240 5027 2464 5096 Ibidem,
2485 5039 2533 5082 et
2560 5046 2613 5096 p.
2650 5027 2774 5092 585,
2807 5025 2867 5082 C.

253 5115 286 5167 d
325 5117 508 5181 Δέκιος
535 5119 797 5173 Φίλιππον
823 5121 1027 5174 ἀνεῖλεν
1053 5121 1168 5192 ἅμα
1207 5125 1316 5186 τοῖς
1340 5125 1516 5189 παισὶ,
1550 5125 1640 5178 καὶ
1670 5125 1756 5178 διὰ
1926 5120 1960 5173 Ιι
1989 5121 2176 5184 Δέκιος
2203 5121 2417 5190 ἐσφάγη
2449 5119 2585 5191 μετά
2617 5119 2710 5173 τοῦ
2736 5119 2852 5173 υἱοῦ
2881 5118 3046 5172 αὐτοῦ
3067 5121 3124 5172 ἐν
3165 5117 3424 5190 Ἀϐύρτῳ.

199 5207 245 5259 τὸ
290 5209 422 5280 πρὸς
454 5211 716 5266 Φίλιππον
766 5212 938 5282 ἔχθος,
986 5216 1181 5286 πικρὸν
1219 5216 1406 5287 ἤγειρε
1437 5216 1580 5270 κατά
1624 5218 1728 5286 Χρι

1094 5216 1181 5286 ρὸν
1219 5216 1406 5287 ἤγειρε
1437 5216 1580 5270 κατά
1624 5218 1757 5286 Χρι-
1859 5210 2052 5268 Chron.
2093 5213 2275 5283 pascit.
2309 5229 2361 5282 p.
2396 5213 2523 5277 272,
2558 5211 2625 5266 Α.

200 5300 411 5353 στιανῶν
454 5303 713 5375 διωγμὸν,
756 5309 812 5360 ἐν
843 5301 888 5375 ᾦ
923 5307 1186 5371 Φαϐιανὸς
1213 5309 1307 5362 ἐπὶ
1344 5309 1442 5381 τῆς
1487 5308 1699 5380 Ῥώμης
1726 5309 1754 5360 ὀ
1923 5307 1944 5358 t'
1984 5305 2266 5374 Ῥωμαίων
2287 5302 2377 5370 κς⁹
2415 5303 2729 5358 ἐϐασίλευσε
2763 5303 2959 5368 Γάλλος
2989 5303 3081 5357 καὶ
3115 5301 3432 5356 Βολλουσια·

201 5391 382 5460 ταύτης
412 5396 710 5461 ἐπίσκοπος
733 5399 822 5452 τὸν
866 5401 1194 5472 μαρτυρικὸν
1225 5401 1520 5472 ἀνεδήσατο
1558 5402 1755 5471 στέφα-
1855 5397 1943 5460 νὸς
1973 5395 2090 5458 ἔτος
2123 5395 2201 5459 ἓν,
2234 5395 2406 5466 μῆνας
2425 5393 2486 5448 δό
2515 5393 2569 5447 Ν
2572 5395 2737 5464 ίεεΡΙιι
2770 5410 2823 5464 P-
2863 5394 2986 5458 401,
3013 5391 3075 5448 C-

202 5496 290 5543 m,
325 5482 572 5548 Βαϐυλᾶς
631 5503 691 5538 τε
733 5489 869 5542 κατὰ
912 5489 1006 5560 τὴν
1048 5490 1368 5560 Ἀντιόχειαν
1417 5491 1750 5556 ἐπισκοπῶν,
1925 5490 1955 5543 It
1993 5487 2147 5541 Κατὰ
2177 5487 2266 5540 τὸν
2295 5486 2494 5540 Γάλλου
2536 5487 2725 5558 χρόνον
2756 5485 2902 5554 λέγει
2940 5483 3188 5539 τεθνάναι
3222 5486 3311 5537 τὸν
3345 5484 3427 5536 Ὡ-

201 5572 278 5622 ni
319 5574 703 5648 Ἰεροσολύμων
750 5581 1110 5653 Ἀλέξανδρος.
1141 5580 1301 5650 Sync.
1329 5599 1382 5651 p.
1416 5583 1540 5651 565,
1564 5583 1629 5638 Α.

1372 5625 1382 5638 .
1416 5583 1540 5651 565,
1564 5583 1629 5638 Α.
1858 5581 2075 5652 ριγένην
2101 5579 2377 5642 Εὐσέϐιος.
2409 5579 2566 5649 Sync.
2599 5596 2650 5648 p.
2685 5579 2810 5644 577,
2837 5580 2903 5633 Α.

254 5681 279 5716 e
317 5665 533 5738 Ῥώμης
588 5671 882 5736 ἐπίσκοπος
912 5672 1001 5744 (κ’)
1042 5676 1335 5747 Κορνήλιος
1385 5676 1477 5746 ἐτη
1519 5675 1584 5744 γ’.
1639 5677 1748 5732 Ibi-
1925 5675 1943 5726 ί
1984 5673 2267 5744 Ῥωμαίων
2293 5672 2420 5744 (κα’)
2470 5672 2763 5735 ἐπίσκοπος
2798 5673 3024 5737 Λούκιος
3068 5673 3162 5742 ἔτη
3203 5669 3267 5743 β’.
3298 5668 3424 5726 Στέ-

204 5751 312 5822 άσιη,
345 5757 410 5812 Β.

1853 5783 2019 5836 (pavo;
2045 5764 2138 5835 ἔτη
2171 5763 2234 5834 β’.
2278 5763 2450 5830 Idem,
2479 5781 2531 5834 ρ.
2565 5764 2817 5820 575-581.
