  <div class='ocr_page' id='page_1' title='image "/cluster/home/n/w/nwhite01/storage/ocr_20150623/19/mdp.39015061293422/296.png"; bbox 0 0 3878 6264; ppageno 0'>
   <div class='ocr_carea' id='block_1_1' title="bbox 1442 365 3446 434">
    <p class='ocr_par' dir='ltr' id='par_1_1' title="bbox 1442 365 3446 434">
     <span class='ocr_line' id='line_1_1' title="bbox 1442 365 3446 434; baseline 0.007 -15"><span class='ocrx_word' id='word_1_1' title='bbox 1442 365 1938 423; x_wconf 79' lang='lat' dir='ltr'><strong>CHRONICORUM</strong></span> <span class='ocrx_word' id='word_1_2' title='bbox 1979 369 2107 428; x_wconf 88' lang='lat' dir='ltr'><strong>LIB.</strong></span> <span class='ocrx_word' id='word_1_3' title='bbox 2127 371 2194 424; x_wconf 85' lang='lat' dir='ltr'><strong>Il.</strong></span> <span class='ocrx_word' id='word_1_4' title='bbox 3342 379 3446 434; x_wconf 82' lang='lat'><strong>578</strong></span> 
     </span>
    </p>
   </div>
   <div class='ocr_carea' id='block_1_2' title="bbox 214 522 3423 557">
    <p class='ocr_par' dir='ltr' id='par_1_2' title="bbox 214 522 3423 557">
     <span class='ocr_line' id='line_1_2' title="bbox 214 522 3423 557; baseline 0.002 -12"><span class='ocrx_word' id='word_1_5' title='bbox 214 522 3423 557; x_wconf 53' lang='lat' dir='ltr'><strong>mw</strong></span> 
     </span>
    </p>
   </div>
   <div class='ocr_carea' id='block_1_3' title="bbox 1450 625 2158 668">
    <p class='ocr_par' dir='ltr' id='par_1_3' title="bbox 1450 625 2158 668">
     <span class='ocr_line' id='line_1_3' title="bbox 1450 625 2158 668; baseline 0.003 -2"><span class='ocrx_word' id='word_1_6' title='bbox 1450 625 1637 666; x_wconf 74' lang='grc' dir='ltr'><strong>οιῖΙΡ.</strong></span> <span class='ocrx_word' id='word_1_7' title='bbox 1700 626 1959 668; x_wconf 74' lang='lat' dir='ltr'><strong>CHRISTUS</strong></span> <span class='ocrx_word' id='word_1_8' title='bbox 2023 627 2158 667; x_wconf 72' lang='lat' dir='ltr'><strong>ann.</strong></span> 
     </span>
    </p>
   </div>
   <div class='ocr_carea' id='block_1_4' title="bbox 1945 681 2266 741">
    <p class='ocr_par' dir='ltr' id='par_1_4' title="bbox 1945 681 2266 741">
     <span class='ocr_line' id='line_1_4' title="bbox 1945 681 2266 741; baseline 0.019 -6"><span class='ocrx_word' id='word_1_9' title='bbox 1945 681 2266 741; x_wconf 84' lang='lat' dir='ltr'><strong>Valerianus</strong></span> 
     </span>
    </p>
   </div>
   <div class='ocr_carea' id='block_1_5' title="bbox 2072 760 2127 808">
    <p class='ocr_par' dir='ltr' id='par_1_5' title="bbox 2072 760 2127 808">
     <span class='ocr_line' id='line_1_5' title="bbox 2072 760 2127 808; baseline -0.018 0"><span class='ocrx_word' id='word_1_10' title='bbox 2072 760 2127 808; x_wconf 92' lang='lat' dir='ltr'><strong>et</strong></span> 
     </span>
    </p>
   </div>
   <div class='ocr_carea' id='block_1_6' title="bbox 1957 821 2236 880">
    <p class='ocr_par' dir='ltr' id='par_1_6' title="bbox 1957 821 2236 880">
     <span class='ocr_line' id='line_1_6' title="bbox 1957 821 2236 880; baseline 0.018 -5"><span class='ocrx_word' id='word_1_11' title='bbox 1957 821 2236 880; x_wconf 83' lang='lat' dir='ltr'><strong>Gallienus</strong></span> 
     </span>
    </p>
   </div>
   <div class='ocr_carea' id='block_1_7' title="bbox 2002 920 2207 935">
    <p class='ocr_par' dir='ltr' id='par_1_7' title="bbox 2002 920 2207 935">
     <span class='ocr_line' id='line_1_7' title="bbox 2002 920 2207 935; baseline 0.005 -6"><span class='ocrx_word' id='word_1_12' title='bbox 2002 920 2207 935; x_wconf 63' lang='grc' dir='ltr'><strong>...η-...-</strong></span> 
     </span>
    </p>
   </div>
   <div class='ocr_carea' id='block_1_8' title="bbox 2075 991 2143 1044">
    <p class='ocr_par' dir='ltr' id='par_1_8' title="bbox 2075 991 2143 1044">
     <span class='ocr_line' id='line_1_8' title="bbox 2075 991 2143 1044; baseline 0 0"><span class='ocrx_word' id='word_1_13' title='bbox 2075 991 2143 1044; x_wconf 85' lang='grc'>14</span> 
     </span>
    </p>
   </div>
   <div class='ocr_carea' id='block_1_9' title="bbox 1756 987 3433 1060">
    <p class='ocr_par' dir='ltr' id='par_1_9' title="bbox 1756 987 3433 1060">
     <span class='ocr_line' id='line_1_9' title="bbox 1756 987 3433 1060; baseline 0.002 -18"><span class='ocrx_word' id='word_1_14' title='bbox 1756 987 1864 1043; x_wconf 76' lang='lat'><strong>270</strong></span> <span class='ocrx_word' id='word_1_15' title='bbox 2075 991 2143 1044; x_wconf 86' lang='grc'>14</span> <span class='ocrx_word' id='word_1_16' title='bbox 2318 987 2502 1045; x_wconf 70' lang='lat' dir='ltr'><strong>Galliae</strong></span> <span class='ocrx_word' id='word_1_17' title='bbox 2532 1006 2628 1060; x_wconf 86' lang='lat' dir='ltr'><strong>per</strong></span> <span class='ocrx_word' id='word_1_18' title='bbox 2663 989 3022 1049; x_wconf 87' lang='lat' dir='ltr'><strong>Posthumum</strong></span> <span class='ocrx_word' id='word_1_19' title='bbox 3052 999 3108 1048; x_wconf 89' lang='lat' dir='ltr'><strong>et</strong></span> <span class='ocrx_word' id='word_1_20' title='bbox 3130 989 3433 1047; x_wconf 89' lang='lat' dir='ltr'><strong>Victorium</strong></span> 
     </span>
    </p>
   </div>
   <div class='ocr_carea' id='block_1_10' title="bbox 2265 1059 2912 1133">
    <p class='ocr_par' dir='ltr' id='par_1_10' title="bbox 2265 1059 2912 1133">
     <span class='ocr_line' id='line_1_10' title="bbox 2265 1059 2912 1133; baseline 0.009 -19"><span class='ocrx_word' id='word_1_21' title='bbox 2265 1069 2319 1114; x_wconf 90' lang='lat' dir='ltr'><strong>et</strong></span> <span class='ocrx_word' id='word_1_22' title='bbox 2354 1059 2632 1116; x_wconf 91' lang='lat' dir='ltr'><strong>Tetricum</strong></span> <span class='ocrx_word' id='word_1_23' title='bbox 2661 1070 2912 1133; x_wconf 66' lang='lat' dir='ltr'><strong>receptat.</strong></span> 
     </span>
    </p>
   </div>
   <div class='ocr_carea' id='block_1_11' title="bbox 278 1144 3434 1222">
    <p class='ocr_par' dir='ltr' id='par_1_11' title="bbox 278 1144 3434 1222">
     <span class='ocr_line' id='line_1_11' title="bbox 278 1144 3434 1222; baseline 0.002 -22"><span class='ocrx_word' id='word_1_24' title='bbox 278 1162 324 1200; x_wconf 76' lang='grc' dir='ltr'><strong>α</strong></span> <span class='ocrx_word' id='word_1_25' title='bbox 359 1145 540 1202; x_wconf 81' lang='lat' dir='ltr'><strong>Paulus</strong></span> <span class='ocrx_word' id='word_1_26' title='bbox 561 1144 952 1203; x_wconf 88' lang='lat' dir='ltr'><strong>Samosatenus</strong></span> <span class='ocrx_word' id='word_1_27' title='bbox 983 1159 1013 1199; x_wconf 89' lang='lat' dir='ltr'><strong>a</strong></span> <span class='ocrx_word' id='word_1_28' title='bbox 1046 1153 1372 1201; x_wconf 91' lang='lat' dir='ltr'><strong>cunctorum</strong></span> <span class='ocrx_word' id='word_1_29' title='bbox 1406 1147 1791 1218; x_wconf 67' lang='lat' dir='ltr'><strong>praedicatione</strong></span> <span class='ocrx_word' id='word_1_30' title='bbox 1823 1149 2160 1216; x_wconf 87' lang='lat' dir='ltr'><strong>desciscens,</strong></span> <span class='ocrx_word' id='word_1_31' title='bbox 2195 1150 2507 1207; x_wconf 89' lang='lat' dir='ltr'><strong>Artcmonis</strong></span> <span class='ocrx_word' id='word_1_32' title='bbox 2539 1151 2789 1208; x_wconf 82' lang='lat' dir='ltr'><strong>haeresim</strong></span> <span class='ocrx_word' id='word_1_33' title='bbox 2828 1153 3137 1210; x_wconf 77' lang='lat' dir='ltr'><strong>suscitavit.</strong></span> <span class='ocrx_word' id='word_1_34' title='bbox 3177 1150 3237 1207; x_wconf 86' lang='lat' dir='ltr'><strong>In</strong></span> <span class='ocrx_word' id='word_1_35' title='bbox 3274 1150 3434 1222; x_wconf 80' lang='lat' dir='ltr'><strong>cujus</strong></span> 
     </span>
    </p>
   </div>
   <div class='ocr_carea' id='block_1_12' title="bbox 193 1235 2509 1312">
    <p class='ocr_par' dir='ltr' id='par_1_12' title="bbox 193 1235 2509 1312">
     <span class='ocr_line' id='line_1_12' title="bbox 193 1235 2509 1312; baseline 0.002 -21"><span class='ocrx_word' id='word_1_36' title='bbox 193 1237 394 1292; x_wconf 87' lang='lat' dir='ltr'><strong>locum</strong></span> <span class='ocrx_word' id='word_1_37' title='bbox 421 1237 770 1293; x_wconf 76' lang='lat' dir='ltr'><strong>Antiochenre</strong></span> <span class='ocrx_word' id='word_1_38' title='bbox 804 1235 1062 1291; x_wconf 81' lang='lat' dir='ltr'><strong>Ecclesiae</strong></span> <span class='ocrx_word' id='word_1_39' title='bbox 1101 1245 1289 1292; x_wconf 82' lang='lat' dir='ltr'><strong>sextus</strong></span> <span class='ocrx_word' id='word_1_40' title='bbox 1319 1237 1561 1294; x_wconf 89' lang='lat' dir='ltr'><strong>decimus</strong></span> <span class='ocrx_word' id='word_1_41' title='bbox 1593 1239 1882 1296; x_wconf 79' lang='lat' dir='ltr'><strong>ordinatur</strong></span> <span class='ocrx_word' id='word_1_42' title='bbox 1919 1240 2211 1312; x_wconf 89' lang='lat' dir='ltr'><strong>episcopus</strong></span> <span class='ocrx_word' id='word_1_43' title='bbox 2246 1239 2509 1297; x_wconf 87' lang='lat' dir='ltr'><strong>Domnus.</strong></span> 
     </span>
    </p>
   </div>
   <div class='ocr_carea' id='block_1_13' title="bbox 280 1328 2149 1388">
    <p class='ocr_par' dir='ltr' id='par_1_13' title="bbox 280 1328 2149 1388">
     <span class='ocr_line' id='line_1_13' title="bbox 280 1328 2149 1388; baseline 0.003 -6"><span class='ocrx_word' id='word_1_44' title='bbox 280 1333 316 1382; x_wconf 87' lang='lat' dir='ltr'><strong><em>b</em></strong></span> <span class='ocrx_word' id='word_1_45' title='bbox 354 1330 616 1388; x_wconf 86' lang='lat' dir='ltr'><strong>Gallienus</strong></span> <span class='ocrx_word' id='word_1_46' title='bbox 643 1330 931 1388; x_wconf 82' lang='lat' dir='ltr'><strong>Mediolani</strong></span> <span class='ocrx_word' id='word_1_47' title='bbox 960 1328 1255 1385; x_wconf 80' lang='lat' dir='ltr'><strong>occiditur.</strong></span> <span class='ocrx_word' id='word_1_48' title='bbox 1763 1332 1862 1388; x_wconf 72' lang='lat'><strong>271</strong></span> <span class='ocrx_word' id='word_1_49' title='bbox 2080 1333 2149 1388; x_wconf 80' lang='lat' dir='ltr'><strong>l5</strong></span> 
     </span>
    </p>
   </div>
   <div class='ocr_carea' id='block_1_14' title="bbox 1593 1401 2914 1473">
    <p class='ocr_par' dir='ltr' id='par_1_14' title="bbox 1593 1401 2914 1473">
     <span class='ocr_line' id='line_1_14' title="bbox 1593 1401 2914 1473; baseline 0.002 -17"><span class='ocrx_word' id='word_1_50' title='bbox 1593 1419 1620 1456; x_wconf 88' lang='lat' dir='ltr'><strong>c</strong></span> <span class='ocrx_word' id='word_1_51' title='bbox 1646 1401 1884 1459; x_wconf 84' lang='lat' dir='ltr'><strong>XXVIII.</strong></span> <span class='ocrx_word' id='word_1_52' title='bbox 1911 1402 2256 1459; x_wconf 85' lang='lat' dir='ltr'><strong>CLAUDIUS</strong></span> <span class='ocrx_word' id='word_1_53' title='bbox 2285 1419 2430 1460; x_wconf 90' lang='lat' dir='ltr'><strong>anno</strong></span> <span class='ocrx_word' id='word_1_54' title='bbox 2460 1421 2497 1473; x_wconf 84' lang='grc' dir='ltr'>ι,</span> <span class='ocrx_word' id='word_1_55' title='bbox 2529 1403 2810 1460; x_wconf 89' lang='lat' dir='ltr'><strong>mensibus</strong></span> <span class='ocrx_word' id='word_1_56' title='bbox 2837 1421 2914 1459; x_wconf 73' lang='grc' dir='ltr'><strong>ιχ.</strong></span> 
     </span>
    </p>
   </div>
   <div class='ocr_carea' id='block_1_15' title="bbox 1760 1543 2139 1598">
    <p class='ocr_par' dir='ltr' id='par_1_15' title="bbox 1760 1543 2139 1598">
     <span class='ocr_line' id='line_1_15' title="bbox 1760 1543 2139 1598; baseline 0 0"><span class='ocrx_word' id='word_1_57' title='bbox 1760 1543 1866 1598; x_wconf 76' lang='grc'><strong>272</strong></span> <span class='ocrx_word' id='word_1_58' title='bbox 2117 1544 2139 1598; x_wconf 81' lang='grc'><strong>1</strong></span> 
     </span>
    </p>
   </div>
   <div class='ocr_carea' id='block_1_16' title="bbox 273 1630 3428 1706">
    <p class='ocr_par' dir='ltr' id='par_1_16' title="bbox 273 1630 3428 1706">
     <span class='ocr_line' id='line_1_16' title="bbox 273 1630 3428 1706; baseline 0.001 -21"><span class='ocrx_word' id='word_1_59' title='bbox 273 1630 339 1686; x_wconf 83' lang='lat' dir='ltr'><strong>In</strong></span> <span class='ocrx_word' id='word_1_60' title='bbox 366 1631 689 1686; x_wconf 82' lang='lat' dir='ltr'><strong>Alexandria</strong></span> <span class='ocrx_word' id='word_1_61' title='bbox 724 1647 836 1686; x_wconf 89' lang='lat' dir='ltr'><strong>una</strong></span> <span class='ocrx_word' id='word_1_62' title='bbox 872 1647 1022 1703; x_wconf 87' lang='lat' dir='ltr'><strong>pars,</strong></span> <span class='ocrx_word' id='word_1_63' title='bbox 1055 1647 1174 1702; x_wconf 68' lang='lat' dir='ltr'><strong>quae</strong></span> <span class='ocrx_word' id='word_1_64' title='bbox 1205 1633 1510 1703; x_wconf 72' lang='lat' dir='ltr'><strong>appellatur</strong></span> <span class='ocrx_word' id='word_1_65' title='bbox 1541 1634 1878 1702; x_wconf 86' lang='lat' dir='ltr'><strong>Bruchium,‘</strong></span> <span class='ocrx_word' id='word_1_66' title='bbox 1897 1649 2018 1706; x_wconf 71' lang='lat' dir='ltr'><strong>qua:</strong></span> <span class='ocrx_word' id='word_1_67' title='bbox 2044 1650 2141 1704; x_wconf 91' lang='lat' dir='ltr'><strong>per</strong></span> <span class='ocrx_word' id='word_1_68' title='bbox 2165 1636 2365 1690; x_wconf 89' lang='lat' dir='ltr'><strong>multos</strong></span> <span class='ocrx_word' id='word_1_69' title='bbox 2398 1649 2573 1690; x_wconf 88' lang='lat' dir='ltr'><strong>annos</strong></span> <span class='ocrx_word' id='word_1_70' title='bbox 2603 1633 2780 1690; x_wconf 84' lang='lat' dir='ltr'><strong>fuerat</strong></span> <span class='ocrx_word' id='word_1_71' title='bbox 2803 1633 3047 1700; x_wconf 87' lang='lat' dir='ltr'><strong>obsessa,</strong></span> <span class='ocrx_word' id='word_1_72' title='bbox 3083 1634 3211 1704; x_wconf 87' lang='lat' dir='ltr'><strong>quia</strong></span> <span class='ocrx_word' id='word_1_73' title='bbox 3248 1631 3428 1690; x_wconf 83' lang='lat' dir='ltr'><strong>rebel-</strong></span> 
     </span>
    </p>
   </div>
   <div class='ocr_carea' id='block_1_17' title="bbox 197 1726 974 1794">
    <p class='ocr_par' dir='ltr' id='par_1_17' title="bbox 197 1726 974 1794">
     <span class='ocr_line' id='line_1_17' title="bbox 197 1726 974 1794; baseline 0.005 -15"><span class='ocrx_word' id='word_1_74' title='bbox 197 1726 374 1794; x_wconf 85' lang='lat' dir='ltr'><strong>labat,</strong></span> <span class='ocrx_word' id='word_1_75' title='bbox 405 1727 618 1782; x_wconf 85' lang='lat' dir='ltr'><strong>tandem</strong></span> <span class='ocrx_word' id='word_1_76' title='bbox 653 1727 974 1783; x_wconf 89' lang='lat' dir='ltr'><strong>destruitur.</strong></span> 
     </span>
    </p>
   </div>
   <div class='ocr_carea' id='block_1_18' title="bbox 272 1817 3426 1898">
    <p class='ocr_par' dir='ltr' id='par_1_18' title="bbox 272 1817 3426 1898">
     <span class='ocr_line' id='line_1_18' title="bbox 272 1817 3426 1898; baseline 0.001 -25"><span class='ocrx_word' id='word_1_77' title='bbox 272 1817 528 1874; x_wconf 88' lang='lat' dir='ltr'><strong>Claudius</strong></span> <span class='ocrx_word' id='word_1_78' title='bbox 559 1817 789 1886; x_wconf 87' lang='lat' dir='ltr'><strong>Gothos,</strong></span> <span class='ocrx_word' id='word_1_79' title='bbox 833 1817 1106 1889; x_wconf 87' lang='lat' dir='ltr'><strong>Illyricum</strong></span> <span class='ocrx_word' id='word_1_80' title='bbox 1151 1827 1207 1874; x_wconf 91' lang='lat' dir='ltr'><strong>et</strong></span> <span class='ocrx_word' id='word_1_81' title='bbox 1243 1819 1618 1876; x_wconf 86' lang='lat' dir='ltr'><strong>Macedoniam</strong></span> <span class='ocrx_word' id='word_1_82' title='bbox 1645 1827 1925 1879; x_wconf 75' lang='lat' dir='ltr'><strong>vastantes</strong></span> <span class='ocrx_word' id='word_1_83' title='bbox 1948 1831 2190 1892; x_wconf 89' lang='lat' dir='ltr'><strong>superat.</strong></span> <span class='ocrx_word' id='word_1_84' title='bbox 2235 1822 2316 1877; x_wconf 88' lang='lat' dir='ltr'><strong>Ob</strong></span> <span class='ocrx_word' id='word_1_85' title='bbox 2341 1839 2460 1894; x_wconf 76' lang='lat' dir='ltr'><strong>qua:</strong></span> <span class='ocrx_word' id='word_1_86' title='bbox 2490 1823 2547 1878; x_wconf 91' lang='lat' dir='ltr'><strong>in</strong></span> <span class='ocrx_word' id='word_1_87' title='bbox 2579 1824 2732 1879; x_wconf 90' lang='lat' dir='ltr'><strong>curia</strong></span> <span class='ocrx_word' id='word_1_88' title='bbox 2767 1825 2987 1898; x_wconf 76' lang='lat' dir='ltr'><strong>clypeus</strong></span> <span class='ocrx_word' id='word_1_89' title='bbox 3031 1823 3082 1880; x_wconf 88' lang='lat' dir='ltr'><strong>ei</strong></span> <span class='ocrx_word' id='word_1_90' title='bbox 3119 1836 3340 1889; x_wconf 82' lang='lat' dir='ltr'><strong>aureus,</strong></span> <span class='ocrx_word' id='word_1_91' title='bbox 3371 1831 3426 1877; x_wconf 88' lang='lat' dir='ltr'><strong>et</strong></span> 
     </span>
    </p>
   </div>
   <div class='ocr_carea' id='block_1_19' title="bbox 197 1909 1365 1981">
    <p class='ocr_par' dir='ltr' id='par_1_19' title="bbox 197 1909 1365 1981">
     <span class='ocr_line' id='line_1_19' title="bbox 197 1909 1365 1981; baseline 0.003 -17"><span class='ocrx_word' id='word_1_92' title='bbox 197 1911 257 1965; x_wconf 90' lang='lat' dir='ltr'><strong>in</strong></span> <span class='ocrx_word' id='word_1_93' title='bbox 286 1909 548 1981; x_wconf 87' lang='lat' dir='ltr'><strong>Capitolio</strong></span> <span class='ocrx_word' id='word_1_94' title='bbox 572 1917 752 1966; x_wconf 91' lang='lat' dir='ltr'><strong>statua</strong></span> <span class='ocrx_word' id='word_1_95' title='bbox 781 1924 944 1966; x_wconf 89' lang='lat' dir='ltr'><strong>aurea</strong></span> <span class='ocrx_word' id='word_1_96' title='bbox 973 1911 1236 1966; x_wconf 88' lang='lat' dir='ltr'><strong>collocata</strong></span> <span class='ocrx_word' id='word_1_97' title='bbox 1268 1918 1365 1967; x_wconf 85' lang='lat' dir='ltr'><strong>est.</strong></span> 
     </span>
    </p>
   </div>
   <div class='ocr_carea' id='block_1_20' title="bbox 270 1998 2135 2057">
    <p class='ocr_par' dir='ltr' id='par_1_20' title="bbox 270 1998 2135 2057">
     <span class='ocr_line' id='line_1_20' title="bbox 270 1998 2135 2057; baseline 0.003 -5"><span class='ocrx_word' id='word_1_98' title='bbox 270 2000 311 2052; x_wconf 75' lang='grc' dir='ltr'><em>ὀ</em></span> <span class='ocrx_word' id='word_1_99' title='bbox 341 1999 596 2056; x_wconf 89' lang='lat' dir='ltr'><strong>Claudius</strong></span> <span class='ocrx_word' id='word_1_100' title='bbox 631 1998 820 2054; x_wconf 87' lang='lat' dir='ltr'><strong>Sirmii</strong></span> <span class='ocrx_word' id='word_1_101' title='bbox 854 2001 1107 2056; x_wconf 89' lang='lat' dir='ltr'><strong>moritur.</strong></span> <span class='ocrx_word' id='word_1_102' title='bbox 1501 2005 1644 2057; x_wconf 66' lang='lat'><strong>9.82</strong></span> <span class='ocrx_word' id='word_1_103' title='bbox 1748 2001 1857 2056; x_wconf 75' lang='lat'><strong>275</strong></span> <span class='ocrx_word' id='word_1_104' title='bbox 2097 2002 2135 2057; x_wconf 78' lang='lat'><strong>2</strong></span> 
     </span>
    </p>
   </div>
   <div class='ocr_carea' id='block_1_21' title="bbox 1501 2001 1857 2076">
    <p class='ocr_par' dir='ltr' id='par_1_21' title="bbox 1501 2001 1857 2076">
     <span class='ocr_line' id='line_1_21' title="bbox 1501 2001 1857 2076; baseline 0.006 -22"><span class='ocrx_word' id='word_1_105' title='bbox 1501 2005 1644 2076; x_wconf 77' lang='lat'><strong>263</strong></span> <span class='ocrx_word' id='word_1_106' title='bbox 1748 2001 1857 2056; x_wconf 72' lang='lat'><strong>275</strong></span> 
     </span>
    </p>
   </div>
   <div class='ocr_carea' id='block_1_22' title="bbox 271 2162 3423 2247">
    <p class='ocr_par' dir='ltr' id='par_1_22' title="bbox 271 2162 3423 2247">
     <span class='ocr_line' id='line_1_22' title="bbox 271 2162 3423 2247; baseline 0.003 -31"><span class='ocrx_word' id='word_1_107' title='bbox 271 2163 562 2230; x_wconf 82' lang='lat' dir='ltr'><strong>Quintilius</strong></span> <span class='ocrx_word' id='word_1_108' title='bbox 588 2162 805 2218; x_wconf 88' lang='lat' dir='ltr'><strong>Claudii</strong></span> <span class='ocrx_word' id='word_1_109' title='bbox 850 2162 1020 2220; x_wconf 78' lang='lat' dir='ltr'><strong>frater</strong></span> <span class='ocrx_word' id='word_1_110' title='bbox 1056 2177 1088 2217; x_wconf 95' lang='lat' dir='ltr'><strong>a</strong></span> <span class='ocrx_word' id='word_1_111' title='bbox 1117 2174 1309 2219; x_wconf 80' lang='lat' dir='ltr'><strong>senatu</strong></span> <span class='ocrx_word' id='word_1_112' title='bbox 1338 2162 1618 2247; x_wconf 76' lang='lat' dir='ltr'><strong>Augustus</strong></span> <span class='ocrx_word' id='word_1_113' title='bbox 1650 2163 1976 2236; x_wconf 88' lang='lat' dir='ltr'><strong>appellatus,</strong></span> <span class='ocrx_word' id='word_1_114' title='bbox 2014 2164 2228 2220; x_wconf 91' lang='lat' dir='ltr'><strong>decimo</strong></span> <span class='ocrx_word' id='word_1_115' title='bbox 2266 2164 2499 2236; x_wconf 88' lang='lat' dir='ltr'><strong>septimo</strong></span> <span class='ocrx_word' id='word_1_116' title='bbox 2530 2164 2630 2237; x_wconf 82' lang='grc' dir='ltr'>[αι.</span> <span class='ocrx_word' id='word_1_117' title='bbox 2660 2181 2808 2222; x_wconf 88' lang='lat' dir='ltr'><strong>nono</strong></span> <span class='ocrx_word' id='word_1_118' title='bbox 2830 2166 3065 2239; x_wconf 91' lang='lat' dir='ltr'><strong>decimo]</strong></span> <span class='ocrx_word' id='word_1_119' title='bbox 3096 2166 3308 2237; x_wconf 90' lang='lat' dir='ltr'><strong>imperii</strong></span> <span class='ocrx_word' id='word_1_120' title='bbox 3333 2166 3423 2224; x_wconf 82' lang='lat' dir='ltr'><strong>die</strong></span> 
     </span>
    </p>
   </div>
   <div class='ocr_carea' id='block_1_23' title="bbox 199 2254 782 2327">
    <p class='ocr_par' dir='ltr' id='par_1_23' title="bbox 199 2254 782 2327">
     <span class='ocr_line' id='line_1_23' title="bbox 199 2254 782 2327; baseline 0.005 -19"><span class='ocrx_word' id='word_1_121' title='bbox 199 2254 457 2327; x_wconf 74' lang='lat' dir='ltr'><strong>Aquileia:</strong></span> <span class='ocrx_word' id='word_1_122' title='bbox 489 2255 782 2311; x_wconf 88' lang='lat' dir='ltr'><strong>occiditur.</strong></span> 
     </span>
    </p>
   </div>
   <div class='ocr_carea' id='block_1_24' title="bbox 1866 2364 3277 2432">
    <p class='ocr_par' dir='ltr' id='par_1_24' title="bbox 1866 2364 3277 2432">
     <span class='ocr_line' id='line_1_24' title="bbox 1866 2364 3277 2432; baseline 0.003 -12"><span class='ocrx_word' id='word_1_123' title='bbox 1866 2381 1891 2420; x_wconf 79' lang='grc' dir='ltr'><strong>ε</strong></span> <span class='ocrx_word' id='word_1_124' title='bbox 1924 2364 2112 2422; x_wconf 79' lang='lat' dir='ltr'><strong>XXIX.</strong></span> <span class='ocrx_word' id='word_1_125' title='bbox 2143 2364 2588 2421; x_wconf 85' lang='lat' dir='ltr'><strong>AURELIANUS</strong></span> <span class='ocrx_word' id='word_1_126' title='bbox 2617 2366 2777 2423; x_wconf 89' lang='lat' dir='ltr'><strong>annis</strong></span> <span class='ocrx_word' id='word_1_127' title='bbox 2807 2381 2862 2432; x_wconf 86' lang='lat' dir='ltr'><strong>v,</strong></span> <span class='ocrx_word' id='word_1_128' title='bbox 2897 2367 3178 2425; x_wconf 87' lang='lat' dir='ltr'><strong>mensibus</strong></span> <span class='ocrx_word' id='word_1_129' title='bbox 3201 2383 3277 2424; x_wconf 80' lang='lat' dir='ltr'><strong>vi.</strong></span> 
     </span>
    </p>
   </div>
   <div class='ocr_carea' id='block_1_25' title="bbox 272 2458 1397 2530">
    <p class='ocr_par' dir='ltr' id='par_1_25' title="bbox 272 2458 1397 2530">
     <span class='ocr_line' id='line_1_25' title="bbox 272 2458 1397 2530; baseline -0.002 -14"><span class='ocrx_word' id='word_1_130' title='bbox 272 2462 613 2525; x_wconf 82' lang='lat' dir='ltr'><strong>Aurelianus,</strong></span> <span class='ocrx_word' id='word_1_131' title='bbox 647 2460 863 2514; x_wconf 91' lang='lat' dir='ltr'><strong>Tetrico</strong></span> <span class='ocrx_word' id='word_1_132' title='bbox 890 2459 1029 2530; x_wconf 88' lang='lat' dir='ltr'><strong>apud</strong></span> <span class='ocrx_word' id='word_1_133' title='bbox 1043 2458 1397 2530; x_wconf 17' lang='lat' dir='ltr'><strong>*Catalaunos</strong></span> 
     </span>
    </p>
   </div>
   <div class='ocr_carea' id='block_1_26' title="bbox 199 2528 1516 2615">
    <p class='ocr_par' dir='ltr' id='par_1_26' title="bbox 199 2528 1516 2615">
     <span class='ocr_line' id='line_1_26' title="bbox 199 2528 1516 2615; baseline -0.004 -26"><span class='ocrx_word' id='word_1_134' title='bbox 199 2534 458 2615; x_wconf 74' lang='lat' dir='ltr'><strong>prodente</strong></span> <span class='ocrx_word' id='word_1_135' title='bbox 485 2531 790 2588; x_wconf 81' lang='lat' dir='ltr'><strong>exercitum</strong></span> <span class='ocrx_word' id='word_1_136' title='bbox 819 2528 1000 2598; x_wconf 75' lang='lat' dir='ltr'><strong>suum,</strong></span> <span class='ocrx_word' id='word_1_137' title='bbox 1027 2528 1230 2584; x_wconf 87' lang='lat' dir='ltr'><strong>Gallias</strong></span> <span class='ocrx_word' id='word_1_138' title='bbox 1259 2544 1404 2584; x_wconf 84' lang='lat' dir='ltr'><strong>rece-</strong></span> <span class='ocrx_word' id='word_1_139' title='bbox 1505 2544 1516 2554; x_wconf 80' lang='lat'>&#39;</span> 
     </span>
    </p>
   </div>
   <div class='ocr_carea' id='block_1_27' title="bbox 201 2615 300 2675">
    <p class='ocr_par' dir='ltr' id='par_1_27' title="bbox 201 2615 300 2675">
     <span class='ocr_line' id='line_1_27' title="bbox 201 2615 300 2675; baseline 0.04 -18"><span class='ocrx_word' id='word_1_140' title='bbox 201 2615 300 2675; x_wconf 78' lang='lat' dir='ltr'><strong>pit.</strong></span> 
     </span>
    </p>
   </div>
   <div class='ocr_carea' id='block_1_28' title="bbox 1749 2525 3422 2598">
    <p class='ocr_par' dir='ltr' id='par_1_28' title="bbox 1749 2525 3422 2598">
     <span class='ocr_line' id='line_1_28' title="bbox 1749 2525 3422 2598; baseline 0.003 -17"><span class='ocrx_word' id='word_1_141' title='bbox 1749 2526 1857 2581; x_wconf 74' lang='grc'><strong>274</strong></span> <span class='ocrx_word' id='word_1_142' title='bbox 2105 2526 2133 2580; x_wconf 90' lang='grc'><strong>1</strong></span> <span class='ocrx_word' id='word_1_143' title='bbox 2314 2525 2667 2582; x_wconf 69' lang='lat' dir='ltr'><strong>Antiochenaa</strong></span> <span class='ocrx_word' id='word_1_144' title='bbox 2695 2527 2954 2584; x_wconf 70' lang='lat' dir='ltr'><strong>Ecclesiae</strong></span> <span class='ocrx_word' id='word_1_145' title='bbox 2982 2529 3244 2598; x_wconf 85' lang='lat' dir='ltr'><strong>septimus</strong></span> <span class='ocrx_word' id='word_1_146' title='bbox 3269 2530 3422 2586; x_wconf 84' lang='lat' dir='ltr'><strong>deci-</strong></span> 
     </span>
    </p>
   </div>
   <div class='ocr_carea' id='block_1_29' title="bbox 2249 2599 3385 2669">
    <p class='ocr_par' dir='ltr' id='par_1_29' title="bbox 2249 2599 3385 2669">
     <span class='ocr_line' id='line_1_29' title="bbox 2249 2599 3385 2669; baseline 0.004 -19"><span class='ocrx_word' id='word_1_147' title='bbox 2249 2611 2373 2652; x_wconf 88' lang='lat' dir='ltr'><strong>mus</strong></span> <span class='ocrx_word' id='word_1_148' title='bbox 2408 2599 2693 2654; x_wconf 87' lang='lat' dir='ltr'><strong>ordinatur</strong></span> <span class='ocrx_word' id='word_1_149' title='bbox 2727 2601 3016 2669; x_wconf 83' lang='lat' dir='ltr'><strong>cpiscopus</strong></span> <span class='ocrx_word' id='word_1_150' title='bbox 3047 2599 3385 2657; x_wconf 86' lang='lat' dir='ltr'><strong>Timotheus.</strong></span> 
     </span>
    </p>
   </div>
   <div class='ocr_carea' id='block_1_30' title="bbox 1748 2665 2135 2723">
    <p class='ocr_par' dir='ltr' id='par_1_30' title="bbox 1748 2665 2135 2723">
     <span class='ocr_line' id='line_1_30' title="bbox 1748 2665 2135 2723; baseline 0.008 -3"><span class='ocrx_word' id='word_1_151' title='bbox 1748 2665 1855 2722; x_wconf 74' lang='lat'><strong>275</strong></span> <span class='ocrx_word' id='word_1_152' title='bbox 2099 2665 2135 2723; x_wconf 74' lang='grc'>2</span> 
     </span>
    </p>
   </div>
   <div class='ocr_carea' id='block_1_31' title="bbox 273 2784 3420 2860">
    <p class='ocr_par' dir='ltr' id='par_1_31' title="bbox 273 2784 3420 2860">
     <span class='ocr_line' id='line_1_31' title="bbox 273 2784 3420 2860; baseline 0.001 -18"><span class='ocrx_word' id='word_1_153' title='bbox 273 2789 300 2857; x_wconf 82' lang='lat' dir='ltr'><strong>f</strong></span> <span class='ocrx_word' id='word_1_154' title='bbox 323 2786 557 2844; x_wconf 86' lang='lat' dir='ltr'><strong>Zenobia</strong></span> <span class='ocrx_word' id='word_1_155' title='bbox 592 2787 736 2860; x_wconf 86' lang='lat' dir='ltr'><strong>apud</strong></span> <span class='ocrx_word' id='word_1_156' title='bbox 768 2787 964 2844; x_wconf 86' lang='lat' dir='ltr'><strong>Immas</strong></span> <span class='ocrx_word' id='word_1_157' title='bbox 989 2788 1134 2842; x_wconf 90' lang='lat' dir='ltr'><strong>haud</strong></span> <span class='ocrx_word' id='word_1_158' title='bbox 1164 2788 1324 2859; x_wconf 76' lang='lat' dir='ltr'><strong>longe</strong></span> <span class='ocrx_word' id='word_1_159' title='bbox 1353 2787 1421 2842; x_wconf 90' lang='lat' dir='ltr'><strong>ab</strong></span> <span class='ocrx_word' id='word_1_160' title='bbox 1445 2785 1736 2842; x_wconf 81' lang='lat' dir='ltr'><strong>Antiochia</strong></span> <span class='ocrx_word' id='word_1_161' title='bbox 1762 2784 2000 2841; x_wconf 83' lang='lat' dir='ltr'><strong>vincitur</strong></span> <span class='ocrx_word' id='word_1_162' title='bbox 2034 2799 2208 2856; x_wconf 72' lang='lat' dir='ltr'><strong>:quae,</strong></span> <span class='ocrx_word' id='word_1_163' title='bbox 2227 2786 2413 2841; x_wconf 82' lang='lat' dir='ltr'><strong>occiso</strong></span> <span class='ocrx_word' id='word_1_164' title='bbox 2433 2784 2719 2841; x_wconf 83' lang='lat' dir='ltr'><strong>Odenatho</strong></span> <span class='ocrx_word' id='word_1_165' title='bbox 2747 2787 2968 2852; x_wconf 89' lang='lat' dir='ltr'><strong>marito,</strong></span> <span class='ocrx_word' id='word_1_166' title='bbox 2993 2785 3238 2842; x_wconf 87' lang='lat' dir='ltr'><strong>Orientis</strong></span> <span class='ocrx_word' id='word_1_167' title='bbox 3269 2793 3420 2844; x_wconf 84' lang='lat' dir='ltr'><strong>tene-</strong></span> 
     </span>
    </p>
   </div>
   <div class='ocr_carea' id='block_1_32' title="bbox 202 2871 3419 2952">
    <p class='ocr_par' dir='ltr' id='par_1_32' title="bbox 202 2871 3419 2952">
     <span class='ocr_line' id='line_1_32' title="bbox 202 2871 3419 2952; baseline -0.001 -17"><span class='ocrx_word' id='word_1_168' title='bbox 202 2881 293 2936; x_wconf 84' lang='lat' dir='ltr'><strong>bat</strong></span> <span class='ocrx_word' id='word_1_169' title='bbox 313 2871 599 2950; x_wconf 87' lang='lat' dir='ltr'><strong>imperium</strong></span> <span class='ocrx_word' id='word_1_170' title='bbox 629 2900 643 2936; x_wconf 88' lang='lat'><strong>:</strong></span> <span class='ocrx_word' id='word_1_171' title='bbox 675 2881 731 2935; x_wconf 91' lang='lat' dir='ltr'><strong>in</strong></span> <span class='ocrx_word' id='word_1_172' title='bbox 761 2895 866 2950; x_wconf 90' lang='lat' dir='ltr'><strong>qua</strong></span> <span class='ocrx_word' id='word_1_173' title='bbox 896 2896 1076 2952; x_wconf 81' lang='lat' dir='ltr'><strong>pugna</strong></span> <span class='ocrx_word' id='word_1_174' title='bbox 1104 2880 1484 2936; x_wconf 87' lang='lat' dir='ltr'><strong>strenuissime</strong></span> <span class='ocrx_word' id='word_1_175' title='bbox 1515 2879 1777 2935; x_wconf 87' lang='lat' dir='ltr'><strong>adversus</strong></span> <span class='ocrx_word' id='word_1_176' title='bbox 1809 2893 1928 2934; x_wconf 88' lang='lat' dir='ltr'><strong>eam</strong></span> <span class='ocrx_word' id='word_1_177' title='bbox 1963 2877 2242 2932; x_wconf 87' lang='lat' dir='ltr'><strong>dimicavit</strong></span> <span class='ocrx_word' id='word_1_178' title='bbox 2269 2876 2635 2947; x_wconf 87' lang='lat' dir='ltr'><strong>Pompeianus</strong></span> <span class='ocrx_word' id='word_1_179' title='bbox 2657 2878 2763 2932; x_wconf 81' lang='lat' dir='ltr'><strong>dux</strong></span> <span class='ocrx_word' id='word_1_180' title='bbox 2790 2887 3150 2950; x_wconf 79' lang='lat' dir='ltr'><strong>cognomento</strong></span> <span class='ocrx_word' id='word_1_181' title='bbox 3175 2877 3419 2933; x_wconf 88' lang='lat' dir='ltr'><strong>Francus</strong></span> 
     </span>
    </p>
   </div>
   <div class='ocr_carea' id='block_1_33' title="bbox 203 2971 3420 3046">
    <p class='ocr_par' dir='ltr' id='par_1_33' title="bbox 203 2971 3420 3046">
     <span class='ocr_line' id='line_1_33' title="bbox 203 2971 3420 3046; baseline 0 -20"><span class='ocrx_word' id='word_1_182' title='bbox 203 2971 303 3044; x_wconf 83' lang='grc' dir='ltr'>[αι.</span> <span class='ocrx_word' id='word_1_183' title='bbox 336 2971 625 3046; x_wconf 84' lang='lat' dir='ltr'><strong>Staticus],</strong></span> <span class='ocrx_word' id='word_1_184' title='bbox 658 2974 816 3044; x_wconf 86' lang='lat' dir='ltr'><strong>cujus</strong></span> <span class='ocrx_word' id='word_1_185' title='bbox 849 2973 1054 3028; x_wconf 84' lang='lat' dir='ltr'><strong>familia</strong></span> <span class='ocrx_word' id='word_1_186' title='bbox 1085 2973 1353 3045; x_wconf 90' lang='lat' dir='ltr'><strong>hodieque</strong></span> <span class='ocrx_word' id='word_1_187' title='bbox 1376 2971 1520 3044; x_wconf 87' lang='lat' dir='ltr'><strong>apud</strong></span> <span class='ocrx_word' id='word_1_188' title='bbox 1563 2972 1906 3028; x_wconf 88' lang='lat' dir='ltr'><strong>Antiochiam</strong></span> <span class='ocrx_word' id='word_1_189' title='bbox 1936 2978 2269 3043; x_wconf 87' lang='lat' dir='ltr'><strong>perseverat,</strong></span> <span class='ocrx_word' id='word_1_190' title='bbox 2313 2986 2377 3027; x_wconf 83' lang='lat' dir='ltr'><strong>ex</strong></span> <span class='ocrx_word' id='word_1_191' title='bbox 2401 2971 2557 3042; x_wconf 85' lang='lat' dir='ltr'><strong>cujus</strong></span> <span class='ocrx_word' id='word_1_192' title='bbox 2580 2971 2844 3044; x_wconf 82' lang='lat' dir='ltr'><strong>Evagrius</strong></span> <span class='ocrx_word' id='word_1_193' title='bbox 2875 2973 3233 3028; x_wconf 87' lang='lat' dir='ltr'><strong>charissimus</strong></span> <span class='ocrx_word' id='word_1_194' title='bbox 3259 2971 3420 3028; x_wconf 86' lang='lat' dir='ltr'><strong>nobis</strong></span> 
     </span>
    </p>
   </div>
   <div class='ocr_carea' id='block_1_34' title="bbox 200 3066 1018 3138">
    <p class='ocr_par' dir='ltr' id='par_1_34' title="bbox 200 3066 1018 3138">
     <span class='ocr_line' id='line_1_34' title="bbox 200 3066 1018 3138; baseline 0.006 -20"><span class='ocrx_word' id='word_1_195' title='bbox 200 3066 479 3138; x_wconf 76' lang='lat' dir='ltr'><strong>presbyter</strong></span> <span class='ocrx_word' id='word_1_196' title='bbox 515 3067 686 3138; x_wconf 87' lang='lat' dir='ltr'><strong>stirpe</strong></span> <span class='ocrx_word' id='word_1_197' title='bbox 716 3066 1018 3124; x_wconf 89' lang='lat' dir='ltr'><strong>descendit.</strong></span> 
     </span>
    </p>
   </div>
   <div class='ocr_carea' id='block_1_35' title="bbox 197 3177 1847 3303">
    <p class='ocr_par' dir='ltr' id='par_1_35' title="bbox 197 3177 1847 3303">
     <span class='ocr_line' id='line_1_35' title="bbox 197 3177 1847 3303; baseline 0.002 -71"><span class='ocrx_word' id='word_1_198' title='bbox 197 3179 526 3303; x_wconf 69' lang='lat' dir='ltr'><strong>tuEusebius</strong></span> <span class='ocrx_word' id='word_1_199' title='bbox 569 3178 918 3236; x_wconf 87' lang='lat' dir='ltr'><strong>Laodicensis</strong></span> <span class='ocrx_word' id='word_1_200' title='bbox 956 3178 1186 3251; x_wconf 73' lang='lat' dir='ltr'><strong>insignis</strong></span> <span class='ocrx_word' id='word_1_201' title='bbox 1225 3179 1392 3236; x_wconf 87' lang='lat' dir='ltr'><strong>habe-</strong></span> <span class='ocrx_word' id='word_1_202' title='bbox 1494 3182 1637 3253; x_wconf 73' lang='grc'><strong>264</strong></span> <span class='ocrx_word' id='word_1_203' title='bbox 1739 3177 1847 3235; x_wconf 77' lang='grc'><strong>276</strong></span> 
     </span>
     <span class='ocr_line' id='line_1_36' title="bbox 257 3267 297 3303; baseline 0 0"><span class='ocrx_word' id='word_1_204' title='bbox 257 3267 297 3303; x_wconf 81' lang='grc'><strong>1³.</strong></span> 
     </span>
    </p>
   </div>
   <div class='ocr_carea' id='block_1_36' title="bbox 257 3267 297 3304">
    <p class='ocr_par' dir='ltr' id='par_1_36' title="bbox 257 3267 297 3304">
     <span class='ocr_line' id='line_1_37' title="bbox 257 3267 297 3304; baseline 0 0"><span class='ocrx_word' id='word_1_205' title='bbox 257 3267 297 3304; x_wconf 82' lang='lat' dir='ltr'><strong>l‘.</strong></span> 
     </span>
    </p>
   </div>
   <div class='ocr_carea' id='block_1_37' title="bbox 2092 3181 2129 3236">
    <p class='ocr_par' dir='ltr' id='par_1_37' title="bbox 2092 3181 2129 3236">
     <span class='ocr_line' id='line_1_38' title="bbox 2092 3181 2129 3236; baseline 0 0"><span class='ocrx_word' id='word_1_206' title='bbox 2092 3181 2129 3236; x_wconf 82' lang='grc'><strong>5</strong></span> 
     </span>
    </p>
   </div>
   <div class='ocr_carea' id='block_1_38' title="bbox 261 3363 3416 3437">
    <p class='ocr_par' dir='ltr' id='par_1_38' title="bbox 261 3363 3416 3437">
     <span class='ocr_line' id='line_1_39' title="bbox 261 3363 3416 3437; baseline 0 -18"><span class='ocrx_word' id='word_1_207' title='bbox 261 3367 615 3422; x_wconf 81' lang='lat' dir='ltr'><strong>Aurelianum</strong></span> <span class='ocrx_word' id='word_1_208' title='bbox 659 3365 848 3422; x_wconf 63' lang='lat' dir='ltr'><strong>Romae</strong></span> <span class='ocrx_word' id='word_1_209' title='bbox 893 3366 1318 3437; x_wconf 86' lang='lat' dir='ltr'><strong>triumphantem</strong></span> <span class='ocrx_word' id='word_1_210' title='bbox 1360 3365 1612 3422; x_wconf 91' lang='lat' dir='ltr'><strong>Tetricus</strong></span> <span class='ocrx_word' id='word_1_211' title='bbox 1661 3373 1716 3422; x_wconf 92' lang='lat' dir='ltr'><strong>et</strong></span> <span class='ocrx_word' id='word_1_212' title='bbox 1765 3365 2008 3423; x_wconf 87' lang='lat' dir='ltr'><strong>Zenobia</strong></span> <span class='ocrx_word' id='word_1_213' title='bbox 2051 3374 2472 3437; x_wconf 81' lang='lat' dir='ltr'><strong>praecesserunt.</strong></span> <span class='ocrx_word' id='word_1_214' title='bbox 2510 3363 2554 3418; x_wconf 92' lang='lat' dir='ltr'><strong>E</strong></span> <span class='ocrx_word' id='word_1_215' title='bbox 2595 3365 2795 3435; x_wconf 88' lang='lat' dir='ltr'><strong>quibus</strong></span> <span class='ocrx_word' id='word_1_216' title='bbox 2838 3363 3088 3421; x_wconf 89' lang='lat' dir='ltr'><strong>Tetricus</strong></span> <span class='ocrx_word' id='word_1_217' title='bbox 3137 3373 3416 3420; x_wconf 84' lang='lat' dir='ltr'><strong>corrector</strong></span> 
     </span>
    </p>
   </div>
   <div class='ocr_carea' id='block_1_39' title="bbox 194 3459 3414 3532">
    <p class='ocr_par' dir='ltr' id='par_1_39' title="bbox 194 3459 3414 3532">
     <span class='ocr_line' id='line_1_40' title="bbox 194 3459 3414 3532; baseline -0 -15"><span class='ocrx_word' id='word_1_218' title='bbox 194 3471 373 3530; x_wconf 86' lang='lat' dir='ltr'><strong>postea</strong></span> <span class='ocrx_word' id='word_1_219' title='bbox 420 3460 680 3517; x_wconf 69' lang='lat' dir='ltr'><strong>Lucaniae</strong></span> <span class='ocrx_word' id='word_1_220' title='bbox 716 3461 822 3516; x_wconf 89' lang='lat' dir='ltr'><strong>fuit</strong></span> <span class='ocrx_word' id='word_1_221' title='bbox 860 3481 874 3518; x_wconf 88' lang='lat'><strong>:</strong></span> <span class='ocrx_word' id='word_1_222' title='bbox 908 3470 962 3518; x_wconf 93' lang='lat' dir='ltr'><strong>et</strong></span> <span class='ocrx_word' id='word_1_223' title='bbox 1009 3461 1248 3518; x_wconf 84' lang='lat' dir='ltr'><strong>Zenobia</strong></span> <span class='ocrx_word' id='word_1_224' title='bbox 1286 3462 1344 3518; x_wconf 84' lang='lat' dir='ltr'><strong>in</strong></span> <span class='ocrx_word' id='word_1_225' title='bbox 1396 3461 1541 3519; x_wconf 88' lang='lat' dir='ltr'><strong>Urbe</strong></span> <span class='ocrx_word' id='word_1_226' title='bbox 1590 3477 1808 3520; x_wconf 87' lang='lat' dir='ltr'><strong>summo</strong></span> <span class='ocrx_word' id='word_1_227' title='bbox 1845 3463 2057 3521; x_wconf 89' lang='lat' dir='ltr'><strong>honore</strong></span> <span class='ocrx_word' id='word_1_228' title='bbox 2087 3463 2380 3519; x_wconf 88' lang='lat' dir='ltr'><strong>consenuit</strong></span> <span class='ocrx_word' id='word_1_229' title='bbox 2411 3479 2427 3518; x_wconf 89' lang='lat'><strong>:</strong></span> <span class='ocrx_word' id='word_1_230' title='bbox 2458 3476 2491 3515; x_wconf 90' lang='lat' dir='ltr'><strong>a</strong></span> <span class='ocrx_word' id='word_1_231' title='bbox 2519 3475 2629 3532; x_wconf 89' lang='lat' dir='ltr'><strong>quo</strong></span> <span class='ocrx_word' id='word_1_232' title='bbox 2659 3460 2929 3532; x_wconf 89' lang='lat' dir='ltr'><strong>hodieque</strong></span> <span class='ocrx_word' id='word_1_233' title='bbox 2956 3459 3143 3516; x_wconf 67' lang='lat' dir='ltr'><strong>Romae</strong></span> <span class='ocrx_word' id='word_1_234' title='bbox 3176 3461 3414 3516; x_wconf 87' lang='lat' dir='ltr'><strong>Zenohia</strong></span> 
     </span>
    </p>
   </div>
   <div class='ocr_carea' id='block_1_40' title="bbox 194 3555 797 3625">
    <p class='ocr_par' dir='ltr' id='par_1_40' title="bbox 194 3555 797 3625">
     <span class='ocr_line' id='line_1_41' title="bbox 194 3555 797 3625; baseline -0.002 -15"><span class='ocrx_word' id='word_1_235' title='bbox 194 3555 393 3610; x_wconf 86' lang='lat' dir='ltr'><strong>familia</strong></span> <span class='ocrx_word' id='word_1_236' title='bbox 431 3561 797 3625; x_wconf 87' lang='lat' dir='ltr'><strong>nuncupatur.</strong></span> 
     </span>
    </p>
   </div>
   <div class='ocr_carea' id='block_1_41' title="bbox 251 3665 2114 3740">
    <p class='ocr_par' dir='ltr' id='par_1_41' title="bbox 251 3665 2114 3740">
     <span class='ocr_line' id='line_1_42' title="bbox 251 3665 2114 3740; baseline -0.005 -16"><span class='ocrx_word' id='word_1_237' title='bbox 251 3689 277 3740; x_wconf 87' lang='lat' dir='ltr'><strong><em>g</em></strong></span> <span class='ocrx_word' id='word_1_238' title='bbox 325 3670 667 3740; x_wconf 83' lang='lat' dir='ltr'><strong>Aurelianus</strong></span> <span class='ocrx_word' id='word_1_239' title='bbox 691 3667 948 3740; x_wconf 84' lang='lat' dir='ltr'><strong>templum</strong></span> <span class='ocrx_word' id='word_1_240' title='bbox 976 3665 1089 3740; x_wconf 84' lang='lat' dir='ltr'><strong>Soli</strong></span> <span class='ocrx_word' id='word_1_241' title='bbox 1121 3665 1380 3740; x_wconf 67' lang='lat' dir='ltr'><strong>aediﬁcat,</strong></span> <span class='ocrx_word' id='word_1_242' title='bbox 1729 3666 1837 3740; x_wconf 50' lang='grc' dir='ltr'><strong>ᾖξ’]</strong></span> <span class='ocrx_word' id='word_1_243' title='bbox 2078 3667 2114 3740; x_wconf 57' lang='grc' dir='ltr'>ξ</span> 
     </span>
    </p>
   </div>
   <div class='ocr_carea' id='block_1_42' title="bbox 193 3735 3414 3818">
    <p class='ocr_par' dir='ltr' id='par_1_42' title="bbox 193 3735 3414 3818">
     <span class='ocr_line' id='line_1_43' title="bbox 193 3735 3414 3818; baseline 0 -23"><span class='ocrx_word' id='word_1_244' title='bbox 193 3735 499 3796; x_wconf 65' lang='grc' dir='ltr'>ειῖἶοωεω</span> <span class='ocrx_word' id='word_1_245' title='bbox 529 3735 864 3794; x_wconf 82' lang='lat' dir='ltr'><strong>firmioribus</strong></span> <span class='ocrx_word' id='word_1_246' title='bbox 894 3737 1068 3818; x_wconf 55' lang='lat' dir='ltr'><strong>muris</strong></span> <span class='ocrx_word' id='word_1_247' title='bbox 1095 3737 1350 3818; x_wconf 36' lang='lat' dir='ltr'><strong>ﬁliai&quot;</strong></span> <span class='ocrx_word' id='word_1_248' title='bbox 1729 3735 1836 3791; x_wconf 77' lang='grc'>278</span> <span class='ocrx_word' id='word_1_249' title='bbox 2081 3737 2116 3792; x_wconf 82' lang='grc'><strong>5</strong></span> <span class='ocrx_word' id='word_1_250' title='bbox 2260 3735 2510 3818; x_wconf 36' lang='lat' dir='ltr'><strong>JPrimus</strong></span> <span class='ocrx_word' id='word_1_251' title='bbox 2537 3751 2676 3808; x_wconf 77' lang='lat' dir='ltr'><strong>agon</strong></span> <span class='ocrx_word' id='word_1_252' title='bbox 2709 3735 2856 3793; x_wconf 88' lang='lat' dir='ltr'><strong>Solis</strong></span> <span class='ocrx_word' id='word_1_253' title='bbox 2901 3735 2969 3791; x_wconf 88' lang='lat' dir='ltr'><strong>ab</strong></span> <span class='ocrx_word' id='word_1_254' title='bbox 2995 3736 3288 3795; x_wconf 85' lang='lat' dir='ltr'><strong>Aureliano</strong></span> <span class='ocrx_word' id='word_1_255' title='bbox 3325 3737 3414 3795; x_wconf 82' lang='lat' dir='ltr'><strong>iu-</strong></span> 
     </span>
    </p>
   </div>
   <div class='ocr_carea' id='block_1_43' title="bbox 252 3807 2467 3935">
    <p class='ocr_par' dir='ltr' id='par_1_43' title="bbox 252 3807 2467 3935">
     <span class='ocr_line' id='line_1_44' title="bbox 955 3807 2467 3880; baseline -0.011 -2"><span class='ocrx_word' id='word_1_256' title='bbox 955 3807 1037 3880; x_wconf 80' lang='grc' dir='ltr'><strong>Β.</strong></span> <span class='ocrx_word' id='word_1_257' title='bbox 1095 3807 1377 3879; x_wconf 82' lang='lat' dir='ltr'><strong>MXXX.</strong></span> <span class='ocrx_word' id='word_1_258' title='bbox 2225 3807 2467 3863; x_wconf 82' lang='lat' dir='ltr'><strong>stitutus.</strong></span> 
     </span>
     <span class='ocr_line' id='line_1_45' title="bbox 252 3874 2115 3935; baseline -0.002 -1"><span class='ocrx_word' id='word_1_259' title='bbox 252 3882 284 3934; x_wconf 81' lang='grc' dir='ltr'>Ιι</span> <span class='ocrx_word' id='word_1_260' title='bbox 310 3880 572 3935; x_wconf 60' lang='lat' dir='ltr'><strong>Romana;</strong></span> <span class='ocrx_word' id='word_1_261' title='bbox 601 3879 856 3935; x_wconf 74' lang='lat' dir='ltr'><strong>Ecclesiae</strong></span> <span class='ocrx_word' id='word_1_262' title='bbox 968 3883 970 3885; x_wconf 74' lang='grc'><em>’</em></span> <span class='ocrx_word' id='word_1_263' title='bbox 1730 3874 1835 3931; x_wconf 76' lang='grc'><strong>279</strong></span> <span class='ocrx_word' id='word_1_264' title='bbox 2081 3874 2115 3930; x_wconf 89' lang='lat'><strong><em>6</em></strong></span> 
     </span>
    </p>
   </div>
   <div class='ocr_carea' id='block_1_44' title="bbox 192 3949 1384 4022">
    <p class='ocr_par' dir='ltr' id='par_1_44' title="bbox 192 3949 1384 4022">
     <span class='ocr_line' id='line_1_46' title="bbox 192 3949 1384 4022; baseline -0.003 -15"><span class='ocrx_word' id='word_1_265' title='bbox 192 3955 555 4022; x_wconf 62' lang='lat' dir='ltr'><strong>episcopatum</strong></span> <span class='ocrx_word' id='word_1_266' title='bbox 595 3950 888 4022; x_wconf 84' lang='lat' dir='ltr'><strong>vicesimus</strong></span> <span class='ocrx_word' id='word_1_267' title='bbox 931 3949 1156 4021; x_wconf 88' lang='lat' dir='ltr'><strong>quintus</strong></span> <span class='ocrx_word' id='word_1_268' title='bbox 1199 3962 1384 4004; x_wconf 88' lang='lat' dir='ltr'><strong>susce-</strong></span> 
     </span>
    </p>
   </div>
   <div class='ocr_carea' id='block_1_45' title="bbox 193 4020 725 4092">
    <p class='ocr_par' dir='ltr' id='par_1_45' title="bbox 193 4020 725 4092">
     <span class='ocr_line' id='line_1_47' title="bbox 193 4020 725 4092; baseline -0.004 -17"><span class='ocrx_word' id='word_1_269' title='bbox 193 4020 262 4092; x_wconf 86' lang='lat' dir='ltr'><strong>pit</strong></span> <span class='ocrx_word' id='word_1_270' title='bbox 297 4020 450 4076; x_wconf 84' lang='lat' dir='ltr'><strong>Felix</strong></span> <span class='ocrx_word' id='word_1_271' title='bbox 487 4021 644 4076; x_wconf 89' lang='lat' dir='ltr'><strong>annis</strong></span> <span class='ocrx_word' id='word_1_272' title='bbox 670 4035 725 4074; x_wconf 79' lang='grc' dir='ltr'>ν.</span> 
     </span>
    </p>
   </div>
   <div class='ocr_carea' id='block_1_46' title="bbox 1439 4166 2126 4248">
    <p class='ocr_par' dir='ltr' id='par_1_46' title="bbox 1439 4166 2126 4248">
     <span class='ocr_line' id='line_1_48' title="bbox 1439 4166 2126 4248; baseline -0.003 0"><span class='ocrx_word' id='word_1_273' title='bbox 1439 4184 1640 4248; x_wconf 79' lang='lat' dir='ltr'><strong>NONA</strong></span> <span class='ocrx_word' id='word_1_274' title='bbox 1665 4166 2126 4248; x_wconf 33' lang='lat' dir='ltr'><strong>&#39;PERSECUTIO.</strong></span> 
     </span>
    </p>
   </div>
   <div class='ocr_carea' id='block_1_47' title="bbox 249 4366 3407 4447">
    <p class='ocr_par' dir='ltr' id='par_1_47' title="bbox 249 4366 3407 4447">
     <span class='ocr_line' id='line_1_49' title="bbox 249 4366 3407 4447; baseline 0.001 -14"><span class='ocrx_word' id='word_1_275' title='bbox 249 4366 268 4433; x_wconf 70' lang='grc' dir='ltr'><strong>ί</strong></span> <span class='ocrx_word' id='word_1_276' title='bbox 312 4375 640 4431; x_wconf 84' lang='lat' dir='ltr'><strong>Aurelianus</strong></span> <span class='ocrx_word' id='word_1_277' title='bbox 669 4389 794 4429; x_wconf 90' lang='lat' dir='ltr'><strong>cum</strong></span> <span class='ocrx_word' id='word_1_278' title='bbox 827 4372 1117 4428; x_wconf 87' lang='lat' dir='ltr'><strong>adversum</strong></span> <span class='ocrx_word' id='word_1_279' title='bbox 1150 4384 1253 4427; x_wconf 90' lang='lat' dir='ltr'><strong>nos</strong></span> <span class='ocrx_word' id='word_1_280' title='bbox 1287 4369 1724 4441; x_wconf 82' lang='lat' dir='ltr'><strong>persecutionem</strong></span> <span class='ocrx_word' id='word_1_281' title='bbox 1751 4370 2033 4436; x_wconf 83' lang='lat' dir='ltr'><strong>movisset,</strong></span> <span class='ocrx_word' id='word_1_282' title='bbox 2063 4370 2265 4428; x_wconf 80' lang='lat' dir='ltr'><strong>fulmen</strong></span> <span class='ocrx_word' id='word_1_283' title='bbox 2298 4373 2454 4442; x_wconf 81' lang='lat' dir='ltr'><strong>juxta</strong></span> <span class='ocrx_word' id='word_1_284' title='bbox 2483 4389 2607 4428; x_wconf 91' lang='lat' dir='ltr'><strong>eum</strong></span> <span class='ocrx_word' id='word_1_285' title='bbox 2637 4375 2974 4447; x_wconf 86' lang='lat' dir='ltr'><strong>comitesque</strong></span> <span class='ocrx_word' id='word_1_286' title='bbox 3007 4377 3127 4447; x_wconf 87' lang='lat' dir='ltr'><strong>ejus</strong></span> <span class='ocrx_word' id='word_1_287' title='bbox 3158 4379 3268 4434; x_wconf 93' lang='lat' dir='ltr'><strong>ruit</strong></span> <span class='ocrx_word' id='word_1_288' title='bbox 3295 4397 3307 4434; x_wconf 91' lang='lat'><strong>:</strong></span> <span class='ocrx_word' id='word_1_289' title='bbox 3339 4395 3407 4436; x_wconf 87' lang='lat' dir='ltr'><strong>ac</strong></span> 
     </span>
    </p>
   </div>
   <div class='ocr_carea' id='block_1_48' title="bbox 190 4459 2978 4538">
    <p class='ocr_par' dir='ltr' id='par_1_48' title="bbox 190 4459 2978 4538">
     <span class='ocr_line' id='line_1_50' title="bbox 190 4459 2978 4538; baseline -0.001 -15"><span class='ocrx_word' id='word_1_290' title='bbox 190 4483 291 4524; x_wconf 86' lang='lat' dir='ltr'><strong>non</strong></span> <span class='ocrx_word' id='word_1_291' title='bbox 317 4468 489 4523; x_wconf 90' lang='lat' dir='ltr'><strong>multo</strong></span> <span class='ocrx_word' id='word_1_292' title='bbox 520 4475 645 4538; x_wconf 89' lang='lat' dir='ltr'><strong>post</strong></span> <span class='ocrx_word' id='word_1_293' title='bbox 672 4466 813 4521; x_wconf 90' lang='lat' dir='ltr'><strong>inter</strong></span> <span class='ocrx_word' id='word_1_294' title='bbox 838 4461 1375 4532; x_wconf 86' lang='lat' dir='ltr'><strong>Constantinopolim</strong></span> <span class='ocrx_word' id='word_1_295' title='bbox 1399 4470 1453 4516; x_wconf 90' lang='lat' dir='ltr'><strong>et</strong></span> <span class='ocrx_word' id='word_1_296' title='bbox 1475 4459 1785 4516; x_wconf 88' lang='lat' dir='ltr'><strong>Heracliam</strong></span> <span class='ocrx_word' id='word_1_297' title='bbox 1810 4461 1867 4516; x_wconf 91' lang='lat' dir='ltr'><strong>in</strong></span> <span class='ocrx_word' id='word_1_298' title='bbox 1897 4464 2279 4534; x_wconf 67' lang='lat' dir='ltr'><strong>caanopbrurio</strong></span> <span class='ocrx_word' id='word_1_299' title='bbox 2309 4464 2424 4520; x_wconf 71' lang='lat' dir='ltr'><strong>Via:</strong></span> <span class='ocrx_word' id='word_1_300' title='bbox 2451 4465 2662 4521; x_wconf 84' lang='lat' dir='ltr'><strong>Veteris</strong></span> <span class='ocrx_word' id='word_1_301' title='bbox 2689 4467 2978 4522; x_wconf 81' lang='lat' dir='ltr'><strong>occiditur.</strong></span> 
     </span>
    </p>
   </div>
   <div class='ocr_carea' id='block_1_49' title="bbox 254 4673 1738 4752">
    <p class='ocr_par' dir='ltr' id='par_1_49' title="bbox 254 4673 1738 4752">
     <span class='ocr_line' id='line_1_51' title="bbox 254 4673 1738 4752; baseline -0.008 -12"><span class='ocrx_word' id='word_1_302' title='bbox 254 4703 284 4740; x_wconf 90' lang='lat' dir='ltr'><strong>a</strong></span> <span class='ocrx_word' id='word_1_303' title='bbox 316 4681 524 4747; x_wconf 82' lang='grc' dir='ltr'><strong>Παῦλος</strong></span> <span class='ocrx_word' id='word_1_304' title='bbox 568 4678 938 4752; x_wconf 80' lang='grc' dir='ltr'>Σαμοσατεὺς,</span> <span class='ocrx_word' id='word_1_305' title='bbox 984 4676 1080 4747; x_wconf 81' lang='grc' dir='ltr'>τὴν</span> <span class='ocrx_word' id='word_1_306' title='bbox 1125 4674 1462 4746; x_wconf 84' lang='grc' dir='ltr'><strong>Ἀρτέμωνος</strong></span> <span class='ocrx_word' id='word_1_307' title='bbox 1499 4673 1738 4728; x_wconf 80' lang='grc' dir='ltr'>ἀνανεω-</span> 
     </span>
    </p>
   </div>
   <div class='ocr_carea' id='block_1_50' title="bbox 192 4766 1737 4849">
    <p class='ocr_par' dir='ltr' id='par_1_50' title="bbox 192 4766 1737 4849">
     <span class='ocr_line' id='line_1_52' title="bbox 192 4766 1737 4849; baseline -0.008 -19"><span class='ocrx_word' id='word_1_308' title='bbox 192 4779 409 4849; x_wconf 79' lang='grc' dir='ltr'>σάμενος</span> <span class='ocrx_word' id='word_1_309' title='bbox 445 4775 674 4846; x_wconf 77' lang='grc' dir='ltr'>αἵρεσιν,</span> <span class='ocrx_word' id='word_1_310' title='bbox 718 4770 947 4841; x_wconf 81' lang='grc' dir='ltr'>ἐξώσθη.</span> <span class='ocrx_word' id='word_1_311' title='bbox 995 4768 1320 4838; x_wconf 80' lang='grc' dir='ltr'><strong>Ἀντιοχείας</strong></span> <span class='ocrx_word' id='word_1_312' title='bbox 1357 4766 1737 4830; x_wconf 79' lang='grc' dir='ltr'><strong>ἑκκαιδέκατος</strong></span> 
     </span>
    </p>
   </div>
   <div class='ocr_carea' id='block_1_51' title="bbox 191 4860 1376 4938">
    <p class='ocr_par' dir='ltr' id='par_1_51' title="bbox 191 4860 1376 4938">
     <span class='ocr_line' id='line_1_53' title="bbox 191 4860 1376 4938; baseline -0.008 -14"><span class='ocrx_word' id='word_1_313' title='bbox 191 4873 469 4932; x_wconf 75' lang='grc' dir='ltr'><strong>ἐπίσκοπος</strong></span> <span class='ocrx_word' id='word_1_314' title='bbox 497 4867 770 4938; x_wconf 82' lang='grc' dir='ltr'>Δομνϊνος.</span> <span class='ocrx_word' id='word_1_315' title='bbox 797 4863 957 4934; x_wconf 82' lang='lat' dir='ltr'><strong>Sync.</strong></span> <span class='ocrx_word' id='word_1_316' title='bbox 985 4878 1038 4932; x_wconf 86' lang='lat' dir='ltr'><strong>p.</strong></span> <span class='ocrx_word' id='word_1_317' title='bbox 1071 4861 1196 4923; x_wconf 76' lang='lat'><strong>581,</strong></span> <span class='ocrx_word' id='word_1_318' title='bbox 1223 4861 1285 4924; x_wconf 73' lang='grc' dir='ltr'>Α,</span> <span class='ocrx_word' id='word_1_319' title='bbox 1316 4860 1376 4915; x_wconf 87' lang='grc' dir='ltr'><strong>Β.</strong></span> 
     </span>
    </p>
   </div>
   <div class='ocr_carea' id='block_1_52' title="bbox 251 4950 1731 5026">
    <p class='ocr_par' dir='ltr' id='par_1_52' title="bbox 251 4950 1731 5026">
     <span class='ocr_line' id='line_1_54' title="bbox 251 4950 1731 5026; baseline -0.005 -11"><span class='ocrx_word' id='word_1_320' title='bbox 251 4963 277 5015; x_wconf 84' lang='lat' dir='ltr'><strong><em>b</em></strong></span> <span class='ocrx_word' id='word_1_321' title='bbox 314 4959 570 5022; x_wconf 85' lang='grc' dir='ltr'>Γαλιανὺς</span> <span class='ocrx_word' id='word_1_322' title='bbox 630 4955 844 5026; x_wconf 84' lang='grc' dir='ltr'>ἐσφάγη</span> <span class='ocrx_word' id='word_1_323' title='bbox 901 4956 957 5007; x_wconf 90' lang='grc' dir='ltr'><strong>ἐν</strong></span> <span class='ocrx_word' id='word_1_324' title='bbox 1013 4952 1342 5023; x_wconf 81' lang='grc' dir='ltr'><strong>Μεδιολάνῳ.</strong></span> <span class='ocrx_word' id='word_1_325' title='bbox 1408 4950 1632 5020; x_wconf 79' lang='lat' dir='ltr'><strong>Niteph.</strong></span> <span class='ocrx_word' id='word_1_326' title='bbox 1677 4966 1731 5019; x_wconf 80' lang='grc' dir='ltr'>ρ.</span> 
     </span>
    </p>
   </div>
   <div class='ocr_carea' id='block_1_53' title="bbox 189 5049 395 5118">
    <p class='ocr_par' dir='ltr' id='par_1_53' title="bbox 189 5049 395 5118">
     <span class='ocr_line' id='line_1_55' title="bbox 189 5049 395 5118; baseline -0.005 -13"><span class='ocrx_word' id='word_1_327' title='bbox 189 5052 300 5118; x_wconf 73' lang='lat' dir='ltr'><strong>tot,</strong></span> <span class='ocrx_word' id='word_1_328' title='bbox 333 5049 395 5105; x_wconf 84' lang='lat' dir='ltr'><strong>c.</strong></span> 
     </span>
    </p>
   </div>
   <div class='ocr_carea' id='block_1_54' title="bbox 251 5134 1732 5213">
    <p class='ocr_par' dir='ltr' id='par_1_54' title="bbox 251 5134 1732 5213">
     <span class='ocr_line' id='line_1_56' title="bbox 251 5134 1732 5213; baseline -0.011 -16"><span class='ocrx_word' id='word_1_329' title='bbox 251 5160 292 5198; x_wconf 91' lang='lat' dir='ltr'><strong>c.</strong></span> <span class='ocrx_word' id='word_1_330' title='bbox 341 5141 560 5213; x_wconf 83' lang='grc' dir='ltr'><strong>Ῥώμης</strong></span> <span class='ocrx_word' id='word_1_331' title='bbox 601 5144 686 5210; x_wconf 84' lang='grc' dir='ltr'>κη’</span> <span class='ocrx_word' id='word_1_332' title='bbox 728 5137 1039 5192; x_wconf 76' lang='grc' dir='ltr'>ἐϐασίλευσε</span> <span class='ocrx_word' id='word_1_333' title='bbox 1063 5135 1326 5199; x_wconf 84' lang='grc' dir='ltr'><strong>Κλαύδιος</strong></span> <span class='ocrx_word' id='word_1_334' title='bbox 1351 5135 1469 5199; x_wconf 72' lang='grc' dir='ltr'>ἔτος</span> <span class='ocrx_word' id='word_1_335' title='bbox 1513 5134 1589 5200; x_wconf 78' lang='grc' dir='ltr'><strong>ἓν,</strong></span> <span class='ocrx_word' id='word_1_336' title='bbox 1624 5135 1732 5207; x_wconf 75' lang='grc' dir='ltr'><strong>μῆ-</strong></span> 
     </span>
    </p>
   </div>
   <div class='ocr_carea' id='block_1_55' title="bbox 191 5225 1555 5304">
    <p class='ocr_par' dir='ltr' id='par_1_55' title="bbox 191 5225 1555 5304">
     <span class='ocr_line' id='line_1_57' title="bbox 191 5225 1555 5304; baseline -0.007 -16"><span class='ocrx_word' id='word_1_337' title='bbox 191 5253 274 5298; x_wconf 76' lang='grc' dir='ltr'><strong>νας</strong></span> <span class='ocrx_word' id='word_1_338' title='bbox 297 5233 363 5287; x_wconf 81' lang='lat'><strong>0&#39;.</strong></span> <span class='ocrx_word' id='word_1_339' title='bbox 400 5233 557 5304; x_wconf 87' lang='lat' dir='ltr'><strong>Sync.</strong></span> <span class='ocrx_word' id='word_1_340' title='bbox 583 5247 636 5302; x_wconf 78' lang='grc' dir='ltr'>ρ.</span> <span class='ocrx_word' id='word_1_341' title='bbox 665 5229 788 5296; x_wconf 88' lang='grc'>584,</span> <span class='ocrx_word' id='word_1_342' title='bbox 814 5229 878 5292; x_wconf 88' lang='grc' dir='ltr'><strong>Β,</strong></span> <span class='ocrx_word' id='word_1_343' title='bbox 911 5238 962 5283; x_wconf 86' lang='lat' dir='ltr'><strong>et</strong></span> <span class='ocrx_word' id='word_1_344' title='bbox 991 5227 1210 5298; x_wconf 79' lang='lat' dir='ltr'><strong>Niceph.</strong></span> <span class='ocrx_word' id='word_1_345' title='bbox 1249 5242 1301 5296; x_wconf 88' lang='lat' dir='ltr'><strong>p.</strong></span> <span class='ocrx_word' id='word_1_346' title='bbox 1340 5226 1466 5290; x_wconf 80' lang='grc'>401,</span> <span class='ocrx_word' id='word_1_347' title='bbox 1492 5225 1555 5281; x_wconf 84' lang='lat' dir='ltr'><strong>C.</strong></span> 
     </span>
    </p>
   </div>
   <div class='ocr_carea' id='block_1_56' title="bbox 249 5317 1731 5393">
    <p class='ocr_par' dir='ltr' id='par_1_56' title="bbox 249 5317 1731 5393">
     <span class='ocr_line' id='line_1_58' title="bbox 249 5317 1731 5393; baseline -0.004 -15"><span class='ocrx_word' id='word_1_348' title='bbox 249 5325 283 5378; x_wconf 79' lang='grc' dir='ltr'><strong>ά</strong></span> <span class='ocrx_word' id='word_1_349' title='bbox 317 5323 580 5387; x_wconf 80' lang='grc' dir='ltr'>Κλαύδιος</span> <span class='ocrx_word' id='word_1_350' title='bbox 617 5321 842 5393; x_wconf 80' lang='grc' dir='ltr'>τελευτᾷ</span> <span class='ocrx_word' id='word_1_351' title='bbox 885 5321 976 5374; x_wconf 83' lang='grc' dir='ltr'>τὸν</span> <span class='ocrx_word' id='word_1_352' title='bbox 1027 5319 1158 5390; x_wconf 73' lang='grc' dir='ltr'>βίονο</span> <span class='ocrx_word' id='word_1_353' title='bbox 1198 5317 1316 5390; x_wconf 86' lang='grc' dir='ltr'>μεθ’</span> <span class='ocrx_word' id='word_1_354' title='bbox 1360 5318 1419 5371; x_wconf 87' lang='grc' dir='ltr'><strong>δν</strong></span> <span class='ocrx_word' id='word_1_355' title='bbox 1456 5319 1731 5384; x_wconf 84' lang='grc' dir='ltr'>Κεντίλιος</span> 
     </span>
    </p>
   </div>
   <div class='ocr_carea' id='block_1_57' title="bbox 192 5411 1726 5490">
    <p class='ocr_par' dir='ltr' id='par_1_57' title="bbox 192 5411 1726 5490">
     <span class='ocr_line' id='line_1_59' title="bbox 192 5411 1726 5490; baseline -0.003 -16"><span class='ocrx_word' id='word_1_356' title='bbox 192 5419 437 5490; x_wconf 77' lang='grc' dir='ltr'><strong>κατέσχεν</strong></span> <span class='ocrx_word' id='word_1_357' title='bbox 481 5417 608 5482; x_wconf 78' lang='grc' dir='ltr'>ὅλας</span> <span class='ocrx_word' id='word_1_358' title='bbox 651 5413 863 5489; x_wconf 79' lang='grc' dir='ltr'>ἡμέρας</span> <span class='ocrx_word' id='word_1_359' title='bbox 913 5411 998 5479; x_wconf 70' lang='grc' dir='ltr'><strong>ιζ’,</strong></span> <span class='ocrx_word' id='word_1_360' title='bbox 1044 5412 1136 5466; x_wconf 73' lang='grc' dir='ltr'>καὶ</span> <span class='ocrx_word' id='word_1_361' title='bbox 1178 5411 1430 5467; x_wconf 84' lang='grc' dir='ltr'>ἀπέθανε.</span> <span class='ocrx_word' id='word_1_362' title='bbox 1480 5411 1640 5482; x_wconf 83' lang='lat' dir='ltr'><strong>Sync.</strong></span> <span class='ocrx_word' id='word_1_363' title='bbox 1673 5430 1726 5484; x_wconf 85' lang='lat' dir='ltr'><strong>p.</strong></span> 
     </span>
    </p>
   </div>
   <div class='ocr_carea' id='block_1_58' title="bbox 191 5509 390 5577">
    <p class='ocr_par' dir='ltr' id='par_1_58' title="bbox 191 5509 390 5577">
     <span class='ocr_line' id='line_1_60' title="bbox 191 5509 390 5577; baseline 0.01 -12"><span class='ocrx_word' id='word_1_364' title='bbox 191 5511 299 5577; x_wconf 80' lang='grc'>584,</span> <span class='ocrx_word' id='word_1_365' title='bbox 329 5509 390 5568; x_wconf 86' lang='lat' dir='ltr'><strong>C.</strong></span> 
     </span>
    </p>
   </div>
   <div class='ocr_carea' id='block_1_59' title="bbox 248 5594 1732 5672">
    <p class='ocr_par' dir='ltr' id='par_1_59' title="bbox 248 5594 1732 5672">
     <span class='ocr_line' id='line_1_61' title="bbox 248 5594 1732 5672; baseline -0.002 -19"><span class='ocrx_word' id='word_1_366' title='bbox 248 5618 274 5655; x_wconf 76' lang='grc' dir='ltr'><strong>ε</strong></span> <span class='ocrx_word' id='word_1_367' title='bbox 317 5602 533 5672; x_wconf 85' lang='grc' dir='ltr'><strong>Ῥώμης</strong></span> <span class='ocrx_word' id='word_1_368' title='bbox 558 5599 639 5654; x_wconf 80' lang='grc' dir='ltr'><strong>κθ¹</strong></span> <span class='ocrx_word' id='word_1_369' title='bbox 663 5596 1002 5652; x_wconf 59' lang='grc' dir='ltr'>ωασίλευσεν</span> <span class='ocrx_word' id='word_1_370' title='bbox 1035 5596 1364 5668; x_wconf 80' lang='grc' dir='ltr'>Δΰρηλιανδς</span> <span class='ocrx_word' id='word_1_371' title='bbox 1395 5595 1494 5669; x_wconf 75' lang='grc' dir='ltr'><strong>ἐτη</strong></span> <span class='ocrx_word' id='word_1_372' title='bbox 1525 5594 1586 5662; x_wconf 79' lang='grc' dir='ltr'><strong>ε’,</strong></span> <span class='ocrx_word' id='word_1_373' title='bbox 1628 5597 1732 5670; x_wconf 80' lang='grc' dir='ltr'><strong>μῆ-</strong></span> 
     </span>
    </p>
   </div>
   <div class='ocr_carea' id='block_1_60' title="bbox 193 5689 1600 5764">
    <p class='ocr_par' dir='ltr' id='par_1_60' title="bbox 193 5689 1600 5764">
     <span class='ocr_line' id='line_1_62' title="bbox 193 5689 1600 5764; baseline 0.001 -18"><span class='ocrx_word' id='word_1_374' title='bbox 193 5711 276 5757; x_wconf 88' lang='grc' dir='ltr'><strong>νας</strong></span> <span class='ocrx_word' id='word_1_375' title='bbox 301 5692 370 5759; x_wconf 87' lang='grc' dir='ltr'><strong>ς’.</strong></span> <span class='ocrx_word' id='word_1_376' title='bbox 403 5693 562 5764; x_wconf 86' lang='lat' dir='ltr'><strong>Sync.</strong></span> <span class='ocrx_word' id='word_1_377' title='bbox 589 5708 641 5762; x_wconf 87' lang='lat' dir='ltr'><strong>p.</strong></span> <span class='ocrx_word' id='word_1_378' title='bbox 675 5692 802 5757; x_wconf 83' lang='lat'><strong>585,</strong></span> <span class='ocrx_word' id='word_1_379' title='bbox 829 5691 891 5755; x_wconf 87' lang='lat' dir='ltr'><strong>C,</strong></span> <span class='ocrx_word' id='word_1_380' title='bbox 921 5701 970 5745; x_wconf 85' lang='lat' dir='ltr'><strong>et</strong></span> <span class='ocrx_word' id='word_1_381' title='bbox 997 5689 1215 5760; x_wconf 78' lang='lat' dir='ltr'><strong>Niceph.</strong></span> <span class='ocrx_word' id='word_1_382' title='bbox 1250 5690 1353 5745; x_wconf 85' lang='lat' dir='ltr'><strong>loc.</strong></span> <span class='ocrx_word' id='word_1_383' title='bbox 1381 5690 1600 5759; x_wconf 73' lang='lat' dir='ltr'><strong>prwdic.</strong></span> 
     </span>
    </p>
   </div>
   <div class='ocr_carea' id='block_1_61' title="bbox 254 5779 1729 5857">
    <p class='ocr_par' dir='ltr' id='par_1_61' title="bbox 254 5779 1729 5857">
     <span class='ocr_line' id='line_1_63' title="bbox 254 5779 1729 5857; baseline -0.001 -19"><span class='ocrx_word' id='word_1_384' title='bbox 254 5784 279 5852; x_wconf 81' lang='grc' dir='ltr'><strong><em>Ῑ</em></strong></span> <span class='ocrx_word' id='word_1_385' title='bbox 305 5781 634 5857; x_wconf 78' lang='grc' dir='ltr'>Δὺρηλιανδς</span> <span class='ocrx_word' id='word_1_386' title='bbox 681 5782 806 5846; x_wconf 79' lang='grc' dir='ltr'>τοὺς</span> <span class='ocrx_word' id='word_1_387' title='bbox 847 5780 1236 5852; x_wconf 76' lang='grc' dir='ltr'>Παλμυρηνοὺς</span> <span class='ocrx_word' id='word_1_388' title='bbox 1274 5779 1602 5851; x_wconf 76' lang='grc' dir='ltr'>ἐχειρώσατο</span> <span class='ocrx_word' id='word_1_389' title='bbox 1635 5780 1729 5836; x_wconf 79' lang='grc' dir='ltr'>καὶ</span> 
     </span>
    </p>
   </div>
   <div class='ocr_carea' id='block_1_62' title="bbox 500 5890 534 5914">
    <p class='ocr_par' dir='ltr' id='par_1_62' title="bbox 500 5890 534 5914">
     <span class='ocr_line' id='line_1_64' title="bbox 500 5890 534 5914; baseline 0 -3"><span class='ocrx_word' id='word_1_390' title='bbox 500 5890 534 5914; x_wconf 56' lang='grc' dir='ltr'>οι</span> 
     </span>
    </p>
   </div>
   <div class='ocr_carea' id='block_1_63' title="bbox 1840 4675 3402 4756">
    <p class='ocr_par' dir='ltr' id='par_1_63' title="bbox 1840 4675 3402 4756">
     <span class='ocr_line' id='line_1_65' title="bbox 1840 4675 3402 4756; baseline 0.008 -28"><span class='ocrx_word' id='word_1_391' title='bbox 1840 4675 2068 4732; x_wconf 86' lang='grc' dir='ltr'>Γαλλίαν</span> <span class='ocrx_word' id='word_1_392' title='bbox 2092 4677 2378 4743; x_wconf 80' lang='grc' dir='ltr'>ὑπέταξεν.</span> <span class='ocrx_word' id='word_1_393' title='bbox 2414 4677 2574 4750; x_wconf 81' lang='lat' dir='ltr'><strong>Sync.</strong></span> <span class='ocrx_word' id='word_1_394' title='bbox 2602 4695 2654 4749; x_wconf 88' lang='lat' dir='ltr'><strong>p.</strong></span> <span class='ocrx_word' id='word_1_395' title='bbox 2680 4682 2806 4747; x_wconf 87' lang='grc'>584,</span> <span class='ocrx_word' id='word_1_396' title='bbox 2842 4681 2907 4738; x_wconf 88' lang='lat' dir='ltr'><strong>D.</strong></span> <span class='ocrx_word' id='word_1_397' title='bbox 2956 4685 3043 4738; x_wconf 85' lang='grc' dir='ltr'><strong>Ἐν</strong></span> <span class='ocrx_word' id='word_1_398' title='bbox 3074 4686 3276 4756; x_wconf 88' lang='grc' dir='ltr'>Ἴμμας</span> <span class='ocrx_word' id='word_1_399' title='bbox 3305 4703 3402 4740; x_wconf 87' lang='grc' dir='ltr'>κα-</span> 
     </span>
    </p>
   </div>
   <div class='ocr_carea' id='block_1_64' title="bbox 1839 4766 3401 4850">
    <p class='ocr_par' dir='ltr' id='par_1_64' title="bbox 1839 4766 3401 4850">
     <span class='ocr_line' id='line_1_66' title="bbox 1839 4766 3401 4850; baseline 0.009 -31"><span class='ocrx_word' id='word_1_400' title='bbox 1839 4766 2084 4840; x_wconf 85' lang='grc' dir='ltr'>λουμένῳ</span> <span class='ocrx_word' id='word_1_401' title='bbox 2131 4771 2314 4842; x_wconf 83' lang='grc' dir='ltr'>χωρίῳ</span> <span class='ocrx_word' id='word_1_402' title='bbox 2357 4773 2482 4834; x_wconf 85' lang='grc' dir='ltr'>τοὺς</span> <span class='ocrx_word' id='word_1_403' title='bbox 2524 4773 2622 4843; x_wconf 82' lang='grc' dir='ltr'>μὲν</span> <span class='ocrx_word' id='word_1_404' title='bbox 2673 4774 3067 4848; x_wconf 84' lang='grc' dir='ltr'>Παλμυρηνοὺς</span> <span class='ocrx_word' id='word_1_405' title='bbox 3111 4777 3401 4850; x_wconf 83' lang='grc' dir='ltr'>διέφθειρε,</span> 
     </span>
    </p>
   </div>
   <div class='ocr_carea' id='block_1_65' title="bbox 1838 4861 3405 4941">
    <p class='ocr_par' dir='ltr' id='par_1_65' title="bbox 1838 4861 3405 4941">
     <span class='ocr_line' id='line_1_67' title="bbox 1838 4861 3405 4941; baseline 0.007 -29"><span class='ocrx_word' id='word_1_406' title='bbox 1838 4861 2098 4932; x_wconf 79' lang='grc' dir='ltr'>Ζηνοϐίαν</span> <span class='ocrx_word' id='word_1_407' title='bbox 2142 4863 2200 4915; x_wconf 78' lang='grc' dir='ltr'>δὲ</span> <span class='ocrx_word' id='word_1_408' title='bbox 2243 4865 2643 4935; x_wconf 81' lang='grc' dir='ltr'>χειρωσάμενος</span> <span class='ocrx_word' id='word_1_409' title='bbox 2689 4868 2772 4929; x_wconf 88' lang='grc' dir='ltr'><strong>εἰς</strong></span> <span class='ocrx_word' id='word_1_410' title='bbox 2812 4867 3028 4941; x_wconf 83' lang='grc' dir='ltr'>Ῥώμην</span> <span class='ocrx_word' id='word_1_411' title='bbox 3074 4869 3270 4940; x_wconf 72' lang='grc' dir='ltr'>ἤγαγε,</span> <span class='ocrx_word' id='word_1_412' title='bbox 3308 4869 3405 4924; x_wconf 76' lang='grc' dir='ltr'><strong>καὶ</strong></span> 
     </span>
    </p>
   </div>
   <div class='ocr_carea' id='block_1_66' title="bbox 1839 4948 3405 5034">
    <p class='ocr_par' dir='ltr' id='par_1_66' title="bbox 1839 4948 3405 5034">
     <span class='ocr_line' id='line_1_68' title="bbox 1839 4948 3405 5034; baseline 0.007 -29"><span class='ocrx_word' id='word_1_413' title='bbox 1839 4948 2215 5026; x_wconf 72' lang='grc' dir='ltr'>φιλανθρωπίᾳ</span> <span class='ocrx_word' id='word_1_414' title='bbox 2267 4957 2610 5034; x_wconf 81' lang='grc' dir='ltr'>χρησάμενος</span> <span class='ocrx_word' id='word_1_415' title='bbox 2662 4959 2828 5032; x_wconf 83' lang='grc' dir='ltr'>πολλῇ</span> <span class='ocrx_word' id='word_1_416' title='bbox 2885 4963 3142 5017; x_wconf 81' lang='grc' dir='ltr'>συνάπτει</span> <span class='ocrx_word' id='word_1_417' title='bbox 3199 4963 3405 5034; x_wconf 82' lang='grc' dir='ltr'>ταύτην</span> 
     </span>
    </p>
   </div>
   <div class='ocr_carea' id='block_1_67' title="bbox 1839 5041 3011 5119">
    <p class='ocr_par' dir='ltr' id='par_1_67' title="bbox 1839 5041 3011 5119">
     <span class='ocr_line' id='line_1_69' title="bbox 1839 5041 3011 5119; baseline 0.007 -24"><span class='ocrx_word' id='word_1_418' title='bbox 1839 5041 2061 5109; x_wconf 80' lang='grc' dir='ltr'>ἐνδόξως</span> <span class='ocrx_word' id='word_1_419' title='bbox 2091 5044 2245 5116; x_wconf 82' lang='grc' dir='ltr'>ἀνδρὶ</span> <span class='ocrx_word' id='word_1_420' title='bbox 2269 5045 2377 5099; x_wconf 84' lang='grc' dir='ltr'>τῶν</span> <span class='ocrx_word' id='word_1_421' title='bbox 2403 5048 2460 5100; x_wconf 88' lang='grc' dir='ltr'><strong>ἐν</strong></span> <span class='ocrx_word' id='word_1_422' title='bbox 2477 5049 2758 5119; x_wconf 87' lang='grc' dir='ltr'>γερουσίᾳ.</span> <span class='ocrx_word' id='word_1_423' title='bbox 2785 5049 3011 5103; x_wconf 81' lang='lat' dir='ltr'><strong>Ibidem.</strong></span> 
     </span>
    </p>
   </div>
   <div class='ocr_carea' id='block_1_68' title="bbox 1907 5136 3400 5215">
    <p class='ocr_par' dir='ltr' id='par_1_68' title="bbox 1907 5136 3400 5215">
     <span class='ocr_line' id='line_1_70' title="bbox 1907 5136 3400 5215; baseline 0.007 -28"><span class='ocrx_word' id='word_1_424' title='bbox 1907 5151 1938 5204; x_wconf 87' lang='lat' dir='ltr'><strong><em>g</em></strong></span> <span class='ocrx_word' id='word_1_425' title='bbox 1975 5136 2307 5209; x_wconf 83' lang='grc' dir='ltr'>Αὐρηλιανὸς</span> <span class='ocrx_word' id='word_1_426' title='bbox 2353 5138 2505 5209; x_wconf 81' lang='grc' dir='ltr'>ἡλίου</span> <span class='ocrx_word' id='word_1_427' title='bbox 2547 5139 2673 5193; x_wconf 73' lang='grc' dir='ltr'>ναὸν</span> <span class='ocrx_word' id='word_1_428' title='bbox 2701 5142 2758 5194; x_wconf 88' lang='grc' dir='ltr'><strong>ἐν</strong></span> <span class='ocrx_word' id='word_1_429' title='bbox 2793 5141 2980 5215; x_wconf 82' lang='grc' dir='ltr'><strong>Ῥώμῃ</strong></span> <span class='ocrx_word' id='word_1_430' title='bbox 3009 5139 3400 5201; x_wconf 79' lang='grc' dir='ltr'>κατεσκεύασε.</span> 
     </span>
    </p>
   </div>
   <div class='ocr_carea' id='block_1_69' title="bbox 1837 5223 2348 5296">
    <p class='ocr_par' dir='ltr' id='par_1_69' title="bbox 1837 5223 2348 5296">
     <span class='ocr_line' id='line_1_71' title="bbox 1837 5223 2348 5296; baseline 0.006 -17"><span class='ocrx_word' id='word_1_431' title='bbox 1837 5223 2008 5291; x_wconf 80' lang='lat' dir='ltr'><strong>Idem,</strong></span> <span class='ocrx_word' id='word_1_432' title='bbox 2037 5243 2090 5296; x_wconf 86' lang='lat' dir='ltr'><strong>p.</strong></span> <span class='ocrx_word' id='word_1_433' title='bbox 2128 5228 2252 5291; x_wconf 84' lang='lat'><strong>585,</strong></span> <span class='ocrx_word' id='word_1_434' title='bbox 2281 5229 2348 5282; x_wconf 82' lang='grc' dir='ltr'><strong>Α.</strong></span> 
     </span>
    </p>
   </div>
   <div class='ocr_carea' id='block_1_70' title="bbox 1904 5318 3400 5396">
    <p class='ocr_par' dir='ltr' id='par_1_70' title="bbox 1904 5318 3400 5396">
     <span class='ocr_line' id='line_1_72' title="bbox 1904 5318 3400 5396; baseline 0.006 -26"><span class='ocrx_word' id='word_1_435' title='bbox 1904 5318 1939 5370; x_wconf 79' lang='lat' dir='ltr'><strong>It</strong></span> <span class='ocrx_word' id='word_1_436' title='bbox 1985 5319 2270 5390; x_wconf 88' lang='grc' dir='ltr'>Ῥωμαίων</span> <span class='ocrx_word' id='word_1_437' title='bbox 2327 5321 2623 5385; x_wconf 78' lang='grc' dir='ltr'>ἐπίσκοπος</span> <span class='ocrx_word' id='word_1_438' title='bbox 2683 5322 2850 5394; x_wconf 78' lang='grc' dir='ltr'>Φῆλιξ</span> <span class='ocrx_word' id='word_1_439' title='bbox 2899 5322 2992 5396; x_wconf 77' lang='grc' dir='ltr'>ἔτη</span> <span class='ocrx_word' id='word_1_440' title='bbox 3041 5329 3104 5378; x_wconf 85' lang='grc' dir='ltr'><strong>ε’.</strong></span> <span class='ocrx_word' id='word_1_441' title='bbox 3147 5323 3320 5392; x_wconf 84' lang='lat' dir='ltr'><strong>Idem,</strong></span> <span class='ocrx_word' id='word_1_442' title='bbox 3343 5337 3400 5396; x_wconf 81' lang='grc' dir='ltr'>ρ.</span> 
     </span>
    </p>
   </div>
   <div class='ocr_carea' id='block_1_71' title="bbox 1835 5410 2056 5477">
    <p class='ocr_par' dir='ltr' id='par_1_71' title="bbox 1835 5410 2056 5477">
     <span class='ocr_line' id='line_1_73' title="bbox 1835 5410 2056 5477; baseline 0.005 -11"><span class='ocrx_word' id='word_1_443' title='bbox 1835 5410 1961 5477; x_wconf 86' lang='grc'>586,</span> <span class='ocrx_word' id='word_1_444' title='bbox 1987 5411 2056 5468; x_wconf 87' lang='grc' dir='ltr'><strong>Β.</strong></span> 
     </span>
    </p>
   </div>
   <div class='ocr_carea' id='block_1_72' title="bbox 1907 5504 3400 5580">
    <p class='ocr_par' dir='ltr' id='par_1_72' title="bbox 1907 5504 3400 5580">
     <span class='ocr_line' id='line_1_74' title="bbox 1907 5504 3400 5580; baseline 0.003 -22"><span class='ocrx_word' id='word_1_445' title='bbox 1907 5507 1926 5558; x_wconf 76' lang='grc' dir='ltr'>ξ</span> <span class='ocrx_word' id='word_1_446' title='bbox 1961 5504 2051 5576; x_wconf 83' lang='grc' dir='ltr'><strong>Τῷ</strong></span> <span class='ocrx_word' id='word_1_447' title='bbox 2081 5512 2134 5570; x_wconf 84' lang='grc' dir='ltr'>ς’</span> <span class='ocrx_word' id='word_1_448' title='bbox 2171 5504 2333 5558; x_wconf 81' lang='grc' dir='ltr'>αὐτοῦ</span> <span class='ocrx_word' id='word_1_449' title='bbox 2369 5504 2480 5559; x_wconf 78' lang='grc' dir='ltr'>ἔτει</span> <span class='ocrx_word' id='word_1_450' title='bbox 2524 5507 2861 5577; x_wconf 80' lang='grc' dir='ltr'>Αὑρηλιανὸς</span> <span class='ocrx_word' id='word_1_451' title='bbox 2912 5507 3119 5578; x_wconf 79' lang='grc' dir='ltr'>μέλλων</span> <span class='ocrx_word' id='word_1_452' title='bbox 3163 5507 3400 5580; x_wconf 79' lang='grc' dir='ltr'>διωγμὸν</span> 
     </span>
    </p>
   </div>
   <div class='ocr_carea' id='block_1_73' title="bbox 1835 5599 3397 5673">
    <p class='ocr_par' dir='ltr' id='par_1_73' title="bbox 1835 5599 3397 5673">
     <span class='ocr_line' id='line_1_75' title="bbox 1835 5599 3397 5673; baseline 0.003 -21"><span class='ocrx_word' id='word_1_453' title='bbox 1835 5601 2005 5653; x_wconf 89' lang='grc' dir='ltr'>κινεῖν</span> <span class='ocrx_word' id='word_1_454' title='bbox 2041 5599 2182 5653; x_wconf 78' lang='grc' dir='ltr'>κατὰ</span> <span class='ocrx_word' id='word_1_455' title='bbox 2220 5599 2560 5670; x_wconf 83' lang='grc' dir='ltr'>Χριστιανῶν</span> <span class='ocrx_word' id='word_1_456' title='bbox 2587 5600 2713 5673; x_wconf 83' lang='grc' dir='ltr'>θείῳ</span> <span class='ocrx_word' id='word_1_457' title='bbox 2741 5601 2990 5673; x_wconf 85' lang='grc' dir='ltr'>κεραυνῷ</span> <span class='ocrx_word' id='word_1_458' title='bbox 3021 5601 3397 5656; x_wconf 86' lang='grc' dir='ltr'>διακωλύεται·</span> 
     </span>
    </p>
   </div>
   <div class='ocr_carea' id='block_1_74' title="bbox 1838 5690 3394 5764">
    <p class='ocr_par' dir='ltr' id='par_1_74' title="bbox 1838 5690 3394 5764">
     <span class='ocr_line' id='line_1_76' title="bbox 1838 5690 3394 5764; baseline 0.003 -22"><span class='ocrx_word' id='word_1_459' title='bbox 1838 5690 2110 5761; x_wconf 65' lang='grc' dir='ltr'>συπευῆς</span> <span class='ocrx_word' id='word_1_460' title='bbox 2139 5690 2195 5744; x_wconf 85' lang='grc' dir='ltr'>δὲ</span> <span class='ocrx_word' id='word_1_461' title='bbox 2226 5691 2526 5763; x_wconf 79' lang='grc' dir='ltr'>γενομένης</span> <span class='ocrx_word' id='word_1_462' title='bbox 2553 5693 2681 5764; x_wconf 79' lang='grc' dir='ltr'>περὶ</span> <span class='ocrx_word' id='word_1_463' title='bbox 2707 5691 2895 5761; x_wconf 81' lang='grc' dir='ltr'>αὐτοῦ,</span> <span class='ocrx_word' id='word_1_464' title='bbox 2919 5695 2984 5746; x_wconf 84' lang='grc' dir='ltr'><strong>ἐκ</strong></span> <span class='ocrx_word' id='word_1_465' title='bbox 3014 5693 3123 5747; x_wconf 76' lang='grc' dir='ltr'><strong>τῶν</strong></span> <span class='ocrx_word' id='word_1_466' title='bbox 3155 5694 3275 5746; x_wconf 85' lang='grc' dir='ltr'>κατ’</span> <span class='ocrx_word' id='word_1_467' title='bbox 3302 5694 3394 5747; x_wconf 83' lang='grc' dir='ltr'><strong>αὐ·</strong></span> 
     </span>
    </p>
   </div>
   <div class='ocr_carea' id='block_1_75' title="bbox 1834 5780 3393 5858">
    <p class='ocr_par' dir='ltr' id='par_1_75' title="bbox 1834 5780 3393 5858">
     <span class='ocr_line' id='line_1_77' title="bbox 1834 5780 3393 5858; baseline 0.004 -25"><span class='ocrx_word' id='word_1_468' title='bbox 1834 5781 1927 5834; x_wconf 81' lang='grc' dir='ltr'>τὸν</span> <span class='ocrx_word' id='word_1_469' title='bbox 1957 5780 2312 5853; x_wconf 82' lang='grc' dir='ltr'>ἐδολοφονήθη</span> <span class='ocrx_word' id='word_1_470' title='bbox 2344 5784 2402 5838; x_wconf 84' lang='grc' dir='ltr'><strong>ἐν</strong></span> <span class='ocrx_word' id='word_1_471' title='bbox 2432 5782 2602 5854; x_wconf 88' lang='grc' dir='ltr'>καινῷ</span> <span class='ocrx_word' id='word_1_472' title='bbox 2626 5784 2886 5858; x_wconf 83' lang='grc' dir='ltr'>φρουρίῳ.</span> <span class='ocrx_word' id='word_1_473' title='bbox 2908 5783 3078 5853; x_wconf 83' lang='lat' dir='ltr'><strong>Idem,</strong></span> <span class='ocrx_word' id='word_1_474' title='bbox 3104 5783 3301 5856; x_wconf 83' lang='lat' dir='ltr'><strong>p.585,</strong></span> <span class='ocrx_word' id='word_1_475' title='bbox 3332 5780 3393 5840; x_wconf 79' lang='grc' dir='ltr'><strong><em>ϐ.</em></strong></span> 
     </span>
    </p>
   </div>
   <div class='ocr_carea' id='block_1_76' title="bbox 3445 5877 3473 5912">
    <p class='ocr_par' dir='ltr' id='par_1_76' title="bbox 3445 5877 3473 5912">
     <span class='ocr_line' id='line_1_78' title="bbox 3445 5877 3473 5912; baseline 0 0"><span class='ocrx_word' id='word_1_476' title='bbox 3445 5877 3473 5912; x_wconf 82' lang='lat'>\</span> 
     </span>
    </p>
   </div>
  </div>
