3878 6264
174 371 269 428 597
1388 369 1888 427 CHBONICOBUM
1927 370 2056 430 LIB.
2098 373 2161 429 ll.
3291 383 3396 437 598

200 501 3379 527 WW—

171 596 365 643 nrbano
409 586 521 640 ﬁlio
559 585 845 651 derelicto,
889 585 1321 659 Hierosolymam
1362 589 1680 661 navigavit:
1719 588 1809 644 ubi
1832 597 1985 645 tanto
2026 590 2286 645 virtutum
2328 590 2708 663 praecipueque
2756 590 3083 648 humilitatis
3128 592 3396 651 miraculo

169 680 283 745 fuit,
308 689 363 734 ut
389 676 604 735 Theclae
624 693 828 735 nomen
854 680 1153 751 acciperet.
1988 736 1993 737 ,

1394 785 1585 824 OLVIP.
1636 784 1896 827 CHRISTUS
1988 785 2115 826 BOI.

1942 862 2193 921 Valenti-

1963 937 2161 991 nianus

1926 1014 1980 1063 et
2003 1004 2207 1061 Valens

1743 1148 1847 1204 578
2028 1145 2096 1200 10

231 1215 596 1293 Aquileienses
655 1216 880 1284 clerici,
929 1216 1088 1288 quasi
1133 1216 1337 1274 chorus
1743 1217 1846 1273 379
2027 1216 2089 1271 11
2288 1216 2437 1273 Multi
2466 1219 2857 1293 monachorum
2888 1219 3074 1277 Nitriz
3097 1237 3193 1293 per
3220 1222 3392 1279 tribu-

168 1290 433 1343 beatorum
470 1288 764 1343 habentur.
822 1303 913 1379 Β.
956 1301 1329 1382 Μρχχχ,

1259 1301 1329 1382 Κ,
2216 1303 2316 1344 nos
2343 1298 2397 1343 et
2424 1289 2623 1345 milites
2646 1291 2790 1347 caesi.

232 1425 446 1491 Valens.
477 1428 597 1495 lege
632 1427 782 1499 data,
817 1435 876 1482 ut
907 1426 1158 1499 monachi
1190 1427 1335 1481 mili-
2282 1429 2420 1495 Quia
2451 1430 2720 1499 superiori
2766 1446 2911 1486 anno
2955 1430 3218 1487 Sarmata:
3250 1431 3393 1487 Pan-

167 1506 350 1559 tarent.
380 1499 632 1553 nolentes
678 1497 918 1568 fustibus
959 1497 1129 1568 jussit
1159 1498 1339 1553 inter-
2213 1502 2406 1556 nonias
2474 1497 2858 1567 vastaverunt,
2915 1502 3079 1558 iidem
3133 1505 3389 1561 consules

168 1570 245 1623 fici
268 1567 359 1641 [aL
389 1568 643 1623 fluctibus
666 1567 896 1641 necari].
964 1567 971 1568 ⁷
2214 1585 2586 1640 permansere.

230 1658 353 1715 Post
380 1660 635 1715 Auxentii
665 1677 842 1717 seram
875 1668 1128 1725 mortem,
1167 1657 1458 1715 Mediolani
1485 1660 1776 1718 Ambrosio
1805 1662 2066 1735 episcopo
2097 1664 2421 1729 constituto,
2453 1665 2645 1721 omnis
2691 1664 2761 1719 ad
2805 1664 2965 1720 ﬁdem
3002 1674 3205 1721 rectam
3237 1666 3391 1723 Italia

169 1752 504 1807 convertitur.

225 1842 534 1898 Theodulus
568 1839 899 1897 miserabilis
927 1839 1235 1910 presbyter,
1271 1841 1401 1897 dum
1435 1841 1704 1899 adversus
1749 1846 2146 1904 conscientiam
2183 1849 2385 1907 furoris
2442 1851 2529 1907 sui
2571 1850 2843 1906 sacriﬁcia
2873 1849 2982 1906 Deo
3003 1850 3199 1908 offerre
3223 1852 3387 1909 aude-

172 1947 255 2001 ret,
286 1937 339 1992 in
375 1936 571 1993 mediis
608 1936 868 2007 precibus
902 1934 1143 1990 eliditur.

224 2027 653 2095 Valentinianus,
687 2028 866 2084 subita
893 2026 1174 2097 sanguinis
1199 2024 1505 2095 eruptione,
1543 2026 1686 2097 quod
1714 2027 1900 2085 Graece
1928 2031 2195 2100 apoplexis
2210 2043 2453 2099 vocatur,
2477 2033 2773 2108 Brigitioue
2801 2042 3049 2098 moritur.
3074 2041 3202 2100 Post
3227 2060 3387 2114 quem

173 2118 440 2179 Gratianus
485 2129 768 2190 assumpto
802 2119 857 2173 in
902 2118 1188 2189 imperium
1214 2115 1588 2173 Valentiniano
1625 2117 1809 2185 fratre,
1846 2136 1970 2176 cum
1999 2132 2193 2193 patruo
2222 2123 2447 2182 Valente
2476 2137 2686 2201 regnat.

223 2216 589 2284 Apollinarius
636 2213 993 2269 Laodicensis
1027 2212 1326 2283 iactatione
1383 2212 1584 2283 ingenii
1634 2215 1900 2284 quosdam
1952 2232 2167 2273 errores
2210 2220 2565 2289 pertinaciter
2614 2224 2957 2293 asseverans,
2997 2227 3247 2285 haeresim
3303 2228 3388 2282 sui

175 2307 382 2363 nominis
412 2308 729 2371 suscitavit,
770 2321 935 2376 quam
968 2304 1237 2360 Damasus
1268 2304 1457 2359 habito
1490 2304 1673 2360 Romze
1702 2309 1940 2364 concilio
1971 2309 2281 2387 damnavitn

224 2395 560 2452 Theodosius
598 2393 893 2451 Theodosii
942 2401 1131 2465 postea
1163 2393 1510 2464 imperatoris
1527 2402 1698 2464 pater,
1724 2405 1777 2451 et
1810 2398 2031 2469 plurimi
2067 2402 2333 2458 nobilium
2363 2406 2553 2461 occisi.

225 2492 487 2549 Photinus
536 2493 593 2547 in
623 2491 834 2548 Galatia
868 2492 1131 2555 moritur,
1166 2504 1196 2543 a
1239 2505 1349 2560 quo
1381 2489 1833 2545 Photiuianorum
1880 2493 2075 2566 dogma
2115 2494 2402 2555 Iudaicum
2424 2499 2539 2570 (1):
2587 2502 2679 2572 qui
2729 2505 2898 2561 multa
2942 2507 3293 2565 continentia
3336 2521 3389 2566 et

178 2590 343 2662 ingenii
379 2590 525 2644 bona
561 2602 669 2643 uno
699 2586 970 2658 superbia:
1010 2584 1153 2640 utalo
1182 2584 1420 2655 perdidit
1448 2584 1548 2657 [aL
1576 2585 1954 2661 decoloravit].

227 2682 643 2765 Alamannorum
678 2680 912 2765 triginta
932 2676 1355 2765 circiternmillia
1744 2678 1847 2735 580
2028 2681 2096 2737 12
2274 2684 2511 2765 Basilius
2539 2688 2896 2765 Caesariensis
2925 2693 3212 2764 episcopus
3246 2693 3387 2765 Cap—

180 2752 285 2821 spud
325 2751 707 2825 Argentariam
750 2746 1010 2825 oppidum
1055 2746 1353 2801 Galliarum
2200 2756 2443 2825 padociae
2464 2759 2647 2815 clarus
2674 2760 2922 2814 habetur.

180 2820 228 2877 sb
249 2820 488 2878 exercitu
514 2820 765 2875 Gratiani
790 2827 986 2875 strata.

228 2917 563 2974 Florentinus
586 2926 641 2974 et
668 2916 920 2973 Bonosus
970 2914 1069 2989 [aL
1108 2912 1407 2987 Bosonius]
1436 2923 1489 2969 et
1528 2912 1758 2973 Ruﬁnus
1795 2916 2039 2990 insignes
2068 2920 2321 2977 monachi
2364 2922 2674 2982 habentur:
2728 2942 2758 2983 e
2787 2926 2988 2998 quibus
3041 2925 3388 2988 Florentium

182 3023 259 3068 tam
283 3014 606 3070 misericors
635 3013 691 3067 in
726 3020 948 3083 egentes
976 3009 1098 3072 fuit,
1131 3015 1191 3062 ut
1225 3008 1383 3080 vulgo
1412 3016 1567 3079 pater
1599 3026 1901 3081 pauperum
1935 3022 2164 3071 vocatus
2200 3015 2291 3072 sit.

233 3107 507 3178 Superatis
549 3106 603 3159 in
628 3103 1024 3183 congressione
1063 3098 1343 3164 Romanis,
1413 3139 1557 3211 290
1736 3103 1835 3159 581
2020 3104 2088 3160 13

233 3179 297 3211 mhi
336 3177 646 3211 α’...πιηηιιιι-
670 3176 724 3211 in
760 3172 1072 3211 Thr-amentis

185 3172 310 3232 Gothi
336 3177 646 3231 funduntur
670 3176 727 3229 in
748 3172 1075 3228 Thraciam.

231 3267 360 3325 Gens
390 3269 676 3323 Hunorum
715 3265 925 3321 Gothos
969 3270 1187 3318 vastat:
1237 3263 1329 3333 qui
1384 3277 1415 3316 a
1465 3261 1729 3322 Romanis
1774 3267 1893 3325 sine
1933 3284 2213 3326 armorum
2257 3271 2597 3342 depositione
2646 3276 2921 3347 suscepti,
2977 3290 3081 3351 per.
3106 3274 3388 3334 avaritiam

186 3364 369 3423 Maximi
400 3366 559 3422 ducis
589 3364 656 3419 ad
688 3361 1060 3419 rebellandum
1091 3357 1233 3415 fame
1260 3359 1437 3414 coacti
1462 3370 1609 3416 sunt.

1744 3455 1851 3511 383
2030 3458 2096 3513 M
2214 3546 2219 3547 γ
2274 3458 2474 3517 Valens
2495 3463 2569 3547 de
2590 3463 2875 3547 Antiochia
2897 3463 3046 3547 exire
3073 3466 3388 3547 compulsus

2205 3546 2327 3586 sera
2362 3534 2681 3602 poenitentia
2717 3543 2937 3591 nostros
2970 3534 3036 3590 de
3060 3534 3271 3592 exsiliis
3300 3552 3390 3591 re-

2203 3611 2380 3656 vocat.

239 3693 596 3769 Lacrymabile
628 3695 827 3750 bellum
870 3693 928 3747 in
954 3691 1188 3747 Thracia
1215 3710 1228 3747 :
1266 3693 1323 3747 in
1352 3706 1482 3761 quo,
1527 3690 1814 3748 deserente
1842 3692 2090 3763 equitum
2120 3693 2397 3764 praesidio,
2430 3694 2688 3755 Romanae
2720 3695 2959 3766 legiones
2991 3711 3021 3750 a
3053 3694 3245 3754 Gothis
3268 3699 3386 3754 cin-

192 3800 263 3845 rte
291 3809 464 3864 usque
493 3790 561 3846 ad
593 3791 1023 3847 internecionem
1064 3803 1216 3845 caesae
1252 3796 1399 3844 sunt.
1432 3787 1549 3857 Ipse
1578 3788 1875 3859 imperator
1895 3786 2118 3854 Valens,
2143 3804 2267 3844 cum
2301 3791 2510 3862 sagitta,
2536 3792 2756 3852 saucius
2791 3792 3017 3861 fugeret,
3052 3800 3106 3847 et
3133 3792 3205 3846 ob
3235 3791 3390 3847 dolo-

194 3894 274 3935 rem
296 3885 520 3940 nimium
551 3898 692 3954 saepe
714 3897 856 3953 equo
888 3882 1179 3946 laberetur,
1211 3880 1277 3934 ad
1302 3879 1589 3949 cujusdam
1620 3882 1761 3937 villae
1789 3896 1973 3938 casam
2011 3882 2328 3953 deportatus
2352 3894 2465 3944 est.
2484 3885 2604 3952 Quo
2629 3886 3082 3957 persequentibus
3117 3886 3387 3952 barbaris,

195 3986 233 4029 et
251 3977 456 4037 incensa
480 3979 665 4043 domo,
701 3978 980 4049 sepultura
1005 3990 1223 4047 quoque
1252 3978 1449 4031 caruit.

244 4068 307 4123 Ab
328 4069 482 4127 Urbe
506 4070 748 4131 condita.
782 4085 954 4141 usque
992 4069 1059 4124 ad
1102 4076 1406 4125 extremum
1434 4067 1595 4138 hujus
1626 4065 1808 4137 operis
1841 4081 2067 4131 annum,
2096 4066 2233 4126 ﬁunt
2255 4068 2389 4131 anni
2414 4083 2616 4123 ucxxn
2648 4068 2751 4124 hoc
2784 4072 2944 4128 modo
2973 4093 2987 4129 :
3022 4073 3136 4129 Sub
3172 4076 3389 4144 regibus

198 4160 437 4218 anniccu.
462 4181 476 4231 ;
516 4163 619 4219 sub
649 4163 966 4218 consulibus
992 4163 1120 4217 anni
1148 4176 1378 4228 cncxrv;
1405 4160 1506 4215 sub
1536 4160 1796 4230 Augustis
1817 4167 1870 4213 et
1900 4157 2209 4221 Cmsarihus
2232 4159 2359 4213 anni
2401 4174 2640 4215 cnxxvu.

248 4250 564 4327 Colliguntur
593 4272 785 4313 omnes
820 4258 948 4311 anni
980 4272 1155 4327 usque
1190 4258 1244 4311 in
1275 4256 1619 4311 consulatum
1648 4252 1892 4309 Valentis
1925 4256 2127 4317 sexies.
2152 4265 2205 4311 et
2236 4254 2597 4310 Valentiniani
2626 4254 2871 4313 Junioris
2904 4258 3100 4315 iterum
3130 4259 3380 4330 Augusti,

204 4351 387 4417 aquinto
422 4352 639 4405 decimo
663 4351 866 4407 Tiberii
897 4367 1043 4408 anno
1071 4361 1124 4408 et
1146 4352 1534 4422 praedicatione
1563 4349 1776 4404 Domini
1811 4348 1941 4405 Jesu
1966 4349 2176 4406 Christi
2212 4351 2339 4405 anui
2370 4365 2539 4406 δορυ.

254 4445 285 4496 Α
308 4436 534 4502 secundo
555 4463 699 4503 anno
717 4447 863 4503 Darii
888 4449 1033 4519 regis
1053 4448 1361 4513 Persarum,
1378 4462 1486 4517 quo
1502 4455 1745 4515 tempore
1762 4447 2021 4515 templum
2040 4444 2437 4517 Hierosolymis
2461 4447 2819 4501 instauratum
2842 4453 2946 4511 est,
2962 4446 3086 4500 anni
3106 4457 3384 4499 bcccscu.

253 4534 316 4591 Ab
340 4538 638 4610 Olympiade
667 4540 861 4611 prima,
903 4556 1010 4610 qua
1033 4546 1192 4595 aetate
1222 4539 1365 4611 apud
1389 4538 1646 4594 Hebraeos
1672 4538 2245 4609 Isaiasprophetabat,
2274 4538 2401 4594 anni
2435 4553 2616 4593 sicut.

257 4626 289 4678 Α
311 4626 583 4686 Salomone
609 4640 663 4687 et
692 4632 864 4701 prima
890 4631 1251 4687 aediﬁcatione
1279 4630 1488 4700 templi,
1520 4631 1648 4684 anni
1684 4644 1929 4687 uccccxt.

258 4719 605 4795 Acaptivitate
624 4722 822 4792 Trojze,
856 4737 965 4793 quo
995 4728 1243 4792 tempore
1280 4718 1514 4775 Samson
1546 4720 1688 4789 apud
1718 4717 1971 4776 Hebraeos
2000 4731 2137 4786 erat,
2179 4720 2307 4775 anni
2334 4734 2521 4777 sum.

260 4814 294 4864 Α
315 4813 475 4888 Moyse
502 4826 556 4872 et
582 4816 824 4886 CecrOpe
851 4815 1028 4885 primo
1051 4828 1177 4882 rege
1200 4813 1413 4874 Atticae,
1446 4811 1575 4865 anni
1604 4825 1791 4865 unccc:

1240 4813 1413 4874 .tticaa,
1446 4811 1575 4865 anni
1604 4825 1841 4865 uncccxc
1873 4810 1970 4881 [αι.
1994 4826 2319 4878 ιωεοοιειιις
2354 4814 2427 4867 al.
2454 4812 2771 4887 unccccxc].

266 4904 330 4959 Ah
351 4908 612 4964 Abraham
639 4915 694 4963 et
722 4922 886 4978 regno
916 4905 1039 4960 Nini
1072 4914 1127 4960 et
1161 4903 1559 4969 Semiramidis,
1598 4904 1727 4957 anni
1755 4918 2057 4957 lucccxcv.

268 4992 479 5054 Continet
505 4998 684 5052 omnis
713 5011 888 5051 canon
917 4996 986 5050 ab
1015 4994 1289 5049 Abraham
1328 5008 1502 5062 usque
1533 4991 1599 5045 ad
1631 4998 1845 5061 tempus
1875 4993 2307 5063 suprascriptum
2335 5009 2509 5050 annos
2545 5008 2841 5053 “occur.

268 5086 299 5137 Α
323 5088 493 5147 diluvio
526 5106 697 5161 usque
723 5090 790 5144 ad
814 5088 1089 5145 Abraham
1120 5096 1487 5159 supputantur
1516 5089 1645 5142 anni
1670 5103 1912 5144 ncccxcu
1949 5088 2047 5162 [αι.
2073 5089 2394 5162 nccccxul].

272 5179 322 5236 Et
347 5186 401 5241 ab
421 5188 589 5243 Adam
625 5202 798 5257 usque
820 5187 885 5241 ad
912 5186 1197 5251 diluvium,
1224 5186 1351 5239 anni
1381 5199 1656 5241 Iuccxcu.

273 5274 398 5334 Fiunt
427 5285 487 5339 ab
527 5284 803 5338 Abraham
845 5297 1020 5352 usque
1051 5281 1119 5336 ad
1164 5282 1411 5352 quintum
1447 5282 1717 5336 decimum
1760 5280 2003 5337 Valentis
2047 5296 2271 5347 annum,
2310 5280 2366 5335 id
2394 5274 2688 5351 estusque
2728 5292 2849 5352 post
2881 5283 3222 5339 consulatum
3272 5284 3393 5355 ejus

226 5371 374 5441 sexies,
393 5388 437 5433 et
458 5380 824 5436 Valentiniani
855 5379 1052 5432 iterum
1076 5376 1305 5448 Augusti
1324 5418 1339 5443 ,
1372 5391 1563 5431 omnes
1593 5377 1719 5430 anni
1746 5393 1983 5431 vunxxrx
2013 5375 2111 5449 [αι.
2142 5377 2462 5449 vunuxrx].

390 5488 499 5534 BUC
541 5490 744 5542 USQUE
806 5488 1621 5533 ιιιΕδοΝῑΜυειιιιιΕεΒῑτειι
1658 5488 1921 5532 OBDINEI

1669 5488 1947 5532 DBDI‘NEM
1988 5488 2500 5532 PRECEDEN-TIUII
2544 5488 2827 5533 DIGESSI‘I‘
2866 5488 3200 5534 ANK-680M.

281 5592 339 5662 (ί)
363 5597 504 5658 Recte
550 5602 835 5657 Iudaicum
865 5618 964 5673 pro
1014 5602 1305 5656 inductum.
1338 5599 1472 5655 Nam
1515 5600 1883 5671 judaizantem
1932 5600 2237 5659 Photinum,
2276 5602 2649 5657 ecclesiastica
2697 5613 2882 5673 narrat
2921 5603 3169 5658 historia.
3203 5599 3393 5673 Porro

235 5674 474 5731 sequentem
498 5674 562 5729 de
591 5673 806 5726 Photini
841 5671 1411 5743 superbiapericotien
1445 5673 1596 5725 stulti
1640 5674 1848 5742 aliquot
1882 5688 2245 5743 amanuenses
2276 5673 2369 5743 ad_
2386 5673 2689 5741 proximam
2721 5672 2778 5727 S.
2816 5674 3000 5728 Basilii
3037 5671 3213 5743 magni
3248 5676 3391 5743 peri-

235 5744 373 5817 gtlllctn
398 5746 803 5817 transtulerunt;
828 5741 1260 5817 quodumeudum
1294 5758 1400 5817 non
1432 5741 1899 5817 aguovitAinAdn.
1931 5742 2194 5817 Scaliger,
2222 5743 2323 5817 sed,
2342 5741 2641 5817 P_ont_acum
2671 5760 2780 5801 non
2802 5744 2955 5817 fugit,
2979 5741 3196 5800 codices
3225 5741 3390 5801 etiam

237 5793 423 5866 tineam
445 5793 766 5887 angunt;
785 5793 1124 5872 trasenna;
1138 5793 1560 5870 gnatis-gmw
1580 5793 1647 5871 ab
1668 5793 1856 5885 illith
1867 5793 2611 5871 emanant“;nentiam:
