3878 6264
431 377 3638 434 m

1295 537 1736 600 APPENDIX
1769 540 1882 598 AD
1922 538 2269 634 ΕΠΞΕΒμ
2307 539 2804 607 CHRONICON

196 984 205 1008 τ
573 863 1368 1094 uiuus
1535 727 2616 1103 iniussum
2762 873 3516 1106 lNlllNSlS

1495 1209 1500 1214 ’
1596 1227 2479 1367 TEMPORUM
2526 1221 2530 1226 ’

841 1492 1300 1626 USQUE
1374 1493 1560 1606 AD
1640 1494 2726 1612 SUAMASTATEM
2809 1501 3242 1616 RATIO

1465 1728 1492 1761 ι
1525 1728 1675 1763 ιιηιε
1707 1728 2052 1764 ΒΙΞΤΟΒΙΟΟΒῸΜ
2085 1730 2327 1766 δυΙΜΔΤΙΙ
2361 1730 2613 1767 αοιιεετι,

657 1878 813 1921 οευε
851 1859 940 1919 Ἐἰ
989 1877 1284 1921 ηΔιοΑΝιε
1341 1871 1618 1931 QUINQUE
1673 1877 1999 1924 CODICIBUS
2033 1881 2114 1923 ΔΒ
2144 1881 2188 1922 ,11

1897 1879 1999 1924 [ιΠὸ
2033 1881 2114 1923 ΔΒ
2144 1880 2388 1924 JOANNE
2437 1883 2729 1928 ΖοΗιιΑΒο
2789 1882 3079 1927 DOCTOBB
3133 1885 3428 1928 ARMENIO

904 1955 1285 2001 DILIGENTEB
1352 1958 1753 2001 EXSCBIPTUM
1807 1959 2026 2016 ATQUE.
2076 1961 2469 2004 EMENDATUM
2523 1961 2799 2005 JOANNES
2855 1962 3181 2007 ZOHBABUS

1203 2037 1282 2078 ΕΤ
1335 2037 1615 2081 μηαειυε
1688 2037 1890 2081 ΜΑιυεη
1946 2039 2195 2082 PRIMUM
2247 2039 2624 2083 CONJUNCTIS
2683 2041 2864 2085 CURIS

1405 2115 1787 2159 LATINITATE
1844 2118 2152 2162 DONATUM
2210 2118 2522 2171 NOTISQUE
2577 2119 2676 2161 ΙΙ.-

1627 2197 2007 2240 ιυετιιΑτυη
2066 2196 2454 2240 EDIDERUNT.

1563 2344 1874 2405 (Mediolani,
1887 2339 2035 2404 regiis
2063 2343 2208 2405 typis,
2227 2355 2507 2391 unaccxvm.

1263 2652 1420 2740 DE
1481 2601 2023 2738 SAMUELE
2121 2646 2794 2738 PRE-FATIO.

2008 2847 2070 2860 ’.η

487 2955 527 3009 ι.
562 2955 822 3012 Samuelis
849 2957 1196 3011 summarium
1225 2954 1492 3010 commode
1522 2973 1640 3009 cum
1674 2955 1900 3010 Eusebio
1937 2957 2379 3026 conjungitur.—-—
2411 2952 2706 3025 Postquam
2749 2951 3036 3008 Eusebiam’
3067 2952 3312 3009 Chronici
3350 2957 3500 3012 curis
3537 2956 3642 3011 cdt-

424 3047 700 3116 tionisque
743 3048 927 3104 labore
959 3047 1174 3103 tandem
1205 3047 1498 3117 aliquando
1527 3047 1774 3103 defuncti
1803 3046 2030 3112 fuimus,
2064 3065 2125 3103 ca
2159 3048 2337 3103 statim
2368 3047 2757 3116 cogitationos
2783 3045 2972 3112 subiit,
3013 3046 3344 3101 solitatimne
3372 3049 3650 3102 mallemus

415 3136 551 3193 istos
597 3137 851 3195 Canones
900 3139 957 3194 in
990 3139 1186 3208 ,lucem
1220 3140 1488 3204 emittere,
1525 3154 1593 3193 an
1625 3147 1686 3192 ut
1712 3140 1869 3193 multi
1917 3138 2112 3207 Graaci,
2149 3147 2208 3194 ut
2236 3138 2378 3209 Syri,
2433 3147 2492 3192 ut
2515 3136 2692 3196 Latini
2764 3138 2926 3208 (quos
2953 3139 3096 3194 inter
3127 3139 3383 3209 princeps
3433 3137 3650 3209 Eusebii.

414 3228 787 3300 interpresb.
825 3228 1183 3301 Hieronymus
1235 3229 1554 3300 primusque
1581 3229 1755 3284 editor
1781 3228 2195 3284 Mediolanensis
2235 3227 2619 3300 Mombritius),
2652 3227 3018 3284 Eusebianum
3065 3243 3203 3299 opus
3235 3238 3646 3286 consecutorum

414 3339 720 3395 teniporum
779 3323 944 3394 gestis
968 3324 1418 3391 cuumiaverunt;
1447 3339 1549 3379 nos
1582 3337 1797 3393 quoque
1816 3322 1942 3377 item
1969 3322 2532 3377 editionemnostram
2555 3322 2854 3391 posteriore
2877 3323 3058 3394 aliqua
3095 3325 3327 3382 historia
3366 3327 3644 3382 continua»

382 3398 385 3401 ’
416 3433 622 3473 remus.
641 3416 902 3487 Equidem
933 3417 1026 3472 ubi
1053 3417 1120 3472 de
1142 3416 1540 3488 prosequendis
1561 3416 1894 3478 Canouibus
1912 3418 2183 3473 sententia
2219 3417 2446 3486 placuit,
2477 3416 2614 3470 nihil
2647 3416 3009 3486 opportunius
3051 3415 3153 3471 fuit
3188 3416 3441 3473 Samuele
3475 3418 3638 3473 chro-

415 3511 695 3582 nographo
729 3511 1007 3579 Armenio,
1047 3512 1206 3582 cujus
1236 3512 1416 3567 omnis
1446 3513 1796 3571 industriam
1822 3528 1889 3568 eo
1925 3511 2341 3583 diligentissime
2371 3520 2582 3566 versata
2609 3519 2714 3575 est,
2757 3518 2817 3566 ut
2845 3511 2988 3582 apud
3015 3512 3250 3583 gentiles
3271 3529 3400 3568 suos
3429 3512 3651 3568 Eusebii

414 3603 518 3658 sibi
547 3619 834 3673 personam
856 3619 1154 3676 vocemque
1173 3612 1506 3674 capesseret.
1529 3603 1664 3660 Nam
1692 3620 1818 3660 cum
1849 3605 2106 3660 universo
2135 3618 2297 3674 opere
2310 3602 2553 3666 Eusebii,
2578 3603 2770 3658 latiore
2800 3604 3057 3658 nimirum
3083 3606 3310 3660 historia
3336 3621 3401 3661 ac
3424 3607 3650 3661 linearis

413 3695 640 3750 canonis
668 3695 904 3766 epitomc
931 3701 1175 3750 uteretur
1207 3693 1456 3759 Samuel,
1479 3694 1624 3749 haud
1648 3695 1765 3765 ipse
1789 3695 2076 3750 consilium
2105 3695 2268 3764 cepit,
2289 3693 2434 3764 quod
2458 3694 2584 3748 olim
2605 3691 2784 3748 Latini
2814 3694 3078 3762 fecerunt,
3098 3703 3270 3750 totum
3294 3695 3424 3752 illud
3451 3695 3652 3768 prioris

416 3785 544 3840 libri
572 3787 824 3844 volumen
843 3789 1020 3844 securi
1050 3783 1287 3844 Tenedia
1315 3791 1618 3857 resecandi;
1643 3805 1854 3854 verum,
1877 3790 2098 3846 mitiore
2119 3797 2407 3844 contentus
2425 3790 2712 3856 sententia,
2731 3791 2966 3860 priorem
2989 3791 3204 3862 quidem
3233 3791 3430 3846 librum
3447 3800 3533 3847 tot
3552 3808 3647 3846 au-

411 3889 624 3937 ctorum
667 3884 952 3939 sententiis
980 3882 1386 3938 redundantem
1433 3899 1498 3938 ac
1531 3884 1766 3950 varium,
1789 3884 1924 3939 satis
1951 3865 2450 3953 brevi'compendio
2500 3882 2808 3949 conclusit;
2839 3884 3194 3953 posteriorem
3220 3893 3400 3940 autem
3434 3872 3499 3940 ad
3560 3889 3640 3941 sui

412 3977 674 4046 temporis
721 3993 878 4032 usum
913 3978 1075 4048 paulo
1105 3977 1292 4047 aptius
1323 3975 1773 4042 accommodavit,
1809 3975 1992 4030 addita
2029 3975 2232 4031 Christi
2263 3989 2394 4039 aera,
2429 3978 2701 4045 rebusque
2727 3967 2914 4030 multis
2942 3989 3079 4045 quas
3105 3975 3371 4032 Eusebius
3396 3978 3646 4048 neglexe-

410 4079 541 4123 rat:
591 4079 706 4124 tum
764 4071 909 4141 quod
963 4071 1194 4128 instituti
1251 4077 1418 4140 caput
1443 4076 1581 4133 erat,
1615 4068 1750 4125 adeo
1800 4077 2102 4139 temporum
2144 4069 2500 4139 digestionem
2561 4066 2836 4138 produxit,
2885 4076 2941 4122 ut
2993 4069 3062 4124 ab
3099 4084 3244 4125 anno
3297 4069 3638 4126 Constantini

411 4161 587 4232 Magni
614 4161 989 4233 vicesimo-(in
1014 4176 1122 4231 quo
1163 4161 1321 4214 tinem
1347 4159 1475 4214 fecit
1505 4158 1795 4230 Eusebius)
1846 4159 1912 4213 ad
1945 4159 2196 4230 quintum
2255 4175 2430 4229 usque
2458 4170 2512 4215 et
2537 4160 3004 4231 quadragesimum
3066 4160 3330 4218 Manuelis
3381 4164 3636 4219 Conmeni

409 4251 748 4316 decurrerit;
795 4250 939 4320 quod
1004 4250 1200 4321 ingens
1250 4249 1678 4304 additamentum
1731 4265 1820 4304 res
1861 4264 2128 4304 annorum
2190 4250 2622 4320 octingentorum
2688 4260 2741 4306 et
2797 4252 3190 4323 quinquaginta
3239 4257 3634 4324 complectitur.

408 4345 754 4415 Quanquam,
789 4351 849 4396 ut
870 4358 994 4398 vere
1013 4343 1282 4407 dicamus,
1310 4341 1364 4396 id
1387 4341 1658 4412 praecipue
1688 4343 1955 4413 spectavit
1978 4340 2196 4398 Samuel
2229 4357 2532 4414 magnoque
2565 4344 2747 4399 studio
2783 4346 3123 4414 perfecit,'ut
3156 4365 3246 4405 res
3288 4349 3636 4409 Armeniacas

405 4453 638 4510 quarum
667 4437 876 4491 nullum
901 4435 1200 4506 gvestigium
1239 4433 1384 4506 apud
1416 4433 1710 4490 Eusebium
1755 4434 1942 4490 videre
1996 4442 2099 4495 est.
2130 4450 2162 4489 e
2201 4449 2415 4490 summo
2470 4438 2647 4506 gentis
2698 4436 2961 4492 historico
3006 4439 3339 4496 Choreneusi
3384 4441 3533 4500 Mose
3584 4445 3636 4500 in

404 4545 561 4588 suam
586 4529 1016 4585 lucubrationem
1047 4527 1406 4595 transferret;
1431 4528 1524 4582 ubi
1551 4544 1682 4583 vero
1699 4528 1792 4583 hic
1823 4529 1986 4584 etiam
2017 4528 2293 4592 deficeret,
2315 4529 2624 4600 complures
2643 4532 2780 4586 alios
2815 4540 2870 4587 et
2889 4548 3082 4603 graves
3101 4535 3482 4591 Armeniorum
3506 4540 3635 4594 scri-

406 4635 590 4698 ptores
611 4632 968 4696 excerperet;
999 4622 1066 4679 ad
1095 4632 1396 4679 extremum
1429 4640 1550 4695 qua:
1573 4625 1690 4695 ipse
1723 4625 1950 4689 viderat,
1979 4625 2424 4696 chronograpbi'as
2472 4629 2853 4684 committeret.
2885 4629 3002 4685 Non
3059 4647 3169 4686 uno
3203 4639 3383 4688 autem
3413 4636 3630 4689 nomine

406 4719 726 4777 Eusebianae
744 4719 969 4776 editioni
1005 4717 1223 4790 prodest
1245 4715 1514 4772 Samuelis
1543 4718 1882 4788 conjunctio.
1911 4716 2155 4788 Namque
2187 4720 2242 4773 in
2280 4721 2468 4792 primis
2497 4721 2665 4791 priori
2700 4722 2979 4779 Canonum
3006 4724 3437 4781 Eusebianorum
3468 4729 3635 4784 histo-

404 4813 499 4869 ria:
529 4813 714 4884 (quam
746 4827 915 4883 prope
966 4811 1130 4866 stulte
1154 4810 1374 4881 quidam
1407 4809 1584 4865 critici
1635 4810 1748 4880 jam
1779 4809 2026 4864 ﬁctitiam
2060 4813 2375 4883 nullamque
2405 4828 2526 4868 esse
2546 4813 2830 4885 putabant)
2861 4817 3229 4872 testimonium
3255 4820 3630 4891 gravissimum

405 4903 800 4974 indubiumque
825 4902 1013 4972 adjicit
1055 4900 1296 4968 Samuel,
1318 4901 1447 4957 dum
1487 4909 1543 4957 et
1565 4901 1685 4970 ejus
1713 4903 2038 4972 procemium
2077 4919 2246 4974 prope
2276 4905 2343 4959 ad
2367 4905 2598 4959 litteram
2631 4905 2977 4976 exprimit.et
3007 4924 3096 4964 res
3117 4909 3439 4968 Chaldaicas
3496 4929 3554 4968 se
3579 4915 3631 4969 in

401 4994 662 5064 praedicto
683 4995 822 5050 libro
842 4995 1040 5065 legisse
1069 5001 1480 5058 commemorat,
1510 5000 1565 5046 et
1591 4992 1736 5048 unde
1759 4993 2026 5050 Eusebius
2045 4993 2366 5050 Hebraicam
2399 4997 2805 5069 chronol’ogiam
2847 5001 2918 5055 sit
2949 5016 3178 5058 exorsus
3209 5001 3387 5068 docet,
3413 5012 3468 5059 et
3494 5006 3634 5074 ejus-

403 5088 529 5142 dem
557 5085 798 5140 imitator
826 5086 952 5147 τοὺς
988 5082 1129 5137 LXX
1154 5082 1453 5137 Bibliorum
1483 5084 1807 5154 lnterpretes
1830 5087 2059 5154 pressim
2092 5087 2399 5156 sequendos
2421 5088 2716 5157 existimat,
2744 5097 2800 5145 et
2834 5091 2956 5147 illas
2981 5093 3170 5164 viginti
3199 5097 3543 5166 genealogias
3572 5101 3632 5154 ab

403 5181 592 5238 eodem
623 5178 860 5234 Eusebio
883 5185 1162 5231 mutuatur
1202 5195 1216 5231 :
1258 5192 1571 5247 quanquam
1607 5178 1724 5247 ipse
1753 5178 1970 5232 demum
2021 5180 2454 5247 patriarcharum
2503 5198 2701 5239 uxores
2749 5192 2940 5254 sponte
2979 5187 3169 5241 inserit
3210 5205 3276 5242 ex
3319 5189 3501 5260 aliquo
3531 5191 3632 5246 for-

403 5290 554 5334 nasse
602 5274 816 5332 Veteris
868 5272 1203 5328 Testamenti
1254 5273 1728 5344 pseudepigrapho
1757 5273 1920 5340 libro,
1977 5274 2186 5329 erudita
2224 5277 2544 5334 curiositate
2583 5279 2820 5336 delectas
2863 5279 2960 5351 (a).
3009 5280 3150 5348 Quid
3183 5285 3410 5339 autem?
3459 5301 3632 5340 nonne

405 5367 622 5423 Samuel
655 5366 944 5422 emendare
977 5364 1270 5419 Eusebium
1308 5365 1540 5430 videtur,
1557 5380 1680 5419 cum
1705 5365 2004 5421 Cainanum
2037 5366 2216 5439 (cujus
2247 5367 2512 5425 Eusebius
2541 5373 2729 5428 omissi
2759 5387 2925 5429 causa
2941 5381 3021 5429 tot
3041 5376 3271 5446 Syncelli
3299 5377 3631 5433 criminatio.

403 5463 562 5516 nibus
583 5459 776 5531 patuit)
795 5459 851 5513 in
871 5457 1303 5530 patriarcharum
1323 5457 1516 5514 ordine
1539 5459 1917 5514 collocandum
1939 5459 2316 5516 demonstrat?
2357 5461 2548 5518 Nonne
2586 5465 2806 5522 nomina
2832 5466 2947 5523 sive
2970 5467 3187 5540 propria
3234 5469 3350 5525 sive
3385 5472 3630 5541 gentilia.

450 5615 548 5699 _(a)
577 5615 796 5686 Legesis
836 5613 1104 5671 Samuelis
1131 5615 1416 5686 prologum
1466 5624 1518 5670 et
1569 5617 1768 5686 prioris
1798 5617 1967 5687 partis
2006 5617 2180 5689 prima
2216 5618 2390 5690 capita
2416 5619 2542 5675 duo.
