3878 6264
159 329 259 386 601
1226 330 1315 386 DE
1352 329 1674 388 SAMUELE
1709 331 1982 390 ANlENSl
2019 332 2417 392 PBEI’ATIO.
3305 342 3414 400 σοι

154 459 335 498 nonne
354 457 648 501 annorum
669 453 849 512 notas,
865 459 1046 500 nonne
1063 445 1166 499 alia
1180 446 1460 516 complura
1476 461 1596 517 qua:
1612 447 1667 500 in
1681 443 1899 502 Eusebii
1917 447 2198 504 codicibus
2236 448 2418 504 luxata
2459 450 2702 514 luerunt,
2732 457 2881 507 recte
2910 449 3127 508 Samuel
3143 453 3414 512 interdum

152 537 499 591 constituit?
542 536 783 608 Denique
836 537 904 592 ad
933 536 1149 593 Eusebii
1181 539 1369 594 crisim
1392 539 1520 610 quid
1543 554 1652 594 nou
1708 539 1798 593 hic
1838 537 2084 596 conferat
2136 549 2347 605 auctor,
2393 540 2487 612 qui
2534 541 2696 596 modo
2736 539 3026 597 Eusebium
3069 543 3138 598 ab
3179 559 3238 600 se
3279 560 3416 615 pene

150 631 396 684 exscribi
429 631 732 686 conﬁrmat
765 632 840 702 (a)
867 650 882 699 ;
915 631 1076 688 modo
1105 633 1278 688 eidem
1305 633 1378 688 ita
1408 649 1469 690 se
1491 633 1736 688 innixum
1768 633 1988 700 fatetur,
2027 642 2105 703 ut,
2137 650 2204 692 eo
2233 635 2522 700 subducto,
2575 636 2710 691 nihil
2751 637 2988 693 scribere
3003 639 3177 709 possit
3205 639 3315 712 (li)?

217 741 283 800 ll.
327 743 618 802 Samuelis
640 754 843 818 patria,
875 749 1066 804 notitia
1095 751 1262 818 operis
1293 761 1345 806 et
1388 750 1673 806 Mtecenas.
1701 782 1768 793 —
1803 750 1912 807 Sed
1941 752 2260 823 priusquam
2292 751 2360 808 de
2388 753 2674 824 multiplici
2704 753 2972 811 Samuelis
2997 756 3227 812 utilitate
3265 755 3417 812 dica-

153 851 297 900 ntus,
333 854 542 909 operae
564 842 798 912 pretium
838 851 920 898 est
951 842 1020 898 de
1049 843 1169 914 ipso
1217 845 1434 900 homine
1488 855 1543 900 et
1590 845 1658 900 de
1711 845 2009 907 codicibus,
2075 845 2222 903 unde
2266 861 2405 917 opus
2453 847 2812 918 protrahitur,
2863 863 3077 903 summa
3123 863 3250 904 cum
3289 849 3416 905 bre-

149 939 313 986 vntate
347 933 664 990 disserere.
719 935 1011 1000 Samuelis,
1059 937 1324 1006 dignitate
1356 938 1680 1009 presbyteri,
1735 937 1912 1007 patria
1944 937 2052 993 fuit
2076 936 2238 1005 Ania,
2269 938 2541 996 Armeniae
2583 941 2716 995 urbs
2768 940 2834 995 ad
2865 939 3065 995 flumen
3115 943 3413 999 Achurium

155 1027 284 1089 sita,
330 1025 393 1079 in
431 1042 510 1082 ea
547 1029 844 1098 provinciae
869 1027 1140 1084 Araratia:
1169 1029 1388 1100 regione
1415 1043 1576 1098 quam
1599 1028 1891 1099 geographi
1913 1025 2105 1082 dicunt
2145 1026 2435 1086 Siraeiam.
2478 1027 2603 1085 Haec
2652 1029 2793 1083 Ania
2812 1044 2938 1084 cum
2967 1043 3112 1084 nono
3141 1029 3413 1088 Christia-

146 1132 227 1173 na:
253 1133 389 1174 are
423 1123 641 1177 saaculo
661 1138 770 1177 non
801 1122 1014 1178 modica
1046 1122 1377 1177 incrementa
1401 1121 1721 1191 accepisset,
1753 1127 2039 1192 propterea
2070 1120 2216 1191 quod
2248 1120 2593 1192 Bagratuniis
2623 1121 2962 1192 principibus
2994 1123 3196 1192 regiam
3231 1123 3414 1178 sedem

156 1218 463 1290 praeberet,
490 1219 711 1274 decimo
736 1218 954 1289 quidem
981 1217 1377 1288 undecimoque
1405 1217 1603 1273 saeculo
1624 1231 1734 1272 tam
1766 1218 2020 1290 frequens
2039 1229 2262 1289 tamque
2277 1217 2560 1288 splendida
2615 1217 2813 1282 evasit,
2849 1226 2910 1272 ut
2960 1217 3154 1274 domos
3192 1226 3413 1274 centum

153 1315 322 1377 inille,
358 1316 576 1385 templa
607 1322 788 1369 autem
809 1314 933 1383 plus
951 1313 1096 1368 mille
1120 1313 1378 1369 habuisse
1401 1311 1608 1368 feratur
1635 1311 1726 1384 (c).
1757 1311 1925 1369 Porro
1955 1313 2073 1370 haec
2095 1313 2228 1368 urbs
2247 1313 2534 1384 diligenter
2553 1310 2886 1366 secernenda
2913 1317 2997 1366 est
3024 1311 3092 1366 ab
3117 1311 3256 1366 Anio
3285 1324 3416 1382 pro-

146 1407 365 1472 vinciat,
403 1423 540 1477 quae
554 1407 757 1462 dicitur
782 1407 891 1461 alta
913 1405 1192 1476 Armenia,
1235 1407 1458 1462 castello
1485 1406 1630 1477 quod
1661 1405 1838 1464 Moses
1869 1407 2234 1463 Chorenensis
2265 1415 2651 1462 commemorat
2671 1404 2772 1476 (tl).
2801 1404 2913 1477 Age
2944 1421 3074 1461 vero
3107 1407 3279 1477 ipsius
3311 1403 3415 1464 Sa.

145 1500 344 1555 muelis
373 1499 797 1571 chronographi
824 1498 1154 1555 mentionem
1186 1497 1392 1553 faciunt
1416 1500 1652 1571 primum
1675 1499 1892 1570 quidem
1944 1499 2190 1554 Armenii
2239 1500 2537 1570 scriptores
2579 1497 2842 1570 Cyriacus
2879 1497 3277 1569 Ganzaghenus
3311 1516 3415 1558 sae-

146 1597 249 1650 culi
309 1612 422 1650 xm
489 1597 690 1662 homo;
761 1595 958 1650 iterum
1013 1602 1272 1663 sequente
1329 1596 1530 1652 saeculo
1588 1597 1672 1650 vir
1720 1596 1968 1652 eruditus
2017 1593 2305 1650 Vardanus
2350 1592 2866 1659 Barzcrberdensis;
2919 1599 3150 1664 uterque
3199 1594 3255 1649 in
3297 1595 3414 1652 suis

149 1688 417 1744 llaicanis
443 1689 695 1744 historiis
718 1707 734 1743 :
761 1688 996 1757 denique
1043 1697 1315 1757 postrema
1347 1694 1506 1743 :etate
1536 1686 1824 1758 Serposius
1857 1689 1910 1741 in
1940 1686 2276 1742 Armeniaca:
2303 1686 2543 1741 historiae
2576 1688 2919 1756 compendio,
2948 1689 3111 1759 quod,
3147 1690 3415 1759 scriptore

152 1795 284 1835 usus
312 1794 608 1852 anonymo
639 1779 836 1846 amico,
872 1778 1134 1849 impensis
1155 1777 1524 1848 subsidiisque
1552 1777 1804 1832 maximis
1833 1777 2138 1841 adornavit,
2172 1775 2446 1831 Samuelis
2492 1777 2783 1832 chronicos
2839 1791 3082 1834 canones
3108 1778 3260 1848 justo
3288 1779 3408 1848 qui-

150 1874 268 1928 dem
315 1875 542 1939 rarius,
574 1874 670 1931 sed
715 1883 896 1930 tamen
927 1874 1214 1944 aliquoties
1253 1872 1560 1942 compellat.
1604 1871 1872 1929 Praeterea
1895 1871 2164 1927 Gallicani
2193 1870 2401 1941 aliquot
2448 1869 2691 1941 perdocti
2728 1871 2977 1927 homines
3009 1871 3216 1927 codicis
3261 1871 3413 1926 Pari-

152 1964 280 2018 siaci
312 1965 526 2019 notitia
557 1965 666 2030 usi,
700 1978 801 2019 nec
829 1964 1070 2036 segniter
1108 1979 1210 2019 nec
1243 1963 1612 2035 perfunctorie
1642 1962 1949 2020 Samuelem
1994 1971 2244 2018 nostrum
2293 1963 2691 2016 commendant.
2747 1961 2964 2018 Primus
3013 1964 3066 2018 in
3125 1964 3209 2020 his
3242 1962 3411 2021 Ville-

157 2054 343 2126 froyus
406 2054 694 2111 Samuelis
746 2053 1058 2110 Cbronicon
1102 2055 1516 2126 diligentissime
1557 2057 1935 2119 contrectavit,
1987 2064 2150 2126 atque
2187 2055 2370 2126 operis
2415 2056 2658 2111 universi
2708 2055 2975 2111 rationem
3037 2055 3289 2126 exposuit
3319 2056 3410 2130 (θ).

166 2150 296 2204 Exin
351 2148 650 2222 Villefroyi
705 2149 923 2206 schedis
957 2150 1260 2205 instructus
1311 2148 1567 2206 Freretus
1604 2148 1876 2206 Samuelis
1913 2151 2320 2220 cbronologiam
2363 2165 2489 2205 cum
2539 2149 2719 2205 fructu
2778 2151 3061 2221 usurpavit
3115 2151 3170 2206 in
3199 2152 3410 2208 disser-

158 2247 364 2301 tatione
395 2246 480 2300 De
535 2262 676 2300 anno
731 2246 1042 2300 Armeniaca
1085 2245 1172 2316 (Γ).
1223 2244 1328 2301 Sed
1376 2248 1520 2302 enim
1570 2261 1730 2302 nemo
1777 2245 2089 2301 afﬂuentius
2141 2245 2534 2301 laudabiliusve
2592 2243 2956 2302 Samuelianis
3011 2246 3186 2316 copiis
3243 2253 3415 2302 semet

167 2343 484 2406 exornavit,
525 2357 690 2412 quam
717 2341 1050 2398 novissimus
1077 2341 1495 2421 Sammartinius
1521 2341 1615 2412 (g),
1646 2342 1730 2396 vir
1771 2342 2112 2398 orientalium
2163 2340 2469 2398 studiorum
2507 2348 2692 2395 nostra
2738 2347 2896 2396 aetate
2927 2339 3408 2411 prudentissimus,

156 2437 240 2506 qui
271 2436 342 2491 de
381 2435 664 2491 Armeniae
703 2435 930 2491 historia
970 2440 1025 2490 et
1070 2434 1398 2505 geographia
1450 2449 1604 2504 aeque
1637 2434 1775 2489 bene
1819 2433 1900 2489 vel
1948 2433 2113 2490 etiam
2178 2433 2456 2503 copiosius
2497 2433 2796 2487 meriturus
2845 2439 2950 2498 cst,
2990 2445 3152 2501 quam
3189 2431 3280 2488 ille
3317 2433 3410 2487 diu

155 2531 538 2586 memorabilis
586 2530 999 2586 Sancticrucius
1053 2529 1122 2584 de
1171 2528 1465 2584 Alexandri
1525 2531 1692 2600 geStis
1749 2539 1914 2600 atque
1969 2529 2352 2600 scriptoribus.
2393 2527 2511 2584 Jam
2555 2543 2624 2584 ex
2673 2529 2793 2599 ipso
2840 2529 3022 2584 statim
3088 2529 3313 2601 prologo
3355 2514 3412 2583 et

157 2640 278 2680 mox
341 2641 376 2682 e
440 2628 648 2696 prioris
696 2625 870 2696 partis
913 2625 1272 2680 conclusione
1319 2625 1721 2694 cognoscimus,
1780 2624 2084 2680 Samuelem
2140 2623 2465 2694 patriarchae
2513 2621 2762 2693 Gregorii
2809 2624 3064 2693 precibus
3124 2631 3410 2679 exoratum

160 2719 294 2773 hanc
329 2721 714 2776 nummariam
759 2729 1064 2789 temporum
1089 2717 1475 2772 tractationem
1511 2719 1838 2788 scripsisse:
1873 2716 1970 2774 sed
2018 2723 2104 2773 est
2150 2717 2445 2773 obscurum
2477 2714 2546 2771 ad
2585 2729 2746 2786 quem
2789 2714 3109 2784 Gregorium
3141 2713 3412 2771 Samuelis

156 2815 313 2866 verba
345 2814 685 2884 pertineant”.
723 2811 972 2868 Profecto
1007 2811 1255 2867 nonnulli
1295 2811 1536 2882 cogitant
1561 2812 1628 2867 de
1653 2811 1916 2881 Gregorio
1946 2811 2059 2875 illo,
2096 2811 2190 2881 qui
2225 2824 2370 2864 anno
2396 2808 2603 2863 Christi
2637 2807 2777 2862 1116
2819 2808 3025 2863 electus
3055 2815 3138 2862 est
3169 2807 3412 2878 vixitque

164 2907 212 2958 in
254 2908 582 2974 pontificatu
611 2919 784 2959 annos
827 2919 957 2967 Llll;
1001 2917 1101 2958 nos
1149 2909 1335 2957 tamen
1370 2901 1640 2957 Samuelis
1687 2904 1886 2958 librum
1916 2900 2179 2972 Gregorio
2229 2902 2412 2971 potius
2440 2900 2648 2970 juniori
2677 2899 2919 2955 oblatum
2970 2914 3280 2962 censemus,
3314 2899 3407 2970 qni

161 3000 305 3054 Νετεί
335 3001 593 3067 βιειίθηεί
625 2999 1067 3055 successit‘anno
1091 2995 1229 3050 H76
1259 3013 1274 3050 :
1308 2995 1466 3064 cujus
1507 2996 1585 3050 rei
1619 2997 1886 3066 permulta
1932 2996 2132 3050 indicia
2171 3002 2321 3058 sunt,
2354 2995 2447 3049 sed
2483 2993 2612 3048 illud
2647 2994 2806 3064 longe
2843 2992 3230 3057 certissimum,
3263 2995 3408 3067 quod

162 3091 414 3145 nimirum
454 3089 676 3146 Samuel
715 3095 912 3158 quarto
961 3083 1208 3155 Gregorii
1234 3084 1492 3154 junioris,
1531 3100 1627 3140 seu
1673 3085 1896 3158 Degh’a,
1947 3099 2090 3140 anno
2132 3085 2540 3156 cbronologiam
2581 3099 2611 3138 a
2640 3098 2700 3140 se
2741 3084 3058 3139 adornatam
3109 3085 3405 3152 concludit,

162 3189 232 3243 uti
266 3205 392 3243 mox
454 3184 739 3243 evidenter
793 3181 1133 3237 docebimus.

226 3302 307 3355 111.
344 3299 688 3358 Samueliani
716 3298 996 3352 summarii
1030 3295 1257 3351 codices.
1292 3326 1363 3336 —-
1395 3295 1791 3350 Chronicorum
1831 3295 2100 3351 Samuelis
2129 3311 2402 3350 canonum
2427 3295 2646 3350 codices
2693 3295 2836 3350 haud
2888 3294 3258 3366 infrequentes
3312 3311 3407 3353 oc-

164 3377 382 3452 currunt
418 3414 436 3449 :
466 3374 591 3447 nam
634 3397 828 3463 praeter
872 3375 1206 3458 complores,
1256 3386 1348 3456 qui
1397 3386 1450 3439 in
1481 3387 1860 3440 Armeniorum
1891 3386 2236 3441 bibliothecis
2292 3385 2640 3451 delitescunt,
2670 3384 3006 3441 Parisiaeum
3053 3402 3227 3458 nuper
3255 3402 3408 3442 eom-

165 3485 621 3545 memoravimus.
668 3481 854 3552 Neque
895 3489 1076 3534 tamen
1122 3466 1340 3533 Samuel
1399 3479 1481 3532 vel
1524 3478 1799 3548 Europaeis
1843 3480 1928 3534 vel
1961 3477 2331 3534 Orientalibus
2363 3478 2504 3549 tvpis
2554 3487 2678 3532 ante
2729 3478 2832 3532 hoc
2867 3486 3103 3549 tempus,
3138 3489 3403 3551 quantum

167 3589 383 3652 scimus,
441 3581 739 3650 impressus
777 3582 883 3631 est.
945 3573 1063 3627 Jam
1100 3574 1154 3627 in
1183 3582 1332 3627 tanto
1363 3573 1611 3627 codicum
1671 3590 1899 3629 numero
1931 3574 2024 3629 vix
2065 3573 2208 3628 ullus
2236 3580 2340 3639 est,
2398 3574 2454 3628 in
2507 3589 2617 3644 quo
2664 3571 2933 3629 Samuelis
2982 3577 3231 3632 Canones
3263 3579 3405 3634 ultra

167 3677 406 3732 auctoris
456 3674 771 3743 terminum,
803 3681 999 3735 nempe
1029 3665 1171 3718 ultra
1199 3663 1407 3719 Christi
1448 3679 1648 3717 annum
1717 3664 1874 3726 1179.
1926 3680 1957 3718 a
2005 3663 2408 3718 recentioribus
2439 3663 2868 3736 chronographis
2902 3667 2985 3722 vel
3015 3671 3177 3723 etiam
3208 3672 3405 3727 scribis

169 3770 382 3841 produci
425 3782 534 3822 non
569 3765 823 3829 soleant;
873 3774 982 3830 quo
1032 3773 1228 3828 genere
1259 3756 1611 3812 additamenti
1652 3773 1721 3812 ne
1753 3757 1924 3812 codex
1961 3757 2180 3827 quidem
2212 3755 2522 3811 Parisiacus
2575 3765 2766 3825 caret;
2827 3759 3077 3830 idemque
3121 3761 3171 3814 in
3203 3761 3407 3819 Graecis

167 3865 317 3918 etiam
360 3877 432 3918 ac
457 3859 666 3914 Latinis
699 3843 927 3926 aliorum
953 3859 1238 3906 auctorum
1265 3849 1539 3904 chronicis
1561 3849 1801 3904 solemne
1831 3850 2318 3920 pervulgatumque
2365 3855 2468 3902 est.
2519 3848 2759 3918 Denique
2807 3865 2916 3904 non
2977 3850 3151 3907 solum
3195 3861 3408 3923 protra-

169 3965 278 4011 ctus
309 3963 400 4010 est
435 3950 676 4015 Samuel,
705 3963 894 4002 verum
925 3947 1088 4000 etiam
1122 3944 1283 4018 alieni
1321 3943 1485 4014 panni
1524 3943 1738 3998 laciniis
1762 3944 2093 4014 quandoque
2136 3943 2481 4006 intertextus,
2526 3958 2630 4012 qua
2669 3943 2736 3999 de
2768 3959 2826 4000 re
2851 3953 2992 4000 notae
3015 3957 3215 4003 nostrae
3241 3949 3409 4004 lecto-

168 4035 271 4102 res'
304 4041 605 4100 identidem
659 4037 1048 4092 admonebunt.
1111 4033 1268 4089 Nune
1316 4033 1735 4099 Mediolanensis
1784 4032 2054 4089 Samuels
2107 4033 2274 4088 editio
2327 4049 2356 4087 e
2406 4036 2647 4104 quinque
2699 4037 2946 4093 codicum
2998 4040 3288 4097 collatione
3344 4057 3409 4108 ac

169 4127 514 4200 varietatibus
567 4130 800 4184 conflata
852 4136 958 4182 est.
1008 4124 1268 4194 Princeps
1333 4123 1603 4179 Samuelis
1653 4127 1962 4195 exemplar,
2010 4125 2156 4197 quod
2201 4125 2368 4180 veluti
2432 4124 2850 4183 fundamentum
2888 4130 3152 4188 editionis
3205 4141 3409 4189 nostrae

169 4231 466 4300 posuimus,
509 4225 657 4279 circa
717 4236 918 4277 annum
941 4235 1064 4274 aera:
1121 4218 1461 4272 Armeniacae
1499 4217 1602 4272 6'56
1649 4217 1880 4289 (Christi
1933 4219 2002 4274 ad
2063 4217 2334 4276 Samuelis
2390 4224 2831 4292 supputationem
2888 4225 3068 4298 1209)
3124 4240 3406 4286 exaratum

169 4325 354 4387 fuerat,
413 4323 638 4391 ideoque
684 4315 962 4370 tricesimo
1015 4313 1130 4368 fere
1183 4301 1306 4382 post
1355 4310 1808 4388 Chronicilinem
1860 4328 2006 4368 anno
2047 4312 2355 4369 confectum
2409 4317 2782 4384 cognoscitur.
2834 4316 3079 4389 Namque
3137 4320 3406 4378 Samuelis

172 4405 828 4480 lucubrationeniirevera
873 4423 1016 4462 anno
1058 4406 1198 4462 1179
1267 4404 1580 4476 explicitam
1641 4421 1797 4471 esse,
1858 4406 2148 4461 manifesto
2205 4408 2365 4463 docet
2435 4407 2683 4464 Cltronici
2738 4410 2909 4466 codex
2974 4413 3131 4478 alter,
3186 4413 3240 4468 in
3297 4429 3407 4484 quo

171 4510 283 4566 licet
330 4524 470 4578 opus
513 4506 683 4559 multo
749 4499 979 4556 ulterius
1038 4498 1712 4580 protrahatur,_pr:edicto
1750 4508 1928 4553 tamen
1975 4513 2119 4554 anno
2164 4500 2301 4554 1169
2335 4500 2604 4570 ejusmodi
2652 4503 2952 4558 admonitio
2998 4505 3403 4575 perscribitur:

175 4601 295 4658 Heic
350 4602 568 4671 explirit
615 4596 831 4668 facundi
869 4593 1134 4650 Samuelis
1183 4595 1533 4664 compositio,
1575 4594 1666 4664 qui
1723 4609 1851 4647 sane
1905 4591 2228 4647 vehementer
2288 4595 2493 4648 curarit
2546 4604 2603 4648 ut
2653 4594 3073 4650 emendatissime
3135 4597 3405 4657 scriberet.

171 4697 371 4765 Appulit
425 4703 602 4748 autem
635 4707 796 4760 usque
839 4691 908 4744 ad
963 4709 1116 4746 suam
1170 4693 1382 4746 omnino
1427 4701 1675 4756 (etatem;
1702 4707 1844 4744 .cum
1893 4690 2132 4745 historici
2184 4691 2420 4762 ofﬁcium
2463 4695 2530 4746 sit
2554 4692 2616 4746 de
2652 4695 2931 4763 prtcteritis
2960 4695 3406 4766 prwsentibusque

171 4789 448 4852 disserere;
489 4789 630 4842 ultra
677 4803 792 4842 vero
840 4803 903 4841 ea
945 4803 1059 4857 qua:
1106 4788 1161 4839 in
1201 4788 1308 4841 vita
1361 4787 1610 4858 cujusque
1658 4796 1968 4852 versantur,
2010 4787 2253 4857 progredi
2300 4804 2403 4841 non
2461 4788 2634 4842 liceat.
2705 4788 3016 4857 Quanquam
3076 4789 3235 4859 igitur
3289 4806 3406 4859 pos;

172 4873 506 4936 hunc'locum
560 4881 726 4950 pergit
780 4881 950 4933 adltuc
1007 4879 1226 4934 linearis
1259 4881 1716 4944 ,Armeniucarum
1771 4894 1945 4931 rerum
1999 4872 2262 4943 historia,
2327 4879 2666 4933 nihilominus
2709 4879 2979 4946 complura
3029 4881 3218 4936 menda
3272 4884 3404 4938 satis

171 4983 448 5046 coarguunt
477 4974 639 5028 alium
682 4989 792 5027 esse
840 4973 1022 5042 scripti
1074 4982 1378 5038 auctorem,
1411 4990 1534 5027 nam
1584 4979 1776 5042 prwter
1807 4969 2010 5026 Christi
2053 4988 2274 5043 aruaque
2331 4971 2701 5026 Armeniorum
2747 4987 2946 5037 annos,
3003 4973 3082 5025 nil
3133 4988 3406 5042 propemo-

171 5065 285 5120 dum
334 5075 470 5128 recte
519 5082 575 5128 se
617 5063 789 5118 habet.
823 5062 1011 5134 Neque
1049 5071 1231 5120 tamen
1297 5065 1525 5119 reticere
1555 5063 1702 5127 licet,
1756 5065 2012 5134 princeps
2037 5064 2168 5118 illud
2221 5065 2495 5134 exemplar
2527 5064 2673 5134 putri
2729 5063 2838 5118 situ
2871 5064 3014 5118 haud
3054 5079 3181 5118 raro
3235 5064 3410 5120 fuisse

173 5165 476 5226 corruptum
518 5157 899 5227 nonnullisque
948 5147 1157 5217 chartis
1224 5160 1495 5216 mutilum.
1552 5156 1608 5213 ld
1670 5174 1800 5214 vero
1854 5157 2112 5212 damnum
2157 5167 2465 5229 reparatum
2523 5166 2609 5213 est
2674 5157 2893 5213 invento
2945 5159 3053 5212 alio
3107 5157 3403 5228 Byzantina

175 5244 222 5299 in
272 5248 401 5304 urbe
456 5247 754 5318 exemplari
816 5248 932 5321 (lt),
982 5253 1127 5324 quod
1186 5267 1332 5307 anno
1389 5250 1607 5321 quidem
1663 5263 1784 5304 terte
1849 5249 2186 5304 Armeniaca:
2242 5247 2379 5302 1552
2431 5245 2680 5317 (Christi
2728 5250 2912 5321 1585)
2966 5250 3228 5320 scriptum
3285 5246 3403 5302 fue-

235 5460 308 5528 (α)
340 5459 491 5514 pa",
517 5476 558 5521 ι,
587 5475 708 5528 cap,
735 5459 786 5523 7,
825 5459 914 5514 ῃ,
1901 5454 1975 5526 (Ι)
2006 5453 2285 5510 Memoires
2312 5453 2376 5511 de
2425 5455 2630 5511 l'Acad.
2659 5455 2750 5513 des
2781 5458 2967 5524 inscr.,
2999 5463 3038 5511 ι.
3072 5454 3212 5522 XIX,
3249 5471 3303 5528 p.
3331 5455 3402 5511 85

235 5530 307 5594 (ιο)
341 5529 553 5600 Prolog.
591 5529 619 5600 ᾗ
647 5531 702 5585 b.
969 5581 973 5585 .
1837 5541 1958 5596 sqq.

232 5600 304 5670 (c)
338 5599 481 5671 Lege
518 5603 727 5655 lexicon
745 5598 1034 5671 Armeniae
1062 5596 1488 5671 geographicqu
1520 5595 1727 5651 editum
1906 5597 1978 5671 (θ)
2005 5593 2282 5671 Memoires
2302 5596 2615 5671 historiques
2634 5605 2683 5650 et
2713 5596 3116 5668 géograplttques
3138 5613 3230 5651 sur
3257 5597 3402 5652 l'Ar-

177 5665 594 5730 Venetiis.'anno
624 5670 782 5724 1769.
807 5668 961 5725 Nune
987 5665 1128 5725 An'ia
1166 5665 1334 5740 pagus
1358 5680 1457 5722 est.
1835 5667 2104 5740 ηιέιρξεε)ἶ
2128 5665 2168 5728 l,
2208 5669 2432 5740 passim.

236 5740 308 5810 (d7)
337 5740 481 5796 Hist.
519 5756 582 5810 tt,
616 5741 702 5810 H7.
1029 5808 1055 5810 _
1098 5809 1103 5810 7
1132 5809 1135 5810 7
1166 5733 1183 5740 ’
1233 5733 1261 5810 γ’
1614 5809 1655 5810 77
1684 5809 1695 5810 7

1904 5737 1978 5810 (ρ)
2001 5733 2176 5810 llujus
2206 5737 2531 5804 exemplaris
2555 5736 2922 5810 apographum
2951 5752 2979 5792 a
3001 5753 3058 5795 se
3091 5735 3400 5794 confectum

242 5803 306 5880 le)
343 5811 498 5883 Apud
523 5808 1271 5893 Monlfauconitltn,Biblioth.
1316 5827 1441 5864 mss.
1479 5826 1528 5879 p.
1565 5809 1721 5865 109.6.
1832 5803 1879 5860 J.
1916 5803 2202 5862 ’Z'oltrahus
2237 5803 2540 5860 conservat.
