3878 6264
369 335 479 395 603
1387 336 1728 394 APPENDIX
1765 339 1860 392 AD”
1895 338 2170 397 EUSEBII'
2205 339 2622 398 CHRONICON.
3535 332 3672 391 σω

364 462 477 520 rat,
518 454 593 508 ita
623 461 804 510 tamen
841 462 903 510 ut
933 454 1076 512 idem
1098 456 1166 511 ab
1196 455 1579 527 antiquissimo
1609 459 1852 512 omnium
1899 458 2090 515 codice
2123 468 2399 531 sumptum
2428 460 2702 515 diceretur
2724 497 2741 524 ,
2786 469 2982 525 nempe
3023 455 3092 510 ab
3143 455 3466 527 apograph'o
3546 467 3673 505 an-

373 549 465 605 nis
496 549 783 605 duodecim
815 560 936 622 post
973 551 1252 608 conditum
1286 567 1423 623 opus
1464 551 1735 608 confecto.
1769 551 1913 609 Sane
1973 554 2027 608 id
2073 555 2428 628 Byzantinum
2462 553 2738 624 exemplar
2790 563 3118 620 magnopere
3155 549 3315 605 nobis
3342 544 3666 620 placebat,

365 640 598 710 ejusque
619 657 718 711 ope
748 657 889 714 saepe
942 659 1138 714 pravas
1185 645 1631 716 interpolationes
1685 647 2058 716 cognovimus,
2092 664 2212 718 quae
2263 649 2333 704 ab
2388 649 2629 703 auctoris
2687 642 2902 719 ingenio
2960 641 3304 698 vehementer
3351 640 3669 695 abhorre-

366 728 520 785 bant.
549 729 822 788 Hactenus
847 733 951 788 tria
979 735 1521 790 commemoravimus
1556 732 1823 788 Samuelis
1855 736 2184 807 exemplaria
2209 753 2238 802 ς»
2259 737 2535 808 princeps,
2569 735 2622 790 id
2646 745 2729 791 est
2752 737 3215 808 antiquissimum,
3244 737 3490 793 alterum
3527 746 3666 804 quo

367 838 652 880 mouemur
676 825 742 880 de
770 827 920 896 justo
943 828 1181 882 auctoris
1214 826 1470 891 conﬁnio,
1501 828 1728 882 tertium
1750 826 2129 897 Byzantinum.
2153 827 2248 884 llis
2267 829 2485 883 demum
2515 827 2620 882 alia
2645 829 2757 883 duo
2777 835 3147 894 accesserunt,
3166 843 3407 898 quorum
3439 837 3676 882 unum-

369 932 470 972 nec
489 919 640 975 valde
668 921 948 991 antiquum
976 928 1030 976 et
1055 936 1217 990 porro
1243 920 1649 990 imperfectum;
1682 922 1910 978 alterum
1927 923 2386 990 recentissimum,
2414 921 2575 992 idque
2603 921 2658 974 in
2687 936 2888 976 annum
2907 911 3045 976 i698
3065 919 3344 983 desinens,
3370 927 3661 974 temera-

369 1009 469 1065 riis
508 1011 757 1067 videlicet
782 1012 1192 1068 accessionibus
1234 1020 1398 1082 atque
1425 1012 1937 1082 interpolationibus
1983 1020 2220 1069 scatens.
2256 1011 2447 1082 Operis
2477 1013 2712 1081 denique
2746 1011 2938 1065 titulus
2971 1010 3027 1065 in
3057 1009 3339 1064 codicibus
3365 1007 3655 1075 scriptus

367 1107 418 1161 is
473 1104 582 1161 fere
619 1115 701 1162 est
732 1123 890 1178 quem
926 1108 980 1162 in
1014 1107 1190 1162 fronte
1246 1107 1502 1164 editionis
1557 1110 1837 1178 posuimus
1874 1126 1888 1164 :
1923 1107 2185 1165 Samuelis
2229 1107 2517 1179 presbyteri
2560 1108 2804 1161 Aniensis
2839 1115 3126 1174 temporum
3167 1120 3328 1175 usque
3357 1103 3431 1157 ad
3462 1114 3658 1156 suam

367 1205 574 1254 (etatem
602 1199 740 1252 ratio
765 1215 791 1251 e
816 1197 963 1251 libris
985 1198 1355 1252 historicorum
1386 1199 1689 1251 summatim
1715 1197 1953 1253 collecta.
2407 1271 2418 1274 Α
2843 1270 2870 1274 μ
2977 1271 2980 1273 Δ

436 1285 527 1342 1V.
555 1287 658 1354 Qui
680 1289 751 1340 sit
781 1285 1108 1342 Samueliani
1131 1288 1409 1342 summarii
1438 1288 1747 1358 [ructus.—-
1774 1285 1879 1342 Sed
1912 1285 2123 1358 rogabit
2147 1274 2341 1356 aliquis
2365 1271 2471 1356 qua
2491 1284 2798 1340 communis
2822 1271 3074 1340 utilitatis
3105 1298 3202 1355 spe
3245 1297 3428 1354 quove
3485 1295 3654 1352 pru-

367 1380 517 1436 denti
545 1382 774 1437 consilio
815 1382 1132 1437 Armenium
1169 1383 1640 1454 chronographum
1673 1382 1742 1438 ad
1774 1382 2159 1452 Europzeorum
2191 1382 2371 1438 studia
2406 1380 2788 1453 perferendum
2835 1379 3125 1436 curemus?
3180 1393 3417 1449 namque
3477 1375 3650 1432 illud

363 1471 668 1544 justissime
707 1473 907 1528 dicitur
938 1492 951 1528 :
994 1472 1142 1530 Nova
1167 1483 1221 1530 et
1252 1476 1402 1530 utilia
1430 1477 1522 1546 qui
1547 1481 1752 1538 narrat,
1772 1483 2048 1530 auctorem
2066 1475 2212 1529 hunc
2233 1475 2513 1545 perhibeto
2541 1475 2767 1530 bonum.
2791 1471 2903 1527 Nos
2925 1484 3056 1526 sane
3082 1469 3334 1534 fatemur,
3371 1470 3666 1540 prim-ear

370 1563 641 1620 Samuelis
669 1572 878 1636 partem
926 1580 1116 1636 parum
1148 1567 1499 1622 emolumenti
1535 1567 1554 1637 (
1580 1577 1775 1636 prater
1827 1565 2047 1621 Eusebii
2081 1566 2546 1621 conﬁrmationem
2565 1567 2594 1638 )‘
2615 1564 2808 1621 aﬁerre
2843 1584 2856 1619 :
2889 1577 2978 1618 res
3003 1561 3149 1618 enim
3200 1559 3511 1616 llebraicas
3565 1567 3636 1614 et

369 1653 703 1722 reliquorqu
735 1656 886 1710 orbis
912 1655 1042 1709 olim
1075 1657 1282 1726 cogniti
1321 1657 1646 1727 populorum
1698 1657 1774 1711 ita
1819 1654 2058 1711 Samueli
2118 1655 2383 1713 Eusebius
2415 1659 2744 1728 suppeditat,
2793 1666 2852 1713 ut
2911 1662 3014 1716 hoc
3051 1660 3412 1716 summarium
3462 1658 3633 1714 nihil

369 1744 482 1802 fere
544 1749 737 1802 habeat
787 1758 982 1818 praeter
1023 1749 1244 1806 Eusebii
1299 1752 1641 1822 aliorumque
1685 1752 2226 1824 cbronographorum
2287 1753 2503 1808 brevem
2531 1755 2820 1824 quamdam
2849 1756 3268 1825 repetitionem;
3313 1753 3628 1810 historiam

368 1854 532 1909 porro
578 1839 956 1896 Armeniacam
1011 1858 1184 1912 usque
1225 1844 1293 1898 ad
1336 1843 1617 1900 Christum
1674 1845 1742 1901 de
1773 1843 1997 1916 Virgine
2043 1847 2282 1917 genitum
2334 1845 2560 1902 totidem
2614 1863 2756 1917 saepe
2789 1848 2971 1902 verbis
3011 1863 3042 1902 e
3087 1847 3233 1904 Mose
3263 1847 3635 1903 Chorenensi

369 1932 616 1990 videmus
694 1936 970 1990 arcessiri.
1028 1936 1213 2008 Neque
1269 1947 1451 1994 tamen
1504 1947 1588 1995 est
1642 1955 1743 1995 cur
1793 1943 2083 2012 quisquam
2136 1949 2422 2010 propterea
2473 1939 2779 1995 Samuelem
2835 1941 3203 2012 spernendum
3262 1947 3440 2011 putet,
3493 1936 3624 1993 nisi

367 2026 508 2083 idem
544 2036 621 2082 tot
669 2025 892 2083 Latinos
925 2030 1006 2093 et}
1032 2027 1250 2086 Graecos
1290 2031 1736 2104 chronographos
1795 2049 1948 2104 aeque
2038 2034 2264 2106 pedibus
2294 2035 2487 2096 trahat,
2533 2037 2622 2105 qui
2664 2035 2907 2107 plerique
2947 2052 3138 2093 omnes
3177 2052 3301 2091 cum
3353 2037 3426 2092 ab
3474 2035 3656 2092 orbo-

364 2121 588 2176 condito
637 2121 939 2186 ordiantur,
991 2126 1301 2180 necessaria
1344 2127 1554 2183 ratione
1598 2127 1656 2182 ﬁt
1693 2138 1752 2184 ut
1802 2129 2048 2185 eamdem
2076 2131 2349 2185 crambem
2397 2131 2686 2185 videantur
2730 2147 3046 2202 recoquere.
3122 2132 3448 2203 Quanquam
3510 2145 3630 2188 nos

365 2230 456 2270 res
507 2212 860 2270 Armeniacas
900 2219 1193 2273 multorum
1247 2222 1313 2275 ad
1343 2237 1503 2279 aures
1553 2239 1699 2279 nunc
1728 2227 1959 2296 primum
1990 2237 2346 2296 perventuras
2380 2241 2688 2296 speramus,
2730 2229 3170 2299 quandoquidem
3211 2228 3375 2297 hujus
3432 2228 3631 2299 gentis

364 2321 454 2365 res
495 2306 735 2360 nondum
787 2309 919 2362 satis
959 2309 1012 2363 in
1063 2311 1308 2380 populari
1348 2313 1468 2368 luce
1530 2325 1840 2380 versantur,
1881 2325 2099 2386 propter
2143 2330 2331 2371 eorum
2362 2317 2712 2387 paucitatem,
2765 2318 2858 2387 qui
2903 2317 2971 2372 ad
3002 2318 3099 2373 has
3153 2318 3471 2373 scribendas
3525 2332 3633 2372 ac-

363 2408 667 2456 cesserunt.
728 2400 833 2457 Sed
885 2402 1013 2457 licet
1046 2402 1190 2472 quod
1239 2404 1472 2474 quisque
1503 2406 1644 2460 volet
1727 2408 2025 2472 existimet,
2098 2409 2153 2462 in
2202 2415 2392 2464 nostra
2463 2408 2682 2479 quidem
2753 2411 2990 2465 editione
3057 2420 3319 2481 quantum
3386 2391 3654 2464 Eusebii-

362 2493 571 2565 pritnus
612 2496 747 2551 liber
782 2496 1022 2552 secundo
1076 2498 1337 2568 dignitate
1365 2508 1607 2570 prazstat,
1642 2502 1973 2557 tantumdem
2007 2501 2276 2557 Samuelis
2329 2519 2453 2573 pars
2505 2501 2778 2572 posterior
2804 2503 3039 2572 prierem
3091 2500 3437 2572 jucunditate
3492 2499 3644 2555 fru-

363 2596 563 2661 ctuque
615 2603 856 2663 superat.
895 2593 1260 2649 Romanorum
1295 2607 1348 2650 et
1402 2597 1714 2652 Graecorum
1757 2600 2110 2669 imperatores
2158 2608 2373 2655 centum
2405 2600 2718 2654 scribuntur
2764 2599 2904 2668 apud
2934 2597 3239 2653 Samuelem
3269 2596 3338 2652 ab
3365 2597 3628 2667 Augusto

365 2677 433 2733 ad
489 2680 791 2738 Manuelem
846 2685 1204 2742 Comnenum.
1247 2686 1540 2742 Persarum
1599 2703 1815 2759 quoque
1859 2705 2017 2760 reges
2063 2691 2296 2761 primum
2326 2690 2624 2754 Arsacidae,
2665 2705 2786 2744 mox
2833 2688 3113 2745 Sasanidat
3152 2696 3274 2759 post
3321 2685 3618 2742 Christum

365 2785 539 2841 usque
573 2775 641 2828 ad
674 2774 1039 2831 Mahumetum
1074 2778 1196 2848 plus
1227 2779 1447 2849 triginta
1497 2790 1834 2836 narrantur:
1885 2782 1978 2852 qui
2047 2793 2334 2854 postquam
2382 2783 2574 2838 fatales
2619 2783 2797 2839 exitus
2848 2782 3178 2844 habuerunt,
3223 2787 3428 2837 exortae
3479 2787 3624 2834 sunt

367 2858 762 2917 Saracenorum
797 2865 1104 2920 Amirarum
1145 2867 1481 2937 tyrannides,
1535 2884 1766 2937 quarum
1811 2871 2003 2940 ingens
2034 2871 2245 2940 imperii
2299 2871 2468 2927 moles
2496 2872 2689 2940 partim
2718 2869 2935 2941 quidem
2967 2871 3322 2925 internecivis
3365 2868 3508 2925 odiis
3547 2883 3614 2922 ao

364 2951 822 3019 dissensionibus,
849 2956 1044 3024 partim
1074 2972 1203 3011 vero
1229 2955 1550 3028 Scytharum
1578 2961 1811 3016 adventu
1834 2970 1956 3031 post
1987 2977 2159 3017 annos
2192 2963 2586 3033 quinquaginta
2613 2964 2832 3019 circiter
2859 2979 3024 3034 supra
3041 2963 3306 3018 ducentos
3323 2961 3618 3016 debilitata

365 3059 430 3100 ac
485 3045 749 3114 dissipata
797 3056 900 3103 est.
961 3047 1246 3106 Praedictis
1302 3052 1568 3122 interiecti
1611 3053 1831 3108 fuerunt
1885 3057 2262 3110 Armeniorum
2319 3057 2562 3128 dynastaa
2608 3057 2748 3110 miro
2791 3056 2920 3111 ludo
2971 3057 3205 3111 fortuna:
3255 3056 3469 3126 jactati,
3506 3055 3617 3108 Ar-

365 3137 566 3193 sacidae
598 3139 855 3194 nimirum
897 3156 1073 3211 reges,
1111 3141 1420 3197 Mamicunii
1449 3144 1742 3214 principes,
1775 3142 1998 3209 Guunii,
2032 3144 2340 3210 Rhestunii,
2394 3145 2702 3212 Arzeruuii,
2734 3145 3068 3216 Bagratunii,
3108 3154 3300 3216 praeter
3339 3146 3618 3211 Persicos.

369 3229 676 3295 Arabicos,
733 3229 940 3295 lberos,
992 3231 1320 3303 Gratcosque
1350 3234 1654 3303 prtefectos.
1713 3234 1865 3292 Adde
1903 3237 2284 3291 Armeniorum
2319 3237 2659 3306 patriarchas
2721 3252 2999 3307 nunquam
3056 3237 3419 3295 intermissos.
3463 3239 3621 3297 Adde

369 3321 574 3377 Christi
618 3337 784 3378 teram
840 3339 872 3378 a
924 3325 1167 3394 vulgari‘
1191 3328 1324 3382 satis
1371 3327 1782 3384 dissentientem
1811 3369 1825 3394 ,
1872 3345 1978 3400 qua
2037 3331 2093 3384 in
2135 3345 2195 3384 re
2244 3327 2515 3385 Samuelis
2575 3329 2963 3400 chronologia,
3015 3338 3237 3401 propter
3290 3338 3528 3385 veterem
3561 3335 3619 3386 et

363 3415 740 3488 gravissimam
795 3430 1136 3470 summorum
1192 3418 1508 3473 criticorum
1563 3419 1630 3474 de
1689 3434 1796 3474 aera
1843 3421 2051 3491 vulgari
2101 3422 2706 3495 conlroversiam(a),
2744 3422 2888 3476 haud
2945 3420 3099 3476 flocci
3155 3421 3405 3476 facienda
3484 3429 3598 3478 est.

365 3504 519 3560 Adde
554 3520 716 3563 ieram
754 3505 1158 3571 Armeniacam,
1196 3522 1303 3561 non
1335 3517 1391 3563 ut
1418 3509 1580 3579 vulgo
1607 3510 1848 3564 Armenii
1880 3517 2195 3580 supputant,
2228 3511 2432 3564 Christi
2466 3527 2609 3565 anno
2651 3512 2776 3577 551,
2808 3511 2904 3566 sed
2937 3527 3081 3565 anno
3122 3511 3226 3565 553
3272 3511 3610 3568 institutam.

369 3594 517 3664 quod
579 3596 866 3652 verissime
918 3612 948 3649 a
981 3595 1233 3652 Samuele
1287 3598 1398 3653 dici
1453 3599 1778 3670 jampridem
1828 3599 2156 3674 Villel‘royus
2218 3617 2284 3658 ex
2330 3616 2473 3656 anno
2532 3600 3034 3673 Hierosolymorum
3072 3602 3464 3658 aChristianis
3511 3617 3625 3658 ca--

370 3697 585 3758 ptorum
611 3690 1083 3744 demonstravisse
1104 3689 1318 3745 videtur
1351 3691 1446 3761 (lt).
1474 3690 1591 3745 Jam
1618 3692 1748 3762 ipsa:
1782 3709 1870 3749 res
1893 3695 2143 3750 :etatibus
2171 3710 2356 3765 regum
2396 3694 2730 3764 interpositae
2754 3703 2970 3764 quantae
2991 3693 3209 3748 demum
3234 3693 3402 3749 sunt?
3425 3692 3630 3759 Quan-

364 3799 527 3856 quam
567 3783 833 3838 Samuelis
855 3798 964 3837 non
995 3791 1081 3838 est
1103 3783 1348 3851 historia,
1377 3784 1471 3839 sed
1502 3785 1678 3854 capita
1700 3786 1945 3856 quaedam
1973 3796 2027 3842 et
2057 3788 2300 3843 historiae
2328 3787 2776 3854 commentarius,
2806 3787 3047 3840 virorum
3086 3793 3270 3841 tamen
3306 3785 3610 3842 illustrium

366 3874 610 3930 facinora
660 3876 942 3930 innumera
1003 3883 1523 3930 commemorantur.
1561 3877 1628 3930 Et
1676 3877 1895 3946 quidem
1938 3878 2218 3933 laetissima
2267 3887 2350 3934 est
2409 3878 2736 3933 illuminatio
2782 3875 3189 3941 Armeniorum,
3223 3891 3330 3944 quo
3352 3883 3602 3946 tempore

364 3985 499 4042 gens
554 3969 645 4024 illa
699 3969 953 4022 universa
1003 3968 1308 4023 incredibili
1364 3968 1545 4024 studio
1597 3977 1651 4024 et
1702 3985 1972 4026 consensu
2029 3970 2098 4025 ad
2140 3971 2417 4027 Christum
2450 3970 2776 4034 convolavit,
2829 3967 3089 4038 prodigiis
3140 3967 3392 4038 plurimis
3430 3967 3609 4023 maxi-

368 4063 579 4132 misque
623 4059 724 4115 SS.
785 4058 1032 4123 Gregorii
1069 4070 1124 4114 et
1177 4059 1495 4130 Rhipsimia:
1546 4062 1916 4131 comitumque
1959 4064 2254 4118 virtutibus
2315 4071 2424 4116 tota
2473 4061 2732 4115 Armenia
2778 4059 3143 4129 strepentibus
3205 4057 3298 4131 (c).
3349 4057 3485 4113 Exin
3534 4069 3617 4120 tot

367 4153 691 4221 templorum
725 4148 1212 4219 coenobiorumquc
1266 4148 1514 4215 aediﬁcia,
1553 4157 1634 4203 tot
1677 4152 1936 4222 martyria
1967 4151 2281 4217 fortissima,
2315 4159 2394 4207 tot
2418 4151 2682 4208 doctrinis
2717 4149 3107 4218 laboribusque
3134 4151 3456 4204 conﬁrmata
3483 4152 3616 4207 reli-

367 4245 483 4318 gio.
532 4244 856 4314 Quanquam
907 4257 1038 4297 vero
1097 4251 1288 4313 postea
1350 4259 1450 4298 nec
1492 4243 1727 4299 luereses
1775 4259 1953 4315 neque
2017 4245 2316 4300 schismata
2366 4260 2544 4315 neque
2600 4243 2836 4314 partium
2878 4241 3182 4312 praesertim
3237 4240 3615 4298 furiosissimn

367 4341 546 4398 studia
611 4339 939 4402 defuerunt;
997 4344 1178 4392 tamen
1226 4337 1374 4390 natio
1398 4337 1786 4392 Armeniorum
1817 4353 2098 4409 nunquam
2134 4353 2194 4394 se
2253 4353 2283 4391 a
2333 4337 2720 4393 communione
2753 4333 3003 4390 Romana
3056 4337 3296 4390 cunctim
3341 4335 3610 4404 sejunxit.

365 4433 504 4504 Quid
535 4430 789 4485 Haicanre
822 4429 1142 4482 litteraturae
1189 4428 1626 4498 auspicatissima
1697 4429 1851 4484 initia
1901 4436 1955 4484 et
2009 4443 2330 4501 progressus
2363 4442 2534 4499 prope
2590 4425 2962 4490 admirabiles,
2990 4425 3094 4480 nisi
3153 4432 3267 4478 tam
3304 4440 3446 4497 saepe
3477 4442 3617 4498 pro-

365 4531 502 4588 cella
530 4529 856 4587 litterarum,
913 4523 1075 4577 turbo
1115 4537 1178 4577 ac
1230 4529 1526 4593 tempestas
1569 4524 1896 4581 eruditionis
1924 4524 2103 4580 omnis
2158 4524 2360 4578 bellum
2409 4521 2687 4578 Persicum
2721 4528 2775 4576 et
2823 4535 2949 4575 mox
2975 4519 3269 4574 Arabicum
3299 4519 3355 4574 in
3405 4521 3611 4580 Arme-

366 4626 509 4680 niam
545 4615 910 4692 pervasisset?
933 4615 1307 4673 Mahumeticm
1329 4619 1583 4688 potentia
1607 4620 1941 4675 incunabula
1962 4629 2016 4677 et
2040 4620 2374 4675 incrementa
2398 4618 2732 4690 (quanquam
2755 4615 3117 4671 communiori
3144 4614 3603 4674 Saracenicorum

365 4729 671 4790 temporum
717 4712 964 4768 historiae
996 4727 1187 4783 parum
1218 4729 1459 4770 consona
1485 4713 1502 4786 (
1530 4715 1602 4786 ά)
1629 4755 1644 4780 ,
1675 4715 1949 4772 Armeniae
1994 4715 2372 4787 lacrymahiles
2429 4713 2781 4777 vastationes,
2819 4710 3134 4766 Latinorum
3175 4711 3230 4766 in
3265 4708 3614 4768 Palaestinam

363 4810 738 4881 expeditiones
785 4812 918 4865 satis
973 4810 1137 4865 ubere
1171 4806 1312 4877 stylo
1371 4807 1728 4862 scribuntur:
1768 4824 1945 4878 neque
1977 4807 2141 4862 ullius
2196 4823 2333 4878 pene
2388 4806 2468 4861 rei
2529 4806 2762 4862 varietas
2800 4804 3173 4870 desideratur;
3231 4821 3340 4861 non
3392 4805 3614 4860 urbium

367 4900 663 4973 primordia
683 4910 736 4955 et
754 4901 984 4968 excidia,
1008 4915 1117 4955 non
1137 4897 1311 4954 caedes
1338 4898 1656 4962 innumerae,
1687 4914 1797 4953 non
1820 4898 2138 4969 pestilentiae
2163 4897 2464 4968 famesque,
2497 4911 2604 4951 non
2639 4897 2982 4960 scelera,non
3015 4895 3257 4960 fraudes,
3275 4910 3385 4950 non
3411 4902 3614 4949 stratae

363 5001 599 5065 gemata,
646 5008 755 5048 non
809 4993 1044 5064 denique
1075 4994 1367 5047 multorum
1406 4991 1686 5046 hominum
1735 4991 1960 5059 litteris,
2014 4991 2399 5055 sanctimonia,
2437 4989 2631 5044 bellica
2679 4998 2796 5043 arte
2838 4988 3216 5057 praestantium
3246 4986 3608 5043 enumeratio.

365 5087 542 5155 Atque
567 5085 682 5139 haec
713 5085 896 5138 omnia
935 5085 1080 5139 notis
1106 5084 1378 5139 editorum
1404 5082 1656 5153 plurimis
1685 5091 1738 5136 et
1780 5083 2234 5152 castigationibus
2271 5082 2596 5138 illustranda
2625 5087 2787 5138 erant
2818 5089 2980 5152 atque
3017 5077 3322 5150 purganda,
3355 5077 3462 5133 nisi
3505 5090 3607 5131 nos

368 5175 642 5232 festinatio
667 5175 846 5246 operis
876 5174 944 5228 ab
974 5173 1120 5228 omni
1149 5173 1261 5228 fere
1297 5171 1650 5241 exquisitiora
1679 5185 1811 5224 cura
1838 5181 2140 5227 avocasset.

438 5269 502 5329 ν.
542 5273 620 5328 De
656 5272 920 5329 Samuelis
959 5269 1271 5327 orthodoxia
1307 5268 1638 5340 conjecturae.
1690 5296 1761 5307 —-
1808 5265 1964 5323 Nunc
2001 5267 2049 5325 si
2104 5268 2230 5324 licet
2267 5267 2334 5324 de
2372 5267 2643 5339 religiosis
2681 5281 2898 5338 quoque
2941 5264 3212 5324 Samuelis
3251 5261 3607 5335 dogmatibus

440 5447 514 5518 (α)
543 5447 678 5504 Vide
703 5449 749 5503 si
777 5448 911 5503 nihil
943 5447 1110 5511 aliud,
1148 5454 1293 5502 certe
1331 5445 1500 5518 libros
1537 5443 1755 5500 Henrici
1789 5443 1928 5500 San-
2031 5461 2170 5518 num
2191 5445 2390 5518 Christi
2420 5446 2524 5518 648
2545 5445 2946 5518 retrahendum
2975 5451 3057 5518 est
3103 5439 3292 5518 (quod
3339 5442 3459 5518 ipse
3497 5437 3609 5518 _Sa-

364 5507 636 5588 clefm'cntii
667 5519 741 5571 De
765 5518 992 5588 vulgaris
1027 5507 1148 5573 terra
1183 5517 1562 5588 emendatione.
1772 5584 1785 5588 _
1808 5585 1821 5588 _
1843 5585 1856 5588 _
1878 5584 1896 5588 _
2031 5516 2174 5570 muel
2209 5517 2274 5588 ad
2307 5532 2394 5570 an.
2429 5516 2631 5588 Christi
2655 5514 2767 5588 76_18
2799 5516 2934 5570 satis
2965 5507 3122 5567 docet
3145 5507 3206 5582 )’;
3245 5507 3378 5564 ιυηϊ
3404 5507 3598 5561 Mallu-

441 5587 514 5650 (ὁ)
545 5589 699 5657 Apud
717 5584 1628 5654 Montl'auconium,Biblioth.mss.,
1671 5602 1726 5655 p.
1769 5584 1926 5649 1016,
2031 5588 2158 5657 meti
2198 5586 2547 5655 priorumque
2571 5585 2866 5657 Calil‘arum
2912 5599 2999 5638 res
3041 5592 3206 5657 gesta:
3251 5595 3317 5635 ex
3365 5591 3599 5633 accura-

369 5657 528 5712 1017.
595 5653 611 5657 ⁷
1673 5653 1686 5655 “
2029 5653 2532 5724 tioribusArabum
2568 5656 2808 5710 historiis
2839 5653 3229 5724 cognoscendae
3263 5657 3427 5724 sunt,
3462 5661 3602 5717 quas

439 5726 511 5808 (ei
549 5724 686 5808 [tege
715 5727 779 5781 ad
809 5725 1012 5808 Christi
1043 5725 1398 5808 annum
1566 5796 1598 5808 __
1745 5801 1757 5808 ι
2031 5742 2137 5808 non
2179 5723 2368 5794 parum
2391 5724 2634 5808 'Sa‘mucl
2679 5725 2746 5781 ad
2791 5742 2878 5780 an.
2912 5721 3036 5779 ’648
3078 5721 3398 5794 perturbare
3429 5727 3595 5788 atque

437 5796 516 5866 (ά)
557 5794 772 5851 Scilicet
821 5804 934 5851 tum
982 5797 1181 5868 begirm
1211 5797 1424 5850 initium
1472 5796 1641 5850 multo
1673 5801 1795 5850 ante
1827 5809 1926 5851 an~
2031 5798 2325 5858 obscurare
2356 5796 2586 5855 videtur.
