3878 6264
292 339 434 396 603
1351 341 1438 398 DE
1478 341 1801 399 SAMUELE

2012 341 2104 398 ilSi
2141 339 2528 398 ΡΒᾹΞΕΑἹΊΟ.
3441 341 3543 398 606

301 461 603 534 judicium
644 462 1000 536 interponere
1027 504 1043 529 ,
1084 464 1141 520 in
1179 465 1369 536 primis
1405 465 1704 522 notandum
1743 473 1864 534 est,
1901 463 2207 521 Orientales
2245 463 2529 519 haereticos
2567 459 3026 533 (Samosatenum
3067 471 3196 532 puta
3221 501 3236 525 ,
3293 459 3545 515 Macedo-

304 556 484 611 nium
510 595 528 620 ,
570 553 885 612 Nestorium
925 565 1089 627 atque
1121 555 1282 626 alios)
1306 571 1414 611 non
1449 555 1683 612 obscure
1721 555 1775 610 in
1811 555 1915 610 hoc
1953 553 2210 609 Chronico
2247 540 2618 607 condemnari.
2656 547 2777 604 Jam
2818 552 2890 606 ab
2926 555 3042 620 ipsa
3081 546 3548 604 Chalcedonensis

307 651 536 722 synodi
581 653 990 724 oppugnatione
1025 657 1080 706 et
1111 665 1142 704 a
1181 650 1412 724 crimine
1449 649 1918 720 Monophysitico,
1946 647 2018 703 ob
2047 662 2168 718 quae
2206 646 2428 700 nomina
2467 644 2608 700 male
2636 642 2912 698 interdum
2939 640 3176 694 Armenii
3205 639 3548 704 audiverunt,

303 744 470 799 satis
511 722 1068 801 Samuelﬁabhorrere
1104 745 1342 802 videtur.
1364 722 1433 802 .ls
1472 747 1676 817 quippe
1710 760 1854 800 anno
1890 744 2098 800 Christi
2139 743 2244 797 640
2283 741 2488 797 diserte
2525 741 2722 805 docet,
2765 739 2833 793 ab
2889 735 3064 792 Esdra
3101 733 3410 805 patriarcha
3447 733 3550 788 Ar-

309 835 644 891 meniorum
688 837 746 891 in
784 836 1252 892 Chalcedonensis
1274 837 1465 908 synodi
1486 836 1808 892 sententiam
1846 823 2074 905 pedibus
2114 834 2249 888 itum
2282 848 2442 900 esse;
2475 847 2596 887 cum
2636 839 2818 886 tamen
2851 840 2994 882 anno
3025 823 3228 880 Christi
3261 825 3366 879 527
3393 830 3554 880 caute

309 926 676 991 reticuisset,
722 927 1087 996 patriarcham
1116 928 1338 986 Nersem
1367 930 1820 986 Astarachensem
1841 971 1857 998 ,
1891 931 2349 1002 Eutychianorum
2379 927 2661 984 fraudibus
2697 926 3129 982 circumventum
3157 919 3554 992 Persarumque

314 1023 508 1078 armis
546 1024 902 1080 conterritum
943 1025 1020 1096 (α)
1047 1063 1064 1090 ,
1104 1027 1375 1097 praedictae
1419 1028 1610 1099 synodi
1657 1043 1900 1083 canones
1943 1025 2278 1090 rescidisse,
2325 1039 2435 1095 quo
2491 1023 2712 1080 silentio
2751 1021 2968 1077 Samuel
3020 1020 3383 1075 calamitatem
3432 1018 3555 1088 ejus

311 1121 462 1176 facti
505 1122 749 1178 studiose
785 1139 845 1179 se
883 1130 1067 1194 tegere
1106 1122 1305 1177 innuit.
1345 1121 1563 1179 Rursus
1602 1137 1746 1177 anno
1781 1121 1987 1179 Christi
2027 1121 2132 1176 856
2172 1119 2451 1174 Zachariae
2490 1117 2816 1191 patriarchae
2846 1117 3246 1173 ecclesiasticas
3283 1115 3554 1171 constitu-

310 1217 511 1271 tiones
551 1213 767 1272 Samuel
819 1218 1089 1272 collaudat
1124 1233 1138 1270 :
1180 1220 1329 1286 atqui
1367 1217 1708 1287 esploratum
1747 1223 1866 1280 est,
1923 1216 1992 1271 ab
2043 1217 2150 1271 hoc
2201 1214 2459 1288 pontifice
2513 1212 3010 1269 Chalcedonensem
3053 1208 3248 1263 iterum
3289 1204 3554 1288 synodum

316 1304 507 1360 fuisse
545 1309 944 1378 comprobatam
979 1311 1076 1382 (ὁ).
1108 1279 1296 1378 Quid?
1332 1279 1700 1384 Eut-ychianos
1733 1313 1894 1377 duos,
1918 1311 2183 1367 Joannem
2203 1279 2701 1366 .Mairacomensem
2733 1313 2786 1362 et
2819 1305 3088 1374 Sergium,
3118 1317 3300 1358 nonne
3334 1279 3554 1356 Samuel

318 1406 528 1468 aperte
561 1410 880 1456 exsecratur
917 1403 1034 1473 (c)?
1085 1402 1302 1459 Utinam
1351 1413 1406 1460 et
1452 1405 1687 1461 Zenonis
1727 1403 2018 1460 Hencticon
2074 1412 2243 1474 atque
2292 1400 2570 1457 Anastasii
2624 1399 2976 1470 praedictique
3020 1397 3254 1453 Zenonis
3305 1395 3555 1467 dogmata

317 1488 491 1560 nigro
527 1504 677 1560 aque
714 1493 898 1563 lapillo
934 1496 1172 1566 signaret
1210 1495 1289 1567 (ά)
1320 1497 1334 1550 l
1386 1495 1503 1554 Nisi
1555 1497 1696 1553 forte
1749 1497 2017 1553 Samuelis
2059 1497 2114 1551 hi
2153 1497 2261 1551 loci
2301 1495 2609 1562 interpolati
2649 1501 2777 1548 sunt
2813 1495 2880 1548 ab
2917 1493 2986 1548 iis
3021 1493 3221 1563 quibus
3258 1489 3556 1547 Chalcedo-

331 1597 515 1640 nense
549 1587 840 1642 concilium
879 1589 1198 1660 displicuit;
1239 1591 1385 1661 quod
1422 1607 1594 1662 genus
1631 1590 2109 1662 interpolationum
2147 1588 2278 1644 alibi
2314 1602 2531 1659 quoque
2590 1587 2646 1641 in
2703 1585 2973 1643 Samuelis
3022 1587 3303 1642 codicibus
3353 1585 3554 1655 depre-

327 1675 642 1732 hendimus.
686 1676 791 1734 Sed
832 1678 1100 1742 Samuelis
1148 1687 1524 1742 orthodoxiam
1564 1688 1642 1742 nil
1676 1687 2046 1742 vehementius
2081 1685 2442 1748 commendat,
2466 1700 2626 1754 quam
2665 1683 2808 1753 quod
2848 1683 2895 1739 is
2924 1683 2978 1737 in
3009 1683 3200 1754 Deghaa
3237 1682 3556 1753 patriarcha

330 1765 582 1820 Clienlela
634 1766 779 1828 fuit.
827 1770 986 1840 cujus
1035 1774 1274 1832 hominis
1321 1776 1568 1832 doctrina
1621 1777 1887 1833 catholica
1940 1792 2009 1832 ex
2063 1776 2310 1845 ejusdem
2364 1775 2586 1845 scriptis
2636 1775 2910 1844 rebusque
2972 1776 3140 1846 gestis
3181 1775 3554 1844 cognoscitur.

334 1852 575 1926 Namque
610 1855 790 1929 Degha
827 1862 1047 1932 scriptis
1085 1863 1281 1919 litteris
1321 1863 1418 1936 (et
1453 1865 1672 1936 quidem
1711 1865 1874 1919 etiam
1916 1864 1985 1918 ad
2021 1862 2380 1919 Caelestinum
2432 1861 2501 1917 ιιι
2549 1862 2786 1934 papam)
2839 1864 3320 1938 Menephysiticam
3350 1865 3557 1935 ,labem

340 1948 641 2006 insectatus
679 1960 764 2006 est
788 1993 804 2018 ,
843 1962 1034 2009 coacta
1075 1967 1257 2012 autem
1296 1959 1506 2030 synodo
1544 1959 1690 2013 circa
1729 1973 1852 2013 eum
1894 1959 2070 2029 ipsum
2112 1974 2344 2022 annum,
2381 1974 2490 2028 quo
2530 1957 2825 2013 Claronicon
2865 1958 3134 2013 Samuelis
3191 1957 3556 2045 concluditur.

345 2044 483 2101 duas
517 2047 837 2105 solemniter
877 2049 1084 2107 Christi
1122 2061 1350 2109 naturas
1384 2054 1454 2109 ab
1491 2052 1764 2109 Armeniis
1803 2053 2231 2124 pronuntiandas
2271 2053 2482 2107 curavit
2541 2051 2631 2123 te).
2688 2051 2930 2123 Denique
2967 2053 3108 2124 quod
3149 2053 3322 2106 sancti
3359 2044 3554 2106 nomen

337 2137 528 2196 Joanni
567 2140 818 2199 Ozniensi
857 2145 1086 2216 largitur
1125 2147 1349 2203 Samuel
1388 2148 1468 2220 (ι’)
1501 2188 1518 2213 ,
1560 2149 1615 2204 in
1656 2149 1846 2220 primis
1879 2148 2160 2205 sciendum
2198 2156 2282 2204 est
2305 2187 2320 2213 ,
2358 2148 2771 2204 criminationes
2804 2148 3066 2202 adversus
3099 2148 3245 2201 hunc
3283 2147 3555 2201 hominem

341 2233 570 2292 inventis
607 2254 809 2308 nupera
852 2247 1008 2295 aetate
1049 2238 1389 2294 documentis
1425 2254 1749 2310 magnopere
1802 2238 1971 2296 fuisse
2009 2238 2210 2295 fractas
2237 2279 2252 2304 ,
2294 2238 2656 2310 eumdemque
2694 2255 2724 2293 a
2765 2239 3201 2310 Monophysitica
3241 2239 3560 2309 suspicione

344 2325 622 2382 liberatum
663 2329 760 2400 (g).
801 2328 868 2383 Et
903 2329 1122 2400 quidem
1160 2330 1216 2384 in
1256 2338 1495 2385 veterum
1549 2331 1768 2401 scriptis
1819 2331 1994 2386 sancti
2048 2346 2245 2386 nomen
2299 2330 2479 2387 civilis
2539 2332 2918 2386 tantummodo
2973 2333 3278 2401 privatique
3336 2328 3559 2387 honoris

342 2435 502 2476 causa
542 2422 813 2478 interdum
852 2425 1148 2479 tribuitur:
1187 2421 1427 2478 Joannes
1460 2432 1639 2478 autem
1677 2423 1768 2478 hic
1803 2423 2091 2480 Ozniensis
2160 2424 2215 2477 in
2271 2435 2427 2478 sacra
2481 2422 2863 2477 Armeniorum
2919 2422 3243 2476 Kalendaria
3304 2422 3562 2490 pleraque

347 2532 449 2572 non
496 2526 582 2573 est
619 2521 842 2576 relatus.
885 2518 1143 2575 Miramur
1176 2519 1306 2575 item
1347 2519 1676 2592 singularem
1718 2519 1986 2575 Samuelis
2037 2520 2094 2574 in
2147 2519 2398 2590 religiosa
2452 2519 2685 2574 historia
2735 2516 3024 2574 scribenda
3063 2513 3511 2582 tranquillitatem
3537 2550 3558 2579 ,

349 2623 462 2663 cum
499 2617 681 2667 tamen
715 2609 908 2666 Oriens
941 2611 1152 2682 magnis
1192 2609 1490 2666 factionum
1529 2609 1763 2666 ﬂammis
1791 2611 1942 2666 omni
1975 2618 2218 2681 tempore
2246 2612 2534 2666 exarserit.
2566 2612 2727 2667 Certe
2756 2609 3039 2680 permultis
3067 2605 3560 2662 controversiarum

353 2704 535 2760 harum
576 2705 944 2775 scriptoribus
980 2713 1193 2760 tantum
1234 2721 1376 2776 saepe
1413 2705 1651 2760 furorem
1689 2703 2098 2761 dissensionum
2137 2713 2304 2761 azstus
2342 2705 2542 2774 objecit
2565 2745 2581 2770 ,
2625 2714 2686 2759 ut
2721 2719 2909 2760 eorum
2958 2709 3166 2757 mentes
3215 2699 3358 2755 haud
3403 2695 3565 2754 valde

355 2791 517 2847 absint
555 2794 626 2848 ab
664 2795 918 2858 insania,
961 2791 1162 2848 nedum
1205 2791 1379 2847 facilis
1417 2793 1599 2849 aditus
1635 2793 1850 2849 veritati
1905 2795 2265 2864 relinquatur.
2313 2794 2479 2864 Atqui
2527 2809 2662 2863 Opus
2709 2802 2793 2850 est
2833 2801 2892 2846 ut
2939 2792 3285 2846 Christianus
3333 2789 3561 2858 quisque

356 2880 586 2946 lenitati,
630 2884 1077 2949 mansuetudini,
1115 2892 1482 2955 praetereaque
1513 2884 1739 2953 unitati,
1769 2885 2075 2940 concordiae
2105 2891 2158 2940 et
2194 2885 2510 2940 oboedientiae
2542 2885 2793 2939 studeat:
2827 2883 3066 2952 alioquin
3104 2882 3388 2934 videamus
3413 2918 3428 2943 ,
3463 2873 3566 2946 per

357 2967 504 3025 Deum
545 2971 947 3028 immortaleml
991 2987 1150 3042 quem
1191 2973 1245 3026 in
1282 2973 1461 3027 locum
1503 2988 1593 3028 res
1632 2987 1819 3029 sacras
1858 2981 2214 3045 perventuras
2253 2981 2530 3043 putemus.
2575 2971 2679 3027 Sed
2717 2974 2839 3042 quis
2875 2973 3092 3028 demum
3154 2970 3420 3026 Samuelis
3468 2983 3560 3023 or-

356 3064 649 3119 thodoxiam
691 3081 800 3121 non
835 3081 902 3121 ex
935 3081 998 3121 ea
1036 3060 1352 3119 narratione
1389 3069 1709 3132 auguretur,
1749 3078 1858 3133 qua
1897 3061 2217 3133 Gregorium
2251 3061 2624 3134 patriarcham
2664 3060 2732 3116 lii
2770 3061 3085 3118 Armenium
3127 3079 3154 3118 a
3193 3061 3560 3116 Romanorum

353 3161 551 3230 regibus
601 3169 764 3231 atque
815 3159 1162 3232 pontificibus
1212 3171 1425 3211 summo
1473 3156 1683 3211 honore
1733 3157 1982 3212 all‘ectum
2033 3157 2298 3228 gloriatur
2336 3157 2440 3227 (Ιι),
2502 3170 2736 3225 eumque
2775 3155 2842 3211 ad
2877 3153 3336 3227 Jerosolymorum
3377 3151 3563 3206 urbem

351 3251 646 3321 profectum
671 3293 686 3318 ,
723 3268 754 3306 a
792 3246 1004 3306 Latinis
1038 3253 1111 3308 ibi
1148 3252 1496 3308 versantibus
1533 3252 1898 3308 orthodoxum
1935 3269 2056 3310 esse
2089 3254 2394 3324 judicatum
2419 3295 2434 3321 ,
2477 3261 2530 3308 et
2568 3267 2783 3308 summo
2818 3252 2997 3308 studio
3022 3253 3274 3322 omnique
3303 3247 3564 3303 charitate

350 3341 639 3396 dilectum:
679 3357 789 3413 qua
825 3358 885 3397 re
921 3342 1152 3399 miriﬁce
1189 3344 1492 3398 delectatus
1531 3341 1795 3410 Samuel,
1836 3344 1963 3399 hinc
2005 3345 2110 3400 sibi
2148 3344 2364 3400 demum
2403 3345 2744 3414 exploratum
2797 3345 2919 3409 ait,
2959 3351 3170 3413 gentem
3222 3355 3375 3396 suam
3424 3355 3566 3392 nun-

317 3449 495 3508 quam
535 3437 780 3508 supremi
817 3436 1068 3492 Numinis
1103 3437 1274 3508 gratia
1305 3436 1621 3492 excidisse?
1655 3437 1775 3492 Jam
1816 3438 1950 3493 illud
1988 3447 2204 3510 quanta:
2244 3439 2470 3509 justitiae
2521 3446 2627 3506 est,
2683 3437 2829 3509 quod
2881 3445 3068 3492 narrat
3113 3435 3429 3507 Gregorium
3469 3447 3566 3505 pa-

344 3532 636 3586 triarcham
673 3531 828 3588 valde
865 3532 1258 3602 improbavisse
1312 3530 1692 3586 Armeniorum
1744 3533 1950 3604 aliquot
1999 3533 2351 3589 defectionem
2411 3533 2480 3588 ab
2531 3533 2865 3588 heterodoxo
2916 3550 3079 3604 rege,
3137 3535 3228 3602 qui
3284 3541 3457 3586 tamen
3507 3535 3563 3585 et

345 3625 666 3682 Christianis
704 3626 876 3682 sacris
914 3626 1017 3682 fide
1069 3625 1304 3695 obligata
1342 3625 1595 3694 favebat,
1635 3635 1688 3682 et
1721 3627 1842 3697 jure
1880 3629 2147 3698 imperare
2202 3628 2485 3683 videbatur
2543 3627 2666 3699 (i)?
2703 3627 3018 3697 Quanquam
3058 3623 3185 3677 alibi
3225 3618 3566 3675 Saracenicae

343 3718 718 3790 superstitioni
745 3725 798 3773 et
827 3718 1100 3790 tyrannidi
1158 3735 1256 3790 pro
1282 3720 1477 3775 merito
1507 3721 1783 3776 maledicit
1812 3720 2051 3778 Samuel.
2083 3724 2307 3790 Quantae
2336 3739 2532 3779 rursus
2561 3723 2894 3780 fortitudinis
2921 3731 3004 3778 est
3030 3762 3046 3786 ,
3083 3719 3224 3790 quod
3255 3716 3562 3771 Graecorum

345 3814 649 3887 principum
675 3851 691 3878 ,
759 3829 992 3884 quorum
1030 3814 1146 3884 ipse
1182 3815 1267 3869 vel
1303 3822 1462 3870 atate
1498 3816 1584 3870 vel
1635 3832 1803 3888 prope
1853 3819 1908 3872 in
1956 3819 2159 3875 ditione
2206 3821 2460 3884 vivebat,
2503 3819 2783 3890 perfidiam
2823 3819 2878 3873 in
2915 3815 3137 3872 Latinos
3175 3823 3336 3884 atque
3373 3810 3563 3880 impie-

347 3915 504 3962 tatem
541 3906 806 3964 adversus
842 3921 1059 3962 causam
1097 3904 1465 3961 Christianam
1503 3913 1615 3961 tam
1669 3915 1854 3978 aperte
1899 3911 2226 3965 condemnat
2274 3909 2415 3980 (j)?
2462 3909 2578 3965 Nisi
2617 3909 2791 3977 forte,
2830 3910 2974 3980 quod
3013 3911 3068 3962 in
3105 3921 3164 3960 re
3211 3902 3376 3958 simili
3426 3900 3565 3956 dixit

352 3999 704 4072 Hieronymus
741 4001 814 4071 (k)
841 4040 858 4066 ,
898 4002 1060 4056 timor
1095 3998 1187 4053 Dei
1227 3999 1506 4054 hominum
1545 4000 1791 4058 timorem
1829 4004 2066 4074 expellit.
2115 4003 2350 4059 Omnino
2391 4002 2606 4058 Samuel
2656 4001 2924 4073 ejusmodi
2974 3997 3207 4067 scriptor
3240 4001 3364 4060 est,
3402 4006 3564 4066 quem

351 4095 595 4163 genuisse
630 4094 870 4150 Armenii
907 4095 1100 4150 merito
1137 4096 1463 4166 glorientur,
1503 4095 1752 4170 Europaei
1791 4108 1974 4156 autem
2013 4115 2160 4155 nunc
2198 4114 2535 4170 cognoscere
2573 4100 2828 4171 gestiant.

422 4330 489 4400 (α)
527 4329 668 4402 Lege
701 4330 1016 4402 Serposium
1062 4333 1379 4402 Compendio
1431 4337 1664 4402 εισι-ξω,
1714 4347 1782 4394 ι.Δ
1815 4338 1896 4404 ιι,
2075 4339 2149 4408 (9)
2189 4336 2330 4408 Lege
2363 4335 2701 4406 Serposium,
2744 4343 2784 4389 t.
2815 4333 2892 4399 ιι,
2923 4349 2976 4404 p.
3003 4331 3092 4395 te,
3117 4327 3353 4385 377-397
3382 4341 3558 4400 ερας..

439 4401 502 4455 54
529 4418 645 4455 sua.
2005 4409 2243 4455 itemmie
2287 4423 2593 4455 sermonem
2644 4407 2816 4455 insitis
2854 4403 3142 4455 Ozniensis
3172 4407 3354 4453 contra
3386 4395 3558 4452 Pitan-

529 4395 645 4477 Wi-
1192 4395 1202 4402 I
1649 4395 1659 4402 ’
1881 4395 1895 4404 ⁷
2005 4395 2243 4477 itemque
2267 4395 2593 4462 "sermonem
2644 4395 2816 4476 ipsius
2854 4395 3142 4461 Oz'niensis
3172 4407 3354 4453 contra
3386 4395 3562 4452 Hibit-
3640 4433 3647 4439 -

425 4471 489 4551 (δ)
527 4471 742 4551 S_e_rpos.
771 4475 1076 4551 Compend,
1107 4486 1148 4530 t.
1179 4477 1221 4532 ll
1243 4518 1260 4544 ,
1288 4495 1341 4551 p.
1373 4477 1442 4532 46
1468 4487 1522 4534 et
1550 4477 1670 4532 434.

709 4491 742 4530 ι,
771 4475 1076 4551 ςρηιρςηᾴη
1107 4486 1148 4530 t.
1179 4477 1221 4532 ll
1243 4518 1260 4544 ,
1288 4495 1341 4551 p.
1373 4477 1442 4532 46
1468 4487 1522 4534 et
1550 4477 1670 4532 434.
2005 4489 2061 4532 ta
2080 4471 2240 4551 .tic'os.

431 4543 493 4617 (ς)
529 4543 733 4617 Ati-an.
766 4548 863 4602 Ch.
900 4543 1025 4617 645.
1247 4543 1253 4544 ί
1289 4543 1308 4551 ⁷

1247 4543 1308 4551 θ’
2075 4550 2154 4617 (It)
2193 4547 2272 4600 Ad
2302 4563 2394 4604 an.
2427 4547 2528 4602 Ch.
2561 4547 2720 4617 ius.

428 4611 609 4688 imm
643 4629 734 4688 an.
767 4617 868 4671 Ch.
896 4616 1004 4688 tas
1033 4617 1235 4688 et51'1.
1290 4687 1295 4688 ί
1454 4685 1494 4688 η
1666 4687 1669 4688 ί
2078 4611 2151 4688 (ί)
2191 4617 2272 4688 Ad
2307 4615 2722 4688 an.Ch.i1‘.’6.

425 4680 484 4753 (ε)
516 4680 653 4754 Lege
683 4685 1004 4754 Set-positum
1033 4685 1344 4758 Compend.,
1376 4695 1418 4746 t.
1452 4685 1496 4742 il
1516 4730 1530 4758 ,
1560 4704 1614 4759 p.
1647 4687 1773 4746 446.

425 4750 487 4810 ff)
517 4754 599 4810 Ad
630 4769 722 4810 an.
758 4755 856 4810 Ch.
895 4756 1012 4810 718.

1516 4730 1530 4758 ,
1560 4704 1614 4759 p.
1647 4687 1773 4746 M6.
2194 4686 2271 4741 Ad
2305 4703 2393 4741 an.
2428 4687 2528 4741 Ch.
2562 4687 2700 4741 1099
2727 4693 2780 4765 et
2809 4683 2946 4739 1150

2080 4757 2096 4810 f
2137 4763 2151 4810 l
2191 4756 2416 4810 Prwfat.
2455 4757 2521 4810 ad
2556 4753 2768 4810 Eusebii
2798 4753 2992 4810 Chron.
3023 4753 3035 4810 i

422 4750 487 4825 (Ι)
517 4750 613 4810 Λᾶ
630 4769 722 4810 an.
758 4750 856 4811 Ch.
895 4756 1012 4811 718.
1165 4750 1176 4758 ’
1330 4750 1340 4756 ⁷
1516 4750 1528 4758 ’
1561 4750 1580 4759 ’
2191 4756 2416 4827 Ρνωίαι.
2455 4757 2521 4811 ad
2556 4753 2768 4813 Eusebii
2798 4753 2992 4811 Chron.
3023 4753 3080 4810 in
3110 4755 3236 4812 line.
