3878 6264
381 323 484 380 607

1433 333 1774 391 ΛΡΡΕΝΒΙΧ
1817 337 1908 392 AD
1945 337 2215 396 EUSEBII
2251 341 2664 404 CHRONICON.

405 541 3692 587 ....__._..___________________________________________________

1407 729 1972 887 SAMUELIS
2058 734 2603 892 ANIENSIS

1071 1019 1891 1138 SUMMARII
2024 1028 2940 1146 TEMPORUM

1607 1259 1893 1352 PARS
1964 1262 2374 1356 PRIOR.

1677 1626 2347 1724 PROLOGUS.

491 1938 506 1950 .
547 1893 683 1949 Cum
719 1901 831 1949 tres
874 1893 927 1947 ln
970 1902 1154 1964 partes
1182 1895 1496 1950 universum
1525 1899 1788 1967 temporis
1818 1915 1944 1970 spa-
1972 1911 2018 1966 Α
2046 1908 2102 1956 et
2134 1899 2419 1954 ministros
2447 1905 2501 1953 et
2535 1899 2788 1953 conscios
2819 1913 3032 1954 arcanae
3069 1899 3370 1956 voluntatis
3399 1915 3537 1956 sua:
3577 1899 3676 1956 fe-

381 1987 515 2038 tium
547 1983 713 2038 dividi
743 1985 935 2048 soleat,
972 1985 1024 2038 in
1051 1984 1385 2056 praeteritum
1414 1985 1686 2051 videlicet,
1721 1989 1775 2043 in
1806 2005 1946 2060 prae-

318 2111 320 2114 μ
381 2091 506 2132 sens
535 2083 698 2146 atque
746 2076 798 2130 in
834 2075 1096 2141 futurum,
1140 2076 1393 2132 humana:
1439 2087 1618 2133 tamen
1649 2082 1945 2138 voluntatis

381 2167 592 2224 affectio
623 2168 688 2222 ad
731 2168 989 2238 prateriti
1035 2169 1208 2238 magis
1250 2177 1413 2239 atque
1449 2169 1640 2236 futuri,
1677 2189 1840 2242 quam
1877 2174 1946 2229 ad

381 2263 661 2335 praesentis
707 2262 1075 2332 cognitionem
1117 2260 1245 2316 ferri
1296 2263 1528 2318 videtur.
1572 2263 1690 2320 Jam
1735 2265 1849 2321 fore
1887 2275 1946 2320 ut

381 2358 646 2413 homines.
683 2357 797 2411 sive
842 2355 986 2412 sacri
1040 2356 1156 2412 sive
1186 2355 1422 2426 profani,
1470 2357 1558 2411 illa
1593 2360 1774 2429 potius
1817 2369 1948 2415 tem-

377 2467 508 2520 pora
531 2449 888 2520 inquirerent,
916 2446 1108 2502 divinw
1135 2463 1354 2519 quoque
1382 2448 1681 2520 Scriptum
1709 2467 1808 2507 nos
1846 2452 1946 2508 do-

377 2551 520 2604 ceut,
550 2539 987 2612 quandoquidem
1019 2541 1104 2595 vel
1138 2541 1272 2610 ipsis
1304 2541 1664 2598 familiaribus
1696 2545 1812 2600 suis
1835 2544 1945 2600 aie-

377 2634 467 2688 bat
512 2633 600 2688 ille
635 2630 896 2686 Viviticus
923 2672 939 2698 ,
971 2650 989 2683 ‹
1019 2629 1137 2686 Νοη
1165 2640 1250 2686 est
1294 2645 1535 2686 vestrum
1581 2649 1742 2689 nosse
1784 2636 1946 2692 horas

375 2734 430 2777 (ιι
450 2723 526 2796 (1)
555 2731 799 2792 tempora
828 2740 948 2794 qua:
973 2723 1133 2778 Pater
1156 2724 1336 2793 posuit
1360 2706 1412 2778 in
1438 2741 1532 2781 sua
1563 2734 1830 2796 potestate
1849 2727 1887 2780 ί.
1920 2747 1938 2781 ι

377 2815 532 2881 Quod
571 2815 788 2870 effatum
833 2831 942 2870 non
978 2816 1046 2870 de
1094 2831 1352 2885 supremo
1385 2817 1561 2872 solum
1593 2819 1941 2887 exterminio,

375 2907 470 2962 scd
504 2906 571 2962 de
605 2908 941 2976 temporibus
985 2907 1240 2963 omnibus
1285 2907 1496 2963 idcirco
1531 2911 1942 2979 pronuntiatum

376 3015 537 3057 verax
578 3000 668 3054 ille
699 2998 967 3054 Eusebius
997 2999 1072 3053 ait
1097 2999 1197 3070 (2),
1228 3009 1286 3054 ut
1315 3000 1361 3056 si
1392 3002 1484 3072 qui
1520 3009 1648 3058 sunt
1681 3003 1946 3060 curiosio-

376 3109 465 3150 res
497 3101 658 3164 atque
705 3094 886 3148 inania
939 3101 1270 3156 scrutantes,
1324 3093 1358 3147 ii
1406 3096 1594 3164 paucis
1641 3095 1727 3152 his
1763 3097 1943 3153 verbis

374 3186 798 3248 deterrerentur,
835 3184 1127 3254 quominus
1169 3182 1481 3238 doctrinam
1531 3193 1838 3255 temporum
1885 3204 1944 3243 se

377 3277 592 3348 assequi
639 3293 798 3348 posse
825 3285 974 3332 certa
1017 3278 1248 3332 scientia
1283 3277 1641 3334 conﬁderent.
1692 3279 1943 3336 Profecto

375 3367 616 3422 divinum
656 3367 757 3420 hoc
785 3366 1242 3438 Dominicumque
1271 3368 1556 3423 oraculum
1585 3384 1649 3425 eo
1673 3371 1944 3441 praecipue

379 3461 602 3516 nomine
623 3460 829 3515 editum
855 3469 962 3524 est,
996 3467 1056 3514 ut
1079 3465 1341 3514 'vanarum
1364 3476 1543 3515 rerum
1569 3463 1944 3532 exploratores

376 3554 594 3608 incasso
619 3553 803 3607 labore
849 3551 1262 3622 supersedeant.
1295 3552 1426 3620 Quae
1455 3554 1600 3608 enim
1628 3555 1843 3625 cognita
1889 3565 1944 3610 et

376 3644 718 3698 considerata
753 3644 1008 3698 utilitatis
1054 3644 1262 3714 aliquid
1310 3644 1566 3711 afferunt,
1599 3660 1663 3700 ea
1711 3647 1828 3717 ipse
1866 3645 1941 3718 (5)

376 3738 562 3789 docuit
594 3734 878 3806 palamque
914 3735 1041 3790 fecit
1083 3735 1139 3790 in
1170 3735 1504 3806 propheticis
1535 3736 1712 3803 libris,
1743 3736 1944 3806 quibus

376 3830 553 3881 omnia
602 3844 670 3883 ex
712 3827 902 3883 ordine
948 3829 1298 3884 continentur
1339 3844 1543 3899 usque.
1573 3829 1641 3884 ad
1698 3829 1940 3884 divinum

378 3917 614 3974 Verbum
666 3936 790 3976 cum
843 3932 1040 3974 natura
1098 3935 1298 3975 carnea
1346 3921 1723 3990 conjunctum,
1783 3929 1944 3992 capto

379 4013 534 4066 initio
568 4013 635 4066 ab
663 4012 900 4066 oraculis
931 4026 1025 4067 ore
1057 4011 1223 4067 Mosis
1253 4011 1518 4067 divinitus
1549 4013 1835 4082 evulgatis.

444 4103 500 4159 2.
539 4102 657 4158 Jam
686 4119 752 4159 ex
783 4103 1031 4174 plurimis
1073 4103 1193 4172 ejus
1227 4103 1304 4160 rei
1336 4104 1518 4159 causis
1555 4103 1691 4159 duas
1729 4111 1941 4160 tantum

377 4196 676 4268 prmcipuas
729 4204 919 4250 notare
967 4195 1412 4265 sufficiatzquod
1460 4195 1692 4250 divinum
1745 4197 1944 4250 scilicet

387 4288 609 4344 Verbum
640 4288 694 4342 in
730 4287 922 4358 primis
965 4288 1196 4342 voluerit
1245 4303 1307 4343 os
1335 4303 1525 4343 eorum
1559 4290 1940 4359 comprimere,

376 4381 468 4452 qui
497 4393 780 4436 creaturas
809 4380 1078 4450 principio
1105 4389 1158 4434 et
1196 4379 1298 4434 fine
1319 4387 1571 4436 carentes
1603 4381 1784 4438 dicere
1822 4383 1942 4439 ausi

375 4482 533 4542 sunt;
571 4472 765 4528 deinde
793 4479 1012 4529 eversos
1063 4482 1287 4544 paterna
1338 4473 1651 4529 ltmreditate
1695 4474 1944 4530 homines

375 4581 471 4637 spe
526 4566 721 4621 l.r_-titici
779 4567 1044 4621 adventus
1096 4567 1180 4622 sui
1236 4581 1529 4622 recreare:
1565 4568 1942 4638 superioribus

373 4657 731 4710 continuatim
769 4658 984 4712 saeculis
1029 4657 1387 4712 humanitatis
1428 4673 1459 4712 a
1499 4673 1558 4714 se
1599 4660 1942 4716 assumenda:

375 4751 688 4821 mysterium
722 4751 994 4821 parabolis
1019 4751 1432 4821 visionibusque
1453 4752 1818 4818 confirmans;
1844 4767 1942 4823 po-

375 4852 576 4897 etremo
601 4850 778 4898 autem
805 4843 1200 4912 perfectissima
1231 4844 1460 4898 scientia
1490 4844 1788 4915 discipulos
1809 4861 1941 4902 suos

373 4932 644 4998 imbuens,
679 4945 870 4990 sancto
901 4934 1106 5006 Spiritu
1136 4935 1192 4990 in
1222 4935 1442 4993 eosdem
1487 4937 1734 4994 immisso
1761 4956 1776 4994 :
1801 4953 1940 5009 quos

446 5089 465 5123 ⁸
501 5091 619 5147 Act.
646 5104 685 5156 ι,
719 5089 769 5146 7.
845 5092 866 5123 ⁸
903 5088 1071 5146 Marc.
1096 5107 1216 5156 xm,
1242 5091 1330 5146 '52.

444 5248 519 5318 (I)
562 5247 634 5301 Ita
686 5257 756 5315 et,
789 5263 895 5302 non
931 5247 1028 5308 rel.
1063 5247 1268 5318 habent
1296 5247 1513 5303 Samuel
1553 5249 1791 5318 itemque
1826 5249 1937 5302 Eu-

376 5320 561 5390 sebius
591 5320 643 5372 in
667 5319 959 5390 Protendo,
978 5334 1079 5390 nec
1112 5333 1216 5390 non
1245 5317 1572 5390 Armeniaca
1593 5317 1712 5390 ipsa
1741 5318 1931 5373 Biblia.

375 5390 445 5441 At
473 5387 658 5444 Graeca
692 5398 746 5445 et
774 5389 965 5443 Latina
999 5388 1194 5452 Biblia,
1221 5389 1317 5442 vel.

467 5459 522 5524 ᾗ.)
562 5459 618 5514 In
651 5462 848 5530 prioris
879 5462 1004 5516 libri
1035 5458 1326 5514 Prommio.

466 5530 519 5583 "l
562 5531 719 5583 Deus.

606 5549 719 5587 8118.

444 5532 520 5679 ξιξ
560 5532 894 5679 divus
933 5604 1253 5679 Gregorius,
1300 5604 1367 5659 de
1397 5618 1505 5673 quo
1543 5617 1694 5667 mox,
1738 5601 1939 5656 dicitur

373 5671 533 5738 vulgo
572 5671 927 5729 Illuminator.

445 5741 522 5815 (5_)
567 5741 790 5815 Yidetur
821 5745 1110 5799 dicendum
1148 5744 1386 5800 Faustus
1419 5742 1769 5815 Byzantinus.

444 5811 522 5888 (6)
562 5811 842 5870 Obscurus
861 5816 945 5871 vel
961 5824 1252 5887 corruptus
1265 5811 1483 5872 videtur
1494 5814 1581 5868 hic
1607 5813 1756 5871 locus
1774 5813 1826 5870 in
1848 5813 1938 5869 Sa-

2047 1991 2142 2056 cit,
2185 2005 2476 2059 rerumque
2517 1987 2870 2044 ineffabilium
2919 2003 3142 2059 gnaros,
3185 2005 3417 2060 quarum
3480 1991 3666 2046 lucu-

2048 2085 2194 2137 lento
2223 2081 2512 2152 splendore
2549 2089 2812 2136 creaturae
2851 2082 3122 2137 universae
3160 2082 3422 2138 saturata
3480 2090 3673 2140 sunt.-

2049 2175 2306 2230 Homines
2345 2171 2510 2244 igitur
2540 2174 2783 2228 omnium
2832 2188 3012 2228 rerum
3061 2182 3284 2230 naturas
3323 2176 3546 2240 edocti,
3581 2174 3668 2233 de

2048 2264 2354 2336 prarteritis,
2394 2265 2755 2334 praasentibus
2794 2272 2957 2334 atque
2990 2263 3188 2321 futuris
3225 2267 3482 2323 scribere
3536 2249 3673 2338 ag?

2047 2357 2221 2429 gressi
2258 2365 2408 2424 sunt,
2446 2364 2633 2428 utpote
2661 2357 2729 2411 ab
2759 2357 2906 2412 illius
2947 2357 3160 2413 veracis
3192 2356 3492 2430 discipulis
3541 2373 3656 2414 no-

2046 2451 2194 2506 tione
2224 2447 2471 2504 veritatis
2513 2450 2703 2503 imbuti
2730 2467 2742 2502 :
2769 2456 2882 2503 tum
2921 2449 3084 2503 etiam
3117 2448 3535 2507 disertissimus
3577 2440 3667 2506 et;

2048 2541 2489 2613 sapientissimus
2533 2541 2762 2611 quisque
2793 2539 2861 2595 ad
2903 2541 3258 2598 elaborandas
3297 2541 3483 2613 gentis
3522 2557 3668 2598 sua

2045 2633 2508 2703 chronographias
2534 2632 2798 2686 incubuit.

2114 2726 2166 2782 '5.
2212 2725 2360 2793 Quos
2399 2725 2541 2781 inter
2570 2725 2801 2797 (primos
2846 2725 3071 2796 inquam
3117 2727 3354 2798 itemque
3387 2723 3657 2781 novissio'

2046 2819 2184 2886 mos)
2217 2817 2612 2887 amplissimum
2645 2815 2929 2887 dignitatis
2959 2818 3136 2872 locum
3171 2819 3360 2873 beatus
3391 2817 3489 2874 ille
3523 2808 3657 2896 Eu-g

2045 2911 2230 2966 sebius
2272 2909 2551 2964 obtinuit:
2593 2907 2792 2964 deinde
2824 2908 3080 2966 Socrates
3121 2901 3654 2982 historiographus;

2045 3003 2246 3073 aliique
2275 3003 2608 3072 complures.
2645 2999 2856 3056 Nostra:
2883 3017 3048 3072 porro
3070 3003 3245 3075 gentis
3273 3004 3515 3074 primum
3540 3003 3646 3057 aio

2046 3093 2369 3149 historicum
2406 3092 2576 3147 fuisse
2603 3092 3061 3164 Agatbangelum,
3085 3094 3178 3164 qui
3211 3093 3458 3163 origines
3479 3094 3632 3148 scri-

2047 3186 2153 3256 psit
2199 3184 2618 3240 illuminationis
2656 3183 2732 3257 (4)
2780 3185 3161 3241 Armeniorum
3213 3195 3445 3240 curante
3495 3186 3647 3240 divo

1979 3259 2014 3314 Β
2046 3277 2330 3349 Gregorio,
2365 3277 2523 3347 cujus
2553 3277 2716 3332 etiam
2749 3277 3068 3332 multimoda
3096 3277 3354 3348 patientia
3380 3277 3622 3334 mirabi-

2046 3369 2170 3424 liter
2207 3370 2481 3424 inclaruit.
2531 3367 2766 3425 Secutus
2805 3376 2888 3425 est.
2922 3368 3100 3426 Moses
3130 3369 3506 3448 C_borenensis
3538 3361 3637 3428 bi?
3671 3431 3680 3440 ,

2046 3461 2247 3517 storica
2273 3461 2627 3517 veridicentia
2666 3460 2983 3531 praenobilis
3013 3482 3026 3517 :
3054 3461 3252 3518 deinde
3278 3462 3532 3533 Elismus,
3569 3473 3626 3520 et

2043 3549 2284 3607 Lazarus
2335 3560 2388 3606 et
2432 3549 2687 3615 Faustus,
2742 3549 2835 3620 qui
2884 3557 2940 3605 et
2987 3549 3282 3621 Byzantius
3310 3551 3408 3622 (5),
3456 3552 3638 3620 paulo

2045 3645 2323 3715 antiquior
2370 3643 2670 3699 historicus
2698 3663 2711 3698 :
2739 3658 2840 3697 nec
2888 3658 2998 3698 non
3045 3641 3329 3698 Heraclius
3385 3658 3416 3696 a
3451 3641 3622 3699 Sebio

2044 3736 2299 3804 episcopo
2339 3733 2592 3788 laudatus
2616 3732 2715 3805 (6),
2757 3741 2874 3788 tum
2920 3742 2973 3788 et
3006 3732 3266 3789 Leontius
3308 3736 3619 3807 presbyter,

2044 3834 2096 3882 et
2123 3825 2416 3888 Sabuhius,
2444 3833 2497 3880 et
2532 3825 2786 3882 dominus
2814 3824 3074 3890 Joannes,
3103 3835 3157 3882 et
3180 3828 3484 3896 posteriore
3521 3827 3618 3883 de-

2045 3933 2192 3972 mum
2218 3924 2378 3972 aetate
2411 3915 2724 3988 Stephanus
2749 3917 2961 3983 doctor,
3004 3927 3365 3989 cognomento
3393 3919 3619 3976 Asolni-

2045 4011 2202 4066 chius
2230 4011 2328 4082 (7).
2360 4009 2538 4080 Atque
2579 4009 2633 4064 bi
2664 4009 2732 4064 de
2777 4010 2942 4067 rebus
2970 4009 3330 4076 Armeniacis,
3376 4013 3620 4083 itemque

2045 4103 2135 4156 alii
2196 4103 2417 4173 plurimi
2478 4102 2546 4157 de
2617 4103 2848 4174 singulis
2902 4103 3194 4174 gentibus,
3269 4105 3624 4162 narrationes.

2045 4209 2172 4250 suas
2196 4203 2488 4249 texuerunt
2509 4195 2884 4252 tantummodo
2912 4203 3034 4265 post
3063 4195 3326 4250 Adamum
3356 4198 3619 4268 paradiso

2042 4289 2346 4353 emissum,
2411 4289 2521 4344 vita
2585 4287 2706 4359 ejus
2760 4304 2924 4359 quam
2996 4288 3051 4342 in
3105 4289 3360 4360 paradiso
3431 4291 3616 4363 exegit

2043 4381 2246 4436 omissa
2264 4381 2359 4453 (8).
2398 4422 2412 4437 .
2449 4424 2463 4436 .
2502 4420 2518 4436 .
2549 4382 2627 4436 uti
2660 4381 2923 4436 Dominus
2951 4381 3149 4447 aiebat,
3181 4379 3322 4436 diem
3351 4382 3612 4436 nimirum

2043 4481 2097 4530 et
2127 4475 2340 4532 horam.
2390 4489 2499 4544 qua
2541 4474 2613 4528 sit
2663 4472 2781 4542 ipse
2827 4480 3109 4535 Venturus,
3140 4487 3170 4526 a
3221 4473 3440 4528 nemine
3486 4481 3614 4528 ante

2045 4567 2300 4637 cognosci
2325 4568 2346 4598 ³
2382 4585 2396 4620 :
2427 4580 2550 4636 quae
2581 4565 2744 4620 verba
2779 4580 2902 4620 cum
2945 4565 3012 4619 ad
3043 4564 3264 4634 angelos
3307 4561 3616 4634 Filiumquo

2044 4661 2222 4732 ipsum
2264 4660 2532 4721 retulerit,
2575 4658 3054 4729 interrogationem
3087 4657 3229 4712 hanc
3261 4663 3609 4711 commovet:

2043 4753 2205 4824 Atqui
2257 4752 2304 4808 si
2355 4759 2474 4805 erat
2507 4752 2622 4821 ipse
2668 4763 2960 4814 venturus,
2991 4765 3226 4820 quonam
3269 4749 3411 4803 idem
3456 4755 3614 4818 pacto

2044 4847 2233 4901 horam
2265 4843 2574 4898 nesciebat?
2602 4841 2744 4913 Ergo
2786 4858 2856 4900 ne
2901 4856 3137 4898 maerore
3167 4844 3315 4913 ipsos
3356 4839 3609 4899 alliceret.

2042 4937 2099 4994 id
2132 4938 2200 4994 ab
2229 4953 2295 4992 co
2320 4937 2522 4994 dictum
2553 4937 2825 4992 existimo.

2041 5249 2234 5305 muelis
2260 5248 2565 5304 codicibus.
2598 5246 2751 5314 Quod
2777 5257 2954 5302 autem
2979 5247 3174 5301 merito
3193 5245 3606 5309 mireris,etiam

2046 5319 2354 5390 Stephanus
2396 5319 2743 5374 Aseluichius
2780 5319 2842 5390 in
2895 5333 3007 5390 sua:
3047 5314 3606 5390 HistoritePrommio

2045 5387 2291 5513 mitigent
2320 5390 2467 5444 hunc
2489 5391 2667 5444 locum
2695 5388 2883 5446 eadem
2911 5389 3245 5443 obscuritate
3269 5387 3602 5440 laborantem

2045 5475 2106 5514 ex
2131 5475 2164 5511 ιι
2207 5468 2280 5514 et.

2043 5475 2306 5611 efi'ii’eii'e
2333 5530 2422 5586 bis
2467 5529 2739 5586 Armeniis
2788 5527 3068 5585 historicis
3099 5526 3227 5582 alibi
3273 5524 3616 5596 loquendum;

2042 5600 2344 5741 νηέἓξυῖίοο
2369 5670 2490 5726 loco
2531 5671 2584 5726 in
2616 5670 2984 5728 emendatiore
3015 5667 3284 5725 Samuelis
3310 5662 3610 5738 exemplari

2046 5741 2293 5797 inuuitur
2323 5742 2534 5796 lacuna.
