3878 6264
153 364 270 423 σου

972 371 1315 430 SAMUELIS
1346 370 1668 428 ANIENSIS
1706 367 2046 428 SUMMARII
2081 375 2463 434 TEMPORUM
2496 375 2674 434 PARS
2709 378 2752 433 1.

3352 377 3458 432 610

230 486 288 540 ι.
332 485 472 560 Ego
527 507 677 550 vero
717 492 1002 564 imperitia
1042 491 1381 562 inscitiaeque
1423 507 1558 547 meae
1597 491 1786 547 imme-
1813 492 1863 552 Δ
1890 491 2338 562 deprehenditur.
2379 494 2550 551 Porro
2599 503 2778 550 autem
2823 495 2862 548 ii
2905 501 3154 550 sanctum
3196 491 3455 563 Spiritum

152 593 309 646 mor,
346 587 413 636 te
463 591 753 655 rogante,
795 599 828 639 o
876 583 1234 640 sanctimonia
1270 584 1482 653 fulgens
1521 581 1784 654 Gregori,

159 671 360 726 studio
419 675 542 729 tibi
584 675 921 746 obsequendi
974 676 1240 746 impulsus
1285 691 1404 731 sum
1449 675 1515 728 ad
1559 690 1622 730 ea
1667 689 1789 745 qua:

157 764 263 820 tibi
305 774 497 822 erant
549 769 787 825 invotis
832 769 1142 827 scribenda.
1175 769 1366 840 Agesis
1417 770 1583 839 igitur
1611 767 1788 843 sancti

159 856 430 928 Spiritus
457 876 592 931 ope
616 860 810 926 fretus,
834 877 899 916 ex
925 861 1010 916 his
1030 861 1298 918 historici:
1325 862 1560 915 breviter
1583 875 1790 916 sermo-

157 953 254 1012 nis
297 954 418 1008 mei
465 958 782 1020 rationem,
819 964 979 1027 prout
1009 963 1102 1010 tua
1129 955 1236 1010 fert
1280 956 1572 1019 sententia,
1601 955 1791 1008 decer-

160 1059 334 1116 pam;
373 1046 466 1101 ita
507 1057 704 1104 tamen
733 1057 793 1103 ut
824 1064 1094 1122 nusquam
1128 1063 1158 1102 a
1187 1048 1435 1104 veritatis
1463 1047 1602 1102 calle
1626 1045 1792 1102 delle-

161 1146 344 1192 ctam.
381 1138 463 1194 Et
499 1141 736 1212 quidem
767 1158 832 1198 ex
877 1149 987 1196 tam
1019 1140 1223 1212 ingenti
1258 1155 1485 1196 numero
1519 1140 1627 1194 duo
1657 1138 1791 1192 mihi

165 1233 478 1304 praecipue
545 1235 725 1289 facem
779 1235 1108 1306 praefereut,
1169 1235 1437 1290 Eusebius
1490 1249 1554 1289 ac
1615 1232 1794 1289 Moses

161 1325 616 1382 Choreuensis.
645 1326 763 1382 Jam
795 1343 924 1382 vero
965 1330 1198 1398 primum
1234 1328 1452 1399 quidem
1490 1328 1560 1382 ab
1586 1326 1794 1382 Adamo

166 1418 504 1484 inchoatis,
551 1420 800 1475 desinam
845 1421 899 1474 in
941 1419 1256 1474 Noachum:
1289 1421 1413 1475 hinc
1444 1420 1513 1476 ad
1555 1420 1796 1476 Abraha-

170 1525 330 1565 mum
358 1526 572 1582 usque
589 1527 824 1583 pergam.
854 1511 1047 1567 Postea
1084 1512 1619 1583 chronographorum
1645 1527 1795 1568 more

169 1603 380 1660 liueari
422 1607 663 1661 ratione
693 1615 928 1675 tempora
958 1605 1026 1660 ad
1055 1621 1156 1662 nos
1183 1622 1357 1677 usque
1382 1606 1646 1677 digeram.
1687 1605 1793 1662 De-

175 1697 356 1768 nique
392 1697 524 1753 hoc
558 1699 616 1752 in
647 1713 811 1768 opere
845 1699 892 1753 si
923 1713 1062 1752 vana
1107 1699 1372 1768 rejecero,
1407 1707 1460 1754 et
1488 1697 1794 1754 necessaria

174 1791 542 1860 complexus
588 1789 765 1858 fuero,
796 1806 910 1847 retu
956 1791 1055 1846 tibi
1095 1807 1182 1847 me
1222 1800 1434 1862 gratam
1479 1805 1640 1860 spero
1672 1804 1796 1845 esse

177 1879 414 1936 facturn
425 1897 488 1934 m
499 1923 516 1936 .

249 1972 309 2028 5.
355 1971 600 2028 Revera
637 1988 1104 2044 supervacaneum
1140 1973 1391 2030 ducimus
1429 1972 1573 2028 haud
1603 1973 1798 2043 proba-

185 2065 331 2122 biles
385 2066 796 2122 Chaldteorum
842 2067 1099 2124 historias
1148 2075 1203 2122 et
1249 2067 1534 2123 barbarica
1576 2067 1796 2122 nomina

187 2158 442 2214 recitare
466 2160 708 2230 :quibus
729 2160 774 2216 si
798 2159 920 2232 quis
940 2159 1223 2232 indigebit,
1248 2169 1445 2230 praesto
1474 2170 1556 2216 est
1583 2159 1796 2214 miriﬁci

189 2249 430 2308 Eusebii
481 2254 647 2315 liber,
681 2254 804 2310 sine
838 2268 946 2324 quo
972 2253 1342 2323 nosmetipsos
1381 2251 1524 2307 haud
1558 2252 1796 2307 scribere

189 2359 363 2415 posse
421 2345 693 2402 fatemur.
743 2344 1061 2417 Quanquam
1124 2361 1314 2412 reapse
1365 2344 1630 2414 quidquid
1677 2345 1796 2414 ejus

190 2438 426 2508 generis
467 2439 548 2494 ibi
580 2439 846 2509 scriptum
874 2449 980 2506 est,
1012 2455 1188 2511 neque
1219 2440 1625 2511 opportunitate
1647 2446 1798 2494 caret

195 2545 382 2601 neque
439 2532 707 2586 utilitate.
768 2530 882 2587 Etsi
929 2532 1072 2587 enim
1136 2532 1440 2603 peregrinis
1483 2531 1796 2587 nominibus

197 2622 426 2691 priscos
459 2621 657 2677 Patres
693 2622 968 2694 indigitat,
1004 2639 1383 2694 annorumque
1415 2623 1655 2678 rationes
1698 2623 1800 2678 im-

200 2715 452 2771 inaniter
493 2713 804 2770 exuberant
830 2733 844 2768 ζ
871 2712 1090 2768 Patrum
1142 2723 1323 2770 tamen
1368 2729 1629 2770 numerus
1668 2729 1799 2770 0οη·

201 2805 352 2877 gruit
386 2821 524 2862 cum
555 2807 761 2864 divinis
789 2807 1080 2877 Scriplun's
1105 2806 1202 2880 (9).
1235 2807 1354 2860 Alia
1383 2805 1606 2876 insuper
1629 2819 1797 2859 causa

207 2896 332 2961 fuit,
370 2901 740 2972 quamobrem
793 2917 858 2956 ea
893 2900 1231 2956 referrentur
1271 2915 1392 2968 quae
1443 2899 1513 2952 ab
1553 2898 1659 2952 illis
1686 2897 1795 2966 ιω)

207 2991 370 3058 quasi
400 2991 814 3046 somniantibus
838 2993 1139 3061 excogitata
1185 2997 1313 3044 sunt
1339 3008 1352 3043 :
1382 2989 1508 3060 quia
1539 2989 1796 3042 nimirum

213 3079 518 3140 Chaldaeus
562 3083 664 3138 fuit
696 3083 1060 3146 Abrahamus,
1097 3083 1323 3152 ejusque
1357 3083 1591 3151 majores
1634 3080 1799 3136 Chal-

1895 581 2090 640 ducem
2115 586 2317 641 habent
2341 587 2434 657 qui
2455 585 2807 657 Septuaginta
2829 582 2990 641 Viros
3012 592 3293 641 sectantur
3310 581 3454 656 (i5):

1889 677 2092 748 quibus
2116 693 2219 735 nos
2255 694 2472 750 quoque
2505 679 2868 743 adhaerentes,
2901 693 3036 742 rem,
3071 691 3235 749 quam
3265 690 3458 732 sumus

1889 771 2156 843 aggressi,
2182 771 2554 842 expediamus.

2519 901 2749 960 CAPUT
2787 901 2828 957 1.

1893 1037 2150 1104 Qua’nam
2188 1039 2324 1093 ratio
2355 1036 2799 1108 lemporumrapud
2825 1035 3169 1108 Septuaginta
3199 1034 3464 1106 Interpre-

1993 1119 2066 1164 tes
2095 1107 2539 1178 perscribotur'ab
2567 1107 2772 1163 Adamo
2802 1123 2961 1179 usque
2982 1110 3049 1161 ad
3078 1107 3355 1162 diluvium.

1959 1244 2002 1300 l.
2043 1243 2266 1302 Priscus
2296 1245 2459 1300 homo
2494 1243 2737 1298 Adamus
2766 1249 2890 1312 post
2918 1241 3119 1296 exitum
3147 1255 3178 1295 e
3209 1236 3464 1310 paradiso

1893 1352 2038 1393 anno
2081 1340 2256 1393 :etatis
2294 1352 2471 1392 ccxxx
2513 1337 2697 1408 genuit
2741 1333 2965 1389 Sethum
2995 1349 3061 1388 ex
3091 1331 3198 1386 Eva
3231 1332 3464 1401 conjuge

1893 1446 1994 1486 sua
2022 1449 2035 1485 :
2063 1430 2304 1501 vixitque
2327 1430 2505 1484 adhuc
2528 1429 2686 1484 anuis
2707 1440 2803 1482 acc
2827 1441 3000 1496 usque
3026 1423 3092 1478 ad
3113 1437 3332 1480 cxxxvtt
3353 1423 3461 1492 (16)

1892 1535 2094 1574 annum
2139 1519 2442 1574 Malalielis.
2492 1517 2643 1574 Alios
2697 1531 2914 1588 quoque
2975 1515 3161 1584 genuit
3220 1513 3360 1569 ﬁlios
3410 1519 3466 1567 et

1893 1613 2057 1668 ﬁlias.
2091 1610 2238 1668 Obiit
2266 1610 2442 1666 aetatis
2475 1625 2619 1664 anno
2649 1623 2943 1664 nccccxxx.

1967 1704 2031 1759 11.
2078 1704 2279 1760 Selhus
2330 1719 2504 1760 annos
2541 1710 2702 1759 natus
2744 1715 2842 1756 ccv
2886 1698 3072 1770 genuit
3113 1695 3353 1751 Enosum
3397 1701 3466 1750 ex

1897 1797 2064 1853 Alora
2124 1796 2265 1868 (17)
2326 1796 2558 1867 coniuge
2607 1809 2706 1850 sua
2759 1812 2773 1847 :
2829 1791 3072 1860 visitque
3132 1789 3310 1843 adhuc
3368 1801 3467 1840 an-

1898 1891 1984 1946 nis
2045 1903 2218 1945 nccvu
2282 1903 2457 1957 usque
2507 1887 2576 1941 ad
2622 1903 2693 1940 xx
2741 1899 2942 1938 annum
2990 1881 3219 1936 Enochi.
3272 1878 3469 1936 Genuit

1895 1982 2037 2038 ﬁlios
2069 1989 2124 2038 et
2161 1981 2319 2037 ﬁlias.
2354 1979 2502 2036 Obiit
2530 1980 2705 2034 aetatis
2738 1992 2881 2032 anno
2905 1989 3144 2030 nccccxu
3177 1972 3308 2042 (l8).

1971 2072 2060 2127 Ill.
2103 2071 2318 2129 Enosus
2345 2087 2520 2127 annos
2543 2080 2706 2125 natus
2736 2084 2837 2123 cxc
2867 2068 3051 2139 genuit
3081 2066 3376 2121 Cainanum
3399 2078 3466 2118 ex

1896 2165 2088 2222 Nuena
2139 2167 2370 2236 conjuge
2407 2179 2505 2220 sua
2538 2183 2553 2220 :
2591 2164 2834 2232 vixitque
2879 2161 3056 2216 adhuc
3091 2159 3250 2215 annis
3299 2172 3468 2212 nccxv

1896 2274 2072 2330 usque
2125 2257 2191 2311 ad
2243 2271 2339 2312 LIII
2393 2271 2596 2310 annum
2641 2253 2975 2308 Mathusalae.
3017 2249 3216 2307 Genuit
3245 2249 3386 2306 ﬁlios
3413 2255 3470 2305 et
3558 2274 3560 2278 τ

1899 2349 2064 2405 ﬁlias.
2101 2347 2247 2405 Obiit
2278 2349 2454 2403 aetatis
2485 2361 2628 2401 anno
2662 2351 2901 2400 ποθεν.)

1971 2440 2061 2497 IV.
2102 2441 2379 2498 Cainauus
2416 2454 2591 2494 annos
2638 2446 2801 2493 natus
2831 2451 2968 2492 cux
3015 2435 3201 2506 genuit
3230 2434 3467 2490 Malalie-

1897 2536 2001 2591 lem
2059 2539 2126 2590 ex
2182 2522 2442 2590 Malaleda
2496 2531 2728 2602 conjuge
2777 2544 2876 2586 sua
2933 2545 2948 2582 :
3003 2529 3245 2598 vixitque
3292 2525 3470 2581 adhuc

1899 2627 2058 2681 annis
2108 2639 2278 2679 nccxr.
2351 2637 2524 2694 usque
2585 2623 2652 2676 ad
2713 2637 2875 2675 Lxxxt
2932 2635 3132 2674 annum
3192 2616 3445 2673 Lamech‘.

1896 2719 2097 2776 Genuit
2131 2719 2270 2772 filius
2295 2725 2347 2772 et
2383 2717 2539 2770 ﬁlias.
2565 2712 2712 2769 Obiit
2739 2714 2913 2768 aetatis
2944 2728 3086 2766 anno
3115 2727 3335 2767 nccccx.
3516 2779 3526 2796 ο

1964 2807 2030 2864 V.
2073 2807 2303 2862 Malaliel
2332 2821 2505 2862 annos
2534 2811 2696 2858 natus
2729 2817 2866 2858 cuv
2893 2802 3080 2874 genuit
3115 2799 3372 2854 Jarcdum
3401 2813 3469 2854 ex

1896 2899 2033 2954 Dina
2076 2900 2308 2970 conjuge
2352 2913 2498 2953 sua:
2541 2899 2780 2967 vixitque
2831 2896 3008 2950 adlmc
3060 2893 3217 2948 annis
3262 2905 3471 2946 uccxxx

1897 3009 2072 3064 usque
2127 2993 2195 3047 ad
2251 3005 2417 3047 xum
2462 3005 2664 3044 annum
2717 2979 2943 3043 Neachi.
2992 2983 3190 3041 Genuit
3235 2984 3375 3038 ﬁlios
3419 2989 3474 3038 et

1898 3083 2058 3140 ﬁlias.
2091 3081 2237 3138 Obiit
2265 3083 2439 3137 tetatis
2471 3096 2614 3136 anno
2647 3093 2902 3134 ncccxcv.

211 3173 340 3228 dare
388 3175 690 3246 indigenae,
749 3189 913 3244 quam
958 3189 1070 3228 rem
1125 3174 1259 3228 liber
1298 3173 1573 3228 Geneseos
1616 3181 1798 3243 aperte
1826 3196 1869 3257 ρ
1972 3173 2061 3230 Vl.
2102 3173 2333 3230 Jaredus
2372 3189 2546 3230 annos
2593 3181 2755 3228 natus
2784 3188 2927 3228 CLxu
2972 3169 3158 3242 genuit
3190 3165 3472 3222 Enochum

219 3265 401 3332 prodit
423 3265 566 3336 (11).
600 3266 713 3320 lmo
765 3267 868 3320 illae
918 3265 1270 3320 narrationes
1325 3267 1536 3319 nullum
1580 3265 1797 3320 veritati

217 3361 608 3415 testimonium
653 3375 764 3414 non
792 3360 1164 3430 suppeditant,
1196 3375 1389 3430 nempe
1423 3359 1569 3430 quod
1604 3360 1799 3414 attinet

219 3451 284 3506 ad
316 3451 620 3518 diluvium,
653 3452 723 3506 ad
753 3453 922 3510 turris
957 3452 1256 3523 opiﬁcium,
1294 3461 1454 3521 atque
1501 3451 1569 3506 ad
1601 3460 1797 3507 cratera

221 3560 340 3614 quae
369 3545 582 3608 ibidem
623 3553 1058 3615 consequuntur.
1105 3544 1202 3608 Ea,
1240 3545 1474 3616 inquam,
1529 3545 1667 3598 ratio
1698 3542 1800 3598 fuit

227 3621 400 3693 beatis
429 3637 546 3692 illis
574 3635 831 3693 Patribus
864 3652 972 3696 cur.
1005 3638 1118 3692 ha'c
1142 3636 1616 3692 commemoranda
1645 3646 1800 3707 puta-

224 3739 364 3784 rent.
388 3729 567 3785 Nobis
599 3739 782 3785 tamen
806 3744 930 3786 cum
957 3730 1188 3785 istorum
1223 3730 1628 3786 lucubrationes
1653 3730 1800 3785 suill-

228 3835 348 3877 cere
370 3821 690 3884 videantur,
717 3836 784 3877 ea
821 3821 1048 3876 materia
1083 3820 1217 3876 satis
1242 3822 1368 3886 erit,
1396 3837 1517 3892 quze
1546 3822 1798 3877 instituto

227 3921 421 3968 nostro
445 3913 729 3968 conducit.

294 4004 348 4062 6.
389 4003 518 4060 Jam
547 4006 791 4075 ipsorum
825 4002 1222 4059 Chronicorum
1253 4003 1468 4058 initium
1495 4003 1565 4058 ab
1605 4003 1798 4058 Adami

229 4114 260 4154 e
288 4098 570 4171 perbeatis
606 4097 715 4152 illis
745 4097 964 4154 sedibus
997 4101 1145 4153 exitu
1183 4099 1429 4154 seniores
1469 4097 1547 4152 illi
1579 4099 1798 4168 sapien-

232 4189 431 4246 tissimi
485 4189 774 4262 pelendum
824 4199 1156 4246 censuerunt
1181 4191 1314 4263 (l2).
1362 4190 1622 4261 Quisquis
1671 4204 1800 4245 vero

233 4281 390 4337 aliter
444 4289 700 4350 nugatur,
751 4269 1162 4335 diuturnitatem
1213 4281 1334 4350 ejus
1383 4280 1653 4334 incolatus
1694 4279 1800 4335 sibi

236 4387 354 4428 esse
405 4373 745 4442 exploratam
794 4372 1088 4439 dictitans;
1121 4381 1213 4426 aut
1265 4373 1333 4428 de
1381 4373 1504 4426 caeli
1555 4380 1610 4428 et
1654 4379 1798 4427 terra

237 4465 459 4520 conditu
495 4463 782 4519 temeraria
811 4463 988 4518 eﬁ'utit
1010 4464 1153 4536 (1'5);
1191 4465 1339 4530 huic,
1385 4464 1630 4535 inquam,
1669 4479 1802 4520 cave

1869 3731 2064 3785 ianuis
2103 3744 2165 3786 cc
2210 3748 2222 3784 :

1904 3283 1972 3324 ex
2018 3266 2262 3321 Baracha
2315 3266 2426 3338 (19)
2483 3265 2716 3335 conjuge
2765 3279 2863 3319 sua
2925 3282 2939 3318 :
3000 3261 3244 3331 vixitque
3293 3259 3474 3314 adhuc

1905 3361 2066 3416 annis
2131 3373 2264 3414 nccc
2334 3373 2507 3428 usque
2566 3357 2633 3411 ad
2698 3370 2903 3411 ccuxx
2981 3351 3184 3408 annum
3245 3346 3471 3406 Noachi.

1905 3451 2106 3510 Genuit
2136 3452 2276 3508 ﬁlios
2314 3459 2369 3506 et
2405 3451 2563 3504 ﬁlias.
2603 3447 2750 3504 Obiit
2781 3447 2957 3502 aetatis
2994 3461 3138 3500 anno
3177 3459 3470 3499 occccrxu.

1975 3544 2086 3599 νη.
2129 3543 2384 3598 Enoehus
2432 3539 2605 3597 armes
2647 3547 2808 3595 natus
2851 3553 2992 3594 (:va
3033 3537 3219 3608 genuit
3260 3534 3476 3590 Mathu-

1905 3637 2076 3694 salam
2127 3651 2195 3692 ex
2241 3633 2478 3690 Jadnera
2525 3633 2758 3704 conjuge
2805 3647 2904 3686 sua
2945 3651 2960 3686 :
3009 3630 3251 3700 vixitque
3296 3627 3476 3682 adhuc

2270 3741 2504 3797 cumque
2552 3725 2665 3782 Deo
2707 3725 3021 3796 placuisset,
3058 3723 3357 3777 translatus
3390 3727 3476 3777 est

1905 3837 2050 3876 anno
2129 3837 2299 3876 xxxm
2359 3816 2638 3874 Lamechi.
2700 3816 2899 3873 Genuit
2977 3816 3114 3870 ﬁlios
3167 3822 3222 3870 et
3279 3813 3473 3880 ﬁlias;

1904 3915 2207 3970 translatus
2251 3921 2335 3970 est
2382 3912 2562 3968 aetatis
2609 3926 2753 3965 anno
2792 3925 3014 3966 cccnxv.
3038 3907 3121 3977 Ab
3148 3907 3352 3962 Adamo
3382 3923 3476 3961 us-

1905 4025 2010 4080 que
2040 4008 2108 4063 ad
2137 4006 2415 4062 Enochum
2446 4005 2771 4061 translatum
2811 3991 3188 4076 generationes
3210 4017 3284 4055 vn
3305 3999 3477 4056 Enni-

1905 4116 2010 4172 que
2044 4113 2429 4154 uccccnxxvn
2467 4096 2792 4153 conﬂantur.

1977 4189 2110 4246 Vlll.
2142 4190 2445 4246 Mathusala
2475 4205 2649 4244 annos
2677 4197 2838 4242 natus
2865 4201 3045 4241 ccxvn
3069 4183 3255 4256 genuit
3282 4180 3473 4237 Lame-

1906 4285 2066 4340 chutn
2118 4299 2183 4338 ex
2231 4281 2382 4337 Etlna
2427 4283 2660 4353 conjuge
2700 4296 2798 4336 sua
2834 4298 2848 4334 :
2879 4280 3120 4348 vixitque
3153 4277 3330 4332 adhuc
3375 4290 3472 4328 an-

1909 4378 1995 4433 nis
2041 4391 2234 4434 ncccn.
2280 4376 2378 4431 llic
2429 4377 2588 4432 annis
2629 4391 2718 4429 xiv
2758 4373 2870 4445 (20)
2926 4374 3132 4429 diluvio
3178 4368 3470 4441 superfuit,

1907 4468 2050 4539 quod
2101 4485 2168 4524 ex
2216 4469 2388 4539 ipsius
2437 4468 2561 4522 vita:
2610 4466 2786 4537 spatio
2833 4463 3202 4535 cognoscitur.
3250 4459 3306 4514 In
3351 4459 3474 4513 aliis
3515 4513 3518 4517 .

239 4556 391 4613 ﬁdem
409 4556 642 4610 tribuas.
673 4553 916 4625 Namque
945 4556 1013 4610 ab
1046 4571 1111 4610 eo
1134 4563 1398 4626 tempore,
1418 4573 1526 4628 quo
1551 4557 1640 4611 ille
1676 4570 1803 4611 sua-
1835 4560 1879 4618 ι)
1911 4567 2091 4613 tamen
2121 4558 2520 4628 exemplaribus
2554 4557 2757 4612 vixisse
2785 4555 2944 4609 annis
2980 4563 3253 4624 postquam
3282 4565 3473 4621 gentico

236 4648 461 4703 rissimo
491 4649 616 4704 vitae
643 4663 840 4718 genere
868 4648 1068 4702 excidit
1108 4650 1198 4719 qui
1219 4650 1330 4719 (14)
1365 4649 1606 4707 Atlamus
1641 4665 1803 4704 voca-

222 4751 323 4802 tus
353 4751 440 4798 est
471 4741 600 4814 (quo
635 4743 852 4797 nomine
893 4757 1083 4798 omnes
1103 4747 1341 4798 cunctim
1375 4745 1620 4800 homines
1644 4743 1806 4815 signi-

242 4835 514 4908 ﬁcantur),
555 4836 710 4902 inde,
757 4836 1012 4905 inquam,
1058 4845 1244 4892 nostra
1299 4847 1603 4908 temporum
1665 4837 1805 4892 ratio

239 4929 516 4983 exordium
560 4929 724 4999 cepit,
784 4943 848 4984 ea
888 4928 1140 4984 videlicet
1187 4946 1306 5000 quae
1347 4931 1400 4984 in
1452 4927 1804 5002 Septuaginta

247 5021 490 5076 virorum
531 5022 981 5092 interpretatione
1026 5029 1110 5078 est
1140 5040 1153 5078 :
1181 5023 1321 5094 apud
1359 5023 1613 5081 Hebraeos
1657 5024 1801 5080 enim

242 5111 534 5171 discrimen
561 5115 750 5188 ingens
790 5116 845 5170 in
888 5123 1190 5188 temporum
1236 5119 1539 5187 praesertim
1575 5133 1805 5175 numero

309 5272 384 5344 (9)
424 5271 628 5344 Confer
654 5271 873 5329 Eusebii
905 5270 1100 5329 Chron.
1136 5269 1180 5338 l,
1211 5287 1274 5338 tl,
1303 5271 1357 5329 8.

303 5344 414 5411 (10)
453 5343 742 5400 (ΙΙιαιάωίε,

338 5413 420 5477 tt)
461 5413 662 5469 Euseb.
711 5413 907 5470 Chron.
940 5413 982 5480 1,
1015 5429 1128 5475 xvr,
1158 5412 1214 5467 2.

335 5484 420 5552 12)
462 5483 662 5539 Euseb.
694 5483 889 5539 Chron.
923 5484 963 5546 l,
993 5501 1102 5543 xvt.
1135 5483 1170 5538 ὅ
1199 5483 1255 5539 6.

308 5552 418 5629 (1⁸5)
449 5552 760 5629 iloc_pacto
788 5557 1036 5629 videntur
1061 5556 1638 5629 peccare_nominatim
1671 5555 1802 5629 Syn-

1910 4664 1994 4706 rat
2031 4652 2265 4707 traditur
2303 4665 2612 4706 nccuxxtt.
2643 4631 2850 4707 Genuit
2873 4637 3012 4704 filios
3039 4657 3092 4702 et
3128 4646 3286 4702 ﬁlias.
3326 4641 3472 4700 Obiit

1905 4747 2083 4802 aetatis
2111 4760 2254 4800 anno
2278 4759 2588 4800 nccecnxnx.

1973 4835 2070 4892 IX.
2135 4834 2440 4890 Lamechus
2499 4849 2675 4891 annos
2730 4841 2894 4889 natus
2953 4846 3226 4888 CLXXXVIII
3285 4827 3471 4900 genuit

1906 4928 2189 4984 Noachum
2241 4943 2271 4983 e
2319 4927 2503 4983 Bcdna
2551 4927 2782 4997 conjuge
2827 4940 2926 4984 sua
2959 4943 2972 4979 :
3004 4924 3246 4993 vixitque
3293 4919 3474 4976 adhuc

1906 5025 2066 5079 anuis
2096 5009 2302 5080 nxxxv.
2331 5021 2481 5076 Palri
2522 5036 2620 5076 suo
2657 5019 2972 5074 Mathusala:
3001 5025 3357 5089 praemortuus
3386 5021 3473 5070 est

1908 5111 2246 5176 Lamechus,
2298 5120 2582 5182 postquam
2646 5111 2858 5170 vixerat
2933 5123 3106 5180 usque
3169 5106 3238 5162 ad
3292 5118 3471 5161 nxxxv

1977 5273 2089 5347 (l6)
2130 5273 2284 5328 Alius
2311 5271 2481 5347 codex
2515 5286 2676 5326 cxxx.

1973 5343 2084 5414 (l7)
2114 5347 2197 5398 ΑΙ.
2228 5343 2374 5404 (³011..
2403 5344 2615 5414 Azora._

1975 5417 2087 5487 (18)
2111 5417 2196 5469 ΑΙ.
2245 5415 2391 5487 coth,
2421 5427 2683 5487 peccauit.

1974 5485 2086 5552 (19)
2117 5487 2200 5539 ΑΙ.
2228 5485 2377 5548 cod.,
2420 5485 2686 5538 Bavacha.

1973 5546 2086 5628 ('20)
2137 5554 2317 5628 Codex
2365 5546 2520 5610 unus
2558 5551 2973 5628 gnnis,omisso
3022 5562 3291 5628 numero,
3327 5546 3470 5628 alius

245 5620 506 5701 cel'lus:_et
553 5620 835 5681 Cedrenus
883 5627 939 5681 in
985 5620 1214 5682 suorum
1263 5623 1644 5683 Chrdnicorum
1690 5620 1802 5701 ιῖιί-
1901 5620 2163 5701 mendose
2193 5627 2344 5680 amu‘s
2367 5640 2528 5701 ἔςχε.
2558 5623 2768 5701 Vernrn
2801 5622 3300 5701 sttpptttatio_tlo_c_e_t
3326 5620 3469 5674 scri-

245 5697 487 5750 mordiis.

311 5767 419 5836 (14)
450 5764 636 5836 Codex
665 5781 764 5836 pro
791 5767 882 5836 qui
912 5766 1072 5836 habet
1101 5775 1272 5832 atque.

309 5834 418 5908 (15)
439 5834 771 5894 Conferatur
792 5834 990 5895 Euseb.
1027 5834 1220 5892 Chron.
1259 5838 1300 5905 1,
1331 5851 1439 5906 nt,
1474 5837 1505 5894 7
1532 5839 1689 5898 tet-l7.

1901 5697 2140 5823 ben‘dutn
2186 5711 2297 5751 xiv.
2359 5694 2688 5752 Conferatur
2727 5688 2999 5751 Eusebius
3038 5693 3145 5748 θυι.
3195 5688 3296 5746 1ιῖ
3339 5703 3468 5746 cuiu

1901 5784 1957 5823 It.
2030 5806 2045 5822 .

1901 5784 1957 5823 ΙΙ.
1995 5784 2045 5823 ι.
