3878 6264
466 362 564 416 6H
1511 362 1851 419 APPENDIX
1888 362 1979 416 AD
2011 362 2097 418 ΕΙ]
2109 361 2280 417 SEBIi
2306 358 2718 419 CHRONICON.
3609 355 3726 412 613

468 492 668 534 annum
699 475 924 534 Noachi.
958 477 1156 534 Genuit
1199 478 1338 536 ﬁlios
1380 486 1434 535 et
1465 478 1630 537 ﬁlias.
1663 478 1810 536 Obiit
1845 477 2017 534 aetatis
2049 481 2092 538 Α
2119 491 2236 530 ram
2293 492 2359 531 ex
2413 476 2600 532 lescha
2675 475 2904 546 conjuge
2976 490 3076 530 sua
3136 491 3149 526 :
3209 477 3446 547 vixitque
3515 475 3726 531 adhuc

467 560 614 624 anno
648 583 904 624 nccxxnt.
2124 568 2280 622 annis
2305 582 2431 622 crux
2460 583 2633 638 usque
2659 567 2726 621 ad
2757 584 2879 622 χιιι
2910 583 3109 623 annum
3137 568 3452 624 Abrahami.
3493 567 3728 625 Genuit

538 657 606 713 X.
647 658 900 714 Noaclius
930 673 1103 715 annos
1134 669 1297 716 natus
1327 677 1360 715 υ
1389 662 1576 732 genuit
1602 659 1850 726 Semum,
1874 661 2023 718 'Cha-
2120 657 2263 713 ﬁlios
2295 665 2350 714 et
2383 659 2539 712 ﬁlias.
2571 657 2716 714 Obiit
2737 660 2909 715 aetatis
2938 674 3080 714 anno
3108 675 3329 715 cxcvm.

467 765 616 805 mum
673 759 836 820 atque
876 749 1128 822 Japetum
1175 767 1206 807 e
1256 751 1550 808 Noemzara
1577 752 1836 823 conjuge.
1858 768 1957 808 sua
2001 767 2020 805 :
2193 747 2332 802 XIX.
2359 747 2538 802 Thara
2567 763 2740 804 annos
2767 757 2927 804 natus
2959 765 3062 804 Lxx
3097 751 3281 820 genuit
3310 752 3725 811 Abrahamum

466 842 711 911 vixitque
749 841 926 896 adhuc
961 843 1119 897 annis
1157 856 1187 897 c
1236 858 1408 913 usque
1445 843 1512 898 ad
1554 843 1815 898 diluvium
1857 851 2027 912 :post
2121 857 2192 896 ex
2248 839 2400 894 Edna
2446 840 2675 912 conjuge
2723 855 2860 906 sua;
2909 841 3150 911 vixitque
3207 857 3379 913 usque
3431 842 3511 897 ad
3564 857 3728 897 xxxv

469 933 731 987 diluvium
791 941 973 987 autem
1037 933 1196 988 annis
1252 949 1402 989 cccc.
1454 931 1600 988 Obiit
1654 933 1829 989 aetatis
1885 947 2026 988 anno
2120 945 2328 986 annum
2363 929 2552 996 Isaaci,
2592 946 2783 1000 nempe
2825 930 3091 1001 superfuit
3137 933 3296 987 annis
3336 947 3553 987 cx-xxv.
3610 929 3728 986 Ge-

468 1037 687 1079 nccch.
733 1023 814 1078 Ab
857 1023 1077 1080 Enocho
1119 1026 1387 1080 translato
1435 1041 1608 1095 usque
1644 1026 1717 1080 ad
1765 1026 2026 1080 diluvium
2125 1024 2243 1079 nuit
2272 1022 2411 1078 ﬁlios
2440 1031 2494 1078 et
2520 1023 2678 1080 ﬁlias.
2700 1023 2844 1078 Obiit
2866 1022 3044 1078 Thara
3072 1026 3249 1080 aetatis
3274 1041 3419 1080 anno
3443 1040 3586 1081 ccv.

468 1113 842 1183 generationes
913 1122 1025 1168 tres
1088 1115 1324 1183 annique
1383 1128 1550 1169 DCCLV
1617 1123 2022 1171 coacervantur.

469 1206 553 1260 Ab
602 1206 808 1260 Adamo
869 1207 1473 1276 autemjgeuerationes
1525 1207 1731 1275 decem,
1794 1208 2028 1279 annique

471 1312 746 1352 IICCILH.

1087 1407 1314 1467 CAPUT
1354 1410 1419 1468 il.

474 1501 604 1576 Quae
657 1503 794 1555 ratio
857 1511 1163 1576 temporum
1199 1502 1647 1576 scribatur_ap_ud
1691 1502 2031 1576 Septuaginta

511 1569 820 1639 Interpretes
846 1589 879 1626 a
909 1569 1064 1627 Sémo
1097 1572 1164 1626 ad
1195 1589 1390 1626 annum
1417 1569 1707 1626 Abroltami
1734 1569 1982 1643 primum.

539 1660 632 1716 Xl.
665 1662 857 1718 Semus
874 1678 1047 1718 annos
1071 1673 1230 1718 natus
1247 1678 1277 1717 c
1297 1661 1865 1734 genuitArphaxadem
1891 1683 2033 1725 anno

476 1752 649 1808 altero
692 1761 815 1822 post
852 1754 1113 1809 diluvium
1163 1770 1194 1810 e
1228 1753 1570 1808 Dizaclibade
1611 1755 1840 1828 conjuge
1881 1775 1980 1814 sua
2017 1779 2029 1815 :

470 1843 712 1913 vixitque
742 1845 916 1899 adhuc
946 1846 1105 1902 anuis
1136 1861 1188 1901 ι).
1219 1845 1416 1900 Genuit
1440 1844 1579 1900 ﬁlios
1610 1853 1664 1900 et
1695 1849 1853 1905 ﬁlias.
1883 1849 2031 1910 Obiit

469 1935 644 1986 aetatis
675 1949 816 1988 anno
846 1949 929 1988 nc.

539 2020 651 2074 Xll.
679 2025 1030 2092 Arphaxades
1054 2041 1224 2083 annos
1250 2037 1412 2086 natus
1435 2047 1612 2089 cxxxv
1635 2035 1821 2106 genuit
1849 2035 2030 2090 Salam

467 2125 539 2166 ex
595 2110 802 2167 Rabuia
854 2114 1084 2185 conjuge
1138 2134 1235 2174 sua
1289 2140 1303 2174 :
1355 2122 1595 2192 vixitque
1645 2125 1823 2180 adhuc
1875 2127 2032 2180 annis

469 2216 681 2256 ccccm.
739 2203 933 2260 Genuit
982 2206 1121 2263 ﬁlios
1165 2217 1220 2265 et
1277 2210 1434 2268 ﬁlias.
1476 2213 1620 2270 Obiit
1666 2217 1844 2272 aetatis
1889 2232 2032 2271 anno

475 2305 742 2347 DXXXVIII.

543 2381 678 2438 XIII.
723 2382 847 2439 Sala
899 2400 1070 2443 annos
1115 2399 1276 2447 natus
1311 2406 1454 2449 cxxx
1494 2395 1678 2466 genuit
1705 2395 1970 2452 Heberum
2003 2414 2035 2454 e

473 2471 665 2527 Mucha
685 2475 912 2546 conjuge
933 2494 1030 2533 sua
1050 2497 1062 2532 :
1081 2479 1320 2552 vixitque
1343 2485 1518 2540 adhuc
1540 2487 1697 2541 annis
1718 2502 1900 2542 ccccvr
1922 2488 2033 2560 (21)

472 2579 648 2634 usque
679 2568 744 2622 ad
773 2585 846 2622 vn
876 2585 1076 2625 annum
1110 2571 1356 2630 Serucbi.
1389 2576 1588 2638 Genuit
1616 2578 1756 2635 ﬁlios
1783 2589 1837 2636 et
1872 2581 2032 2637 ﬁlias.

471 2655 617 2712 Obiit
643 2661 818 2715 aetatis
843 2676 986 2717 anno
1016 2679 1235 2718 nxxxvr.

541 2747 680 2804 XIV.
714 2750 956 2807 Iieberus
993 2769 1168 2810 annos
1201 2765 1363 2812 natus
1403 2771 1601 2813 cxxxlv
1625 2758 1811 2830 genuit
1841 2760 2033 2816 Phale-

472 2853 594 2894 cum
634 2855 666 2895 e
715 2841 862 2897 Zuba
903 2845 1133 2915 conjuge
1178 2863 1277 2902 sua
1327 2868 1341 2902 :
1381 2849 1618 2919 vixitque
1663 2850 1840 2905 adhuc
1881 2853 2037 2908 annis

472 2946 773 2987 ccccxxxm
795 2950 970 3004 usque
999 2936 1064 2989 ad
1094 2953 1297 2992 xxxvnt
1330 2954 1530 2995 annum
1556 2940 1809 2998 Nachori.
1839 2942 2037 2999 Genuit

474 3021 612 3077 ﬁlios
630 3032 683 3078 et
712 3024 867 3081 ﬁlias.
900 3025 1046 3081 Obiit
1073 3030 1248 3084 aetatis
1278 3045 1420 3085 anno
1448 3046 1650 3088 anvu.

542 3111 660 3167 XV.
691 3113 954 3172 Phalecus
997 3133 1169 3174 annos
1212 3127 1374 3175 natus
1399 3135 1597 3176 cxrxlv
1637 3124 1820 3193 genuit
1857 3123 2034 3196 Raga-

473 3219 598 3257 vum
640 3220 671 3259 e
710 3205 871 3260 Ziura
909 3209 1139 3279 conjuge
1188 3224 1284 3264 sua
1328 3229 1341 3264 :
1381 3211 1620 3282 vixitque
1665 3213 1841 3268 adhuc
1881 3216 2039 3272 annis

473 3309 596 3350 calx
639 3312 813 3366 usque
863 3298 928 3352 ad
960 3315 1139 3354 Lxxvu
1177 3299 1287 3370 (22)
1321 3314 1520 3354 annum
1566 3302 1812 3360 Serucbi.
1847 3304 2043 3362 Genuit

478 3386 618 3442 ﬁlios
647 3397 701 3443 et
749 3389 907 3446 ﬁlias.
955 3391 1099 3446 Obiit
1139 3393 1316 3448 aetatis
1357 3408 1498 3448 anno
1534 3408 1785 3452 cccxuu.
1826 3396 2043 3455 Phaleci

473 3487 632 3536 aetate
692 3488 837 3537 terra
881 3483 1056 3538 divisa
1103 3491 1187 3540 est
1223 3500 1236 3538 :
1271 3500 1396 3539 nam
1436 3496 1490 3541 et
1520 3485 1782 3544 Phalecus
1815 3489 2040 3546 divisio-

476 3587 602 3626 nem
637 3573 924 3644 signilicat.
957 3575 1064 3630 Iste
1104 3576 1322 3646 quidem
1372 3578 1508 3648 patri
1554 3594 1653 3634 suo
1685 3591 2044 3650 praemortuus

473 3673 576 3720 est.
627 3662 686 3719 In
731 3665 973 3736 ejusdem
1023 3675 1235 3723 {etatem
1292 3670 1458 3725 turris
1501 3687 1716 3741 quoque
1764 3673 2041 3745 Opiﬁcium

476 3754 663 3810 incidit
704 3773 717 3809 :
751 3758 984 3828 itemque
1025 3760 1266 3830 loquelae,
1301 3776 1422 3829 quae
1453 3774 1676 3818 eatenus
1707 3779 1813 3818 una
1849 3764 2040 3831 fuerat,

476 3845 532 3901 in
559 3845 820 3916 plurimas
855 3849 1116 3904 dialectos
1146 3865 1242 3919 pro
1272 3864 1498 3905 numero
1533 3852 1770 3906 tribuum
1800 3853 1995 3909 divisio
2025 3871 2038 3906 :

478 3954 586 4010 qua
673 3955 834 4010 super
899 3957 956 3995 re
1023 3958 1147 3996 cum
1208 3941 1391 3997 divina
1452 3941 1735 4014 Scriptura
1794 3945 2044 4000 historici

477 4031 690 4086 externi
729 4035 1097 4090 consentiunt.
1136 4034 1510 4091 Conﬁciuntur
1547 4036 1731 4107 itaque
1774 4053 1804 4092 a
1842 4038 2043 4094 diluvio

481 4135 655 4191 usque
697 4122 763 4176 ad
817 4124 1009 4176 turrim
1055 4125 1462 4194 procreationes
1517 4127 1758 4196 quinque
1809 4128 2045 4198 annique

479 4227 641 4267 bxxv.
683 4212 766 4266 Ab
803 4212 1009 4268 Adamo
1057 4223 1239 4269 autem
1291 4217 1696 4287 procreationes
1734 4219 2043 4287 quindecim

479 4301 714 4372 annique
742 4318 1087 4358 uuuccuvu.

547 4391 688 4450 XVI.
721 4392 851 4450 Post
897 4393 1188 4451 Phalecum
1229 4412 1356 4453 vero
1397 4396 1649 4469 Bagavus
1687 4413 1858 4455 annos
1880 4407 2042 4458 natus

2196 1113 2314 1169 XX.
2362 1113 2582 1171 Primus
2635 1115 2926 1171 Abrahami
2974 1131 3171 1173 annus.
3229 1118 3638 1174 Conﬁciuntur
3691 1134 3725 1173 ε

2126 1206 2329 1262 diluvio
2378 1223 2550 1278 usque
2590 1207 2658 1262 ad
2702 1223 2902 1262 annum
2951 1211 3185 1280 primum
3227 1210 3532 1266 Abrahami
3588 1204 3726 1282 pro-

2123 1297 2435 1352 creationes
2485 1312 2678 1352 novem
2736 1299 2972 1368 annique
3020 1312 3316 1353 nccccxut.
3360 1299 3446 1354 Ab
3489 1301 3726 1354 Adamo

2130 1397 2309 1444 autem
2353 1390 2760 1459 procreationes
2804 1405 2893 1443 xu
2937 1391 3171 1460 annique
3216 1405 3611 1455 uuucuxxrv,
3647 1392 3724 1444 ita

2129 1491 2190 1538 ut
2232 1482 2573 1537 Abrahamus
2619 1481 2676 1535 in
2717 1481 2972 1536 vicesima
3015 1483 3391 1552 procreatione
3435 1485 3537 1539 sit.
3588 1481 3724 1538 Ilaec

2133 1574 2350 1643 quidem
2401 1572 2702 1629 secundum
2746 1572 3097 1646 Septuaginta
3127 1573 3380 1630 Virorum
3425 1575 3726 1645 interpre~

2131 1667 2404 1721 tationem.

2730 1779 2957 1836 CAPUT
3004 1780 3093 1837 111.

2379 1870 2456 1926 De
2482 1872 2719 1927 Cainano
2745 1883 2794 1927 et
2825 1873 2946 1928 aliis
2973 1870 3282 1943 quibusdam
3313 1871 3454 1942 (25).

2203 1963 2254 2018 I.
2295 1961 2451 2019 Haud
2487 1964 2648 2035 pauci
2679 1964 2958 2020 enimvero
2997 1964 3406 2034 prudentissimi
3450 1962 3721 2018 historici

2131 2056 2199 2109 ad
2231 2056 2658 2125 procreationem
2690 2070 3062 2125 annorumque
3090 2071 3373 2111 numerum
3393 2054 3718 2110 Cainanum

2133 2142 2434 2213 adjungunt
2482 2158 2606 2197 cum
2667 2144 2824 2199 annis
2882 2159 3032 2211 cxx;
3099 2159 3332 2214 eumque
3383 2143 3553 2198 aiunt
3614 2145 3722 2198 Ar-

2132 2231 2377 2301 phaxade
2409 2241 2596 2286 natum
2636 2229 2879 2302 Salaaque
2908 2238 3206 2303 parentem.
3238 2229 3367 2288 Rem
3399 2239 3596 2287 autem
3629 2233 3707 2285 ita

2132 2323 2450 2378 describunt
2489 2343 2501 2378 :
2538 2324 2889 2393 Arphaxades
2935 2339 3104 2378 annos
3167 2333 3330 2379 natus
3369 2339 3609 2379 cxxxvn
3650 2339 3716 2377 ex

2132 2411 2339 2469 Rabuia
2395 2431 2563 2471 uxore
2624 2432 2722 2472 sua
2777 2416 2964 2487 genuit
3016 2415 3340 2470 Cainanum'
3389 2433 3402 2468 :
3471 2427 3720 2484 cumquo

2133 2505 2310 2561 adhuc
2337 2505 2497 2561 annis
2529 2521 2725 2562 ccccut
2752 2506 2993 2569 vixisset,
3030 2506 3331 2561 exstinctus
3357 2513 3466 2562 est.
3511 2505 3717 2560 Caina-

2132 2610 2237 2650 nus
2267 2610 2437 2650 annos
2468 2603 2628 2651 natus
2659 2610 2763 2650 cxx
2790 2594 2967 2650 Salam
2997 2610 3029 2650 e
3059 2594 3234 2650 Secha
3254 2610 3422 2650 uxore
3454 2610 3565 2651 sua
3591 2611 3716 2649 sus-

2134 2686 2320 2756 cepit:
2358 2701 2591 2757 cumque
2630 2688 2807 2743 adhuc
2859 2689 3016 2744 annis
3054 2702 3412 2743 cccuxxxvn
3450 2688 3710 2750 vixisset,

2132 2777 2286 2832 obiit.
2316 2778 2486 2834 Porro
2513 2779 2676 2848 hujus
2706 2781 2784 2834 rei
2819 2782 3048 2837 testibus
3079 2788 3305 2835 utuntur
3327 2779 3714 2836 celeberrimis

2134 2867 2573 2940 doctissimisque
2601 2871 2734 2926 viris
2754 2911 2769 2935 ,
2815 2870 3047 2943 Origene
3087 2873 3295 2929 scilicet
3328 2870 3712 2942 Gregorioaue

2135 2955 2410 3028 Theologo
2443 2967 2604 3029 atque
2629 2959 2929 3030 Epiphanio
2956 2962 3154 3033 Cyprio
3193 2983 3206 3017 :
3239 2964 3347 3018 imo
3385 2963 3532 3017 adeo
3567 2959 3712 3015 Luca

2135 3047 2461 3118 evangelista
2488 3050 2660 3104 sancti
2689 3049 2924 3120 Spiritus
2953 3053 3132 3122 pleno,
3167 3053 3258 3122 qui
3285 3053 3433 3105 illum
3457 3051 3519 3105 in
3555 3063 3709 3106 suam

2137 3138 2505 3210 genealogiam
2553 3140 2732 3195 intulit
2767 3140 2900 3213 (24).
2936 3142 3010 3198 De
3051 3143 3243 3198 horum
3274 3158 3400 3213 ergo
3433 3141 3712 3198 sententia

2137 3221 2479 3280 Abrahamus
2507 3225 2725 3296 quidem
2763 3229 3079 3284 vicesimum
3107 3229 3338 3299 primum
3371 3228 3560 3282 locum
3589 3234 3710 3297 post

2137 3315 2402 3372 Adamum
2447 3326 2698 3388 occupat.
2749 3318 2970 3375 Summa
3010 3329 3188 3376 autem
3226 3335 3530 3382 annorum,
3572 3333 3709 3390 quos

2139 3405 2405 3463 ELsebius
2466 3411 2533 3467 ab
2582 3408 2790 3465 Adamo
2841 3411 2909 3465 ad
2944 3411 3310 3466 Abrahamum
3355 3425 3707 3464 unucuxxtv

2140 3497 2348 3562 scribit,
2381 3498 2448 3552 ad
2475 3513 2747 3553 uuucccuv
2779 3502 3080 3571 consurgit.

2209 3589 2261 3643 2.
2303 3588 2530 3660 insuper
2564 3597 2620 3645 et
2657 3590 2832 3648 Moses
2864 3591 3231 3650 Chorenensis
3272 3593 3705 3669 comparativum

2138 3682 2464 3757 laterculum
2498 3682 2773 3740 instruens
2812 3685 3060 3754 stirpium
3092 3703 3258 3757 quaaa
3283 3690 3455 3745 tribus
3485 3689 3698 3747 Noacbi

2140 3756 2265 3828 ﬁliis
2318 3774 2385 3827 ad
2425 3773 2791 3830 Abrahamum
2841 3793 3018 3847 usque
3071 3756 3407 3850 pertingunt,
3450 3786 3702 3839 eumdem

2139 3864 2502 3934 patriarcham
2525 3865 2827 3921 Cainanum
2860 3867 2919 3921 in
2949 3881 3106 3922 suam
3135 3869 3418 3924 historiam
3452 3872 3705 3929 inseren-

2139 3956 2266 4010 dum
2309 3956 2552 4023 curavit,
2603 3965 2858 4028 quartum
2893 3973 2921 4013 a
2955 3959 3177 4015 Noacho
3222 3970 3280 4017 et
3317 3978 3347 4017 a
3385 3962 3548 4021 Semo
3595 3975 3701 4023 ter-

2142 4048 2276 4102 tium
2314 4066 2326 4102 :
2363 4050 2659 4122 eademque
2697 4052 2910 4108 ratione
2955 4051 3177 4107 Thiram
3223 4069 3252 4108 a
3281 4053 3504 4111 Noacho
3536 4073 3702 4129 quar-

2142 4145 2277 4202 tum,
2327 4140 2551 4194 tertium
2611 4151 2812 4196 autem'
2847 4158 2878 4196 a
2934 4140 3157 4199 labetho
3209 4160 3222 4196 :
3292 4153 3406 4200 tum
3468 4147 3703 4218 denique

2141 4227 2512 4284 liestraimum
2577 4239 2830 4302 quartum
2889 4247 2920 4287 a
2973 4232 3236 4303 Noacho,
3290 4236 3623 4310 tertiumque
3673 4253 3702 4292 a

2141 4319 2346 4376 Chamo
2381 4321 2531 4377 dicit.
2562 4321 2680 4388 Qua
2710 4323 2777 4379 de
2801 4339 2861 4378 re
2891 4324 3032 4380 idem
3060 4325 3237 4382 Moses
3264 4327 3564 4384 historicus
3605 4331 3702 4385 hoc

2140 4419 2301 4480 pacto
2338 4413 2528 4468 scribit
2568 4414 2679 4488 (25)
2711 4432 2728 4472 :
2767 4434 2786 4466 ‹
2821 4415 3066 4471 Arduum
3106 4420 3314 4476 scilicet
3349 4435 3492 4486 esse,
3538 4425 3702 4478 ratio-

478 4500 655 4542 cxxxv
684 4487 870 4557 genuit
901 4486 1201 4543 Serucbum
1222 4505 1253 4544 e
1279 4489 1419 4545 Sura
1451 4492 1678 4561 conjuge
1703 4507 1800 4546 sua
1834 4510 1848 4546 :
1881 4493 2035 4546 vixit-

2142 4519 2267 4558 nem
2322 4511 2628 4576 temporum
2699 4508 2825 4563 inde
2873 4525 3047 4580 usque
3100 4511 3198 4567 abs
3263 4527 3445 4568 rerum
3491 4516 3703 4585 origine

478 4593 586 4648 que
647 4579 826 4633 adhuc
873 4584 1030 4634 annis
1070 4594 1211 4635 ccvu
1271 4596 1445 4651 usque
1493 4583 1559 4636 ad
1607 4597 1788 4637 Lxxvu
1835 4597 2039 4638 annum

479 4667 734 4725 Nachori.
772 4667 969 4726 Genuit
1010 4671 1152 4727 ﬁlios
1199 4678 1254 4727 et
1302 4671 1461 4730 ﬁlias.
1501 4671 1646 4729 Obiit
1684 4675 1858 4729 relatis
1897 4689 2041 4730 anno

479 4774 708 4816 CCCXL".

548 4851 706 4906 XVII.
751 4851 1027 4911 Serucbus
1050 4869 1222 4911 annos
1250 4863 1412 4912 natus
1441 4872 1582 4911 cxxx
1618 4857 1801 4927 genuit
1828 4856 2041 4914 Nacho-

480 4959 602 5000 rum
633 4961 663 5000 e
694 4944 896 5001 Melcha
932 4948 1161 5019 conjuge
1205 4962 1302 5002 sua
1337 4967 1351 5003 :
1381 4950 1622 5020 vixitque
1661 4951 1839 5006 adhuc
1880 4952 2040 5008 annis

477 5052 541 5093 cc
583 5054 756 5108 usque
798 5040 864 5094 ad
901 5054 951 5094 LI
983 5054 1184 5094 annum
1231 5041 1539 5097 Abrahami.
1587 5040 1785 5097 Genuit
1818 5043 1956 5098 ﬁlios
1986 5051 2042 5099 et

480 5129 638 5186 ﬁlias.
668 5130 815 5185 Obiit
844 5133 1020 5188 aetatis
1053 5147 1196 5187 anno
1223 5147 1453 5190 cccxxx.

550 5219 734 5276 XVIII.
765 5221 1049 5282 Nachorus
1085 5239 1258 5280 annos
1298 5235 1458 5282 natus
1489 5241 1656 5282 Lxxtx
1683 5227 1870 5299 genuit
1895 5228 2039 5282 Tha-

578 5418 667 5486 2l)
691 5417 775 5476 Al.
799 5421 946 5486 cod.,
976 5437 1306 5482 cccccxxxx.

576 5489 664 5553 22)
699 5492 778 5545 AI.
803 5495 948 5554 cod.,
981 5510 1140 5549 Lxxv.

556 5559 666 5632 (ea)
700 5560 830 5632 Exin
858 5564 1093 5632 capitum
1136 5564 1321 5621 titulos
1347 5582 1448 5622 nos
1478 5567 1758 5624 addemus.

557 5627 960 5706 (_2i)_CtII|_I__rn0s
998 5633 1299 5706 Samuelem
1331 5639 1520 5706 paucis
1547 5639 1834 5694 admodum
1879 5639 2041 5696 adno-

485 5700 780 5780 tationibus
809 5703 1193 5780 illustrandum
1206 5700 1620 5780 sumpserimus,
1649 5710 1793 5777 quod
1820 5709 2037 5780 quidem

486 5765 554 5820 ad
583 5768 726 5823 hunc
753 5772 1017 5826 famosum
1053 5775 1120 5829 de
1155 5765 1398 5833 Cainauo
1424 5765 2037 5847 locum'aitinet,'Iect0-

2140 4594 2472 4663 exploratam
2527 4595 2726 4652 habere
2786 4607 2948 4668 atque
2993 4600 3248 4671 colligere
3293 4618 3307 4654 :
3355 4604 3528 4657 multo
3576 4621 3699 4661 vero

2141 4683 2432 4748 diﬁicilius,‘
2462 4685 2608 4756 ipsas
2647 4687 2912 4740 hominum
2945 4691 3273 4760 propagines
3307 4703 3700 4764 consequenter

2141 4789 2172 4828 a
2198 4777 2370 4831 tribus
2397 4775 2600 4832 Noachi
2629 4779 2814 4836 liberis
2839 4783 3221 4852 pervestigare.
3254 4782 3697 4856 Quandoquidem

2139 4873 2195 4919 et
2224 4866 2419 4920 divinae
2448 4867 2657 4932 litterae,
2691 4869 2898 4924 delecta
2927 4884 3012 4934 ea,
3037 4885 3159 4939 qua:
3189 4871 3253 4925 ad
3286 4886 3345 4926 se
3374 4875 3694 4942 pertinebat,

2143 4954 2287 5010 Semi
2309 4959 2584 5029 prosapia,
2610 4960 2944 5030 reliquarum
2972 4961 3175 5015 nullam
3198 4966 3462 5018 rationem
3495 4963 3693 5021 habue-

2140 5059 2283 5101 runt.
2325 5056 2581 5120 tauquam
2607 5059 2907 5120 spretarum
2930 5053 3175 5106 videlicet
3206 5068 3378 5124 neque
3411 5053 3692 5124 dignarum

2139 5153 2258 5207 qua:
2286 5138 2339 5192 in
2367 5139 2630 5196 orationis
2652 5156 2762 5196 sua:
2781 5149 2982 5197 textum
3011 5140 3426 5197 insererentur.»
3454 5142 3690 5199 Rursuso

2141 5246 2246 5300 que
2279 5231 2354 5284 ait
2385 5249 2399 5286 :
2437 5249 2456 5282 α
2498 5230 2645 5287 Licet
2663 5233 2716 5288 id
2743 5233 2798 5286 in
2829 5233 2980 5288 nullo
3010 5234 3472 5304 interpretationis
3498 5243 3692 5291 nostra:

2141 5453 2232 5494 res
2262 5447 2481 5492 nostros
2510 5433 2576 5490 ad
2613 5435 2912 5490 Calmetum
2945 5436 2999 5489 in
3028 5432 3154 5488 Gen.
3187 5449 3244 5498 x,
3278 5432 3371 5498 2-1,
3399 5441 3454 5489 et
3480 5432 3547 5488 ad
3585 5431 3690 5486 Mil-

2143 5509 2272 5561 Iinm
2305 5511 2358 5561 in
2387 5506 2516 5561 Luc.
2548 5520 2631 5570 tu,
2661 5505 2749 5570 56,
2774 5506 3003 5560 libenter
3026 5506 3357 5574 ablegautus,
3388 5504 3528 5574 apud
3556 5517 3688 5573 quos

2139 5587 2193 5632 et
2242 5578 2408 5645 prisci
2442 5575 2632 5631 Patres
2669 5583 2722 5631 et
2757 5575 3006 5632 hodierni
3027 5575 3228 5652 -critici
3259 5575 3474 5630 abunde
3509 5574 3688 5644 dispus

2139 5655 2276 5702 tant.

2210 5714 2323 5787 (25)
2356 5713 2502 5772 Hist.
2537 5715 2654 5781 1,4.
