3878 6264
153 343 252 400 615

145 457 436 526 exemplari
470 469 762 516 exaratum
794 471 1066 525 occurrat,
1097 473 1275 530 neque
1316 460 1372 514 in
1407 459 1518 515 ullo
1553 458 1728 514 Chro-
1757 463 1806 525 Α

145 555 262 606 nico
291 557 482 605 exstet
505 591 521 614 ,
559 559 916 622 praeterquam
947 551 1088 622 apud
1135 550 1406 606 eruditum
1438 550 1728 619 quemdam

145 642 613 713 tngeniosumque
682 641 879 715 Syrum
971 643 1295 711 hominem;
1372 643 1729 700 nihilominus

145 734 300 806 plane
340 735 519 792 nobis
574 745 832 792 constare
881 735 1251 792 Mestraimum
1299 735 1546 791 eumdem
1589 751 1732 792 esse

143 830 298 893 atque
335 823 732 889 Mem-nimum,
785 826 876 896 qui
919 825 1136 896 quidem
1184 824 1453 896 Atgyptus
1490 826 1728 892 videtur,

143 914 216 968 uti
265 911 597 971 Nebrothus
655 915 814 970 Belus
859 925 963 972 est.
1013 935 1032 969 ι
1081 915 1201 971 Jam
1233 924 1287 972 et
1331 917 1525 971 harum
1560 919 1732 972 trium

142 1005 380 1076 gentium
414 1007 508 1062 sic
540 1007 864 1063 laterculum
891 1007 1108 1079 digerit.

242 1093 450 1154 Semus
536 1138 554 1153 .
632 1135 650 1154 .
724 1098 964 1154 Chamus
1012 1140 1026 1155 .
1100 1137 1119 1152 μ.
1199 1139 1214 1154 .
1287 1097 1568 1156 Jabethus.

237 1190 650 1261 Arphaxades.
724 1191 939 1248 Chusus
1013 1233 1028 1250 .
1106 1231 1123 1248 .
1204 1231 1220 1246 .
1297 1192 1583 1249 Gamerus.

236 1279 557 1337 Cainanus.
639 1322 653 1336 .
731 1280 1076 1338 Mestraimus
1117 1321 1131 1335 .
1209 1324 1225 1340 .
1303 1281 1489 1338 Thira.

240 1370 368 1426 Sala
433 1410 452 1426 .
539 1413 555 1426 .
636 1411 652 1426 .
726 1372 1036 1430 Nebrotbus
1112 1414 1126 1430 .
1205 1417 1219 1430 .
1295 1375 1660 1446 Thorgomus.

243 1460 553 1519 Heberus.
635 1505 651 1521 .
729 1464 925 1520 Babius
1016 1505 1031 1520 .
1108 1505 1123 1520 .
1203 1508 1212 1520 .
1293 1465 1516 1522 Haicus.

239 1553 548 1612 Phalecus.
632 1597 649 1609 .
726 1557 930 1613 Anebis
1017 1600 1028 1612 .
1109 1598 1123 1613 .
1201 1599 1214 1611 .
1291 1557 1645 1613 Armenacus.

238 1646 554 1718 Ragavus.
634 1689 648 1705 .
723 1649 954 1706 Arbelus
1015 1689 1029 1705 .
1107 1691 1122 1704 .
1201 1690 1216 1705 .
1288 1651 1524 1706 Armais.

235 1741 562 1799 Seruchus.
641 1784 655 1798 .
731 1742 978 1799 Chaealus
1018 1781 1033 1796 .
1105 1781 1128 1796 .
1206 1780 1221 1795 .
1296 1743 1538 1798 Amasia.

241 1830 569 1892 Nachorus.
637 1875 650 1889 .
725 1833 956 1890 Arbelus
1015 1875 1030 1890 .
1107 1874 1122 1890 .
1202 1874 1217 1891 .
1294 1834 1572 1890 Gelanius.

243 1920 450 1980 Thara.
542 1965 557 1980 .
634 1967 648 1980 .
722 1918 936 1982 Ninus.
1015 1966 1028 1981 .
1104 1966 1120 1982 .
1197 1965 1212 1981 .
1288 1925 1510 1980 Harma.

252 2014 650 2074 Abrahamus.
722 2017 927 2090 Ninyas
1016 2058 1032 2074 .
1110 2057 1124 2073 .
1207 2058 1220 2072 .
1293 2017 1548 2074 Aramus.

213 2106 265 2160 5.
315 2105 537 2164 Deinde
561 2109 709 2164 addit
747 2126 762 2166 :
814 2127 832 2161 ι
874 2109 928 2164 lu
958 2108 1149 2164 Cbami
1195 2109 1413 2181 quidem
1450 2124 1623 2178 usque
1670 2109 1740 2164 ad

153 2195 338 2251 Ninum
361 2199 645 2269 progenie
683 2214 877 2263 annos,
909 2200 1110 2270 quibus
1137 2201 1368 2271 quisque
1397 2200 1728 2270 procreavit,

158 2301 418 2357 nusquam
468 2304 767 2359 expressos
795 2289 1046 2360 reperiri,
1087 2291 1170 2345 vel
1211 2290 1279 2344 ad
1311 2305 1410 2344 nos
1444 2299 1593 2345 certe
1624 2305 1736 2344 non

157 2379 471 2448 pervenisse
507 2397 520 2433 :
555 2387 669 2433 tum
702 2387 757 2436 et
800 2380 868 2435 de
897 2380 1125 2436 Jabetho
1151 2389 1340 2438 nostro
1368 2382 1502 2437 satis
1529 2392 1738 2437 certum

160 2467 282 2521 nihil
323 2468 476 2523 tradi
510 2487 526 2536 ;
577 2470 930 2526 nihilominus
972 2475 1278 2539 expositum
1322 2472 1517 2526 harum
1567 2471 1738 2526 trium

160 2555 486 2615 familiarum
524 2577 696 2632 genus
723 2570 948 2618 eatenus
981 2577 1103 2618 esse
1144 2563 1510 2627 verissimum,
1550 2573 1739 2634 quale-

163 2663 254 2704 nus
297 2653 720 2720 procreationes
769 2653 1018 2708 undecim
1067 2663 1195 2710 sunt
1237 2669 1411 2724 usque
1455 2655 1521 2710 ad
1562 2655 1738 2708 Abra-

164 2738 409 2805 bamum,
494 2741 726 2814 Ninyam
789 2753 951 2816 atque
991 2744 1270 2802 Aramum.
1336 2749 1525 2804 Armus
1593 2752 1738 2804 enim

162 2832 544 2891 duodecimum
587 2838 764 2892 locum
805 2839 1016 2894 obtinet
1038 2841 1422 2912 posteriorque
1444 2841 1585 2897 Nino
1606 2852 1687 2899 est
1719 2860 1732 2895 :

162 2922 410 2996 idemque
443 2928 640 2982 acerba
666 2937 823 2985 natale
865 2940 1091 2985 mortem
1126 2932 1259 2986 obiit
1302 2948 1332 2986 a
1379 2933 1738 2991 Samiramide

163 3030 339 3074 casus.
403 3038 422 3070 υ
461 3019 538 3075 De
569 3021 652 3075 his
682 3030 865 3076 autem
903 3022 1044 3076 haud
1080 3033 1164 3078 est
1193 3040 1290 3078 cur
1320 3027 1606 3096 quisquam
1636 3025 1738 3080 du-

165 3105 484 3165 bitationem
534 3127 644 3182 prae
689 3128 746 3168 se
785 3112 940 3167 ferat.
974 3112 1184 3183 Quippe
1243 3115 1318 3170 ait
1363 3135 1375 3169 :
1435 3135 1452 3167 α
1489 3111 1736 3170 Certiora

165 3214 392 3272 quaeque
422 3217 490 3256 ex
519 3203 687 3259 variis
714 3204 958 3259 historiis
991 3221 1090 3274 pro
1123 3206 1264 3259 virili
1299 3214 1451 3276 parte
1491 3208 1740 3278 decerpsi

168 3305 275 3360 qua:
305 3309 335 3348 a
395 3295 614 3348 nemine
654 3297 919 3364 prudente
944 3306 1317 3367 Oppugnatqu
1354 3298 1418 3352 iri
1449 3307 1600 3368 puto,
1636 3299 1742 3355 nisi

169 3381 318 3452 aliqui
375 3383 515 3438 forte
552 3386 792 3440 veritatis
824 3387 1233 3456 exstinguenda:
1257 3388 1551 3456 cupiditate
1591 3390 1742 3444 labo-

171 3483 309 3529 rant:
331 3476 437 3545 qui
472 3475 519 3531 si
546 3477 637 3546 qui
669 3488 818 3542 sunt,
850 3479 1026 3533 istboc
1058 3479 1274 3548 quidem
1298 3496 1358 3536 se
1389 3489 1547 3550 pacto
1571 3497 1744 3552 quan-

171 3571 272 3618 tum
294 3567 436 3621 libet
468 3567 759 3622 oblectent.
795 3587 814 3621 ι

231 3655 282 3710 4.
327 3655 449 3711 Nos
489 3658 653 3728 igitur
692 3659 804 3728 jam
850 3659 976 3715 inde
1019 3673 1050 3712 a
1091 3659 1268 3716 tribus
1310 3659 1518 3717 Noaclii
1557 3663 1744 3719 liberis

175 3759 335 3816 usque
410 3747 481 3802 ad
543 3749 714 3804 divini
770 3749 932 3807 Verbi
989 3753 1374 3810 revelationem
1424 3756 1740 3827 singillatim

176 3839 410 3895 scribere
456 3839 766 3905 ordiamur,
809 3843 1043 3912 primum
1087 3845 1306 3914 quidem
1355 3843 1500 3900 Scmi
1545 3862 1743 3917 propa-

176 3930 364 4002 ginem,
416 3930 615 3986 deinde
663 3931 881 3998 Cbami,
917 3944 1196 4005 postremo
1242 3936 1466 3992 labetbi.
1498 3938 1740 4003 Semum,

176 4019 368 4079 Noachi
415 4031 604 4077 natum
655 4027 977 4093 maximum,
1023 4035 1211 4098 gentes
1263 4037 1462 4084 exterae
1509 4029 1742 4085 Zcruani

179 4116 386 4170 nomine
417 4115 702 4182 denotant,
739 4115 1009 4172 Chamum
1040 4116 1244 4182 Titani,
1289 4118 1571 4175 labethum
1604 4120 1743 4192 lapi-

177 4207 342 4263 tostis.
388 4205 576 4278 Neque
613 4207 698 4262 his
741 4208 940 4275 solum,
972 4225 1158 4265 verum
1191 4211 1353 4265 etiam
1393 4213 1616 4283 reliquis
1648 4228 1744 4284 pa-

179 4299 427 4354 triarchis
450 4309 610 4371 capto
646 4299 802 4354 initio
832 4301 899 4354 ab
927 4301 1134 4356 Adamo
1160 4304 1466 4362 inconditas
1505 4307 1744 4376 appella-

181 4388 340 4447 tiones
383 4390 665 4461 aﬂingunt,
709 4399 874 4462 atque
919 4408 1185 4447 annorum
1228 4409 1516 4449 numerum
1550 4397 1743 4452 unius-

969 340 1324 398 SAMU-ELIS
1361 324 1677 398 ANIENSIS
1717 339 2053 397 SUMMARII
2091 337 2476 396 TEMPORUM
2514 339 2692 396 PARS
2726 339 2769 398 l.

3293 340 3399 398 6M

1901 457 1990 514 Vl.
2084 457 2310 515 Jaredus
2375 499 2389 513 .
2471 500 2484 515 .
2557 500 2569 514 .

1901 550 2012 606 Vll.
2083 550 2338 606 Enochus
2371 594 2385 607 .
2464 593 2480 609 .
2559 591 2573 604 .
2647 550 3398 612 Evendoracbussarisxvm.

1902 642 2036 698 Vlll.
2084 644 2387 699 Mathusala
2464 683 2479 699 .
2556 686 2570 699 .
2646 644 3032 716 Amempsinus
3063 646 3205 702 saris
3235 650 3304 702 ι.

1900 733 1990 788 1X.
2075 733 2378 790 Lamechus
2454 775 2468 790 .
2550 775 2563 788 .
2640 734 2878 792 Otiartes
2908 737 3048 793 saris
3073 753 3190 794 rm.

1902 825 1968 882 X.
2072 827 2351 882 Noacbus.
2453 866 2469 882 .
2555 867 2567 878 .
2651 826 2951 884 Xisutbrus
2977 829 3292 884 sarisxvm.

1905 914 2223 972 Universam
2283 917 2469 972 decem
2537 917 2731 972 horum
2775 934 2959 990 regum
3011 926 3221 974 aetatem
3261 918 3402 975 saris

1833 1016 2049 1062 centum
2081 1009 2266 1079 viginti
2290 1008 2575 1076 deﬁniunt,
2603 1024 2722 1078 quae
2743 1017 2870 1064 sunt
2903 1024 3167 1064 annorum
3200 1009 3402 1081 myria-

1835 1098 1932 1156 des
1979 1107 2091 1156 tres
2125 1116 2294 1169 supra
2336 1100 2696 1170 quadraginta
2731 1111 3103 1172 praetereaque
3136 1100 3219 1158 bis
3253 1101 3403 1156 mille

1836 1193 1984 1247 anni.
2033 1191 2158 1247 Ηωο
2209 1193 2634 1263 historiographi
2673 1193 3072 1249 Chald'eorum.
3122 1193 3232 1250 Nos
3272 1207 3404 1248 vero

1835 1282 2057 1338 incertis
2087 1284 2172 1338 his
2203 1283 2602 1353 praetermissis,
2627 1282 3003 1353 aggrediamur
3025 1282 3093 1338 ad
3114 1283 3403 1339 dicendum

2647 459 2903 516 Davonus
2931 461 3072 518 saris
3094 477 3148 516 ι.

1833 1388 1958 1442 quae
1989 1374 2160 1428 divini
2188 1374 2318 1428 libri
2348 1375 2452 1430 hoc
2481 1383 2638 1444 pacto
2667 1373 2910 1429 tradunt.

2439 1510 2668 1566 CAPUT
2700 1510 2790 1565 1V.

2254 1620 2503 1676 Cantium
2537 1622 2815 1676 divisiones
2841 1621 2979 1694 (Ἦ).

1912 1736 1965 1790 1.
1999 1733 2160 1791 Semo
2185 1737 2448 1807 progeniti
2470 1747 2596 1794 sunt
2619 1738 2858 1808 quinque
2887 1734 3044 1792 liberi
3081 1754 3094 1790 :
3123 1734 3343 1791 Elamus
3370 1750 3404 1790 a

1766 1805 1814 1866 Β
1840 1843 1948 1898 quo
1972 1805 2245 1896 Elamitae;
2273 1805 2505 1897 esurus,
2535 1845 2565 1884 a
2582 1805 2690 1902 quo
2707 1805 2915 1902 Assyrii
2940 1847 2954 1895 ;
2979 1828 3351 1900 Arpliaxades,
3374 1845 3407 1884 a

1839 1938 1947 1992 quo
1965 1921 2199 1978 Chaldaei
2220 1922 2460 1992 ;Ludus,
2486 1939 2516 1977 a
2538 1939 2646 1994 quo
2664 1923 2794 1995 Lydi
2829 1921 2939 1996 (‘28)
2966 1941 2981 1989 ;
3011 1923 3245 1993 denique
3272 1923 3411 1976 Ara-

1839 2031 1983 2078 mus,
2010 2032 2039 2070 a
2073 2031 2182 2086 quo
2216 2016 2446 2072 Aramaai
2471 2017 2562 2087 qui
2588 2016 2750 2070 etiam
2777 2013 2897 2087 Syri
2927 2016 3254 2069 vocitantur.
3275 2015 3412 2067 Ara-

1840 2109 1914 2161 mi
1945 2107 2100 2162 liberi
2134 2116 2294 2162 sunt:
2321 2106 2456 2170 Hus,
2482 2123 2512 2161 a
2543 2123 2651 2178 quo
2674 2105 2801 2176 Lagi
2823 2125 2838 2172 ;
2863 2105 3021 2170 Enul,
3049 2121 3080 2159 a
3114 2120 3222 2175 quo
3262 2101 3411 2158 Enu-

1839 2199 1937 2266 lii;
1970 2199 2169 2265 Gader,
2208 2216 2237 2254 a
2278 2216 2387 2270 quo
2423 2198 2732 2270 Gaspbeni;
2763 2197 3071 2262 Mosochus,
3100 2213 3128 2252 a
3158 2211 3266 2267 quo
3299 2194 3412 2250 Mo—

1840 2293 1978 2349 seni.
2015 2291 2133 2346 Filii
2156 2293 2500 2358 Arphaxadis
2532 2313 2544 2348 :
2572 2291 2718 2356 Sala,
2754 2293 2912 2362 cujus
2968 2292 3110 2345 [ilius
3143 2288 3411 2354 Heberus,

1841 2397 1872 2436 a
1895 2397 2004 2453 quo
2032 2381 2244 2438 Hebraei
2284 2383 2418 2456 (29).
2455 2383 2576 2437 Filii
2625 2382 2820 2438 lleberi
2853 2402 2868 2438 :
2912 2381 3200 2444 Phaleeus,
3234 2395 3264 2434 a
3302 2394 3413 2450 quo

1839 2475 2008 2544 stirps
2057 2475 2354 2530 Abrahami
2427 2475 2806 2545 componitur;
2867 2473 3162 2538 Jectanus,
3214 2487 3244 2527 a
3303 2485 3413 2542 quo

1839 2575 2095 2623 creantur
2121 2568 2276 2622 liberi
2308 2567 2611 2622 tredecim:
2658 2582 2892 2638 quorum
2951 2575 3084 2620 natu
3143 2564 3416 2619 maximus

1839 2655 2192 2723 Elmodadus,
2229 2673 2260 2712 a
2299 2673 2406 2729 quo
2439 2656 2557 2711 Indi
2585 2676 2601 2724 ;
2632 2665 2745 2712 tum
2801 2657 3051 2719 Salecus,
3085 2671 3114 2708 a
3153 2671 3262 2725 quo
3309 2653 3414 2708 Ba-

1839 2749 2032 2802 ctriani
2057 2766 2072 2814 ;
2098 2748 2478 2813 Asarmothus,
2497 2765 2523 2800 a
2543 2763 2650 2819 quo
2678 2747 2921 2814 Arabes;
2948 2747 3233 2809 Jareclms,
3253 2761 3283 2800 a
3303 2759 3413 2816 quo

1837 2835 2100 2893 Jarachmi
2124 2856 2138 2904 ;
2159 2837 2519 2903 Zodoramus,
2563 2853 2593 2890 a
2633 2853 2743 2906 quo
2771 2837 3004 2892 Carmeli
3031 2854 3046 2903 ;
3077 2835 3225 2898 Ezel,
3247 2850 3276 2888 a
3303 2848 3412 2904 quo

1838 2929 2067 2996 Ariani;
2104 2929 2286 2994 Decla,
2318 2944 2349 2982 a
2375 2945 2486 2999 quo
2515 2927 2802 2994 Gedrusii;
2837 2925 3025 2990 Gebal,
3053 2940 3082 2979 a
3125 2941 3236 2995 quo
3283 2923 3417 2994 Scy-

1840 3021 1974 3086 than;
2009 3021 2277 3087 Abimeel,
2308 3036 2338 3073 a
2366 3035 2475 3091 quo
2507 3019 2778 3090 Hyrcani;
2813 3017 2974 3082 Salia,
3003 3032 3034 3070 a
3073 3031 3181 3086 quo
3209 3015 3417 3069 Arabes

1766 3149 1809 3206 α
1843 3113 2002 3182 primi
2054 3113 2204 3183 (50);
2251 3111 2444 3206 Uphir,
2475 3127 2504 3165 a
2550 3126 2659 3181 quo
2702 3109 2942 3174 Aramii;
2977 3109 3194 3206 levila,
3227 3122 3257 3160 a
3307 3119 3418 3174 quo

1845 3202 2354 3276 GymuOSOphistie;
2388 3201 2615 3266 Joabus,
2667 3217 2697 3255 a
2747 3217 2854 3271 quo
2891 3200 3098 3253 Aradii.
3132 3197 3196 3252 Hi
3229 3211 3419 3252 omnes

1842 3295 2068 3352 Jectano
2099 3297 2263 3367 geniti
2300 3306 2425 3351 sunt
2450 3296 2616 3349 fratre
2639 3292 2857 3348 Phaleci
2892 3311 2904 3346 :
2937 3306 3238 3360 eorumque
3263 3291 3414 3343 inco-

1843 3389 1985 3442 latus
1999 3403 2027 3441 a
2044 3386 2227 3441 Masiis
2246 3387 2358 3458 (51)
2385 3402 2554 3456 usque
2572 3387 2699 3441 dum
2720 3386 2904 3440 venias
2922 3383 2988 3437 ad
3015 3383 3277 3453 Spheram
3304 3380 3419 3454 (52)

1843 3489 2082 3534 montem
2111 3480 2467 3539 orientalem,
2501 3479 2753 3548 pertinet.
2790 3475 2855 3529 Et
2883 3476 3100 3546 quidem
3127 3474 3254 3528 alibi
3278 3474 3420 3528 dici-

1844 3577 1933 3624 tur
1963 3571 2073 3642 (55)
2121 3571 2375 3626 universa
2423 3567 2568 3624 Semi
2606 3569 2822 3624 soboles
2869 3576 3104 3622 tractum
3141 3582 3356 3620 omnem
3385 3579 3420 3619 a

1843 3662 2146 3718 Bactriana:
2179 3663 2380 3718 ﬁnibus
2412 3662 2648 3717 incolere
2683 3661 3054 3715 Rhinocuram
3081 3659 3192 3731 (54)
3221 3673 3417 3729 usque,

1844 3768 1954 3824 quo
1986 3755 2106 3810 loco
2161 3753 2319 3826 Syria
2364 3755 2433 3808 ab
2471 3753 2708 3825 Egypto
2739 3754 3066 3815 secernitur,
3103 3751 3341 3820 itemque
3385 3763 3418 3803 θ

1844 3844 2035 3916 Rubro
2065 3847 2237 3914 mari;
2259 3855 2313 3901 et
2335 3847 2404 3901 ab
2427 3861 2522 3902 ora
2554 3846 2726 3900 maris
2749 3844 2893 3916 quod
2916 3853 3000 3900 est
3029 3842 3098 3897 ad
3125 3842 3416 3898 Arsinoem

1843 3943 2110 4001 Indicam.

1927 4037 1984 4093 2.
2017 4033 2209 4092 Chami
2237 4033 2391 4088 liberi
2419 4032 2659 4102 quinque
2687 4017 2959 4100 {quorum
2984 4036 3116 4082 natu
3147 4025 3421 4081 maximus

1843 4128 2086 4193 Chusus,
2117 4143 2146 4180 a
2200 4139 2308 4196 quo
2359 4123 2548 4179 Chusii
2590 4140 2603 4176 :
2661 4129 2777 4176 tum
2828 4119 3194 4182 Mestraimus,
3240 4130 3271 4170 a
3308 4129 3419 4186 quo

1843 4219 2113 4293 Egyptii;
2159 4218 2407 4280 Pbudus,
2450 4231 2480 4269 a
2525 4229 2634 4286 quo
2661 4213 3035 4284 Troglodytas;
3074 4210 3418 4270 Cliauaanes,

1845 4328 1875 4367 a
1907 4328 2018 4384 quo
2037 4311 2151 4365 Afri
2175 4318 2338 4380 atque
2363 4308 2674 4364 Phaznices.
2702 4305 2870 4361 Chusi
2898 4303 3053 4358 liberi
3070 4309 3228 4355 sunt:
3252 4296 3417 4362 Saba,

1844 4406 1940 4470 lla,
1999 4404 2220 4468 Sabaat,
2267 4402 2494 4473 llegma,
2541 4399 2870 4460 Sabaeatha.
2917 4394 3134 4450 Rursus
3187 4391 3408 4461 Regmaa

179 4481 439 4552 ουὶυείιυθ
479 4480 764 4552 proferunt
808 4500 823 4536 ³
864 4498 1054 4552 nempe
1084 4485 1165 4539 Sic
1203 4501 1216 4537 ε
1257 4503 1276 4536 ε
1309 4483 1350 4540 Ῑ·
1380 4485 1578 4542 MONS
1603 4489 1744 4544 saris
1775 4487 1819 4542 Ι)
1848 4497 2028 4561 liberi,
2067 4495 2209 4550 Saba
2252 4502 2306 4548 et
2342 4492 2674 4548 Judadanes.
2722 4487 2890 4543 Aiunt
2923 4493 3186 4558 praeterea
3219 4483 3417 4538 divina:

181 4573 350 4630 decem
393 4573 530 4645 (26).
565 4593 584 4626 ›
621 4574 780 4645 (Saro
819 4583 998 4630 autem
1044 4585 1126 4632 ter
1163 4577 1313 4633 mille
1357 4592 1420 4633 ac
1453 4589 1738 4635 sexcentos

182 4677 342 4722 annos
394 4677 682 4722 contentos
731 4669 906 4722 aiunt.
955 4665 1126 4723 Neros
1175 4670 1336 4724 etiam
1384 4671 1646 4741 quosdam
1687 4678 1742 4726 et

182 4767 327 4812 sosos
358 4755 662 4826 adiungunt
695 4773 710 4809 :
741 4771 934 4812 uerum
972 4759 1099 4811 anni
1134 4761 1379 4813 sexcenti
1418 4759 1739 4826 coniiciunt,

182 4859 359 4902 sosum
387 4846 713 4919 sexaginta.)

238 4935 304 4994 11.
435 4937 632 4995 Setlius
708 4981 722 4995 .
801 4981 818 4997 .
893 4979 908 4995 .
985 4939 1250 5011 Alaparus
1276 4943 1416 4998 saris
1443 4959 1529 4998 ιιι.

243 5028 330 5084 Ill.
435 5029 650 5086 Enosus
713 5073 729 5088 .
807 5074 822 5086 .
896 5077 908 5089 .
986 5034 1231 5089 Almelou
1262 5037 1404 5092 saris
1434 5052 1552 5093 xm.

241 5119 330 5178 ιγ.
426 5123 724 5181 Cainanus.
806 5165 821 5179 .
889 5165 904 5181 .
987 5128 1286 5181 Ammenon
1313 5128 1455 5183 saris
1487 5143 1585 5182 xu.

245 5215 309 5272 V.
429 5217 660 5274 Malaliel
705 5259 721 5273 .
797 5257 810 5272 .
893 5260 906 5275 .
975 5218 1328 5290 Amegalarus
1351 5221 1490 5277 saris
1519 5223 1706 5278 xvm.‘

248 5371 357 5444 (26)
396 5373 596 5444 Confer
631 5373 830 5432 Euseb.
855 5373 1052 5429 Chron.
1089 5373 1131 5432 1.
1162 5389 1200 5442 ι,
1231 5375 1286 5429 2.

249 5443 357 5510 ('27)
407 5443 520 5498 Hac
546 5460 711 5510 super
743 5461 798 5499 re
846 5447 1166 5500 consuieudi
1208 5453 1336 5501 sunt
1367 5443 1638 5502 Eusebius
1677 5447 1732 5502 in

186 5513 398 5586 exordio
430 5516 579 5586 libri,
606 5513 915 5586 Syncellus,
951 5533 1002 5585 p.
1038 5517 1227 5578 45-5l,
1269 5517 1504 5584 itemque
1534 5516 1737 5572 Cedre-

189 5597 302 5644 nus,
329 5585 418 5639 fol.
444 5585 630 5653 12-14,
652 5585 986 5656 quibuscum
1015 5603 1124 5643 non
1151 5588 1271 5643 sine
1304 5587 1484 5644 fructu
1514 5585 1736 5644 Samuel

189 5657 600 5724 comparabitur.

250 5725 358 5794 (28)
382 5728 466 5780 Al.
491 5725 640 5788 cod.,
671 5725 825 5779 Lazi.

250 5793 359 5867 (29)
380 5796 466 5854 Al.
501 5795 648 5864 cod.,
683 5795 896 5852 Heberi.

1847 4583 2060 4645 litterae,
2091 4597 2121 4635 a
2160 4580 2348 4635 Cbuso
2377 4579 2618 4650 genitum
2669 4589 2793 4630 esse
2833 4572 3152 4635 Nebrotum,
3183 4569 3276 4638 qui
3307 4566 3419 4638 pri-

1847 4689 1971 4728 mus
2004 4673 2056 4726 in
2089 4673 2220 4727 orbe
2258 4671 2410 4741 gigas
2443 4669 2629 4735 fuerit,
2656 4676 2818 4736 atque
2860 4665 3004 4718 hunc
3025 4663 3292 4733 gigantem
3323 4673 3419 4715 co-

1847 4777 1964 4816 ram
1998 4761 2228 4816 Domino
2256 4761 2365 4814 Deo
2394 4757 2671 4814 venationi
2711 4770 2932 4826 operam
2966 4753 3184 4808 dedisse
3217 4769 3230 4805 :
3257 4765 3418 4805 eum-

1852 4853 2084 4924 demque
2126 4853 2466 4922 auspicatum
2505 4865 2628 4905 esse
2668 4861 2894 4918 regnum
2939 4861 2969 4898 a
3019 4843 3312 4914 Babylone,
3346 4840 3418 4897 ab

1851 4945 2051 5008 Oredo,
2089 4946 2156 5000 ab
2182 4943 2420 5005 Acbade,
2464 4957 2494 4996 λ
2532 4940 2773 4996 Chalaue
2810 4939 2862 4991 in
2904 4937 3124 5007 regione
3167 4931 3416 4988 Scnaiar.

1849 5037 2092 5093 Indidem
2128 5047 2376 5094 exortum
2401 5050 2523 5089 esse
2551 5037 2810 5097 Asurum,
2845 5045 2875 5083 a
2903 5043 3010 5100 quo
3044 5026 3235 5081 Ninive
3259 5025 3416 5080 item-

1850 5146 1956 5201 que
1979 5129 2202 5185 Roboda
2240 5129 2371 5183 urbs
2395 5126 2734 5182 condebatur
2757 5139 2879 5178 cum
2911 5121 3151 5176 Chalaue
3176 5139 3189 5173 :
3223 5126 3336 5173 tum
3362 5123 3418 5172 et

1855 5224 2210 5287 Rasemanes,
2243 5223 2382 5276 inter
2433 5218 2683 5274 Ninivem
2726 5225 2780 5272 et
2817 5215 3136 5280 Chalanem,
3169 5225 3290 5282 qua:
3333 5213 3420 5264 est

1914 5379 2027 5446 (50)
2062 5376 2227 5447 Sync.
2260 5374 2562 5447 etCedreu.
2597 5371 2798 5447 Arabes
2836 5369 3033 5447 Indici.

1913 5435 2023 5515 (51)
2063 5435 2228 5501 liililia
2269 5446 2384 5499 Lat.
2413 5447 2624 5515 vulgata
2658 5443 2794 5498 Gen.
2833 5457 2888 5505 χ,
2923 5440 3012 5505 50,
3031 5437 3093 5493 de
3110 5435 3308 5492 Massa.

1917 5519 2024 5590 (5‘2)
2057 5519 2228 5590 Biblia
2241 5518 2471 5590 _vulga_t_:i
2508 5517 2637 5582 Sep/1
2647 5531 2728 5590 of.

1923 5581 2034 5657 (55)
2075 5587 2205 5642 Vide
2237 5581 2549 5657 Syncellum
2574 5581 2627 5638 et
2653 5581 2984 5657 Cedrenum.

1919 5643 2369 5731 {Mi-liliinocura.
2415 5670 2609 5731 nguien
2654 5653 2807 5708 urbis
2841 5654 3079 5721 itemque
3125 5643 3414 5706 torrentis.

1848 5722 2121 5787 Interdum
2151 5722 2412 5786 scribitur
2435 5724 2805 5781 Rhinicorura.
