3878 6264
453 337 560 394 615

457 551 561 606 ter,
596 542 802 596 creavit
848 537 1160 603 Ludimum,
1186 556 1217 594 a
1247 555 1356 611 quo
1386 539 1561 611 Lydi;
1611 541 1950 606 Seneimum,
1990 559 2020 597 a

455 649 565 706 quo
593 631 930 703 Pamphylii;
977 629 1218 687 Salbium
1241 673 1255 695 ,
1287 648 1317 687 a
1370 650 1477 704 quo
1520 634 1711 701 Libes;
1747 632 2026 705 Neplhali.

457 741 604 782 mum
633 732 684 780 et
717 724 1223 788 Patrosonimum,a
1251 741 1360 795 quo
1391 725 1615 794 Cretes;
1647 725 2022 788 Caslinimum,

457 834 488 873 ι
521 833 628 888 quo
656 817 826 889 Lycii,
849 817 992 872 unde
1020 823 1074 871 et
1109 832 1281 886 genus
1319 817 1756 883 Philistaeorum;
1783 818 2022 888 Captho~

459 911 678 975 rimum,
711 925 741 964 a
765 925 872 980 quo
917 909 1067 963 Daci.
1104 908 1278 964 Porro
1307 909 1630 966 Clianaanes
1656 912 1892 981 primum
1924 925 2024 963 na-

459 1015 639 1060 torum
681 1001 924 1070 suscepit
959 999 1246 1068 'Sidoncm,
1285 1019 1442 1075 aquo
1476 1001 1708 1066 Sidonii,
1739 1011 1793 1056 et
1823 1001 2023 1066 Chetze,

457 1102 512 1149 et
542 1093 797 1156 Iebuszei,
829 1102 883 1148 et
910 1093 1234 1156 Amorrhzei,
1269 1102 1324 1148 et
1353 1093 1643 1164 Gergesaei,
1675 1099 1730 1147 et
1758 1090 1955 1157 chmi,
1974 1099 2028 1146 et

456 1185 720 1249 Arvacaai,
748 1185 892 1240 unde
918 1183 1197 1256 Tripolitae
1223 1201 1443 1256 quoque
1471 1192 1524 1240 et
1551 1186 1808 1252 Aminzei;
1831 1183 2027 1240 deinde

456 1276 742 1342 Aradium,
774 1290 804 1328 a
835 1289 944 1344 quo
977 1276 1205 1343 Aradii;
1241 1275 1578 1340 Samrinum,
1611 1291 1643 1329 a
1688 1290 1796 1346 quo
1825 1273 2026 1330 Ortho-

459 1369 525 1424 sii
545 1385 560 1434 ;
582 1369 894 1432 Amathum,
932 1383 962 1422 a
995 1385 1102 1439 quo
1119 1368 1450 1423 Amathusii.
1478 1367 1614 1423 IIinc
1645 1367 2027 1438 proseminatae

459 1469 588 1516 sunt
629 1461 1059 1516 Chananazorum
1095 1469 1285 1531 gentes
1316 1461 1541 1516 omnino
1567 1476 1716 1513 xxxii
1749 1479 1761 1514 :
1793 1474 2026 1530 quarum

459 1554 596 1609 ﬁnes
624 1553 841 1608 fuerunt
869 1568 897 1606 a
927 1551 1128 1608 Sidone
1161 1568 1334 1625 usque
1358 1551 1488 1607 dum
1510 1551 1773 1606 Geraram
1815 1554 2022 1616 venias,

457 1654 512 1701 et
540 1662 569 1700 a
601 1645 745 1701 Gaza
779 1661 952 1716 usque
979 1646 1108 1700 dum
1159 1631 1451 1699 Sodomam
1481 1652 1536 1699 et
1577 1642 1938 1698 Gomorrham
1973 1652 2028 1699 et

456 1738 714 1795 Ademam
740 1746 792 1794 et
811 1737 1123 1793 Seboimum
1155 1747 1209 1792 ct
1240 1737 1436 1792 Lasam
1463 1736 1670 1792 venias.
1703 1735 1824 1790 Alio
1845 1745 2024 1790 tamen

1466 335 1802 392 APPENDIX
1833 337 1926 392 AD
1963 335 2232 392 EUSEBII
2272 336 2684 395 cnnomcon.
2722 327 2734 338 '

456 451 589 507 urbs
616 448 871 504 maxima.
891 446 1011 502 Iam
1035 456 1089 504 et
1118 445 1484 523 Mestraimus,
1511 449 1891 522 Egyptiorum
1925 465 2022 522 pa-
2055 456 2104 512 Α

3590 339 3718 396 616

2756 452 2984 508 CAPUT
3005 450 3069 508 γ.

2691 539 2832 597 Semi
2859 544 3125 613 prosapia.

2199 631 2249 683 ι.
2284 631 2476 700 Agesis
2499 645 2627 701 ergo
2662 632 2786 686 inde
2821 634 3037 688 initium
3059 634 3270 705 capiam
3313 635 3408 690 ubi
3444 636 3715 692 ordinem

2125 723 2566 792 procreationum
2621 724 2848 795 abrupi,
2895 741 3122 798 quaeque
3200 727 3502 798 interjecta:
3567 745 3720 786 sunt.

2127 813 2470 867 narrationes
2527 814 2794 868 omittam.
2855 814 2931 869 Ibi
2997 815 3206 871 scilicet
3265 817 3467 872 dictum
3529 828 3634 881 eat,
3675 833 3720 870 ει

2126 902 2306 958 Thara
2333 918 2507 958 annos
2539 913 2667 959 nato
2697 919 2801 959 Lxx
2833 907 3045 977 genitos
3075 908 3252 964 fuisse
3298 909 3721 973 Ahrahamum,

2127 1004 2181 1049 et
2205 995 2516 1051 Nacliorum
2549 1004 2603 1051 et
2639 996 2892 1052 Aranem.
2918 998 3092 1053 Porro
3111 997 3346 1065 Aranes,
3371 1003 3558 1073 genito
3587 1000 3720 1057 Lo-

2126 1087 2240 1150 tho,
2293 1087 2502 1157 parenti
2553 1103 2652 1143 suo
2699 1087 2890 1144 Tharae
2922 1103 3282 1165 praemortuus
3309 1102 3394 1148 est
3443 1094 3499 1148 in
3530 1095 3721 1148 natali

2128 1185 2272 1233 terra
2331 1177 2604 1233 Chaldzea.
2654 1178 3034 1248 Adjunxerunt
3099 1190 3284 1237 autem
3345 1184 3450 1238 sibi
3497 1200 3717 1239 uxores

2128 1271 2470 1328 Abrahamus
2501 1280 2557 1328 et
2584 1270 2906 1340 Nachorus;
2943 1273 3133 1330 Saram
3166 1276 3539 1345 Abrahamus,
3564 1278 3720 1335 Mcl—

2127 1363 2284 1417 cham
2314 1363 2492 1418 Arane
2511 1371 2692 1418 natam
2718 1362 3019 1421 Nachorus.
3057 1367 3325 1422 Cmterum
3365 1370 3503 1423 Sara
3532 1371 3717 1426 steri-

2127 1455 2196 1510 lis
2226 1455 2428 1510 nullam
2456 1471 2523 1509 ex
2557 1471 2616 1510 se
2647 1456 2855 1526 prolem
2894 1457 3110 1512 edebat.
3153 1458 3290 1513 Exin
3327 1457 3539 1515 Tharas
3565 1477 3717 1515 cum

2127 1548 2312 1602 liberis
2333 1548 2642 1602 Chaldazam
2677 1548 2941 1605 deserens
2976 1559 3036 1605 ut
3072 1551 3126 1605 in
3148 1538 3152 1546 ’
3175 1551 3541 1620 Chananaeam
3588 1556 3716 1608 mi—

2125 1647 2329 1708 graret,
2381 1637 2626 1693 Charras
2680 1656 2855 1710 usque
2915 1644 3206 1710 processit,
3267 1643 3452 1714 ibique
3505 1645 3717 1700 sedem

2129 1731 2272 1798 ﬁxit;
2307 1747 2539 1801 cumque
2579 1733 2752 1786 aetatis
2782 1747 2985 1787 annum
3011 1735 3444 1790 ducentesimum
3481 1746 3713 1806 ageret,

458 1832 578 1886 loco
609 1829 867 1884 dicuntur
899 1826 1010 1899 (35)
1042 1828 1124 1882 hae
1156 1836 1348 1898 gentes
1383 1842 1413 1880 a
1457 1825 1826 1881 Rhinicorura
1853 1841 2024 1896 usque
2056 1805 2096 1859 Β
2121 1821 2346 1877 Charris
2367 1831 2575 1878 natura:
2603 1825 2896 1880 concessit.

455 1919 697 1976 Gadiron
723 1921 993 1978 australes
1027 1920 1278 1991 regiones
1303 1919 1626 1974 incoluisse.

525 2055 579 2112 3.
621 2053 832 2111 Rursus
857 2069 922 2111 ex
947 2055 1136 2110 eodem
1160 2053 1436 2112 Geneseos
1464 2056 1623 2119 libro,
1644 2054 1861 2112 Jabetbi
1891 2057 2026 2110 libe-

452 2145 503 2200 ri
534 2163 547 2200 :
583 2145 868 2209 Gamerus,
905 2161 1066 2216 aquo
1087 2143 1292 2199 Gatniri
1333 2145 1484 2216 (‘56);
1520 2145 1805 2217 Magogus,
1845 2161 1876 2199 a
1916 2162 2024 2217 quo

453 2239 620 2293 Celtic
646 2246 699 2292 et
725 2234 960 2304 Galatae;
989 2235 1143 2290 Mada
1166 2252 1198 2290 a
1231 2252 1340 2307 quo
1364 2236 1540 2305 Medi;
1573 2235 1834 2302 Javanus,
1861 2254 1891 2292 a
1917 2251 2026 2308 quo

455 2323 705 2381 Hellenos
763 2325 878 2397 ('57)
925 2335 979 2380 et
1017 2324 1212 2392 Iones;
1245 2325 1391 2380 Elisa
1421 2335 1476 2382 et
1503 2326 1805 2392 Thobelus,
1847 2335 1888 2381 εδ
1915 2343 2025 2398 quo

453 2417 734 2487 Thessali;
785 2417 1100 2485 Mosoehus,
1127 2435 1159 2474 a
1195 2435 1306 2490 quo
1336 2419 1540 2492 Illyrii;
1578 2420 1798 2485 Thiras,
1850 2436 1880 2475 a
1914 2436 2025 2491 quo

452 2509 728 2578 Thraces;
760 2511 1103 2576 Cbeteimus,
1139 2528 1170 2567 a
1193 2529 1302 2584 quo
1334 2513 1679 2569 Macedones.
1709 2513 1882 2569 Porro
1916 2513 2024 2568 Ga-

453 2603 589 2658 meri
618 2604 775 2659 liberi
806 2622 820 2659 :
860 2603 1238 2670 Aschanazus,
1271 2621 1303 2660 a
1341 2622 1452 2676 quo
1487 2606 1782 2673 Sarmatae;
1818 2606 2025 2678 Ripha-

451 2694 566 2758 tha,
594 2709 623 2747 a
644 2710 752 2764 quo
785 2693 1122 2751 Sauromata:
1142 2696 1288 2768 (58);
1315 2695 1662 2767 'I‘horgomus
1688 2697 1824 2768 (39),
1861 2713 1890 2752 a
1915 2715 2024 2768 quo

455 2784 677 2840 lIaicani
715 2787 849 2858 (40).
895 2786 1120 2843 .Iavanis
1166 2796 1352 2842 autem
1397 2789 1596 2845 liberi;
1638 2789 1784 2845 Elisa
1821 2789 1955 2860 (tl),
1993 2807 2024 2845 a

453 2892 564 2946 quo
585 2875 897 2934 Sicilienses
920 2888 974 2934 et
1003 2879 1368 2936 Athenienses
1396 2899 1411 2948 ;
1448 2879 1697 2947 llharsis,
1730 2897 1759 2935 a
1795 2897 1903 2951 quo
1927 2881 2020 2936 Ili-

455 2967 572 3022 beri
617 2975 670 3022 et
700 2967 1008 3040 Tyrrheni;
1047 2969 1209 3035 Citis,
1251 2987 1282 3023 a
1328 2986 1438 3040 quo
1491 2971 1721 3026 Romani
1753 2982 1808 3028 et
1843 2973 2020 3029 Latini

453 3064 508 3113 et
536 3057 751 3113 Rhodii.
775 3059 855 3115 Ex
891 3061 975 3116 bis
1016 3061 1198 3115 coloni
1236 3061 1454 3116 deducti
1485 3071 1614 3117 sunt
1647 3079 1744 3133 per
1774 3067 2019 3135 gentium

454 3153 662 3210 insulas
687 3155 740 3209 in
758 3171 885 3212 suas
905 3157 1107 3227 quique
1127 3157 1396 3228 regiones,
1422 3160 1604 3229 populi
1621 3162 1843 3215 omnino
1863 3161 2023 3231 quin-
2049 3165 2092 3220 C

453 3246 631 3302 decim
659 3286 674 3312 ,
705 3247 869 3318 hique
896 3265 926 3303 a
957 3250 1129 3305 Medis
1161 3252 1227 3306 ad
1263 3250 1580 3322 Hesperiam
1614 3268 1789 3322 usque
1819 3256 2024 3324 pertin-

448 3347 605 3410 gunt,
629 3355 749 3410 ane
787 3349 934 3411 patet
979 3342 1047 3397 ad
1090 3341 1369 3398 Oceanum
1401 3353 1455 3398 et
1502 3344 1776 3400 borealem
1810 3347 2020 3417 plagam

449 3439 778 3501 prospectat.
808 3432 1074 3506 Deinceps
1115 3443 1473 3490 recensentur
1514 3437 1699 3506 populi
1738 3451 1814 3500 ιι,
1861 3437 2019 3491 item-

450 3540 558 3594 que
585 3541 770 3580 eorum
797 3526 1036 3582 ditiones
1061 3543 1159 3598 per
1189 3529 1562 3598 aqtiilonarem
1586 3535 1820 3584 tractum
1853 3544 1883 3582 a
1911 3529 2022 3585 Me-

449 3616 536 3671 dis
567 3631 739 3686 usque
759 3617 1020 3674 Gadiron.
1053 3618 1247 3674 Patent
1288 3619 1498 3674 scilicet
1543 3619 1614 3672 ab
1661 3634 1820 3675 amne
1857 3619 2023 3674 Pota-

452 3708 602 3764 mino
630 3707 744 3780 (42)
778 3726 953 3781 usque
977 3710 1046 3765 ad
1072 3709 1390 3766 Mastusiam
1425 3709 1572 3781 quod
1599 3721 1685 3766 est
1723 3710 1859 3765 Ilion
1883 3711 2017 3788 (ᾧ).

518 3864 574 3919 ι.
627 3862 735 3920 Sed
766 3865 912 3920 enim
947 3881 1048 3936 ego
1078 3875 1268 3936 gentes
1313 3865 1558 3937 smgulas
1599 3865 1764 3920 trium
1814 3863 2016 3919 Noachi

452 3953 683 4008 ﬁliorum
716 3955 976 4012 distincte
1007 3973 1091 4011 me
1111 3957 1491 4027 expositurum
1536 3956 1717 4026 recepi
1751 3970 1924 4024 usque
1953 3956 2016 4008 ad

449 4044 731 4100 Christum
759 4061 884 4101 cum
929 4047 1166 4103 humana
1198 4057 1394 4103 natura
1433 4048 1809 4117 conjunctum,
1846 4065 2018 4118 quan—

449 4151 614 4206 quam
653 4135 852 4190 divinae
909 4135 1101 4192 litterae
1135 4137 1406 4192 Semiticm
1439 4145 1648 4192 tantum
1685 4137 1904 4193 familia-
1931 4154 2018 4194 se-

451 4227 586 4280 riem
619 4226 826 4296 scripto
849 4229 1162 4294 continent;
1193 4227 1260 4282 de
1289 4227 1494 4280 Chamo
1525 4233 1706 4282 autem
1738 4237 1902 4298 atque
1926 4227 2018 4282 Ja-

451 4315 634 4380 betho,
657 4325 853 4384 praeter
873 4316 1020 4370 dicta
1043 4333 1073 4370 a
1099 4332 1185 4370 me
1217 4317 1491 4387 superius,
1522 4317 1660 4372 nihil
1695 4327 2014 4373 memorant.

451 4405 592 4477 Ergo
622 4405 765 4461 Scmi
795 4407 1023 4478 stirpem
1058 4423 1087 4460 a
1111 4408 1290 4478 primo
1345 4407 1638 4463 Abrahami
1688 4423 1832 4463 anno
1872 4425 2018 4463 nunc

2193 1912 2249 1968 2.
2285 1913 2443 1988 Anno
2485 1916 2659 1971 aetatis
2689 1918 3092 1989 septuagesimo
3119 1919 3313 1990 quinto
3342 1920 3714 1975 Abrahamus

2125 2003 2219 2060 Dei
2242 2007 2571 2081 revelatione
2591 2008 2788 2082 dignus
2809 2010 3030 2065 habitus
3052 2019 3169 2075 est,
3193 2021 3248 2066 et
3275 2013 3451 2068 solum
3478 2023 3715 2069 vertere

2121 2096 2334 2165 jussus.
2366 2096 2549 2164 Quare
2569 2099 2794 2157 Cbarris
2817 2101 3022 2156 relictis
3047 2100 3410 2158 Chananteam
3438 2105 3708 2160 incoluit.

2126 2187 2261 2243 Tum
2289 2205 2462 2246 annos
2490 2207 2585 2246 sex
2627 2207 2793 2262 supra
2831 2193 3108 2264 octoginta
3146 2193 3260 2264 jam
3306 2203 3473 2252 natus
3521 2197 3710 2251 ﬁlium

2123 2295 2188 2334 ex
2221 2280 2395 2351 Agare
2427 2280 2577 2335 Sara:
2605 2283 2802 2336 ancilla
2831 2284 3102 2354 suscepit,
3135 2285 3224 2339 cui
3263 2301 3465 2346 nomen
3495 2287 3711 2343 indidit

2124 2371 2371 2442 Ismaeli,
2401 2375 2545 2431 unde
2573 2372 2966 2431 Ismaelitarum
2998 2379 3148 2432 natio
3167 2387 3250 2433 est
3275 2396 3290 2447 ;
3314 2379 3708 2450 Agarenorom

2127 2467 2408 2534 videlicet,
2439 2468 2728 2538 quietiam
2761 2465 3019 2524 Saraceni
3070 2477 3123 2522 et
3171 2467 3380 2540 Tagikii
3434 2472 3556 2543 (44)
3606 2489 3710 2528 vo-

2125 2568 2341 2614 cantur.
2371 2557 2598 2630 Insuper
2626 2575 2769 2629 anno
2798 2570 2922 2616 ante
2967 2561 3325 2616 centesimum
3372 2561 3521 2619 Deus
3571 2579 3707 2618 cum

2127 2651 2221 2706 illo
2245 2646 2424 2706 [trdus
2453 2652 2553 2705 init
2581 2651 3050 2719 circumcisionis,
3080 2653 3308 2723 ideoque
3335 2654 3454 2725 ipse
3478 2657 3710 2711 cuncti-

2125 2760 2233 2815 que
2275 2745 2469 2800 domus
2514 2744 2636 2814 ejus
2683 2760 2861 2801 mares
2911 2745 3332 2803 circumcisione
3375 2748 3456 2802 uti
3508 2764 3706 2819 caepe-

2127 2844 2289 2891 runt:
2325 2844 2437 2888 tum
2467 2837 2628 2890 etiam
2657 2833 2998 2890 Abrahamus
3027 2852 3126 2907 pro
3153 2837 3424 2903 Abramo,
3455 2839 3709 2910 itemque

2128 2926 2291 2982 Sarra
2338 2943 2439 2999 pro
2489 2928 2624 2982 Sara
2674 2928 2805 2983 dicti
2845 2935 2993 2993 sunt.
3043 2927 3230 2998 quue
3271 2944 3414 2982 anno
3448 2930 3704 2985 nondum

2124 3021 2311 3090 elapso
2343 3019 2607 3075 Dominus
2640 3017 2782 3076 Deus
2815 3036 2939 3076 cum
2969 3021 3181 3091 angelis
3214 3020 3359 3090 apud
3392 3019 3707 3076 Mambrem

2125 3113 2299 3168 eidem
2335 3128 2642 3184 apparens,
2688 3113 2832 3168 ultro
2877 3113 3082 3182 prolem
3129 3114 3331 3183 recepit
3373 3129 3433 3168 se
3465 3114 3516 3169 ei
3561 3130 3706 3169 cono

2128 3221 2435 3262 cessurum.
2466 3203 2649 3260 Primo
2681 3204 2822 3262 inter
2862 3207 3160 3278 prophetas
3199 3207 3519 3263 Abrahamo
3561 3210 3708 3264 divi-

2129 3315 2260 3353 num
2291 3297 2526 3354 Verbum
2561 3297 2797 3352 humana
2829 3299 3009 3368 specie
3040 3300 3430 3368 aspectandum
3464 3315 3527 3355 se
3563 3316 3706 3371 prte-

2127 3391 2265 3447 bens
2306 3389 2651 3449 ethnicorum
2701 3390 3038 3445 vocationem
3082 3391 3484 3460 portendebat,
3530 3408 3705 3462 quam

2128 3497 2223 3552 per
2255 3481 2622 3552 evangelicam
2652 3481 2869 3556 demum
2896 3481 3068 3542 divini
3095 3480 3258 3538 Verbi
3291 3481 3611 3539 doctrinam
3648 3484 3701 3538 in

2128 3576 2285 3631 nobis
2315 3575 2456 3631 Deus
2477 3615 2493 3640 ,
2526 3575 2580 3628 id
2607 3584 2686 3630 est
2727 3577 2782 3630 in
2821 3577 3064 3648 gentium
3110 3577 3471 3634 universitate
3494 3617 3510 3643 ,
3557 3593 3701 3632 con-

2127 3668 2442 3723 summavit.
3108 3651 3113 3656 ’

2197 3761 2249 3816 5.
2267 3757 2386 3814 Jam
2404 3774 2532 3814 vero
2552 3759 2911 3816 centesimum
2941 3773 3144 3814 annum
3168 3761 3347 3830 agenti
3372 3759 3694 3815 Abrahamo

2129 3867 2161 3906 e
2196 3850 2330 3906 Sara
2362 3851 2594 3920 conjuge
2630 3859 2794 3906 natus
2837 3859 2923 3905 est
2967 3852 3230 3906 Isaacus:
3275 3867 3384 3921 quo
3423 3861 3698 3907 nascente

2127 3940 2277 3996 Sarze
2319 3941 2493 4012 ipsius
2534 3942 2923 4012 nonagesimus
2963 3955 3139 3997 annus
3181 3942 3518 3997 vertebatur.
3573 3941 3695 3997 Hac

2125 4042 2306 4090 autem
2335 4049 2458 4087 cum
2483 4032 2629 4088 edito
2653 4033 2840 4088 Isaaco
2866 4033 3026 4088 annis
3052 4043 3252 4102 septem
3276 4039 3330 4085 et
3349 4032 3587 4101 triginta
3607 4048 3694 4088 su-

2127 4126 2422 4203 perfuisset
2447 4168 2463 4192 ,
2501 4127 2610 4182 vita
2642 4127 2902 4184 excessit.
2933 4125 3066 4181 Post
3095 4127 3246 4182 Sarae
3270 4126 3484 4180 obitum
3515 4128 3697 4181 Abra-

2125 4220 2318 4274 hamus
2349 4217 2746 4275 Damascenum
2773 4219 3092 4274 Eleazarum
3125 4217 3388 4272 famulum
3418 4218 3476 4272 in
3511 4219 3692 4274 Meso-

2100 4311 2422 4382 potamiam
2449 4311 2687 4382 legavit,
2727 4309 3143 4381 Rebeccamquc
3177 4309 3437 4366 Batbuele
3467 4321 3692 4374 natam,

2125 4403 2332 4458 Labani
2377 4417 2656 4467 sororem,
2695 4400 2884 4456 Isaaco
2912 4402 3027 4457 ﬁlio
3073 4417 3176 4458 suo
3221 4401 3607 4457 collocandam
3641 4403 3692 4456 in

449 4498 703 4552 exordiar
741 4499 1052 4554 :hactenus
1082 4499 1227 4552 enim
1266 4501 1321 4553 in
1373 4500 1751 4570 superioribus
1797 4499 2014 4569 scripsi,
2052 4509 2094 4584 ὑ
2125 4498 2472 4551 matrimonio
2516 4495 2748 4549 curavit.
2800 4493 2940 4548 Eain
2987 4495 3105 4565 ipse
3151 4510 3366 4566 quoque
3415 4492 3690 4550 Caturam

450 4585 601 4642 brevi
635 4589 762 4643 licet
791 4589 952 4659 stylo,
983 4589 1170 4644 multis
1197 4591 1578 4660 prmtermissis
1603 4610 1616 4645 :
1643 4607 1750 4661 quo
1773 4591 2019 4646 scriben-

447 4676 504 4732 di
532 4693 730 4750 genere
765 4680 817 4733 in
844 4681 1200 4750 sequentibus
1230 4683 1393 4735 etiam
1421 4690 1563 4746 utar,
1586 4698 1706 4753 qua:
1740 4682 1808 4737 de
1839 4683 2018 4738 since-

448 4771 527 4825 ris
556 4779 668 4824 tum
701 4772 906 4827 exteris
938 4781 1050 4826 tuin
1084 4775 1287 4828 nostris
1309 4773 1589 4829 historicis
1614 4782 1778 4845 prout
1798 4789 2013 4844 aequum

446 4861 746 4924 videbitur,
781 4863 1137 4918 coacervabo.

517 5045 629 5130 (33)
669 5058 798 5132 γωδ
829 5060 1138 5132 Syneellum
1168 5070 1221 5118 et
1251 5062 1578 5118 Cedreuum.

500 5132 633 5254 ,(ῗϐ)
676 5129 884 5202 Nempe
916 5131 1273 5202 Cappadoces.
1320 5132 1455 5189 Vide
1502 5133 1698 5189 Euseb.
1738 5148 1862 5203 pag.
1910 5131 2006 5196 45,

522 5271 633 5339 (57)
683 5269 1104 5344 Nempeﬁrwci.
1155 5272 1220 5326 Et
1263 5273 1478 5344 quidem
1510 5273 1753 5328 Armenii
1793 5269 2011 5328 Graecos

449 5344 610 5410 vulgo
637 5341 853 5411 quidem
888 5341 1048 5398 Ionas
1083 5341 1304 5410 dicunt;
1333 5360 1454 5397 cum
1487 5354 1662 5398 autem
1692 5343 1878 5397 volunt
1905 5345 2014 5398 ele-

448 5414 668 5484 gaiuius
701 5412 867 5482 loqui,
908 5413 1186 5471 Hellenos:
1223 5429 1499 5484 nunquam
1528 5430 1656 5470 vero
1679 5412 1908 5468 Cra-cos.

521 5481 631 5547 (58)
657 5484 739 5537 Al.
768 5481 913 5547 i:0d.,
940 5485 1293 5538 Soromacltw.

519 5552 642 5626 (59)
665 5551 812 5626 lIaici
845 5563 996 5626 pater
1014 5554 1375 5626 'l‘liorgmuus,
1395 5571 1552 5624 quem
1577 5555 1824 5612 nominat
1845 5554 2008 5610 etiam

451 5619 698 5691 Ezechiel
732 5619 902 5689 xxvii,
941 5624 1022 5688 l4,
1045 5637 1098 5678 et
1135 5619 1365 5691 xixvut,
1393 5619 1448 5681 6.

521 5691 631 5762 (40)
658 5689 830 5762 Vulgo
848 5695 1100 5749 Armenii.

521 5761 606 5832 (ιι
617 5761 749 5831 wn.
777 5763 1132 5833 cod.,~b‘lias.

2125 4589 2228 4645 sibi
2261 4603 2480 4644 uxorem
2512 4587 2792 4656 adjunxit,
2825 4585 2892 4641 de
2920 4601 3030 4656 qua
3063 4587 3263 4642 liberos
3294 4601 3389 4642 sex
3421 4585 3684 4656 suscepit.

2122 4681 2299 4752 Atque
2331 4683 2405 4735 ita
2435 4681 2745 4734 Abrahamo
2792 4679 2972 4733 tribus
3018 4695 3049 4734 e
3094 4679 3417 4752 eonjugibus
3469 4680 3687 4734 soboles

2121 4772 2314 4826 oborta
2372 4779 2503 4836 est;
2561 4769 2739 4840 primo
2794 4768 3013 4839 quidem
3074 4786 3142 4824 ex
3201 4770 3376 4840 Agare
3428 4769 3684 4842 IEgyptia

2121 4863 2312 4918 Ismael
2331 4901 2348 4926 ,
2379 4877 2409 4914 a
2439 4875 2548 4930 quo
2578 4876 2712 4929 gens
2741 4859 3138 4917 Ismaelitarum
3166 4879 3182 4927 ;
3208 4869 3321 4915 tum
3349 4876 3381 4915 e
3414 4859 3555 4916 Sara
3583 4863 3686 4916 Isa-

2184 5059 2296 5126 (L?)
2329 5057 2618 5130 Syncellus
2647 5067 2702 5112 et
2729 5058 3029 5124 Cedrenus,
3061 5058 3251 5113 Tanai.

2180 5131 2291 5200 (45)
2327 5130 2402 5182 Ita
2431 5130 2596 5184 etiam
2624 5129 2925 5200 Dedi-enus,
2963 5130 3056 5185 l‘ol.
3091 5131 3175 5191 Η,
3203 5131 3306 5194 ’ἕως
3336 5129 3679 5200 Μαστουσξας

2111 5199 2207 5272 τῆς
2241 5201 2380 5272 κατὰ
2414 5201 2593 5272 Ἴλιον.
2639 5199 2840 5272 Verum
2887 5201 3386 5272 Syncellus_p_._50,
3422 5201 3529 5272 ἕως
3569 5199 3680 5272 Ma:

2117 5265 2369 5334 σὲουσίας
2403 5270 2502 5340 τῆς
2541 5271 2683 5324 κατὰ
2712 5270 2884 5341 ἥλιον,
2914 5265 3076 5342 usque
3123 5270 3190 5323 ad
3209 5265 3552 5324 ’Hastusiam
3583 5265 3679 5321 soli

2117 5344 2297 5408 opposi
2305 5349 2433 5394 tam.

2183 5359 2462 5480 Ῐῖἵῗῖαῐῖδο
2505 5411 2721 5465 nomine
2762 5410 3008 5465 Armenii
3051 5411 3315 5465 barbaros
3344 5410 3561 5464 Arabia:
3586 5421 3676 5478 po-

2158 5485 2246 5534 ulo
2277 5482 2576 5551 antiquitus
2610 5482 3052 5550 imligitawerunt.
3083 5481 3174 5534 'Ita
3208 5482 3261 5534 in
3294 5480 3459 5534 Biblis
3493 5485 3670 5535 Arm..

2143 5553 2158 5603 l
2197 5552 2582 5620 Machab.xu,
2623 5552 2706 5605 10.
2743 5551 2835 5606 Sic
2863 5555 3025 5605 etiam
3081 5553 3332 5620 sequiore
3369 5559 3531 5606 astate
3557 5563 3672 5620 _ap.

2114 5622 2387 5692 pellebant
2444 5619 2746 5677 Saracenos
2792 5622 3062 5676 Armenia:
3111 5618 3481 5692 oppressores;
3539 5618 3672 5692 Quin

2113 5689 2248 5744 adeo
2271 5706 2408 5759 quos
2437 5691 2677 5760 Europaei
2710 5692 2908 5746 Turcas
2925 5689 3405 5761 dicunt,’Armenii
3437 5689 3669 5761 Ταρίῌοο

2111 5776 2258 5818 nunc
2293 5762 2592 5816 nominant.
