3878 6264
246 313 338 381 si?
1000 313 1343 379 SAMUELIS
1379 308 1699 378 ANIENSIS
1741 304 2080 378 Summitti
2123 308 2507 378 TEMPORUM
2541 323 2722 378 rans
2751 317 2794 378 l.

3399 331 3499 389 818

239 464 404 511 acus.
444 463 473 500 a
509 462 617 517 quo
647 464 780 518 gens
807 433 1115 501 Iudaeorum
1144 468 1155 502 :
1185 452 1522 519 postremum
1553 464 1583 502 e
1615 447 1817 503 Cetura
1845 451 1893 505 A
1923 442 2090 496 tionis
2122 444 2263 495 intra
2294 458 2469 499 annos
2501 457 2649 497 xxvu
2694 442 2978 513 perduxit,
3021 455 3274 516 annoque
3319 455 3499 507 atatis

237 557 370 613 gens
399 535 736 595 Parthorum
760 540 1000 602 exstitit.
1028 555 1261 609 quorum
1295 555 1516 610 germen
1545 548 1630 594 est
1653 539 1820 592 Arsa-

236 649 328 687 ces
363 631 461 687 ille
495 633 732 704 inclytus
759 632 1203 686 PahIaviensium
1233 643 1287 686 et
1315 625 1705 686 Arsacidarum
1740 623 1821 685 fa-

236 713 520 779 miliarum
549 727 882 796 progenitor.
919 724 1088 796 Igitur
1114 724 1458 778 Abrahamus
1506 733 1630 795 post
1670 725 1822 794 geni-

237 826 350 870 tum
385 815 642 871 Isaacum
684 816 928 886 quinque
972 815 1149 869 adhuc
1179 815 1339 869 annis
1379 823 1434 870 et
1473 814 1819 884 septuaginta

235 908 522 980 peractis,
555 907 631 962 ita
663 915 723 962 ut
751 924 929 963 annos
970 908 1198 963 omnino
1242 911 1462 960 centum
1504 914 1558 960 et
1599 912 1819 975 septua-

234 1002 386 1072 ginta
415 1001 666 1070 quinque
695 1002 960 1064 vixisset,
997 1000 1108 1053 fato
1138 1015 1239 1054 suo
1284 999 1507 1056 functus
1549 1007 1654 1055 est.
1699 998 1818 1053 Jam

234 1089 466 1147 lsaacus
496 1092 837 1161 sexagesimo
883 1091 1059 1146 atatis
1081 1105 1222 1145 anno
1256 1084 1493 1144 Esavum
1536 1089 1723 1160 genuit
1769 1099 1823 1144 et

233 1180 547 1246 Jacobum,
580 1193 868 1252 postquam
915 1181 1076 1235 annis
1128 1181 1319 1251 viginti
1371 1181 1425 1233 in
1471 1181 1820 1235 matrimonio

234 1289 360 1329 cum
392 1265 652 1329 Rebecca
687 1273 882 1327 fuerat.
915 1261 1174 1342 Idemque
1205 1273 1365 1328 annis
1411 1271 1589 1326 adhuc
1628 1272 1819 1343 viginti

232 1373 289 1419 et
318 1372 550 1419 centum
581 1371 860 1433 superstes
884 1365 1219 1432 octogesimo
1245 1369 1299 1418 et
1323 1365 1623 1419 centesimo
1647 1366 1820 1419 atatis

235 1467 382 1507 anno
418 1453 690 1508 decessit.

304 1545 360 1599 4.
404 1543 618 1600 Jacobo
649 1544 742 1598 lilii
775 1537 1060 1599 duodecim
1089 1559 1211 1598 cum
1258 1539 1363 1600 ﬁlia
1406 1546 1574 1617 geniti
1620 1554 1749 1602 sunt
1791 1555 1822 1599 e

235 1637 462 1694 duabus
483 1638 690 1692 Labani
719 1637 934 1693 filiabus
953 1679 967 1702 ,
993 1637 1088 1692 Lia
1120 1639 1327 1694 scilicet
1358 1645 1520 1710 atque
1541 1638 1779 1695 Rachele
1803 1683 1818 1707 ,

238 1745 338 1786 nec
361 1745 482 1785 non
511 1736 579 1786 ex
602 1729 798 1785 harum
824 1729 1038 1784 ancillis
1066 1729 1281 1786 duabus
1309 1731 1456 1785 B‘alla
1487 1732 1813 1802 Zelphaque.

238 1817 572 1890 Quanquam
601 1837 732 1876 vero
759 1820 970 1890 primus
999 1821 1047 1876 ei
1080 1831 1240 1876 natus
1299 1823 1371 1876 sit
1430 1821 1621 1878 Ruben
1653 1840 1816 1894 quem

240 1920 384 1966 anno
419 1913 600 1967 atatis
634 1914 824 1982 quinto
852 1921 906 1968 et
933 1901 1268 1984 octogesimo
1297 1915 1526 1985 genuit,
1580 1924 1695 1969 tum
1731 1914 1821 1968 Si-

241 2018 403 2059 meon
441 2010 598 2058 sexto
627 2011 682 2058 et
711 2005 1046 2076 octOgesimo
1075 2024 1088 2074 ;
1121 2003 1356 2061 Levinus
1383 2014 1563 2060 tamen
1593 2007 1819 2077 prafer-

242 2104 328 2151 tur
353 2097 416 2150 in
443 2096 668 2162 ordine,
693 2114 850 2168 quem
876 2100 1052 2153 aetatis
1083 2101 1316 2170 septimo
1361 2099 1470 2171 (45)
1502 2103 1555 2155 et
1598 2108 1819 2172 octoge-

243 2186 382 2240 simo
415 2201 565 2240 anno
599 2191 802 2242 creavit
826 2228 840 2252 ,
875 2189 941 2244 de
971 2189 1130 2258 cujus
1175 2190 1337 2244 etiam
1364 2205 1560 2260 genere
1591 2204 1821 2260 magnus

243 2279 332 2333 ille
372 2277 562 2332 Moses
593 2287 816 2334 exortus
845 2287 929 2334 est
968 2299 980 2334 :
1017 2296 1138 2349 qua
1179 2296 1268 2336 res
1316 2281 1388 2335 ita
1443 2281 1816 2337 describitur:

242 2367 484 2424 Jacobus
519 2385 694 2424 annos
726 2379 887 2425 natus
909 2388 1133 2426 Lxxxvn
1156 2387 1186 2427 e
1203 2371 1301 2427 Lia
1323 2373 1556 2445 conjuge
1597 2388 1696 2428 sua
1720 2372 1822 2428 Le-

240 2463 431 2517 'vinum
461 2463 747 2536 suscepit;
779 2462 1014 2520 Levinus
1044 2481 1217 2521 annos
1265 2473 1426 2520 natus
1468 2473 1597 2520 x'LVI
1636 2466 1824 2536 genuit

243 2553 559 2608 Cahathum
585 2573 600 2621 ;
624 2555 904 2610 Cahathus
928 2571 1102 2612 annos
1125 2569 1287 2612 natus
1313 2565 1449 2612 th'u
1482 2558 1670 2628 genuit
1692 2557 1823 2612 Am-

245 2656 460 2696 rarnum
486 2661 502 2710 ;
527 2643 818 2699 Amramus
846 2659 1018 2699 annos
1044 2653 1206 2701 natus
1230 2655 1335 2700 L'xx
1363 2646 1554 2717 genuit
1578 2645 1781 2702 Mosem
1806 2665 1821 2715 ;

245 2733 427 2792 Moses
472 2751 647 2792 annos
680 2745 841 2792 natus
871 2753 1009 2791 Lxxx
1045 2737 1280 2809 Egypto
1311 2740 1575 2809 populum
1609 2739 1820 2795 eduxit.

311 2830 366 2884 5.
413 2828 632 2884 Rursus
679 2831 977 2885 secundum
1031 2832 1323 2887 chronicos
1381 2831 1602 2888 Eusebii
1654 2848 1823 2888 cano-

244 2925 341 2976 'nes
365 2921 485 2994 (16)
513 2919 718 2978 Jacobo
747 2938 947 2977 annum
978 2923 1278 2978 secundum
1309 2933 1361 2979 et
1408 2926 1824 2996 nonagesimum

247 3017 430 3087 agenti
466 3017 535 3071 de
562 3013 800 3072 Rachele
830 3033 999 3072 uxore
1029 3016 1298 3087 Iosephus
1344 3027 1507 3073 natus
1543 3028 1662 3074 est:
1708 3027 1823 3073 tum

1924 536 2224 589 centesimo
2252 542 2306 590 et
2335 535 2551 590 decimo
2583 536 2738 591 obiit.

1997 627 2049 682 7.
2107 625 2295 681 Jesum
2344 627 2673 697 praefectura
2721 627 2974 683 Judi‘cum
3027 631 3321 686 subsecuta
3370 642 3499 700 est;

1925 733 2158 787 quorum
2193 719 2402 788 primus

2001 811 2041 863 I.
2093 809 2362 866 Godoniel
2395 813 2556 867 annis
2584 829 2652 865 χι,

1994 899 2058 955 II.
2113 903 2335 958 Avodus
2367 904 2525 959 annis
2556 921 2719 958 Lux.

1995 993 2083 1046 III.
2140 993 2379 1050 Baracus
2413 1005 2465 1050 et
2493 994 2706 1050 Debora
2738 997 2897 1051 annis
2929 1013 3016 1052 χι.

1996 1084 2086 1138 IV.
2144 1085 2474 1158 Samegarus
2503 1098 2692 1158 postea
2718 1090 2812 1158 qui
2843 1090 3178 1161 alienigenas
3209 1101 3496 1149 sexcentos

1923 1175 2252 1232 trucidavit.

1994 1267 2059 1322 V.
2097 1268 2319 1326 Gedeon
2351 1272 2514 1327 annis
2542 1288 2631 1325 XL.

1995 1359 2084 1413 VI.
2118 1361 2504 1418 Abimelecbus
2531 1365 2690 1418 annis
2725 1379 2802 1417 ur.

1993 1450 2111 1505 VII.
2147 1451 2322 1508 Thola
2351 1455 2510 1509 annis
2538 1470 2695 1508 χχιιι.

1994 1543 2126 1599 VIII.
2158 1544 2343 1602 Jairu$
2377 1547 2535 1602 annis
2563 1561 2701 1600 χιιι.

1994 1636 2086 1691 IX.
2122 1637 2436 1707 Iephthau's
2465 1639 2628 1693 annis
2654 1655 2729 1693 vr.

1992 1728 2059 1784 Χ.
2099 1727 2349 1784 Hesebon
2403 1730 2564 1785 annis
2611 1746 2712 1788 vn.
2765 1730 3013 1800 (Baraco
3065 1733 3221 1788 liberi
3274 1743 3493 1805 septua-

1850 1789 1892 1843 Β
1919 1822 2092 1893 ginta,
2135 1821 2405 1878 Heseboni
2433 1823 2655 1892 triginta
2681 1789 2899 1877 fuerunt
2929 1821 3196 1901 [4849]).
3226 1789 3495 1883 Heseboni

1923 1916 1980 1970 in
2010 1914 2364 1970 Hebraorum
2394 1916 2692 1985 exemplari
2721 1917 2976 1972 subditur
3004 1918 3167 1973 Aﬂlon
3194 1920 3359 1990 judex
3389 1937 3488 1974 an-

1920 2008 2006 2063 nis
2053 2023 2126 2072 x,
2170 2023 2333 2078 quem
2377 2015 2561 2062 tamen
2608 2005 2963 2079 Septuaginta
3009 2011 3338 2081 Interpretes
3385 2030 3495 2067 non

1923 2095 2374 2170 agnoscunt(50).
2397 2096 2574 2168 Hujus
2604 2113 2750 2152 anno
2779 2100 2939 2154 tertio
2963 2100 3118 2155 Ilium
3145 2111 3363 2173 captum
3389 2114 3493 2159 est.

1993 2188 2083 2245 XI.
2122 2190 2343 2246 Labdon
2372 2192 2532 2246 annis
2559 2207 2677 2247 vm.
2709 2190 2884 2262 Hujus
2913 2193 3272 2265 quadraginta
3301 2196 3453 2250 liberi
3479 2239 3493 2260 ,

1923 2283 2232 2354 horumque
2263 2283 2358 2338 ﬁlii
2389 2283 2616 2354 triginta
2661 2287 2716 2339 in
2757 2286 3098 2357 septuaginta
3142 2289 3311 2345 asinis
3342 2289 3493 2362 equi-

1924 2376 2138 2431 tabant.

1994 2465 2107 2520 XII.
2149 2467 2418 2538 Sampson
2447 2471 2610 2525 anuis
2640 2487 2730 2524 xx.

1998 2557 2136 2613 XIII.
2178 2558 2297 2614 Heli
2333 2562 2490 2615 annis
2525 2577 2612 2614 xc.
2649 2560 2849 2615 Verum
2895 2563 2949 2616 in
3003 2563 3355 2632 Septuaginta
3406 2559 3488 2614 In-

1925 2658 2226 2723 terpretum
2251 2653 2554 2723 exemplari
2585 2654 2901 2707 scribuntur
2931 2671 3002 2708 xx
3033 2655 3075 2706 ³.

1998 2742 2140 2799 XIV.
2187 2743 2407 2799 Samuel
2438 2753 2601 2814 atque
2633 2743 2763 2798 Saul
2794 2746 2952 2801 annis
2979 2761 3066 2800 xu.

1997 2835 2051 2891 8.
2089 2835 2231 2890 Sane
2263 2851 2387 2890 cum
2419 2837 2475 2890 in
2508 2837 2803 2891 evolvenda
2837 2837 2983 2892 Semi
3009 2839 3214 2909 stirpe,
3243 2855 3494 2909 procrea-

1928 2927 2138 2980 t-ionum
2173 2927 2370 2982 seriem
2410 2927 2557 2981 haud
2606 2928 2844 2982 alienam
2892 2929 2959 2983 ab
3002 2932 3314 3001 evangelica
3364 2932 3474 2986 Mat

1929 3020 2050 3074 thai
2090 3019 2303 3074 ratione
2323 3058 2338 3082 ,
2371 3036 2545 3090 usque
2576 3020 2643 3074 ad
2671 3019 2970 3090 Jusephum
3001 3033 3055 3076 et
3097 3023 3324 3077 Mariam
3367 3041 3501 3078 con-

183 3141 186 3145 -
247 3114 298 3163 et
338 3104 617 3179 Iosephus
640 3125 785 3165 anno
809 3110 984 3166 atatis
1005 3110 1217 3166 decimo
1245 3112 1476 3182 septimo
1503 3121 1532 3166 a
1565 3112 1825 3168 fratribus
1854 3131 1899 3192 ς
1935 3117 2185 3164 texturos
2212 3125 2314 3164 nos
2341 3112 2794 3180 promiserimus;
2823 3128 2854 3166 e
2883 3110 3071 3167 Jacobi
3102 3114 3286 3168 liberis
3312 3127 3500 3184 optare

247 3202 510 3258 venditus
544 3205 821 3260 concessit
858 3202 911 3259 in
936 3201 1226 3277 Egyptum
1253 3222 1267 3272 ;
1295 3220 1527 3275 cumque
1548 3204 1621 3259 ibi
1649 3205 1827 3260 trede—

249 3295 356 3350 cim
392 3297 555 3352 annis
585 3297 638 3351 in
651 3299 931 3368 ergastulo
958 3298 1171 3364 fuisset,
1193 3313 1336 3353 anno
1355 3299 1529 3354 atatis
1553 3299 1828 3353 tricesimo

249 3377 471 3460 Egypti
505 3388 846 3446 dominatum
879 3392 1150 3456 obtinuit,
1183 3406 1293 3462 quo
1325 3406 1419 3461 per
1462 3406 1636 3446 annos
1676 3399 1829 3445 octo-

251 3480 404 3549 ginta
433 3480 788 3549 perfunctus,
833 3471 978 3538 an‘no
1021 3485 1237 3539 demum
1273 3482 1574 3537 centesimo
1615 3481 1829 3535 decium

250 3578 396 3633 diem
445 3594 760 3650 supremum
801 3583 955 3636 obiit.
1001 3583 1181 3635 Primo
1207 3581 1540 3651 Egyptiaca
1563 3579 1828 3634 ubertatis

251 3685 401 3728 anno
432 3685 614 3728 rerum
646 3674 996 3729 moderamen
1024 3675 1090 3728 ad
1116 3673 1415 3745 Josephum
1440 3674 1675 3728 delatum
1703 3681 1786 3727 est
1812 3692 1824 3725 :

249 3775 401 3818 anno
443 3773 628 3818 autem
679 3774 874 3820 octavo
911 3767 1105 3821 'savire
1153 3766 1352 3820 ibidem
1408 3765 1578 3820 fames
1625 3764 1826 3835 coepit,

255 3857 416 3925 cujus
449 3857 778 3911 calamitatis
807 3871 952 3910 anno
980 3859 1151 3912 altero
1180 3850 1416 3912 Jacobus
1447 3858 1502 3911 in
1533 3855 1827 3927 IEgyptum

257 3949 542 4003 descendit
590 3965 734 4004 anno
777 3950 954 4005 atatis
999 3961 1179 4012 cxxx,
1228 3950 1504 4019 vitamque
1548 3949 1618 4004 ibi
1669 3948 1828 4002 annis

253 4043 441 4096 adhuc
470 4051 582 4097 'xvn
613 4044 934 4114 productam
969 4058 1114 4097 anno
1143 4041 1357 4097 demum
1388 4056 1568 4096 cuvu
1597 4041 1825 4102 clausit,

259 4149 366 4204 quo
395 4139 646 4205 tempore
686 4150 866 4190 rerum
907 4135 1216 4205 potiebatur
1246 4151 1390 4190 anno
1415 4137 1526 4205 jam
1565 4144 1719 4190 sexto
1750 4135 1828 4188 vi~

259 4228 572 4296 cesimoque
599 4225 870 4296 Josephus
891 4267 904 4289 ,
940 4226 1032 4297 qui
1063 4235 1116 4282 et
1153 4227 1312 4281 annis
1341 4242 1431 4280 LIV
1463 4225 1754 4297 superfuit.

317 4317 381 4372 6.
419 4314 660 4388 Josepho
685 4334 716 4375 e
742 4320 879 4375 vivis
903 4329 1108 4389 erepto,
1136 4321 1456 4374 servitutem
1489 4321 1581 4374 lilii
1610 4320 1827 4376 lsraelis

261 4410 568 4465 serviebant
601 4409 872 4482 [Egyptiis
901 4411 1060 4467 annis
1090 4427 1267 4466 cxmv.
1315 4405 1479 4465 Fiunt
1518 4427 1647 4482 ergo
1677 4429 1706 4464 a
1735 4412 1828 4466 Ja-

1929 3198 2122 3254 Judam
2152 3199 2547 3267 debueramus,
2582 3217 2612 3255 a
2659 3216 2769 3270 quo
2809 3204 3219 3273 procreationes
3264 3205 3500 3262 deduce-

1930 3308 2116 3346 remus
2145 3310 2158 3357 ;
2207 3293 2463 3362 quoniam
2495 3310 2560 3346 ex
2593 3294 2758 3363 hujus
2789 3296 3010 3349 surculo
3041 3294 3304 3353 Dominus
3342 3315 3500 3352 exor-

1931 3394 2020 3440 tus
2079 3392 2183 3440 est.
2232 3385 2622 3464 Verumtamen
2667 3401 2895 3442 necesse
2948 3387 3086 3451 fuit,
3137 3389 3188 3442 in
3239 3389 3404 3445 Mosis
3448 3400 3501 3443 et

1929 3480 2058 3538 Jesu
2093 3481 2540 3550 reliquorumque
2570 3479 2799 3549 gratiam
2822 3520 2836 3545 ,
2870 3480 2963 3550 qui
2995 3481 3196 3551 populo
3227 3499 3400 3552 usque
3433 3485 3499 3537 ad

1933 3573 2194 3630 Davidem
2244 3572 2337 3642 jus
2393 3571 2800 3638 reddiderunt,
2859 3571 3123 3627 Levinum
3176 3575 3296 3629 loco
3348 3573 3502 3631 Iuda

1931 3681 2386 3723 commemorare.
2424 3663 2582 3719 Nunc
2617 3673 2796 3720 autem
2831 3665 2975 3720 unde
3004 3681 3102 3736 par
3136 3675 3220 3722 est
3256 3683 3368 3723 rem
3401 3668 3501 3723 de-

1930 3776 2042 3816 nuo
2075 3770 2405 3829 repetamus.
2673 3771 2676 3774 '

2001 3853 2054 3908 9.
2098 3853 2445 3909 Abrahamus
2497 3853 2683 3922 genuit
2735 3852 2980 3924 lsaacum
3005 3873 3019 3920 ;
3073 3855 3289 3910 lsaacus
3336 3855 3501 3911 Jaco-

1929 3946 2097 4010 bum;
2132 3944 2371 4000 Jacobus
2420 3958 2565 3998 anno
2603 3944 2779 3999 atatis
2808 3959 3051 3998 Lxxxvm
3092 3945 3288 4001 Judam
3328 3964 3358 4003 e
3406 3948 3502 4003 Lia

1930 4053 2100 4092 uxore
2131 4037 2376 4107 suscepit
2405 4055 2419 4101 ;
2449 4036 2621 4090 Judas
2654 4052 2830 4090 annos
2865 4044 3026 4092 natus
3063 4053 3230 4092 vam
3265 4036 3499 4091 Pharem

1931 4127 2116 4198 genuit
2142 4143 2156 4191 ;
2189 4125 2394 4181 Phares
2423 4135 2603 4180 autem
2635 4139 2780 4178 anno
2805 4125 2982 4178 atatis
3025 4140 3154 4178 LVIII
3190 4123 3298 4194 (51)
3329 4123 3501 4177 Ezro—

1930 4228 2098 4276 nem;
2157 4210 2335 4264 Ezron
2387 4225 2532 4264 anno
2584 4210 2764 4263 atatis
2816 4223 2945 4263 Lvut
2981 4208 3166 4277 genuit
3199 4207 3498 4270 Aramum;

1930 4306 2164 4362 Aramus
2210 4319 2353 4358 anno
2402 4303 2578 4358 atatis
2629 4316 2770 4354 XLVII
2827 4299 3011 4368 genuit
3064 4299 3498 4364 Aminadabum;

1932 4396 2304 4452 Aminadabus
2359 4409 2503 4448 anno
2551 4392 2726 4446 atatis
2776 4409 2878 4448 ην
2931 4392 3118 4463 genuit
3170 4388 3496 4460 Naasonem.

261 4503 382 4557 cobi
425 4465 864 4558 descensrrdanni
908 4510 1067 4558 chv.
1099 4503 1258 4558 Anno
1298 4465 1609 4558 servitutisu
1630 4511 1828 4573 quarto
1864 4486 1906 4542 D
1931 4487 2138 4553 ΡοΠον
2169 4465 2372 4556 ’ίηίίυίι
2407 4485 2521 4556 (δῖ)
2545 4525 2559 4547 ν
2631 4491 2748 4539 erat
2793 4483 3165 4538 Aminadabus
3217 4482 3501 4573 Copiafum

262 4608 426 4664 supra
457 4592 858 4664 sexagesimum
885 4593 1063 4650 Moses
1085 4595 1259 4648 lucem
1291 4595 1532 4664 aspexit;
1562 4598 1655 4664 qui
1679 4604 1830 4648 octo-

261 4687 409 4754 ginta
432 4699 606 4742 annos
632 4685 912 4755 ingressus
933 4725 948 4749 ,
975 4701 1097 4741 cum
1129 4685 1297 4740 fratre
1320 4685 1531 4740 Aarone
1555 4693 1668 4740 tres
1700 4685 1827 4740 item

259 4785 314 4830 et
345 4778 618 4847 octoginta
667 4793 840 4832 annos
890 4784 1046 4841 nato,
1099 4778 1357 4848 populum
1413 4775 1653 4849 Egypto
1699 4778 1829 4832 sub-

261 4867 414 4921 duxit
441 4885 454 4920 :
479 4869 567 4923 cui
614 4877 902 4938 postquam
935 4869 1096 4923 annis
1124 4869 1485 4941 quadraginta
1523 4871 1576 4923 in
1608 4870 1827 4924 deserto

266 4958 604 5027 praefuisset,
655 4976 799 5014 anno
840 4961 1012 5015 atatis
1059 4961 1322 5016 vicesimo
1366 4977 1531 5032 supra
1581 4963 1827 5018 centesi-

268 5065 412 5104 mum
447 5054 700 5106 moritur.
738 5051 866 5107 Post
898 5053 1099 5108 Mosem
1128 5052 1288 5107 Iesus
1318 5053 1453 5109 Navi
1481 5053 1656 5118 filius,
1711 5039 1831 5108 Jor-

265 5143 401 5197 dane
421 5145 765 5208 transmisso,
798 5147 1054 5214 p0pulum
1083 5145 1192 5217 (t7)
1218 5146 1273 5198 in
1296 5154 1499 5200 terram
1531 5149 1832 5202 annuntia-

881 5279 902 5308 ³
941 5277 959 5330 l
998 5276 1128 5348 Reg.
1179 5279 1385 5343 Iv,18.

335 5404 444 5471 {45)
487 5406 571 5460 Al.
603 5407 726 5460 cod.
750 5447 764 5470 ,
795 5420 961 5464 sexto.

335 5475 448 5610 ἕω)
489 5475 626 5531 Vide
658 5478 724 5529 ad
754 5493 843 5534 an.
875 5479 1167 5534 Abrahami
1201 5480 1326 5534 252.

356 5547 445 5610 47)
485 5545 657 5600 Codd.
690 5548 864 5610 Arm.,
895 5566 980 5602 eos
1010 5566 1108 5610 pro
1137 5551 1326 5610 popula

356 5547 445 5620 η)
472 5545 668 5620 _C_odd.
690 5548 864 5620 Arm.,
895 5566 980 5602 eos
1010 5566 1108 5620 pro
1137 5551 1406 5620 populum.

331 5616 550 5685 (48-49)
591 5617 710 5671 Alio
740 5619 793 5670 in
835 5616 1024 5674 codice
1077 5616 1421 5676 desideratur
1462 5619 1566 5674 hoc
1612 5635 1828 5676 comma

271 5687 577 5752 parenthesi
623 5689 890 5742 clausum.

337 5755 448 5826 (50)
488 5755 568 5810 Ita
595 5759 755 5810 etiam
786 5757 1051 5814 Eusebius
1076 5761 1141 5814 ad
1170 5778 1260 5816 an.
1292 5761 1414 5816 852.
1449 5760 1648 5815 Verum
1680 5761 1823 5816 idem

273 5823 561 5897 inpriore
602 5827 740 5881 libro
790 5831 956 5883 semel
1000 5834 1152 5900 ponit
1201 5835 1352 5901 (col.
1383 5832 1478 5887 {BI
1509 5833 1526 5902 )
1560 5840 1611 5888 et
1657 5833 1824 5888 semel

582 5925 1014 6006 PATBOL.-GR.
1051 5929 1224 5993 XIX.

333 5275 372 5303 "
400 5273 579 5330 Judic.
600 5293 684 5342 III,
717 5275 805 5330 51.

1931 4581 2084 4636 Juda
2117 4581 2249 4643 dux,
2285 4594 2395 4648 quo
2427 4586 2672 4646 tempore
2702 4574 2879 4630 Moses
2922 4573 3143 4629 Israelis
3185 4572 3498 4644 progeniem

1931 4690 1997 4730 ex
2056 4673 2291 4744 Egypto
2346 4670 2590 4726 deduxit.
2641 4666 2964 4722 Conﬂantur
3023 4664 3187 4736 igitur
3241 4681 3270 4719 a
3321 4663 3500 4734 primo

1933 4763 2228 4819 Abrahami
2263 4774 2406 4815 anno
2442 4774 2614 4830 usque
2646 4757 2713 4810 ad
2750 4756 3131 4828 migrationem
3164 4770 3228 4811 ex
3265 4751 3502 4823 Egypto

1933 4854 2342 4926 procreationes
2377 4869 2503 4916 VIII,
2540 4850 2776 4919 annique
2809 4863 2921 4914 Dv;
2959 4847 3027 4900 ab
3069 4845 3276 4899 Adamo
3320 4851 3502 4897 autem

1935 4946 2341 5019 procreationes
2374 4959 2574 5007 xxvm,
2606 4940 2844 5009 annique
2878 4951 3286 4994 uuaecuxxrx.

2005 5039 2092 5093 l0.
2129 5037 2348 5092 Naason
2382 5047 2555 5089 annos
2591 5042 2753 5088 natus
2787 5047 2912 5086 κων
2944 5030 3130 5100 genuit
3167 5028 3500 5082 Salmonem.

1935 5131 2205 5201 Eratque,
2242 5130 2317 5183 ait
2353 5128 2500 5198 (53),
2538 5125 2754 5181 Naason
2799 5126 3053 5195 princeps
3103 5121 3255 5176 Iuda
3297 5120 3502 5191 myria-

1932 5410 2138 5463 omittit
2186 5409 2335 5473 (col.
2376 5406 2514 5476 168)
2561 5404 2828 5458 zElmtem.
2881 5401 3035 5456 Nunc
3090 5399 3306 5476 quidem
3327 5397 3500 5476 “apud

1934 5479 2073 5533 LXX
2129 5465 2323 5541 Viros,
2358 5493 2479 5541 cap.
2500 5465 2626 5540 'xu,
2679 5477 2774 5532 ll.
2824 5489 2924 5527 nec
2970 5487 3076 5527 non
3107 5465 3269 5540 'apud
3326 5465 3499 5520 Biblia

1933 5549 2083 5603 Arm.
2115 5551 2355 5604 occurrit
2390 5547 2573 5600 Αἰιοη.

2006 5620 2118 5688 (SI)
2159 5621 2240 5671 Al”.
2273 5618 2424 5688 cod..
2458 5634 2569 5671 LIX.

2159 5689 2313 5758 Apud
2376 5687 2703 5758 Eusebium,
2736 5703 2774 5751 ι,
2823 5686 2907 5750 I6,
2951 5685 3056 5751 2‘2,
3103 5681 3354 5739 Nalmon
3395 5693 3502 5734 non

1936 5761 1975 5814 A
1988 5761 2322 5815 minadabus.

2011 5831 2121 5902 (55)
2162 5830 2392 5886 Ibidem.

3113 5917 3194 5979 20
