3878 6264
286 369 287 372 “
336 398 436 448 tua

1356 359 1697 420 APPE‘NDIX
1734 354 1825 410 AD
1864 345 2136 410 EUSEBII
2167 335 2590 400 CURONICON.

3485 312 3597 367 6Ξο

337 515 467 568 dum
497 510 551 563 in
583 506 834 570 deserto,
866 500 1094 570 ejusque
1135 505 1294 549 soror
1316 484 1597 542 Elisaheth
1642 479 1903 535 Eleazaro
1934 477 1980 534 Α
2006 471 2146 524 haus
2163 463 2439 535 captivum
2469 452 2713 514 abduxit,
2734 457 3026 518 regemque
3051 439 3186 494 dixit
3200 433 3597 490 Eliachimum.

2090 556 2254 570 ἠ’-η
2322 550 2647 570 "In-L2..-“
2742 540 2995 570 :Anmmm
3034 531 3383 570 inqnhimnc-
3433 522 3597 570 annis

339 599 571 656 Aaronis
603 597 715 651 ﬁlio
747 601 914 663 nupta
949 589 1049 643 [uit
1070 629 1086 653 ,
1119 599 1228 656 quo
1257 578 1514 650 conjugio
1562 583 1780 629 creatus
1829 572 1912 621 est

341 692 610 753 I’Iiinees,
654 694 819 756 atque
863 684 937 736 ita
984 677 1209 747 contigit
1261 680 1320 727 ut
1360 669 1515 725 Iudae
1568 677 1738 735 genus
1788 673 1912 714 cum

347 782 584 838 Levitico
615 778 873 833 aﬁinitate
900 773 1242 843 jungeretur.
1281 763 1504 818 Salmon
1541 770 1716 812 annos
1750 758 1914 807 natus

347 893 490 931 xxxv
524 872 712 946 genuit
751 870 1014 924 Boosum.
1059 863 1318 930 Eratque,
1344 857 1443 915 ait,
1469 851 1695 906 Salmon
1738 844 1917 899 tribus

347 966 500 1022 Iudae
525 934 838 1034 “princeps,
891 971 1000 1028 quo
1045 965 1290 1022 tempore
1337 946 1498 1001 Iesus
1544 954 1670 996 cum
1714 934 1917 1008 pepulo

349 1026 638 1113 Iordanem
668 1026 918 1121 trajecit.
960 1048 1012 1103 Is
1067 1056 1292 1099 uxorem
1341 1032 1613 1107 cepulavit
1656 1029 1762 1086 sibi
1811 1026 1924 1080 Ra-

351 1147 548 1202 haham
568 1183 584 1209 ,
619 1115 779 1213 quam
827 1137 986 1192 divus
1017 1130 1349 1203 evangelista
1371 1124 1502 1182 dicit
1532 1115 1920 1178 Rechabam}.

350 1245 500 1299 Idem
527 1208 934 1296 Bethlehemum
956 1233 1148 1288 urbem
1170 1229 1227 1283 in
1249 1225 1277 1281 I
1285 1225 1402 1280 udae
1423 1208 1630 1278 ditione
1653 1215 1920 1272 fundavit.

430 1337 513 1392 II.
554 1334 764 1389 Boosus
810 1343 983 1384 annos
1029 1332 1190 1380 natus
1239 1334 1371 1376 cvm
1421 1313 1609 1388 genuit
1655 1310 1924 1367 Obedum.

351 1430 532 1484 .Iiooso
564 1425 747 1496 nupsit
787 1421 969 1475 Rutha
1024 1414 1274 1471 Moabitis
1316 1409 1538 1466 femina.
1585 1402 1927 1476 Epiphanius

359 1490 721 1574 Amanitidem
746 1513 820 1566 ait
842 1509 1077 1564 Rutham
1099 1546 1114 1571 ,
1141 1504 1351 1561 scilicet
1372 1496 1757 1555 Amonitidem.
1787 1490 1932 1548 Obe-

353 1615 466 1668 ‘dus
493 1623 664 1665 annos
688 1613 849 1661 natus
876 1619 929 1657 cr
955 1599 1142 1672 genuit
1166 1595 1463 1658 Jessaaum;
1487 1589 1725 1645 Iessazus
1757 1598 1932 1640 annos

367 1714 525 1760 natus
575 1716 716 1756 cxxx
767 1695 957 1769 genuit
1009 1689 1306 1754 Davidem;
1357 1682 1528 1739 David
1563 1695 1735 1736 annos
1769 1686 1935 1732 natus

361 1811 498 1852 mn
535 1794 720 1862 genuit
774 1789 1145 1843 Solomonem.
1194 1779 1288 1835 Ille
1329 1774 1655 1832 tricenarius
1704 1782 1936 1841 regnum

2090 522 2275 613 XVIII.
2320 550 2650 607 Eliachimus
2679 587 2692 610 ,
2742 540 2996 606 idemque
3034 531 3387 592 Ioachimus,
3432 522 3602 578 annis

2021 667 2120 706 χιι.
2155 647 2329 715 IIujus
2364 654 2506 696 anno
2534 635 2749 691 decimo
2791 629 3034 684 Iudaeam
3082 617 3602 676 Nabuchodonoso-

2024 759 2120 799 rus
2151 707 2360 794 domuit
2379 776 2393 799 ,
2427 740 2479 788 et
2509 735 2632 801 post
2663 733 2942 794 acceptum
2989 717 3058 772 ab
3085 711 3385 768 Eliachimo
3418 707 3603 762 tribu-

2026 845 2139 890 tum
2174 828 2463 886 abscessit.

2095 887 2238 977 XIX.
2279 915 2631 975 Ioachimus,
2664 907 2912 975 idemque
2950 894 3243 954 Iechonias
3265 933 3280 958 ,
3312 887 3606 946 mensibus

2030 1033 2114 1072 ιιι.
2149 1013 2425 1068 Reversus
2470 998 3046 1059 Nabuchodonosorus
3083 985 3430 1044 Ioachimum
3459 993 3606 1052 quo—

2031 1123 2137 1181 que
2167 1107 2220 1160 in
2253 1101 2620 1172 captivitatem
2651 1086 2975 1160 deportavit.

2102 1197 2221 1253 XX.
2263 1167 2568 1249 Matiianias
2592 1228 2606 1250 ,
2646 1183 2896 1251 idemque
2929 1173 3259 1237 Sedechias,
3295 1167 3459 1224 annis
3489 1179 3570 1218 χι.

2104 1287 2438 1346 Duodecimo
2499 1276 2778 1336 Sedechize
2833 1287 2977 1326 anno
3032 1263 3613 1322 Nabuchodonosorus

2036 1384 2322 1442 Chaldaeus
2365 1375 2540 1446 captis
2571 1365 2966 1438 Hierosolymis
3011 1360 3272 1430 templum
3318 1354 3608 1410 cremavit.

2038 1480 2312 1536 Manserat
2366 1469 2628 1539 templum
2676 1461 2836 1517 annis
2885 1470 3147 1512 cccchu.
3199 1450 3259 1505 In
3301 1447 3611 1521 quadrage-

2041 1575 2194 1631 sima:
2233 1536 2836 1637 septimae—Olympiadis
2880 1563 3084 1605 annum
3125 1551 3381 1616 quartum
3418 1536 3615 1593 incidit

2043 1631 2378 1735 captivitatis
2427 1652 2676 1714 initium,
2712 1646 3011 1712 eademque
3057 1652 3230 1693 annos
3263 1631 3616 1703 septuaginta

2044 1753 2353 1825 occupavit.
2385 1747 2517 1802 Post
2544 1755 2752 1798 annum
2782 1721 3472 1806 captivitatis‘vicesimum
3507 1719 3617 1773 Na-

371 1827 498 1852 bllll
535 1827 720 1862 δειιυιυ
775 1827 1145 1843 υυινμινιινυη
1196 1827 1288 1835 ---ν
1333 1827 1545 1832 -__--__,,
1599 1827 1609 1828 γ
1767 1827 1796 1841 υ

371 1888 682 1957 auspicatus
707 1889 824 1946 est,
855 1878 1124 1947 annisque
1153 1888 1221 1928 χι.
1266 1867 1526 1933 retinuit,
1563 1867 1674 1920 vita
1725 1862 1793 1916 ad
1844 1875 1937 1916 se--
1967 1847 2010 1901 Β
2040 1847 2535 1906 buchodonosorus
2564 1854 2595 1894 e
2628 1836 2738 1890 vita
2767 1827 3040 1902 migravit.

2119 1939 2176 1957 ιι·-
2249 1934 2490 1957 lunulam
2521 1930 2574 1957 :n
2603 1920 2836 1957 ιπηιιιιωί
2871 1931 3035 1957 annon

359 1979 766 2053 .ptuagesimum
799 1987 999 2028 annum
1026 1971 1320 2039 protracta.
1352 1960 1607 2016 Solomon
1643 1968 1816 2011 annos
1837 1967 1939 2008 na-

374 2052 458 2129 tus
497 2088 611 2127 χχιι
643 2069 754 2141 (54)
783 2066 968 2139 genuit
999 2061 1363 2116 Roboamum.
1407 2052 1552 2108 Idem
1601 2054 1800 2121 quarto
1853 2061 1942 2100 re-

375 2168 466 2239 gni
501 2165 586 2222 sui
619 2137 762 2218 anno
793 2137 978 2228 templi
1011 2151 1299 2211 aediﬁcium
1345 2145 1634 2203 excitabat.
1678 2139 1764 2213 (A
1796 2137 1944 2193 Mose

377 2238 708 2333 egl'essuque
733 2270 798 2309 ex
829 2250 1065 2322 [Egypto
1093 2259 1268 2316 usque
1297 2241 1365 2297 ad
1407 2238 1758 2294 Solomonem
1800 2239 1944 2287 tem-

367 2354 560 2423 plique
610 2347 884 2419 opiﬁcium
933 2340 1298 2398 conﬁciuntur
1345 2333 1474 2388 anni
1523 2341 1815 2385 ccccnxxx.
1865 2320 1948 2376 Ab

383 2446 586 2500 Adamo
633 2449 814 2496 autem
869 2430 1254 2501 ιιιιιιιιῦιχιχ.)
1308 2427 1454 2482 Idem
1511 2419 1816 2478 duodennis
1862 2431 1951 2471 re-

384 2554 545 2611 gnum
577 2537 804 2604 adeptus
848 2538 932 2586 est
980 2527 1130 2599 (55),
1183 2521 1330 2595 quod
1379 2534 1446 2572 xt.
1500 2515 1661 2570 annis
1715 2509 1948 2573 insedit,

387 2633 571 2689 vivens
598 2629 756 2682 annis
785 2639 877 2679 ιιι.

456 2745 544 2800 12.
583 2741 713 2797 Post
768 2737 1114 2793 Solomonem
1165 2728 1380 2785 Israelis
1430 2736 1658 2794 regnum
1707 2716 1956 2774 bifariam

390 2838 622 2894 divisum
657 2841 759 2890 est.
827 2829 1086 2885 Samariae
1129 2825 1314 2880 decem
1357 2817 1614 2874 tribubus
1669 2809 1957 2884 imperavit

393 2929 749 2986 Jeroboamus
779 2921 975 2976 Nabati
1014 2918 1187 2980 ﬁlius,
1223 2915 1379 2984 isque
1420 2927 1517 2966 rex
1562 2906 1776 2963 Israelis
1810 2903 1961 2957 voci-

395 3029 539 3077 tatus
570 3025 672 3075 est.
698 3012 1057 3084 Jerosolymis
1085 3014 1266 3062 autem
1309 3000 1597 3072 imperavit
1639 2995 1959 3051 Roboamus

399 3111 706 3169 Solomonis
741 3108 884 3162 ﬁlius
906 3145 920 3170 ,
953 3104 1108 3172 isque
1139 3115 1232 3154 rex
1264 3095 1420 3153 Iuda:
1449 3091 1752 3164 appellatus
1783 3096 1887 3143 est.

467 3203 507 3260 I.
552 3202 862 3258 Roboamus
887 3205 1077 3268 regnat
1099 3188 1456 3261 Ierosolymis
1483 3183 1643 3241 annis
1669 3195 1804 3236 xvu.

467 3296 536 3353 Il.
576 3296 743 3351 Abias
774 3291 932 3347 annis
965 3305 1049 3344 ιιι.

469 3387 559 3445 III.
599 3386 709 3443 Asa
739 3384 852 3457 (56)
882 3382 1041 3437 annis
1069 3393 1179 3433 xu.

473 3483 562 3538 IV.
602 3479 929 3550 Iosaphatus
961 3473 1121 3528 annis
1154 3486 1259 3525 xxv
1300 3466 1435 3539 (57).

471 3573 543 3630 γ.
583 3573 837 3629 Ioramus
871 3565 1030 3622 annis
1067 3579 1186 3618 VIII.

476 3665 567 3722 VI.
608 3664 876 3721 Ochosias
910 3673 1054 3715 anno
1089 3673 1126 3711 ι.

477 3759 592 3816 VII.
631 3755 857 3813 Godolia
884 3761 1058 3808 mater
1086 3749 1206 3820 ejus
1234 3746 1394 3800 annis
1425 3758 1523 3796 vn.

483 3848 618 3903 VIII.
657 3845 854 3902 Joasus
887 3844 1046 3897 annis
1075 3856 1166 3895 χι..
1199 3836 1334 3893 Tres
1369 3835 1535 3890 hosce
1566 3843 1753 3902 reges,
1782 3837 1978 3893 nempe

415 3940 708 3996 Ochosiam
757 3951 881 3992 cum
931 3933 1161 3988 Godolia
1211 3937 1416 3992 matre,
1464 3923 1689 3980 Ioasum
1727 3925 1780 3975 et
1814 3915 1980 3971 Ama-

415 4033 551 4089 siam
571 4071 586 4096 ,
616 4030 819 4085 idcirco
847 4029 901 4082 in
926 4039 1086 4082 suam
1113 4020 1481 4094 genealogiam
1506 4011 1842 4082 evangelista
1870 4021 1980 4061 non

416 4124 632 4188 intulit,
663 4121 808 4193 quod
838 4120 931 4173 illa
963 4117 1106 4180 ﬁlia,
1137 4115 1194 4168 hi
1225 4120 1450 4182 nepotes
1484 4105 1690 4162 Achabi
1723 4101 1977 4156 fuissent.

489 4215 580 4270 IX.
620 4213 867 4268 Amesias
899 4208 1056 4264 annis
1085 4221 1233 4261 χχιχ.

487 4311 556 4366 Χ.
599 4306 859 4370 Azarias,
908 4303 1159 4371 idemque
1203 4297 1405 4361 Ozias,
1461 4292 1620 4347 annis
1671 4300 1768 4343 ut.
1823 4283 1982 4337 Anno

413 4401 565 4458 Ozias
595 4393 1012 4470 quadragesimo
1041 4405 1187 4446 nono
1214 4387 1390 4459 prima
1421 4381 1693 4455 olympias
1724 4384 1842 4432 acta
1875 4380 1980 4428 est.

494 4495 586 4551 XI.
628 4491 947 4548 Ioathamus
976 4485 1134 4540 annis
1164 4498 1278 4537 xvr.

493 4587 610 4642 XII.
652 4585 902 4640 Achazus
931 4577 1088 4634 annis
1116 4591 1230 4631 xvr.
1257 4571 1558 4628 Undecimo
1586 4564 1789 4622 Achazi
1839 4573 1985 4614 anno

427 4679 592 4736 Israel
621 4677 677 4731 in
707 4674 1024 4732 servitutem
1056 4683 1089 4722 a
1118 4665 1501 4721 Salmanasaro
1528 4659 1782 4714 redactus
1810 4663 1916 4709 est.

495 4769 634 4826 XIII.
671 4765 932 4823 Ezechias
971 4761 1128 4817 annis
1160 4775 1310 4814 χχιχ.
1341 4753 1496 4810 Nono
1549 4748 1795 4806 Ezechiae
1845 4759 1990 4799 anno

429 4864 657 4917 Romam
687 4857 931 4913 condidit
964 4853 1230 4908 Romulus
1250 4891 1265 4917 ,
1296 4848 1389 4919 qui
1419 4853 1534 4904 erat
1580 4845 1644 4897 al.-
1677 4838 1988 4895 Abrahamo

423 4969 610 5009 annus
644 4962 951 5004 uccnxxxul
983 4945 1115 5017 (58).

503 5043 643 5100 XIV.
684 5041 964 5096 Manasses
991 5037 1152 5092 annis
1181 5051 1272 5098 tv.

506 5133 622 5188 XV.
664 5131 902 5186 Amosus
931 5126 1090 5181 annis
1124 5139 1233 5178 χιι.

504 5225 644 5281 XVI.
686 5225 862 5279 Iosias
891 5221 1049 5274 annis
1079 5233 1238 5272 χχχι.

505 5318 673 5373 XVII.
712 5315 1015 5370 Ioachasus
1048 5306 1328 5364 mensibus
1372 5318 1453 5356 ιιι.
1496 5297 1823 5352 Ioachasum
1867 5286 2004 5344 Nec-

503 5475 534 5510 ’δ
568 5473 758 5530 Matth.
803 5489 841 5537 I,
883 5471 935 5523 5.
1014 5468 1034 5497 ³
1073 5464 1146 5518 III
1172 5464 1308 5532 Reg.
1341 5472 1458 5520 χιιι,
1503 5454 1554 5510 1.

510 5631 629 5700 (54)
669 5630 753 5685 AI.
784 5627 939 5700 θρὰ..
959 5637 1067 5700 χιι.

517 5633 607 5700 (54
669 5633 753 5685 AI.
784 5633 939 5687 cod.,
969 5637 1067 5677 χιι.

517 5633 630 5773 (55;
669 5701 747 5754 Ita
777 5699 852 5773 ait
879 5704 932 5750 et
959 5691 1287 5764 Eupolemus
1309 5684 1448 5756 apud
1473 5680 1796 5746 Eusebium,
1821 5675 2004 5742 Prwp.

449 5765 630 5840 evang;
663 5786 715 5822 ιχ
737 5807 751 5830 ,
781 5765 870 5820 30.

525 5844 636 5916 (56)
675 5840 761 5894 AI.
794 5835 916 5892 cod.
937 5873 950 5900 ,
982 5829 1241 5900 Asaphus.

2113 1939 2201 1993 I5.
2241 1934 2491 1989 Iamvero
2521 1930 2577 1984 in
2603 1920 2838 1979 Matthaei
2869 1912 3182 1989 genealogia
3203 1905 3494 1964 Iechonias
3522 1917 3617 1972 ge-

2047 2031 2164 2088 nuit
2195 2024 2544 2084 Salathielem
2595 2032 2739 2072 anno
2765 2013 2939 2069 aetatis
2971 2025 3056 2063 LVI
3113 2024 3125 2059 :
3174 2004 3264 2058 hic
3306 1997 3622 2054 Zorobabe-

2047 2127 2150 2180 Iem
2193 2135 2338 2176 anno
2392 2132 2478 2172 LVI
2509 2131 2524 2182 ;
2577 2112 2667 2166 hic
2691 2105 2965 2162 Abiudum
3009 2114 3151 2154 anno
3179 2111 3280 2150 va
3310 2111 3325 2159 ;
3357 2091 3446 2145 hic
3474 2087 3623 2141 Elia-

2047 2216 2286 2272 cliimum
2319 2223 2462 2264 anno
2492 2221 2592 2271 Lx;
2631 2201 2718 2256 hic
2733 2200 2961 2252 Azorem
2985 2207 3126 2246 anno
3156 2201 3357 2249 xxxix;
3394 2183 3485 2236 hic
3525 2179 3626 2232 Sa-

2051 2309 2284 2364 dochum
2322 2315 2466 2357 anno
2499 2311 2649 2352 χχχι.
2674 2292 2856 2348 Primo
2887 2282 3124 2341 Sadochi
3151 2293 3293 2334 anno
3319 2271 3628 2329 Alexander

2053 2396 2278 2454 Macedo
2318 2390 2595 2448 inclaruit.
2627 2386 2678 2440 Is
2705 2381 2928 2437 Achiam
2951 2389 3094 2430 anno
3121 2370 3296 2426 aetatis
3321 2377 3514 2426 xxxrv;
3539 2361 3629 2414 hic

2053 2489 2306 2545 Eliudum
2348 2495 2492 2536 anno
2542 2491 2679 2536 χχχς
2707 2472 2796 2526 hic
2821 2468 3127 2521 Eliazarum
3183 2471 3328 2511 anno
3350 2467 3505 2518 Lxu;
3539 2449 3630 2502 hic

2057 2580 2366 2637 IIathanem
2414 2583 2556 2625 anno
2605 2575 2854 2625 xxxvm;
2896 2555 2985 2609 hic
3018 2548 3278 2605 Iacobum
3319 2556 3463 2597 anno
3517 2555 3630 2603 1.x;

2057 2671 2147 2725 hic
2187 2663 2483 2733 Ioseplium
2547 2668 2691 2708 anno
2728 2661 2911 2703 Lxxw.
2980 2642 3139 2696 Iesus
3185 2635 3441 2690 Christus
3485 2628 3632 2699 apud

2059 2761 2211 2819 Iuda:
2244 2724 2652 2811 Bctlilehemum
2694 2739 2960 2796 nascitur.
3019 2732 3242 2786 Summa
3290 2724 3555 2793 temporis
3603 2735 3636 2774 a

2063 2851 2250 2922 templi
2298 2843 2645 2915 reparatione
2697 2834 2764 2888 ad
2813 2827 3018 2887 Christi
3072 2821 3275 2877 natalia
3326 2817 3456 2871 anni
3507 2825 3637 2870 sunt

2063 2961 2231 3003 nxvtu
2257 2962 2272 3010 ;
2305 2957 2335 2994 a
2359 2938 2653 2993 Solomone
2678 2929 2964 3000 primoque
2992 2917 3178 2988 templi
3205 2910 3435 2968 aediﬁcio
3465 2921 3638 2976 usque

2067 3042 2132 3096 ad
2160 3033 2458 3094 secundum
2509 3024 2640 3081 anni
2685 3017 2941 3085 nxn;ab
2970 3011 3117 3067 exitu
3169 3006 3235 3060 ad
3286 3003 3636 3058 Solomonem

2070 3132 2197 3189 anni
2224 3138 2498 3184 ccccnxxx
2530 3135 2545 3185 ;
2578 3117 2644 3170 ab
2672 3111 2987 3168 Abrahamo
3016 3106 3084 3157 ad
3111 3101 3314 3156 exitum
3355 3093 3488 3149 anni
3529 3105 3637 3154 nv;

2073 3243 2102 3282 a
2131 3220 2337 3280 diluvio
2365 3215 2431 3270 ad
2464 3209 2834 3266 Abrahamum
2878 3197 3007 3254 anni
3031 3205 3306 3250 ncccchu
3335 3206 3349 3255 ;
3400 3185 3468 3239 ab
3497 3182 3643 3236 Ada-

2073 3333 2165 3374 mo
2220 3313 2286 3369 ad
2315 3308 2577 3366 diluvium
2622 3298 2751 3355 anni
2795 3305 3051 3350 naiccxut
3089 3307 3102 3341 :
3143 3296 3356 3340 summa
3407 3276 3641 3345 denique

2075 3406 2337 3478 temporis
2371 3401 2439 3456 ab
2468 3396 2676 3452 Adamo
2722 3388 2791 3443 ad
2833 3381 3037 3440 Christi
3085 3375 3287 3432 natalia
3338 3369 3468 3425 anni
3517 3375 3643 3421 sunt

2077 3463 2631 3557 nunbucnxxxxvm,
2689 3486 2851 3555 prout
2907 3470 3264 3545 Septuaginta
3317 3463 3645 3531 Interpretes

2079 3595 2294 3650 docent.

2152 3707 2239 3763 14.
2279 3697 2410 3757 Post
2437 3697 2644 3753 obitum
2675 3685 2988 3745 Solomonis
3011 3722 3026 3747 ,
3063 3688 3121 3735 ut
3150 3679 3263 3747 jam
3294 3674 3505 3728 dictum
3528 3681 3645 3732 est,

2082 3800 2364 3858 Roboamo
2412 3802 2637 3860 regnum
2693 3794 2929 3838 exorso,
2979 3776 3089 3828 imo
3140 3770 3317 3840 primo
3367 3762 3651 3835 regnantis

2084 3904 2232 3946 anno
2252 3927 2268 3953 ,
2303 3879 2563 3940 Samariae
2591 3877 2779 3931 decem
2810 3865 3061 3923 tribubus
3093 3862 3362 3930 imperare
3391 3854 3559 3925 coepit

2157 3983 2201 4038 I.
2242 3976 2599 4034 Jeroboamus
2627 3963 2823 4020 Nabati
2853 3960 2996 4015 ﬁlius
3028 3955 3187 4009 annis
3216 3965 3354 4005 χχιι.

2157 4074 2278 4130 Iam
2311 4069 2390 4126 uti
2425 4061 2645 4120 Davidis
2693 4063 2851 4112 aetate
2892 4049 3353 4122 prophetaverant
3397 4037 3652 4100 Gaddus,

2089 4168 2400 4227 Nathanes,
2451 4154 2744 4226 Asaphus;
2791 4157 3094 4213 rursusque
3141 4134 3452 4193 Solomonis
3501 4137 3659 4185 aetate

2095 4223 2409 4319 Sadochus,
2441 4223 2646 4305 Achias
2676 4239 2937 4297 Silonites
2977 4244 3030 4290 et
3075 4231 3339 4295 Sameas;
3381 4226 3459 4280 ita
3496 4223 3659 4279 etiam

2091 4314 2406 4411 Ieroboami
2489 4339 2694 4408 ﬁliique
2749 4332 2870 4401 ejus
2919 4326 3112 4381 Nabati
3167 4327 3327 4377 aetate
3378 4314 3656 4382 vaticinati

2268 4436 2503 4498 Achias,
2549 4427 2812 4487 Sameas,
2857 4429 2974 4475 tum
3021 4423 3078 4471 et
3119 4414 3207 4469 ille
3239 4412 3332 4482 qui
3377 4409 3448 4464 ad
3491 4408 3661 4478 ipsam

2018 4547 2062 4601 D
2093 4537 2356 4596 Samariae
2383 4543 2533 4586 aram
2563 4525 2608 4588 ⁸,
2641 4533 2744 4574 nec
2774 4529 2884 4570 non
2917 4509 3114 4564 Joasus
3137 4547 3151 4570 ,
3186 4515 3239 4560 et
3264 4503 3380 4560 IoeI
3402 4543 3416 4567 ,
3445 4510 3500 4559 et
3529 4501 3664 4554 Aza-

2097 4635 2209 4690 rias
2238 4629 2488 4693 idemque
2511 4613 2700 4672 Addus
2719 4649 2735 4676 ,
2769 4615 2932 4676 atque
2959 4600 3220 4656 Ananias.

2170 4723 2234 4779 II.
2276 4718 2513 4774 Nabatus
2548 4706 2706 4762 annis
2736 4718 2797 4757 ιι.

2171 4815 2260 4872 111.
2302 4809 2460 4878 Bajas
2491 4801 2602 4876 (δι)
2636 4795 2795 4853 annis
2828 4806 2977 4846 xxiv.

2173 4907 2264 4962 IV.
2304 4902 2401 4956 Ela
2432 4896 2590 4952 annis
2620 4907 2682 4947 ιι.

2173 5001 2240 5055 V.
2282 4992 2503 5051 Zambri
2531 4985 2814 5045 mensibus
2840 4997 2938 5035 vn.

2177 5092 2267 5147 VI.
2309 5086 2462 5142 Amri
2495 5082 2655 5138 anuis
2684 5094 2784 5135 χιι.

2178 5182 2290 5238 VII.
2335 5179 2624 5236 Achaabus
2657 5172 2816 5228 annis
2849 5182 2986 5223 χχιι.

2181 5279 2294 5333 Suh
2326 5277 2429 5329 huc
2455 5270 2730 5342 praphetae
2758 5264 2978 5318 fuerunt
3005 5253 3239 5319 Abdias,
3272 5249 3419 5305 Elias
3440 5287 3455 5314 ,
3488 5245 3643 5300 Iesus
3665 5279 3678 5303 ,

2191 5588 2301 5655 (57)
2340 5584 2424 5655 AI.
2455 5578 2576 5655 cod.
2599 5617 2615 5642 ,
2646 5589 2817 5655 xnvn.

2340 5627 2875 5728 Moenia-templaque
2899 5640 3084 5696 Romae
3109 5637 3212 5692 hoc
3231 5647 3376 5689 anno
3401 5645 3432 5686 a
3455 5627 3681 5686 Romulo

2122 5715 2385 5790 aediﬁcata
2413 5720 2577 5776 tradit
2601 5715 2888 5790 Eusebius.

2197 5799 2325 5874 (59)_
2346 5793 2544 5852 Euseb.
2566 5831 2581 5860 ,
2613 5787 2843 5843 Baasus.
