3878 6264
263 320 352 374 (illi
1007 315 1347 372 SAMUELIS
1385 312 1702 370 ANIENSIS
1737 310 2077 369 SUMMARII
2116 312 2497 368 TEMl’ORUM
2529 314 2707 369 PARS
2742 315 2780 370 l.

3393 321 3498 377 (f2!

256 434 408 492 Oziel
429 479 445 502 ,
497 435 726 490 Michael
759 454 774 503 ;
818 435 941 490 falsi
988 445 1164 491 autem
1218 435 1491 506 prophetae
1535 433 1830 489 Sedechias
1857 435 1906 494 Α
1931 432 2190 488 dimissos
2222 431 2461 499 Iudaeos,
2492 434 2724 504 praeside
2757 434 3091 491 Zorobabele
3117 436 3209 506 qui
3239 439 3496 506 templum

257 535 425 596 atque
457 526 683 582 Eliezer.

325 615 470 670 VIII.
509 617 774 673 Ochosias
801 618 969 674 annis
1004 633 1064 672 ιι.

333 706 433 761 IX.
474 707 728 764 Joramus
785 709 944 764 annis
1005 723 1104 764 xu.
1171 706 1368 763 Iterum
1434 707 1832 778 prophetabant

256 799 406 853 Elius
440 807 495 854 et
527 799 772 855 Elisaaus.
808 799 1050 870 Septimo
1091 798 1298 855 Jorami
1351 815 1494 854 anno
1545 799 1689 855 Elias
1745 817 1832 854 su-

255 893 509 964 perlatus
543 901 648 948 est.

321 981 393 1036 Χ.
440 981 544 1037 Jeu
572 983 732 1037 annis
761 997 956 1036 xxvm.

322 1071 510 1128 Minas
533 1115 547 1138 ,
580 1089 718 1144 quas
749 1073 842 1128 Dei
907 1073 1057 1129 furor
1083 1075 1136 1128 in
1178 1075 1458 1130 Achabum
1499 1093 1829 1147 uxoremque

247 1165 373 1235 ejus
418 1163 730 1220 Jezabelem
780 1165 1116 1230 intenderat,
1165 1165 1266 1222 Jeu
1319 1167 1387 1221 ad
1432 1184 1548 1224 rem
1599 1169 1828 1224 contulit

249 1258 409 1314 caesis
442 1259 786 1330 septuaginta
819 1258 1023 1313 Achabi
1059 1259 1278 1325 liberis,
1308 1275 1408 1316 nec
1437 1277 1545 1316 non
1579 1260 1830 1318 Jezabele

250 1349 507 1417 Sidonia,
533 1361 587 1407 et
607 1353 1016 1424 quadringentis
1036 1353 1355 1408 exsecrandi
1375 1353 1502 1409 idoli
1526 1356 1822 1426 prophetis.

248 1442 351 1500 Per
381 1445 442 1499 id
477 1455 689 1515 tempus
721 1445 863 1514 apud
899 1445 1148 1499 Israelem
1183 1446 1543 1516 prophetabat
1571 1449 1820 1504 Azarias.

316 1534 414 1591 XI.
458 1535 766 1591 Joachazus
797 1536 956 1591 annis
988 1553 1118 1590 xvu.
1155 1536 1328 1608 Hujus
1356 1547 1514 1594 aetate
1547 1555 1639 1594 rex
1668 1539 1824 1595 Judm

245 1626 452 1684 Joasus
479 1628 730 1683 Azariam
780 1629 1083 1696 interfecit,
1111 1637 1226 1684 tum
1255 1640 1307 1686 et
1339 1630 1562 1687 Elisaeus
1593 1633 1702 1688 vita
1730 1649 1820 1688 ex-

244 1720 444 1774 cessit.

317 1809 439 1865 Xll.
462 1811 662 1867 Joasus
679 1813 840 1867 annis
873 1827 983 1866 xvr.

316 1901 462 1956 XIII.
489 1901 890 1959 Hieroboamus
933 1905 1091 1958 annis
1124 1919 1232 1958 xu.
1281 1902 1458 1974 Hujus
1487 1913 1649 1961 aetate
1677 1907 1819 1961 vati-

242 1994 416 2048 cinati
455 2005 584 2050 sunt
615 1992 1083 2062 Oseas,Amosus,
1122 1995 1288 2053 Isaias
1311 2006 1364 2052 et
1385 1996 1572 2054 Jonas.

313 2085 463 2143 XIV.
489 2086 787 2142 Zacharias
821 2087 1102 2143 mensibus
1131 2104 1201 2143 vr.

313 2179 438 2236 XV.
475 2179 751 2235 Sellumus
781 2179 975 2235 diebus
994 2195 1122 2236 va.

313 2271 462 2326 XVI.
497 2271 816 2328 Manaemus
853 2272 1012 2328 annis
1043 2289 1098 2327 x.

314 2365 484 2422 XVII.
527 2365 767 2420 Phaceas
790 2366 946 2421 annis
981 2382 1034 2420 x.
1065 2363 1220 2421 Nono
1251 2366 1416 2437 hujus
1466 2382 1611 2423 anno
1641 2367 1816 2438 prima

242 2459 389 2529 olym
399 2459 520 2528 pias
552 2467 671 2512 acta
699 2467 804 2513 est.

310 2549 508 2606 XVIII.
542 2550 781 2606 Phaceas
820 2551 978 2607 annis
1008 2568 1099 2606 xx.

310 2641 460 2698 XIX.
485 2641 656 2698 Oseas
687 2640 846 2698 annis
877 2658 956 2700 ιι.

309 2732 458 2790 Osca
488 2743 768 2805 regnante,
795 2734 980 2790 decem
1013 2735 1188 2790 tribus
1218 2733 1468 2790 servituti
1495 2733 1815 2804 mancipata

243 2834 373 2881 sunt
403 2840 433 2879 a
466 2823 872 2891 Salmanasaro,
923 2824 1272 2895 deletumque
1316 2823 1675 2880 Israeliticum
1721 2824 1817 2878 Sa-

243 2922 431 2975 maria;
452 2937 701 2992 regnum,
727 2935 871 2975 anno
921 2921 1124 2975 Achazi
1151 2919 1474 2990 imperantis
1499 2918 1809 2984 undecimo,

245 3022 534 3083 postquam
558 3013 716 3068 annis
748 3027 846 3066 ccr.
870 3016 1133 3068 stetisset.
1184 3011 1322 3066 Hinc
1348 3018 1529 3066 autem
1566 3010 1634 3064 ad
1675 3017 1812 3065 tem-

1938 525 2239 595 urbemque
2293 527 2536 581 restituit
2571 547 2585 582 :
2623 534 2736 582 tum
2755 536 2810 580 et
2842 526 3127 596 pontiﬁces
3173 529 3500 585 exstiterunt

1937 633 2107 686 usque
2133 627 2200 670 ad
2233 624 2455 672 unctum
2482 618 2696 682 ducem,
2734 619 2789 672 in
2812 634 2922 688 quo
2951 619 3276 689 patriarchae
3307 618 3497 676 Jacobi

1931 709 2246 764 vaticinatio
2283 710 2488 763 exitum
2549 710 2743 764 sortita
2790 716 2874 764 est
2904 709 3136 765 dicentis
3165 729 3180 767 :
3212 709 3367 766 Haud
3397 711 3496 765 de—

1931 799 2200 855 fecturum
2225 816 2254 853 e
2274 797 2301 852 J
2311 799 2411 852 uda
2446 798 2744 869 principem
2763 839 2779 863 ,
2809 799 2895 854 vel
2918 798 2986 854 de
3015 800 3260 869 ejusdem
3293 800 3498 856 femore

1931 889 2146 954 ducem,
2180 890 2356 958 quoad
2378 889 2466 942 ille
2495 888 2813 944 adventaret
2862 889 2931 944 ad
2951 905 3110 959 quem
3141 891 3372 961 pertinet
3396 893 3497 945 im-

1929 983 2141 1054 perium
2171 983 2211 1037 ⁸.
2238 981 2357 1037 Jam
2381 983 2519 1039 duce
2551 983 2885 1040 Zorobabele
2915 985 3161 1055 pontifex
3187 994 3304 1041 erat
3333 985 3496 1042 Jesus

1925 1075 2212 1130 Josedechi
2243 1075 2387 1130 ﬁlius
2423 1091 2436 1126 :
2464 1079 2586 1130 exin
2633 1075 2913 1132 Jachimus
2941 1117 2955 1141 ,
2993 1077 3133 1132 idem
3159 1079 3252 1148 qui
3275 1077 3495 1134 Joachi-

1927 1182 2070 1231 mus,
2100 1167 2228 1222 Jesu
2261 1168 2443 1223 ﬁlius:
2476 1183 2576 1223 nec
2627 1184 2736 1222 non
2795 1168 2990 1224 Elarus
3016 1170 3149 1241 (60),
3204 1170 3345 1225 idem
3401 1171 3495 1239 qui

1926 1259 2230 1324 Esiasibus,
2267 1261 2411 1316 Illius
2454 1259 2710 1316 Jachimi.
2769 1259 2897 1315 Erat
2919 1262 3146 1331 insuper
3182 1261 3386 1318 Esdras
3414 1278 3498 1316 sa-

1925 1352 2142 1418 cerdos,
2167 1353 2348 1407 scriba
2388 1352 2567 1422 legum
2613 1368 2916 1417 sacrarum,
2973 1355 3281 1424 nobilisque
3309 1355 3496 1409 doctor

1923 1459 2114 1499 eorum
2132 1444 2224 1513 qui
2257 1443 2532 1515 Babylone
2587 1445 2640 1498 in
2691 1444 2933 1499 Judaeam
2966 1445 3325 1501 ascenderant
3359 1447 3492 1517 (6|).

1921 1535 2119 1590 Joadas
2153 1535 2306 1590 Asibi
2343 1536 2503 1601 Iilius,
2541 1536 2644 1590 sub
2668 1551 2778 1606 quo
2803 1535 3095 1591 Nehemias
3135 1539 3355 1592 Artaxis
3376 1539 3496 1607 pin-

1922 1644 2108 1693 cerna,
2131 1644 2327 1700 genere
2347 1627 2627 1694 Hebraeus,
2650 1627 2928 1699 Babylone
2955 1630 3100 1684 venit
3125 1628 3492 1702 Hierosolyma

1926 1735 2222 1790 murosque
2246 1719 2527 1774 excitavit.
2558 1718 2799 1773 Joannes
2823 1718 3008 1775 Joadze
3036 1719 3199 1776 ﬁlius.
3255 1720 3490 1776 Joannis

1925 1812 2068 1867 ﬁlius
2095 1811 2322 1876 Jaddus,
2346 1812 2506 1881 cujus
2527 1821 2684 1866 aetate
2719 1810 2941 1866 Macedo
2969 1812 3275 1866 Alexander
3301 1813 3495 1868 Hiero-

1924 1906 2133 1975 solyma
2162 1903 2440 1973 ingressus
2472 1902 2640 1957 Deum
2663 1903 2932 1958 adoravit.
2957 1902 3125 1958 Onias
3149 1902 3306 1957 Jaddi
3331 1904 3492 1958 ﬁlius.

1923 1997 2147 2051 Simeon
2174 2001 2534 2064 cognomento
2572 1989 2784 2050 Justus.
2825 1992 3096 2048 Simeonis
3144 1993 3311 2049 frater
3340 1993 3497 2048 Elea-

1922 2103 2104 2150 zarus,
2129 2087 2234 2142 sub
2248 2100 2357 2155 quo
2382 2083 2740 2154 Septuaginta
2783 2083 2897 2138 Viri
2930 2085 3143 2139 divinos
3175 2085 3342 2140 libros
3367 2083 3493 2138 Pto-

1920 2179 2091 2234 lemaei
2115 2179 2264 2250 regis
2288 2179 2448 2248 jussu
2475 2179 2542 2232 ad
2585 2176 2788 2232 Graecae
2820 2177 3015 2248 lingua:
3044 2176 3493 2232 consuetudinem

1918 2267 2361 2322 transtulerunt.
2419 2267 2700 2322 Manasses
2756 2265 2997 2321 Eleazari
3047 2274 3292 2336 patruus.
3324 2265 3492 2322 Onias

1921 2355 2195 2410 Simeonis
2223 2354 2364 2411 Justi
2411 2356 2575 2411 ﬁlius.
2615 2353 2766 2410 Oniaa
2813 2356 2955 2411 ﬁlius
2992 2355 3231 2419 Simeon,
3259 2357 3361 2411 sub
3385 2373 3493 2426 quo

1918 2455 2044 2501 erat
2069 2445 2234 2502 Jesus
2270 2446 2508 2501 Sirachi.
2545 2446 2817 2503 Simeonis
2846 2441 2988 2503 ﬁlius
3015 2446 3200 2503 Onias.

1990 2539 2080 2595 I8.
2114 2538 2252 2595 Tres
2280 2539 2478 2595 deinde
2516 2554 2580 2594 ac
2606 2539 2828 2610 triginta
2859 2548 2981 2609 post
3007 2554 3178 2594 annos
3191 2540 3490 2595 Antiocnus

1919 2629 2232 2699 Epiphanes
2261 2629 2504 2684 Iudaeam
2559 2630 2846 2700 ingressus
2900 2631 3274 2702 pontiﬁcatum
3300 2630 3492 2685 Judai-

1917 2736 2041 2775 cum
2065 2737 2096 2776 a
2133 2720 2265 2776 Jesu
2295 2729 2657 2792 cognomento
2677 2720 2878 2776 Jasone
2906 2722 2974 2776 ad
2993 2723 3235 2791 ejusdem
3270 2721 3491 2777 fratrem

1917 2809 2113 2867 Oniam
2180 2813 2507 2879 transtulit;
2563 2828 2759 2868 rursus
2823 2813 2949 2867 huic
3006 2819 3293 2883 ereptum,
3342 2810 3492 2866 Onias

1916 2914 2274 2974 cognomento
2309 2903 2550 2958 Menelao
2578 2903 2744 2958 dedit.
2785 2902 2906 2958 Mox
2951 2905 3138 2975 elapso
3169 2904 3486 2974 quinquen-

1916 2996 2008 3050 nio
2045 2996 2326 3065 occupatis
2374 2993 2765 3066 Hierosolymis
2815 2995 3074 3064 templum
3129 2994 3376 3064 diripuit,
3413 2996 3490 3048 si-

243 3106 391 3174 plum
435 3103 829 3176 Hierosolymis
863 3103 1386 3160 Nabuchodonosori
1421 3103 1475 3158 vi
1509 3102 1611 3158 sub
1638 3099 1808 3157 Sede-

1928 3105 2081 3160 ;num
2133 3087 2282 3145 Jovis
2321 3088 2584 3159 Olympici
2645 3087 2844 3142 ibidem
2888 3087 3204 3154 collocavit;
3250 3087 3303 3140 in
3331 3085 3490 3140 Gai-i-

242 3197 363 3253 chia
397 3212 650 3252 eversum
681 3197 810 3251 anni
836 3205 1196 3252 numerantur
1225 3212 1369 3252 CLVI.

306 3293 401 3346 15.
433 3290 474 3343 E
507 3291 950 3362 Paralipomenis.
985 3291 1104 3346 Jam
1142 3292 1210 3346 de
1251 3290 1442 3346 Levini
1501 3304 1702 3361 genere
1733 3303 1824 3342 sa-

243 3381 498 3436 cerdotes
516 3396 688 3451 usque
708 3381 776 3434 ad
806 3381 1183 3451 captivitatem
1243 3380 1465 3435 fuerunt
1490 3379 1544 3433 hi
1568 3397 1580 3430 :
1613 3378 1820 3438 Aaron,

245 3473 558 3539 Eliazarus,
593 3473 852 3540 I—hinees,
882 3475 1150 3538 Abiudus,
1178 3474 1460 3538 Borchias,
1496 3470 1680 3535 Ozias,
1716 3471 1822 3524 Za-

250 3583 396 3628 reas,
422 3565 747 3629 Mariothus,
805 3566 1076 3630 Amarias,
1123 3565 1444 3626 Achitobus,
1511 3563 1818 3627 Sadochus,

246 3658 561 3722 Achiamas,
592 3659 840 3723 Azarias,
861 3657 1059 3721 Jonan,
1084 3657 1328 3720 Azarias,
1352 3656 1622 3719 Amarias,
1655 3655 1822 3709 Achi-

245 3751 430 3813 tobus,
468 3750 773 3812 Sadochus,
809 3749 1037 3804 Elumus
1062 3790 1076 3813 ,
1115 3748 1390 3814 Helchias,
1426 3749 1674 3812 Azarias,
1712 3747 1818 3800 Za-

251 3858 415 3906 rzeus,
459 3841 816 3905 Josedechus,
876 3843 968 3912 qui
1013 3841 1339 3913 Babylonem
1401 3843 1672 3896 concessit
1707 3855 1815 3910 quo

247 3943 491 4003 tempore
521 3933 1090 3990 Nabuchodonosorus
1143 3933 1336 3987 Judam
1372 3933 1640 3988 servitute
1661 3948 1815 4004 pres-

249 4027 337 4082 sit.
368 4024 494 4080 Haec
514 4025 942 4096 Paralipomenis
967 4026 1348 4082 commendata
1377 4034 1526 4080 sunt.

320 4117 406 4172 I6.
443 4118 608 4188 Igitur
626 4117 774 4174 Josia
807 4119 1023 4172 tertium
1049 4119 1160 4188 jam
1210 4126 1262 4172 et
1301 4117 1571 4171 decimum
1610 4133 1812 4171 annum

248 4205 402 4262 Juda:
449 4208 770 4277 imperante,
837 4209 1050 4260 initium
1099 4208 1463 4281 prophetandi
1508 4206 1810 4264 Hieremias

251 4297 379 4353 fecit
409 4318 422 4354 :
462 4310 574 4352 tum
606 4307 659 4353 et
693 4313 836 4352 anno
883 4299 1127 4368 ejusdem
1185 4298 1328 4366 regis
1364 4299 1605 4353 secundo
1647 4313 1812 4368 supra

253 4392 570 4448 vicesimum
596 4390 902 4461 Sophonias
957 4399 1011 4446 et
1048 4390 1350 4447 Hieremias
1377 4393 1808 4462 prophetabant:

1929 3182 2056 3236 zino
2080 3180 2191 3253 (62)
2219 3190 2400 3235 autem
2461 3179 2610 3236 Jovis
2651 3178 2947 3249 Hospitalis
2976 3180 3018 3234 ⁷.
3063 3178 3138 3232 Ea
3167 3187 3489 3249 tempestate

1928 3275 2214 3330 Matathias
2264 3272 2485 3342 quidam
2535 3272 2793 3326 sacerdos
2835 3270 3138 3326 Asamonaai
3189 3269 3375 3333 ﬁlius,
3418 3285 3482 3325 ex

1926 3367 2129 3438 Oppido
2163 3366 2439 3432 Modimo,
2492 3365 2634 3420 bello
2681 3364 2945 3418 adversus
2998 3364 3181 3433 copias
3229 3363 3486 3418 Antiochi

1925 3476 2050 3516 cum
2077 3458 2203 3514 ﬁliis
2225 3457 2342 3514 suis
2364 3456 2701 3512 decertahat.
2746 3453 2812 3509 Et
2847 3453 3017 3510 Judas
3065 3469 3197 3509 sane
3234 3455 3376 3508 ﬁlius
3404 3453 3488 3507 fu-

1923 3565 2044 3621 gam
2071 3547 2329 3619 Syrorum
2347 3546 2496 3610 fecit,
2530 3545 2900 3614 templumque
2921 3543 3190 3607 lustravit,
3216 3557 3279 3597 ac
3311 3544 3486 3612 patria

1922 3655 2079 3696 sacra
2111 3639 2374 3702 restituit,
2410 3653 2531 3708 qua:
2588 3636 2825 3690 triennio
2852 3635 3248 3690 obsoleverant.
3283 3632 3485 3688 Deinde

1920 3733 2146 3789 Menelai
2199 3730 2510 3787 Iudaeorum
2552 3728 2827 3799 pontiﬁcis
2873 3726 3234 3783 sacerdotium
3287 3727 3485 3796 excipit

1918 3827 2182 3888 Alcimus,
2229 3825 2374 3880 idem
2424 3823 2516 3892 qui
2557 3821 2858 3884 Jaehimus,
2911 3822 3122 3875 alienus
3151 3820 3276 3874 licet
3297 3820 3483 3890 generi

1917 3918 2262 3975 sacerdotali.
2313 3916 2677 3982 Quamobrem
2722 3914 2888 3969 Onias
2925 3911 3205 3968 sacerdote
3229 3912 3482 3982 progeni-

1914 4021 2003 4067 tus
2045 4013 2097 4065 in
2129 4009 2424 4081 IEgyptum
2450 4009 2834 4078 proﬁciscitur,
2871 4007 3054 4075 ibique
3083 4004 3268 4058 urbem
3295 4003 3482 4058 condit

1913 4105 2218 4174 Amopolim
2247 4104 2453 4173 (65),in
2482 4116 2654 4170 eaque
2684 4101 2945 4169 templum
2995 4098 3059 4151 ad
3095 4097 3267 4151 instar
3295 4094 3482 4148 Hiero-

1916 4193 2228 4264 solymitani
2283 4192 2601 4262 erigendum
2627 4198 2806 4245 curat.
2843 4189 3088 4243 Alcimus
3144 4194 3323 4239 autem
3355 4199 3480 4238 cum

1913 4285 2050 4340 Juda
2086 4285 2386 4356 conﬂigens
2434 4285 2586 4339 brevi
2619 4299 2649 4337 a
2682 4282 2794 4337 Deo
2847 4295 3144 4352 percussus
3206 4278 3410 4332 interiit
3433 4276 3476 4330 ⁸.

1915 4377 2079 4448 Igitur
2102 4379 2378 4434 communi
2434 4376 2693 4448 suffragio
2745 4373 3112 4432 sacerdotium
3166 4372 3231 4426 ad
3284 4368 3478 4427 Judam

252 4499 551 4554 rursusque
579 4499 722 4537 anno
753 4481 1029 4538 Sedechiaa
1061 4491 1256 4553 quarto
1286 4483 1564 4539 Baruchus
1597 4493 1651 4538 et
1682 4483 1806 4538 Ilie-
1841 4499 1883 4553 ι)
1917 4472 2172 4525 conatum
2196 4477 2300 4525 est-

255 4577 453 4630 remias
481 4593 495 4628 :
526 4584 718 4628 octavo
747 4583 924 4629 autem
978 4575 1306 4644 captivitatis
1334 4590 1475 4628 anno
1495 4574 1680 4629 Daniel
1709 4575 1810 4628 Ba-

254 4666 448 4737 bylone
478 4673 532 4720 et
565 4665 850 4720 Ezechiel:
889 4673 1001 4718 tum
1039 4681 1180 4720 anno
1202 4672 1395 4720 octavo
1444 4681 1507 4719 ac
1529 4666 1808 4722 tricesimo

255 4758 481 4828 Aggaaus
523 4765 578 4810 et
624 4756 957 4811 Zacharias:
1002 4764 1154 4811 sexto
1193 4756 1428 4827 denique
1453 4772 1596 4811 anno
1640 4771 1806 4826 supra

253 4851 646 4920 sexagesimum
681 4849 840 4903 iidem
868 4849 1096 4919 Aggaeus
1124 4863 1188 4902 ac
1215 4848 1529 4912 Zacharias,
1572 4849 1808 4920 itemque

255 4941 562 4997 Malachias.
591 4942 708 4995 Alia
754 4941 981 4996 historia
1018 4942 1186 4995 tradit
1231 4943 1548 4997 vaticinatos
1577 4958 1698 4997 esse
1725 4943 1810 4996 his

253 5033 589 5103 temporibus
642 5030 968 5096 Nahumum,
997 5030 1451 5099 Ambachumum,
1479 5031 1799 5088 Malachiam

253 5138 410 5196 atque
437 5125 734 5180 Danielem.

321 5213 406 5268 17.
441 5214 684 5271 Iamvero
705 5229 812 5285 quo
831 5223 988 5283 pacto
1013 5213 1258 5271 videntes
1279 5221 1332 5270 et
1362 5215 1640 5287 prophetat
1663 5215 1805 5286 apud

252 5325 492 5380 captivos
507 5319 683 5373 erant,
720 5309 908 5364 eodem
931 5310 1091 5364 etiam
1129 5317 1252 5378 post
1294 5323 1399 5362 Lxx
1455 5323 1630 5362 annos
1662 5309 1802 5377 apud

1987 4607 2072 4661 I9.
2099 4607 2139 4661 l.
2166 4604 2357 4669 Judas,
2389 4604 2481 4674 qui
2525 4612 2578 4658 et
2608 4601 3002 4662 Macchabaaus,
3059 4600 3216 4655 annis
3245 4615 3303 4654 ιιι
3335 4599 3477 4654 intra

1912 4697 2266 4770 Olympiadem
2294 4696 2646 4751 centesimam
2677 4693 3180 4763 quinquagesimam
3209 4692 3474 4762 quintam.

1983 4809 2047 4864 ll.
2081 4808 2362 4872 Jonathas,
2395 4808 2484 4878 qui
2517 4815 2570 4861 et
2596 4803 2881 4876 Aphuth'us
2903 4843 2917 4867 ,
2942 4804 3100 4858 anuis
3120 4819 3234 4856 xix.

1986 4898 2072 4954 lll.
2103 4900 2312 4963 Simon,
2338 4899 2432 4969 qui
2455 4908 2508 4952 et
2534 4897 2776 4961 Tarscis,
2815 4896 2974 4950 annis
3002 4911 3122 4950 vui.

1984 4990 2074 5046 IV.
2103 4989 2410 5063 Hyrcanus,
2437 4989 2531 5059 qui
2561 4995 2614 5042 et
2639 4986 2901 5050 Joannes,
2933 4989 3093 5041 annis
3123 5001 3268 5039 xxvi.

1984 5102 2050 5158 V.
2090 5105 2429 5161 Aristabulus
2457 5119 2600 5157 anno
2627 5119 2662 5156 ι.
2706 5101 2785 5155 Ad
2813 5100 3172 5157 sacerdotium
3192 5098 3478 5153 Aristabu-

1911 5192 1998 5250 lus
2028 5195 2273 5252 diadema
2296 5196 2501 5267 regium
2519 5193 2735 5263 adjecit.

1983 5306 2065 5361 VI.
2093 5306 2367 5374 Jannzeus,
2405 5308 2498 5378 qui
2517 5315 2570 5362 et
2595 5305 2929 5370 Alexander,
2963 5303 3121 5360 annis
3149 5319 3297 5360 xxvii
3339 5302 3470 5373 (64}.

316 5465 340 5497 ⁶
374 5462 512 5521 Gen.
555 5479 706 5526 χιιι.
745 5461 832 5518 10.
907 5461 1000 5517 ⁷11
1034 5463 1276 5519 Machah.
1311 5481 1386 5530 VI,
1428 5464 1481 5518 2.
1555 5466 1577 5496 ⁸
1613 5461 1652 5517 ll
1686 5462 1816 5519 Μειςῖ

1928 5505 1940 5520 .
1975 5480 2050 5529 ix,
2092 5464 2177 5530 55,
2206 5463 2298 5519 56.

320 5601 431 5672 (60)
463 5600 543 5672 Ita
567 5598 782 5672 codices
814 5598 1101 5672 Samuelis.

317 5667 427 5740 (6t)
452 5671 657 5740 Confer
682 5667 970 5740 Eusebium
995 5671 1062 5724 ad
1099 5688 1185 5727 an.
1220 5671 1375 5727 1558.

321 5737 433 5815 (62⁷)
462 5739 664 5804 Codd.,
695 5737 930 5793 Samrin.

1981 5571 2094 5674 (651
2120 5587 2408 5674 Eusebius,
2438 5600 2502 5654 ad
2527 5616 2729 5657 annum
2756 5599 2910 5665 i856,
2947 5598 3202 5672 Onuplu's.

1985 5670 2094 5743 (61)
2126 5671 2205 5725 Al.
2242 5672 2386 5737 cod.,
2424 5687 2630 5726 xxxv”.
