3878 6264
287 341 392 396 625

278 544 600 602 Alexandra
626 541 812 596 Salina
838 546 1030 596 vocata
1071 545 1174 594 est.

355 637 491 693 VIII.
520 635 810 708 Hyrcanus
834 632 994 687 annis
1023 648 1190 685 xxxiv
1225 630 1360 701 (65).

353 731 447 786 ‘20.
477 730 614 784 Cum
644 726 990 781 Aristabulus
1033 733 1087 779 et
1131 721 1418 794 Hyrcanus
1445 720 1741 778 Alexandri
1773 721 1869 775 ﬁlii

290 826 434 880 inter
465 837 525 877 se
557 824 966 881 concertarent,
991 816 1284 886 Pompeius
1307 816 1585 870 Romanus
1607 829 1872 886 superve-

289 913 838 974 niensAristabulum
859 911 1112 966 vinctum
1133 925 1318 965 secum
1347 908 1591 973 abduxit,
1618 906 1873 979 Hyrcano

290 1017 472 1065 autem
511 1005 892 1078 pontiﬁcatum
921 1001 1290 1064 conﬁrmavit,
1324 1001 1416 1071 qui
1452 999 1674 1070 quidem
1711 999 1872 1055 annis

290 1113 525 1174 quatuor
561 1099 896 1170 trigintaque
920 1103 1042 1167 post
1077 1110 1106 1148 a
1144 1094 1362 1149 Parthis
1407 1101 1601 1162 captus
1626 1098 1733 1148 est.
1783 1089 1874 1145 Sic

289 1195 600 1252 Iudaeorum
654 1206 882 1261 regnum
905 1189 1165 1258 unctique
1223 1184 1482 1256 praesides
1530 1184 1875 1260 det-siverunt,

293 1290 373 1344 uti
409 1286 600 1340 Daniel
639 1283 1002 1355 praedixerat:
1051 1287 1342 1335 unctorum
1367 1285 1549 1332 autem
1575 1275 1877 1347 praesidum

293 1382 516 1437 nomine
544 1376 831 1449 pontiﬁces
851 1375 1254 1445 intelliguntur,
1289 1373 1384 1442 qui
1422 1378 1550 1440 post
1587 1368 1825 1424 reditum
1847 1383 1877 1422 a

294 1474 618 1546 captivitate
643 1470 848 1543 popqu
875 1467 1214 1538 praefuerunt
1243 1485 1255 1518 :
1294 1463 1498 1535 quique
1523 1462 1637 1517 orsi
1666 1475 1698 1514 a
1718 1473 1880 1516 sexa-

297 1570 501 1637 gesima
525 1565 712 1635 quinta
743 1560 1051 1633 Olympiade
1086 1559 1191 1614 sub
1221 1557 1406 1621 Dario,
1440 1553 1750 1628 olympiade
1782 1552 1877 1608 de-

296 1658 769 1714 mum-centesima
796 1653 1127 1723 octogesima
1170 1659 1323 1707 sexta
1383 1649 1544 1704 ﬁnem
1587 1644 1876 1703 fecerunt‘

298 1749 444 1819 quod
479 1747 738 1818 temporis
778 1745 1121 1800 intervallum
1154 1741 1341 1797 Daniel
1374 1740 1639 1811 propheta
1665 1745 1884 1808 septua-

1326 327 1672 385 APPENDIX
1709 323 1799 381 AD
1838 327 2108 383 EUSEBII
2147 325 2560 383 CHRONICON.

357 454 472 510 VII.
506 451 816 508 Alexandra
857 463 994 503 uxor
1049 447 1343 503 Alexandri
1393 447 1552 502 annis
1610 460 1685 499 1x.
1717 443 1868 517 Illaec
1895 454 1945 510 Α

3496 310 3628 368 624

2042 444 2130 500 IV.
2172 445 2387 508 Zames,
2415 445 2509 514 qui
2533 451 2585 498 et
2617 440 2846 504 Ninuas,
2878 437 3036 492 annis
3069 453 3243 492 xxxii.

2040 538 2103 591 ν.
2145 538 2308 592 Arius
2337 537 2497 592 annis
2523 551 2648 589 xxx.

2041 628 2130 684 VI.
2172 628 2392 683 Aralius
2418 630 2576 680 annis
2603 641 2692 678 ιι..

2041 719 2153 773 VII.
2193 718 2422 782 Xerxes,
2459 717 2552 786 qui
2579 723 2632 772 et
2660 715 2878 779 Baleus,
2910 714 3068 768 annis
3099 728 3229 766 xxx.

2041 811 2175 865 VIII.
2217 809 2599 865 Armamithris
2631 809 2790 864 annis
2823 822 3052 864 xxxvm.

2042 904 2133 960 IX.
2174 903 2442 958 Belochus
2464 904 2622 959 annis
2651 918 2815 959 xxxv.

2045 994 2112 1050 X.
2155 994 2346 1050 Baleus
2375 994 2533 1049 annis
2559 1011 2629 1048 xv
2654 993 2788 1064 (69).

2046 1087 2136 1142 XI.
2177 1086 2402 1143 Altadas
2428 1087 2587 1140 annis
2608 1101 2780 1139 xxxii.

2047 1178 2159 1233 XII.
2201 1177 2463 1233 Mamelus
2491 1177 2650 1233 annis
2682 1193 2810 1231 xxx.
2838 1176 2996 1230 Anno
3024 1175 3189 1244 hujus
3229 1180 3465 1244 quarto
3501 1167 3618 1224 de-

1979 1273 2120 1328 cimo
2152 1271 2422 1343 Iosephus
2453 1271 2605 1324 obiit.

2051 1363 2189 1418 XIII.
2233 1363 2497 1434 Mamylus
2527 1361 2664 1415 alter
2692 1358 2852 1416 annis
2882 1375 3010 1413 xxx.

2050 1453 2188 1509 XIV.
2233 1453 2547 1524 Sparaethus
2579 1451 2738 1506 annis
2769 1466 2856 1505 ιι.

2051 1547 2166 1603 XV.
2209 1546 2555 1602 Manchaleus
2586 1544 2747 1600 annis
2779 1558 2905 1598 xxx.

2053 1639 2193 1696 XVI.
2252 1639 2514 1710 Sphaerus
2576 1637 2735 1691 annis
2797 1651 2890 1690 xx.
2959 1632 3133 1702 Hujus
3191 1646 3352 1686 anno
3419 1629 3620 1685 tertio

1984 1733 2220 1804 Cecrops
2252 1731 2482 1787 Athenis
2513 1730 2723 1802 primus
2756 1727 3022 1799 regnavit.

299 1812 448 1914 ginta
479 1812 875 1898 hebdomadum
928 1839 1088 1894 titulo
1122 1837 1560 1892 adumbraverat.
1607 1834 1868 1906 Equidem
1901 1812 1943 1866 Β
2039 1825 2205 1880 XVII.
2245 1823 2484 1880 Ascades
2511 1821 2622 1893 (70)
2656 1823 2814 1877 annis
2838 1837 2926 1914 ιιιΪ
2953 1819 3126 1891 Ilujus
3165 1827 3376 1914 octavo
3440 1829 3617 1914 anno

299 1942 424 2004 post
449 1932 760 2004 Hyrcanum
791 1947 950 1985 nemo
979 1929 1081 1984 fuit
1108 1945 1137 1984 e
1159 1944 1357 2000 genere
1392 1926 1738 1989 sacerdotali,
1775 1924 1870 1980 sed

299 2021 497 2091 ignotae
529 2020 715 2090 stirpis
741 2018 1002 2073 menstrui
1029 2017 1248 2088 quidam
1276 2018 1358 2073 vel
1386 2015 1550 2070 annui
1587 2014 1869 2086 praesides.

299 2111 441 2166 Tum
465 2111 703 2181 denique
727 2110 969 2166 Herodes
990 2111 1294 2182 alienigena
1343 2124 1572 2181 regnum
1612 2108 1870 2172 obtinuit,

301 2203 462 2272 cujus
483 2204 759 2258 tricesimo
794 2202 1033 2258 secundo
1068 2217 1210 2258 anno
1247 2202 1512 2259 Dominus
1557 2199 1756 2258 Noster
1778 2199 1870 2257 Je-

305 2310 400 2351 sus
421 2293 678 2351 Christus
714 2304 874 2350 natus
905 2303 1010 2350 est.

913 2427 1142 2484 CAPUT
1168 2429 1258 2486 Vl.

763 2541 950 2595 Chami
981 2545 1229 2612 prosapia
1273 2543 1413 2615 (66).

378 2658 432 2712 I.
467 2654 745 2711 Hactenus
775 2671 875 2712 nos
909 2671 1007 2727 pro
1031 2663 1288 2726 suscepto
1315 2658 1597 2727 proposito
1628 2666 1875 2727 posteros

310 2746 456 2802 Semi
482 2747 551 2801 ad
571 2748 870 2802 adventum
902 2764 1077 2818 usque
1116 2748 1318 2803 Christi
1370 2749 1570 2806 divinis
1610 2750 1767 2805 libris
1790 2752 1880 2805 in-

309 2840 421 2894 nixi
446 2839 796 2910 digessimus.
828 2839 984 2895 Nunc
1020 2841 1088 2896 ad
1125 2841 1390 2896 Chamum
1440 2857 1562 2914 quae
1605 2843 1879 2912 pertinent

309 2929 596 2984 scribenda
651 2939 814 2998 sunt;
859 2931 1004 2985 haud
1057 2946 1218 2999 sane,
1267 2940 1328 2986 ut
1351 2931 1521 2997 Semi,
1578 2933 1878 2988 liberorum

311 3021 588 3076 successio
608 3065 620 3087 ,
655 3024 749 3077 sed
781 3039 1045 3078 annorum
1087 3039 1383 3092 numerus,
1413 3039 1602 3095 regum
1633 3025 1878 3090 nomina,

1975 1917 2150 1973 Moses
2192 1917 2305 1987 jam
2349 1914 2730 1986 octogenarius
2762 1912 3022 1984 populum
3063 1925 3129 1964 ex
3164 1906 3428 1978 Egyplo
3458 1905 3614 1960 sub—

1974 2009 2146 2066 duxit.

2043 2101 2230 2159 XVIII.
2273 2101 2536 2174 Amyntas
2566 2099 2726 2155 annis
2760 2114 2882 2152 va.

2042 2191 2188 2249 XIX.
2228 2191 2495 2247 Belechus
2525 2188 2636 2262 (7i)
2669 2188 2828 2242 annis
2863 2203 2988 2241 xxv.

2046 2284 2165 2339 XX.
2206 2284 2497 2355 Balepares
2523 2282 2682 2337 annis
2718 2295 2846 2334 xxx.

2050 2377 2190 2432 XXI.
2231 2376 2555 2448 Lamprides
2586 2373 2745 2428 annis
2777 2388 2949 2427 xxx".

2047 2470 2211 2526 XXII.
2251 2471 2507 2542 Pannyas
2534 2469 2694 2523 annis
2725 2483 2851 2522 va.

2048 2561 2238 2618 XXIII.
2280 2561 2570 2618 Sosarmus
2609 2560 2767 2616 annis
2805 2574 2917 2613 xix.

2048 2654 2237 2712 XXIV.
2279 2655 2512 2711 Zosares
2543 2653 2706 2709 annis
2739 2669 2832 2706 xx.

2048 2747 2215 2804 XXV.
2257 2747 2579 2819 Lamprides
2612 2747 2773 2801 annis
2810 2761 2939 2799 xxx.

2048 2841 2239 2898 XXVI.
2283 2841 2560 2895 Mithraeus
2595 2839 2755 2894 annis
2786 2853 2956 2891 xxvii.

2049 2933 2263 2989 XXVII.
2312 2932 2587 2987 Tautanes
2617 2931 2776 2984 annis
2805 2944 2955 2982 xxxi.
2995 2927 3153 2979 Anno
3189 2924 3489 2980 Tautanis
3517 2921 3612 2980 vi-

1981 3031 2186 3084 cesimo
2215 3027 2407 3097 quinto
2441 3025 2573 3080 urbs
2601 3022 2760 3077 Ilium
2784 3029 2947 3091 capta
2983 3028 3085 3076 est.

310 3123 426 3216 tum
447 3129 694 3185 quaenam
728 3123 916 3218 gentes
958 3117 1202 3187 potentia
1245 3124 1418 3218 auctae
1447 3119 1753 3174 alterutras
1788 3117 1882 3174 de-
1909 3158 1952 3218 C
2053 3118 2292 3174 XXVIII.
2334 3117 2585 3173 Teutaaus
2609 3114 2769 3169 annis
2797 3129 2885 3168 ιι..

308 3205 582 3272 vicerunt,
614 3221 786 3275 usque
811 3206 876 3261 ad
903 3207 1197 3261 humanam
1252 3206 1561 3264 Servatoris
1602 3215 1877 3274 naturam.

308 3291 391 3350 Ex
417 3297 664 3366 eoigitur
695 3297 834 3360 loco,
878 3299 933 3352 in
989 3313 1098 3369 quo
1150 3314 1331 3353 sermo
1377 3309 1566 3355 noster
1614 3299 1880 3366 substitit,

311 3401 437 3441 eum
470 3387 662 3441 Chami
701 3391 1123 3458 procreationes,
1142 3402 1304 3462 prout
1335 3407 1430 3448 eas
1463 3406 1636 3447 sacrae
1665 3391 1884 3448 Littera

311 3478 626 3545 tradebant,
656 3480 1081 3551 descripsimus;
1119 3484 1337 3550 exinde,
1362 3483 1610 3555 inquam,
1639 3485 1886 3541 ordiatur

315 3573 555 3627 narratio
575 3589 605 3628 e
636 3583 799 3628 certze
828 3573 951 3629 ﬁdei
992 3575 1147 3632 libris
1202 3577 1419 3644 hausta,
1464 3595 1660 3650 nempe
1686 3595 1882 3634 secun-

314 3663 442 3718 dum
495 3666 838 3722 narrationes
888 3667 1275 3724 chronicorum
1335 3670 1558 3727 Eusebii
1604 3687 1884 3727 canonum

315 3756 676 3826 historicique
729 3757 1113 3815 Armeniorum
1140 3761 1306 3819 Mosis
1325 3764 1718 3833 Chorenensis;
1749 3781 1888 3836 quo-

315 3863 438 3902 rum
482 3849 701 3918 quidem
751 3859 1061 3920 postremus
1117 3855 1197 3909 sic
1255 3856 1331 3909 ait
1363 3856 1577 3927 (67):-¢
1603 3857 1678 3913 De
1735 3857 1883 3922 Belo,

316 3939 477 4008 cujus
498 3947 657 3995 aetate
669 3942 937 3998 maximus
958 3952 1147 4000 noster
1175 3949 1489 4017 progenitor
1511 3948 1646 4002 vixit
1662 3947 1882 4015 Haicus,

317 4031 474 4085 multi
503 4033 670 4088 multa
707 4035 964 4104 variaque
980 4036 1352 4107 tradiderunt;
1387 4055 1486 4111 ego
1518 4049 1698 4098 autem
1724 4059 1885 4113 quem

319 4121 617 4178 Saturnum
661 4137 978 4197 nuncupant
1031 4138 1192 4199 atque
1252 4131 1436 4188 Belum
1469 4172 1484 4200 ,
1552 4133 1888 4191 Nebrothum

318 4213 492 4270 fuisse
518 4216 604 4271 aio
632 4232 644 4268 :
677 4233 782 4287 qua
810 4235 976 4289 super
997 4237 1054 4276 re
1083 4220 1324 4294 Egyptii
1353 4240 1476 4278 cum
1501 4225 1648 4282 Mose
1667 4229 1888 4298 conspi-

320 4313 464 4374 rant,
484 4318 868 4377 percensentes
907 4311 1233 4382 Vulcanum,
1261 4316 1439 4372 Solem
1472 4334 1535 4373 ac
1564 4317 1886 4388 Saturnum,

318 4398 412 4469 qui
456 4407 590 4453 sunt
636 4401 896 4465 Chamus,
950 4403 1130 4460 Cusus
1193 4423 1256 4462 ac
1308 4407 1640 4477 Nebrothus,
1683 4413 1888 4469 omisso

2053 3209 2243 3264 XXIX.
2283 3209 2558 3264 Otheneus
2583 3206 2743 3262 annis
2768 3220 2894 3259 xxx.

2056 3301 2225 3358 XXX.
2274 3300 2555 3373 Dercyllus
2588 3300 2748 3355 annis
2787 3313 2876 3352 xL.

2053 3398 2244 3452 XXXI.
2282 3396 2534 3467 Eupalles
2581 3396 2740 3450 annis
2782 3408 3013 3448 xxxviii.
3046 3390 3262 3445 Tertius
3308 3403 3382 3441 ac
3413 3388 3612 3442 trice-

1988 3491 2362 3560 simus.bujus
2400 3505 2577 3543 annus
2615 3488 2808 3541 incidit
2853 3487 2908 3540 in
2961 3494 3214 3554 quartum
3250 3480 3609 3536 Solomonis

1988 3600 2190 3639 annum
2222 3593 2384 3653 atque
2412 3583 2467 3636 in
2501 3581 2687 3650 templi
2711 3579 3011 3649 opiﬁcium.

2057 3675 2269 3730 XXXII.
2311 3674 2678 3729 Lavosthenes
2732 3671 2891 3725 annis
2950 3685 3073 3723 xu.
3137 3667 3285 3722 Gens
3339 3664 3609 3720 Judaica

1986 3767 2232 3823 bifariam
2265 3766 2542 3821 dividitur.

2059 3859 2290 3915 XXXIII.
2331 3857 2608 3928 Pertiages
2641 3857 2753 3928 (72)
2779 3855 2942 3911 annis
2966 3871 3093 3909 xxx.

2058 3952 2298 4010 XXXIV.
2337 3951 2602 4022 Ophrates
2626 3952 2784 4006 annis
2814 3967 2906 4006 xx.

2055 4047 2272 4101 XXXV.
2307 4046 2647 4118 Ophratanes
2673 4046 2831 4100 annis
2860 4060 2910 4098 1..

2060 4138 2298 4192 XXXVI.
2342 4138 2634 4208 Acrapales
2665 4137 2825 4191 annis
2858 4150 2992 4188 XLII.

2057 4231 2319 4287 XXXVII.
2362 4231 2623 4286 Thonnus
2644 4229 3002 4293 Concolerus,
3027 4226 3211 4281 Graece
3231 4224 3417 4281 dictus
3433 4223 3602 4282 Sar-

1991 4325 2326 4394 danapallus,
2359 4323 2516 4376 armis
2543 4338 2632 4376 xx.

2062 4415 2114 4468 5.
2159 4412 2582 4481 Sardanapallus
2613 4411 2701 4464 hic
2733 4409 3045 4464 tricesimus
3076 4415 3338 4477 septimus
3371 4422 3403 4460 a
3438 4407 3598 4464 Belo

320 4490 634 4546 Μθδῑτθίῐηο
661 4508 674 4542 ³
709 4494 944 4562 Primum
974 4501 1118 4551 enim
1169 4500 1313 4569 apud
1343 4517 1402 4557 se
1433 4502 1707 4560 hominem
1732 4506 1887 4559 aiunt
1923 4503 1962 4558 D
1995 4504 2114 4567 fuit,
2139 4520 2433 4574 regumque
2464 4502 2808 4571 Assyriorum
2837 4508 3165 4568 postremus.
3209 4497 3354 4552 Idem
3411 4501 3602 4554 volu-

321 4583 494 4639 fuisse
522 4583 848 4640 Vulcanum.
877 4607 895 4637 ›

386 4675 442 4730 2.
483 4675 625 4747 Ergo
656 4693 720 4731 ex
754 4678 857 4732 hoc
880 4679 1016 4750 jipso
1047 4683 1176 4737 Belo
1220 4693 1405 4741 noster
1440 4687 1594 4743 hicce
1624 4697 1893 4747 tractatus

319 4768 659 4824 inclinandus
688 4779 791 4827 est.

389 4860 432 4917 I.
467 4861 627 4917 Belus
657 4865 928 4921 universis
954 4865 1096 4923 Asia:
1130 4869 1445 4940 provinciis,
1480 4881 1674 4942 praeter
1706 4873 1887 4941 Indos,

319 4953 631 5009 dominatur
658 4959 815 5013 annis
837 4975 946 5014 an
978 4961 1117 5031 (68).

390 5043 455 5102 II.
495 5046 667 5103 Ninus
696 5049 824 5105 item
855 5061 979 5120 post
1017 5053 1201 5109 Belum
1243 5057 1402 5113 annis
1435 5075 1532 5113 LII.
1570 5056 1693 5114 Nini
1724 5061 1890 5131 hujus

324 5136 739 5208 quadragesimo
789 5150 984 5211 quarto
1041 5159 1185 5200 anno
1230 5148 1570 5206 Abrahamus
1625 5167 1655 5205 a
1713 5151 1892 5206 Thara

321 5229 536 5297 genitus
566 5238 669 5286 est.

385 5319 478 5376 III.
522 5321 840 5383 Samiramis
874 5327 997 5382 Nini
1020 5329 1218 5399 conjux
1251 5332 1407 5386 annis
1441 5349 1573 5387 xui.

417 5480 508 5551 65)
539 5484 624 5537 AI.
657 5487 804 5551 cod.,
837 5503 1023 5542 xxxvi.

419 5552 507 5617 66)
535 5555 685 5610 Hunc
706 5558 923 5611 titulum
951 5560 1152 5614 habent
1173 5561 1411 5617 codices.

418 5621 508 5690 67)
543 5623 710 5690 Hist.,
737 5645 773 5687 ι,
798 5627 852 5682 6.

551 5697 711 5778 Aug"
741 5700 819 5778 _De
837 5705 935 5757 civ.
965 5703 1078 5773 Dei,
1105 5723 1216 5775 xvi,
1245 5709 1524 5778 I7,scrihit
1554 5723 1676 5764 LXV.

396 5761 508 5829 (69)
548 5761 811 5835 Αι.“ςὶ)ιι.,
853 5785 950 5825 ιιι.

1994 4597 2180 4668 ptaria:
2210 4596 2447 4649 mollitiae
2476 4593 2810 4662 luxuriaeque
2834 4591 3014 4647 studio
3060 4599 3287 4645 cunctos
3331 4592 3429 4659 qui
3471 4595 3599 4649 sibi

1994 4692 2383 4758 praecesserant
2417 4681 2712 4753 superavit.
2745 4679 3107 4746 Quamobrem
3140 4677 3414 4734 Varnaces
3449 4683 3600 4751 qui—

1994 4779 2139 4842 dam,
2177 4779 2352 4847 patria
2384 4774 2592 4838 Medus,
2617 4773 2780 4827 homo
2801 4772 3008 4826 viribus
3029 4773 3354 4843 egregioque
3381 4774 3595 4830 animo

1993 4870 2270 4942 praeditus,
2304 4883 2427 4923 cum
2463 4866 2741 4923 Medorum
2771 4864 2881 4920 dux
2909 4872 3075 4930 esset,
3113 4879 3363 4934 unusque
3395 4880 3470 4920 ex
3511 4867 3594 4923 iis

1993 4966 2084 5036 qui
2116 4964 2184 5018 ad
2227 4964 2414 5018 urbem
2446 4961 2647 5017 Ninum
2679 4959 2973 5030 quotannis
3005 4959 3295 5014 veniebant
3328 4958 3592 5015 ducatus

1993 5068 2160 5108 causa
2203 5051 2533 5118 exercendi;
2568 5050 2636 5114 is,
2673 5049 2918 5118 inquam,
2949 5048 3170 5118 cognito
3213 5049 3354 5118 regis
3399 5064 3592 5118 pravo

1995 5147 2232 5218 ingenio,
2266 5145 2470 5201 amicos
2521 5143 2622 5198 sibi
2661 5142 2979 5198 liberalitate
3026 5141 3289 5206 devinxit,
3333 5140 3590 5198 Belesim

1996 5239 2051 5293 in
2090 5237 2281 5308 primis
2323 5249 2595 5292 summum
2635 5234 2826 5290 ducem
2875 5233 3315 5305 Babyloniorum,
3344 5234 3590 5302 quicum

1995 5330 2130 5382 inita
2161 5330 2419 5383 societate
2450 5326 2901 5397 Sardanapallum
2933 5326 3244 5391 debellavit,
3280 5326 3376 5396 qui
3419 5340 3590 5382 sece—

2062 5494 2176 5563 (70)
2221 5493 2295 5546 Ita
2347 5495 2508 5548 etiam
2540 5491 2830 5548 Eusebius.
2867 5492 3011 5548 Idem
3039 5502 3224 5548 tamen
3266 5489 3420 5554 alibi,
3467 5491 3583 5544 As-

1995 5564 2231 5618 catades.

2065 5635 2178 5702 (7i)
2211 5635 2433 5697 Euseb.,
2463 5635 2741 5690 Beloc/ms.

2068 5704 2178 5774 (7‘2)
2212 5705 2311 5770 ld.,
2344 5704 2656 5760 Perilt'ades.
