  <div class='ocr_page' id='page_1' title='image "/cluster/home/n/w/nwhite01/storage/ocr_20150623/19/mdp.39015061293422/320.png"; bbox 0 0 3878 6264; ppageno 0'>
   <div class='ocr_carea' id='block_1_1' title="bbox 276 298 2768 375">
    <p class='ocr_par' dir='ltr' id='par_1_1' title="bbox 276 298 2768 375">
     <span class='ocr_line' id='line_1_1' title="bbox 276 298 2768 375; baseline 0 -4"><span class='ocrx_word' id='word_1_1' title='bbox 276 317 359 372; x_wconf 66' lang='grc' dir='ltr'><strong>εεδ</strong></span> <span class='ocrx_word' id='word_1_2' title='bbox 985 298 1674 373; x_wconf 15' lang='grc' dir='ltr'><strong>δΑλίυΕΙΔΙΞἼΑΝΙΕΝΞΙΞ</strong></span> <span class='ocrx_word' id='word_1_3' title='bbox 1719 317 2061 375; x_wconf 72' lang='lat' dir='ltr'><strong>SUMMABII</strong></span> <span class='ocrx_word' id='word_1_4' title='bbox 2100 310 2485 373; x_wconf 72' lang='lat' dir='ltr'><strong>TEMPOBUM</strong></span> <span class='ocrx_word' id='word_1_5' title='bbox 2512 315 2692 371; x_wconf 84' lang='lat' dir='ltr'><strong>PARS</strong></span> <span class='ocrx_word' id='word_1_6' title='bbox 2727 313 2768 371; x_wconf 90' lang='lat' dir='ltr'><strong>I.</strong></span> 
     </span>
    </p>
   </div>
   <div class='ocr_carea' id='block_1_2' title="bbox 3393 314 3496 369">
    <p class='ocr_par' dir='ltr' id='par_1_2' title="bbox 3393 314 3496 369">
     <span class='ocr_line' id='line_1_2' title="bbox 3393 314 3496 369; baseline -0.01 0"><span class='ocrx_word' id='word_1_7' title='bbox 3393 314 3496 369; x_wconf 74' lang='lat'><strong>626</strong></span> 
     </span>
    </p>
   </div>
   <div class='ocr_carea' id='block_1_3' title="bbox 271 430 3496 510">
    <p class='ocr_par' dir='ltr' id='par_1_3' title="bbox 271 430 3496 510">
     <span class='ocr_line' id='line_1_3' title="bbox 271 430 3496 510; baseline -0.001 -20"><span class='ocrx_word' id='word_1_8' title='bbox 271 437 388 491; x_wconf 87' lang='lat' dir='ltr'><strong>dens</strong></span> <span class='ocrx_word' id='word_1_9' title='bbox 415 434 468 495; x_wconf 86' lang='lat' dir='ltr'><strong>in</strong></span> <span class='ocrx_word' id='word_1_10' title='bbox 493 435 702 506; x_wconf 77' lang='lat' dir='ltr'><strong>regiam</strong></span> <span class='ocrx_word' id='word_1_11' title='bbox 727 435 977 492; x_wconf 91' lang='lat' dir='ltr'><strong>incendio</strong></span> <span class='ocrx_word' id='word_1_12' title='bbox 1004 445 1175 494; x_wconf 91' lang='lat' dir='ltr'><strong>semet</strong></span> <span class='ocrx_word' id='word_1_13' title='bbox 1198 440 1476 495; x_wconf 77' lang='lat' dir='ltr'><strong>cremavit.</strong></span> <span class='ocrx_word' id='word_1_14' title='bbox 1511 439 1648 494; x_wconf 85' lang='lat' dir='ltr'><strong>Tum</strong></span> <span class='ocrx_word' id='word_1_15' title='bbox 1677 440 1818 496; x_wconf 90' lang='lat' dir='ltr'><strong>Bele-</strong></span> <span class='ocrx_word' id='word_1_16' title='bbox 1849 449 1893 506; x_wconf 85' lang='grc' dir='ltr'>Α</span> <span class='ocrx_word' id='word_1_17' title='bbox 1991 440 2043 496; x_wconf 83' lang='grc'><strong>5.</strong></span> <span class='ocrx_word' id='word_1_18' title='bbox 2084 439 2239 494; x_wconf 89' lang='lat' dir='ltr'><strong>Nunc</strong></span> <span class='ocrx_word' id='word_1_19' title='bbox 2272 454 2370 510; x_wconf 88' lang='lat' dir='ltr'><strong>age</strong></span> <span class='ocrx_word' id='word_1_20' title='bbox 2397 437 2674 493; x_wconf 84' lang='lat' dir='ltr'><strong>Medorum</strong></span> <span class='ocrx_word' id='word_1_21' title='bbox 2706 449 2863 506; x_wconf 80' lang='lat' dir='ltr'><strong>reges</strong></span> <span class='ocrx_word' id='word_1_22' title='bbox 2885 448 3238 505; x_wconf 79' lang='lat' dir='ltr'><strong>exponamus.</strong></span> <span class='ocrx_word' id='word_1_23' title='bbox 3275 430 3496 491; x_wconf 83' lang='lat' dir='ltr'><strong>Exstin-</strong></span> 
     </span>
    </p>
   </div>
   <div class='ocr_carea' id='block_1_4' title="bbox 272 526 2930 602">
    <p class='ocr_par' dir='ltr' id='par_1_4' title="bbox 272 526 2930 602">
     <span class='ocr_line' id='line_1_4' title="bbox 272 526 2930 602; baseline -0.001 -21"><span class='ocrx_word' id='word_1_24' title='bbox 272 529 360 582; x_wconf 87' lang='lat' dir='ltr'><strong>sim</strong></span> <span class='ocrx_word' id='word_1_25' title='bbox 384 526 642 598; x_wconf 83' lang='lat' dir='ltr'><strong>Babyloni</strong></span> <span class='ocrx_word' id='word_1_26' title='bbox 673 531 870 599; x_wconf 80' lang='lat' dir='ltr'><strong>regem&#39;</strong></span> <span class='ocrx_word' id='word_1_27' title='bbox 920 531 1182 600; x_wconf 84' lang='lat' dir='ltr'><strong>imposuit</strong></span> <span class='ocrx_word' id='word_1_28' title='bbox 1202 530 1499 594; x_wconf 84' lang='lat' dir='ltr'><strong>Varbaces,</strong></span> <span class='ocrx_word' id='word_1_29' title='bbox 1527 533 1822 602; x_wconf 90' lang='lat' dir='ltr'><strong>itidemque</strong></span> <span class='ocrx_word' id='word_1_30' title='bbox 1923 540 2014 586; x_wconf 89' lang='lat' dir='ltr'><strong>cto</strong></span> <span class='ocrx_word' id='word_1_31' title='bbox 2041 529 2433 600; x_wconf 85' lang='lat' dir='ltr'><strong>Sardanapalle</strong></span> <span class='ocrx_word' id='word_1_32' title='bbox 2457 529 2662 599; x_wconf 93' lang='lat' dir='ltr'><strong>primus</strong></span> <span class='ocrx_word' id='word_1_33' title='bbox 2686 527 2930 598; x_wconf 82' lang='lat' dir='ltr'><strong>regnavit</strong></span> 
     </span>
    </p>
   </div>
   <div class='ocr_carea' id='block_1_5' title="bbox 269 619 1820 694">
    <p class='ocr_par' dir='ltr' id='par_1_5' title="bbox 269 619 1820 694">
     <span class='ocr_line' id='line_1_5' title="bbox 269 619 1820 694; baseline 0.003 -20"><span class='ocrx_word' id='word_1_34' title='bbox 269 619 532 674; x_wconf 74' lang='lat' dir='ltr'><strong>Parmrum</strong></span> <span class='ocrx_word' id='word_1_35' title='bbox 586 629 835 675; x_wconf 86' lang='lat' dir='ltr'><strong>nostrum</strong></span> <span class='ocrx_word' id='word_1_36' title='bbox 888 631 1112 692; x_wconf 80' lang='lat' dir='ltr'><strong>propter</strong></span> <span class='ocrx_word' id='word_1_37' title='bbox 1157 623 1258 677; x_wconf 88' lang='lat' dir='ltr'><strong>sibi</strong></span> <span class='ocrx_word' id='word_1_38' title='bbox 1301 631 1551 678; x_wconf 78' lang='lat' dir='ltr'><strong>navatam</strong></span> <span class='ocrx_word' id='word_1_39' title='bbox 1600 639 1820 694; x_wconf 88' lang='lat' dir='ltr'><strong>operam</strong></span> 
     </span>
    </p>
   </div>
   <div class='ocr_carea' id='block_1_6' title="bbox 271 710 1822 786">
    <p class='ocr_par' dir='ltr' id='par_1_6' title="bbox 271 710 1822 786">
     <span class='ocr_line' id='line_1_6' title="bbox 271 710 1822 786; baseline 0.003 -21"><span class='ocrx_word' id='word_1_40' title='bbox 271 710 557 766; x_wconf 91' lang='lat' dir='ltr'><strong>diademate</strong></span> <span class='ocrx_word' id='word_1_41' title='bbox 608 714 824 768; x_wconf 90' lang='lat' dir='ltr'><strong>ornavit</strong></span> <span class='ocrx_word' id='word_1_42' title='bbox 864 713 1017 784; x_wconf 79' lang='lat'><strong>(75);</strong></span> <span class='ocrx_word' id='word_1_43' title='bbox 1066 714 1180 784; x_wconf 85' lang='lat' dir='ltr'><strong>ipse</strong></span> <span class='ocrx_word' id='word_1_44' title='bbox 1238 722 1418 769; x_wconf 90' lang='lat' dir='ltr'><strong>autem</strong></span> <span class='ocrx_word' id='word_1_45' title='bbox 1476 715 1822 786; x_wconf 82' lang='lat' dir='ltr'><strong>Assyriorum</strong></span> 
     </span>
    </p>
   </div>
   <div class='ocr_carea' id='block_1_7' title="bbox 270 798 1823 874">
    <p class='ocr_par' dir='ltr' id='par_1_7' title="bbox 270 798 1823 874">
     <span class='ocr_line' id='line_1_7' title="bbox 270 798 1823 874; baseline 0.003 -22"><span class='ocrx_word' id='word_1_46' title='bbox 270 800 328 853; x_wconf 86' lang='lat' dir='ltr'><strong>ad</strong></span> <span class='ocrx_word' id='word_1_47' title='bbox 358 798 536 855; x_wconf 81' lang='lat' dir='ltr'><strong>Medos</strong></span> <span class='ocrx_word' id='word_1_48' title='bbox 582 802 863 857; x_wconf 91' lang='lat' dir='ltr'><strong>transtulit</strong></span> <span class='ocrx_word' id='word_1_49' title='bbox 908 801 1214 871; x_wconf 89' lang='lat' dir='ltr'><strong>imperium.</strong></span> <span class='ocrx_word' id='word_1_50' title='bbox 1271 801 1407 856; x_wconf 83' lang='lat' dir='ltr'><strong>Exin</strong></span> <span class='ocrx_word' id='word_1_51' title='bbox 1455 803 1823 874; x_wconf 76' lang='lat' dir='ltr'><strong>interregnum</strong></span> 
     </span>
    </p>
   </div>
   <div class='ocr_carea' id='block_1_8' title="bbox 269 894 1825 966">
    <p class='ocr_par' dir='ltr' id='par_1_8' title="bbox 269 894 1825 966">
     <span class='ocr_line' id='line_1_8' title="bbox 269 894 1825 966; baseline 0.002 -19"><span class='ocrx_word' id='word_1_52' title='bbox 269 900 371 947; x_wconf 90' lang='lat' dir='ltr'><strong>erat</strong></span> <span class='ocrx_word' id='word_1_53' title='bbox 398 909 568 962; x_wconf 91' lang='lat' dir='ltr'><strong>usque</strong></span> <span class='ocrx_word' id='word_1_54' title='bbox 600 895 666 948; x_wconf 91' lang='lat' dir='ltr'><strong>ad</strong></span> <span class='ocrx_word' id='word_1_55' title='bbox 695 894 970 951; x_wconf 85' lang='lat' dir='ltr'><strong>Medorum</strong></span> <span class='ocrx_word' id='word_1_56' title='bbox 998 910 1178 966; x_wconf 87' lang='lat' dir='ltr'><strong>regem</strong></span> <span class='ocrx_word' id='word_1_57' title='bbox 1205 895 1472 966; x_wconf 85' lang='lat' dir='ltr'><strong>Dejocem.</strong></span> <span class='ocrx_word' id='word_1_58' title='bbox 1501 894 1825 951; x_wconf 89' lang='lat' dir='ltr'><strong>Intermedio</strong></span> 
     </span>
    </p>
   </div>
   <div class='ocr_carea' id='block_1_9' title="bbox 270 985 1827 1058">
    <p class='ocr_par' dir='ltr' id='par_1_9' title="bbox 270 985 1827 1058">
     <span class='ocr_line' id='line_1_9' title="bbox 270 985 1827 1058; baseline 0.003 -21"><span class='ocrx_word' id='word_1_59' title='bbox 270 994 495 1054; x_wconf 87' lang='lat' dir='ltr'><strong>tempore</strong></span> <span class='ocrx_word' id='word_1_60' title='bbox 519 985 757 1041; x_wconf 69' lang='lat' dir='ltr'><strong>Chaldaei</strong></span> <span class='ocrx_word' id='word_1_61' title='bbox 798 1003 978 1042; x_wconf 89' lang='lat' dir='ltr'><strong>rerum</strong></span> <span class='ocrx_word' id='word_1_62' title='bbox 1015 989 1168 1058; x_wconf 85' lang='lat' dir='ltr'><strong>potiti</strong></span> <span class='ocrx_word' id='word_1_63' title='bbox 1209 997 1375 1054; x_wconf 89' lang='lat' dir='ltr'><strong>sunt;</strong></span> <span class='ocrx_word' id='word_1_64' title='bbox 1421 1005 1651 1058; x_wconf 87' lang='lat' dir='ltr'><strong>quorum</strong></span> <span class='ocrx_word' id='word_1_65' title='bbox 1690 998 1827 1043; x_wconf 84' lang='lat' dir='ltr'><strong>tem-</strong></span> 
     </span>
    </p>
   </div>
   <div class='ocr_carea' id='block_1_10' title="bbox 266 1078 1826 1150">
    <p class='ocr_par' dir='ltr' id='par_1_10' title="bbox 266 1078 1826 1150">
     <span class='ocr_line' id='line_1_10' title="bbox 266 1078 1826 1150; baseline 0.006 -22"><span class='ocrx_word' id='word_1_66' title='bbox 266 1091 385 1144; x_wconf 90' lang='lat' dir='ltr'><strong>pora</strong></span> <span class='ocrx_word' id='word_1_67' title='bbox 419 1083 472 1129; x_wconf 92' lang='lat' dir='ltr'><strong>et</strong></span> <span class='ocrx_word' id='word_1_68' title='bbox 498 1078 879 1132; x_wconf 87' lang='lat' dir='ltr'><strong>successiones</strong></span> <span class='ocrx_word' id='word_1_69' title='bbox 907 1093 1031 1132; x_wconf 91' lang='lat' dir='ltr'><strong>cum</strong></span> <span class='ocrx_word' id='word_1_70' title='bbox 1071 1080 1186 1134; x_wconf 84' lang='lat' dir='ltr'><strong>suis</strong></span> <span class='ocrx_word' id='word_1_71' title='bbox 1213 1080 1577 1149; x_wconf 83' lang='lat' dir='ltr'><strong>peculiaribus</strong></span> <span class='ocrx_word' id='word_1_72' title='bbox 1608 1081 1826 1150; x_wconf 79' lang='lat' dir='ltr'><strong>regibus</strong></span> 
     </span>
    </p>
   </div>
   <div class='ocr_carea' id='block_1_11' title="bbox 265 1165 848 1222">
    <p class='ocr_par' dir='ltr' id='par_1_11' title="bbox 265 1165 848 1222">
     <span class='ocr_line' id='line_1_11' title="bbox 265 1165 848 1222; baseline 0.003 -4"><span class='ocrx_word' id='word_1_73' title='bbox 265 1165 480 1218; x_wconf 87' lang='lat' dir='ltr'><strong>seorsim</strong></span> <span class='ocrx_word' id='word_1_74' title='bbox 515 1166 848 1222; x_wconf 89' lang='lat' dir='ltr'><strong>scribuntur.</strong></span> 
     </span>
    </p>
   </div>
   <div class='ocr_carea' id='block_1_12' title="bbox 325 1256 1630 1334">
    <p class='ocr_par' dir='ltr' id='par_1_12' title="bbox 325 1256 1630 1334">
     <span class='ocr_line' id='line_1_12' title="bbox 325 1256 1630 1334; baseline 0.005 -24"><span class='ocrx_word' id='word_1_75' title='bbox 325 1256 376 1310; x_wconf 71' lang='grc'><strong>4.</strong></span> <span class='ocrx_word' id='word_1_76' title='bbox 416 1256 516 1312; x_wconf 83' lang='lat' dir='ltr'><strong>Hic</strong></span> <span class='ocrx_word' id='word_1_77' title='bbox 540 1275 672 1328; x_wconf 91' lang='lat' dir='ltr'><strong>ergo</strong></span> <span class='ocrx_word' id='word_1_78' title='bbox 700 1258 1122 1332; x_wconf 76' lang='lat' dir='ltr'><strong>Babyloniorum</strong></span> <span class='ocrx_word' id='word_1_79' title='bbox 1150 1277 1306 1333; x_wconf 89' lang='lat' dir='ltr'><strong>reges</strong></span> <span class='ocrx_word' id='word_1_80' title='bbox 1340 1272 1630 1334; x_wconf 89' lang='lat' dir='ltr'><strong>ponantur.</strong></span> 
     </span>
    </p>
   </div>
   <div class='ocr_carea' id='block_1_13' title="bbox 324 1346 1829 1423">
    <p class='ocr_par' dir='ltr' id='par_1_13' title="bbox 324 1346 1829 1423">
     <span class='ocr_line' id='line_1_13' title="bbox 324 1346 1829 1423; baseline 0.004 -23"><span class='ocrx_word' id='word_1_81' title='bbox 324 1346 363 1401; x_wconf 95' lang='lat' dir='ltr'><strong>I.</strong></span> <span class='ocrx_word' id='word_1_82' title='bbox 403 1346 557 1402; x_wconf 88' lang='lat' dir='ltr'><strong>Pbua</strong></span> <span class='ocrx_word' id='word_1_83' title='bbox 606 1351 766 1406; x_wconf 89' lang='lat' dir='ltr'><strong>annis</strong></span> <span class='ocrx_word' id='word_1_84' title='bbox 817 1367 929 1406; x_wconf 81' lang='lat' dir='ltr'><strong>xvr.</strong></span> <span class='ocrx_word' id='word_1_85' title='bbox 977 1351 1151 1423; x_wconf 86' lang='lat' dir='ltr'><strong>Hujus</strong></span> <span class='ocrx_word' id='word_1_86' title='bbox 1199 1362 1356 1408; x_wconf 84' lang='lat' dir='ltr'><strong>sexto</strong></span> <span class='ocrx_word' id='word_1_87' title='bbox 1395 1353 1627 1408; x_wconf 83' lang='lat' dir='ltr'><strong>decimo</strong></span> <span class='ocrx_word' id='word_1_88' title='bbox 1687 1366 1829 1406; x_wconf 90' lang='lat' dir='ltr'><strong>anno</strong></span> 
     </span>
    </p>
   </div>
   <div class='ocr_carea' id='block_1_14' title="bbox 265 1442 1011 1513">
    <p class='ocr_par' dir='ltr' id='par_1_14' title="bbox 265 1442 1011 1513">
     <span class='ocr_line' id='line_1_14' title="bbox 265 1442 1011 1513; baseline 0.009 -22"><span class='ocrx_word' id='word_1_89' title='bbox 265 1442 431 1510; x_wconf 90' lang='lat' dir='ltr'><strong>prima</strong></span> <span class='ocrx_word' id='word_1_90' title='bbox 461 1442 726 1513; x_wconf 87' lang='lat' dir='ltr'><strong>olympias</strong></span> <span class='ocrx_word' id='word_1_91' title='bbox 761 1453 880 1498; x_wconf 91' lang='lat' dir='ltr'><strong>acta</strong></span> <span class='ocrx_word' id='word_1_92' title='bbox 906 1453 1011 1499; x_wconf 89' lang='lat' dir='ltr'><strong>est.</strong></span> 
     </span>
    </p>
   </div>
   <div class='ocr_carea' id='block_1_15' title="bbox 326 1529 1830 1604">
    <p class='ocr_par' dir='ltr' id='par_1_15' title="bbox 326 1529 1830 1604">
     <span class='ocr_line' id='line_1_15' title="bbox 326 1529 1830 1604; baseline 0.007 -20"><span class='ocrx_word' id='word_1_93' title='bbox 326 1529 386 1585; x_wconf 92' lang='lat' dir='ltr'><strong>II.</strong></span> <span class='ocrx_word' id='word_1_94' title='bbox 427 1531 947 1604; x_wconf 88' lang='lat' dir='ltr'><strong>Thaglatphalsarus</strong></span> <span class='ocrx_word' id='word_1_95' title='bbox 977 1536 1135 1593; x_wconf 89' lang='lat' dir='ltr'><strong>annis</strong></span> <span class='ocrx_word' id='word_1_96' title='bbox 1165 1554 1334 1593; x_wconf 86' lang='lat' dir='ltr'><strong>xxvn.</strong></span> <span class='ocrx_word' id='word_1_97' title='bbox 1363 1537 1413 1594; x_wconf 89' lang='lat' dir='ltr'><strong>Is</strong></span> <span class='ocrx_word' id='word_1_98' title='bbox 1438 1540 1598 1595; x_wconf 91' lang='lat' dir='ltr'><strong>tertio</strong></span> <span class='ocrx_word' id='word_1_99' title='bbox 1619 1539 1830 1595; x_wconf 86' lang='lat' dir='ltr'><strong>decimo</strong></span> 
     </span>
    </p>
   </div>
   <div class='ocr_carea' id='block_1_16' title="bbox 264 1625 1833 1700">
    <p class='ocr_par' dir='ltr' id='par_1_16' title="bbox 264 1625 1833 1700">
     <span class='ocr_line' id='line_1_16' title="bbox 264 1625 1833 1700; baseline 0.006 -24"><span class='ocrx_word' id='word_1_100' title='bbox 264 1637 399 1678; x_wconf 89' lang='lat' dir='ltr'><strong>anno</strong></span> <span class='ocrx_word' id='word_1_101' title='bbox 436 1640 757 1695; x_wconf 85' lang='lat' dir='ltr'><strong>progressus</strong></span> <span class='ocrx_word' id='word_1_102' title='bbox 796 1627 852 1681; x_wconf 90' lang='lat' dir='ltr'><strong>in</strong></span> <span class='ocrx_word' id='word_1_103' title='bbox 881 1625 1121 1682; x_wconf 86' lang='lat' dir='ltr'><strong>Judaeam</strong></span> <span class='ocrx_word' id='word_1_104' title='bbox 1143 1671 1158 1696; x_wconf 92' lang='lat'><strong>,</strong></span> <span class='ocrx_word' id='word_1_105' title='bbox 1187 1630 1454 1699; x_wconf 77' lang='lat' dir='ltr'><strong>potiorem</strong></span> <span class='ocrx_word' id='word_1_106' title='bbox 1487 1629 1606 1700; x_wconf 87' lang='lat' dir='ltr'><strong>ejus</strong></span> <span class='ocrx_word' id='word_1_107' title='bbox 1635 1630 1833 1686; x_wconf 89' lang='lat' dir='ltr'><strong>incola-</strong></span> 
     </span>
    </p>
   </div>
   <div class='ocr_carea' id='block_1_17' title="bbox 264 1717 1186 1786">
    <p class='ocr_par' dir='ltr' id='par_1_17' title="bbox 264 1717 1186 1786">
     <span class='ocr_line' id='line_1_17' title="bbox 264 1717 1186 1786; baseline 0.009 -20"><span class='ocrx_word' id='word_1_108' title='bbox 264 1729 375 1767; x_wconf 87' lang='lat' dir='ltr'><strong>rum</strong></span> <span class='ocrx_word' id='word_1_109' title='bbox 406 1721 616 1783; x_wconf 89' lang='lat' dir='ltr'><strong>partem</strong></span> <span class='ocrx_word' id='word_1_110' title='bbox 642 1717 911 1786; x_wconf 88' lang='lat' dir='ltr'><strong>captivam</strong></span> <span class='ocrx_word' id='word_1_111' title='bbox 941 1717 1186 1775; x_wconf 84' lang='lat' dir='ltr'><strong>abduxit.</strong></span> 
     </span>
    </p>
   </div>
   <div class='ocr_carea' id='block_1_18' title="bbox 1994 621 2762 676">
    <p class='ocr_par' dir='ltr' id='par_1_18' title="bbox 1994 621 2762 676">
     <span class='ocr_line' id='line_1_18' title="bbox 1994 621 2762 676; baseline -0.003 -1"><span class='ocrx_word' id='word_1_112' title='bbox 1994 621 2034 676; x_wconf 91' lang='lat' dir='ltr'><strong>I.</strong></span> <span class='ocrx_word' id='word_1_113' title='bbox 2080 621 2354 676; x_wconf 80' lang='lat' dir='ltr'><strong>Varbaces</strong></span> <span class='ocrx_word' id='word_1_114' title='bbox 2385 621 2542 675; x_wconf 89' lang='lat' dir='ltr'><strong>annis</strong></span> <span class='ocrx_word' id='word_1_115' title='bbox 2573 636 2762 674; x_wconf 80' lang='lat' dir='ltr'><strong>x-xvul.</strong></span> 
     </span>
    </p>
   </div>
   <div class='ocr_carea' id='block_1_19' title="bbox 1992 712 2744 768">
    <p class='ocr_par' dir='ltr' id='par_1_19' title="bbox 1992 712 2744 768">
     <span class='ocr_line' id='line_1_19' title="bbox 1992 712 2744 768; baseline -0.001 -1"><span class='ocrx_word' id='word_1_116' title='bbox 1992 712 2058 768; x_wconf 86' lang='lat' dir='ltr'><strong>II.</strong></span> <span class='ocrx_word' id='word_1_117' title='bbox 2102 712 2394 768; x_wconf 88' lang='lat' dir='ltr'><strong>Sosarmus</strong></span> <span class='ocrx_word' id='word_1_118' title='bbox 2423 713 2582 767; x_wconf 86' lang='lat' dir='ltr'><strong>armis</strong></span> <span class='ocrx_word' id='word_1_119' title='bbox 2616 728 2744 766; x_wconf 81' lang='lat' dir='ltr'><strong>xxx.</strong></span> 
     </span>
    </p>
   </div>
   <div class='ocr_carea' id='block_1_20' title="bbox 1998 801 2681 858">
    <p class='ocr_par' dir='ltr' id='par_1_20' title="bbox 1998 801 2681 858">
     <span class='ocr_line' id='line_1_20' title="bbox 1998 801 2681 858; baseline -0.001 -2"><span class='ocrx_word' id='word_1_120' title='bbox 1998 802 2084 858; x_wconf 93' lang='lat' dir='ltr'><strong>Ill.</strong></span> <span class='ocrx_word' id='word_1_121' title='bbox 2125 801 2384 856; x_wconf 82' lang='lat' dir='ltr'><strong>Mamicar</strong></span> <span class='ocrx_word' id='word_1_122' title='bbox 2411 802 2570 857; x_wconf 89' lang='lat' dir='ltr'><strong>annis</strong></span> <span class='ocrx_word' id='word_1_123' title='bbox 2596 818 2681 856; x_wconf 74' lang='lat' dir='ltr'><strong>XL.</strong></span> 
     </span>
    </p>
   </div>
   <div class='ocr_carea' id='block_1_21' title="bbox 1996 895 2754 952">
    <p class='ocr_par' dir='ltr' id='par_1_21' title="bbox 1996 895 2754 952">
     <span class='ocr_line' id='line_1_21' title="bbox 1996 895 2754 952; baseline -0.001 -3"><span class='ocrx_word' id='word_1_124' title='bbox 1996 895 2085 952; x_wconf 85' lang='lat' dir='ltr'><strong>IV.</strong></span> <span class='ocrx_word' id='word_1_125' title='bbox 2125 895 2420 950; x_wconf 84' lang='lat' dir='ltr'><strong>Cardiceus</strong></span> <span class='ocrx_word' id='word_1_126' title='bbox 2447 895 2604 949; x_wconf 91' lang='lat' dir='ltr'><strong>annis</strong></span> <span class='ocrx_word' id='word_1_127' title='bbox 2633 911 2754 949; x_wconf 81' lang='lat' dir='ltr'><strong>xm.</strong></span> 
     </span>
    </p>
   </div>
   <div class='ocr_carea' id='block_1_22' title="bbox 1995 984 3386 1056">
    <p class='ocr_par' dir='ltr' id='par_1_22' title="bbox 1995 984 3386 1056">
     <span class='ocr_line' id='line_1_22' title="bbox 1995 984 3386 1056; baseline 0.002 -15"><span class='ocrx_word' id='word_1_128' title='bbox 1995 986 2059 1042; x_wconf 87' lang='lat' dir='ltr'><strong>V.</strong></span> <span class='ocrx_word' id='word_1_129' title='bbox 2101 987 2330 1056; x_wconf 88' lang='lat' dir='ltr'><strong>Dejoces</strong></span> <span class='ocrx_word' id='word_1_130' title='bbox 2363 988 2520 1042; x_wconf 91' lang='lat' dir='ltr'><strong>annis</strong></span> <span class='ocrx_word' id='word_1_131' title='bbox 2558 1003 2664 1040; x_wconf 83' lang='lat' dir='ltr'><strong>Lrv.</strong></span> <span class='ocrx_word' id='word_1_132' title='bbox 2700 985 2797 1040; x_wconf 81' lang='lat' dir='ltr'><strong>Hie</strong></span> <span class='ocrx_word' id='word_1_133' title='bbox 2827 984 3099 1040; x_wconf 88' lang='lat' dir='ltr'><strong>Ecbatana</strong></span> <span class='ocrx_word' id='word_1_134' title='bbox 3124 984 3386 1044; x_wconf 78' lang='lat' dir='ltr'><strong>condidit.</strong></span> 
     </span>
    </p>
   </div>
   <div class='ocr_carea' id='block_1_23' title="bbox 1999 1075 2784 1132">
    <p class='ocr_par' dir='ltr' id='par_1_23' title="bbox 1999 1075 2784 1132">
     <span class='ocr_line' id='line_1_23' title="bbox 1999 1075 2784 1132; baseline -0.006 -1"><span class='ocrx_word' id='word_1_135' title='bbox 1999 1076 2086 1132; x_wconf 84' lang='lat' dir='ltr'><strong>VI.</strong></span> <span class='ocrx_word' id='word_1_136' title='bbox 2129 1076 2422 1132; x_wconf 90' lang='lat' dir='ltr'><strong>Phraortes</strong></span> <span class='ocrx_word' id='word_1_137' title='bbox 2447 1075 2606 1129; x_wconf 91' lang='lat' dir='ltr'><strong>annis</strong></span> <span class='ocrx_word' id='word_1_138' title='bbox 2635 1091 2784 1128; x_wconf 78' lang='lat' dir='ltr'><strong>xxiv.</strong></span> 
     </span>
    </p>
   </div>
   <div class='ocr_carea' id='block_1_24' title="bbox 2000 1169 2814 1240">
    <p class='ocr_par' dir='ltr' id='par_1_24' title="bbox 2000 1169 2814 1240">
     <span class='ocr_line' id='line_1_24' title="bbox 2000 1169 2814 1240; baseline -0.004 -16"><span class='ocrx_word' id='word_1_139' title='bbox 2000 1169 2110 1224; x_wconf 86' lang='lat' dir='ltr'><strong>VII.</strong></span> <span class='ocrx_word' id='word_1_140' title='bbox 2149 1170 2422 1240; x_wconf 82' lang='lat' dir='ltr'><strong>Cyaxares</strong></span> <span class='ocrx_word' id='word_1_141' title='bbox 2455 1169 2615 1223; x_wconf 89' lang='lat' dir='ltr'><strong>annis</strong></span> <span class='ocrx_word' id='word_1_142' title='bbox 2645 1183 2814 1221; x_wconf 80' lang='lat' dir='ltr'><strong>xxx&quot;.</strong></span> 
     </span>
    </p>
   </div>
   <div class='ocr_carea' id='block_1_25' title="bbox 1999 1258 2933 1330">
    <p class='ocr_par' dir='ltr' id='par_1_25' title="bbox 1999 1258 2933 1330">
     <span class='ocr_line' id='line_1_25' title="bbox 1999 1258 2933 1330; baseline -0.003 -16"><span class='ocrx_word' id='word_1_143' title='bbox 1999 1259 2135 1316; x_wconf 83' lang='lat' dir='ltr'><strong>VIII.</strong></span> <span class='ocrx_word' id='word_1_144' title='bbox 2177 1259 2492 1330; x_wconf 89' lang='lat' dir='ltr'><strong>Asdahages</strong></span> <span class='ocrx_word' id='word_1_145' title='bbox 2518 1258 2676 1312; x_wconf 87' lang='lat' dir='ltr'><strong>annis</strong></span> <span class='ocrx_word' id='word_1_146' title='bbox 2704 1273 2933 1312; x_wconf 73' lang='lat' dir='ltr'><strong>xxxviii.</strong></span> 
     </span>
    </p>
   </div>
   <div class='ocr_carea' id='block_1_26' title="bbox 1999 1343 3496 1421">
    <p class='ocr_par' dir='ltr' id='par_1_26' title="bbox 1999 1343 3496 1421">
     <span class='ocr_line' id='line_1_26' title="bbox 1999 1343 3496 1421; baseline -0.004 -15"><span class='ocrx_word' id='word_1_147' title='bbox 1999 1352 2156 1408; x_wconf 84' lang='lat' dir='ltr'><strong>Hunc</strong></span> <span class='ocrx_word' id='word_1_148' title='bbox 2182 1350 2454 1407; x_wconf 82' lang='lat' dir='ltr'><strong>interfecit</strong></span> <span class='ocrx_word' id='word_1_149' title='bbox 2475 1349 2738 1421; x_wconf 83' lang='lat' dir='ltr'><strong>Tigranes</strong></span> <span class='ocrx_word' id='word_1_150' title='bbox 2759 1349 3030 1404; x_wconf 85' lang='lat' dir='ltr'><strong>Haicanus</strong></span> <span class='ocrx_word' id='word_1_151' title='bbox 3059 1347 3169 1419; x_wconf 80' lang='lat'><strong>(77)</strong></span> <span class='ocrx_word' id='word_1_152' title='bbox 3193 1345 3333 1418; x_wconf 89' lang='lat' dir='ltr'><strong>Cyro</strong></span> <span class='ocrx_word' id='word_1_153' title='bbox 3365 1343 3496 1400; x_wconf 78' lang='lat' dir='ltr'><strong>Per-</strong></span> 
     </span>
    </p>
   </div>
   <div class='ocr_carea' id='block_1_27' title="bbox 1934 1438 3496 1514">
    <p class='ocr_par' dir='ltr' id='par_1_27' title="bbox 1934 1438 3496 1514">
     <span class='ocr_line' id='line_1_27' title="bbox 1934 1438 3496 1514; baseline -0.005 -13"><span class='ocrx_word' id='word_1_154' title='bbox 1934 1461 2007 1501; x_wconf 69' lang='lat' dir='ltr'><strong>sa:</strong></span> <span class='ocrx_word' id='word_1_155' title='bbox 2028 1444 2231 1500; x_wconf 71' lang='lat' dir='ltr'><strong>foedere</strong></span> <span class='ocrx_word' id='word_1_156' title='bbox 2259 1445 2504 1514; x_wconf 85' lang='lat' dir='ltr'><strong>junctus.</strong></span> <span class='ocrx_word' id='word_1_157' title='bbox 2523 1441 2844 1512; x_wconf 86' lang='lat' dir='ltr'><strong>Quanquam</strong></span> <span class='ocrx_word' id='word_1_158' title='bbox 2870 1440 3137 1496; x_wconf 88' lang='lat' dir='ltr'><strong>Eusebius</strong></span> <span class='ocrx_word' id='word_1_159' title='bbox 3158 1438 3266 1512; x_wconf 89' lang='grc'>(78)</span> <span class='ocrx_word' id='word_1_160' title='bbox 3298 1439 3496 1510; x_wconf 81' lang='lat' dir='ltr'><strong>aliique</strong></span> 
     </span>
    </p>
   </div>
   <div class='ocr_carea' id='block_1_28' title="bbox 1933 1531 3494 1607">
    <p class='ocr_par' dir='ltr' id='par_1_28' title="bbox 1933 1531 3494 1607">
     <span class='ocr_line' id='line_1_28' title="bbox 1933 1531 3494 1607; baseline -0.005 -15"><span class='ocrx_word' id='word_1_161' title='bbox 1933 1537 2182 1594; x_wconf 84' lang='lat' dir='ltr'><strong>historici</strong></span> <span class='ocrx_word' id='word_1_162' title='bbox 2211 1536 2479 1606; x_wconf 88' lang='lat' dir='ltr'><strong>dejectum</strong></span> <span class='ocrx_word' id='word_1_163' title='bbox 2507 1533 2847 1607; x_wconf 89' lang='lat' dir='ltr'><strong>Asdabagem</strong></span> <span class='ocrx_word' id='word_1_164' title='bbox 2878 1534 2944 1588; x_wconf 91' lang='lat' dir='ltr'><strong>ab</strong></span> <span class='ocrx_word' id='word_1_165' title='bbox 2965 1547 3073 1587; x_wconf 92' lang='lat' dir='ltr'><strong>uno</strong></span> <span class='ocrx_word' id='word_1_166' title='bbox 3091 1532 3234 1604; x_wconf 85' lang='lat' dir='ltr'><strong>Cyro</strong></span> <span class='ocrx_word' id='word_1_167' title='bbox 3259 1531 3436 1596; x_wconf 89' lang='lat' dir='ltr'><strong>aiunt,</strong></span> <span class='ocrx_word' id='word_1_168' title='bbox 3465 1547 3494 1584; x_wconf 88' lang='lat' dir='ltr'><strong>a</strong></span> 
     </span>
    </p>
   </div>
   <div class='ocr_carea' id='block_1_29' title="bbox 1933 1627 3499 1700">
    <p class='ocr_par' dir='ltr' id='par_1_29' title="bbox 1933 1627 3499 1700">
     <span class='ocr_line' id='line_1_29' title="bbox 1933 1627 3499 1700; baseline -0.003 -17"><span class='ocrx_word' id='word_1_169' title='bbox 1933 1645 2040 1700; x_wconf 90' lang='lat' dir='ltr'><strong>quo</strong></span> <span class='ocrx_word' id='word_1_170' title='bbox 2065 1627 2340 1683; x_wconf 81' lang='lat' dir='ltr'><strong>Medorum</strong></span> <span class='ocrx_word' id='word_1_171' title='bbox 2374 1643 2590 1698; x_wconf 90' lang='lat' dir='ltr'><strong>quoque</strong></span> <span class='ocrx_word' id='word_1_172' title='bbox 2620 1642 2844 1697; x_wconf 82' lang='lat' dir='ltr'><strong>regnum</strong></span> <span class='ocrx_word' id='word_1_173' title='bbox 2868 1627 3140 1682; x_wconf 87' lang='lat' dir='ltr'><strong>sublatum</strong></span> <span class='ocrx_word' id='word_1_174' title='bbox 3164 1633 3280 1682; x_wconf 71' lang='lat' dir='ltr'><strong>est:</strong></span> <span class='ocrx_word' id='word_1_175' title='bbox 3304 1627 3499 1681; x_wconf 82' lang='lat' dir='ltr'><strong>nihilo-</strong></span> 
     </span>
    </p>
   </div>
   <div class='ocr_carea' id='block_1_30' title="bbox 1934 1716 3498 1789">
    <p class='ocr_par' dir='ltr' id='par_1_30' title="bbox 1934 1716 3498 1789">
     <span class='ocr_line' id='line_1_30' title="bbox 1934 1716 3498 1789; baseline -0.004 -13"><span class='ocrx_word' id='word_1_176' title='bbox 1934 1722 2115 1776; x_wconf 88' lang='lat' dir='ltr'><strong>minus</strong></span> <span class='ocrx_word' id='word_1_177' title='bbox 2137 1719 2315 1775; x_wconf 86' lang='lat' dir='ltr'><strong>Moses</strong></span> <span class='ocrx_word' id='word_1_178' title='bbox 2330 1719 2440 1789; x_wconf 83' lang='lat'><strong>(79)</strong></span> <span class='ocrx_word' id='word_1_179' title='bbox 2463 1717 2662 1774; x_wconf 66' lang='lat' dir='ltr'><strong>caedem</strong></span> <span class='ocrx_word' id='word_1_180' title='bbox 2688 1717 2989 1789; x_wconf 86' lang='lat' dir='ltr'><strong>Asdahagis</strong></span> <span class='ocrx_word' id='word_1_181' title='bbox 3012 1734 3042 1772; x_wconf 89' lang='lat' dir='ltr'><strong>a</strong></span> <span class='ocrx_word' id='word_1_182' title='bbox 3060 1716 3292 1788; x_wconf 80' lang='lat' dir='ltr'><strong>Tigrane</strong></span> <span class='ocrx_word' id='word_1_183' title='bbox 3313 1726 3498 1789; x_wconf 83' lang='lat' dir='ltr'><strong>patra-</strong></span> 
     </span>
    </p>
   </div>
   <div class='ocr_carea' id='block_1_31' title="bbox 325 1802 3497 1893">
    <p class='ocr_par' dir='ltr' id='par_1_31' title="bbox 325 1802 3497 1893">
     <span class='ocr_line' id='line_1_31' title="bbox 325 1802 3497 1893; baseline 0.002 -36"><span class='ocrx_word' id='word_1_184' title='bbox 325 1802 414 1859; x_wconf 91' lang='lat' dir='ltr'><strong>III.</strong></span> <span class='ocrx_word' id='word_1_185' title='bbox 461 1805 880 1865; x_wconf 87' lang='lat' dir='ltr'><strong>Salmanasarus</strong></span> <span class='ocrx_word' id='word_1_186' title='bbox 915 1809 1153 1882; x_wconf 84' lang='lat' dir='ltr'><strong>Assyriis</strong></span> <span class='ocrx_word' id='word_1_187' title='bbox 1202 1812 1473 1880; x_wconf 80' lang='lat' dir='ltr'><strong>imperavit</strong></span> <span class='ocrx_word' id='word_1_188' title='bbox 1511 1812 1670 1867; x_wconf 92' lang='lat' dir='ltr'><strong>annis</strong></span> <span class='ocrx_word' id='word_1_189' title='bbox 1709 1828 1821 1868; x_wconf 83' lang='lat' dir='ltr'><strong>xvr.</strong></span> <span class='ocrx_word' id='word_1_190' title='bbox 1855 1837 1899 1893; x_wconf 75' lang='grc' dir='ltr'><strong>Β</strong></span> <span class='ocrx_word' id='word_1_191' title='bbox 1926 1820 2035 1867; x_wconf 89' lang='lat' dir='ltr'><strong>tam</strong></span> <span class='ocrx_word' id='word_1_192' title='bbox 2062 1812 2247 1868; x_wconf 83' lang='lat' dir='ltr'><strong>refert.</strong></span> <span class='ocrx_word' id='word_1_193' title='bbox 2301 1809 2356 1865; x_wconf 94' lang='lat' dir='ltr'><strong>Id</strong></span> <span class='ocrx_word' id='word_1_194' title='bbox 2413 1819 2593 1864; x_wconf 89' lang='lat' dir='ltr'><strong>autem</strong></span> <span class='ocrx_word' id='word_1_195' title='bbox 2651 1810 2947 1864; x_wconf 86' lang='lat' dir='ltr'><strong>verisimile</strong></span> <span class='ocrx_word' id='word_1_196' title='bbox 3004 1810 3184 1864; x_wconf 84' lang='lat' dir='ltr'><strong>evadit</strong></span> <span class='ocrx_word' id='word_1_197' title='bbox 3224 1809 3296 1864; x_wconf 89' lang='lat' dir='ltr'><strong>ob</strong></span> <span class='ocrx_word' id='word_1_198' title='bbox 3342 1810 3497 1879; x_wconf 85' lang='lat' dir='ltr'><strong>plura</strong></span> 
     </span>
    </p>
   </div>
   <div class='ocr_carea' id='block_1_32' title="bbox 264 1898 1825 1975">
    <p class='ocr_par' dir='ltr' id='par_1_32' title="bbox 264 1898 1825 1975">
     <span class='ocr_line' id='line_1_32' title="bbox 264 1898 1825 1975; baseline 0.006 -24"><span class='ocrx_word' id='word_1_199' title='bbox 264 1898 308 1952; x_wconf 91' lang='lat' dir='ltr'><strong>Is</strong></span> <span class='ocrx_word' id='word_1_200' title='bbox 335 1899 462 1952; x_wconf 90' lang='lat' dir='ltr'><strong>item</strong></span> <span class='ocrx_word' id='word_1_201' title='bbox 509 1899 671 1954; x_wconf 90' lang='lat' dir='ltr'><strong>tertio</strong></span> <span class='ocrx_word' id='word_1_202' title='bbox 718 1901 870 1970; x_wconf 89' lang='lat' dir='ltr'><strong>regni</strong></span> <span class='ocrx_word' id='word_1_203' title='bbox 915 1901 1001 1956; x_wconf 89' lang='lat' dir='ltr'><strong>sui</strong></span> <span class='ocrx_word' id='word_1_204' title='bbox 1048 1917 1212 1970; x_wconf 90' lang='lat' dir='ltr'><strong>anno,</strong></span> <span class='ocrx_word' id='word_1_205' title='bbox 1259 1911 1450 1958; x_wconf 88' lang='lat' dir='ltr'><strong>octava</strong></span> <span class='ocrx_word' id='word_1_206' title='bbox 1497 1904 1825 1975; x_wconf 81' lang='lat' dir='ltr'><strong>Olympiade,</strong></span> 
     </span>
    </p>
   </div>
   <div class='ocr_carea' id='block_1_33' title="bbox 263 1986 1831 2064">
    <p class='ocr_par' dir='ltr' id='par_1_33' title="bbox 263 1986 1831 2064">
     <span class='ocr_line' id='line_1_33' title="bbox 263 1986 1831 2064; baseline 0.005 -24"><span class='ocrx_word' id='word_1_207' title='bbox 263 1986 442 2042; x_wconf 91' lang='lat' dir='ltr'><strong>decem</strong></span> <span class='ocrx_word' id='word_1_208' title='bbox 477 1989 729 2046; x_wconf 87' lang='lat' dir='ltr'><strong>tribubus</strong></span> <span class='ocrx_word' id='word_1_209' title='bbox 750 1991 802 2046; x_wconf 92' lang='lat' dir='ltr'><strong>in</strong></span> <span class='ocrx_word' id='word_1_210' title='bbox 829 1991 1195 2063; x_wconf 89' lang='lat' dir='ltr'><strong>captivitatem</strong></span> <span class='ocrx_word' id='word_1_211' title='bbox 1225 1993 1544 2064; x_wconf 61' lang='lat' dir='ltr'><strong>deportatis,</strong></span> <span class='ocrx_word' id='word_1_212' title='bbox 1572 1994 1831 2048; x_wconf 84' lang='lat' dir='ltr'><strong>Samariae</strong></span> 
     </span>
    </p>
   </div>
   <div class='ocr_carea' id='block_1_34' title="bbox 263 2080 727 2149">
    <p class='ocr_par' dir='ltr' id='par_1_34' title="bbox 263 2080 727 2149">
     <span class='ocr_line' id='line_1_34' title="bbox 263 2080 727 2149; baseline 0.004 -15"><span class='ocrx_word' id='word_1_213' title='bbox 263 2095 482 2149; x_wconf 79' lang='lat' dir='ltr'><strong>regnum</strong></span> <span class='ocrx_word' id='word_1_214' title='bbox 513 2080 727 2136; x_wconf 85' lang='lat' dir='ltr'><strong>delevit.</strong></span> 
     </span>
    </p>
   </div>
   <div class='ocr_carea' id='block_1_35' title="bbox 324 2171 1827 2249">
    <p class='ocr_par' dir='ltr' id='par_1_35' title="bbox 324 2171 1827 2249">
     <span class='ocr_line' id='line_1_35' title="bbox 324 2171 1827 2249; baseline 0.005 -25"><span class='ocrx_word' id='word_1_215' title='bbox 324 2171 414 2226; x_wconf 88' lang='lat' dir='ltr'><strong>IV.</strong></span> <span class='ocrx_word' id='word_1_216' title='bbox 459 2173 879 2232; x_wconf 88' lang='lat' dir='ltr'><strong>Senecherimus</strong></span> <span class='ocrx_word' id='word_1_217' title='bbox 907 2176 1146 2249; x_wconf 84' lang='lat' dir='ltr'><strong>Assyriis</strong></span> <span class='ocrx_word' id='word_1_218' title='bbox 1181 2178 1456 2246; x_wconf 79' lang='lat' dir='ltr'><strong>imperavit</strong></span> <span class='ocrx_word' id='word_1_219' title='bbox 1487 2177 1646 2233; x_wconf 89' lang='lat' dir='ltr'><strong>annis</strong></span> <span class='ocrx_word' id='word_1_220' title='bbox 1673 2193 1827 2232; x_wconf 82' lang='lat' dir='ltr'><strong>xvm.</strong></span> 
     </span>
    </p>
   </div>
   <div class='ocr_carea' id='block_1_36' title="bbox 262 2263 1827 2339">
    <p class='ocr_par' dir='ltr' id='par_1_36' title="bbox 262 2263 1827 2339">
     <span class='ocr_line' id='line_1_36' title="bbox 262 2263 1827 2339; baseline 0.002 -22"><span class='ocrx_word' id='word_1_221' title='bbox 262 2264 309 2318; x_wconf 89' lang='lat' dir='ltr'><strong>Is</strong></span> <span class='ocrx_word' id='word_1_222' title='bbox 361 2263 625 2322; x_wconf 89' lang='lat' dir='ltr'><strong>adversus</strong></span> <span class='ocrx_word' id='word_1_223' title='bbox 683 2265 1056 2339; x_wconf 80' lang='lat' dir='ltr'><strong>Hierosolyma</strong></span> <span class='ocrx_word' id='word_1_224' title='bbox 1112 2269 1515 2339; x_wconf 72' lang='lat' dir='ltr'><strong>expeditionem</strong></span> <span class='ocrx_word' id='word_1_225' title='bbox 1568 2267 1827 2337; x_wconf 89' lang='lat' dir='ltr'><strong>suscepit,</strong></span> 
     </span>
    </p>
   </div>
   <div class='ocr_carea' id='block_1_37' title="bbox 261 2353 1834 2426">
    <p class='ocr_par' dir='ltr' id='par_1_37' title="bbox 261 2353 1834 2426">
     <span class='ocr_line' id='line_1_37' title="bbox 261 2353 1834 2426; baseline 0.003 -18"><span class='ocrx_word' id='word_1_226' title='bbox 261 2353 562 2426; x_wconf 65' lang='lat' dir='ltr'><strong>Juquue</strong></span> <span class='ocrx_word' id='word_1_227' title='bbox 592 2358 753 2413; x_wconf 90' lang='lat' dir='ltr'><strong>urbes</strong></span> <span class='ocrx_word' id='word_1_228' title='bbox 783 2359 1016 2414; x_wconf 88' lang='lat' dir='ltr'><strong>obsedit.</strong></span> <span class='ocrx_word' id='word_1_229' title='bbox 1048 2359 1132 2414; x_wconf 91' lang='lat' dir='ltr'><strong>Ab</strong></span> <span class='ocrx_word' id='word_1_230' title='bbox 1171 2360 1276 2414; x_wconf 91' lang='lat' dir='ltr'><strong>hoc</strong></span> <span class='ocrx_word' id='word_1_231' title='bbox 1307 2359 1372 2413; x_wconf 90' lang='lat' dir='ltr'><strong>ad</strong></span> <span class='ocrx_word' id='word_1_232' title='bbox 1402 2357 1834 2413; x_wconf 84' lang='lat' dir='ltr'><strong>Nabuchodono-</strong></span> 
     </span>
    </p>
   </div>
   <div class='ocr_carea' id='block_1_38' title="bbox 264 2449 1834 2509">
    <p class='ocr_par' dir='ltr' id='par_1_38' title="bbox 264 2449 1834 2509">
     <span class='ocr_line' id='line_1_38' title="bbox 264 2449 1834 2509; baseline 0.004 -8"><span class='ocrx_word' id='word_1_233' title='bbox 264 2464 444 2509; x_wconf 84' lang='lat' dir='ltr'><strong>sorum</strong></span> <span class='ocrx_word' id='word_1_234' title='bbox 523 2449 770 2506; x_wconf 83' lang='lat' dir='ltr'><strong>historici</strong></span> <span class='ocrx_word' id='word_1_235' title='bbox 843 2451 1218 2508; x_wconf 68' lang='lat' dir='ltr'><strong>Chaldaeorum</strong></span> <span class='ocrx_word' id='word_1_236' title='bbox 1293 2468 1467 2508; x_wconf 90' lang='lat' dir='ltr'><strong>annos</strong></span> <span class='ocrx_word' id='word_1_237' title='bbox 1544 2463 1834 2508; x_wconf 89' lang='lat' dir='ltr'><strong>numerant</strong></span> 
     </span>
    </p>
   </div>
   <div class='ocr_carea' id='block_1_39' title="bbox 263 2541 1832 2616">
    <p class='ocr_par' dir='ltr' id='par_1_39' title="bbox 263 2541 1832 2616">
     <span class='ocr_line' id='line_1_39' title="bbox 263 2541 1832 2616; baseline 0.005 -22"><span class='ocrx_word' id='word_1_238' title='bbox 263 2556 497 2596; x_wconf 76' lang='lat' dir='ltr'><strong>Lxxxvnr</strong></span> <span class='ocrx_word' id='word_1_239' title='bbox 549 2543 684 2613; x_wconf 67' lang='grc'>(74).</span> <span class='ocrx_word' id='word_1_240' title='bbox 737 2541 894 2615; x_wconf 85' lang='lat' dir='ltr'><strong>Apud</strong></span> <span class='ocrx_word' id='word_1_241' title='bbox 944 2547 1164 2601; x_wconf 90' lang='lat' dir='ltr'><strong>eosdem</strong></span> <span class='ocrx_word' id='word_1_242' title='bbox 1211 2556 1333 2616; x_wconf 91' lang='lat' dir='ltr'><strong>post</strong></span> <span class='ocrx_word' id='word_1_243' title='bbox 1387 2543 1832 2602; x_wconf 86' lang='lat' dir='ltr'><strong>Senecherimum</strong></span> 
     </span>
    </p>
   </div>
   <div class='ocr_carea' id='block_1_40' title="bbox 262 2636 518 2698">
    <p class='ocr_par' dir='ltr' id='par_1_40' title="bbox 262 2636 518 2698">
     <span class='ocr_line' id='line_1_40' title="bbox 262 2636 518 2698; baseline 0.016 -11"><span class='ocrx_word' id='word_1_244' title='bbox 262 2636 518 2698; x_wconf 76' lang='lat' dir='ltr'><strong>scribitur</strong></span> 
     </span>
    </p>
   </div>
   <div class='ocr_carea' id='block_1_41' title="bbox 331 2727 1410 2802">
    <p class='ocr_par' dir='ltr' id='par_1_41' title="bbox 331 2727 1410 2802">
     <span class='ocr_line' id='line_1_41' title="bbox 331 2727 1410 2802; baseline 0.008 -21"><span class='ocrx_word' id='word_1_245' title='bbox 331 2727 392 2782; x_wconf 71' lang='grc' dir='ltr'><strong>γ.</strong></span> <span class='ocrx_word' id='word_1_246' title='bbox 433 2728 745 2786; x_wconf 88' lang='lat' dir='ltr'><strong>Asordanes</strong></span> <span class='ocrx_word' id='word_1_247' title='bbox 775 2730 919 2788; x_wconf 85' lang='lat' dir='ltr'><strong>ﬁlius</strong></span> <span class='ocrx_word' id='word_1_248' title='bbox 952 2731 1069 2802; x_wconf 90' lang='lat' dir='ltr'><strong>ejus</strong></span> <span class='ocrx_word' id='word_1_249' title='bbox 1101 2734 1260 2788; x_wconf 91' lang='lat' dir='ltr'><strong>annis</strong></span> <span class='ocrx_word' id='word_1_250' title='bbox 1292 2750 1410 2790; x_wconf 80' lang='lat' dir='ltr'><strong>vur.</strong></span> 
     </span>
    </p>
   </div>
   <div class='ocr_carea' id='block_1_42' title="bbox 331 2818 1135 2894">
    <p class='ocr_par' dir='ltr' id='par_1_42' title="bbox 331 2818 1135 2894">
     <span class='ocr_line' id='line_1_42' title="bbox 331 2818 1135 2894; baseline 0.004 -20"><span class='ocrx_word' id='word_1_251' title='bbox 331 2818 417 2876; x_wconf 81' lang='lat' dir='ltr'><strong>VI.</strong></span> <span class='ocrx_word' id='word_1_252' title='bbox 457 2821 664 2876; x_wconf 87' lang='lat' dir='ltr'><strong>Asodes</strong></span> <span class='ocrx_word' id='word_1_253' title='bbox 697 2821 812 2894; x_wconf 84' lang='grc'>(75)</span> <span class='ocrx_word' id='word_1_254' title='bbox 839 2825 996 2878; x_wconf 90' lang='lat' dir='ltr'><strong>annis</strong></span> <span class='ocrx_word' id='word_1_255' title='bbox 1023 2840 1135 2891; x_wconf 61' lang='grc' dir='ltr'>ιιι,</span> 
     </span>
    </p>
   </div>
   <div class='ocr_carea' id='block_1_43' title="bbox 332 2909 1146 2984">
    <p class='ocr_par' dir='ltr' id='par_1_43' title="bbox 332 2909 1146 2984">
     <span class='ocr_line' id='line_1_43' title="bbox 332 2909 1146 2984; baseline 0.006 -20"><span class='ocrx_word' id='word_1_256' title='bbox 332 2909 442 2966; x_wconf 74' lang='lat' dir='ltr'><strong>\‘Il.</strong></span> <span class='ocrx_word' id='word_1_257' title='bbox 486 2910 674 2966; x_wconf 86' lang='lat' dir='ltr'><strong>Frater</strong></span> <span class='ocrx_word' id='word_1_258' title='bbox 704 2913 820 2984; x_wconf 90' lang='lat' dir='ltr'><strong>ejus</strong></span> <span class='ocrx_word' id='word_1_259' title='bbox 844 2914 1004 2970; x_wconf 86' lang='lat' dir='ltr'><strong>annis</strong></span> <span class='ocrx_word' id='word_1_260' title='bbox 1033 2931 1146 2969; x_wconf 72' lang='lat' dir='ltr'><strong>XXI.</strong></span> 
     </span>
    </p>
   </div>
   <div class='ocr_carea' id='block_1_44' title="bbox 333 3002 1216 3075">
    <p class='ocr_par' dir='ltr' id='par_1_44' title="bbox 333 3002 1216 3075">
     <span class='ocr_line' id='line_1_44' title="bbox 333 3002 1216 3075; baseline 0.009 -19"><span class='ocrx_word' id='word_1_261' title='bbox 333 3002 464 3057; x_wconf 77' lang='lat' dir='ltr'><strong>VIII.</strong></span> <span class='ocrx_word' id='word_1_262' title='bbox 507 3003 919 3075; x_wconf 83' lang='lat' dir='ltr'><strong>Nabupalsarus</strong></span> <span class='ocrx_word' id='word_1_263' title='bbox 955 3007 1114 3062; x_wconf 87' lang='lat' dir='ltr'><strong>annis</strong></span> <span class='ocrx_word' id='word_1_264' title='bbox 1143 3023 1216 3064; x_wconf 78' lang='lat' dir='ltr'><strong>xi.</strong></span> 
     </span>
    </p>
   </div>
   <div class='ocr_carea' id='block_1_45' title="bbox 328 3096 1398 3163">
    <p class='ocr_par' dir='ltr' id='par_1_45' title="bbox 328 3096 1398 3163">
     <span class='ocr_line' id='line_1_45' title="bbox 328 3096 1398 3163; baseline 0.003 -11"><span class='ocrx_word' id='word_1_265' title='bbox 328 3096 418 3152; x_wconf 74' lang='lat' dir='ltr'><strong>I&#39;X.</strong></span> <span class='ocrx_word' id='word_1_266' title='bbox 459 3097 825 3163; x_wconf 85' lang='lat' dir='ltr'><strong>Marudachus</strong></span> <span class='ocrx_word' id='word_1_267' title='bbox 855 3097 1123 3162; x_wconf 87' lang='lat' dir='ltr'><strong>Baldanes</strong></span> <span class='ocrx_word' id='word_1_268' title='bbox 1155 3101 1315 3158; x_wconf 91' lang='lat' dir='ltr'><strong>annis</strong></span> <span class='ocrx_word' id='word_1_269' title='bbox 1345 3119 1398 3158; x_wconf 73' lang='grc' dir='ltr'><strong>χ.</strong></span> 
     </span>
    </p>
   </div>
   <div class='ocr_carea' id='block_1_46' title="bbox 327 3186 1902 3256">
    <p class='ocr_par' dir='ltr' id='par_1_46' title="bbox 327 3186 1902 3256">
     <span class='ocr_line' id='line_1_46' title="bbox 327 3186 1902 3256; baseline 0.003 -16"><span class='ocrx_word' id='word_1_270' title='bbox 327 3186 397 3242; x_wconf 74' lang='grc' dir='ltr'><strong>Χ.</strong></span> <span class='ocrx_word' id='word_1_271' title='bbox 448 3186 1022 3245; x_wconf 84' lang='lat' dir='ltr'><strong>Nabuchodonosorus</strong></span> <span class='ocrx_word' id='word_1_272' title='bbox 1071 3190 1266 3247; x_wconf 91' lang='lat' dir='ltr'><strong>deinde</strong></span> <span class='ocrx_word' id='word_1_273' title='bbox 1321 3192 1481 3247; x_wconf 90' lang='lat' dir='ltr'><strong>annis</strong></span> <span class='ocrx_word' id='word_1_274' title='bbox 1538 3207 1712 3256; x_wconf 11' lang='lat' dir='ltr'><strong>mne,</strong></span> <span class='ocrx_word' id='word_1_275' title='bbox 1766 3188 1902 3247; x_wconf 89' lang='lat' dir='ltr'><strong>abC</strong></span> 
     </span>
    </p>
   </div>
   <div class='ocr_carea' id='block_1_47' title="bbox 264 3279 1837 3365">
    <p class='ocr_par' dir='ltr' id='par_1_47' title="bbox 264 3279 1837 3365">
     <span class='ocr_line' id='line_1_47' title="bbox 264 3279 1837 3365; baseline 0.003 -31"><span class='ocrx_word' id='word_1_276' title='bbox 264 3279 566 3351; x_wconf 82' lang='lat' dir='ltr'><strong>Olympiade</strong></span> <span class='ocrx_word' id='word_1_277' title='bbox 601 3279 840 3336; x_wconf 84' lang='lat' dir='ltr'><strong>secunda</strong></span> <span class='ocrx_word' id='word_1_278' title='bbox 879 3297 1046 3354; x_wconf 88' lang='lat' dir='ltr'><strong>supra</strong></span> <span class='ocrx_word' id='word_1_279' title='bbox 1082 3284 1572 3365; x_wconf 82' lang='lat' dir='ltr'><strong>quadragesimam.</strong></span> <span class='ocrx_word' id='word_1_280' title='bbox 1607 3284 1658 3342; x_wconf 91' lang='lat' dir='ltr'><strong>Is</strong></span> <span class='ocrx_word' id='word_1_281' title='bbox 1693 3301 1837 3340; x_wconf 93' lang='lat' dir='ltr'><strong>anno</strong></span> 
     </span>
    </p>
   </div>
   <div class='ocr_carea' id='block_1_48' title="bbox 266 3372 1835 3448">
    <p class='ocr_par' dir='ltr' id='par_1_48' title="bbox 266 3372 1835 3448">
     <span class='ocr_line' id='line_1_48' title="bbox 266 3372 1835 3448; baseline 0.005 -23"><span class='ocrx_word' id='word_1_282' title='bbox 266 3372 546 3428; x_wconf 83' lang='lat' dir='ltr'><strong>Eliacbimi</strong></span> <span class='ocrx_word' id='word_1_283' title='bbox 613 3373 828 3428; x_wconf 91' lang='lat' dir='ltr'><strong>decimo</strong></span> <span class='ocrx_word' id='word_1_284' title='bbox 883 3373 1102 3430; x_wconf 71' lang='lat' dir='ltr'><strong>Iudaeos</strong></span> <span class='ocrx_word' id='word_1_285' title='bbox 1169 3376 1224 3431; x_wconf 92' lang='lat' dir='ltr'><strong>in</strong></span> <span class='ocrx_word' id='word_1_286' title='bbox 1291 3392 1444 3432; x_wconf 91' lang='lat' dir='ltr'><strong>suam</strong></span> <span class='ocrx_word' id='word_1_287' title='bbox 1511 3385 1835 3448; x_wconf 90' lang='lat' dir='ltr'><strong>potestatem</strong></span> 
     </span>
    </p>
   </div>
   <div class='ocr_carea' id='block_1_49' title="bbox 266 3464 1846 3538">
    <p class='ocr_par' dir='ltr' id='par_1_49' title="bbox 266 3464 1846 3538">
     <span class='ocr_line' id='line_1_49' title="bbox 266 3464 1846 3538; baseline 0.006 -20"><span class='ocrx_word' id='word_1_288' title='bbox 266 3464 486 3537; x_wconf 78' lang='lat' dir='ltr'><strong>redegit,</strong></span> <span class='ocrx_word' id='word_1_289' title='bbox 523 3476 842 3538; x_wconf 84' lang='lat' dir='ltr'><strong>partemque</strong></span> <span class='ocrx_word' id='word_1_290' title='bbox 871 3467 1185 3523; x_wconf 76' lang='lat' dir='ltr'><strong>earumdem</strong></span> <span class='ocrx_word' id='word_1_291' title='bbox 1224 3470 1515 3524; x_wconf 82' lang='lat' dir='ltr'><strong>maximam</strong></span> <span class='ocrx_word' id='word_1_292' title='bbox 1555 3469 1846 3528; x_wconf 38' lang='lat' dir='ltr'><strong>famulatui.</strong></span> 
     </span>
    </p>
   </div>
   <div class='ocr_carea' id='block_1_50' title="bbox 266 3557 1839 3632">
    <p class='ocr_par' dir='ltr' id='par_1_50' title="bbox 266 3557 1839 3632">
     <span class='ocr_line' id='line_1_50' title="bbox 266 3557 1839 3632; baseline 0.004 -23"><span class='ocrx_word' id='word_1_293' title='bbox 266 3557 618 3613; x_wconf 86' lang='lat' dir='ltr'><strong>addieendam</strong></span> <span class='ocrx_word' id='word_1_294' title='bbox 649 3559 896 3616; x_wconf 89' lang='lat' dir='ltr'><strong>abduxit.</strong></span> <span class='ocrx_word' id='word_1_295' title='bbox 941 3558 1079 3614; x_wconf 91' lang='lat' dir='ltr'><strong>Tum</strong></span> <span class='ocrx_word' id='word_1_296' title='bbox 1107 3560 1269 3616; x_wconf 90' lang='lat' dir='ltr'><strong>etiam</strong></span> <span class='ocrx_word' id='word_1_297' title='bbox 1305 3559 1583 3616; x_wconf 81' lang='lat' dir='ltr'><strong>Danielem</strong></span> <span class='ocrx_word' id='word_1_298' title='bbox 1621 3568 1839 3632; x_wconf 90' lang='lat' dir='ltr'><strong>tresque</strong></span> 
     </span>
    </p>
   </div>
   <div class='ocr_carea' id='block_1_51' title="bbox 267 3649 1838 3724">
    <p class='ocr_par' dir='ltr' id='par_1_51' title="bbox 267 3649 1838 3724">
     <span class='ocr_line' id='line_1_51' title="bbox 267 3649 1838 3724; baseline 0.005 -24"><span class='ocrx_word' id='word_1_299' title='bbox 267 3663 459 3716; x_wconf 89' lang='lat' dir='ltr'><strong>pueros</strong></span> <span class='ocrx_word' id='word_1_300' title='bbox 490 3649 724 3704; x_wconf 90' lang='lat' dir='ltr'><strong>triennio</strong></span> <span class='ocrx_word' id='word_1_301' title='bbox 745 3657 869 3720; x_wconf 91' lang='lat' dir='ltr'><strong>post</strong></span> <span class='ocrx_word' id='word_1_302' title='bbox 897 3667 912 3705; x_wconf 92' lang='lat'><strong>:</strong></span> <span class='ocrx_word' id='word_1_303' title='bbox 945 3663 1139 3712; x_wconf 80' lang='lat' dir='ltr'><strong>rursus</strong></span> <span class='ocrx_word' id='word_1_304' title='bbox 1165 3651 1309 3705; x_wconf 89' lang='lat' dir='ltr'><strong>enim</strong></span> <span class='ocrx_word' id='word_1_305' title='bbox 1339 3651 1507 3716; x_wconf 89' lang='lat' dir='ltr'><strong>venit,</strong></span> <span class='ocrx_word' id='word_1_306' title='bbox 1539 3651 1838 3724; x_wconf 88' lang='lat' dir='ltr'><strong>ipsumque</strong></span> 
     </span>
    </p>
   </div>
   <div class='ocr_carea' id='block_1_52' title="bbox 268 3735 1839 3812">
    <p class='ocr_par' dir='ltr' id='par_1_52' title="bbox 268 3735 1839 3812">
     <span class='ocr_line' id='line_1_52' title="bbox 268 3735 1839 3812; baseline 0.004 -20"><span class='ocrx_word' id='word_1_307' title='bbox 268 3735 600 3793; x_wconf 86' lang='lat' dir='ltr'><strong>Ioacbimum</strong></span> <span class='ocrx_word' id='word_1_308' title='bbox 637 3741 816 3809; x_wconf 78' lang='lat' dir='ltr'><strong>avexit</strong></span> <span class='ocrx_word' id='word_1_309' title='bbox 843 3741 1136 3812; x_wconf 74' lang='lat' dir='ltr'><strong>captivum.</strong></span> <span class='ocrx_word' id='word_1_310' title='bbox 1168 3741 1303 3796; x_wconf 86' lang='lat' dir='ltr'><strong>Cum</strong></span> <span class='ocrx_word' id='word_1_311' title='bbox 1340 3743 1455 3812; x_wconf 88' lang='lat' dir='ltr'><strong>jam</strong></span> <span class='ocrx_word' id='word_1_312' title='bbox 1484 3757 1688 3798; x_wconf 87' lang='lat' dir='ltr'><strong>annum</strong></span> <span class='ocrx_word' id='word_1_313' title='bbox 1729 3750 1839 3798; x_wconf 88' lang='lat' dir='ltr'><strong>ter-</strong></span> 
     </span>
    </p>
   </div>
   <div class='ocr_carea' id='block_1_53' title="bbox 268 3829 1836 3903">
    <p class='ocr_par' dir='ltr' id='par_1_53' title="bbox 268 3829 1836 3903">
     <span class='ocr_line' id='line_1_53' title="bbox 268 3829 1836 3903; baseline 0.004 -21"><span class='ocrx_word' id='word_1_314' title='bbox 268 3830 394 3882; x_wconf 87' lang='lat' dir='ltr'><strong>tium</strong></span> <span class='ocrx_word' id='word_1_315' title='bbox 429 3845 597 3899; x_wconf 88' lang='lat' dir='ltr'><strong>supra</strong></span> <span class='ocrx_word' id='word_1_316' title='bbox 626 3829 946 3886; x_wconf 85' lang='lat' dir='ltr'><strong>vicesimum</strong></span> <span class='ocrx_word' id='word_1_317' title='bbox 979 3839 1230 3903; x_wconf 87' lang='lat' dir='ltr'><strong>regnaret</strong></span> <span class='ocrx_word' id='word_1_318' title='bbox 1261 3829 1836 3903; x_wconf 74' lang='lat' dir='ltr'><strong>Nabuchodonosorus,</strong></span> 
     </span>
    </p>
   </div>
   <div class='ocr_carea' id='block_1_54' title="bbox 269 3916 1841 3994">
    <p class='ocr_par' dir='ltr' id='par_1_54' title="bbox 269 3916 1841 3994">
     <span class='ocr_line' id='line_1_54' title="bbox 269 3916 1841 3994; baseline 0.006 -23"><span class='ocrx_word' id='word_1_319' title='bbox 269 3916 640 3987; x_wconf 83' lang='lat' dir='ltr'><strong>Hierosolyma</strong></span> <span class='ocrx_word' id='word_1_320' title='bbox 670 3930 826 3992; x_wconf 89' lang='lat' dir='ltr'><strong>capta</strong></span> <span class='ocrx_word' id='word_1_321' title='bbox 854 3929 982 3978; x_wconf 89' lang='lat' dir='ltr'><strong>sunt</strong></span> <span class='ocrx_word' id='word_1_322' title='bbox 1015 3940 1030 3977; x_wconf 90' lang='lat'><strong>:</strong></span> <span class='ocrx_word' id='word_1_323' title='bbox 1064 3922 1315 3992; x_wconf 90' lang='lat' dir='ltr'><strong>quintum</strong></span> <span class='ocrx_word' id='word_1_324' title='bbox 1336 3931 1514 3980; x_wconf 89' lang='lat' dir='ltr'><strong>autem</strong></span> <span class='ocrx_word' id='word_1_325' title='bbox 1541 3933 1664 3994; x_wconf 88' lang='lat' dir='ltr'><strong>post</strong></span> <span class='ocrx_word' id='word_1_326' title='bbox 1696 3940 1841 3980; x_wconf 88' lang='lat' dir='ltr'><strong>men-</strong></span> 
     </span>
    </p>
   </div>
   <div class='ocr_carea' id='block_1_55' title="bbox 270 4013 1840 4089">
    <p class='ocr_par' dir='ltr' id='par_1_55' title="bbox 270 4013 1840 4089">
     <span class='ocr_line' id='line_1_55' title="bbox 270 4013 1840 4089; baseline 0.005 -23"><span class='ocrx_word' id='word_1_327' title='bbox 270 4026 376 4066; x_wconf 89' lang='lat' dir='ltr'><strong>sem</strong></span> <span class='ocrx_word' id='word_1_328' title='bbox 452 4013 711 4083; x_wconf 90' lang='lat' dir='ltr'><strong>princeps</strong></span> <span class='ocrx_word' id='word_1_329' title='bbox 776 4014 1071 4069; x_wconf 88' lang='lat' dir='ltr'><strong>satellitum</strong></span> <span class='ocrx_word' id='word_1_330' title='bbox 1135 4013 1560 4072; x_wconf 83' lang='lat' dir='ltr'><strong>Nabuzardanes</strong></span> <span class='ocrx_word' id='word_1_331' title='bbox 1639 4021 1840 4089; x_wconf 89' lang='lat' dir='ltr'><strong>templo</strong></span> 
     </span>
    </p>
   </div>
   <div class='ocr_carea' id='block_1_56' title="bbox 270 4104 1840 4181">
    <p class='ocr_par' dir='ltr' id='par_1_56' title="bbox 270 4104 1840 4181">
     <span class='ocr_line' id='line_1_56' title="bbox 270 4104 1840 4181; baseline 0.006 -24"><span class='ocrx_word' id='word_1_332' title='bbox 270 4119 441 4174; x_wconf 74' lang='lat' dir='ltr'><strong>ignem</strong></span> <span class='ocrx_word' id='word_1_333' title='bbox 483 4105 737 4175; x_wconf 87' lang='lat' dir='ltr'><strong>subjecit.</strong></span> <span class='ocrx_word' id='word_1_334' title='bbox 779 4104 1052 4162; x_wconf 84' lang='lat' dir='ltr'><strong>Vicesimo</strong></span> <span class='ocrx_word' id='word_1_335' title='bbox 1099 4105 1334 4180; x_wconf 88' lang='lat' dir='ltr'><strong>denique</strong></span> <span class='ocrx_word' id='word_1_336' title='bbox 1369 4107 1615 4163; x_wconf 77' lang='lat' dir='ltr'><strong>Iudaica:</strong></span> <span class='ocrx_word' id='word_1_337' title='bbox 1671 4113 1840 4181; x_wconf 84' lang='lat' dir='ltr'><strong>capti-</strong></span> 
     </span>
    </p>
   </div>
   <div class='ocr_carea' id='block_1_57' title="bbox 273 4194 1856 4271">
    <p class='ocr_par' dir='ltr' id='par_1_57' title="bbox 273 4194 1856 4271">
     <span class='ocr_line' id='line_1_57' title="bbox 273 4194 1856 4271; baseline 0.009 -27"><span class='ocrx_word' id='word_1_338' title='bbox 273 4194 447 4250; x_wconf 77' lang='lat' dir='ltr'><strong>vitatis</strong></span> <span class='ocrx_word' id='word_1_339' title='bbox 472 4211 616 4250; x_wconf 87' lang='lat' dir='ltr'><strong>anno</strong></span> <span class='ocrx_word' id='word_1_340' title='bbox 641 4194 1211 4255; x_wconf 85' lang='lat' dir='ltr'><strong>Nabuchodonosorus</strong></span> <span class='ocrx_word' id='word_1_341' title='bbox 1239 4199 1351 4254; x_wconf 89' lang='lat' dir='ltr'><strong>vita</strong></span> <span class='ocrx_word' id='word_1_342' title='bbox 1378 4200 1650 4257; x_wconf 88' lang='lat' dir='ltr'><strong>discessit.</strong></span> <span class='ocrx_word' id='word_1_343' title='bbox 1669 4200 1856 4271; x_wconf 83' lang='lat' dir='ltr'><strong>Cujus.</strong></span> 
     </span>
    </p>
   </div>
   <div class='ocr_carea' id='block_1_58' title="bbox 273 4287 1450 4362">
    <p class='ocr_par' dir='ltr' id='par_1_58' title="bbox 273 4287 1450 4362">
     <span class='ocr_line' id='line_1_58' title="bbox 273 4287 1450 4362; baseline 0.002 -18"><span class='ocrx_word' id='word_1_344' title='bbox 273 4301 323 4344; x_wconf 86' lang='lat' dir='ltr'><strong>tn</strong></span> <span class='ocrx_word' id='word_1_345' title='bbox 348 4287 528 4343; x_wconf 91' lang='lat' dir='ltr'><strong>locum</strong></span> <span class='ocrx_word' id='word_1_346' title='bbox 561 4289 891 4344; x_wconf 87' lang='lat' dir='ltr'><strong>substitutus</strong></span> <span class='ocrx_word' id='word_1_347' title='bbox 923 4297 1007 4345; x_wconf 87' lang='lat' dir='ltr'><strong>est</strong></span> <span class='ocrx_word' id='word_1_348' title='bbox 1036 4291 1181 4346; x_wconf 86' lang='lat' dir='ltr'><strong>ﬁlius</strong></span> <span class='ocrx_word' id='word_1_349' title='bbox 1209 4290 1450 4362; x_wconf 88' lang='lat' dir='ltr'><strong>ejusdem</strong></span> 
     </span>
    </p>
   </div>
   <div class='ocr_carea' id='block_1_59' title="bbox 337 4377 1835 4450">
    <p class='ocr_par' dir='ltr' id='par_1_59' title="bbox 337 4377 1835 4450">
     <span class='ocr_line' id='line_1_59' title="bbox 337 4377 1835 4450; baseline 0.006 -20"><span class='ocrx_word' id='word_1_350' title='bbox 337 4377 427 4431; x_wconf 80' lang='lat' dir='ltr'><strong>XI.</strong></span> <span class='ocrx_word' id='word_1_351' title='bbox 488 4377 769 4444; x_wconf 87' lang='lat' dir='ltr'><strong>Baltasar,</strong></span> <span class='ocrx_word' id='word_1_352' title='bbox 832 4379 922 4450; x_wconf 81' lang='lat' dir='ltr'><strong>qui</strong></span> <span class='ocrx_word' id='word_1_353' title='bbox 979 4387 1032 4434; x_wconf 91' lang='lat' dir='ltr'><strong>et</strong></span> <span class='ocrx_word' id='word_1_354' title='bbox 1084 4379 1499 4437; x_wconf 88' lang='lat' dir='ltr'><strong>Ilmarudacbus</strong></span> <span class='ocrx_word' id='word_1_355' title='bbox 1555 4385 1714 4438; x_wconf 90' lang='lat' dir='ltr'><strong>annis</strong></span> <span class='ocrx_word' id='word_1_356' title='bbox 1776 4400 1835 4440; x_wconf 90' lang='grc' dir='ltr'>ιι.</span> 
     </span>
    </p>
   </div>
   <div class='ocr_carea' id='block_1_60' title="bbox 275 4463 470 4522">
    <p class='ocr_par' dir='ltr' id='par_1_60' title="bbox 275 4463 470 4522">
     <span class='ocr_line' id='line_1_60' title="bbox 275 4463 470 4522; baseline 0.031 -6"><span class='ocrx_word' id='word_1_357' title='bbox 275 4463 470 4522; x_wconf 85' lang='lat' dir='ltr'><strong>Deinde</strong></span> 
     </span>
    </p>
   </div>
   <div class='ocr_carea' id='block_1_61' title="bbox 334 4556 1838 4631">
    <p class='ocr_par' dir='ltr' id='par_1_61' title="bbox 334 4556 1838 4631">
     <span class='ocr_line' id='line_1_61' title="bbox 334 4556 1838 4631; baseline 0.006 -22"><span class='ocrx_word' id='word_1_358' title='bbox 334 4556 448 4613; x_wconf 79' lang='lat' dir='ltr'><strong>XII.</strong></span> <span class='ocrx_word' id='word_1_359' title='bbox 489 4559 756 4630; x_wconf 82' lang='lat' dir='ltr'><strong>Astyages</strong></span> <span class='ocrx_word' id='word_1_360' title='bbox 807 4557 918 4631; x_wconf 85' lang='lat'><strong>(76)</strong></span> <span class='ocrx_word' id='word_1_361' title='bbox 975 4574 1119 4616; x_wconf 90' lang='lat' dir='ltr'><strong>anno</strong></span> <span class='ocrx_word' id='word_1_362' title='bbox 1173 4578 1211 4617; x_wconf 88' lang='grc' dir='ltr'>ι.</span> <span class='ocrx_word' id='word_1_363' title='bbox 1272 4561 1321 4617; x_wconf 92' lang='lat' dir='ltr'><strong>Is</strong></span> <span class='ocrx_word' id='word_1_364' title='bbox 1377 4578 1470 4619; x_wconf 89' lang='lat' dir='ltr'><strong>eas</strong></span> <span class='ocrx_word' id='word_1_365' title='bbox 1525 4564 1735 4619; x_wconf 88' lang='lat' dir='ltr'><strong>litteras</strong></span> <span class='ocrx_word' id='word_1_366' title='bbox 1783 4565 1838 4620; x_wconf 91' lang='lat' dir='ltr'><strong>in</strong></span> 
     </span>
    </p>
   </div>
   <div class='ocr_carea' id='block_1_62' title="bbox 277 4648 1835 4722">
    <p class='ocr_par' dir='ltr' id='par_1_62' title="bbox 277 4648 1835 4722">
     <span class='ocr_line' id='line_1_62' title="bbox 277 4648 1835 4722; baseline 0.008 -25"><span class='ocrx_word' id='word_1_367' title='bbox 277 4648 471 4714; x_wconf 84' lang='lat' dir='ltr'><strong>pariete</strong></span> <span class='ocrx_word' id='word_1_368' title='bbox 497 4657 752 4703; x_wconf 85' lang='lat' dir='ltr'><strong>exaratas</strong></span> <span class='ocrx_word' id='word_1_369' title='bbox 780 4649 917 4703; x_wconf 88' lang='lat' dir='ltr'><strong>vidit</strong></span> <span class='ocrx_word' id='word_1_370' title='bbox 949 4665 1088 4720; x_wconf 89' lang='lat' dir='ltr'><strong>quas</strong></span> <span class='ocrx_word' id='word_1_371' title='bbox 1111 4650 1294 4706; x_wconf 89' lang='lat' dir='ltr'><strong>Daniel</strong></span> <span class='ocrx_word' id='word_1_372' title='bbox 1321 4652 1707 4722; x_wconf 90' lang='lat' dir='ltr'><strong>interpretatus</strong></span> <span class='ocrx_word' id='word_1_373' title='bbox 1735 4663 1835 4710; x_wconf 89' lang='lat' dir='ltr'><strong>est.</strong></span> 
     </span>
    </p>
   </div>
   <div class='ocr_carea' id='block_1_63' title="bbox 339 4739 1240 4800">
    <p class='ocr_par' dir='ltr' id='par_1_63' title="bbox 339 4739 1240 4800">
     <span class='ocr_line' id='line_1_63' title="bbox 339 4739 1240 4800; baseline 0.008 -8"><span class='ocrx_word' id='word_1_374' title='bbox 339 4739 477 4796; x_wconf 76' lang='lat' dir='ltr'><strong>XIII.</strong></span> <span class='ocrx_word' id='word_1_375' title='bbox 522 4739 720 4798; x_wconf 88' lang='lat' dir='ltr'><strong>Darius</strong></span> <span class='ocrx_word' id='word_1_376' title='bbox 750 4741 945 4798; x_wconf 86' lang='lat' dir='ltr'><strong>Medus</strong></span> <span class='ocrx_word' id='word_1_377' title='bbox 976 4744 1136 4799; x_wconf 88' lang='lat' dir='ltr'><strong>annis</strong></span> <span class='ocrx_word' id='word_1_378' title='bbox 1165 4761 1240 4800; x_wconf 84' lang='lat' dir='ltr'><strong>IV.</strong></span> 
     </span>
    </p>
   </div>
   <div class='ocr_carea' id='block_1_64' title="bbox 340 4830 1289 4892">
    <p class='ocr_par' dir='ltr' id='par_1_64' title="bbox 340 4830 1289 4892">
     <span class='ocr_line' id='line_1_64' title="bbox 340 4830 1289 4892; baseline 0.005 -7"><span class='ocrx_word' id='word_1_379' title='bbox 340 4830 478 4888; x_wconf 78' lang='lat' dir='ltr'><strong>XIV.</strong></span> <span class='ocrx_word' id='word_1_380' title='bbox 519 4832 715 4892; x_wconf 84' lang='lat' dir='ltr'><strong>Darius</strong></span> <span class='ocrx_word' id='word_1_381' title='bbox 745 4833 989 4890; x_wconf 89' lang='lat' dir='ltr'><strong>Arsaviri</strong></span> <span class='ocrx_word' id='word_1_382' title='bbox 1020 4837 1179 4889; x_wconf 90' lang='lat' dir='ltr'><strong>annis</strong></span> <span class='ocrx_word' id='word_1_383' title='bbox 1209 4852 1289 4890; x_wconf 88' lang='grc' dir='ltr'>ιιι.</span> 
     </span>
    </p>
   </div>
   <div class='ocr_carea' id='block_1_65' title="bbox 340 4922 1677 4997">
    <p class='ocr_par' dir='ltr' id='par_1_65' title="bbox 340 4922 1677 4997">
     <span class='ocr_line' id='line_1_65' title="bbox 340 4922 1677 4997; baseline 0.004 -21"><span class='ocrx_word' id='word_1_384' title='bbox 340 4922 473 4978; x_wconf 82' lang='lat' dir='ltr'><strong>Exin</strong></span> <span class='ocrx_word' id='word_1_385' title='bbox 499 4925 774 4978; x_wconf 87' lang='lat' dir='ltr'><strong>sublatum</strong></span> <span class='ocrx_word' id='word_1_386' title='bbox 806 4931 892 4980; x_wconf 91' lang='lat' dir='ltr'><strong>est</strong></span> <span class='ocrx_word' id='word_1_387' title='bbox 922 4924 1336 4996; x_wconf 83' lang='lat' dir='ltr'><strong>Babyloniorum</strong></span> <span class='ocrx_word' id='word_1_388' title='bbox 1372 4928 1677 4997; x_wconf 86' lang='lat' dir='ltr'><strong>imperium.</strong></span> 
     </span>
    </p>
   </div>
   <div class='ocr_carea' id='block_1_66' title="bbox 347 5181 1838 5308">
    <p class='ocr_par' dir='ltr' id='par_1_66' title="bbox 347 5181 1838 5308">
     <span class='ocr_line' id='line_1_66' title="bbox 347 5181 1838 5308; baseline 0.004 -71"><span class='ocrx_word' id='word_1_389' title='bbox 347 5186 462 5308; x_wconf 54' lang='grc'>(75)</span> <span class='ocrx_word' id='word_1_390' title='bbox 486 5183 622 5241; x_wconf 78' lang='lat' dir='ltr'><strong>Vide</strong></span> <span class='ocrx_word' id='word_1_391' title='bbox 646 5183 848 5242; x_wconf 82' lang='lat' dir='ltr'><strong>Mosem</strong></span> <span class='ocrx_word' id='word_1_392' title='bbox 869 5181 1059 5248; x_wconf 86' lang='lat' dir='ltr'><strong>Cbor.,</strong></span> <span class='ocrx_word' id='word_1_393' title='bbox 1083 5181 1293 5247; x_wconf 66' lang='lat' dir='ltr'><strong>ﬂiam,</strong></span> <span class='ocrx_word' id='word_1_394' title='bbox 1322 5184 1410 5250; x_wconf 75' lang='grc'><strong>21,</strong></span> <span class='ocrx_word' id='word_1_395' title='bbox 1435 5194 1488 5238; x_wconf 90' lang='lat' dir='ltr'><strong>et</strong></span> <span class='ocrx_word' id='word_1_396' title='bbox 1512 5186 1838 5254; x_wconf 89' lang='lat' dir='ltr'><strong>Samuelem,</strong></span> 
     </span>
     <span class='ocr_line' id='line_1_67' title="bbox 348 5272 482 5308; baseline 0 0"><span class='ocrx_word' id='word_1_397' title='bbox 348 5272 393 5308; x_wconf 81' lang='grc' dir='ltr'>ι).</span> <span class='ocrx_word' id='word_1_398' title='bbox 468 5296 482 5308; x_wconf 94' lang='grc'><strong><em>.</em></strong></span> 
     </span>
    </p>
   </div>
   <div class='ocr_carea' id='block_1_67' title="bbox 285 5267 482 5323">
    <p class='ocr_par' dir='ltr' id='par_1_67' title="bbox 285 5267 482 5323">
     <span class='ocr_line' id='line_1_68' title="bbox 285 5267 482 5323; baseline 0.03 -19"><span class='ocrx_word' id='word_1_399' title='bbox 285 5267 393 5323; x_wconf 85' lang='lat' dir='ltr'><strong>cap.</strong></span> <span class='ocrx_word' id='word_1_400' title='bbox 433 5267 482 5310; x_wconf 74' lang='grc' dir='ltr'>ι.</span> 
     </span>
    </p>
   </div>
   <div class='ocr_carea' id='block_1_68' title="bbox 371 5322 1290 5394">
    <p class='ocr_par' dir='ltr' id='par_1_68' title="bbox 371 5322 1290 5394">
     <span class='ocr_line' id='line_1_69' title="bbox 371 5322 1290 5394; baseline 0 -17"><span class='ocrx_word' id='word_1_401' title='bbox 371 5324 454 5394; x_wconf 78' lang='grc'>74)</span> <span class='ocrx_word' id='word_1_402' title='bbox 488 5323 701 5394; x_wconf 84' lang='lat' dir='ltr'><strong>Confer</strong></span> <span class='ocrx_word' id='word_1_403' title='bbox 723 5323 1037 5387; x_wconf 86' lang='lat' dir='ltr'><strong>Eusebium,</strong></span> <span class='ocrx_word' id='word_1_404' title='bbox 1069 5339 1109 5388; x_wconf 90' lang='grc' dir='ltr'>ι,</span> <span class='ocrx_word' id='word_1_405' title='bbox 1139 5322 1192 5387; x_wconf 83' lang='lat'><strong>5,</strong></span> <span class='ocrx_word' id='word_1_406' title='bbox 1236 5322 1290 5377; x_wconf 81' lang='grc'><strong>2.</strong></span> 
     </span>
    </p>
   </div>
   <div class='ocr_carea' id='block_1_69' title="bbox 371 5393 1088 5465">
    <p class='ocr_par' dir='ltr' id='par_1_69' title="bbox 371 5393 1088 5465">
     <span class='ocr_line' id='line_1_70' title="bbox 371 5393 1088 5465; baseline 0.004 -18"><span class='ocrx_word' id='word_1_407' title='bbox 371 5395 455 5464; x_wconf 86' lang='grc'>75)</span> <span class='ocrx_word' id='word_1_408' title='bbox 488 5395 574 5465; x_wconf 74' lang='lat' dir='ltr'><strong>Al.</strong></span> <span class='ocrx_word' id='word_1_409' title='bbox 605 5393 754 5462; x_wconf 88' lang='lat' dir='ltr'><strong>cod.,</strong></span> <span class='ocrx_word' id='word_1_410' title='bbox 787 5396 1088 5465; x_wconf 80' lang='lat' dir='ltr'><strong>Asamoges.</strong></span> 
     </span>
    </p>
   </div>
   <div class='ocr_carea' id='block_1_70' title="bbox 289 5464 1844 5583">
    <p class='ocr_par' dir='ltr' id='par_1_70' title="bbox 289 5464 1844 5583">
     <span class='ocr_line' id='line_1_71' title="bbox 289 5464 1844 5583; baseline 0.005 -67"><span class='ocrx_word' id='word_1_411' title='bbox 289 5465 458 5583; x_wconf 53' lang='lat' dir='ltr'><strong>h0g1?)</strong></span> <span class='ocrx_word' id='word_1_412' title='bbox 505 5464 583 5518; x_wconf 91' lang='lat' dir='ltr'><strong>Ita</strong></span> <span class='ocrx_word' id='word_1_413' title='bbox 634 5465 738 5519; x_wconf 88' lang='lat' dir='ltr'><strong>hoc</strong></span> <span class='ocrx_word' id='word_1_414' title='bbox 780 5465 920 5529; x_wconf 91' lang='lat' dir='ltr'><strong>loco,</strong></span> <span class='ocrx_word' id='word_1_415' title='bbox 950 5464 1245 5537; x_wconf 73' lang='lat' dir='ltr'><strong>Astyages;</strong></span> <span class='ocrx_word' id='word_1_416' title='bbox 1286 5476 1340 5521; x_wconf 88' lang='lat' dir='ltr'><strong>at</strong></span> <span class='ocrx_word' id='word_1_417' title='bbox 1387 5464 1637 5535; x_wconf 87' lang='lat' dir='ltr'><strong>inferius,</strong></span> <span class='ocrx_word' id='word_1_418' title='bbox 1670 5469 1844 5524; x_wconf 79' lang='lat' dir='ltr'><strong>Asda-</strong></span> 
     </span>
    </p>
   </div>
   <div class='ocr_carea' id='block_1_71' title="bbox 319 5551 1844 5677">
    <p class='ocr_par' dir='ltr' id='par_1_71' title="bbox 319 5551 1844 5677">
     <span class='ocr_line' id='line_1_72' title="bbox 319 5551 1844 5677; baseline 0.008 -21"><span class='ocrx_word' id='word_1_419' title='bbox 319 5551 453 5677; x_wconf 61' lang='grc' dir='ltr'><strong>αῗξῗ)</strong></span> <span class='ocrx_word' id='word_1_420' title='bbox 492 5606 569 5661; x_wconf 92' lang='lat' dir='ltr'><strong>Ita</strong></span> <span class='ocrx_word' id='word_1_421' title='bbox 615 5606 855 5677; x_wconf 86' lang='lat' dir='ltr'><strong>Armenii</strong></span> <span class='ocrx_word' id='word_1_422' title='bbox 882 5607 1115 5677; x_wconf 90' lang='lat' dir='ltr'><strong>primum</strong></span> <span class='ocrx_word' id='word_1_423' title='bbox 1148 5607 1295 5663; x_wconf 79' lang='lat' dir='ltr'><strong>hunc</strong></span> <span class='ocrx_word' id='word_1_424' title='bbox 1324 5607 1610 5676; x_wconf 83' lang='lat' dir='ltr'><strong>Tigranem</strong></span> <span class='ocrx_word' id='word_1_425' title='bbox 1650 5611 1844 5668; x_wconf 83' lang='lat' dir='ltr'><strong>distin-</strong></span> 
     </span>
    </p>
   </div>
   <div class='ocr_carea' id='block_1_72' title="bbox 290 5676 1569 5749">
    <p class='ocr_par' dir='ltr' id='par_1_72' title="bbox 290 5676 1569 5749">
     <span class='ocr_line' id='line_1_73' title="bbox 290 5676 1569 5749; baseline 0.009 -24"><span class='ocrx_word' id='word_1_426' title='bbox 290 5686 442 5749; x_wconf 57' lang='lat' dir='ltr'><strong>guunt</strong></span> <span class='ocrx_word' id='word_1_427' title='bbox 462 5694 502 5749; x_wconf 17' lang='lat' dir='ltr'><strong>a7</strong></span> <span class='ocrx_word' id='word_1_428' title='bbox 528 5676 927 5749; x_wconf 67' lang='lat' dir='ltr'><strong>posmrigribus</strong></span> <span class='ocrx_word' id='word_1_429' title='bbox 951 5678 1138 5749; x_wconf 80' lang='lat' dir='ltr'><strong>Stirpis</strong></span> <span class='ocrx_word' id='word_1_430' title='bbox 1162 5679 1569 5736; x_wconf 81' lang='lat' dir='ltr'><strong>Arsacidarum.</strong></span> 
     </span>
    </p>
   </div>
   <div class='ocr_carea' id='block_1_73' title="bbox 352 5745 888 5821">
    <p class='ocr_par' dir='ltr' id='par_1_73' title="bbox 352 5745 888 5821">
     <span class='ocr_line' id='line_1_74' title="bbox 352 5745 888 5821; baseline 0.007 -23"><span class='ocrx_word' id='word_1_431' title='bbox 352 5745 451 5821; x_wconf 85' lang='lat'><strong>(78)</strong></span> <span class='ocrx_word' id='word_1_432' title='bbox 485 5745 609 5803; x_wconf 86' lang='lat' dir='ltr'><strong>Lib.</strong></span> <span class='ocrx_word' id='word_1_433' title='bbox 644 5760 685 5813; x_wconf 86' lang='grc' dir='ltr'>ι,</span> <span class='ocrx_word' id='word_1_434' title='bbox 716 5745 888 5814; x_wconf 75' lang='lat'><strong>15,7.</strong></span> 
     </span>
    </p>
   </div>
   <div class='ocr_carea' id='block_1_74' title="bbox 1932 1903 3492 1977">
    <p class='ocr_par' dir='ltr' id='par_1_74' title="bbox 1932 1903 3492 1977">
     <span class='ocr_line' id='line_1_75' title="bbox 1932 1903 3492 1977; baseline -0.003 -16"><span class='ocrx_word' id='word_1_435' title='bbox 1932 1922 2052 1977; x_wconf 64' lang='lat' dir='ltr'><strong>quae</strong></span> <span class='ocrx_word' id='word_1_436' title='bbox 2099 1905 2458 1972; x_wconf 87' lang='lat' dir='ltr'><strong>acciderunt,</strong></span> <span class='ocrx_word' id='word_1_437' title='bbox 2515 1913 2740 1975; x_wconf 85' lang='lat' dir='ltr'><strong>propter</strong></span> <span class='ocrx_word' id='word_1_438' title='bbox 2799 1905 2977 1960; x_wconf 89' lang='lat' dir='ltr'><strong>somni</strong></span> <span class='ocrx_word' id='word_1_439' title='bbox 3032 1903 3257 1960; x_wconf 86' lang='lat' dir='ltr'><strong>scilicet</strong></span> <span class='ocrx_word' id='word_1_440' title='bbox 3290 1904 3492 1969; x_wconf 90' lang='lat' dir='ltr'><strong>visum,</strong></span> 
     </span>
    </p>
   </div>
   <div class='ocr_carea' id='block_1_75' title="bbox 1929 1993 3501 2071">
    <p class='ocr_par' dir='ltr' id='par_1_75' title="bbox 1929 1993 3501 2071">
     <span class='ocr_line' id='line_1_76' title="bbox 1929 1993 3501 2071; baseline -0.005 -15"><span class='ocrx_word' id='word_1_441' title='bbox 1929 2002 2282 2071; x_wconf 89' lang='lat' dir='ltr'><strong>dolosamque</strong></span> <span class='ocrx_word' id='word_1_442' title='bbox 2315 1998 2620 2068; x_wconf 89' lang='lat' dir='ltr'><strong>Asdabagis</strong></span> <span class='ocrx_word' id='word_1_443' title='bbox 2673 1997 3073 2053; x_wconf 89' lang='lat' dir='ltr'><strong>simulationem</strong></span> <span class='ocrx_word' id='word_1_444' title='bbox 3118 2011 3224 2066; x_wconf 90' lang='lat' dir='ltr'><strong>qua</strong></span> <span class='ocrx_word' id='word_1_445' title='bbox 3267 1996 3370 2051; x_wconf 88' lang='lat' dir='ltr'><strong>sibi</strong></span> <span class='ocrx_word' id='word_1_446' title='bbox 3406 1993 3501 2049; x_wconf 85' lang='lat' dir='ltr'><strong>Ti-</strong></span> 
     </span>
    </p>
   </div>
   <div class='ocr_carea' id='block_1_76' title="bbox 1931 2090 3496 2170">
    <p class='ocr_par' dir='ltr' id='par_1_76' title="bbox 1931 2090 3496 2170">
     <span class='ocr_line' id='line_1_77' title="bbox 1931 2090 3496 2170; baseline -0.004 -23"><span class='ocrx_word' id='word_1_447' title='bbox 1931 2093 2116 2170; x_wconf 88' lang='lat' dir='ltr'><strong>granis</strong></span> <span class='ocrx_word' id='word_1_448' title='bbox 2145 2108 2388 2149; x_wconf 91' lang='lat' dir='ltr'><strong>sororem</strong></span> <span class='ocrx_word' id='word_1_449' title='bbox 2422 2091 2767 2145; x_wconf 88' lang='lat' dir='ltr'><strong>matrimonio</strong></span> <span class='ocrx_word' id='word_1_450' title='bbox 2787 2090 3146 2160; x_wconf 87' lang='lat' dir='ltr'><strong>copulandam</strong></span> <span class='ocrx_word' id='word_1_451' title='bbox 3174 2096 3456 2142; x_wconf 78' lang='lat' dir='ltr'><strong>curaverat</strong></span> <span class='ocrx_word' id='word_1_452' title='bbox 3483 2106 3496 2141; x_wconf 87' lang='lat'><strong>:</strong></span> 
     </span>
    </p>
   </div>
   <div class='ocr_carea' id='block_1_77' title="bbox 1931 2180 3498 2254">
    <p class='ocr_par' dir='ltr' id='par_1_77' title="bbox 1931 2180 3498 2254">
     <span class='ocr_line' id='line_1_78' title="bbox 1931 2180 3498 2254; baseline -0.004 -16"><span class='ocrx_word' id='word_1_453' title='bbox 1931 2184 2246 2239; x_wconf 86' lang='lat' dir='ltr'><strong>cui’mentis</strong></span> <span class='ocrx_word' id='word_1_454' title='bbox 2269 2197 2485 2254; x_wconf 84' lang='lat' dir='ltr'><strong>quoque</strong></span> <span class='ocrx_word' id='word_1_455' title='bbox 2515 2197 2627 2237; x_wconf 85' lang='lat' dir='ltr'><strong>suae</strong></span> <span class='ocrx_word' id='word_1_456' title='bbox 2666 2180 2970 2249; x_wconf 65' lang='lat' dir='ltr'><strong>consiliumj</strong></span> <span class='ocrx_word' id='word_1_457' title='bbox 2989 2193 3249 2234; x_wconf 88' lang='lat' dir='ltr'><strong>arcanum</strong></span> <span class='ocrx_word' id='word_1_458' title='bbox 3284 2193 3498 2234; x_wconf 87' lang='lat' dir='ltr'><strong>resera-</strong></span> 
     </span>
    </p>
   </div>
   <div class='ocr_carea' id='block_1_78' title="bbox 1932 2269 3498 2342">
    <p class='ocr_par' dir='ltr' id='par_1_78' title="bbox 1932 2269 3498 2342">
     <span class='ocr_line' id='line_1_79' title="bbox 1932 2269 3498 2342; baseline -0.004 -13"><span class='ocrx_word' id='word_1_459' title='bbox 1932 2275 2028 2329; x_wconf 87' lang='lat' dir='ltr'><strong>vit.</strong></span> <span class='ocrx_word' id='word_1_460' title='bbox 2057 2273 2136 2329; x_wconf 81' lang='lat' dir='ltr'><strong>Re</strong></span> <span class='ocrx_word' id='word_1_461' title='bbox 2175 2282 2356 2328; x_wconf 90' lang='lat' dir='ltr'><strong>autem</strong></span> <span class='ocrx_word' id='word_1_462' title='bbox 2394 2272 2669 2326; x_wconf 89' lang='lat' dir='ltr'><strong>intellecta</strong></span> <span class='ocrx_word' id='word_1_463' title='bbox 2701 2269 2986 2341; x_wconf 88' lang='lat' dir='ltr'><strong>Tigranes,</strong></span> <span class='ocrx_word' id='word_1_464' title='bbox 3022 2269 3186 2339; x_wconf 70' lang='lat' dir='ltr'><strong>quod&#39;</strong></span> <span class='ocrx_word' id='word_1_465' title='bbox 3220 2269 3498 2342; x_wconf 71' lang='lat' dir='ltr'><strong>somniant</strong></span> 
     </span>
    </p>
   </div>
   <div class='ocr_carea' id='block_1_79' title="bbox 1930 2360 3497 2431">
    <p class='ocr_par' dir='ltr' id='par_1_79' title="bbox 1930 2360 3497 2431">
     <span class='ocr_line' id='line_1_80' title="bbox 1930 2360 3497 2431; baseline -0.004 -9"><span class='ocrx_word' id='word_1_466' title='bbox 1930 2367 2164 2431; x_wconf 88' lang='lat' dir='ltr'><strong>viderat,</strong></span> <span class='ocrx_word' id='word_1_467' title='bbox 2205 2366 2398 2420; x_wconf 90' lang='lat' dir='ltr'><strong>diurna</strong></span> <span class='ocrx_word' id='word_1_468' title='bbox 2431 2364 2554 2418; x_wconf 89' lang='lat' dir='ltr'><strong>luce</strong></span> <span class='ocrx_word' id='word_1_469' title='bbox 2580 2370 2874 2418; x_wconf 90' lang='lat' dir='ltr'><strong>exsecutus</strong></span> <span class='ocrx_word' id='word_1_470' title='bbox 2899 2370 3004 2417; x_wconf 91' lang='lat' dir='ltr'><strong>est.</strong></span> <span class='ocrx_word' id='word_1_471' title='bbox 3040 2360 3098 2417; x_wconf 93' lang='lat' dir='ltr'><strong>Id</strong></span> <span class='ocrx_word' id='word_1_472' title='bbox 3137 2370 3315 2417; x_wconf 90' lang='lat' dir='ltr'><strong>tamen</strong></span> <span class='ocrx_word' id='word_1_473' title='bbox 3354 2362 3497 2416; x_wconf 89' lang='lat' dir='ltr'><strong>baud</strong></span> 
     </span>
    </p>
   </div>
   <div class='ocr_carea' id='block_1_80' title="bbox 1935 2452 3502 2528">
    <p class='ocr_par' dir='ltr' id='par_1_80' title="bbox 1935 2452 3502 2528">
     <span class='ocr_line' id='line_1_81' title="bbox 1935 2452 3502 2528; baseline -0.003 -16"><span class='ocrx_word' id='word_1_474' title='bbox 1935 2457 2170 2512; x_wconf 84' lang='lat' dir='ltr'><strong>absurde</strong></span> <span class='ocrx_word' id='word_1_475' title='bbox 2199 2455 2344 2528; x_wconf 89' lang='lat' dir='ltr'><strong>Cyro</strong></span> <span class='ocrx_word' id='word_1_476' title='bbox 2372 2454 2476 2524; x_wconf 91' lang='lat' dir='ltr'><strong>ipsi</strong></span> <span class='ocrx_word' id='word_1_477' title='bbox 2503 2453 2762 2508; x_wconf 88' lang='lat' dir='ltr'><strong>tribuitur</strong></span> <span class='ocrx_word' id='word_1_478' title='bbox 2786 2468 2803 2507; x_wconf 88' lang='lat'><strong>:</strong></span> <span class='ocrx_word' id='word_1_479' title='bbox 2829 2468 2953 2506; x_wconf 89' lang='lat' dir='ltr'><strong>cum</strong></span> <span class='ocrx_word' id='word_1_480' title='bbox 2975 2453 3120 2506; x_wconf 90' lang='lat' dir='ltr'><strong>enim</strong></span> <span class='ocrx_word' id='word_1_481' title='bbox 3136 2452 3323 2507; x_wconf 89' lang='lat' dir='ltr'><strong>eadem</strong></span> <span class='ocrx_word' id='word_1_482' title='bbox 3345 2460 3502 2508; x_wconf 67' lang='lat' dir='ltr'><strong>aetate</strong></span> 
     </span>
    </p>
   </div>
   <div class='ocr_carea' id='block_1_81' title="bbox 1936 2542 3497 2614">
    <p class='ocr_par' dir='ltr' id='par_1_81' title="bbox 1936 2542 3497 2614">
     <span class='ocr_line' id='line_1_82' title="bbox 1936 2542 3497 2614; baseline -0.001 -14"><span class='ocrx_word' id='word_1_483' title='bbox 1936 2547 2095 2601; x_wconf 89' lang='lat' dir='ltr'><strong>ambo</strong></span> <span class='ocrx_word' id='word_1_484' title='bbox 2129 2545 2386 2611; x_wconf 82' lang='lat' dir='ltr'><strong>vixerint,</strong></span> <span class='ocrx_word' id='word_1_485' title='bbox 2418 2551 2472 2600; x_wconf 92' lang='lat' dir='ltr'><strong>et</strong></span> <span class='ocrx_word' id='word_1_486' title='bbox 2499 2542 2719 2614; x_wconf 89' lang='lat' dir='ltr'><strong>quidem</strong></span> <span class='ocrx_word' id='word_1_487' title='bbox 2752 2543 3017 2612; x_wconf 88' lang='lat' dir='ltr'><strong>Tigranes</strong></span> <span class='ocrx_word' id='word_1_488' title='bbox 3049 2543 3310 2599; x_wconf 89' lang='lat' dir='ltr'><strong>societate</strong></span> <span class='ocrx_word' id='word_1_489' title='bbox 3343 2559 3497 2599; x_wconf 87' lang='lat' dir='ltr'><strong>com-</strong></span> 
     </span>
    </p>
   </div>
   <div class='ocr_carea' id='block_1_82' title="bbox 1936 2636 3494 2711">
    <p class='ocr_par' dir='ltr' id='par_1_82' title="bbox 1936 2636 3494 2711">
     <span class='ocr_line' id='line_1_83' title="bbox 1936 2636 3494 2711; baseline 0.001 -18"><span class='ocrx_word' id='word_1_490' title='bbox 1936 2639 2115 2693; x_wconf 91' lang='lat' dir='ltr'><strong>militii</strong></span> <span class='ocrx_word' id='word_1_491' title='bbox 2147 2638 2291 2711; x_wconf 89' lang='lat' dir='ltr'><strong>Cyro</strong></span> <span class='ocrx_word' id='word_1_492' title='bbox 2333 2639 2621 2695; x_wconf 85' lang='lat' dir='ltr'><strong>devinctus</strong></span> <span class='ocrx_word' id='word_1_493' title='bbox 2658 2637 2841 2703; x_wconf 86' lang='lat' dir='ltr'><strong>fuerit,</strong></span> <span class='ocrx_word' id='word_1_494' title='bbox 2873 2636 3117 2707; x_wconf 90' lang='lat' dir='ltr'><strong>ejusdem</strong></span> <span class='ocrx_word' id='word_1_495' title='bbox 3173 2639 3494 2694; x_wconf 87' lang='lat' dir='ltr'><strong>mandatum</strong></span> 
     </span>
    </p>
   </div>
   <div class='ocr_carea' id='block_1_83' title="bbox 1935 2732 2548 2790">
    <p class='ocr_par' dir='ltr' id='par_1_83' title="bbox 1935 2732 2548 2790">
     <span class='ocr_line' id='line_1_84' title="bbox 1935 2732 2548 2790; baseline 0 -4"><span class='ocrx_word' id='word_1_496' title='bbox 1935 2732 2226 2790; x_wconf 84' lang='lat' dir='ltr'><strong>exhaurire</strong></span> <span class='ocrx_word' id='word_1_497' title='bbox 2259 2733 2412 2788; x_wconf 88' lang='lat' dir='ltr'><strong>visus</strong></span> <span class='ocrx_word' id='word_1_498' title='bbox 2445 2739 2548 2787; x_wconf 91' lang='lat' dir='ltr'><strong>est.</strong></span> 
     </span>
    </p>
   </div>
   <div class='ocr_carea' id='block_1_84' title="bbox 2009 2820 3503 2893">
    <p class='ocr_par' dir='ltr' id='par_1_84' title="bbox 2009 2820 3503 2893">
     <span class='ocr_line' id='line_1_85' title="bbox 2009 2820 3503 2893; baseline 0.001 -18"><span class='ocrx_word' id='word_1_499' title='bbox 2009 2820 2062 2876; x_wconf 90' lang='lat'><strong>6.</strong></span> <span class='ocrx_word' id='word_1_500' title='bbox 2129 2821 2322 2893; x_wconf 85' lang='lat' dir='ltr'><strong>Agesis</strong></span> <span class='ocrx_word' id='word_1_501' title='bbox 2364 2823 2472 2878; x_wconf 92' lang='lat' dir='ltr'><strong>boc</strong></span> <span class='ocrx_word' id='word_1_502' title='bbox 2511 2823 2636 2878; x_wconf 92' lang='lat' dir='ltr'><strong>loco</strong></span> <span class='ocrx_word' id='word_1_503' title='bbox 2684 2820 2957 2893; x_wconf 82' lang='lat' dir='ltr'><strong>Lydorum</strong></span> <span class='ocrx_word' id='word_1_504' title='bbox 3007 2836 3226 2892; x_wconf 83' lang='lat' dir='ltr'><strong>quoque</strong></span> <span class='ocrx_word' id='word_1_505' title='bbox 3277 2837 3503 2893; x_wconf 75' lang='lat' dir='ltr'><strong>regnum</strong></span> 
     </span>
    </p>
   </div>
   <div class='ocr_carea' id='block_1_85' title="bbox 1938 2913 3503 2984">
    <p class='ocr_par' dir='ltr' id='par_1_85' title="bbox 1938 2913 3503 2984">
     <span class='ocr_line' id='line_1_86' title="bbox 1938 2913 3503 2984; baseline 0.002 -18"><span class='ocrx_word' id='word_1_506' title='bbox 1938 2913 2116 2983; x_wconf 89' lang='lat' dir='ltr'><strong>placet</strong></span> <span class='ocrx_word' id='word_1_507' title='bbox 2161 2915 2452 2971; x_wconf 89' lang='lat' dir='ltr'><strong>collocare.</strong></span> <span class='ocrx_word' id='word_1_508' title='bbox 2523 2918 2681 2969; x_wconf 88' lang='lat' dir='ltr'><strong>Anno</strong></span> <span class='ocrx_word' id='word_1_509' title='bbox 2734 2913 2979 2970; x_wconf 89' lang='lat' dir='ltr'><strong>Sosarmi</strong></span> <span class='ocrx_word' id='word_1_510' title='bbox 3025 2913 3306 2970; x_wconf 84' lang='lat' dir='ltr'><strong>Medorum</strong></span> <span class='ocrx_word' id='word_1_511' title='bbox 3360 2914 3503 2984; x_wconf 84' lang='lat' dir='ltr'><strong>regis</strong></span> 
     </span>
    </p>
   </div>
   <div class='ocr_carea' id='block_1_86' title="bbox 1937 3005 3506 3078">
    <p class='ocr_par' dir='ltr' id='par_1_86' title="bbox 1937 3005 3506 3078">
     <span class='ocr_line' id='line_1_87' title="bbox 1937 3005 3506 3078; baseline 0.002 -20"><span class='ocrx_word' id='word_1_512' title='bbox 1937 3005 2260 3062; x_wconf 87' lang='lat' dir='ltr'><strong>duodecimo</strong></span> <span class='ocrx_word' id='word_1_513' title='bbox 2291 3006 2557 3078; x_wconf 87' lang='lat' dir='ltr'><strong>olympias</strong></span> <span class='ocrx_word' id='word_1_514' title='bbox 2591 3007 2766 3078; x_wconf 89' lang='lat' dir='ltr'><strong>prima</strong></span> <span class='ocrx_word' id='word_1_515' title='bbox 2799 3014 3016 3078; x_wconf 87' lang='lat' dir='ltr'><strong>peracta</strong></span> <span class='ocrx_word' id='word_1_516' title='bbox 3044 3015 3127 3062; x_wconf 90' lang='lat' dir='ltr'><strong>est</strong></span> <span class='ocrx_word' id='word_1_517' title='bbox 3147 3047 3160 3074; x_wconf 92' lang='lat'><strong>,</strong></span> <span class='ocrx_word' id='word_1_518' title='bbox 3208 3006 3506 3076; x_wconf 84' lang='lat' dir='ltr'><strong>eodemque</strong></span> 
     </span>
    </p>
   </div>
   <div class='ocr_carea' id='block_1_87' title="bbox 1941 3097 2994 3170">
    <p class='ocr_par' dir='ltr' id='par_1_87' title="bbox 1941 3097 2994 3170">
     <span class='ocr_line' id='line_1_88' title="bbox 1941 3097 2994 3170; baseline 0.004 -22"><span class='ocrx_word' id='word_1_519' title='bbox 1941 3111 2085 3153; x_wconf 89' lang='lat' dir='ltr'><strong>anno</strong></span> <span class='ocrx_word' id='word_1_520' title='bbox 2126 3097 2339 3168; x_wconf 89' lang='lat' dir='ltr'><strong>primus</strong></span> <span class='ocrx_word' id='word_1_521' title='bbox 2370 3097 2514 3168; x_wconf 92' lang='lat' dir='ltr'><strong>apud</strong></span> <span class='ocrx_word' id='word_1_522' title='bbox 2539 3098 2717 3170; x_wconf 91' lang='lat' dir='ltr'><strong>Lydos</strong></span> <span class='ocrx_word' id='word_1_523' title='bbox 2745 3100 2994 3169; x_wconf 85' lang='lat' dir='ltr'><strong>regnavit</strong></span> 
     </span>
    </p>
   </div>
   <div class='ocr_carea' id='block_1_88' title="bbox 2007 3185 3059 3266">
    <p class='ocr_par' dir='ltr' id='par_1_88' title="bbox 2007 3185 3059 3266">
     <span class='ocr_line' id='line_1_89' title="bbox 2007 3185 3059 3266; baseline 0.003 -25"><span class='ocrx_word' id='word_1_524' title='bbox 2007 3185 2080 3266; x_wconf 79' lang='grc' dir='ltr'><strong>Ι.⁸</strong></span> <span class='ocrx_word' id='word_1_525' title='bbox 2128 3187 2373 3260; x_wconf 88' lang='lat' dir='ltr'><strong>Ardysus</strong></span> <span class='ocrx_word' id='word_1_526' title='bbox 2404 3189 2633 3260; x_wconf 64' lang='lat' dir='ltr'><strong>Alyattze</strong></span> <span class='ocrx_word' id='word_1_527' title='bbox 2663 3188 2824 3244; x_wconf 91' lang='lat' dir='ltr'><strong>annis</strong></span> <span class='ocrx_word' id='word_1_528' title='bbox 2872 3203 3059 3252; x_wconf 62' lang='grc' dir='ltr'>χχιιι.</span> 
     </span>
    </p>
   </div>
   <div class='ocr_carea' id='block_1_89' title="bbox 2007 3278 2694 3352">
    <p class='ocr_par' dir='ltr' id='par_1_89' title="bbox 2007 3278 2694 3352">
     <span class='ocr_line' id='line_1_90' title="bbox 2007 3278 2694 3352; baseline 0.001 -19"><span class='ocrx_word' id='word_1_529' title='bbox 2007 3278 2073 3333; x_wconf 93' lang='lat' dir='ltr'><strong>II.</strong></span> <span class='ocrx_word' id='word_1_530' title='bbox 2114 3280 2361 3352; x_wconf 84' lang='lat' dir='ltr'><strong>Alyattes</strong></span> <span class='ocrx_word' id='word_1_531' title='bbox 2390 3282 2550 3337; x_wconf 90' lang='lat' dir='ltr'><strong>annis</strong></span> <span class='ocrx_word' id='word_1_532' title='bbox 2583 3299 2694 3338; x_wconf 79' lang='lat' dir='ltr'><strong>xw.</strong></span> 
     </span>
    </p>
   </div>
   <div class='ocr_carea' id='block_1_90' title="bbox 2009 3369 2627 3430">
    <p class='ocr_par' dir='ltr' id='par_1_90' title="bbox 2009 3369 2627 3430">
     <span class='ocr_line' id='line_1_91' title="bbox 2009 3369 2627 3430; baseline 0.008 -7"><span class='ocrx_word' id='word_1_533' title='bbox 2009 3369 2097 3424; x_wconf 94' lang='lat' dir='ltr'><strong>llI.</strong></span> <span class='ocrx_word' id='word_1_534' title='bbox 2141 3371 2307 3428; x_wconf 89' lang='lat' dir='ltr'><strong>Meles</strong></span> <span class='ocrx_word' id='word_1_535' title='bbox 2335 3374 2494 3430; x_wconf 91' lang='lat' dir='ltr'><strong>annis</strong></span> <span class='ocrx_word' id='word_1_536' title='bbox 2530 3390 2627 3429; x_wconf 84' lang='lat' dir='ltr'><strong>xu.</strong></span> 
     </span>
    </p>
   </div>
   <div class='ocr_carea' id='block_1_91' title="bbox 2010 3461 2614 3520">
    <p class='ocr_par' dir='ltr' id='par_1_91' title="bbox 2010 3461 2614 3520">
     <span class='ocr_line' id='line_1_92' title="bbox 2010 3461 2614 3520; baseline 0.002 -3"><span class='ocrx_word' id='word_1_537' title='bbox 2010 3461 2102 3518; x_wconf 73' lang='lat' dir='ltr'><strong>IV.</strong></span> <span class='ocrx_word' id='word_1_538' title='bbox 2145 3462 2452 3520; x_wconf 88' lang='lat' dir='ltr'><strong>Candaules</strong></span> <span class='ocrx_word' id='word_1_539' title='bbox 2482 3480 2614 3519; x_wconf 84' lang='lat' dir='ltr'><strong>xvn.</strong></span> 
     </span>
    </p>
   </div>
   <div class='ocr_carea' id='block_1_92' title="bbox 2003 3554 3503 3633">
    <p class='ocr_par' dir='ltr' id='par_1_92' title="bbox 2003 3554 3503 3633">
     <span class='ocr_line' id='line_1_93' title="bbox 2003 3554 3503 3633; baseline -0.002 -22"><span class='ocrx_word' id='word_1_540' title='bbox 2003 3554 2299 3612; x_wconf 90' lang='lat' dir='ltr'><strong>Candaulis</strong></span> <span class='ocrx_word' id='word_1_541' title='bbox 2331 3556 2496 3627; x_wconf 87' lang='lat' dir='ltr'><strong>hujus</strong></span> <span class='ocrx_word' id='word_1_542' title='bbox 2532 3557 2817 3614; x_wconf 84' lang='lat' dir='ltr'><strong>historiam</strong></span> <span class='ocrx_word' id='word_1_543' title='bbox 2847 3566 3032 3613; x_wconf 87' lang='lat' dir='ltr'><strong>narrat</strong></span> <span class='ocrx_word' id='word_1_544' title='bbox 3054 3555 3503 3633; x_wconf 79' lang='lat' dir='ltr'><strong>Herodotus(80),_</strong></span> 
     </span>
    </p>
   </div>
   <div class='ocr_carea' id='block_1_93' title="bbox 1940 3649 3507 3727">
    <p class='ocr_par' dir='ltr' id='par_1_93' title="bbox 1940 3649 3507 3727">
     <span class='ocr_line' id='line_1_94' title="bbox 1940 3649 3507 3727; baseline 0.001 -25"><span class='ocrx_word' id='word_1_545' title='bbox 1940 3663 2132 3720; x_wconf 90' lang='lat' dir='ltr'><strong>nempe</strong></span> <span class='ocrx_word' id='word_1_546' title='bbox 2172 3650 2316 3721; x_wconf 92' lang='lat' dir='ltr'><strong>quod</strong></span> <span class='ocrx_word' id='word_1_547' title='bbox 2350 3652 2396 3707; x_wconf 91' lang='lat' dir='ltr'><strong>is</strong></span> <span class='ocrx_word' id='word_1_548' title='bbox 2425 3651 2594 3727; x_wconf 83' lang='lat' dir='ltr'><strong>nimio</strong></span> <span class='ocrx_word' id='word_1_549' title='bbox 2619 3668 2746 3725; x_wconf 85' lang='lat' dir='ltr'><strong>erga</strong></span> <span class='ocrx_word' id='word_1_550' title='bbox 2794 3669 2948 3710; x_wconf 88' lang='lat' dir='ltr'><strong>suam</strong></span> <span class='ocrx_word' id='word_1_551' title='bbox 2990 3652 3273 3723; x_wconf 90' lang='lat' dir='ltr'><strong>conjugem</strong></span> <span class='ocrx_word' id='word_1_552' title='bbox 3326 3649 3507 3704; x_wconf 89' lang='lat' dir='ltr'><strong>studio</strong></span> 
     </span>
    </p>
   </div>
   <div class='ocr_carea' id='block_1_94' title="bbox 1939 3739 3510 3814">
    <p class='ocr_par' dir='ltr' id='par_1_94' title="bbox 1939 3739 3510 3814">
     <span class='ocr_line' id='line_1_95' title="bbox 1939 3739 3510 3814; baseline -0.002 -19"><span class='ocrx_word' id='word_1_553' title='bbox 1939 3740 2280 3804; x_wconf 89' lang='lat' dir='ltr'><strong>elatus,banc</strong></span> <span class='ocrx_word' id='word_1_554' title='bbox 2308 3742 2629 3797; x_wconf 83' lang='lat' dir='ltr'><strong>feminarum</strong></span> <span class='ocrx_word' id='word_1_555' title='bbox 2656 3744 2899 3798; x_wconf 90' lang='lat' dir='ltr'><strong>omnium</strong></span> <span class='ocrx_word' id='word_1_556' title='bbox 2934 3743 3351 3814; x_wconf 86' lang='lat' dir='ltr'><strong>pulcherrimam</strong></span> <span class='ocrx_word' id='word_1_557' title='bbox 3393 3739 3510 3794; x_wconf 87' lang='lat' dir='ltr'><strong>exi-</strong></span> 
     </span>
    </p>
   </div>
   <div class='ocr_carea' id='block_1_95' title="bbox 1939 3832 3511 3907">
    <p class='ocr_par' dir='ltr' id='par_1_95' title="bbox 1939 3832 3511 3907">
     <span class='ocr_line' id='line_1_96' title="bbox 1939 3832 3511 3907; baseline 0 -21"><span class='ocrx_word' id='word_1_558' title='bbox 1939 3833 2272 3898; x_wconf 86' lang='lat' dir='ltr'><strong>stimaverit,</strong></span> <span class='ocrx_word' id='word_1_559' title='bbox 2323 3834 2686 3906; x_wconf 87' lang='lat' dir='ltr'><strong>nudatamque</strong></span> <span class='ocrx_word' id='word_1_560' title='bbox 2724 3836 2969 3894; x_wconf 84' lang='lat' dir='ltr'><strong>vestibus</strong></span> <span class='ocrx_word' id='word_1_561' title='bbox 3021 3833 3154 3907; x_wconf 86' lang='lat' dir='ltr'><strong>Gygi</strong></span> <span class='ocrx_word' id='word_1_562' title='bbox 3206 3834 3347 3888; x_wconf 89' lang='lat' dir='ltr'><strong>clam</strong></span> <span class='ocrx_word' id='word_1_563' title='bbox 3416 3832 3511 3887; x_wconf 89' lang='lat' dir='ltr'><strong>de-</strong></span> 
     </span>
    </p>
   </div>
   <div class='ocr_carea' id='block_1_96' title="bbox 1940 3923 3511 3999">
    <p class='ocr_par' dir='ltr' id='par_1_96' title="bbox 1940 3923 3511 3999">
     <span class='ocr_line' id='line_1_97' title="bbox 1940 3923 3511 3999; baseline -0.001 -21"><span class='ocrx_word' id='word_1_564' title='bbox 1940 3926 2325 3982; x_wconf 87' lang='lat' dir='ltr'><strong>monstraverit</strong></span> <span class='ocrx_word' id='word_1_565' title='bbox 2354 3944 2368 3993; x_wconf 91' lang='lat'>;</span> <span class='ocrx_word' id='word_1_566' title='bbox 2403 3943 2512 3998; x_wconf 89' lang='lat' dir='ltr'><strong>qua</strong></span> <span class='ocrx_word' id='word_1_567' title='bbox 2545 3927 2844 3999; x_wconf 88' lang='lat' dir='ltr'><strong>ignominia</strong></span> <span class='ocrx_word' id='word_1_568' title='bbox 2895 3928 3115 3998; x_wconf 75' lang='lat' dir='ltr'><strong>sapiens</strong></span> <span class='ocrx_word' id='word_1_569' title='bbox 3138 3940 3276 3980; x_wconf 87' lang='lat' dir='ltr'><strong>uxor</strong></span> <span class='ocrx_word' id='word_1_570' title='bbox 3309 3923 3377 3980; x_wconf 90' lang='lat' dir='ltr'><strong>ad</strong></span> <span class='ocrx_word' id='word_1_571' title='bbox 3403 3925 3511 3977; x_wconf 89' lang='lat' dir='ltr'><strong>ira-</strong></span> 
     </span>
    </p>
   </div>
   <div class='ocr_carea' id='block_1_97' title="bbox 1941 4014 3510 4086">
    <p class='ocr_par' dir='ltr' id='par_1_97' title="bbox 1941 4014 3510 4086">
     <span class='ocr_line' id='line_1_98' title="bbox 1941 4014 3510 4086; baseline 0.001 -18"><span class='ocrx_word' id='word_1_572' title='bbox 1941 4014 2197 4069; x_wconf 87' lang='lat' dir='ltr'><strong>cundiam</strong></span> <span class='ocrx_word' id='word_1_573' title='bbox 2227 4026 2498 4072; x_wconf 90' lang='lat' dir='ltr'><strong>commota</strong></span> <span class='ocrx_word' id='word_1_574' title='bbox 2544 4019 2906 4074; x_wconf 90' lang='lat' dir='ltr'><strong>occidendum</strong></span> <span class='ocrx_word' id='word_1_575' title='bbox 2959 4018 3256 4084; x_wconf 81' lang='lat' dir='ltr'><strong>curaverit,</strong></span> <span class='ocrx_word' id='word_1_576' title='bbox 3300 4015 3510 4086; x_wconf 90' lang='lat' dir='ltr'><strong>sibique</strong></span> 
     </span>
    </p>
   </div>
   <div class='ocr_carea' id='block_1_98' title="bbox 1941 4107 2694 4180">
    <p class='ocr_par' dir='ltr' id='par_1_98' title="bbox 1941 4107 2694 4180">
     <span class='ocr_line' id='line_1_99' title="bbox 1941 4107 2694 4180; baseline 0.004 -20"><span class='ocrx_word' id='word_1_577' title='bbox 1941 4107 2117 4161; x_wconf 79' lang='lat' dir='ltr'><strong>virum</strong></span> <span class='ocrx_word' id='word_1_578' title='bbox 2145 4107 2436 4168; x_wconf 83' lang='lat' dir='ltr'><strong>adsciverit</strong></span> <span class='ocrx_word' id='word_1_579' title='bbox 2472 4107 2694 4180; x_wconf 89' lang='lat' dir='ltr'><strong>Gygem.</strong></span> 
     </span>
    </p>
   </div>
   <div class='ocr_carea' id='block_1_99' title="bbox 2012 4196 2690 4270">
    <p class='ocr_par' dir='ltr' id='par_1_99' title="bbox 2012 4196 2690 4270">
     <span class='ocr_line' id='line_1_100' title="bbox 2012 4196 2690 4270; baseline 0.009 -20"><span class='ocrx_word' id='word_1_580' title='bbox 2012 4196 2076 4252; x_wconf 84' lang='lat' dir='ltr'><strong>V.</strong></span> <span class='ocrx_word' id='word_1_581' title='bbox 2117 4198 2292 4270; x_wconf 83' lang='lat' dir='ltr'><strong>Gyges</strong></span> <span class='ocrx_word' id='word_1_582' title='bbox 2313 4201 2471 4255; x_wconf 90' lang='lat' dir='ltr'><strong>annis</strong></span> <span class='ocrx_word' id='word_1_583' title='bbox 2501 4217 2690 4257; x_wconf 76' lang='lat' dir='ltr'><strong>xxxvi.</strong></span> 
     </span>
    </p>
   </div>
   <div class='ocr_carea' id='block_1_100' title="bbox 2015 4286 2760 4360">
    <p class='ocr_par' dir='ltr' id='par_1_100' title="bbox 2015 4286 2760 4360">
     <span class='ocr_line' id='line_1_101' title="bbox 2015 4286 2760 4360; baseline 0.005 -20"><span class='ocrx_word' id='word_1_584' title='bbox 2015 4286 2102 4342; x_wconf 79' lang='lat' dir='ltr'><strong>VI.</strong></span> <span class='ocrx_word' id='word_1_585' title='bbox 2143 4290 2320 4360; x_wconf 86' lang='lat' dir='ltr'><strong>Ardys</strong></span> <span class='ocrx_word' id='word_1_586' title='bbox 2342 4291 2499 4346; x_wconf 90' lang='lat' dir='ltr'><strong>annis</strong></span> <span class='ocrx_word' id='word_1_587' title='bbox 2532 4306 2760 4347; x_wconf 83' lang='lat' dir='ltr'><strong>xxxvm.</strong></span> 
     </span>
    </p>
   </div>
   <div class='ocr_carea' id='block_1_101' title="bbox 2011 4379 2779 4438">
    <p class='ocr_par' dir='ltr' id='par_1_101' title="bbox 2011 4379 2779 4438">
     <span class='ocr_line' id='line_1_102' title="bbox 2011 4379 2779 4438; baseline 0.008 -6"><span class='ocrx_word' id='word_1_588' title='bbox 2011 4379 2126 4436; x_wconf 77' lang='lat' dir='ltr'><strong>VII.</strong></span> <span class='ocrx_word' id='word_1_589' title='bbox 2167 4379 2447 4436; x_wconf 84' lang='lat' dir='ltr'><strong>Sadiartes</strong></span> <span class='ocrx_word' id='word_1_590' title='bbox 2499 4381 2658 4438; x_wconf 89' lang='lat' dir='ltr'><strong>annis</strong></span> <span class='ocrx_word' id='word_1_591' title='bbox 2688 4399 2779 4438; x_wconf 89' lang='lat' dir='ltr'><strong>xv.</strong></span> 
     </span>
    </p>
   </div>
   <div class='ocr_carea' id='block_1_102' title="bbox 2014 4471 2804 4546">
    <p class='ocr_par' dir='ltr' id='par_1_102' title="bbox 2014 4471 2804 4546">
     <span class='ocr_line' id='line_1_103' title="bbox 2014 4471 2804 4546; baseline 0.003 -20"><span class='ocrx_word' id='word_1_592' title='bbox 2014 4471 2131 4528; x_wconf 69' lang='lat' dir='ltr'><strong>VIII</strong></span> <span class='ocrx_word' id='word_1_593' title='bbox 2194 4475 2434 4546; x_wconf 90' lang='lat' dir='ltr'><strong>Alyattes</strong></span> <span class='ocrx_word' id='word_1_594' title='bbox 2461 4475 2622 4531; x_wconf 91' lang='lat' dir='ltr'><strong>annis</strong></span> <span class='ocrx_word' id='word_1_595' title='bbox 2654 4490 2804 4530; x_wconf 80' lang='lat' dir='ltr'><strong>xux.</strong></span> 
     </span>
    </p>
   </div>
   <div class='ocr_carea' id='block_1_103' title="bbox 2014 4564 2693 4620">
    <p class='ocr_par' dir='ltr' id='par_1_103' title="bbox 2014 4564 2693 4620">
     <span class='ocr_line' id='line_1_104' title="bbox 2014 4564 2693 4620; baseline 0.003 -3"><span class='ocrx_word' id='word_1_596' title='bbox 2014 4564 2106 4619; x_wconf 66' lang='lat' dir='ltr'><strong>IX.</strong></span> <span class='ocrx_word' id='word_1_597' title='bbox 2146 4564 2372 4620; x_wconf 67' lang='lat' dir='ltr'><strong>Croesus</strong></span> <span class='ocrx_word' id='word_1_598' title='bbox 2404 4565 2561 4620; x_wconf 89' lang='lat' dir='ltr'><strong>annis</strong></span> <span class='ocrx_word' id='word_1_599' title='bbox 2605 4581 2693 4620; x_wconf 83' lang='lat' dir='ltr'><strong>xv.</strong></span> 
     </span>
    </p>
   </div>
   <div class='ocr_carea' id='block_1_104' title="bbox 2018 4649 3510 4723">
    <p class='ocr_par' dir='ltr' id='par_1_104' title="bbox 2018 4649 3510 4723">
     <span class='ocr_line' id='line_1_105' title="bbox 2018 4649 3510 4723; baseline -0.003 -17"><span class='ocrx_word' id='word_1_600' title='bbox 2018 4651 2118 4706; x_wconf 85' lang='lat' dir='ltr'><strong>Hic</strong></span> <span class='ocrx_word' id='word_1_601' title='bbox 2151 4668 2296 4706; x_wconf 91' lang='lat' dir='ltr'><strong>anno</strong></span> <span class='ocrx_word' id='word_1_602' title='bbox 2345 4652 2471 4723; x_wconf 84' lang='lat' dir='ltr'><strong>Cyri</strong></span> <span class='ocrx_word' id='word_1_603' title='bbox 2521 4651 2932 4722; x_wconf 90' lang='lat' dir='ltr'><strong>quartodecimo</strong></span> <span class='ocrx_word' id='word_1_604' title='bbox 2973 4651 3175 4706; x_wconf 90' lang='lat' dir='ltr'><strong>dicitur</strong></span> <span class='ocrx_word' id='word_1_605' title='bbox 3224 4649 3293 4704; x_wconf 93' lang='lat' dir='ltr'><strong>ab</strong></span> <span class='ocrx_word' id='word_1_606' title='bbox 3318 4649 3510 4705; x_wconf 91' lang='lat' dir='ltr'><strong>eodem</strong></span> 
     </span>
    </p>
   </div>
   <div class='ocr_carea' id='block_1_105' title="bbox 1941 4738 3512 4813">
    <p class='ocr_par' dir='ltr' id='par_1_105' title="bbox 1941 4738 3512 4813">
     <span class='ocr_line' id='line_1_106' title="bbox 1941 4738 3512 4813; baseline -0.006 -16"><span class='ocrx_word' id='word_1_607' title='bbox 1941 4741 2085 4813; x_wconf 87' lang='lat' dir='ltr'><strong>Cyro</strong></span> <span class='ocrx_word' id='word_1_608' title='bbox 2131 4741 2471 4796; x_wconf 91' lang='lat' dir='ltr'><strong>interfectus.</strong></span> <span class='ocrx_word' id='word_1_609' title='bbox 2505 4739 2580 4794; x_wconf 92' lang='lat' dir='ltr'><strong>Ita</strong></span> <span class='ocrx_word' id='word_1_610' title='bbox 2605 4739 2875 4810; x_wconf 84' lang='lat' dir='ltr'><strong>Lydorum</strong></span> <span class='ocrx_word' id='word_1_611' title='bbox 2905 4755 3131 4810; x_wconf 88' lang='lat' dir='ltr'><strong>regnum</strong></span> <span class='ocrx_word' id='word_1_612' title='bbox 3163 4738 3372 4792; x_wconf 87' lang='lat' dir='ltr'><strong>finitum</strong></span> <span class='ocrx_word' id='word_1_613' title='bbox 3407 4744 3512 4792; x_wconf 88' lang='lat' dir='ltr'><strong>est.</strong></span> 
     </span>
    </p>
   </div>
   <div class='ocr_carea' id='block_1_106' title="bbox 1941 4830 3513 4889">
    <p class='ocr_par' dir='ltr' id='par_1_106' title="bbox 1941 4830 3513 4889">
     <span class='ocr_line' id='line_1_107' title="bbox 1941 4830 3513 4889; baseline -0.004 -3"><span class='ocrx_word' id='word_1_614' title='bbox 1941 4834 2320 4888; x_wconf 85' lang='lat' dir='ltr'><strong>Armeniorum</strong></span> <span class='ocrx_word' id='word_1_615' title='bbox 2368 4832 2868 4889; x_wconf 73' lang='lat' dir='ltr'><strong>tamenhistorieus</strong></span> <span class='ocrx_word' id='word_1_616' title='bbox 2896 4830 3072 4887; x_wconf 88' lang='lat' dir='ltr'><strong>Moses</strong></span> <span class='ocrx_word' id='word_1_617' title='bbox 3123 4830 3371 4884; x_wconf 76' lang='lat' dir='ltr'><strong>Crcesum</strong></span> <span class='ocrx_word' id='word_1_618' title='bbox 3423 4842 3513 4882; x_wconf 89' lang='lat' dir='ltr'><strong>ca-</strong></span> 
     </span>
    </p>
   </div>
   <div class='ocr_carea' id='block_1_107' title="bbox 1947 4920 3509 4995">
    <p class='ocr_par' dir='ltr' id='par_1_107' title="bbox 1947 4920 3509 4995">
     <span class='ocr_line' id='line_1_108' title="bbox 1947 4920 3509 4995; baseline -0.003 -17"><span class='ocrx_word' id='word_1_619' title='bbox 1947 4934 2099 4994; x_wconf 88' lang='lat' dir='ltr'><strong>ptum</strong></span> <span class='ocrx_word' id='word_1_620' title='bbox 2136 4924 2588 4995; x_wconf 87' lang='lat' dir='ltr'><strong>interfectumque</strong></span> <span class='ocrx_word' id='word_1_621' title='bbox 2614 4924 3010 4982; x_wconf 80' lang='lat' dir='ltr'><strong>abArtaxerxe</strong></span> <span class='ocrx_word' id='word_1_622' title='bbox 3047 4922 3248 4977; x_wconf 87' lang='lat' dir='ltr'><strong>Partho</strong></span> <span class='ocrx_word' id='word_1_623' title='bbox 3278 4920 3387 4991; x_wconf 92' lang='lat' dir='ltr'><strong>(8I)</strong></span> <span class='ocrx_word' id='word_1_624' title='bbox 3413 4921 3509 4985; x_wconf 87' lang='lat' dir='ltr'><strong>ait,</strong></span> 
     </span>
    </p>
   </div>
   <div class='ocr_carea' id='block_1_108' title="bbox 2045 5187 2530 5255">
    <p class='ocr_par' dir='ltr' id='par_1_108' title="bbox 2045 5187 2530 5255">
     <span class='ocr_line' id='line_1_109' title="bbox 2045 5187 2530 5255; baseline -0.002 -13"><span class='ocrx_word' id='word_1_625' title='bbox 2045 5191 2130 5255; x_wconf 90' lang='grc'><strong>79)</strong></span> <span class='ocrx_word' id='word_1_626' title='bbox 2170 5189 2340 5252; x_wconf 71' lang='grc' dir='ltr'><strong>11ἱδῑ.,</strong></span> <span class='ocrx_word' id='word_1_627' title='bbox 2366 5207 2415 5253; x_wconf 82' lang='grc' dir='ltr'>ι,</span> <span class='ocrx_word' id='word_1_628' title='bbox 2440 5187 2530 5242; x_wconf 73' lang='grc'><strong>28.</strong></span> 
     </span>
    </p>
   </div>
   <div class='ocr_carea' id='block_1_109' title="bbox 2018 5194 3513 5336">
    <p class='ocr_par' dir='ltr' id='par_1_109' title="bbox 2018 5194 3513 5336">
     <span class='ocr_line' id='line_1_110' title="bbox 2021 5194 2530 5258; baseline -0.002 -16"><span class='ocrx_word' id='word_1_629' title='bbox 2021 5194 2130 5258; x_wconf 87' lang='grc'>(79)</span> <span class='ocrx_word' id='word_1_630' title='bbox 2170 5194 2340 5252; x_wconf 69' lang='grc' dir='ltr'><strong>Ηίδῑ.,</strong></span> <span class='ocrx_word' id='word_1_631' title='bbox 2366 5207 2415 5253; x_wconf 83' lang='grc' dir='ltr'>ι,</span> <span class='ocrx_word' id='word_1_632' title='bbox 2440 5194 2530 5242; x_wconf 74' lang='grc'><strong>28.</strong></span> 
     </span>
     <span class='ocr_line' id='line_1_111' title="bbox 2018 5257 3513 5336; baseline -0.003 -21"><span class='ocrx_word' id='word_1_633' title='bbox 2018 5261 2141 5336; x_wconf 81' lang='grc'>(80)</span> <span class='ocrx_word' id='word_1_634' title='bbox 2169 5259 2283 5336; x_wconf 63' lang='lat' dir='ltr'><strong>[Iac</strong></span> <span class='ocrx_word' id='word_1_635' title='bbox 2318 5275 2482 5336; x_wconf 79' lang='lat' dir='ltr'><strong>super</strong></span> <span class='ocrx_word' id='word_1_636' title='bbox 2526 5274 2584 5336; x_wconf 78' lang='lat' dir='ltr'><strong>re</strong></span> <span class='ocrx_word' id='word_1_637' title='bbox 2622 5260 2894 5336; x_wconf 76' lang='lat' dir='ltr'><strong>recolatur</strong></span> <span class='ocrx_word' id='word_1_638' title='bbox 2937 5260 3104 5336; x_wconf 78' lang='lat' dir='ltr'><strong>Mosis</strong></span> <span class='ocrx_word' id='word_1_639' title='bbox 3139 5257 3513 5336; x_wconf 55' lang='lat' dir='ltr'><strong>Eborenensis</strong></span> 
     </span>
    </p>
   </div>
   <div class='ocr_carea' id='block_1_110' title="bbox 1946 5328 3514 5387">
    <p class='ocr_par' dir='ltr' id='par_1_110' title="bbox 1946 5328 3514 5387">
     <span class='ocr_line' id='line_1_112' title="bbox 1946 5328 3514 5387; baseline -0.004 0"><span class='ocrx_word' id='word_1_640' title='bbox 1946 5328 2184 5387; x_wconf 61' lang='lat' dir='ltr'><strong>locus&#39;in</strong></span> <span class='ocrx_word' id='word_1_641' title='bbox 2218 5329 2455 5385; x_wconf 89' lang='lat' dir='ltr'><strong>Eusebio</strong></span> <span class='ocrx_word' id='word_1_642' title='bbox 2482 5329 2548 5382; x_wconf 91' lang='lat' dir='ltr'><strong>ad</strong></span> <span class='ocrx_word' id='word_1_643' title='bbox 2580 5330 3109 5386; x_wconf 82' lang='lat' dir='ltr'><strong>annum.Abrahami</strong></span> <span class='ocrx_word' id='word_1_644' title='bbox 3137 5331 3264 5384; x_wconf 77' lang='lat' dir='ltr'><strong>I30t</strong></span> <span class='ocrx_word' id='word_1_645' title='bbox 3292 5344 3325 5383; x_wconf 87' lang='lat' dir='ltr'><strong>a</strong></span> <span class='ocrx_word' id='word_1_646' title='bbox 3354 5328 3514 5382; x_wconf 78' lang='lat' dir='ltr'><strong>nobis</strong></span> 
     </span>
    </p>
   </div>
   <div class='ocr_carea' id='block_1_111' title="bbox 1946 5397 3513 5470">
    <p class='ocr_par' dir='ltr' id='par_1_111' title="bbox 1946 5397 3513 5470">
     <span class='ocr_line' id='line_1_113' title="bbox 1946 5397 3513 5470; baseline -0.003 -14"><span class='ocrx_word' id='word_1_647' title='bbox 1946 5403 2171 5457; x_wconf 91' lang='lat' dir='ltr'><strong>relatus.</strong></span> <span class='ocrx_word' id='word_1_648' title='bbox 2211 5400 2277 5453; x_wconf 92' lang='lat' dir='ltr'><strong>Et</strong></span> <span class='ocrx_word' id='word_1_649' title='bbox 2307 5399 2523 5470; x_wconf 80' lang='lat' dir='ltr'><strong>quidem</strong></span> <span class='ocrx_word' id='word_1_650' title='bbox 2549 5397 2765 5453; x_wconf 88' lang='lat' dir='ltr'><strong>Samuel</strong></span> <span class='ocrx_word' id='word_1_651' title='bbox 2796 5417 2826 5454; x_wconf 90' lang='lat' dir='ltr'><strong>a</strong></span> <span class='ocrx_word' id='word_1_652' title='bbox 2849 5401 3015 5456; x_wconf 83' lang='lat' dir='ltr'><strong>Mosis</strong></span> <span class='ocrx_word' id='word_1_653' title='bbox 3038 5405 3513 5470; x_wconf 80' lang='lat' dir='ltr'><strong>progymnasmatc</strong></span> 
     </span>
    </p>
   </div>
   <div class='ocr_carea' id='block_1_112' title="bbox 1945 5469 3514 5542">
    <p class='ocr_par' dir='ltr' id='par_1_112' title="bbox 1945 5469 3514 5542">
     <span class='ocr_line' id='line_1_114' title="bbox 1945 5469 3514 5542; baseline -0.004 -16"><span class='ocrx_word' id='word_1_654' title='bbox 1945 5475 2128 5542; x_wconf 89' lang='lat' dir='ltr'><strong>potius</strong></span> <span class='ocrx_word' id='word_1_655' title='bbox 2162 5486 2324 5540; x_wconf 89' lang='lat' dir='ltr'><strong>quam</strong></span> <span class='ocrx_word' id='word_1_656' title='bbox 2365 5471 2434 5524; x_wconf 86' lang='lat' dir='ltr'><strong>ab</strong></span> <span class='ocrx_word' id='word_1_657' title='bbox 2465 5469 2738 5525; x_wconf 78' lang='lat' dir='ltr'><strong>Herodoto</strong></span> <span class='ocrx_word' id='word_1_658' title='bbox 2771 5469 3053 5526; x_wconf 79' lang='lat' dir='ltr'><strong>mutuatus</strong></span> <span class='ocrx_word' id='word_1_659' title='bbox 3079 5469 3219 5525; x_wconf 84' lang='lat' dir='ltr'><strong>hanc</strong></span> <span class='ocrx_word' id='word_1_660' title='bbox 3261 5469 3514 5524; x_wconf 86' lang='lat' dir='ltr'><strong>notitiam</strong></span> 
     </span>
    </p>
   </div>
   <div class='ocr_carea' id='block_1_113' title="bbox 1945 5544 2175 5597">
    <p class='ocr_par' dir='ltr' id='par_1_113' title="bbox 1945 5544 2175 5597">
     <span class='ocr_line' id='line_1_115' title="bbox 1945 5544 2175 5597; baseline -0.004 -1"><span class='ocrx_word' id='word_1_661' title='bbox 1945 5544 2175 5597; x_wconf 83' lang='lat' dir='ltr'><strong>videtur.</strong></span> 
     </span>
    </p>
   </div>
   <div class='ocr_carea' id='block_1_114' title="bbox 2020 5607 3514 5691">
    <p class='ocr_par' dir='ltr' id='par_1_114' title="bbox 2020 5607 3514 5691">
     <span class='ocr_line' id='line_1_116' title="bbox 2020 5607 3514 5691; baseline -0.001 -28"><span class='ocrx_word' id='word_1_662' title='bbox 2020 5611 2366 5691; x_wconf 74' lang='lat' dir='ltr'><strong>(b‘l)_Parlho</strong></span> <span class='ocrx_word' id='word_1_663' title='bbox 2415 5615 2634 5672; x_wconf 85' lang='lat' dir='ltr'><strong>scilicet</strong></span> <span class='ocrx_word' id='word_1_664' title='bbox 2666 5612 3032 5691; x_wconf 85' lang='lat' dir='ltr'><strong>cognomine;</strong></span> <span class='ocrx_word' id='word_1_665' title='bbox 3075 5619 3192 5669; x_wconf 85' lang='lat' dir='ltr'><strong>erat</strong></span> <span class='ocrx_word' id='word_1_666' title='bbox 3237 5609 3381 5665; x_wconf 87' lang='lat' dir='ltr'><strong>enim</strong></span> <span class='ocrx_word' id='word_1_667' title='bbox 3426 5607 3514 5662; x_wconf 86' lang='lat' dir='ltr'><strong>hic</strong></span> 
     </span>
    </p>
   </div>
   <div class='ocr_carea' id='block_1_115' title="bbox 1946 5684 2358 5738">
    <p class='ocr_par' dir='ltr' id='par_1_115' title="bbox 1946 5684 2358 5738">
     <span class='ocr_line' id='line_1_117' title="bbox 1946 5684 2358 5738; baseline 0.002 -1"><span class='ocrx_word' id='word_1_668' title='bbox 1946 5684 2213 5738; x_wconf 71' lang='lat' dir='ltr'><strong>Armeniae</strong></span> <span class='ocrx_word' id='word_1_669' title='bbox 2246 5699 2358 5738; x_wconf 78' lang='lat' dir='ltr'><strong>rex.</strong></span> 
     </span>
    </p>
   </div>
  </div>
