3878 6264
396 362 500 417 627

1457 348 1805 405 APPENDIX
1832 346 1922 403 AD
1962 342 2231 401 EUSEBII
2269 340 2681 400 CHRONICON.

3576 312 3681 367 69.8

399 477 625 549 ejusque
659 474 739 532 rei
779 474 1087 545 complures
1142 476 1314 526 testes
1363 469 1601 532 invocat,
1636 475 1696 523 ut
1736 466 1791 521 in
1845 465 1967 536 ejus
1996 470 2041 529 Α
2144 462 2261 519 XII.
2327 457 2815 524 Archelausﬁannis
2835 470 2983 511 xxiv.

401 568 540 621 libro
567 567 677 637 (82)
715 566 896 621 videre
927 573 1033 619 est.

471 659 524 717 7.
564 659 703 730 Ergo
733 659 834 713 hoc
863 664 1043 728 pacto,
1071 650 1766 725 proutnarratur,sublatis
1794 647 1966 718 Baby-

401 749 700 814 loniorum,
728 748 1008 804 Medorum
1065 747 1447 820 Lydorumque
1482 743 1724 813 imperiis
1775 747 1967 811 regnat

468 841 512 898 l.
548 842 724 913 Cyrus
752 839 910 895 annis
944 855 1074 893 xxx.
1111 839 1162 893 Is
1189 838 1367 908 primo
1395 835 1544 903 regni
1580 833 1665 887 sui
1700 846 1843 885 anno
1870 828 1968 884 Ju-

402 933 569 989 daica:
594 932 770 1003 gentis
808 930 1200 1002 quinquaginta
1232 927 1403 982 millia
1426 925 1767 996 captivorum
1805 922 1969 977 Iiber-

401 1034 512 1082 tate
541 1026 762 1081 donavit
793 1042 808 1078 :
836 1023 928 1093 qui
958 1022 1180 1092 quidem
1219 1018 1599 1087 Hierosolyma
1623 1012 1834 1069 reversi
1887 1013 1967 1066 al—

402 1127 519 1173 tare
548 1102 942 1177 excitaverunt,
976 1112 1270 1181 templique
1304 1108 1664 1163 fundamenta
1681 1105 1964 1174 iecerunt:

400 1206 545 1276 quod
567 1214 746 1260 tamen
771 1203 1119 1258 ﬁnitimarum
1139 1201 1376 1268 gentium
1396 1210 1562 1252 causa
1586 1192 1967 1265 imperfectum

400 1296 652 1351 manebat
687 1309 863 1364 usque
895 1293 961 1346 ad
997 1291 1212 1345 Darium
1238 1289 1539 1358 Vestaspis.
1570 1285 1828 1358 Tomyris
1856 1283 1968 1338 Ida-

401 1395 709 1458 sagetarum
741 1385 963 1441 heroina
996 1382 1195 1454 Cyrum
1226 1380 1518 1437 interfecit.

472 1474 536 1529 II.
578 1475 874 1546 Cambyses
913 1473 1069 1526 annis
1098 1488 1174 1526 ix.
1455 1524 1459 1529 .

471 1567 559 1624 III.
601 1566 741 1637 Magi
772 1567 881 1621 duo
910 1564 1110 1620 fratres
1139 1563 1422 1618 mensibus
1452 1576 1576 1616 vm.

469 1660 560 1716 IV.
600 1659 796 1715 Darius
828 1657 1106 1728 Vestaspis
1142 1656 1284 1711 Iilius
1307 1655 1465 1710 annis
1487 1667 1669 1707 xxxvt.

464 1751 635 1822 Hujus
686 1752 855 1806 altero
888 1765 1031 1804 anno
1068 1746 1365 1802 Zorobabel
1406 1745 1666 1815 templum
1714 1740 1964 1804 aediﬁcat,

2143 552 2282 608 XIII.
2325 551 2550 607 Orestes
2576 549 2736 604 annis
2765 563 2848 603 III.

2140 644 2284 699 XIV.
2326 643 2627 699 Archelaus
2659 639 2818 695 annis
2862 652 2953 691 ιιι.

2135 736 2249 790 XV.
2281 737 2540 807 Amyntas
2570 746 2714 788 anno
2743 746 2781 785 l.

2141 827 2284 882 XVl.
2326 825 2625 881 Pausanias
2655 837 2799 878 anno
2827 838 2866 875 ι.

2140 920 2305 975 XVII.
2346 922 2610 989 Amyntas
2638 915 2796 970 annis
2820 928 2896 967 vr.

2137 1012 2319 1069 XVIII.
2357 1011 2584 1081 Argaeus
2608 1006 2766 1062 annis
2786 1021 2845 1060 ιι.

2143 1106 2284 1163 XIX.
2311 1105 2575 1175 Amyntas
2603 1099 2765 1155 annis
2792 1110 2954 1151 xvm.

2139 1199 2258 1254 XX.
2298 1194 2604 1253 Alexander
2642 1205 2786 1246 anno
2808 1206 2848 1244 I.

2135 1290 2278 1345 XXI.
2321 1288 2644 1344 Ptolemaeus
2671 1281 2830 1337 annis
2856 1293 2929 1333 tv.

2142 1381 2311 1437 XXII.
2350 1377 2614 1434 Perdicca
2637 1372 2798 1428 annis
2832 1385 2906 1425 tv.

2142 1469 2334 1527 XXIII.
2364 1466 2651 1536 Philippus
2681 1459 2838 1514 annis
2870 1471 3023 1510 xxvn.

2139 1562 2328 1618 xxw.
2365 1531 2670 1616 Alexander
2705 1549 2939 1620 Philippi
2963 1545 3127 1601 annis
3183 1554 3271 1596 ιιι
3300 1543 3361 1594 et
3386 1531 3669 1592 mensibus

2067 1674 2142 1713 γι.
2166 1655 2267 1710 Hic
2295 1653 2483 1708 orbem
2513 1656 2785 1704 terrarum
2824 1635 3210 1708 compluribus
3255 1627 3491 1699 regibus
3531 1622 3668 1693 deje-

2067 1749 2171 1805 ctis
2194 1743 2447 1806 obtinuit,
2463 1751 2740 1807 annosque
2754 1746 2902 1787 xxxu
2916 1735 3077 1783 natus
3093 1721 3390 1794 Babylone
3410 1716 3552 1807 diem
3575 1727 3663 1770 su-

402 1806 566 1914 quod.
579 1806 724 1899 anno
743 1853 936 1913 quarto
967 1839 1289 1912 olympiadis
1315 1806 1710 1908 quintaesupra
1748 1847 1968 1903 sexage-
1998 1816 2045 1877 Β
2074 1850 2318 1909 premam
2362 1831 2513 1888 obiit.
2550 1824 2759 1882 Exinde
2787 1820 3074 1890 imperium
3108 1813 3241 1883 ejus
3283 1811 3438 1913 inter
3485 1806 3667 1914 plures

402 1940 597 1995 simam
626 1939 937 1994 absolutum
975 1944 1079 1991 est.

470 2027 536 2085 V.
576 2028 786 2084 Xerxes
811 2026 962 2080 Darii
1020 2025 1179 2081 annis
1212 2041 1323 2080 xxi.

470 2119 560 2177 Vl.
597 2120 910 2175 Artabanus
934 2118 1216 2173 mensibus
1268 2130 1369 2170 νιι.

471 2209 584 2266 VII.
653 2211 889 2266 Artaxes
947 2209 1318 2279 Longimanus
1371 2206 1530 2275 annis
1566 2222 1653 2261 xu.
1713 2200 1971 2258 Nonnulli

400 2302 684 2359 Estherem
709 2303 813 2359 sub
831 2304 935 2358 hoc
957 2301 1239 2360 exstitisse
1271 2300 1453 2356 aiunt:
1480 2299 1627 2371 quod
1646 2314 1745 2371 ego
1764 2308 1969 2359 tamen.

401 2394 580 2464 inquit
640 2394 911 2450 Eusebius
942 2392 1090 2465 (85),
1145 2406 1253 2446 non
1295 2391 1489 2462 probo,
1533 2387 1973 2461 quandoquidem

400 2488 587 2543 Esdraa
624 2487 751 2543 libri
775 2502 871 2558 per
893 2500 1011 2541 eam
1035 2491 1252 2540 aetatem
1280 2482 1471 2553 scripti
1506 2482 1710 2535 nullam
1753 2479 1872 2548 ejus
1897 2475 1979 2531 rei

401 2580 737 2636 mentionem
767 2578 995 2633 faciunt.

475 2673 604 2727 VIII.
658 2671 867 2727 Xerxes
897 2669 1176 2725 mensibus
1203 2684 1263 2722 ιι.

471 2765 562 2818 IX.
616 2764 922 2835 Sogdianus
957 2762 1240 2819 mensibus
1275 2775 1366 2814 vn.

474 2856 541 2909 Χ.
605 2854 808 2910 Darius
855 2853 1075 2908 Nothus
1106 2853 1270 2906 annis
1299 2867 1418 2916 xix,
1450 2849 1518 2903 ab
1545 2846 1852 2918 Olympiade
1880 2859 1976 2899 oe-

400 2948 663 3018 togesima
699 2961 860 3002 nona.

472 3036 565 3093 XI.
603 3038 837 3094 Artaxes
863 3036 1119 3092 Mnemon
1145 3033 1307 3092 annis
1339 3047 1427 3086 ιι..
1476 3029 1589 3084 Sub
1619 3028 1724 3085 hoc
1781 3026 1978 3082 Esther

404 3130 529 3186 fuit.

476 3220 594 3277 XII.
636 3221 891 3285 Artaxes,
918 3218 1015 3288 qui
1068 3225 1123 3273 et
1175 3214 1380 3279 Ochus,
1413 3211 1573 3267 annis
1612 3226 1763 3266 xxv}.

480 3313 616 3370 XIII.
658 3315 889 3368 Artaxes
918 3310 1052 3367 Ochi
1080 3310 1241 3364 annis
1268 3324 1343 3364 iv.

474 3405 615 3461 XIV.
656 3405 853 3460 Darius
886 3404 1101 3459 Arsami
1132 3401 1291 3456 annis
1320 3415 1395 3454 VI.

480 3498 731 3554 IIiannos
760 3512 933 3551 ccxxx
967 3500 1369 3565 occupaverunt
1392 3490 1525 3563 (84).
1557 3489 1693 3544 Exin
1744 3487 1979 3541 Alexan-

407 3585 504 3643 der
524 3584 743 3641 Macedo
759 3593 950 3655 regnat
965 3599 1110 3638 anno
1124 3584 1299 3653 primo
1325 3579 1650 3652 olympiadis
1669 3579 1981 3634 centesimas

410 3677 729 3741 undecimae,
783 3676 1119 3747 septimoque
1173 3676 1325 3745 regni
1351 3675 1436 3729 sui
1482 3689 1626 3728 anno
1650 3672 1977 3742 Babylonem

409 3772 577 3842 capit,
604 3771 901 3842 occisoque
923 3769 1089 3825 Dario
1133 3768 1426 3826 Persarum
1491 3766 1782 3837 imperium
1814 3764 1978 3819 delet.

1999 3168 2039 3221 C

481 3883 535 3938 8.
574 3882 730 3939 Nunc
788 3882 1041 3953 quoniam
1065 3882 1121 3938 in
1140 3874 1432 3937 Alexandri
1451 3881 1775 3934 mentionem
1794 3876 1980 3935 incidi.

410 3974 563 4029 lubet
590 3974 659 4028 ab
713 3973 921 4044 origine
979 3983 1211 4029 cunctos
1242 3971 1598 4026 Macedonum
1651 3983 1806 4038 reges
1857 3965 1982 4019 huic

415 4067 619 4133 scripto
647 4066 987 4137 consignare.
1011 4062 1197 4135 Neque
1225 4064 1369 4120 enim
1404 4062 1710 4117 Alexander
1744 4057 1985 4113 Macedo-

414 4174 544 4214 num
562 4174 659 4214 rex
688 4159 901 4229 primus
928 4158 1048 4221 fuit,
1072 4157 1167 4213 sed
1200 4164 1429 4228 quartus
1449 4170 1620 4225 supra
1643 4154 1986 4209 vicesimum.

412 4251 525 4322 jam
567 4250 778 4322 primus
824 4248 1181 4305 Macedonum
1218 4264 1317 4304 rex
1350 4248 1451 4302 fuit

484 4341 530 4396 I.
600 4342 846 4398 Caranus
880 4342 1038 4397 annis
1069 4357 1204 4396 xxii.

483 4432 549 4487 ll.
623 4433 828 4489 Cmnus
859 4432 1019 4487 annis
1043 4448 1135 4485 xu.

486 4527 576 4580 Ill.
616 4525 925 4598 Tyrimmas
956 4525 1115 4579 annis
1147 4539 1379 4578 xxxviii.

485 4616 577 4674 ιν.
616 4616 875 4673 Perdicca
917 4616 1076 4671 annis
1104 4630 1174 4669 Li.

485 4707 553 4765 V.
595 4710 861 4779 Argeiaus
895 4708 1058 4764 annis
1092 4720 1327 4761 xxxvm.

482 4800 576 4856 VI.
610 4800 900 4871 Philippus
930 4800 1092 4855 annis
1135 4813 1368 4855 xxxvut.

487 4890 602 4946 VII.
644 4889 861 4945 IEraaus
889 4890 1001 4961 (85)
1041 4889 1200 4944 annis
1233 4905 1385 4943 xm.

487 4982 626 5039 VIII.
668 4983 884 5038 Alcetas
912 4980 1075 5036 annis
1097 4996 1248 5037 xxix.

488 5076 582 5132 IX.
632 5080 893 5148 Amyntas
931 5073 1090 5130 annis
1113 5089 1167 5128 ι..

487 5169 557 5224 X.
620 5167 927 5223 Alexander
957 5166 1117 5222 annis
1136 5180 1289 5220 xuv.

489 5261 582 5316 XI.
612 5259 872 5316 Perdicca
900 5259 1081 5329 annis;
1099 5271 1302 5313 xxvut.

512 5457 602 5526 εξ)
636 5454 805 5520 πίει..
840 5453 1007 5519 ιι,12.

514 5523 603 5595 85)
633 5526 714 5580 Ad
753 5542 949 5581 annum
980 5523 1137 5579 1555.

516 5586 604 5663 84)
639 5595 795 5666 Hune
831 5610 1046 5666 quoque
1077 5590 1466 5666 numeruuiab
1495 5587 1728 5666 Eusebio
1756 5586 1991 5666 desuth

436 5658 675 5723 Samuel.
699 5658 909 5737 Quippe
934 5658 1225 5737 Eusebius
1245 5661 1406 5737 apud_
1429 5660 1755 5719 Ccdrenum,
1778 5673 1830 5727 p.
1867 5658 1987 5719 195,

450 5739 515 5799 A,
544 5730 742 5792 scribit
786 5730 822 5789 η’
844 5730 1006 5805 ἐγω
1032 5734 1127 5805 _ad
1166 5730 1533 5805 Alexandrum
1590 5742 1763 5805 annos
1795 5741 1986 5805 ccxxx.

426 5797 752 5864 Conferatur
801 5797 980 5859 autem
1029 5802 1319 5857 Eusebiani
1358 5815 1544 5867 regum
1590 5797 1835 5854 Iaterculi
1880 5798 1989 5851 col.

2070 1895 2301 1985 divisum
2323 1933 2427 1980 est.
2455 1921 2593 1993 Ipsis
2610 1916 2828 1989 quidem
2858 1907 3259 1967 Macedonibus
3285 1903 3525 1993 imperat
3539 1895 3657 1993 Phi-

2070 2021 2251 2090 lippus
2274 2015 2365 2086 qui
2389 2021 2442 2069 et
2466 1985 2734 2075 Aridaeus;
2763 1999 3106 2058 Alexandria:
3136 2008 3282 2090 vero
3297 1985 3662 2090 Egypti‘Pto-

2070 2075 2482 2174 lernaeus-Lagi:
2505 2111 2618 2155 tum
2648 2097 2807 2152 annis
2835 2094 3073 2166 quinque
3089 2096 3224 2158 post
3247 2085 3489 2152 imperat
3511 2075 3658 2174 Asia:

2071 2201 2156 2257 nis
2190 2165 2494 2269 Antigonus
2521 2211 2537 2261 ;
2568 2165 2890 2247 duodecimo
2924 2183 3164 2261 denique
3210 2183 3346 2249 post
3374 2165 3658 2269 Alexandri

2072 2292 2281 2347 obitum
2317 2257 2463 2342 anno
2494 2257 2669 2356 Syris,
2699 2274 2959 2349 Babyloni
3012 2258 3316 2353 plagisque
3365 2257 3657 2332 superiori-

2075 2385 2178 2439 bus
2224 2380 2537 2436 dominatur
2559 2373 2824 2428 Seleucus
2863 2366 3119 2420 Nicanor.

2143 2438 2198 2531 9.
2237 2473 2351 2544 Age
2378 2483 2508 2525 vero
2527 2458 2972 2541 quandoquidem
3001 2456 3173 2509 hosce
3198 2438 3651 2544 commemoravi-.-

2072 2583 2216 2631 mus,
2248 2527 2590 2634 singulorum
2619 2566 2841 2625 quoque
2868 2547 3092 2604 nomina
3117 2527 3651 2611 scripto-complecti

2144 2676 2180 2713 ιι
2217 2658 2418 2713 uigeat.

2144 2676 2180 2713 ιι
2258 2675 2271 2711 ι
2343 2672 2418 2710 at.

2072 2672 2453 2805 noAlfxgaftdro
2495 2757 2528 2798 e
2572 2736 2713 2795 vivis
2750 2738 2962 2803 erepto,
2988 2720 3399 2782 Macedonibus
3442 2707 3651 2784 proprie

2076 2843 2308 2896 imperat

2150 2858 2317 2982 ἓξὲξ.
2358 2923 2666 2994 Philippus,
2691 2916 2786 2989 qui
2806 2920 2859 2970 et
2884 2909 3158 2971 Aridatus,
3192 2900 3359 2957 annis
3386 2911 3484 2950 vn.

2126 3017 2337 3075 ‘XXVI.
2379 3014 2658 3071 Casander
2681 3008 2840 3064 annis
2862 3020 2958 3061 XIX
2989 2998 3125 3072 (86).

2152 3109 2364 3168 XXVII.
2399 3106 2525 3162 Filii
2565 3104 2732 3174 hujus
2753 3099 2913 3155 annis
2934 3112 3008 3151 tv.

2146 3199 2384 3256 XXVIII.
2423 3193 2732 3269 Demetrius
2763 3188 2923 3244 annis
2953 3203 2987 3242 v
3023 3180 3163 3256 (87).

2147 3292 2336 3349 XXIX.
2376 3289 2618 3362 Pyrrhus
2652 3281 2934 3339 mensibus
2964 3292 3064 3331 vu.

2356 3346 2716 3454 Lysimachus
2746 3374 2907 3429 annis
2937 3387 2969 3424 v
3002 3376 3057 3424 et
3079 3361 3376 3421 mensibus
3401 3368 3476 3454 vlt
3518 3346 3637 3419 (83}-

2147 3476 2339 3534 XXXI.
2379 3445 2703 3530 Ptolemaeus
2724 3468 3008 3524 Ceraunus
3019 3472 3165 3515 anno
3179 3473 3199 3511 I
3215 3461 3273 3512 et
3287 3445 3557 3508 mensibus
3572 3456 3640 3495 Ix.

2152 3568 2369 3625 XXXII.
2411 3565 2681 3634 Meleager
2707 3556 2989 3614 mensibus
3016 3567 3078 3605 ιι.

2153 3661 2395 3718 XXXIII.
2432 3657 2725 3727 Antipater
2755 3652 2950 3707 diebus
2974 3661 3098 3701 xnv.

2148 3752 2387 3811 XXXIV.
2430 3750 2728 3807 Sosthenes
2751 3743 2912 3798 annis
2956 3755 3023 3796 ιι.

2160 3845 2375 3903 XXXV.
2426 3843 2731 3913 Antigonus
2756 3837 3001 3893 Gouatas
3026 3830 3189 3887 annis
3214 3841 3407 3887 xxxvt.

2153 3935 2396 3993 XXXVI.
2440 3925 2920 3988 Demetriusannis
2953 3940 3006 3978 x.

2145 4023 2413 4085 XXXVII.
2452 4023 2760 4094 Antigonus
2790 4016 2951 4072 annis
2983 4030 3072 4069 xv.

2156 4117 2441 4175 XXXVIII.
2474 4116 2760 4186 Philippus
2789 4110 2948 4165 annis
2978 4123 3117 4165 xm.

2155 4208 2401 4265 XXXIX.
2436 4206 2669 4262 Perseus
2694 4203 2854 4257 annis
2887 4218 2939 4255 x.

2159 4299 2454 4357 Interfecto
2482 4295 2705 4359 Perseo,
2733 4280 2971 4348 Romani
3010 4290 3404 4347 Macedonibus
3430 4286 3633 4341 Iiberta-

2091 4404 2199 4450 tem
2229 4389 2489 4462 impertiti
2517 4395 2665 4452 sunt,
2698 4386 2888 4455 eisque
2915 4384 2999 4439 sui
3022 4385 3163 4454 juris
3187 4398 3310 4440 esse
3368 4385 3628 4434 concesso-

2014 4508 2064 4567 ι)
2093 4494 2220 4542 runt
2253 4485 2411 4540 annis
2441 4498 2531 4536 xiv
2552 4479 2687 4550 (89).

2152 4576 2262 4633 XL.
2300 4574 2494 4631 Falsus
2515 4571 2798 4641 Philippus
2824 4583 2970 4624 anno
2999 4582 3042 4622 ι.

2169 4669 2394 4723 Summa
2426 4676 2694 4725 annorum
2715 4675 2954 4716 nchvu.

2165 4785 2254 4841 10.
2293 4780 2526 4837 Interest
2583 4785 2641 4834 et
2688 4782 2888 4833 caetera
2916 4787 3085 4846 regna
3128 4773 3450 4831 describere.
3487 4766 3625 4822 Anno

2094 4884 2219 4952 post
2264 4870 2561 4929 Alexandri
2582 4870 2694 4924 fata
2720 4868 2913 4940 quinto
2941 4868 3174 4939 imperat
3204 4864 3420 4923 Asianis

2152 4971 2194 5026 I.
2239 4968 2542 5037 Antigonus
2568 4963 2726 5017 annis
2748 4977 2898 5017 mu.

2161 5060 2227 5116 II.
2264 5056 2573 5114 Demetrius
2602 5054 2936 5110 Poliorcetes
2965 5053 3126 5109 annis
3148 5071 3280 5109 xru.

2169 5151 2467 5206 Amborum
2528 5147 2831 5204 dominatio
2886 5144 3178 5215 conjuncta
3228 5156 3393 5199 annos
3420 5133 3616 5200 θεθυραί

2094 5260 2259 5300 xxxv.
2281 5241 2471 5313 Operae
2507 5242 2742 5310 pretium
2796 5246 2883 5292 est
2909 5251 3005 5292 eos
3044 5235 3171 5291 item
3201 5236 3291 5307 qui
3320 5232 3401 5288 his
3427 5235 3614 5283 succes-

2096 5440 2221 5501 209,
2238 5453 2361 5493 cum
2396 5445 2523 5490 nota
2551 5436 2599 5489 '5.

2169 5510 2279 5580 (85)
2312 5507 2406 5580 I)_ic
2436 5504 2671 5580 Ᾱῖι-οριιδ
2701 5506 2786 5580 yel
2813 5502 3066 5580 @ropas.

2170 5567 2280 5651 (86)
2313 5567 2592 5651 Vetustior
2617 5577 2810 5636 codex,
2837 5567 3202 5629 Casnmauder
3229 5567 3372 5625 armis
3399 5572 3486 5619 xx.

2168 5648 2279 5716 (87)
2309 5649 2391 5702 Al.
2417 5648 2562 5707 cod.,
2595 5663 2682 5698 xv.

2167 5714 2275 5790 (88)
2310 5716 2636 5790 Conferatur
2674 5716 2939 5790 Eusebius
2970 5729 3008 5777 ι,
3039 5714 3128 5790 58,

2173 5783 2282 5857 (89)
2309 5788 2402 5844 Dic
2435 5804 2521 5842 xix
2560 5802 2683 5839 rum
2716 5786 2969 5851 Eusebio,
3003 5786 3106 5839 col.
3144 5783 3247 5837 2M
