3878 6264
194 318 294 382 633

254 432 721 513 Principesquod
752 438 861 495 vita
893 453 1136 510 maneret

165 534 173 551 ι
253 522 450 582 XVIII.
487 526 670 583 Melon
703 528 779 604 (3)
815 532 975 590 annis
1002 550 1097 595 xx.

252 616 398 675 XIX.
432 619 678 677 Acastus
706 624 864 680 annis
894 640 1079 681 xxxvi.

249 710 369 766 XX.
406 713 727 785 Archippus
754 719 915 774 annis
937 735 1052 776 xtx.

250 802 396 859 XXI.
427 802 775 879 Thersippus
802 812 962 866 annis
993 828 1101 867 χιι.

248 891 421 949 XXII.
453 893 710 953 Phorbas
734 899 894 954 annis
917 916 1066 955 xxxi.

250 986 450 1043 XXIII.
482 988 751 1060 Megaclcs
781 993 941 1048 annis
970 1009 1099 1049 xxx.

247 1076 446 1133 XXIV.
479 1078 787 1151 Diognetus
818 1084 978 1139 annis
1005 1100 1199 1139 XXVIII.

244 1169 414 1226 XXV.
444 1170 744 1230 Pheracles
766 1175 923 1241 annis
949 1192 1064 1245 xix.

244 1258 440 1315 XXVI.
479 1261 760 1333 Aripliron
786 1265 945 1330 annis
976 1282 1067 1320 xx.

250 1350 477 1408 XXVII.
518 1352 824 1425 Thespieus
848 1355 1008 1412 annis
1039 1373 1216 1423 xxvn.

250 1441 496 1498 XXVIII.
542 1445 858 1517 Agamestor
887 1449 962 1519 (4)
1000 1452 1157 1504 annis
1185 1466 1276 1512 xx.

246 1531 446 1589 XXIX.
485 1535 785 1608 Eschylus
809 1541 967 1594 annis
997 1556 1145 1603 χχιιι.

250 1624 438 1680 Primo
466 1625 721 1698 Eschyli
764 1643 908 1684 anno
968 1640 1158 1703 regnat
1201 1633 1340 1703 apud
1380 1631 1557 1705 Lydos
1589 1632 1764 1704 Ardy«

190 1733 322 1785 sus;
387 1719 565 1774 tertio
614 1727 796 1774 autem
862 1720 1025 1791 hujus
1084 1737 1227 1778 anno
1271 1723 1444 1793 prima
1496 1722 1761 1795 Olympias

902 322 1251 391 SAMUELIS
1280 328 1598 389 ANIENSIS
1631 331 1979 393 SUMMARII
2008 335 2394 399 TEMPQBUM
2412 338 2599 397 PARS
2628 341 2670 397 Ῑ.

1788 452 1839 513 Α
1937 450 2075 506 VIII.
2112 454 2484 511 Aristomedes
2516 456 2674 514 annis
2711 473 2875 516 χχχι.

1941 541 2032 597 IX.
2072 542 2313 614 Agemon
2343 544 2501 601 annis
2527 562 2640 600 xw.

1945 634 2012 688 X.
2052 636 2357 693 Alexander
2382 637 2540 692 annis
2576 654 2700 693 xxv.

1941 723 2031 779 XI.
2073 722 2314 782 Telcstes
2343 728 2499 781 annis
2521 742 2620 781 xu.

1942 815 2056 870 XII.
2096 816 2424 875 Automcnes
2453 819 2580 874 anni
2618 836 2678 876 ιι.

1941 908 2004 962 Ili
2036 917 2399 979 regnaverunt
2431 909 2589 965 annis
2625 926 2891 979 cccxxtv;
2924 913 3219 975 eodemque
3264 927 3428 981 anno,

1869 1015 1978 1068 quo
2000 998 2415 1066 Laceda‘monii,
2446 1003 2757 1058 desiverunt
2776 1005 2946 1074 prima
2969 1004 3290 1076 Olympiade.

1944 1090 2031 1144 I8.
2083 1088 2413 1159 Populorum
2463 1091 2701 1146 omnium
2749 1107 3043 1162 regumque
3092 1092 3430 1155 ethnicorum

1870 1189 2164 1236 extremam
2196 1182 2401 1252 placuit
2431 1182 2590 1236 nobis
2625 1180 2993 1236 Romanorum
3026 1183 3428 1254 cbronologiam

1871 1271 2157 1329 conﬁcere.
2184 1272 2351 1328 Nemo
2379 1273 2577 1343 quippe
2607 1280 2921 1328 cancrorum
2939 1274 3047 1329 voti
3078 1275 3251 1328 nostri
3282 1291 3432 1329 com-

1869 1382 1969 1437 pos
2008 1365 2186 1422 l'actus
2210 1372 2314 1432 est,
2353 1364 2576 1421 Cunts'rt
2603 1365 2847 1421 videlicet
2878 1366 3013 1422 lucis
3035 1367 3174 1422 ccclo
3206 1383 3430 1422 manan-

1867 1457 1958 1522 tis,
2023 1456 2154 1512 solis
2209 1456 2428 1527 inquam
2487 1455 2732 1527 justitiam
2791 1456 2990 1513 Verum
3050 1458 3137 1523 lii,
3180 1458 3247 1513 ad
3295 1473 3433 1529 quos

1869 1545 2186 1605 scribendos
2208 1561 2353 1601 nunc
2376 1548 2682 1618 aggredior,
2707 1562 3014 1618 quanquam
3058 1557 3224 1604 noctu
3255 1549 3353 1604 viae
3373 1565 3434 1606 se

1868 1638 2277 1702 commiserunt,
2315 1644 2474 1708 atque
2519 1638 2692 1705 initio,
2726 1638 2803 1693 uti
2834 1641 3043 1702 caeteri,
3077 1638 3132 1694 in
3195 1641 3434 1697 tenebris

1866 1731 2069 1786 versati
2120 1738 2287 1797 sunt;
2324 1731 2675 1785 nihilominus
2703 1746 2766 1785 ex
2808 1730 2892 1784 his
2927 1731 3114 1800 plures
3152 1732 3298 1804 digni
3331 1733 3429 1786 ha.

188 1815 298 1861 acta
327 1806 635 1863 est.Porro
677 1809 819 1864 hanc
865 1811 1229 1883 olympiadem
1275 1813 1514 1868 instituit
1557 1813 1759 1882 Iphitus

1891 1822 1960 1876 ιὶῑί
1996 1832 2121 1877 sunt
2149 1823 2239 1892 qui
2283 1821 2570 1890 splendore
2604 1819 2743 1874 Iucis
2769 1820 3239 1882 collustrarentur,
3271 1827 3428 1893 prout

190 1898 537 1955 Praxionidae
594 1900 866 1959 Haemonis
910 1898 1020 1975 ’(5),
1083 1903 1159 1957 Ex
1217 1905 1321 1959 hoc
1377 1904 1488 1974 jam
1522 1912 1765 1974 tempore

190 1988 501 2045 Graecorum
528 1992 885 2065 cbronologia
912 1995 1218 2050 ﬁrmitatem
1247 2011 1355 2066 pra:
1376 2011 1434 2052 se
1457 1996 1596 2050 ferre
1624 1995 1766 2051 vidc-

192 2089 275 2135 tur
289 2096 414 2136 cum
443 2092 613 2138 antea
653 2100 753 2156 pro
779 2101 879 2141 suo
907 2087 1140 2169 quisque
1167 2087 1320 2151 Iibito
1349 2104 1462 2144 rem
1488 2089 1757 2156 deﬁniret.

261 2172 426 2229 XXX.
464 2175 749 2232 Alcmaeon
774 2178 932 2235 annis
961 2193 1022 2235 ιι.

264 2264 459 2321 XXXI.
484 2266 741 2340 Charops
758 2272 917 2327 annis
939 2289 994 2327 x.

256 2358 467 2414 XXXII.
499 2359 809 2419 Esimides‘
830 2363 989 2420 annis
1020 2380 1072 2418 x.

254 2450 495 2509 XXXIII.
523 2454 773 2512 Clidicus
804 2456 962 2513 annis
992 2473 1047 2511 ι.

259 2544 496 2603 XXXIV.
524 2548 892 2620 Hippomenes
911 2550 1070 2607 annis
1090 2568 1144 2608 x.

260 2636 470 2695 XXXV.
500 2640 798 2699 Lcocrates
826 2645 983 2701 annis
1016 2662 1071 2700 x.

259 2727 495 2784 XXXVI.
530 2732 817 2801 Apsander
845 2734 1004 2789 annis
1036 2750 1091 2789 x.

260 2817 520 2876 XXXVII.
561 2821 789 2894 Eryxias
810 2824 970 2880 annis
992 2841 1047 2878 x.

258 2911 599 2968 Athenarum
659 2929 814 2986 reges
863 2923 982 2991 post
1036 2929 1208 2971 annos
1249 2929 1549 2971 ncccuxm
1594 2915 1759 2974 ﬁnem

199 3001 520 3063 habuerunt.

266 3092 343 3146 16.
376 3092 636 3150 Postulat
664 3094 899 3157 instituti
932 3094 1102 3151 nostri
1140 3096 1302 3159 ratio,
1327 3107 1385 3151 ut
1406 3096 1560 3153 hisce
1589 3096 1757 3152 Lace-

202 3180 591 3241 daemoniorum
629 3201 845 3257 quoque
885 3201 1042 3257 rcges
1091 3187 1476 3259 adjungamus,
1523 3202 1756 3259 quorum

203 3276 393 3345 primus
450 3292 608 3332 anno
665 3277 936 3333 Samuelis
997 3284 1052 3334 et
1104 3278 1287 3335 Saulis
1340 3286 1493 3336 sexto
1546 3270 1760 3340 decimo

203 3377 372 3440 regnat

260 3459 298 3518 Ι.
330 3461 673 3535 Eurystheus
712 3464 868 3520 annis
899 3479 1030 3520 xLu.

259 3548 318 3605 II.
355 3552 495 3624 Agis
519 3567 662 3608 anno
685 3568 721 3606 ι.

262 3640 342 3696 III.
381 3642 742 3701 Echestratus
775 3643 934 3699 annis
964 3660 1124 3700 xxxv.

264 3730 346 3788 IV.
379 3733 624 3790 Labotas
654 3733 811 3790 annis
832 3749 1040 3789 xxxvu.

269 3820 329 3876 V.
362 3822 656 3880 Doristhus
689 3824 848 3879 annis
880 3839 1032 3879 XXIX.

272 3911 350 3971 VI.
384 3917 674 3987 Agesilaus
696 3915 857 3970 annis
883 3930 1027 3971 xuv.

274 4001 372 4060 VII.
406 4007 708 4064 Archelaus
734 4008 893 4066 annis
918 4024 1008 4066 ιι.

274 4093 393 4151 VIII.
432 4098 679 4158 Teleclcs
715 4103 873 4167 annis
897 4116 987 4166 ιι..

270 4184 354 4242 IX.
390 4189 719 4252 Alcamanes
746 4194 905 4251 annis
931 4210 1136 4251 xxxvu.

271 4275 360 4335 His
389 4292 516 4351 post
534 4297 709 4340 annos
731 4300 933 4347 cccxxv
954 4286 1030 4361 (6)
1054 4288 1175 4346 ﬁnis
1197 4298 1278 4345 est
1299 4289 1603 4361 impositus.

273 4370 352 4425 I7.
390 4375 552 4433 Anno
584 4378 811 4441 istorum
852 4381 1051 4450 altero,
1088 4384 1178 4455 qui
1220 4391 1336 4440 erat
1381 4384 1626 4441 decimus
1667 4401 1757 4453 sc-

1863 1929 1964 1977 suo
1994 1916 2113 1970 loco
2141 1928 2438 1986 cognosces
2470 1912 2545 1985 (7)

1930 2003 2050 2060 Jam
2080 2019 2206 2061 vero
2239 2004 2400 2059 tertio
2426 2012 2547 2074 post
2579 2000 2733 2057 Ilium
2764 2008 2982 2070 captum
3017 2014 3181 2064 anno,
3212 1999 3431 2058 biennio

1863 2105 1987 2152 ante
2026 2094 2412 2167 Sampsonem,
2459 2092 2707 2149 Teutami
2757 2102 2937 2148 autem
2983 2091 3243 2147 vicesimo
3287 2106 3431 2146 nono

1863 2196 2006 2239 anno
2033 2179 2175 2252 apud
2204 2178 2427 2234 Latinos
2457 2184 2648 2249 regnat

1930 2269 1971 2324 Ι.
2011 2269 2215 2327 Encas
2243 2269 2401 2325 annis
2430 2283 2512 2323 ιιι.

1933 2357 1995 2420 Il.
2034 2357 2309 2415 Ascanius
2346 2356 2504 2413 annis
2525 2372 2754 2412 xxxviii.

1931 2448 2019 2505 III.
2062 2449 2263 2505 Silvius
2298 2448 2484 2504 {Encas
2508 2450 2664 2504 annis
2698 2463 2848 2503 χχιι.

1929 2538 2018 2594 IV.
2074 2538 2299 2595 Latinus
2337 2536 2540 2595 Silvius
2584 2538 2743 2593 annis
2783 2552 2937 2592 xxxt.
2978 2534 3017 2589 A
3062 2533 3255 2591 Latino
3296 2545 3433 2605 gens

1862 2631 2041 2694 Latini
2070 2630 2321 2704 appellati
2354 2645 2451 2704 per
2480 2644 2653 2685 annos
2684 2641 2902 2683 cccccx.

1931 2722 1995 2778 V.
2038 2721 2239 2778 Encas
2262 2722 2463 2777 Silvius
2493 2721 2652 2775 annis
2679 2735 2732 2775 ι..

1925 2812 2016 2869 VI.
2056 2814 2193 2868 Alba
2224 2810 2422 2869 Silvius
2444 2813 2601 2868 annis
2626 2826 2815 2867 χχχιι.

1931 2904 2043 2959 VII.
2083 2903 2276 2976 Epitus
2305 2903 2508 2959 Silvius
2534 2904 2694 2961 annis
2722 2918 2871 2958 xxvi.

1938 2998 2071 3054 VIII.
2113 2999 2291 3071 Capys
2325 2996 2526 3053 Silvius
2554 2998 2712 3053 annis
2737 3012 2928 3051 xxvtu.

1929 3087 2021 3144 IX.
2061 3089 2329 3143 Anchises
2363 3087 2442 3158 (8)
2475 3086 2674 3143 Silvius
2702 3086 2860 3142 annis
2888 3101 3005 3140 xm.

1930 3182 1999 3236 X.
2038 3181 2288 3237 Tiberius
2319 3181 2520 3236 Silvius
2543 3180 2699 3236 annis
2722 3195 2839 3235 VIII.

1932 3275 2022 3330 XI.
2062 3275 2297 3346 Agrippa
2331 3271 2533 3328 Silvius
2560 3272 2719 3327 annis
2740 3287 2849 3326 xu.

1931 3368 2044 3423 XII.
2081 3369 2374 3422 Aremulus
2404 3364 2606 3421 Silvius
2640 3363 2800 3418 annis
2824 3378 2936 3417 χιι.

1924 3461 2061 3517 XIII.
2100 3459 2363 3516 Aventius
2399 3457 2600 3513 Silvius
2628 3455 2787 3511 annis
2815 3470 3019 3510 xxxvu.

1927 3544 2068 3600 XIV.
2106 3543 2310 3600 Procas
2341 3541 2545 3597 Silvius
2566 3540 2728 3596 annis
2752 3555 2865 3594 χιι.

1930 3634 2048 3690 XV.
2086 3633 2337 3689 Amulius
2381 3631 2585 3687 Silvius
2629 3630 2787 3687 annis
2825 3645 2978 3684 XLIII.
3030 3629 3087 3684 In
3126 3628 3288 3698 hujus
3324 3640 3426 3683 an-

1863 3743 1993 3785 num
2019 3726 2290 3782 decimum
2318 3739 2522 3780 nonum
2549 3723 2722 3793 prima
2746 3720 3011 3793 Olympias
3033 3720 3282 3776 incurrit.

1930 3820 1970 3876 I.
2009 3817 2275 3875 Romulus
2310 3817 2469 3874 annis
2504 3814 2732 3871 xxxvxit.
2769 3812 2871 3868 Hic
2903 3827 3045 3868 anno
3085 3826 3185 3868 suo
3215 3811 3428 3867 decimo

1859 3927 2042 3979 nono,
2109 3913 2203 3984 qui
2266 3909 2366 3966 fuit
2430 3908 2751 3982 Olympiadis
2806 3906 3104 3962 undecima;
3178 3914 3424 3976 quartus,

1860 4005 2059 4077 templa
2100 4012 2155 4061 et
2184 4002 2385 4059 muenia
2422 4000 2607 4057 Romae
2636 3998 2898 4055 fundavit.
2933 3995 3072 4052 Hinc
3107 3997 3233 4051 anni
3274 3995 3425 4051 urbis

1861 4096 2093 4154 condita:
2128 4095 2305 4169 putari
2342 4094 2609 4166 incipiunt
2637 4093 2736 4166 (9),
2778 4093 2870 4164 qui
2901 4104 3044 4145 anno
3080 4089 3256 4160 primo
3293 4085 3426 4141 Phi-

1862 4189 1994 4260 lippi
2012 4189 2161 4244 miIle
2186 4194 2565 4243 numerantur.
2590 4182 2727 4241 Hinc
2754 4183 2918 4239 etiam
2949 4180 3123 4235 Latini
3153 4177 3426 4232 Romano-

1860 4297 1981 4337 rum
2033 4294 2231 4335 nomen
2282 4277 2608 4333 habuerunt.
2675 4274 3057 4345 Congeriintur
3120 4277 3299 4324 autem
3353 4283 3423 4323 ex

1861 4372 2035 4439 Enea
2064 4372 2130 4426 ad
2158 4369 2447 4426 Romulum
2473 4368 2600 4423 anni
2632 4381 2908 4422 ccccxxvi.

214 4461 395 4557 ptimus
428 4466 702 4527 Samuelis
730 4479 785 4529 et
818 4472 1018 4543 Saulis,
1060 4450 1249 4557 regnat
1277 4476 1417 4557 apud
1447 4450 1758 4545 Corinthio;
1786 4489 1832 4546 ι)
1933 4462 1996 4520 ιι.
2036 4464 2209 4519 Numa
2245 4461 2542 4557 Iiompilius
2562 4460 2729 4557 annis
2754 4454 3004 4557 quIAI‘ic
3031 4467 3246 4557 menses
3283 4450 3423 4506 duos

274 4555 311 4611 I.
348 4559 567 4617 Alethes
600 4565 758 4619 annis
783 4580 950 4628 xxxv.

272 4644 331 4701 Il.
369 4649 521 4707 Ixion
543 4656 699 4714 annis
726 4671 932 4722 xxxv".

274 4732 355 4790 III.
384 4738 617 4811 Agelaus
644 4743 803 4800 annis
825 4760 1029 4809 xxxvu.

276 4822 357 4880 IV.
394 4827 630 4888 Primnis
658 4832 817 4889 annis
842 4848 1003 4888 xxxv.

277 4914 339 4973 V.
377 4921 603 4979 Bacchis
641 4926 801 4981 annis
827 4941 989 4981 xxxv.

274 5005 356 5065 Vl.
393 5013 585 5087 Agelas
623 5017 781 5074 annis
808 5033 936 5073 xxx.

288 5098 383 5159 ιιι.
412 5104 717 5164 Eudcmeus
753 5108 912 5165 annis
937 5125 1071 5173 xxv.

288 5255 356 5331 (73)
383 5260 671 5331 Eusebius,
705 5264 919 5322 Medon.

378 5331 566 5406 ded.,
600 5325 921 5406 Agemestor.

285 5396 361 5486 1(5A)
393 5401 526 5486 Hec"
546 5396 744 5486 nomen
786 5415 1103 5486 corruptum
1142 5412 1226 5486 est
1263 5406 1416 5486 apud
1453 5406 1757 5463 Samueiem

232 5471 307 5537 uti
324 5474 452 5537 apud
487 5473 780 5529 Eusebium
808 5476 878 5528 ad
905 5471 1104 5531 annum
1127 5471 1416 5531 Abrah'ami
1436 5492 1631 5533 καί..

311 5536 363 5611 (Ξ)
383 5541 461 5611 Al.
490 5545 591 5598 cod
604 5584 640 5611 .,
684 5559 951 5601 cccxxvu.

293 5605 362 5688 (7)
387 5609 566 5669 Mirari
588 5605 719 5669 licet
742 5624 904 5686 atque
922 5615 1157 5672 osculari
1187 5616 1758 5688 reiigiosum'Armenii

236 5668 442 5729 hominis
479 5699 724 5729 sensum-
771 5686 860 5729 mli
915 5703 1024 5729 nm
1065 5688 1277 5729 rmlpric
1314 5688 1509 5729 nricnic
1546 5692 1758 5729 nni-mli:

236 5692 442 5736 nominis
479 5699 727 5747 sensum,
771 5692 860 5755 qui
915 5703 1024 5758 prae
1065 5692 1277 5743 caeteris
1314 5692 1509 5757 priscis
1546 5692 1758 5758 populis

236 5736 480 5812 Romanos
507 5754 758 5821 suspicit,
785 5757 907 5825 quia
942 5758 997 5814 hi
1027 5757 1232 5814 Christi
1262 5760 1380 5814 luce
1404 5758 1550 5828 digni
1590 5760 1756 5817 habiti

1857 4575 2000 4618 anno
2030 4556 2234 4612 addidit
2260 4554 2453 4609 Janum
2480 4561 2533 4607 et
2561 4551 2829 4608 Februum
2854 4548 2985 4617 (I0),
3009 4561 3199 4616 nempe
3218 4544 3420 4600 Janua-

1860 4654 1999 4709 rium
2037 4656 2200 4720 atque
2225 4644 2604 4708 Februarium,
2628 4658 2753 4698 cum
2784 4642 2969 4697 decem
2990 4645 3147 4693 antea
3174 4638 3421 4692 dicerem

1857 4750 1967 4803 tur.

1930 4830 2019 4899 III.
2059 4832 2248 4888 Tullus
2275 4828 2538 4884 Hostilius
2567 4825 2678 4898 (II)
2710 4824 2869 4881 annis
2895 4836 3066 4878 xxx".

1929 4928 2019 4983 IV.
2062 4927 2244 4983 Ancus
2271 4926 2504 4981 Marcius
2529 4921 2687 4977 annis
2708 4933 2871 4975 χχιιι.

1931 5018 1998 5075 ν.
2037 5018 2366 5088 Tarquinius
2409 5015 2630 5071 Priscus
2682 5012 2840 5067 annis
2906 5023 3088 5064 xxxv"
3138 5006 3270 5077 (12).
3323 5005 3422 5061 Hic

1860 5113 1948 5170 isti
1978 5111 2137 5166 ﬁnem
2172 5109 2390 5165 faciunt.

1860 5279 2009 5333 sunt.
2041 5272 2168 5325 dum
2195 5282 2385 5337 rerum,
2401 5266 2577 5321 adhuc
2605 5264 2929 5337 potirentur.

1934 5340 2009 5411 (8)
2040 5341 2329 5403 Eusebius,
2355 5336 2666 5411 Corragus.

1926 5407 2002 5484 (9)
2024 5412 2199 5484 Aliter
2231 5411 2291 5484 i_n_
2309 5408 2498 5484 codice
2534 5407 2856 5484 Eusebiano.

1928 5475 2041 5553 (f0)
2068 5482 2124 5535 In
2156 5480 2340 5553 cedi},
2363 5477 2563 5553 lunam
2585 5475 2923 5553 εενςέηιεςιιιηιζ

1956 5540 2043 5612 ιι)
2063 5551 2236 5606 Codd.
2261 5548 2551 5612 Samuelis,
2576 5540 2874 5600 Idiliuszt
2891 5544 3175 5606 Eusebius,
3199 5540 3413 5596 enim.

1956 5558 2043 5625 Il)
2063 5558 2236 5606 Codd.
2261 5558 2551 5612 Samuelis,
2576 5558 2787 5600 lamus.
2806 5558 2874 5598 At
2891 5558 3175 5606 Isuseulus,
3199 5558 3413 5625 qutms.

1931 5558 2044 5695 (12)
2080 5620 2195 5695 Duo
2229 5634 2406 5695 _regcs_
2447 5619 2828 5674 desiderantur
2851 5615 3059 5671 Servius
3106 5613 3333 5678 Tulltds,
3363 5620 3417 5667 et

1863 5687 2179 5765 Tarquinius
2220 5687 2502 5758 Superbus.
