3878 6264
402 374 509 433 655

1393 369 1736 426 APPENDIX
1772 369 1864 424 AD
1904 368 2174 426 EUSEBH
2207 369 2618 432 CHRONICON.

3555 379 3656 436 656

478 489 608 545 Post
657 504 814 560 reges
854 488 1187 561 praefuerunt
1240 488 1425 544 Romae
1475 491 1731 546 consules
1762 505 1791 544 a
1819 489 1987 544 Bruto
2015 495 2061 551 Α
2091 493 2274 551 sitam,
2301 507 2463 561 quam
2493 502 2548 548 et
2572 492 2858 548 Harchiam
2883 495 3234 566 nuncupavit.
3258 492 3479 550 Interim
3501 479 3677 555 Belus:

405 583 632 648 exorsi;
691 581 887 636 deinde
939 581 1164 645 tribuni,
1224 596 1350 635 mox
1405 580 1699 636 dictatores
1753 583 1984 651 (nempe

406 674 784 744 eloquentes);
831 689 1027 727 rursus
1065 673 1341 735 consules,
1384 673 1477 742 qui
1522 687 1551 726 a
1590 671 1888 743 Tarquinio
1919 673 1986 727 ad

406 765 598 820 Caium
629 764 831 819 Julium
865 764 1191 818 exstiterunt
1222 765 1380 818 annis
1408 779 1628 818 ccccu.

475 856 608 912 Post
667 857 766 910 hos
825 870 968 909 anno
1037 856 1208 909 altero
1271 856 1580 910 centesimas
1643 855 1988 924 octogesimas

409 957 622 1020 quarta:
658 948 986 1020 olympiadis
1015 963 1283 1003 summam
1328 955 1649 1019 potestatem
1699 947 1841 1018 apud
1880 947 1990 1000 Ro-

408 1057 600 1097 manos
645 1040 884 1096 exercuit
921 1039 1086 1093 Caius
1125 1038 1303 1095 Julius
1344 1041 1502 1094 annis
1543 1041 1806 1110 quinque,
1839 1057 1991 1094 men-

408 1135 562 1190 sibus
641 1141 846 1203 septem
902 1133 1105 1188 minus.
1171 1131 1307 1186 Exin
1369 1131 1640 1186 Caesarum
1705 1133 1991 1202 app-.llatio

407 1226 667 1281 obtinuit.
710 1223 828 1279 Jam
881 1225 987 1279 huc
1026 1240 1202 1295 usque
1247 1224 1373 1277 anni
1409 1223 1517 1279 duo
1547 1225 1844 1294 Cleopatrm
1889 1242 1993 1278 nn-

412 1323 731 1383 merantur;
779 1314 1022 1386 reliquos
1073 1314 1264 1385 viginti
1305 1311 1490 1368 eadem
1539 1314 1642 1369 sub
1703 1313 1966 1370 Romanis

413 1408 688 1480 exigebat.
1074 1395 1082 1408 ’

483 1502 760 1572 Augustus
788 1499 947 1554 annis
972 1514 1080 1564 Lvt,
1120 1497 1400 1553 mensibus
1427 1513 1503 1554 v1.
1530 1497 1613 1553 Ab
1642 1499 1802 1567 hujus
1819 1499 1993 1568 primo

417 1607 563 1646 anno
597 1591 922 1646 Antiocheni
951 1605 1080 1646 suos
1113 1605 1287 1645 annos
1320 1601 1629 1645 numerant.
1659 1589 1834 1660 Hujus
1866 1591 1991 1646 item

413 1699 558 1738 anno
580 1683 791 1739 decimo
815 1681 1124 1738 Judzeornm
1149 1683 1407 1752 praesules
1437 1684 1603 1736 amoti
1629 1689 1778 1746 sunt,
1809 1698 1996 1750 regna-

413 1773 597 1843 vitque
677 1771 918 1827 Herodes
953 1771 1272 1840 alienigena.
1350 1769 1489 1823 Ecce
1537 1778 1713 1824 autem
1765 1769 1992 1839 Augusti

2088 582 2140 635 in
2206 583 2442 653 reliquos
2491 599 2683 639 omnes
2734 585 3069 639 dominatum
3125 586 3385 656 adeptus,
3435 568 3676 644 Haicum’

2086 687 2301 743 quoque
2341 673 2665 744 Babylonem
2702 676 2931 728 accersit
2969 694 2981 728 :
3014 691 3245 745 cumque
3284 675 3483 732 Haicus
3509 694 3663 732 man-

2087 763 2213 817 data
2268 781 2374 819 non
2419 764 2641 830 faceret,
2691 767 2971 836 egreditur
3020 769 3281 823 adversus
3325 784 3447 822 eum
3501 768 3662 824 Belus

2094 857 2321 912 immani
2366 860 2673 927 arrogantia
2717 857 2912 914 elatus.
2960 857 3065 913 Sed
3104 859 3244 914 enim
3291 860 3395 914 telo
3425 860 3561 914 ictus
3587 861 3664 913 ab

2088 949 2256 1003 Haico
2287 949 2399 1002 vita
2425 949 2691 1018 spoliatur
2725 967 2738 1003 :
2773 950 2864 1019 qui
2889 950 3106 1020 quidem
3147 951 3288 1005 haud
3318 951 3504 1021 paucis
3539 961 3662 1022 post

2092 1037 2255 1092 annis
2284 1038 2394 1089 vita
2424 1037 2710 1107 producta,
2737 1036 2958 1093 ditionis
2981 1039 3245 1095 haercdem
3275 1042 3515 1096 moriens
3543 1042 3667 1095 reli-

2089 1131 2205 1201 quit
2227 1133 2607 1188 Armenacum.
3717 1206 3720 1208 _

2158 1223 2212 1279 Ξ.
2257 1224 2590 1278 Armenacus
2625 1224 2734 1295 (M)
2777 1221 2931 1278 Haici
2971 1223 3134 1285 ﬁlius.
3162 1233 3284 1294 post
3321 1226 3525 1280 obitum
3559 1241 3660 1296 pa-

2094 1311 2192 1365 tris
2214 1354 2227 1376 ,
2268 1311 2466 1366 fratres
2495 1311 2633 1366 duos
2663 1311 2903 1366 Chorum
2939 1319 2993 1367 et
3024 1311 3374 1368 Manavazum
3421 1315 3477 1368 in
3519 1314 3663 1369 Har-

2093 1402 2281 1457 chensi
2334 1403 2610 1472 provincia
2652 1403 2907 1473 reliquit,
2946 1404 3185 1475 itemque
3229 1405 3426 1460 Bazum
3473 1406 3661 1462 Mana-

2092 1495 2210 1548 vazi
2244 1495 2351 1565 (15)
2396 1495 2582 1550 filium.
2617 1494 2790 1550 Porro
2825 1511 2854 1550 a
2888 1496 3188 1551 Manavazo
3221 1497 3468 1570 Bazoque
3499 1498 3662 1553 dictae

2095 1582 2347 1637 feruntur
2388 1587 2638 1655 satrapite
2663 1585 2972 1642 Manavazia
3005 1597 3059 1642 et
3096 1588 3387 1653 Beznunia,
3423 1593 3663 1662 itemque

2095 1688 2159 1728 ea
2189 1691 2309 1744 qua:
2342 1673 2581 1730 Ordunia
2617 1677 2957 1746 appellatur:
2993 1694 3021 1732 a
3051 1679 3232 1735 Choro
3263 1690 3441 1736 autem
3471 1693 3666 1751 gentes

2098 1766 2546 1822 Chorehoruniaé.
2600 1769 2722 1838 lpse
2751 1785 2880 1824 vero
2909 1769 3250 1826 Armenacus
3291 1772 3432 1825 ultra
3478 1782 3665 1828 trans-

413 1868 586 1920 altero
612 1873 664 1920 et
693 1864 1130 1934 quadragesimo,
1161 1860 1392 1916 Herodis
1427 1862 1598 1916 altero
1632 1871 1686 1915 et
1715 1863 1990 1918 tricesimo
2022 1845 2064 1899 Β
2093 1873 2322 1928 gressus
2343 1898 2357 1921 ,
2409 1859 2464 1912 in
2517 1859 2745 1928 planitie
2800 1861 3044 1942 consedit
3089 1863 3235 1934 jugis
3283 1865 3622 1920 circumdata
3646 1907 3664 1930 ,

413 1973 578 2023 anno,
606 1973 801 2014 carens
833 1965 1074 2026 tempore
1108 1954 1292 2010 Fumus
1320 1953 1418 2007 DEI
1457 1962 1644 2008 sancta
1677 1969 1742 2008 ex
1771 1953 1991 2026 Virgine

413 2051 660 2106 nascitur
684 2050 738 2104 in
769 2057 1014 2119 tempore
1038 2047 1170 2117 (15).

1007 2179 1236 2235 CAPUT
1277 2177 1386 2238 VII.

758 2294 970 2350 Jabethi
1006 2296 1256 2363 prosapia
1294 2295 1637 2349 Armeniaca.

481 2409 702 2466 Priores
741 2408 877 2464 duas
917 2410 1296 2480 genealogias,
1334 2407 1480 2463 Semi
1533 2407 1788 2460 videlicet
1831 2412 1994 2475 atque

408 2501 622 2568 Chami,
654 2501 890 2557 breviter
923 2503 1323 2564 recensuimus,
1349 2499 1697 2568 easdemque,
1729 2505 1992 2567 quantum

412 2595 595 2658 licuit,
628 2610 726 2664 per
757 2595 1138 2650 successiones
1169 2602 1222 2648 et
1256 2600 1501 2661 tempora
1532 2589 1601 2644 ad
1635 2605 1759 2644 eum
1789 2604 1991 2643 annum

414 2703 587 2757 usque
626 2686 974 2751 deduximus,
1016 2702 1127 2756 quo
1187 2684 1567 2739 manifestatus
1611 2691 1694 2737 est
1732 2681 1995 2735 Dominus

413 2781 506 2849 qui
554 2779 847 2833 humanam
888 2786 1079 2848 sponte
1118 2785 1368 2830 naturam
1401 2774 1651 2828 adscivit.
1680 2773 1792 2840 Age
1826 2787 1991 2835 nunc,

413 2871 556 2940 quod
601 2870 849 2940 superior
896 2870 1070 2924 oratio
1118 2875 1306 2922 nostra
1348 2865 1631 2936 promisit,
1677 2864 1746 2918 ad
1781 2862 1994 2917 Jabethi

413 2977 632 3032 quoque
651 2962 961 3032 progeniem
983 2959 1398 3014 describendam
1427 2955 1753 3010 accedamus
1791 2973 1804 3010 :
1837 2954 1995 3024 cujus

415 3054 741 3110 successiva:
762 3053 1167 3125 procreationes
1193 3053 1258 3104 ad
1282 3049 1514 3104 Parthos
1537 3063 1710 3118 usque
1730 3046 1992 3110 defluunt,

421 3163 526 3219 quo
570 3150 625 3200 tit
675 3157 733 3201 ut
778 3135 901 3201 eum
949 3145 1205 3215 denique,
1236 3144 1328 3214 qui
1375 3142 1501 3197 fecit
1543 3149 1773 3210 utraque
1801 3155 1992 3202 unum,

2093 1966 2322 2021 quorum
2349 1951 2561 2007 elatiori
2585 1968 2779 2008 nomen
2805 1955 2926 2009 fecit
2948 1956 3190 2026 Aragazo
3215 1975 3228 2011 :
3263 1965 3374 2009 tum
3399 1959 3669 2015 Annaeiso

2093 2049 2215 2113 post
2291 2043 2497 2113 aliquot
2566 2044 2691 2098 vitm
2741 2060 2913 2102 annos
2979 2047 3196 2115 genito,
3245 2047 3338 2102 diu
3386 2048 3508 2103 exin
3565 2066 3668 2104 su-

2094 2142 2303 2205 perstes
2338 2134 2552 2188 demum
2589 2143 2798 2190 natura:
2829 2135 3114 2192 satisfecit.

2163 2227 2217 2280 5.
2259 2225 2554 2281 Armteisus
2585 2225 2696 2298 (l6)
2736 2228 3024 2282 Armenaci
3069 2228 3212 2284 filius
3243 2231 3533 2285 stationem
3562 2231 3670 2285 sibi

2095 2317 2148 2370 in
2181 2317 2320 2371 colle
2355 2316 2423 2370 ad
2457 2319 2633 2372 amnis
2660 2319 2834 2389 ripam
2866 2319 3119 2376 mdifieat.
3167 2320 3343 2390 Atque
3372 2322 3668 2376 stationem

2095 2409 2313 2479 quidem
2354 2424 2454 2464 suo
2499 2408 2564 2465 de
2607 2412 2828 2467 nomine
2879 2413 3211 2466 Armaviram
3243 2414 3514 2482 appellat,
3552 2430 3670 2466 am-

2095 2517 2217 2556 nem
2249 2509 2424 2555 antem
2473 2517 2536 2556 ex
2584 2501 2776 2558 Erasto
2810 2513 3003 2573 nepote
3049 2519 3149 2558 suo
3191 2504 3481 2559 Erasehcm
3517 2506 3671 2559 voci-

2097 2601 2172 2647 tat
2201 2594 2337 2664 (l7).
2375 2593 2497 2648 Mox
2534 2594 2772 2650 Samum
2806 2596 2971 2650 filium
2994 2637 3008 2659 ,
3049 2598 3197 2667 prole
3241 2597 3461 2652 divitem
3506 2606 3673 2667 atque

2096 2701 2343 2741 voracem
2388 2687 2539 2758 (18),
2588 2687 2808 2742 boream
2851 2704 3042 2743 versus
3089 2690 3141 2743 in
3190 2699 3550 2759 campestrem
3594 2691 3672 2744 lo-

2097 2791 2221 2829 cum
2255 2776 2454 2831 emittit
2486 2779 2621 2833 satis
2651 2778 2870 2833 uberem
2904 2787 2957 2832 et
2995 2780 3356 2834 fructuosum.
3392 2779 3572 2849 Hujus
3607 2783 3675 2836 de

2098 2867 2318 2921 nomine
2350 2868 2498 2939 regio
2522 2867 2611 2921 illa
2649 2868 2856 2923 Siracia
2908 2879 3222 2941 nuncupata
3279 2880 3383 2925 est.
3413 2870 3536 2926 Jam
3571 2873 3670 2925 Ar-

2098 2959 2319 3014 mteisus
2372 2958 2650 3014 Amasiam
2693 2963 3028 3031 procreavit,
3077 2963 3278 3020 diuoue
3325 2965 3505 3019 adhuc
3561 2967 3674 3020 vita

2097 3064 2232 3104 usus
2265 3064 2578 3119 supremum
2623 3051 2766 3105 diem
2799 3051 2951 3105 obiit.

2168 3140 2219 3193 4.
2261 3141 2510 3196 Amasias
2539 3141 2788 3197 Armteisi
2824 3142 3000 3204 ﬁlius,
3037 3143 3199 3197 vitam
3234 3152 3445 3215 agitans
3472 3145 3676 3198 Arma-

423 3211 729 3304 llominum,
789 3240 1033 3309 inquam,
1086 3245 1332 3292 nostrum
1399 3235 1800 3303 contingamus.
1859 3232 1993 3286 Cum
2022 3211 2065 3266 (ἶ
2098 3233 2258 3295 viras,
2297 3231 2599 3286 Gelamium
2635 3235 2822 3304 genuit.
2854 3241 2905 3288 et
2942 3232 3282 3290 Pharochum
3318 3246 3482 3306 atque
3513 3235 3676 3290 Zola-

423 3333 581 3404 tgitur
624 3331 864 3402 przedicti
904 3329 1172 3386 sermonis
1206 3328 1379 3383 nostri
1418 3342 1614 3381 cursus
1657 3325 1724 3379 ad
1753 3323 1997 3404 Thorgo-

423 3440 568 3478 mum
599 3424 896 3489 devenerit,
929 3423 1175 3492 sequitur
1203 3428 1263 3475 ut
1297 3420 1364 3474 ab
1393 3435 1458 3474 eo
1486 3419 1608 3472 loco
1628 3419 1995 3473 narrationem

422 3530 612 3570 rursus
638 3515 1009 3570 exordiamur.

490 3607 543 3661 1.
595 3605 640 3659 Α
685 3605 996 3676 Thorgomo
1044 3604 1120 3658 ait
1187 3601 1394 3674 (Moses
1447 3600 1814 3664 Chorenensis,
1857 3618 1896 3670 ι,
1940 3601 1996 3673 9)

422 3707 762 3767 procreatum
795 3696 1043 3752 Haicum.
1077 3693 1195 3750 1am
1221 3694 1310 3749 hic
1332 3693 1536 3751 Haicus
1565 3711 1632 3749 ex
1657 3708 1848 3748 eorum
1881 3702 1998 3772 erat

421 3790 697 3859 gigantum
748 3805 979 3845 numero
1030 3792 1123 3859 qui
1171 3788 1481 3858 arrogantia
1528 3786 1720 3840 tumidi
1771 3785 1995 3864 impium

421 3881 703 3936 consilium
767 3880 1147 3936 construenda).
1188 3879 1355 3932 turris
1399 3885 1763 3948 pepererunt;
1794 3877 1998 3946 quique

423 3980 546 4040 post
571 3973 689 4040 ejus
716 3971 976 4026 immanis
999 3969 1212 4026 ardilicii
1241 3969 1455 4023 ruinam
1483 3984 1606 4022 cum
1635 3968 1747 4036 jam
1776 3969 1917 4022 inter
1938 3984 1998 4024 se

424 4074 644 4133 propter
699 4065 1004 4135 linguarum
1066 4062 1390 4118 divisionem
1443 4075 1554 4115 non
1608 4060 1993 4131 intelligerent,

422 4156 680 4226 superbia
724 4157 851 4210 elati
889 4163 1134 4210 mutuum
1173 4154 1511 4208 dominatum
1544 4152 1886 4208 aﬂ‘ectahant.
1922 4151 1994 4217 Is,

420 4250 658 4319 inquam,
696 4246 899 4302 [laicus
960 4247 1086 4302 Belo
1133 4247 1402 4303 obsistere
1451 4261 1621 4302 ausus
1681 4253 1786 4312 est,
1836 4246 1996 4316 cujus

421 4341 665 4396 studium
715 4355 780 4395 eo
833 4339 1113 4410 spectabat
1156 4350 1235 4405 ut,
1291 4341 1508 4396 cunctis
1557 4338 1662 4395 sibi
1710 4337 1994 4409 subjectis,

420 4432 727 4503 generalem
777 4434 1118 4504 tyrannidem
1173 4441 1472 4489 exerceret.
1521 4431 1600 4488 Ne
1654 4430 1783 4487 Belo
1832 4431 1996 4502 igitur

422 4524 822 4594 obtemperaret
874 4523 1098 4588 Haicus,
1153 4540 1278 4579 eum
1326 4525 1456 4587 filio,
1504 4538 1665 4594 quem
1723 4519 1994 4592 Babylone

425 4625 760 4686 susceperat,
809 4619 1132 4680 Armenaco,
1165 4616 1299 4688 petit
1355 4616 1684 4678 Araratiam,
1734 4613 1992 4668 trecentis

422 4707 559 4764 viris
603 4708 831 4779 aliisque
871 4707 1115 4773 advenis,
1145 4707 1236 4776 qui
1263 4721 1321 4761 se
1359 4705 1437 4760 illi
1461 4706 1848 4774 adjunxerant,
1872 4718 1995 4757 cor-

425 4797 734 4854 roboratus.
767 4796 844 4852 lbi
874 4813 1002 4852 vero
1038 4797 1106 4852 ad
1148 4798 1353 4851 montis
1402 4795 1615 4850 radices
1656 4792 1990 4847 domicilium

425 4890 644 4955 excitat,
695 4891 860 4960 idque
915 4906 1041 4944 mox
1089 4890 1380 4945 Armenaci
1435 4888 1545 4942 filio
1588 4886 1791 4941 Cadmo
1832 4875 1995 4939 attri—

425 4983 621 5048 buens,
665 4982 880 5053 longius
934 4983 1046 5051 ipse
1105 4995 1424 5053 progressus
1473 4986 1557 5033 est
1603 4978 1666 5031 ad
1713 4977 1990 5046 regionem

429 5073 719 5142 quamdam
782 5073 924 5126 inter
973 5072 1105 5126 solis
1154 5067 1408 5126 occasum
1472 5079 1524 5122 et
1570 5069 1990 5138 septentrionem

499 5250 881 5324 (15)_Samue.,
925 5249 1211 5324 plenique
1249 5248 1440 5324 legenti
1472 5253 1707 5324 constat,
1756 5245 1992 5324 priorem

430 5317 648 5377 Eusebii
681 5320 878 5373 librum
925 5319 1031 5388 hnc
1059 5317 1231 5388 usque
1261 5319 1315 5371 in
1351 5317 1732 5388 compendium
1768 5318 1990 5388 redegit.

428 5393 600 5448 Porro
630 5405 754 5444 cum
783 5388 924 5442 idem
947 5386 1318 5443 Romanorum
1351 5387 1705 5458 imperatores
1728 5386 1868 5440 ultra
1892 5386 1996 5458 pri-

429 5477 578 5516 mum
628 5459 709 5513 vel
753 5460 980 5513 alterum
1023 5462 1292 5516 Caesarem
1342 5454 1451 5511 non
1502 5454 1793 5518 describat,
1851 5454 1992 5514 haud

430 5532 633 5587 scimus
664 5545 729 5581 an
752 5529 882 5584 hinc
901 5532 1096 5584 merito
1123 5528 1536 5598 conjectandum
1566 5527 1660 5590 sit,
1688 5523 1992 5586 Samuelem

431 5602 618 5655 inutilo
651 5599 867 5652 Eusebii
910 5598 1097 5656 codice
1130 5616 1290 5655 usum
1339 5612 1478 5652 esse.

503 5671 614 5742 (ιι)
659 5668 884 5723 Codices
926 5669 1129 5742 aliique
1170 5671 1465 5739 scriptores
1516 5667 1678 5722 etiam
1706 5713 1719 5736 ,
1772 5672 1993 5727 Amine-

433 5757 615 5796 nacus.

501 5813 610 5882 (l5)
653 5813 981 5869 Manavazus
1013 5809 1162 5864 Haici
1195 5811 1334 5865 lilius
1359 5851 1374 5875 ,
1411 5811 1697 5868 Armcnaci
1731 5813 1916 5869 frater.

2098 3324 2266 3379 cium.
2307 3323 2450 3380 Idem
2488 3325 2687 3396 oppida
2718 3326 2829 3382 duo
2872 3328 2923 3382 in
2973 3327 3250 3385 radicibus
3297 3331 3499 3384 montis
3549 3330 3674 3383 fun-

2099 3414 2284 3481 davit,
2319 3417 2655 3488 totidemque
2699 3417 2826 3474 ﬁliis
2872 3420 2986 3474 suis
3027 3420 3312 3474 incolenda
3359 3423 3666 3482 concessit,

2101 3502 2387 3562 Pharocho
2436 3509 2645 3564 scilicet
2692 3510 2820 3565 forti
2870 3519 2922 3565 et
2972 3510 3191 3566 Zolacio
3234 3511 3512 3577 formoso,
3550 3529 3673 3584 quae

2099 3598 2314 3666 quidem
2353 3599 2542 3654 horum
2573 3603 2791 3656 nomina
2825 3603 3059 3658 retinent
3090 3603 3448 3660 Parachotum
3478 3613 3533 3660 et
3565 3606 3671 3660 Zo-

2098 3687 2379 3744 lacertam.
2434 3689 2664 3746 Montem
2711 3691 2945 3762 denique
2990 3693 3057 3748 de
3107 3711 3209 3750 suo
3258 3697 3483 3752 nomine
3531 3698 3672 3752 dixit

2100 3775 2381 3834 Masisium
2416 3781 2550 3851 (l9).
2594 3781 2644 3837 ls
2709 3798 2832 3837 cum
2863 3785 3020 3837 annis
3052 3793 3309 3854 prasterea
3339 3803 3448 3841 non
3474 3789 3670 3858 paucis

2095 3872 2261 3925 vitam
2294 3881 2690 3938 sustentasset,
2725 3873 3024 3930 Armavirze
3053 3877 3308 3933 decessit.

2167 3963 2220 4019 5.
2261 3962 2538 4020 Gelamius
2569 3965 2804 4022 Amasize
2849 3966 2990 4022 filius
3037 3967 3295 4024 llarmam
3336 3973 3668 4042 procreavit.

2098 4049 2241 4107 Idem
2278 4053 2535 4123 oppidum
2569 4054 2623 4108 in
2653 4069 2748 4109 ora
2790 4055 2944 4110 lacus
2992 4057 3276 4123 condidit,
3317 4067 3666 4130 montemque

2095 4145 2405 4214 proximum
2437 4144 2626 4200 Gelum
2657 4145 2824 4214 dixit,
2855 4148 3042 4202 urbem
3074 4147 3456 4213 Celacuniam,
3484 4151 3665 4205 lacum

2095 4236 2328 4306 denique
2355 4251 2503 4293 mare
2531 4237 2884 4294 Gelacunium
2916 4239 3048 4312 (20).
3076 4241 3325 4296 Celamio
3353 4241 3499 4297 filius
3530 4245 3668 4300 alter

2096 4328 2199 4383 fuit
2227 4326 2449 4387 Sisacus
2469 4371 2484 4396 ,
2514 4332 2603 4386 cui
2632 4331 2769 4389 ﬁnes
2795 4333 3019 4390 ditionis
3042 4335 3327 4389 constituit
3357 4337 3425 4391 ab
3447 4353 3516 4391 eo
3542 4339 3664 4393 lacu

2095 4419 2357 4476 orientem
2389 4437 2611 4489 versus,
2645 4438 2752 4494 qua
2795 4422 2914 4478 fluit
2943 4425 3122 4480 amnis
3154 4424 3424 4484 Erasches
3454 4427 3664 4499 ingenti

2096 4512 2309 4580 agmine
2336 4520 2390 4567 et
2421 4514 2648 4584 strepitu
2682 4515 2735 4568 in
2764 4529 2859 4570 eos
2889 4531 3109 4586 campos
3141 4517 3396 4588 delapsus
3438 4520 3532 4587 qui
3576 4519 3662 4574 di-

2094 4611 2297 4658 cuntur
2329 4603 2640 4662 Chalavazl.
2689 4606 2750 4660 Ei
2796 4607 3002 4678 regioni
3053 4625 3253 4664 nomen
3300 4617 3382 4665 est
3430 4610 3660 4666 Siunia:

2095 4695 2189 4751 sed
2216 4695 2556 4754 commodius
2600 4696 2779 4754 Persa:
2823 4699 3012 4754 dicunt
3056 4698 3404 4757 Sisicaniam.
3455 4702 3658 4758 Urbem

2093 4787 2256 4843 etiam
2287 4788 2531 4844 condidit
2562 4789 2858 4846 Gelamiam
2902 4792 2968 4846 de
3013 4806 3113 4846 suo
3154 4794 3376 4849 nomine
3422 4794 3656 4858 dictam,

2093 4895 2216 4950 quae
2244 4889 2432 4950 postea
2461 4881 2529 4936 de
2560 4879 2794 4938 Garnico
2822 4892 3018 4952 nepote
3059 4883 3180 4953 ejus
3219 4883 3421 4940 Garnia
3463 4885 3656 4941 audiit.

2094 4970 2233 5026 Hinc
2296 4979 2450 5028 ortus
2503 4981 2586 5028 est
2636 4975 2944 5029 consecutis
2991 4977 3328 5046 temporibus
3395 4977 3497 5032 sub
3554 4978 3653 5031 Ar-

2096 5073 2317 5120 taxerxe
2334 5063 2576 5121 Varazus
2596 5066 2686 5121 ille
2705 5068 3050 5122 venationum
3074 5067 3363 5139 praefectus
3378 5068 3655 5124 Varaznu—

2167 5249 2279 5312 (l6)
2317 5249 2489 5303 Aliter
2520 5249 2716 5307 etiam.
2755 5251 3092 5305 Aramaisus.

2195 5319 2278 5388 l7)
2318 5319 2520 5388 Nempe
2546 5320 2798 5373 Araxem.

2195 5322 2278 5389 l7)
2318 5322 2520 5388 Nempe
2546 5322 2798 5373 Araxem.

2166 5322 2278 5459 (18)
2318 5389 2643 5462 Conferatur
2668 5391 2770 5462 hac
2795 5406 2959 5460 super
2987 5407 3043 5446 re
3069 5389 3321 5462 adagium
3354 5390 3496 5462 apud
3522 5391 3654 5446 Cho-

2094 5458 2379 5516 renenScm
2402 5499 2416 5523 ,
2452 5458 2596 5514 Hist.
2631 5479 2683 5524 ι,
2717 5461 2800 5514 Η.

2165 5531 2278 5600 (19)
2319 5529 2476 5583 Hunc
2523 5531 2776 5585 immanis
2835 5530 3138 5588 altitudinis
3192 5541 3429 5588 montem
3473 5531 3644 5587 divina

2094 5601 2266 5656 Biblia
2297 5601 2521 5670 aliaeque
2547 5611 2734 5670 gentes
2763 5601 2951 5656 dicunt
2977 5601 3195 5656 Ararat.

2169 5670 2279 5736 (20)
2314 5668 2448 5742 βοαί
2484 5668 2635 5742 mare
2688 5675 2824 5738 (seu
2861 5673 3085 5742 laeum)
3143 5674 3345 5742 posteri
3396 5672 3640 5727 dixerun'
3681 5679 3689 5724 ἰ

2096 5738 2577 5812 etiarn_Sepaninm
2612 5743 2680 5798 ab
2715 5742 2890 5797 insula
2924 5738 3189 5808 Sevania',
3225 5745 3316 5798 ubi
3363 5759 3455 5796 arx
3492 5749 3642 5812 capti.

2095 5808 2422 5880 perdifﬁcilis
