3878 6264
159 355 262 415 637
873 355 1219 413 SAMUELIS
1251 355 1570 414 ANIENSIS
1609 356 1950 413 SUMMARII
1991 353 2376 413 TEMPORUM
2407 354 2586 411 PARS
2623 355 2664 409 1.
3303 355 3408 411 658

158 475 255 527 uiae
295 469 534 524 familiae
571 470 710 536 fons.
742 468 956 525 Hal-mae
1005 472 1114 526 lilio
1138 471 1415 529 Gelamius
1465 474 1522 528 in
1575 489 1729 528 man-
1759 479 1802 536 Α
1902 471 1956 527 8.
1994 472 2138 527 Ατωί
2168 473 2327 527 ΑΙ*ωο
2357 469 2526 542 geniti
2557 468 2701 524 (ilius
2741 469 3106 525 Anusavanus
3143 469 3264 524 fuit.
3306 469 3406 525 Hic

156 563 288 620 datis
340 561 503 616 dedit
527 603 543 626 ,
603 572 660 618 ut
713 562 1008 619 Armavirze
1069 564 1373 630 habitaret,
1435 565 1730 634 multisque
1833 563 2194 619 Anusavanus
2214 605 2230 631 ,
2256 563 2347 634 qui
2375 561 2552 617 Sausii
2582 576 2777 616 nomen
2801 561 2904 615 sibi
2934 562 3265 625 vindicavit,
3295 561 3410 616 for-

152 667 267 728 post
298 658 469 710 annis
518 658 825 712 exstinctus
845 666 948 712 est.
975 655 1173 711 Harma
1195 657 1438 712 Gelamio
1477 658 1726 728 genitus,
1833 655 2123 710 titudinem
2174 663 2229 710 et
2273 654 2618 724 prudentiam
2669 667 2728 707 re
2769 652 3042 721 dictisque
3085 653 3408 707 mirabiliter

153 761 403 820 suscepto
430 749 557 803 {ilio
584 751 806 814 Aramo,
841 758 964 820 post
991 765 1165 804 annos
1195 751 1402 820 aliquot
1429 750 1580 804 obiit.
1831 763 1943 817 pra;
1971 764 2030 802 se
2054 747 2180 801 tulit
2206 766 2218 800 :
2266 747 2404 816 apud
2455 744 2724 799 Zamaeum
2766 751 2948 798 autem
2993 745 3134 799 miro
3167 745 3408 799 ludibrio

214 844 265 898 6.
306 844 561 898 Aramus
593 841 806 896 Harmae
839 843 980 898 [ilius
1015 857 1111 912 per
1152 843 1278 897 sarvi
1324 843 1514 897 martis
1554 851 1728 897 certa-
1832 837 2078 902 habitus,
2129 835 2487 890 nihilominus
2530 836 2832 888 amicorum
2879 835 3145 905 praesidiis
3195 843 3408 904 partem

149 936 289 990 mina
316 950 376 990 re
409 950 566 1004 sepe
589 934 846 1005 praeclare
870 944 1018 1004 gesta
1043 933 1303 989 ditionem
1327 949 1481 988 suam
1511 949 1728 1004 quaqua
1831 930 2161 998 aliquantam
2187 927 2425 997 regionis
2453 935 2658 980 nostrae
2683 926 2992 996 impetravit
3015 943 3028 979 :
3057 941 3183 980 mox
3209 934 3263 981 et
3285 927 3408 979 uni-

151 1041 331 1081 versus
363 1025 623 1095 protulit.
660 1024 752 1078 Ab
799 1023 963 1092 hujus
1012 1024 1230 1077 nomine
1276 1038 1548 1078 consensu
1596 1039 1728 1094 gen-
1827 1033 2061 1073 versam.
2085 1017 2215 1072 Post
2246 1019 2390 1071 hunc
2417 1017 2559 1071 haud
2591 1032 2689 1087 pro
2716 1017 2931 1087 generis
2953 1017 3097 1086 jure,
3127 1017 3220 1072 sed
3245 1025 3407 1087 prout

150 1120 275 1172 tium
332 1117 594 1170 omnium
651 1116 800 1185 regio
855 1122 1040 1168 nostra
1095 1115 1360 1184 appellata
1410 1123 1540 1169 est:
1599 1129 1725 1168 nam
1829 1111 2060 1180 quisque
2091 1118 2355 1180 tyrannus
2384 1109 2636 1178 potentim
2662 1109 2870 1164 viribus
2902 1108 3284 1178 praepollebat,
3315 1125 3408 1164 re-

151 1209 312 1263 Graeci
341 1208 580 1278 quidem
612 1206 900 1262 Armenios
923 1246 937 1268 ,
972 1205 1093 1277 Syri
1139 1224 1267 1262 vero
1307 1217 1360 1261 et
1406 1207 1586 1262 Persa:
1624 1207 1725 1260 Ar-
1828 1202 1971 1271 gioui
2019 1207 2225 1254 nostrae
2255 1199 2522 1254 universae
2550 1198 2814 1252 dominati
2846 1207 3006 1264 sunt,
3038 1215 3272 1269 quorum
3300 1215 3408 1255 no-

154 1299 354 1353 menich
404 1314 519 1354 nos
567 1297 779 1353 dicunt.
827 1297 920 1352 llle
964 1296 1272 1369 Nycharum
1321 1297 1528 1354 Madcm
1582 1298 1725 1353 bello
1829 1293 1972 1346 mina
2002 1291 2117 1344 haec
2154 1310 2166 1344 :
2199 1289 2465 1354 Paretus,
2500 1289 2780 1352 Arbocus,
2830 1287 3112 1353 Zavanus,
3153 1288 3405 1344 Pharna—

152 1393 357 1456 captum
402 1386 476 1440 de
518 1387 694 1442 turris
737 1401 894 1440 muro
923 1387 1228 1456 suspendit.
1259 1387 1518 1443 Eumdem
1551 1386 1724 1444 Ninus
1825 1399 1951 1447 ces,
1983 1382 2200 1440 Surius.
2248 1380 2422 1450 Hujus
2468 1387 2626 1434 artate
2670 1376 2830 1434 Jesus
2878 1378 3010 1433 Navi
3049 1382 3132 1435 vir
3173 1382 3402 1445 caelebs,

152 1478 449 1534 secundum
480 1494 514 1532 a
549 1495 609 1534 se
637 1479 775 1532 dixit
805 1479 964 1548 eique
995 1480 1243 1534 diadema
1282 1481 1596 1551 margaritis
1638 1481 1722 1534 in-
1825 1489 2050 1538 sanctus
2072 1489 2126 1536 et
2153 1480 2311 1536 fortis
2331 1493 2455 1533 cum
2474 1475 2810 1532 Chananaeos
2836 1475 3161 1531 debellasset
3180 1514 3196 1540 ,
3225 1491 3291 1529 ex
3320 1475 3407 1528 his

155 1569 292 1638 signe
316 1575 547 1638 gestare
574 1569 880 1634 concessit,
911 1568 1126 1622 tametsi
1154 1568 1334 1637 specie
1366 1578 1545 1623 tenus.
1577 1568 1722 1623 Idem
1826 1573 2032 1642 aliquot
2057 1571 2259 1644 Agram
2290 1570 2686 1642 profugerunt,
2715 1569 3060 1639 navibusque
3087 1569 3412 1623 conscensis

154 1660 464 1715 Barsamum
494 1662 619 1715 vita
644 1662 898 1731 spoliavit
923 1681 935 1717 :
966 1669 1078 1715 tum
1107 1669 1161 1716 et
1189 1662 1424 1716 titanum
1469 1661 1720 1732 Paeapum
1825 1664 2074 1719 Tharsim
2109 1672 2333 1719 tenuere
2353 1702 2367 1728 ,
2399 1676 2518 1732 quae
2548 1677 2636 1715 res
2667 1665 2887 1714 constat
2919 1673 2985 1712 ex
3013 1658 3173 1713 titulo
3201 1657 3404 1711 colum-

155 1752 418 1808 Chalidem
453 1767 486 1806 e
521 1753 942 1808 mediterraneis
965 1753 1272 1816 submovit,
1299 1763 1456 1823 atque
1486 1753 1538 1806 in
1569 1753 1722 1807 insu-
1755 1815 1795 1824 _
1826 1755 1915 1810 nis
1950 1756 2002 1808 in
2053 1754 2238 1808 Africa
2283 1754 2550 1824 inscripto
2591 1752 2742 1807 hisce
2783 1749 3003 1806 verbis:
3037 1769 3054 1801 ‹
3078 1747 3298 1803 Josuam
3328 1748 3407 1801 la-

156 1846 247 1898 lam
275 1845 585 1914 quamdam
621 1843 811 1900 Asiani
842 1847 1012 1901 maris
1044 1845 1240 1917 adegit.
1274 1845 1417 1900 idem
1448 1847 1501 1900 in
1527 1861 1588 1901 ea
1618 1862 1725 1899 me-
1755 1815 1801 1872 Β
1831 1855 2044 1901 tronem
2077 1844 2346 1915 fugientes
2387 1859 2490 1898 nos
2525 1843 2805 1913 principes
2849 1840 3283 1896 Chananaeorum
3317 1854 3408 1894 se-

158 1935 442 1988 diterranea
466 1935 696 2004 regione
721 1935 990 1992 Mesacum
1023 1939 1190 2007 stirpe
1220 1952 1319 1991 sua
1347 1945 1525 1991 ortum
1556 1937 1726 1990 collo-
1836 1937 1933 1993 des
1978 1938 2083 1992 huc
2123 1937 2507 1992 transtulimus
2555 1935 2688 2005 (26).
2730 1955 2748 1986 ›
2775 1933 2850 1987 Ex
2876 1933 2942 1987 iis
2971 1947 3116 1987 unus
3163 1929 3406 1986 Chnidas

157 2026 315 2089 επίι,
360 2025 457 2094 (Illi
511 2024 790 2081 Mazacam
842 2027 1124 2090 condidit.
1179 2027 1482 2082 Caesaream
1536 2035 1725 2097 postea
1833 2033 2005 2086 multo
2033 2032 2463 2087 honestissimus
2496 2031 2638 2085 inter
2671 2017 2944 2083 nost'rates
2971 2025 3283 2082 Armeniam
3327 2034 3408 2079 te-

158 2126 406 2172 vocatam.
459 2117 745 2172 Mandavit
771 2126 1032 2189 prmterea
1065 2128 1221 2173 terra:
1247 2119 1370 2189 ejus
1401 2118 1595 2174 incolis
1619 2159 1632 2182 ,
1666 2125 1726 2172 ut
1832 2126 1971 2179 nuit,
2025 2123 2277 2179 Profecto
2329 2138 2388 2178 re
2425 2123 2615 2178 sedulo
2641 2119 2985 2176 considerata
3013 2125 3228 2188 geniem
3254 2115 3404 2171 Gen-

156 2206 434 2262 llaicanam
495 2209 745 2280 linguam
805 2209 1151 2265 addiscerent
1178 2230 1192 2266 :
1253 2211 1606 2281 quamobrem
1661 2226 1726 2266 ea
1831 2217 2078 2270 thuniam
2109 2216 2176 2270 ab
2201 2230 2267 2270 eo
2287 2221 2642 2284 propagatam
2674 2210 3030 2282 cognovimus
3056 2227 3069 2262 :
3100 2216 3154 2262 et
3183 2207 3401 2277 quidem

157 2315 294 2370 plaga
318 2299 528 2372 dicitur
562 2320 594 2354 a
625 2300 820 2355 Gra’cis
851 2301 1048 2371 πρώτη
1080 2303 1366 2372 Ἀρμενία,
1397 2303 1603 2358 scilicet
1623 2302 1688 2356 At

1862 2309 1984 2379 trigo
2015 2307 2321 2362 Chananaza
2354 2305 2603 2359 moribus
2645 2304 2824 2374 gentis
2859 2301 3030 2370 ipsius
3060 2299 3393 2368 coarguitur.

157 2392 314 2445 menia
341 2392 552 2463 prima-
601 2391 740 2448 Hinc
783 2393 849 2447 ad
891 2395 1024 2448 lines
1057 2409 1229 2463 usque
1259 2394 1513 2464 proprios
1557 2394 1725 2448 inler-
1902 2401 1956 2455 9.
1997 2397 2128 2452 Post
2172 2397 2392 2451 Surium
2439 2395 2822 2458 llavanacius,
2864 2391 3163 2455 Vastacus,
3199 2388 3399 2442 liaica-

159 2479 314 2533 media
335 2481 454 2534 loca
477 2482 685 2535 incolis
712 2481 1091 2551 frequentavit,
1111 2499 1231 2554 qua:
1253 2483 1524 2547 secundae,
1552 2485 1725 2540 tertiae
1833 2493 1970 2548 eius,
2024 2489 2083 2544 1η
2141 2496 2356 2545 aetatem
2408 2486 2627 2542 Belochi
2661 2485 2774 2556 (27)
2825 2482 3117 2538 Haicacius
3165 2480 3402 2534 traditur

159 2569 252 2624 imo
276 2578 325 2626 et
351 2585 570 2644 quarta}
596 2572 870 2628 Armeniae
913 2575 1305 2645 appellationes
1352 2583 1518 2629 nacta
1570 2583 1720 2632 sunt.
1832 2583 2127 2644 incidisse,
2160 2581 2381 2650 fatoque
2410 2579 2734 2650 perfunctus
2784 2577 2839 2632 in
2880 2575 3116 2646 quodam
3159 2574 3399 2628 tumultu

162 2659 270 2718 Ilazc
310 2664 373 2718 ad
421 2667 657 2720 verbum
699 2665 876 2721 Moses
920 2667 1053 2738 (9.1).
1105 2665 1300 2722 Verum
1347 2668 1440 2721 alii
1473 2667 1720 2722 historici
1831 2687 2036 2732 temere
2069 2674 2136 2728 ab
2167 2689 2226 2728 se
2259 2673 2556 2726 concitato.
2591 2669 2769 2725 Secuti
2799 2677 2919 2722 sunt
2951 2667 3261 2728 Ambacus,
3291 2664 3401 2716 Ar.

163 2755 354 2822 ἀοοεηῑ,
371 2772 400 2810 ³
425 2759 685 2814 (ἷκδπθθ
708 2757 1064 2828 θαρρδάοοίε
1081 2759 1146 2813 ad
1170 2759 1446 2814 Ροηιίείπη
1475 2759 1687 2830 νίῧεθῐη
1706 2799 1721 2823 9
1831 2783 2004 2824 nacus
2023 2807 2038 2832 ,
2075 2765 2374 2829 Savarsus,
2399 2763 2655 2819 Norzerus
2681 2802 2696 2829 ,
2725 2761 2996 2816 Varamus
3018 2801 3032 2827 ,
3065 2759 3272 2821 Garus,
3299 2756 3401 2810 Go-

165 2845 256 2900 dici
282 2849 509 2918 primam
558 2849 923 2915 Armeniam;
973 2867 1004 2905 a
1051 2849 1227 2906 Ponto
1270 2853 1337 2908 ad
1381 2851 1722 2916 Melitenem,
1831 2876 2030 2924 racus,
2087 2857 2370 2920 Rhantus,
2427 2854 2719 2919 Enzacus,
2776 2853 3040 2914 Gelacus,
3094 2850 3398 2912 Haurazus,

165 2939 433 2994 secundam
480 2941 846 3008 Armeniam;
883 2941 1008 2996 hinc
1049 2943 1115 2995 ad
1155 2942 1372 3013 Zophia:
1409 2944 1576 3008 lines,
1621 2952 1726 3000 ter-
1833 2950 2160 3004 Zarmazrus.
2197 2947 2298 3001 llic
2330 2953 2644 3018 postremus
2675 2945 2804 3000 dum
2851 2943 3069 2998 Priamo
3108 2942 3404 2996 auxiliatur

165 3031 274 3084 tiam
296 3030 615 3086 Armeniam
641 3051 656 3088 :
680 3032 876 3088 exinde
902 3032 969 3087 ad
995 3034 1186 3090 urbem
1220 3034 1516 3108 Martyrum
1548 3038 1726 3108 appel-
1832 3057 1862 3097 a
1897 3041 2144 3096 ’Iautano
2173 3040 2286 3110 (28)
2323 3039 2527 3094 missus
2561 3054 2684 3094 cum
2730 3036 3048 3106 EthiOpum
3089 3035 3332 3089 exercitu
3367 3048 3399 3087 a

165 3119 308 3174 latam
347 3121 459 3193 (2'2)
506 3124 564 3177 in
608 3121 813 3178 Alznite
851 3124 1147 3193 provincia:
1191 3141 1425 3190 occasu,
1469 3136 1696 3198 quartan

1870 3135 2068 3189 irtibus
2100 3131 2303 3188 Grmcis
2337 3133 2699 3202 interemptus
2745 3137 2849 3185 est.
2901 3127 3105 3183 Deinde
3144 3125 3401 3190 Perzius,

166 3213 451 3269 Armeniam
483 3234 499 3284 ;
569 3232 725 3271 suam
798 3216 1033 3287 denique
1088 3219 1460 3288 magnitudine
1518 3221 1719 3291 insigni
1749 3213 1793 3234 υ
1823 3226 2013 3281 Davidi
2045 3223 2264 3280 lsraelis
2287 3224 2402 3294 regi
2442 3221 2893 3291 contemporalis.
2925 3219 3063 3273 Tum
3091 3219 3390 3281 Arbunius,

165 3305 513 3373 prOVinCiam,
560 3308 834 3364 Armenia:
876 3308 1103 3378 majoris
1143 3310 1362 3365 nomine
1405 3311 1719 3365 distinctam
1820 3317 2100 3381 Bazueus,
2137 3314 2327 3380 lloius,
2357 3313 2613 3377 Jusacus,
2645 3302 2952 3383 Caepacius,
2995 3310 3386 3373 Schaaordius,

167 3397 314 3452 voluit
330 3398 460 3470 (23).
483 3399 598 3455 Sed
615 3401 759 3456 enim
786 3401 950 3457 hasce
969 3401 1269 3458 divisiones
1296 3401 1590 3457 Mauricius
1609 3401 1720 3472 (24)
1819 3408 2090 3464 Pax-mus.
2115 3407 2214 3462 llic
2238 3407 2487 3462 Parzerus
2510 3405 2805 3482 Sehasordii
2836 3406 2978 3460 [ilius
2998 3445 3012 3469 ,
3044 3405 3197 3460 Haici
3220 3407 3391 3475 stirpe

168 3489 515 3555 perturbavit,
549 3490 700 3560 quod
731 3491 823 3545 ubi
851 3506 939 3545 res
971 3491 1108 3546 feret
1153 3491 1411 3546 narrabo.
1453 3493 1686 3546 Aramus

1862 3512 2008 3566 rtus,
2056 3501 2200 3556 vires
2247 3515 2372 3554 cum
2422 3498 2668 3553 Varbace
2709 3498 2864 3553 Medo
2908 3497 2976 3552 ad
3023 3495 3393 3567 Sardanapal-

169 3577 302 3632 Arazo
327 3581 538 3650 genito,
573 3581 870 3651 longzevam
900 3583 1068 3634 vitam
1100 3579 1336 3650 denique
1362 3581 1576 3635 clausit.

1859 3609 1931 3647 im
1958 3607 2126 3662 regno
2151 3590 2494 3662 spoliandum
2523 3591 2756 3645 contulit
2783 3609 2796 3645 :
2824 3589 3175 3660 quamobrem
3202 3588 3389 3644 diade-

228 3668 272 3722 7.
307 3669 492 3725 Aratus
519 3671 752 3742 pulcher
777 3670 962 3725 Arami
993 3671 1136 3726 [ilius
1159 3669 1408 3725 eumdem
1438 3671 1718 3734 honorem,

1862 3692 1966 3739 tate
1997 3700 2029 3739 a
2057 3682 2298 3740 Varbace
2322 3685 2579 3748 donatus,
2609 3685 2820 3754 primus
2848 3699 2914 3739 ex
2946 3681 3202 3737 Haicanis
3228 3696 3393 3736 coro-

172 3775 262 3830 quo
303 3772 451 3831 pater
503 3761 737 3817 aﬂ‘ectus
787 3762 1000 3829 fuerat,
1056 3777 1086 3816 a
1136 3760 1276 3815 Nino
1323 3761 1525 3815 retulit.
1581 3759 1721 3814 Nino
1822 3784 1987 3830 “ams
2021 3782 2128 3831 εει,

173 3860 328 3908 autem
360 3857 640 3911 exstincto
665 3898 679 3923 ,
713 3865 962 3925 proterva
1011 3856 1102 3909 illa
1148 3853 1469 3908 Samiramis
1502 3854 1704 3908 Araeuu

1894 3867 1981 3921 10.
2023 3865 2310 3922 Rhaciaeus
2336 3865 2531 3920 Parmri
2562 3865 2706 3921 ﬁlius
2743 3880 2941 3920 nomen
2976 3864 3212 3920 Bhaciaei
3265 3865 3395 3919 ade-

173 3945 427 4014 ωβίάῖιδῑί
455 3962 576 4003 $033
605 3948 827 4003 minime
855 3948 1244 4018 Obseql'cmem
1272 3947 1412 4002 bello
1435 3956 1720 4017 Ρθνδθειιίει
1824 3965 1950 4028 ptus
1990 3965 2076 4014 est
2118 3957 2186 4012 ab
2235 3958 2522 4012 oculorum
2561 3957 2846 4026 ﬂagrantia
2879 3958 3174 4026 vultusque
3215 3957 3400 4026 splen-

174 4042 270 4098 θδίι
297 4044 352 4090 ιη
381 4038 436 4092 in
471 4054 632 4093 suam
667 4046 989 4109 Ροίθεῑτηθηι
1022 4037 1324 4108 redigeret:
1361 4035 1455 4106 (Ιυί
1499 4035 1718 4090 inierim
1823 4049 1956 4104 dore
1989 4049 2122 4119 (29).
2154 4048 2331 4118 Hujus
2361 4056 2519 4104 aetate
2549 4064 2674 4103 cum
2706 4047 3282 4104 Nahuchodonosorus
3307 4047 3394 4104 Je-

175 4123 222 4178 ίη
247 4128 487 4185 θοηῧίείιι
518 4131 722 4185 bellico
747 4132 927 4200 Ρθτίῖίο
971 4129 1180 4184 Emme
1213 4128 1500 4198 imPUdens
1529 4127 1716 4182 eadem
1824 4141 2224 4210 rosolymorum
2250 4142 2398 4195 cives
2421 4141 2476 4194 in
2500 4141 2872 4209 captivitatem
2895 4140 3250 4203 abduxisset,
3284 4140 3399 4208 ipse

177 4213 470 4277 Samiramis
509 4223 784 4277 munitum
831 4220 964 4276 illud
1019 4221 1278 4292 oppidum
1321 4221 1592 4289 condidit,
1631 4220 1723 4274 cui
1824 4231 2042 4299 quidem
2075 4230 2390 4300 optimatem
2420 4230 2712 4300 quemdam
2743 4245 2773 4285 e
2800 4230 3034 4301 captivis
3060 4229 3262 4285 Judazis
3297 4247 3398 4286 no-

179 4308 236 4364 Id
264 4311 392 4368 hanc
420 4329 600 4385 usque
629 4313 772 4368 diem
804 4321 985 4367 manet
1014 4313 1304 4383 appellatio
1333 4311 1448 4366 Van
1481 4312 1594 4383 (9-5)
1624 4331 1637 4367 =
1666 4313 1722 4367 in
1827 4323 1973 4377 mine
2008 4320 2397 4376 Schambatum
2428 4336 2459 4375 a
2486 4321 3024 4378 Nabuchodonosoro
3054 4322 3398 4392 impetravit,

179 4398 470 4460 Cardosium
508 4415 726 4470 autem,
768 4403 907 4460 Ανωὶ
942 4405 1110 4460 tilium
1149 4415 1399 4474 captum,
1442 4405 1582 4460 Anci
1625 4421 1710 4460 no-

1870 4429 1987 4470 uem
2031 4413 2430 4484 perhonoriﬁca
2473 4414 2617 4484 apud
2651 4429 2711 4469 se
2751 4413 2982 4469 habuit:
3021 4421 3184 4484 atque
3222 4429 3290 4469 ex
3331 4429 3401 4469 eo

179 4505 286 4547 men
307 4497 604 4552 transtulit.
641 4496 733 4549 Illa
767 4511 893 4550 mox
923 4511 952 4550 a
984 4495 1273 4551 Zoroastre
1299 4510 1490 4565 mago,
1537 4495 1727 4550 Media:
1758 4509 1803 4564 ι)
1830 4521 1964 4576 gens
1990 4503 2318 4576 Bagratunia
2346 4505 2608 4560 manavit.
2633 4504 2813 4572 Quare
2841 4513 2893 4561 et
2925 4505 3167 4562 Sembati
3198 4522 3399 4563 nomen

179 4587 428 4660 principe,
457 4579 603 4648 beilo
633 4592 869 4662 appetita
901 4598 985 4646 est
1016 4610 1028 4645 :
1065 4591 1133 4646 ab
1177 4606 1241 4645 eo
1282 4591 1491 4648 scilicet
1522 4592 1724 4648 Zoroao
1827 4605 1911 4654 est
1940 4614 1970 4652 a
2002 4596 2346 4654 Schambato.
2374 4597 2506 4655 Post
2535 4598 2844 4656 Rhaciaeum
2879 4601 3125 4656 diadema
3153 4597 3398 4656 Pharna-

183 4687 310 4746 stre,
337 4684 421 4738 cui
449 4685 752 4756 quotannis
792 4683 846 4738 in
890 4682 1203 4739 Armeniam
1245 4685 1518 4742 ventilans
1559 4686 1728 4759 Assyo
1827 4706 1925 4745 vas
1955 4689 2184 4760 adeptus
2211 4697 2331 4746 est:
2366 4700 2481 4745 tum
2506 4688 2792 4755 Pazaezus,
2825 4690 3127 4756 Cornacus,
3158 4692 3397 4759 Pharus,

185 4771 302 4825 riam
343 4775 628 4846 regendam
669 4776 1040 4846 permittebat.
1089 4774 1146 4828 ld
1184 4775 1383 4830 bellum
1414 4777 1574 4834 Arato
1590 4794 1726 4848 quo-
1828 4779 2137 4846 Haicacus,
2167 4780 2489 4847 Ervandus,
2526 4781 2808 4852 Tigranes.

185 4873 273 4927 que
302 4863 430 4920 Araei
459 4866 570 4922 ﬁlio
607 4866 769 4922 fatale
801 4865 901 4920 fuit
929 4885 942 4922 :
974 4866 1104 4937 quin
1144 4874 1200 4921 et
1235 4868 1447 4938 impura
1487 4867 1726 4923 Samira-
1900 4874 1990 4927 11.
2033 4872 2133 4928 llic
2167 4872 2433 4943 Tigranes
2463 4873 2706 4928 omnium
2737 4875 2830 4944 qui
2865 4874 2968 4930 sibi
3002 4882 3395 4944 praecesserant

187 4949 276 5050 mis
310 4950 441 5025 dum]
476 4956 656 5027 fugam
687 4959 741 5011 in
791 4956 1103 5012 Armeniam
1133 4958 1372 5022 molitur,
1407 4958 1604 5014 Ζειωωί
1631 4961 1724 5014 lilii
1829 4965 2246 5037 potentissimus
2280 4966 2384 5019 fuit
2411 4985 2424 5019 :
2454 4965 2614 5036 cuius
2640 4967 2954 5035 praestantis
2976 4967 3258 5038 dignitatis
3285 4968 3394 5022 lau-

189 5047 260 5092 sui
283 5057 465 5112 manu,
494 5050 587 5119 qui
616 5056 700 5104 est
728 5047 971 5114 Ninuas,
1006 5049 1288 5104 interfecta
1316 5059 1419 5106 est.
1827 5058 1923 5112 des
1965 5072 2031 5112 ex
2068 5055 2298 5111 historia
2339 5057 2519 5125 magni
2558 5055 2725 5112 Mosis
2769 5072 3101 5127 cognoscere
3153 5058 3295 5112 licet.
3342 5059 3398 5114 Is

390 5221 556 5302 alia!"
589 5242 649 5302 I,_
680 5226 862 5302 1145Γ
1155 5294 1166 5302 _
1317 5294 1357 5302 __
1432 5296 1442 5302 _

717 5226 862 5302 1-15Γ
1155 5294 1166 5302 _
1317 5294 1357 5302 __
1432 5296 1442 5302 _
1829 5239 2049 5302 satrapa
2064 5231 2243 5302 _degit.

255 5287 353 5371 (22)
390 5289 516 5371 Haec
543 5287 699 5371 urbs
730 5297 972 5371 antiquo
1024 5294 1241 5371 nomine
1277 5294 1717 5371 mNeplreracerm,

1899 5287 2011 5371 (26')
2063 5287 2232 5365 Rem,
2281 5307 2478 5371 praeter
2526 5299 2930 5356 Chorenensem
2982 5300 3147 5360 Ηὶδι..
3184 5316 3235 5360 ι,
3287 5301 3387 5362 18,

196 5349 426 5440 hodierno
463 5349 856 5440 aug/imm;
882 5349 992 5420 'sub
1028 5349 1251 5436 iuniore
1277 5349 1591 5422 Theodosio
1613 5349 1722 5422 dici
1825 5349 2014 5426 nam};
2043 5349 2514 5440 amab-.5381.
2537 5349 2950 5432 ῖῖὶῖιὲἇῗῐίῖίῖἷ,
2982 5349 3389 5435 Ῑᾶξίιιίιὲιιῖειῖὶ

198 5423 522 5511 Nigg‘cmpit
548 5423 1053 5506 Urbvaai-‘tyrum.’
1826 5423 1931 5511 que
1965 5423 2463 5511 BcchartursCeog.
2494 5423 2724 5505 suam],
2759 5441 2852 5493 24.

278 5497 338 5550 23
442 5494 464 5553 ἑ
859 5494 882 5506 ’

259 5494 357 5635 iiii
390 5502 655 5629 Niiiillniiz'c
686 5592 848 5635 super
874 5592 930 5630 re
961 5576 1258 5635 posteriore
1291 5578 1342 5629 in
1375 5587 1527 5635 parte
1558 5577 1718 5632 Sum-

1835 5494 1860 5511 ]
1900 5494 2028 5583 (27)
2055 5510 2221 5580 Regis
2249 5494 2621 5580 Assyriorum.

1090 5576 1258 5630 criore
1291 5578 1342 5629 in
1375 5587 1527 5635 parte
1558 5577 1718 5632 Sum-
1897 5582 2010 5635 (28)
2052 5579 2254 5635 Confer
2279 5579 2570 5634 Eusebium
2609 5597 2621 5634 l

390 5571 524 5650 Nihil
555 5577 655 5650 hac
686 5592 848 5646 super
874 5592 930 5650 re
952 5576 1258 5650 posteriore
1291 5578 1342 5650 in
1375 5587 1537 5650 parte
1558 5577 1718 5632 Sum-
2052 5565 2254 5635 Confer
2279 5565 2570 5634 Eusebium
2609 5597 2655 5642 ι,
2695 5581 2780 5645 15,
2813 5580 2866 5640 4,
2887 5581 2938 5634 5.

205 5643 337 5722 Tarii
365 5644 541 5698 scribit
578 5643 795 5701 Samuel
836 5647 902 5699 ad
951 5643 1268 5716 imperantis
1297 5643 1540 5707 Mauricii
1583 5659 1717 5702 tem-
1895 5643 2006 5721 (29)
2037 5650 2277 5707 Aliorum
2299 5665 2515 5719 quoque
2537 5643 2814 5705 nominum
2839 5652 3019 5704 liceret
3036 5649 3390 5722 etymologias

208 5712 333 5767 pora.

1823 5724 2114 5791 plerasque
2149 5722 2354 5774 venari.

263 5772 358 5837 (25)
396 5779 539 5839 Nunc
569 5785 730 5840 etiam
765 5785 868 5840 ista
903 5786 954 5840 in
985 5787 1113 5841 urbe
1145 5802 1373 5854 magnus
1415 5787 1712 5841 'l‘urcarum
