3878 6264
398 393 509 448 659
1382 375 1725 434 APPENDIX
1761 375 1850 431 AD
1881 371 2151 429 EUSEBII
2194 368 2607 427 CHRONICON.
3545 354 3679 414 διο

403 522 585 563 nonus
614 510 731 560 erat
759 517 789 557 a
819 500 1036 556 Partem
1065 498 1242 569 primo
1283 511 1413 567 rege
1431 534 1450 561 ,
1490 496 1556 550 ad
1602 510 1761 565 quem
1805 492 1975 548 Sene-
2002 494 2046 551 Α
2080 488 2320 560 prudens
2333 494 2498 554 esset,
2513 487 2682 541 multa
2703 499 2766 539 ac
2786 480 3038 554 perntilia
3058 477 3307 535 instituta
3328 475 3673 569 adornavit,
3711 468 3721 491 ⁸

404 597 635 654 cherimi
667 594 762 649 lilii
798 566 1227 648 Adramelechus
1259 596 1314 645 et
1357 566 1668 643 Sanasarus
1709 600 1833 640 cum
1878 597 1975 653 pa-
2076 580 2429 652 praefecturas
2458 593 2522 633 ac
2550 576 2891 648 principatus
2912 572 3139 635 detulit,
3175 569 3430 633 familiis,
3458 566 3676 641 genti-

405 698 614 746 rcntem
662 685 1075 742 interfecissent
1100 672 1236 755 '(50)
1288 680 1671 753 profugerunt.
1724 677 1973 731 Paraerus
2076 671 2211 735 bus,
2243 668 2507 731 urbibus,
2539 665 2782 722 castellis
2804 704 2819 731 ,
2855 662 3008 734 pagis
3030 700 3046 725 ,
3086 655 3358 714 militibus
3382 673 3461 755 Aac
3498 670 3675 728 pra-

408 791 588 837 antem
625 778 960 833 Sanasarum
988 778 1046 831 in
1075 750 1327 845 partibus
1358 771 1638 842 Assyriam
1678 765 1974 839 spectanti-
2080 764 2291 819 toribus
2319 769 2464 817 recte
2490 758 2889 817 constituendis
2917 768 3137 825 operam
3176 750 3472 822 impendit,
3525 761 3677 820 qua:

408 877 513 931 bus
559 870 880 933 collocavit,
926 868 1086 938 cujus
1137 864 1340 921 sobolis
1381 865 1714 918 incrementa
1764 858 1971 913 Simum
2080 867 2171 908 res
2196 852 2435 907 breviter
2463 848 2848 922 percensendae
2872 853 3019 903 sunt.

412 973 650 1021 montem
687 936 1065 1030 repleverunt,
1099 976 1164 1014 ex
1198 959 1375 1028 iisque
1404 954 1650 1010 nonnulli
1688 950 1973 1023 prudentia
2151 945 2239 999 15.
2277 943 2497 997 Initium
2534 942 2679 997 enim
2722 956 2753 994 a
2794 940 2970 1011 capite
3008 954 3113 995 suo
3150 938 3357 994 faciens
3405 936 3679 1005 Bagara-

411 1067 467 1114 et
498 1057 755 1112 ﬁdelitate
784 1053 1067 1123 conspicui
1112 1050 1466 1123 praefecturas
1503 1043 1784 1101 consecuti
1827 1049 1975 1098 sunt.
2081 1041 2196 1090 tum
2229 1035 2472 1091 Judaeum
2541 1040 2894 1089 coronantem
2965 1041 3124 1102 atque
3167 1030 3400 1101 equitem
3456 1033 3674 1123 creat,

412 1150 532 1205 Jam
559 1150 628 1204 ab
651 1118 1021 1203 Adramolano
1047 1118 1151 1199 orti
1183 1151 1310 1198 sunt
1330 1139 1613 1196 Arzerunii
1644 1146 1699 1193 et
1725 1135 1977 1192 Genunii.
2082 1131 2187 1185 hoc
2225 1130 2485 1185 nimirum
2524 1128 2733 1183 honore
2773 1140 3040 1181 concesso
3080 1132 3140 1179 ut
3182 1123 3429 1178 diadema
3482 1118 3676 1187 capiti
3720 1196 3727 1197 γ

412 1244 458 1297 A
491 1242 797 1298 Pascbamo
825 1248 1006 1294 autem
1042 1236 1285 1290 Haicacii
1322 1234 1435 1303 (5t)
1481 1238 1679 1302 nepote
1716 1230 1980 1299 originem
2082 1222 2226 1291 regis
2254 1222 2516 1291 imponat.
2564 1219 2870 1283 Praeterea,
2901 1218 2992 1288 qui
3038 1216 3141 1273 sibi
3179 1215 3535 1271 chirothecas
3580 1212 3681 1265 in-

413 1335 573 1389 duxit
627 1332 1003 1399 Angeldunns.
1056 1327 1307 1382 Jamvero
1350 1323 1615 1393 Tigranes
1656 1319 1938 1388 Asdahage
1965 1356 1980 1381 ,
2083 1313 2252 1368 duant
2293 1310 2635 1366 Chananaaos
2663 1310 2928 1379 quosdam
2971 1308 3135 1378 legit,
3167 1320 3412 1399 eamque
3428 1310 3677 1399 gentem

340 1421 352 1440 '
414 1429 509 1497 qui
542 1394 851 1496 explicatur
881 1423 1048 1476 draco
1082 1419 1193 1491 (52)
1217 1459 1232 1484 ,
1274 1416 1564 1471 interfecto
1585 1453 1599 1477 ,
1645 1410 1886 1466 Anusam
1919 1409 1985 1462 il—
2086 1402 2317 1473 appellat
2342 1400 2719 1497 Gentltu‘nios,
2748 1399 2891 1497 haud
2926 1401 3136 1497 seio-an
3168 1413 3199 1497 a
3240 1397 3476 1497 Cbnida:
3515 1394 3680 1497 For-

414 1486 523 1573 lius
548 1486 933 1571 olim'uxorem
967 1486 1099 1565 cnm‘
1122 1508 1366 1578 ejusdem
1400 1504 1546 1560 omni
1582 1502 1835 1573 progenie
1860 1515 1986 1571 par—
2086 1494 2238 1565 poris
2268 1493 2349 1548 sui
2377 1491 2657 1548 custodem
2686 1491 2754 1546 de
2776 1490 2943 1545 Chori
2972 1489 3200 1544 Haicani
3226 1490 3395 1559 stirpe
3418 1486 3684 1541 Malcha—

414 1609 515 1662 tim
550 1615 670 1678 post
699 1607 894 1676 partim
930 1602 995 1656 ad
1030 1603 1197 1654 imum
1226 1597 1507 1652 Masisium
1543 1606 1779 1648 montem
1817 1592 1988 1646 collo—
2088 1602 2211 1640 zum
2253 1584 2419 1641 facit:
2471 1583 2577 1639 sed
2611 1585 2903 1654 pristinum
2954 1583 3133 1654 gentis
3184 1597 3380 1635 nomen
3425 1578 3684 1634 retinuit

417 1670 567 1752 cavit
582 1740 596 1763 ,
627 1670 821 1765 nempe
845 1696 899 1749 in
925 1692 1190 1746 Tambato
1212 1704 1390 1758 usque
1416 1688 1482 1740 ad
1506 1684 1774 1740 Golthiam
1802 1701 1816 1739 :
1846 1683 1989 1739 unde
2092 1677 2612 1732 Malchazuniorum.
2635 1674 2997 1731 Venationutn
3024 1673 3335 1745 praefectum
3357 1688 3485 1728 esse
3508 1670 3683 1740 jubet

424 1761 791 1845 Vernonzunii
826 1786 1140 1853 Astaiazque
1170 1787 1485 1835 manarunt.
2021 1835 2062 1853 ἢ
2091 1769 2288 1824 Datum
2321 1768 2557 1822 Carnico
2583 1766 2813 1823 Gelamii
2846 1766 2956 1821 lilio
2985 1766 3227 1837 genitum
3256 1783 3268 1817 :
3315 1764 3479 1832 cujus
3520 1761 3682 1816 ﬁlius

489 1879 575 1935 l2.
619 1835 1065 1948 Tigrani‘liberi‘
1098 1872 1215 1927 nati
1260 1876 1389 1926 sunt
1432 1867 1667 1929 Babius,
1713 1864 1981 1925 Tiranus,
2021 1835 2064 1889 Β
2091 1860 2378 1926 Varazus;
2430 1861 2787 1931 ejusdemque
2834 1859 2902 1914 de
2945 1835 3166 1914 nomine
3189 1876 3321 1930 gens
3354 1855 3685 1913 Varazunia

419 1969 678 2041 Vahagus
711 1984 740 2022 a
771 1983 881 2039 quo
911 1964 1206 2036 Vahagenii
1229 2002 1244 2025 ,
1278 1960 1587 2016 Aravanins
1626 1972 1656 2010 a
1708 1972 1817 2025 quo
1862 1963 1991 2011 sunt
2092 1958 2377 2028 appellata.
2423 1956 2560 2011 Tum
2607 1964 2661 2011 et
2710 1954 2917 2009 Gabalo
2948 1968 3177 2008 annona:
3203 1968 3316 2008 suae
3339 1968 3538 2007 curam
3574 1954 3679 2008 de-

420 2061 772 2119 Araveniani.
812 2058 895 2114 Ab
923 2058 1176 2111 Aravano
1211 2054 1441 2115 Nerses,
1467 2067 1498 2106 a
1528 2051 1696 2106 Nerse
1725 2048 1989 2103 Zarehius

422 2171 454 2210 a
490 2170 600 2227 quo
628 2168 761 2222 gens
800 2148 1193 2205 Zarehavania.
1234 2145 1277 2201 A
1321 2145 1551 2199 Zarehio
1594 2145 1891 2210 ArmOges;
1924 2140 1994 2193 ab

422 2249 660 2316 Armoge
690 2243 961 2312 Bagamus
988 2256 1006 2306 ;
1052 2255 1083 2293 a
1113 2238 1352 2308 Bagamo
1384 2235 1599 2301 Vanus,
1641 2250 1672 2289 a
1705 2233 1859 2287 Vano
1886 2231 1993 2285 Va-

423 2339 541 2393 hes.
569 2337 621 2392 Is
646 2349 769 2389 cum
803 2330 1109 2387 Alexandro
1130 2329 1417 2383 Macedone
1441 2328 1785 2381 conﬂictatus
1830 2325 1997 2378 inter-

426 2430 511 2484 iit.
561 2426 662 2482 Hic
694 2425 857 2480 linem
886 2421 1187 2478 dominatio
1212 2419 1465 2474 Haicanae
1491 2417 1679 2488 stirpis
1701 2422 1860 2471 nacta
1888 2421 1993 2470 est.

428 2519 568 2573 llinc
598 2524 779 2573 autem
810 2515 875 2569 ad
906 2513 1257 2568 Valarsacem
1303 2511 1358 2565 in
1392 2509 1649 2564 Armenia
1680 2517 2000 2579 regnantem

426 2610 563 2666 nihil
592 2610 726 2665 satis
753 2616 963 2663 certum
994 2604 1241 2675 proferre
1268 2602 1432 2667 licet,
1461 2601 1786 2656 tumultibus
1814 2598 2002 2654 omnia

431 2701 740 2757 tenentibus
758 2698 1064 2768 p0puloque
1090 2697 1145 2751 in
1176 2703 1395 2750 mutuas
1422 2694 1596 2749 caedes
1621 2700 1811 2747 ruente
1837 2709 1851 2746 :
1879 2705 2004 2761 qua?

430 2810 518 2848 res
540 2792 751 2847 facilem
771 2790 974 2844 Partho
988 2790 1177 2843 Arsaci
1208 2789 1264 2842 in
1293 2786 1603 2841 Armeniam
1634 2783 1837 2839 aditum
1856 2798 1996 2854 prte-

429 2882 585 2944 buit,
620 2880 713 2950 qui
744 2879 965 2949 quidem
995 2893 1177 2948 regem
1211 2877 1483 2930 Armenia:
1512 2874 1860 2929 Valarsacem
1893 2873 2002 2927 fra-

434 2980 572 3028 trem
616 2971 882 3053 praefecit.
916 2971 1089 3026 Porro
1120 2986 1150 3023 a
1182 2968 1309 3023 Belo
1337 2967 1489 3022 Haici
1519 2983 1682 3022 mann
1716 2965 2005 3021 interfecto

434 3081 608 3136 usque
629 3064 695 3118 ad
720 3060 1069 3119 Valarsacem
1095 3061 1224 3117 anni
1255 3075 1489 3116 IDLCCCL
1511 3101 1525 3126 ,
1547 3060 1628 3115 vel
1654 3073 1967 3114 Incassm:
1985 3100 2003 3125 ,

434 3162 827 3225 congeruntur.

2092 2050 2349 2115 mandat,
2372 2056 2426 2104 et
2446 2049 2613 2103 Abclo
2635 2063 2821 2103 rerum
2850 2046 3371 2102 administrationem
3393 2087 3407 2111 ,
3436 2045 3683 2102 traditis

2090 2143 2251 2198 etiam
2294 2142 2528 2212 Oppidis.
2574 2142 2798 2197 Illorum
2830 2140 3053 2195 nomina
3108 2150 3294 2210 gentes
3323 2138 3559 2195 szelia
3596 2144 3682 2191 at-

2094 2250 2197 2305 que
2224 2233 2414 2289 Abelia
2437 2234 2695 2289 retinent.
2731 2232 2931 2288 Statuit
2958 2241 3013 2286 et
3042 2231 3345 2286 Arzrunios
3375 2248 3468 2285 seu
3503 2231 3684 2285 Arzi-

2093 2327 2290 2383 vunios
2316 2327 2429 2398 (53)
2456 2345 2471 2393 ;
2502 2333 2617 2380 tum
2648 2336 2702 2381 et
2728 2324 3036 2379 Ghinunios
3066 2341 3155 2379 seu
3199 2321 3509 2378 Ghiniunos
3538 2322 3682 2393 (54).

2093 2421 2271 2492 Atque
2302 2417 2359 2473 hi
2389 2418 2607 2490 quidem
2639 2417 2707 2473 de
2734 2432 2932 2489 genere
2963 2415 3328 2472 Senecherimi
3360 2423 3549 2470 erant.
3584 2411 3688 2468 Fe-

2095 2510 2166 2563 cit
2213 2515 2267 2563 et
2309 2507 2658 2578 Spandunios
2701 2505 2852 2579 (55),
2899 2505 2992 2576 qui
3035 2504 3140 2560 sibi
3183 2504 3471 2561 macellum
3524 2517 3685 2557 como

2096 2600 2412 2656 mendatnm
2462 2600 2764 2655 baberent:
2812 2599 2940 2653 item
2985 2597 3336 2654 Havenunios
3381 2595 3498 2665 (56)
3525 2636 3541 2660 ,
3586 2594 3698 2664 qni.

2095 2694 2385 2765 accipitres
2409 2700 2689 2765 gestarent
2717 2698 2771 2748 et
2815 2699 3076 2763 caperent
3105 2711 3118 2747 :
3157 2705 3353 2745 rursus
3397 2687 3685 2742 Ziunaca-

2097 2800 2199 2841 nos
2242 2785 2389 2856 (57),
2418 2785 2512 2855 qui
2544 2786 2722 2839 nivem
2762 2793 2953 2841 aestate
2986 2792 3354 2841 asservarent.
3400 2782 3552 2839 Exin
3599 2797 3688 2837 re-

2099 2876 2199 2947 gia:
2226 2876 2480 2931 custodes
2510 2875 2639 2945 legit
2668 2875 2769 2930 sibi
2798 2876 2865 2930 de
2896 2876 3203 2946 priscorum
3245 2892 3434 2948 regum
3476 2890 3686 2947 proge-

2102 2968 2190 3024 nie
2211 3008 2225 3031 ,
2262 2968 2357 3039 qui
2388 2967 2594 3022 diserte
2619 2967 2810 3022 Ostani
2838 2966 2953 3040 (58)
2983 2969 3281 3039 nuncupati
3329 2977 3489 3032 sunt,
3543 2982 3704 3038 quos,

2104 3060 2284 3115 adhuc
2311 3058 2492 3115 lberes
2524 3058 2879 3129 Sephezulios
2907 3059 3172 3115 vocitant.
3201 3058 3445 3129 Denique
3479 3075 3689 3114 secun-

2030 3168 2082 3228 ο
2108 3152 2208 3207 dos
2236 3158 2358 3223 post
2389 3167 2569 3223 regem
2601 3151 2725 3221 fecit
2752 3167 2848 3206 eos
2877 3150 2970 3221 qui
3000 3161 3156 3207 erant
3182 3152 3250 3206 de
3278 3166 3478 3223 genere
3505 3149 3693 3208 Asda-t

504 3247 593 3303 13.
650 3245 942 3315 Postquam
1001 3242 1252 3299 Ilaicante
1328 3242 1514 3313 stirpis
1571 3240 1858 3308 imperium
1936 3236 2015 3290 ab
2113 3244 2271 3314 basis
2293 3241 2698 3312 Medi,quibus
2728 3241 3009 3299 Murenscs
3038 3258 3237 3297 nomen
3266 3252 3370 3299 est,

435 3338 742 3395 Alexandro
772 3336 1006 3391 deletum
1051 3346 1166 3401 est,
1215 3342 1441 3405 postque
1494 3333 1665 3403 ipsius
1715 3328 2009 3384 Alexandri

436 3446 583 3486 anno
606 3430 753 3500 regni
778 3427 1099 3483 duodecimo
1128 3428 1335 3482 obitum
1357 3465 1371 3489 ,
1402 3424 1629 3496 imperio
1654 3424 1774 3493 ejus
1798 3422 1850 3476 in
1872 3435 2006 3492 qna-

437 3530 563 3577 tuor
614 3521 770 3575 duces
791 3560 806 3584 ,
844 3526 905 3573 ut
949 3518 1060 3588 jam
1092 3518 1364 3582 diximus,
1398 3516 1612 3583 diviso;
1657 3526 1723 3571 ex
1753 3514 1839 3570 his
1866 3529 2007 3567 unus

439 3613 699 3669 Seleucus
750 3610 1076 3681 Babylonem
1132 3616 1255 3678 post
1298 3608 1662 3664 Alexandrum
1687 3607 1895 3669 tenuit,
1943 3619 2007 3658 ac

439 3709 633 3772 praeter
651 3701 1005 3771 aliasgentes,
1021 3699 1251 3753 Parthus
1282 3713 1497 3768 quoque
1517 3696 1719 3768 ingenti
1741 3696 1879 3750 bello
1896 3710 2012 3765 per-

440 3792 684 3857 domuit,
717 3806 821 3863 qua
851 3808 917 3849 ex
963 3808 1020 3846 re
1045 3799 1462 3861 cognomentum
1492 3787 1777 3843 Nicanoris
1804 3787 2006 3842 retulit.

439 3880 493 3939 ls
520 3884 678 3938 annis
703 3898 835 3937 xm
862 3883 1127 3953 regnavit.
1150 3880 1346 3936 Deinde
1359 3880 1659 3935 Antiochus
1704 3878 1861 3934 Soter
1891 3878 2010 3946 ejus

440 3974 588 4029 filius
619 3974 779 4029 annis
809 3989 920 4028 xix.
947 3972 1084 4027 Tum
1116 3972 1418 4028 Antiochus
1442 3972 1583 4028 Deus
1606 3971 1764 4027 annis
1784 3987 1874 4025 xv.
1900 3971 2011 4024 llu-

436 4065 532 4136 jus
558 4064 846 4119 undecimo
871 4078 1019 4118 anno
1048 4061 1401 4118 Macedonum
1430 4062 1799 4118 obedientiam
1826 4059 2011 4115 Parthi

441 4155 742 4226 abjiciunt,
772 4155 913 4226 apud
943 4170 1080 4226 quos
1108 4155 1318 4226 primus
1350 4162 1541 4224 regnat
1573 4152 1752 4209 Fortis
1792 4153 1883 4207 ille
1919 4151 2016 4206 Ar-

443 4261 601 4304 saces
619 4288 636 4315 ,
665 4246 962 4303 Abrahami
990 4261 1188 4316 genere
1216 4254 1373 4301 ortus
1402 4245 1469 4300 de
1494 4254 1653 4317 gente
1680 4245 1923 4313 Ceturae,
1957 4244 2013 4300 in

442 4339 580 4395 urbe
601 4339 691 4394 cui
720 4354 920 4395 nomen
952 4338 1133 4393 Bablte
1162 4338 1319 4393 annis
1348 4354 1505 4393 ιιιι.
1536 4337 1742 4394 Deinde
1769 4338 2014 4408 ejusdem

444 4431 592 4488 filius
619 4432 853 4488 Artaxes
883 4431 1043 4487 annis
1074 4446 1198 4484 nvi
1229 4448 1243 4495 ;
1277 4439 1400 4501 post
1438 4446 1598 4501 quem
1648 4430 1875 4502 Magnus
1913 4430 2017 4484 Ar-

444 4535 601 4578 saces
629 4522 788 4578 annis
818 4538 926 4577 uv.

516 4612 608 4667 M.
652 4610 881 4682 Magnus
910 4614 1000 4669 hic
1029 4615 1265 4669 Arsaces
1300 4612 1648 4667 Valarsacem
1682 4611 1903 4667 fratrem
1930 4613 2025 4665 Ar-

445 4702 637 4758 menia:
661 4711 863 4760 nostrae
891 4722 1073 4777 regem
1102 4707 1362 4776 imposuit
1385 4720 1531 4759 anno
1555 4704 1829 4759 Ptolemaei
1867 4702 2025 4757 Ever-

2182 3334 2269 3389 16.
2311 3334 2423 3404 Age
2449 3349 2579 3389 vero
2609 3334 2879 3390 orientem
2905 3350 3102 3391 versus
3149 3333 3511 3405 praefecturas,
3550 3335 3699 3397 duas

2111 3426 2397 3480 constituit
2430 3424 2769 3480 Sisacaniam
2791 3465 2808 3490 ,
2840 3427 2897 3481 in
2929 3435 3106 3496 eaque“
3145 3426 3333 3481 Cadmi
3371 3425 3645 3483 familiam
3671 3445 3701 3492 ;,

2113 3517 2255 3573 inter
2284 3517 2417 3572 solis
2442 3526 2621 3572 autem
2651 3524 2831 3572 ortum
2865 3526 2919 3573 et
2962 3518 3180 3574 boream
3218 3517 3457 3572 Aranum
3502 3517 3693 3588 posuit

2112 3606 2427 3677 praefectum
2461 3606 2527 3661 de
2559 3607 2730 3679 stirpe
2759 3606 2958 3663 Sisaci.
2989 3607 3065 3662 Ea
3095 3624 3225 3664 vero
3264 3609 3412 3679 regio
3459 3618 3689 3679 propter

2114 3712 2310 3753 suaves
2363 3698 2668 3754 incolarum
2724 3714 2907 3757 mores
2957 3699 3168 3755 Aluana
3222 3700 3335 3772 (59)
3384 3699 3530 3755 dicta
3586 3708 3687 3755 est.

2116 3786 2291 3858 Hujus
2333 3803 2363 3841 a
2415 3789 2586 3860 stirpe
2620 3797 2804 3844 manat
2852 3805 2987 3861 gens
3026 3790 3330 3846 Uteorum:
3381 3796 3499 3842 tum
3550 3787 3688 3843 Gar-

2116 3880 2495 3936 dmanensium
2548 3889 2602 3937 et
2645 3881 3008 3938 Zaudensium
3042 3881 3153 3954 (40)
3182 3889 3237 3937 et
3262 3879 3687 3953 Gargarensium

2118 3974 2479 4044 principatus.
2516 3974 2743 4031 Gusaris
2772 3984 2955 4031 tamen
2982 3976 3148 4030 Saraai
3184 3977 3350 4046 stirpe
3376 3983 3539 4039 ortus,
3564 3989 3688 4046 pos-

2118 4065 2375 4122 sidendas
2404 4068 2612 4138 accepit
2635 4067 2956 4139 Cangariam
2987 4074 3149 4139 atque
3174 4065 3521 4125 Zavachiam.
3538 4066 3691 4137 prin-

2119 4157 2356 4227 cipatum
2391 4158 2518 4213 item
2549 4157 2865 4214 Tasirorum
2896 4164 3059 4227 atque
3085 4157 3364 4214 Asozium.
3392 4156 3514 4212 Jam
3546 4174 3582 4213 e
3607 4173 3691 4212 re-

2119 4248 2279 4318 gione
2303 4245 2535 4303 Caucasi
2566 4248 2803 4303 validum
2835 4248 3093 4320 populum
3113 4288 3130 4316 ,
3161 4248 3227 4304 de
3254 4264 3447 4321 genere
3475 4247 3691 4305 Mithri-

2119 4333 2262 4389 datis
2287 4332 2433 4389 Darii
2468 4344 2703 4407 satrapae
2743 4337 3076 4405 collocavit,
3121 4352 3350 4408 eamque
3396 4338 3687 4412 appellavit

2123 4424 2522 4497 Gugarensium
2578 4428 2983 4498 praefecturam.
3038 4428 3177 4484 Exin
3234 4428 3288 4483 in
3344 4431 3523 4499 ampla
3551 4429 3690 4484 valle

2050 4521 2095 4576 1)
2124 4516 2416 4573 Basenensi
2469 4519 2835 4590 principatum
2891 4520 3041 4576 dedit
3094 4520 3249 4589 stirpi
3298 4519 3549 4581 Ilaicacii.
3592 4517 3688 4573 0r-

2127 4607 2450 4664 duniensem
2487 4610 2843 4679 appellatum.
2876 4609 3015 4665 Tum
3064 4610 3130 4665 de
3180 4609 3465 4666 Paschami
3492 4624 3689 4681 genere

2126 4697 2397 4754 Torcbum
2435 4701 2722 4770 quemdam
2747 4741 2762 4765 ,
2796 4702 2887 4771 qui
2924 4710 3143 4774 propter
3176 4711 3427 4772 aspectus
3456 4702 3686 4756 torvita—

423 4800 581 4865 ,δοιαὶ
607 4795 872 4851 vicesimo
903 4798 1134 4867 septimo
1154 4837 1169 4862 ,
1199 4796 1527 4869 Olympiadis
1552 4806 1730 4851 autem
1756 4794 2028 4864 sexagesi-
2125 4799 2230 4846 tem
2254 4793 2551 4863 Anghelius
2575 4793 2686 4865 (41)
2709 4794 3012 4859 dicebatur,
3038 4794 3350 4865 praefectum
3373 4794 3684 4851 occidenta-

447 4899 549 4939 mae
574 4885 820 4955 septima:
850 4903 1010 4957 supra
1063 4888 1414 4944 centesimam
1454 4902 1600 4942 anno
1631 4896 1858 4955 quarto,
1902 4900 2022 4956 per-

448 4972 635 5028 missis
663 4973 713 5028 ei
745 4974 1063 5045 regionibus
1090 4975 1301 5030 nostris
1330 4988 1454 5044 quae
1496 4972 1926 5044 septentrionem
1968 4978 2023 5025 et

447 5077 701 5119 occasum
731 5073 999 5136 spectant.
1031 5065 1080 5123 ls
1105 5074 1286 5122 autem
1339 5081 1462 5121 cum
1496 5066 1579 5120 vir
1604 5063 1761 5120 fortis
1786 5062 1949 5119 simul
1971 5068 2023 5115 et

520 5231 632 5304 (50)
665 5234 806 5305 Lege
831 5236 1121 5291 Eusebium
1158 5253 1194 5297 ι.
1220 5236 1274 5303 5,
1308 5237 1359 5291 l.

520 5303 634 5376 (5i)
671 5303 927 5363 Me’ndose
981 5307 1036 5361 in
1083 5307 1321 5362 editione
1348 5305 1542 5376 _Mosis
1582 5305 1747 5362 Chor.
1815 5303 2020 5376 Hag'gig:

620 5373 683 5430 et
736 5377 955 5432 codices
1003 5376 1170 5433 Mosis
1218 5385 1274 5430 et
1337 5374 1554 5432 Samuel
1617 5377 1817 5431 habent
1888 5373 2021 5426 Ηιιὶο

453 5461 608 5500 tam.
1204 5465 1211 5469 ’

527 5514 637 5585 (52)
666 5514 808 5585 Lege
833 5515 1124 5571 Eusebium
1156 5533 1193 5579 ι,
1233 5516 1286 5579 5,
1321 5517 1374 5579 5,
1402 5524 1517 5571 not.

527 5584 640 5719 (53)
670 5583 875 5655 Nempe
912 5586 1146 5656 aquilam
1177 5598 1459 5654 gestantes.

551 5653 640 5719 54)
682 5653 884 5719 Nempe
911 5657 1015 5710 vini
1047 5672 1227 5708 curam
1251 5665 1459 5719 gerente

551 5653 640 5726 ξᾷ)
673 5653 884 5726 Nempe
911 5653 1015 5710 vini
1047 5653 1227 5708 curam
1251 5665 1501 5725 gerentes.

530 5723 642 5790 (35)
672 5722 872 5793 Nempe
902 5727 1032 5779 σαῖάὶ
1051 5722 1374 5792 prmpositos.

535 5793 645 5862 (36)
683 5792 884 5862 Nempe
910 5810 1150 5861 aucupes.

2126 4884 2228 4938 lem
2258 4884 2468 4939 creavit
2487 4924 2502 4948 ,
2538 4885 2941 4956 provinciaeque
2970 4901 3166 4942 nomen
3193 4885 3555 4957 Anglieltunia
3580 4892 3680 4939 est.

2195 4976 2284 5030 l7.
2324 4975 2496 5031 Porro
2535 4977 2590 5030 in
2631 4976 2888 5032 Armenia
2926 4987 3118 5049 quarta
3164 4978 3452 5032 maximam
3491 4975 3684 5049 praefe-

2122 5073 2332 5122 cturam
2362 5066 2727 5138 Zophiensem
2759 5068 3039 5135 fundavit,
3072 5078 3185 5123 tum
3223 5080 3276 5124 et
3323 5070 3458 5123 alias
3497 5068 3683 5141 praefe-

2194 5234 2306 5305 (57)
2336 5232 2540 5305 Nempe
2570 5236 2825 5289 nit-arias.

2193 5303 2306 5376 (58)
2336 5303 2550 5376 Eersica
2587 5310 2686 5359 hac
2719 5321 2850 5360 voce
2888 5304 3263 5375 signiﬁcantur
3296 5307 3445 5376 regii.
3698 5339 3704 5349 -

2192 5372 2306 5445 (59)
2334 5372 2675 5445 (Vocabulum
2712 5392 2810 5429 ALV
2842 5372 3081 5431 fatentur
3112 5391 3173 5430 se
3204 5372 3457 5445 ignorare
3483 5374 3684 5430 Wisto-

2119 5444 2174 5500 ni
2208 5444 2376 5498 Musis
2392 5444 2572 5515 _(_Jhor.
2603 5447 2945 5515 interpretes,
2976 5461 3098 5500 cum
3138 5444 3269 5501 satis
3309 5455 3486 5501 tamen
3514 5448 3680 5515 usitaf

2121 5524 2234 5568 tum
2270 5515 2360 5569 sit.
2391 5512 2620 5570 Videtur
2649 5512 2827 5571 autem
2875 5517 3033 5572 nobis
3058 5516 3298 5571 derivari
3339 5516 3406 5570 ab
3443 5532 3510 5570 Αι
3544 5512 3680 5585 quod

2121 5583 2285 5637 salem
2314 5595 2491 5637 sonat.

2121 5595 2285 5638 salem
2314 5595 2491 5639 sonat.

2194 5653 2307 5735 (40)
2344 5652 2451 5735 llic.
2467 5653 2685 5735 codices
2717 5656 3043 5735 videbantur
3072 5654 3337 5735 mendosi.
3366 5654 3477 5713 Nos
3509 5663 3677 5710 tamen

2124 5726 2275 5795 hanc
2295 5725 2511 5795 interim
2536 5726 3038 5795 interpretationem
3069 5728 3439 5785 cxtundimus.

2197 5794 2311 5867 (4|)
2341 5791 2542 5865 Nempe
2565 5791 2837 5863 deformis.
