3878 6264
164 367 252 424 641
909 365 1252 426 SAMUELIS
1291 365 1608 424 ΑΜΕ,ΝὸΙὸ
1647 365 1991 423 SUMMARII
2031 365 2416 422 TEMPORUM
2454 363 2634 422 PARS
2673 367 2716 424 1.

3320 374 3427 430 642

160 508 340 554 cturas
365 495 730 571 Apahuniam
752 544 768 569 ,
795 501 1164 560 Manavaziam
1190 511 1244 559 et
1267 503 1618 558 Beznuniam.
1648 501 1746 558 Se-
1772 459 1820 540 A‘
1844 478 2199 571 είίβθηᾷίπίξ
2216 479 2345 532 me“
2389 487 2537 571 ευξιι-
2583 479 2817 571 QuiPPev
2857 489 2916 535 υῑ
2946 478 3021 536 δίε
3065 483 3424 553 θνιιηεειίειθ.

160 588 312 642 lacho
352 599 552 644 autem
593 591 710 646 viro
755 591 948 647 audaci
976 600 1030 649 et
1061 593 1362 650 fortissimo
1395 592 1530 664 (qui
1559 599 1742 648 utrum

158 676 220 730 de
241 678 418 747 stirpe
450 677 620 734 Haici
648 679 812 735 fuerit
836 696 907 735 an
937 681 1245 752 antiquiore
1271 682 1338 737 de
1367 689 1526 752 gente
1551 682 1743 737 oriun-

158 769 256 824 dus
310 782 432 823 non
492 779 585 826 est
645 772 779 827 satis
829 773 1206 844 exploratum)
1250 789 1452 844 paucos
1495 775 1745 832 homines

159 864 475 924 concessit,
509 877 751 932 eumque
775 863 944 931 jussit
972 872 1212 919 montem
1255 866 1408 918 illum
1443 865 1587 920 tueri
1631 866 1746 920 hir-

159 968 361 1023 cosque
390 953 660 1008 venando
695 955 969 1011 lacessere
1003 975 1016 1010 :
1049 970 1282 1026 eumque
1313 959 1576 1028 populum
1608 958 1746 1014 dixit

117 1079 122 1082 -
163 1045 516 1101 Selacunios.
561 1045 616 1101 ιιι
658 1046 818 1102 ofﬁcii
851 1046 1136 1103 Miandaco
1161 1064 1380 1119 quoque
1430 1051 1740 1115 mandavit,

161 1152 189 1190 a
214 1151 319 1206 quo
346 1136 688 1193 derivantur
715 1137 1082 1195 Mandacunii.
1113 1139 1360 1211 Cumque
1388 1157 1418 1196 e
1449 1141 1744 1214 Vahagenii

161 1229 392 1298 posteris
427 1232 754 1286 sacerdores
787 1230 1042 1299 fecisset,
1071 1241 1283 1304 gentem
1316 1249 1435 1289 eam
1461 1235 1744 1291 Vahuuio-

160 1334 278 1374 rum
322 1321 565 1377 nomine
613 1322 888 1378 distinxit.
942 1321 1033 1377 Sic
1087 1331 1143 1378 et
1194 1325 1525 1382 Arravenios
1581 1339 1744 1397 atque

162 1413 562 1470 Arehavenios.
601 1415 739 1470 Tum
768 1426 823 1472 et
853 1417 1186 1476 Sarasanum
1213 1420 1267 1473 in
1302 1417 1558 1475 Sanasari
1589 1421 1744 1474 fami-

162 1504 229 1558 lia
253 1513 486 1572 uatum,
541 1522 798 1580 magnum
845 1509 966 1578 ejus
1005 1511 1245 1582 regionis
1285 1512 1570 1582 praesidem
1615 1511 1744 1566 fecit

157 1611 274 1665 quae
305 1598 456 1653 inter
489 1613 758 1654 occasum
788 1601 1186 1672 meridiemque
1214 1603 1394 1672 jacet,
1428 1603 1587 1673 eique
1617 1619 1745 1674 pro-

161 1689 389 1743 vinciam
440 1689 791 1746 Arzncnsem
867 1700 922 1746 et
965 1690 1228 1758 Taurum,
1270 1710 1462 1765 nempe
1509 1694 1740 1761 Simum,

160 1788 396 1834 montem
424 1822 440 1847 ,
480 1796 817 1852 omnemque
843 1782 1201 1856 leesyriam
1237 1786 1506 1855 permisit.
1540 1785 1742 1840 Eadem

159 1872 213 1925 in
227 1873 515 1941 provincia
544 1888 672 1927 cum
705 1874 1014 1930 Mocensem
1043 1877 1330 1947 quemdam
1358 1887 1550 1932 nactus
1575 1885 1740 1942 esset,

167 1963 548 2030 pmfecturam
603 1964 766 2018 aliam
818 1965 1089 2032 instituit,
1146 1967 1451 2037 iisdemque
1501 1968 1557 2022 in
1607 1968 1744 2025 locis

164 2054 448 2125 Gordyaeos
474 2094 492 2119 ,
525 2055 878 2115 Anzevenses
923 2068 1088 2131 atque
1117 2062 1396 2117 Aceenscs
1434 2061 1740 2116 collocavit.

168 2144 562 2205 Verumtamen
593 2191 608 2215 ,
660 2151 806 2221 quod
836 2153 1029 2206 attinet
1063 2153 1130 2206 ad
1161 2150 1495 2208 Rliestunios
1525 2161 1582 2208 et
1609 2153 1744 2208 Gol—

169 2240 455 2305 tlmeuses,
505 2259 637 2312 qua:
668 2254 796 2299 sunt
839 2244 1226 2302 Sisacenorum
1267 2247 1523 2312 coloniae,
1556 2252 1743 2300 utrum

168 2347 237 2386 ea:
266 2335 577 2403 provinciae
626 2351 657 2389 a
702 2336 945 2391 virorum
977 2339 1291 2393 nominibus
1319 2338 1569 2393 vocitatae
1597 2338 1739 2403 sint,

167 2438 227 2478 an
250 2440 279 2480 e
307 2426 732 2496 provinciarum
763 2428 1222 2499 appellationibus
1249 2430 1380 2499 ipsa:
1406 2428 1742 2499 praefecturae

172 2518 378 2572 nomina
401 2520 625 2575 sortita:
652 2522 764 2576 sint
785 2559 800 2585 ,
826 2522 1040 2592 ignoro.

233 2610 316 2664 i8.
354 2610 622 2668 Profecto
651 2614 814 2681 hujus
844 2615 986 2684 regis
1032 2621 1260 2670 cunctas
1292 2614 1496 2685 optime
1525 2614 1740 2670 instrur

175 2712 279 2758 ctas
307 2706 742 2760 constitutiones
769 2706 913 2760 haud
949 2714 1106 2760 vacat
1135 2707 1474 2777 perscribere
1495 2746 1511 2771 ,
1561 2721 1740 2776 neque

169 2794 289 2849 item
308 2797 542 2854 aliorum
566 2799 661 2868 qui
683 2799 764 2853 vel
779 2807 1174 2868 praecesserunt
1191 2801 1273 2854 vel
1288 2799 1569 2854 consecuti
1589 2806 1740 2866 sunt,

179 2902 390 2954 quorum
414 2905 505 2945 res
526 2900 696 2961 gesta;
728 2890 944 2946 abunde
976 2891 1173 2946 litteris
1205 2890 1599 2945 commendata:
1624 2891 1741 2946 fue-

173 2987 308 3034 runt.
354 2971 415 3035 lii
467 2982 731 3053 praesenti
784 2989 965 3038 autem
1017 2981 1464 3054 prwfccturarum
1499 2989 1741 3036 tantum-

179 3073 323 3125 modo
348 3073 784 3146 descriptionem
821 3076 1093 3146 persecuti
1126 3092 1337 3140 sumus,
1372 3090 1511 3146 quas
1535 3075 1583 3131 si
1613 3074 1740 3144 quis

180 3175 490 3230 cognoscere
540 3176 798 3236 cuperet,
839 3183 931 3223 eas
984 3167 1037 3222 in
1084 3175 1336 3238 promptu
1379 3183 1503 3222 cum
1552 3167 1808 3248 multisC

182 3250 288 3308 aliis
309 3254 532 3312 haberet
560 3259 728 3328 regiis
761 3260 1157 3315 sanctionibus.
1184 3260 1266 3313 Ad
1296 3266 1600 3314 extremum
1629 3258 1738 3312 Va-

181 3357 399 3411 larsaces
444 3357 578 3402 'cum
616 3350 774 3404 anuis
813 3350 1028 3405 duobus
1083 3364 1147 3404 ac
1185 3350 1375 3420 viginti
1425 3358 1739 3421 regnasset,

184 3431 336 3489 Nisibi
365 3437 478 3506 (42)
502 3439 619 3491 vita
641 3439 898 3495 excessit.

244 3526 325 3581 19.
367 3530 609 3584 Secutus
647 3538 730 3585 est
768 3531 998 3588 Arsaces
1032 3532 1178 3586 ﬁlius
1209 3533 1367 3586 annis
1390 3546 1514 3587 xm.

248 3621 467 3680 Artaxes
498 3624 728 3679 Arsacis
747 3625 889 3680 filius
919 3626 1078 3680 annis
1104 3641 1228 3679 xxv.
1257 3626 1354 3679 Hic
1375 3625 1583 3679 viribus
1605 3639 1742 3678 cun-

181 3716 288 3767 ctos
311 3715 652 3783 praecellens,
689 3715 832 3770 haud
859 3730 1052 3785 passus
1077 3723 1162 3770 est
1194 3714 1495 3770 secundum
1533 3729 1590 3769 se
1619 3727 1742 3768 esse

189 3816 216 3856 a
239 3818 351 3875 rege
377 3806 707 3873 Persarum;
735 3807 865 3878 quin
914 3807 1050 3861 adeo
1098 3806 1386 3862 Persarum
1427 3822 1605 3877 regem
1641 3821 1742 3862 se-

191 3894 345 3949 cundo
387 3895 680 3967 dignitatis
723 3899 892 3968 gradu
935 3898 1164 3962 locavit,
1219 3913 1452 3968 cumque
1495 3897 1739 3952 exercitu

189 3984 454 4044 innumero
516 3991 577 4044 in
641 3991 980 4047 occidentem
1040 4005 1363 4060 progressus
1430 3991 1739 4060 complures

191 4085 354 4144 gentes
379 4081 607 4145 devicit,
639 4081 811 4136 donec
832 4095 863 4134 a
894 4081 1010 4137 suis
1042 4081 1401 4150 interemptus
1431 4087 1536 4135 est.

248 4167 496 4241 Tigranes
531 4173 676 4228 ﬁlius
705 4174 824 4243 ejus
857 4172 1017 4227 annis
1047 4187 1257 4235 χχχιιι,
1301 4173 1394 4240 qui
1441 4171 1586 4225 haud
1637 4187 1736 4241 pa-

193 4257 292 4314 triae
347 4264 683 4320 fortitudinis
728 4265 962 4334 degener
1014 4265 1177 4318 rebus
1237 4263 1405 4333 gestis
1441 4262 1734 4328 inclaruit;

195 4366 480 4423 quanquam
534 4371 729 4411 rursus
761 4355 816 4408 in
850 4354 1093 4409 secundo
1139 4353 1419 4423 dignitatis
1464 4351 1584 4406 loco
1617 4356 1739 4421 post

191 4438 366 4501 ἔδει-εδδ
395 4446 664 4503 consedit.
715 4446 846 4517 Ejus
872 4453 1030 4501 aetate
1076 4444 1514 4515 cognoscebatur
1562 4441 1734 4498 Vaico

1843 569 2083 623 manavit
2115 568 2355 623 edictum
2383 583 2414 621 a
2437 567 2652 624 Caesare
2690 570 2972 640 Augusto,
3032 579 3089 625 ut
3118 573 3270 629 orbis
3302 575 3426 629 uni-

1843 673 2036 714 versus
2067 659 2506 715 describeretur:
2545 659 2706 728 cujus
2729 661 2803 714 rei
2836 675 3003 716 causa
3029 663 3084 717 in
3107 664 3423 718 Armeniam

1844 765 2061 821 quoque
2090 759 2310 806 ventum
2327 762 2431 807 est.
2460 751 2536 806 Eo
2559 751 2769 808 scilicet
2791 767 2936 808 anno
2953 753 3216 810 Dominus
3236 762 3425 811 noster

1845 841 2096 913 Deusque
2123 841 2284 898 Jesus
2307 842 2562 899 Christus
2594 860 2625 899 e
2659 842 2880 915 Virgine
2918 853 3079 901 natus
3106 855 3212 902 est.
3251 845 3424 901 Porro

1845 935 1934 989 hic
1971 941 2090 990 erat
2129 950 2157 987 a
2197 934 2484 990 Valarsace
2532 951 2712 991 annus
2750 937 2998 991 decimus
3030 938 3296 1007 septimus
3329 955 3421 994 su-

1845 1043 1941 1097 pra
1974 1027 2366 1092 centesimum;
2402 1026 2633 1097 Augusti
2689 1027 3009 1097 imperantis
3046 1030 3322 1084 secundus
3369 1037 3422 1082 ct

1843 1120 2323 1190 quadragesimus;
2359 1119 2588 1173 Herodis
2644 1119 2960 1189 alienigenae
3015 1118 3420 1192 Hierosolymo-

1843 1227 1965 1266 rum
1999 1213 2134 1282 regis
2169 1210 2444 1266 secundus
2483 1225 2648 1279 supra
2705 1210 3076 1278 tricesimum;
3126 1212 3420 1267 Arsacida-

1843 1319 1964 1358 rum
1994 1304 2250 1373 denique,
2285 1303 2378 1373 qui
2426 1313 2478 1357 et
2511 1300 2756 1355 Pahlavii
2793 1311 3056 1356 vocantur
3078 1343 3091 1366 ,
3142 1305 3259 1358 sive
3286 1303 3420 1358 Per-

1844 1409 2028 1450 sarum
2058 1394 2202 1464 regis
2231 1392 2475 1447 Arsaviri
2509 1400 2627 1446 erat
2657 1378 2951 1448 vicesimus
2994 1394 3223 1463 primus,
3257 1397 3417 1462 cujus

1843 1485 2062 1556 quidem
2105 1484 2366 1540 vicesimo
2393 1498 2622 1554 regnare
2651 1491 2889 1553 cmperat
2936 1485 3075 1554 apud
3135 1487 3416 1543 Armenios
3454 1507 3466 1516 ν

1842 1578 2115 1649 Abgarus.

1909 1691 2000 1746 20.
2031 1688 2149 1744 Jam
2184 1705 2216 1744 a
2243 1689 2420 1761 primo
2453 1689 2658 1744 Arsace
2688 1684 2743 1742 hi
2780 1703 2931 1758 reges
2977 1687 3246 1743 habentur
3286 1687 3416 1744 Per-

1845 1797 2031 1837 sarum

1916 1917 1958 1975 Ι.
1983 1919 2215 1974 Arsaces
2236 1915 2415 1972 Fortis
2443 1918 2604 1972 annis
2629 1932 2778 1970 xxxi.

1914 2009 1978 2065 Il.
2009 2010 2240 2064 Artaxes
2279 2009 2439 2064 annis
2465 2025 2610 2062 XLVI.

1915 2104 2004 2157 Ill.
2039 2104 2270 2157 Arsaces
2294 2098 2518 2171 Magnus
2550 2101 2857 2154 Vatarsacis
2887 2102 3053 2154 frater
3079 2116 3167 2152 an.
3198 2115 3305 2156 Liv.

1913 2193 2005 2248 IV.
2049 2197 2358 2248 Arsacanus
2382 2194 2540 2246 annis
2575 2209 2726 2246 xxxr.

1914 2286 1980 2342 ν.
2013 2287 2324 2342 Arsanacus
2358 2285 2518 2339 annis
2547 2301 2676 2340 xxx.

1913 2379 2002 2434 Vl.
2027 2379 2192 2433 Arses
2213 2377 2372 2432 annis
2405 2393 2497 2430 xx.

1914 2467 2024 2522 Vll.
2061 2469 2352 2524 Arsavirus
2382 2469 2540 2522 annis
2567 2483 2712 2522 var.

1913 2558 1972 2613 In
2007 2559 2170 2628 hujus
2197 2557 2514 2612 vicesimum
2545 2560 2775 2626 primum
2806 2573 3006 2610 annum
3031 2557 3233 2610 natalia
3256 2557 3416 2611 Chri-

1842 2653 1912 2707 sti
1967 2652 2322 2716 inciderunt,
2379 2651 2474 2721 qui
2534 2650 2634 2704 fuit
2684 2650 3003 2719 Olympiadis
3054 2651 3416 2721 nonagesimae

1842 2750 2048 2814 quarta:
2083 2757 2248 2814 supra
2278 2743 2632 2797 centesimam
2667 2758 2844 2797 annus
2885 2751 3132 2812 quartus.

1909 2860 1999 2913 21.
2043 2859 2210 2929 Igitur
2243 2864 2404 2931 prout
2448 2865 2573 2910 ante
2621 2856 2968 2926 promisimus
3009 2855 3272 2910 orationis
3318 2871 3419 2908 no-

1842 2961 1968 3008 stra:
1996 2959 2191 3004 metam
2225 2949 2524 3019 attigimus,
2566 2949 2660 3018 qui
2687 2947 2938 3002 videlicet
2983 2947 3050 3000 ad
3102 2945 3265 3001 Verbi
3321 2946 3416 3001 Dei

1841 3057 1963 3098 cum
2014 3057 2178 3096 carne
2227 3041 2461 3110 copulati
2510 3039 3002 3094 manifestationem
3063 3040 3414 3104 devenimus,

1841 3140 2001 3202 capto
2035 3132 2190 3186 initio
2218 3147 2246 3186 a
2274 3132 2451 3201 primo
2494 3130 2716 3185 condito
2769 3129 3006 3194 homine,
3043 3145 3165 3200 qua:
3197 3137 3280 3184 est
3316 3143 3416 3182 an-

1843 3239 2034 3278 norum
2079 3237 2582 3278 nuuucnxxxxvm
2616 3222 2932 3291 congeries,
2981 3221 3278 3275 secundum
3325 3221 3417 3273 Iu-

1841 3323 2108 3384 terpretes
2137 3314 2488 3386 Septuaginta
2517 3353 2531 3377 ,
2584 3328 2746 3384 quam
2795 3327 3060 3368 summam
3096 3313 3413 3382 singillatim

1839 3407 1916 3461 ita
1940 3408 2362 3477 perscribemus.
2393 3407 2474 3460 Ab
2498 3405 2706 3459 Adamo
2731 3404 2797 3458 ad
2829 3404 3092 3459 diluvium
3118 3407 3412 3458 coniiciun-

1840 3508 1932 3554 tur
1960 3501 2088 3553 anni
2117 3513 2393 3554 ιιιιοοχιιι.
2433 3498 2479 3551 Α
2507 3497 2710 3552 diluvio
2739 3497 2812 3550 ad
2843 3496 3034 3550 turrim
3083 3497 3212 3548 anni
3244 3511 3408 3548 nxxv.

1842 3588 1980 3644 Hinc
2009 3590 2076 3644 ad
2099 3590 2467 3644 Abrahamum
2502 3588 2629 3642 anni
2676 3601 2938 3643 ccccxvu.
2992 3587 3036 3640 A
3090 3587 3295 3640 diluvio
3342 3586 3410 3640 ad

1841 3681 2132 3737 Abrahami
2161 3681 2361 3734 natalia
2391 3681 2518 3734 anni
2539 3695 2836 3734 nccccxui.
2879 3679 2965 3733 Ab
2997 3679 3306 3733 Abrahamo
3341 3680 3409 3732 ad

1842 3773 2044 3829 Mosem
2071 3789 2458 3844 cgressumque
2481 3787 2546 3826 ex
2563 3771 2796 3842 IEgypto
2819 3771 2945 3824 anni
2967 3787 3054 3824 nv.
3074 3770 3156 3823 Ab
3185 3783 3410 3840 egressu

1839 3881 2012 3936 usque
2041 3866 2106 3920 ad
2138 3864 2483 3920 Solomonem
2518 3866 2862 3932 primumque
2898 3863 3080 3930 templi
3119 3861 3410 3916 aedilicium

1843 3956 1970 4010 anni
2002 3970 2296 4011 ccccuxx.
2330 3953 2376 4006 A
2408 3954 2585 4023 primo
2615 3953 2792 4021 templi
2824 3952 3051 4006 aedilicio
3102 3951 3168 4005 ad
3212 3966 3414 4006 secun-

1838 4047 1967 4101 dum
1997 4047 2123 4100 anni
2147 4063 2259 4101 mu.
2296 4045 2433 4099 Exin
2460 4044 2524 4098 ad
2554 4043 2760 4100 Christi
2806 4044 3006 4098 natalia
3037 4043 3163 4096 anni
3199 4057 3366 4096 oxviu
3394 4059 3407 4094 :

1839 4152 2069 4206 quorum
2100 4150 2310 4191 summa
2361 4135 2415 4188 in
2457 4149 2629 4188 annos
2661 4147 3166 4187 IMNIICLXXXXVLH
3190 4146 3410 4185 consur-

1838 4230 1934 4301 git.
1960 4227 2172 4284 RUrsus
2199 4243 2229 4281 a
2250 4227 2454 4282 Christi
2483 4227 2756 4281 natalibus
2785 4225 2852 4279 ad
2883 4226 3063 4280 divum
3089 4222 3410 4292 Gregorium

1841 4320 1968 4374 anni
1999 4330 2126 4375 sunt
2152 4333 2332 4374 cccxu
2365 4319 2513 4390 (4'5);
2553 4319 2680 4373 hinc
2715 4325 2894 4372 autem
2924 4318 2988 4370 ad
3029 4331 3188 4370 teram
3218 4314 3411 4369 Arme-

1839 4412 2053 4466 niorum
2085 4411 2212 4465 anni
2239 4425 2421 4464 cem.

197 4534 391 4600 quidam
439 4539 618 4603 latro,
670 4551 701 4590 a
738 4553 849 4606 quo
907 4549 1062 4589 mons
1095 4533 1484 4588 Vaicuniorum
1537 4547 1733 4588 nomen

1906 4549 1997 4602 22.
2032 4549 2209 4618 Atque
2234 4563 2334 4617 ego
2367 4545 2584 4616 quidem
2607 4585 2620 4609 ,
2659 4561 2690 4598 ο
2720 4545 3009 4598 sanctitate
3045 4545 3262 4613 przctlite
3309 4545 3410 4598 do-

195 4626 360 4684 traxit.

258 4717 572 4778 Artavazdes
594 4720 848 4793 Tigranis
878 4719 1021 4776 tilius
1057 4719 1215 4774 annis
1249 4733 1309 4776 ιι.

256 4805 550 4877 Arciamus,
582 4811 836 4881 idemque
853 4811 1136 4874 Arsamus,
1164 4807 1418 4880 Tigranis
1443 4809 1610 4861 frater
1636 4821 1736 4860 an-

204 4896 278 4955 nis
303 4917 366 4956 xx
386 4944 401 4968 ,
444 4907 547 4962 sub
599 4922 707 4976 quo
749 4921 876 4976 pars
903 4904 1285 4960 Armeniorum
1312 4901 1599 4972 vectigalia
1627 4899 1737 4956 Ro-

203 4993 356 5050 manis
385 4998 614 5066 pendere
639 4998 826 5068 coepit.

263 5080 488 5154 Ahgarus
519 5089 733 5144 Arsami
768 5088 910 5142 [ilius
961 5085 1120 5140 annis
1151 5101 1379 5140 xxxvm.
1432 5083 1607 5154 Hujus
1649 5097 1737 5138 re-

207 5177 394 5235 gnantis
417 5193 556 5236 anno
588 5180 832 5237 secundo
860 5177 1102 5234 Armenii
1121 5192 1335 5240 omnes
1363 5175 1736 5232 Romanorum

244 5327 599 5409 _(_§2)_N_isibin
630 5337 819 5409 (quam
840 5336 1081 5409 Armenii
1110 5335 1320 5390 Mezbin
1345 5335 1570 5409 dicunt)
1597 5350 1737 5409 con-

212 5393 328 5477 didit
351 5393 693 5477 Valarsace‘s,‘
715 5416 775 5462 ut
802 5407 954 5477 regni
983 5407 1139 5462 sedes
1159 5415 1325 5469 esset,
1357 5407 1449 5476 qui
1479 5393 1736 5477 nimirum

214 5461 365 5524 honor
391 5474 440 5528 in
472 5461 533 5530 ea
566 5461 700 5532 urbe
726 5461 943 5532 'man‘éu
983 5461 1142 5532 annis
1183 5461 1404 5531 circiter
1429 5491 1554 5530 cxx.
1590 5474 1737 5530 Con-

216 5541 390 5617 Sfécutis
418 5545 605 5602 deinde
632 5547 968 5617 temporibus
1011 5543 1215 5602 Nisibis
1249 5553 1407 5601 terrae
1439 5554 1587 5600 motu
1616 5561 1736 5617 _va-

217 5610 337 5687 gata
357 5622 452 5682 est,
494 5617 564 5687 ita
592 5626 653 5670 ut
680 5610 930 5687 Abgarus
967 5617 1166 5686 regiam
1208 5631 1360 5687 suam
1396 5615 1739 5687 transtulerit

212 5669 452 5760 ἔρρεεᾳωί
494 5669 709 5742 vin-hui
732 5669 926 5760 hujus
943 5669 1228 5742 successor
1250 5669 1255 5670 γ
1281 5669 1614 5760 ὃτιιιλᾲιιιιρθεξ
1641 5669 1739 5738 Ni;

205 5743 712 5828 Sibiti_iiistaui'atani
738 5743 888 5828 regni
917 5772 1106 5810 rursus
1133 5757 1478 5828 metropolim
1517 5755 1661 5810 fecit.

191 5897 199 5906 _
262 5814 356 5888 W5)
389 5822 560 5896 Atqui
590 5829 643 5882 in
669 5814 828 5898 parte
853 5825 1144 5882 Summarii
1177 5814 1343 5884 altera
1385 5828 1592 5898 primus
1641 5839 1738 5880 an-

1837 4639 1983 4694 mine
2035 4639 2108 4692 mi
2159 4636 2428 4707 Gregori,
2484 4635 2789 4689 vehementi
2843 4644 3022 4687 vestra
3077 4633 3408 4704 ﬂagitatione

1835 4731 2150 4800 compulsus
2206 4728 2462 4798 exiguum
2536 4727 2814 4796 ingenium
2887 4741 3060 4780 meum
3109 4727 3410 4796 rudemque

1837 4837 2059 4877 manum
2089 4821 2218 4875 huic
2244 4819 2613 4874 construendo
2657 4818 2810 4887 Operi
2864 4817 3111 4879 admovi;
3143 4827 3405 4870 conatus-

1836 4928 1944 4984 que
1965 4927 2084 4968 sum
2115 4911 2268 4967 brevi
2310 4910 2473 4979 hujus
2501 4923 2780 4979 corporeae
2805 4909 2929 4962 vitae
2955 4907 3238 4963 intervallo
3282 4911 3406 4978 pul-

1837 5003 2163 5060 cherrimam
2201 5002 2312 5058 divi
2345 5001 2564 5056 Eusebii
2598 5000 3092 5071 chronographiam
3131 4999 3404 5064 evolvere,

1836 5110 2021 5167 quam,
2053 5103 2113 5150 ut
2159 5095 2234 5150 ita
2267 5094 2466 5159 dicam,
2495 5093 2783 5163 exscripsi.
2821 5091 3028 5147 Revera
3058 5097 3119 5144 ut
3151 5091 3406 5146 exorien-

1837 5188 1908 5243 tis
1953 5186 2085 5243 solis
2117 5185 2256 5240 radii
2306 5183 2612 5240 tenebrosis
2657 5182 2795 5238 locis
2836 5183 3012 5237 lucem
3067 5190 3405 5252 aspergunt,

1837 5341 2073 5410 nusdivi
2103 5339 2350 5410 Gregorii
2397 5338 2591 5393 incidit
2640 5338 2697 5410 in
2729 5335 2930 5410 Christi
2964 5349 3172 5410 annum
3209 5348 3405 5410 occvrr.

1835 5403 2382 5467 Nihilominus'cum
2440 5423 2548 5462 aera
2634 5405 3016 5460 Armeniorum
3071 5403 3295 5471 incipiat
3341 5405 3406 5457 ab

1837 5497 1981 5537 anno
2010 5495 2138 5535 nun
2167 5520 2182 5546 ,
2242 5479 2333 5532 hic
2401 5487 2580 5532 autem
2620 5492 2650 5530 a
2704 5476 2830 5529 divo
2885 5474 3144 5541 Gregorio
3190 5472 3257 5524 ad
3289 5487 3406 5546 eam

1837 5567 2001 5608 teram
2045 5542 2401 5604 numerentur
2427 5547 2556 5600 anni
2599 5559 2778 5606 cchI,
2809 5559 3002 5598 rursus
3044 5551 3233 5612 patere
3252 5542 3406 5612 vide—

1837 5631 1927 5677 tur
1979 5621 2162 5675 divum
2206 5617 2525 5686 Gregorium
2581 5614 2822 5671 exordiri
2881 5610 3148 5686 ab_anno
3203 5610 3407 5686 Christi

1836 5705 2028 5747 cccxii.
2080 5689 2155 5746 De
2193 5681 2392 5745 mendo
2447 5687 2612 5758 igitur
2670 5682 3086 5740 amanuensium
3143 5681 3407 5750 suspicari

1839 5764 1983 5820 licet.
