3878 6264
180 301 286 358 6-45
892 301 1234 360 SAMUELIS
1267 300 1584 358 ANIENSIS
1621 299 1955 356 SUMMARII
1991 300 2374 359 TEMPORUM
2407 300 2589 356 PARS
2627 301 2689 358 ll.
3329 307 3432 362 646

1000 563 1190 601 OLYHP.
1272 562 1486 600 CHRISTI
1598 563 1724 601 8031.
1873 560 1988 598 JUD.
2151 562 2296 600 PERS.
2449 562 2577 600 ΔΒΗ.

1585 686 1738 740 Tibe—
1857 686 2034 742 llero-
2087 690 2318 742 Artaxes
2405 685 2584 755 Abga-

1597 757 1712 812 rius
1891 760 1988 813 des
2435 773 2528 812 rus

1585 877 1766 890 “-

1832 879 2044 893 Μ-
2118 881 2268 891 ...ἢ
2278 881 2327 891 ι-
2409 881 2607 892 —'a_.—

243 941 533 1001 Johannes
559 942 842 999 Zachariae
883 943 1026 998 ﬁlius
1055 942 1190 998 locis
1223 939 1454 996 desertis
1485 940 1634 996 circa
1672 941 1896 996 ﬂuvium
1937 941 2228 998 Jordanem
2258 943 2606 1013 przedicabat,
2652 945 2971 1015 cunctisque
3011 944 3187 1016 palam
3211 943 3434 998 nuntia-

173 1043 268 1089 nat
317 1036 520 1092 adesse
579 1037 722 1091 inter
769 1050 863 1091 eos
921 1033 1147 1089 UNCTUI
1207 1030 1324 1086 DEI.
1389 1029 1530 1097 Quin
1583 1031 1702 1102 ipse
1755 1030 1915 1088 Jesus
1962 1041 2163 1088 unctus
2219 1031 2315 1088 Dei
2369 1040 2500 1087 tunc
2558 1033 2781 1089 viviﬁca‘.
2848 1043 2903 1089 et
2956 1034 3283 1105 evangelicae.
3333 1032 3434 1086 do—

171 1127 374 1182 ctrina:
426 1143 537 1182 suae
582 1125 818 1182 faciebat
867 1125 1102 1187 initium,
1142 1121 1413 1192 rebusque
1460 1123 1628 1191 gestis
1670 1135 1736 1175 ac
1782 1122 1961 1178 verbis
1997 1120 2192 1177 divinae
2229 1121 2515 1192 potestatis
2562 1123 2814 1178 virtutem
2855 1125 3218 1195 spectantium
3257 1124 3434 1180 oculis

172 1219 496 1274 exhibebat.

240 1307 601 1377 Colliguntur
625 1313 807 1360 autem
847 1319 1020 1373 usque
1067 1302 1132 1357 ad
1175 1303 1321 1357 hunc
1357 1303 1611 1375 quintum
1637 1303 1909 1359 decimum
1944 1303 2149 1360 Tiberii
2193 1304 2429 1360 Cmsaris
2458 1319 2684 1368 annum,
2709 1321 2739 1359 a
2775 1307 2976 1376 templo
3002 1305 3220 1376 quidem
3254 1307 3437 1363 denuo

173 1403 429 1458 excitato
477 1402 607 1456 anni
653 1415 858 1455 nuvm
909 1398 1064 1469 (49);
1108 1411 1137 1450 a
1181 1398 1472 1454 Solomone
1499 1399 1792 1473 primoque
1827 1400 2010 1469 templi
2042 1398 2270 1455 aediﬁcio
2315 1401 2442 1453 anni
2481 1415 2687 1468 uinv;
2729 1416 2758 1454 a
2797 1400 2944 1456 Mose
2995 1418 3330 1474 egressuque
3369 1418 3434 1459 ex

176 1492 426 1566 Egypto
461 1496 590 1550 anni
620 1510 804 1561 non;
835 1492 904 1547 ab
933 1491 1242 1546 Abrahamo
1273 1491 1519 1563 Ninoque
1560 1503 1614 1548 et
1648 1492 2009 1549 Samiramide
2044 1494 2169 1548 anni
2217 1509 2460 1562 unum;
2495 1509 2524 1546 a
2558 1492 2762 1548 diluvio
2801 1495 2929 1548 anni
2973 1511 3431 1564 uxeccccuxw;

175 1590 244 1642 ab
271 1589 494 1644 Adamo
523 1588 759 1660 denique
788 1587 915 1642 anni
949 1600 1409 1641 nunuxccxxvm.

244 1679 420 1736 Jssus
470 1696 678 1736 umerus
719 1680 816 1733 De:
861 1679 964 1733 Do—
1349 1678 1412 1730 51
1634 1679 1698 1733 16
1915 1679 1982 1732 16
2230 1679 2265 1733 5
2473 1681 2541 1734 52
2717 1680 2878 1736 Jssus
2920 1696 3126 1737 umerus
3173 1681 3276 1738 DEI
3325 1683 3440 1738 Do-

178 1767 353 1824 umusi
408 1766 621 1807 uosrsn
686 1751 959 1824 yivilicain
1348 1748 1422 1824 52
1632 1750 1698 1824 1ξ1

1912 1750 1978 1824 17
2225 1750 2261 1824 ﬁ
2472 1753 2539 1824 55
2648 1767 2806 1806 IINUS
2889 1767 3097 1807 sosran
3189 1754 3437 1824 discipu—

177 1823 493 1878 doctrinam
517 1823 730 1876 cunctis
766 1821 961 1890 praedi-
1344 1818 1416 1893 §.'_5
1627 1820 1696 1893 18
1910 1821 1976 1893 18
2225 1820 2256 1893 ’ξ
2473 1823 2542 1893 5-1
2649 1825 2714 1877 lis
2768 1839 2883 1877 SUlS
2943 1825 3095 1893 regni
3161 1818 3430 1878 caelorum

179 1894 361 1955 cabat,
397 1899 560 1961 atque
602 1907 667 1946 ea
705 1887 824 1962 quae
861 1905 960 1944 no—
1030 1893 1171 1962 203
1343 1887 1413 1941 54
1626 1891 1693 1945 19
1906 1889 1974 1945 19
2227 1890 2258 1944 8
2470 1892 2540 1946 55
2647 1894 2964 1964 mysterium
2993 1887 3289 1962 aperiebat,
3330 1895 3434 1950 eis-

176 1964 436 2035 minatim
461 1965 666 2033 scripta
690 1969 818 2018 sunt
833 1975 958 2033 pro-
2646 1964 2877 2034 demque
2925 1965 3226 2033 imperabat
3295 1980 3433 2035 pra:-

176 2033 324 2106 digia
361 2035 622 2106 patrabat
2656 2033 2986 2089 dicationem
3045 2035 3188 2105 apud
3257 2033 3438 2090 ethni-

2646 2120 2763 2166 cos,
2815 2112 2871 2159 ut
2933 2106 2986 2158 lii
3045 2106 3305 2160 nimirum
3367 2106 3435 2160 ad

2647 2176 2891 2228 omnium
2967 2175 3138 2231 Deum
3202 2191 3436 2232 conver-

2647 2252 2916 2300 terentur.

246 2399 418 2459 lusus
451 2416 657 2456 umerus
683 2399 782 2456 Dm
822 2399 1063 2457 DOIINUS
1091 2415 1299 2456 nos-rea
1329 2398 1485 2470 juxta
1518 2399 1831 2471 prophetias
1869 2399 1938 2456 de
1965 2415 2029 2457 eo
2065 2401 2300 2473 scriptas
2332 2402 2568 2459 accessit
2603 2402 2672 2457 ad
2707 2404 3018 2473 passionem
3052 2419 3198 2459 anno
3236 2402 3444 2461 Tiberii

181 2499 509 2570 imperantis
553 2498 765 2555 decimo
803 2512 971 2552 nono.
1008 2494 1151 2551 Sane
1178 2496 1366 2551 eodem
1399 2497 1502 2551 hoc
1537 2503 1781 2568 tempore
1829 2498 1884 2551 in
1924 2497 2048 2552 aliis
2085 2513 2305 2568 quoque
2346 2496 2664 2553 Gra'corum
2708 2500 3076 2554 monumentis
3114 2500 3193 2555 sic
3221 2501 3288 2555 ad
3324 2516 3447 2555 ver-

179 2590 306 2645 bum
343 2600 634 2646 narratum
668 2590 1035 2661 comperimus
1077 2606 1092 2642 :
1148 2607 1168 2640 ί
1209 2587 1389 2643 Solem
1433 2604 1628 2660 nempe
1668 2589 1960 2654 defecisse,
2000 2589 2308 2662 Bithyniam
2348 2598 2508 2645 terrae
2553 2598 2704 2645 motu
2747 2607 3094 2658 concussam,
3145 2594 3447 2664 Nicaeaeque

181 2685 455 2754 potiorem
489 2692 701 2755 partem
749 2683 866 2738 solo
903 2687 1195 2752 aequatam.
1239 2702 1258 2733 ›
1310 2681 1486 2751 Atque
1538 2681 1654 2736 haec
1707 2681 2042 2738 adamussim
2095 2683 2162 2738 iis
2219 2690 2529 2738 consonant
2581 2699 2700 2752 quae
2751 2683 2805 2738 in
2834 2682 3046 2738 Vivilici
3099 2686 3272 2741 nostri
3324 2703 3446 2760 pas-

182 2778 336 2833 sione
387 2777 725 2833 acciderunt.
770 2775 1009 2846 Phlegon
1040 2775 1228 2840 etiam,
1268 2775 1361 2845 qui
1391 2773 1727 2845 olympiades
1754 2774 1866 2844 jam
1914 2773 2041 2830 inde
2085 2775 2153 2830 ab
2195 2790 2383 2829 earum
2431 2776 2746 2845 primordiis
2792 2784 3112 2846 persecutus
3145 2788 3252 2844 est,
3289 2783 3448 2836 tertio

183 2872 398 2928 decimo
428 2871 568 2926 libro
606 2871 811 2927 diserte
843 2871 919 2925 ita
953 2870 1190 2926 scribit:
1229 2887 1248 2918 ‹
1286 2867 1494 2934 Quarto
1536 2868 1798 2922 nimirum
1839 2883 1985 2924 anno
2024 2869 2410 2924 ducentesima!
2453 2869 2623 2923 tertia:
2663 2869 2984 2940 Olympiadis
3025 2886 3279 2941 magnum
3316 2875 3448 2932 solis

184 2964 359 3025 hisse
386 2963 682 3029 defectum,
715 2964 928 3034 qualem
960 2965 1131 3033 :nemo
1180 2969 1308 3016 ante
1352 2961 1811 3016 animadverterat
1860 2979 1874 3014 ι
1927 2962 2265 3033 septimaque
2312 2961 2420 3016 diei
2456 2961 2593 3016 hora
2628 2971 2835 3014 tantam
2881 2970 3096 3016 noctem
3149 2964 3446 3033 ingruisse,

184 3069 240 3113 ut
259 3059 450 3116 sidera
477 3059 616 3112 cmlo
644 3060 911 3114 micarent
938 3075 950 3112 :
984 3056 1189 3129 ingenti
1219 3064 1378 3111 terra?
1410 3062 1562 3110 motu
1594 3054 1899 3127 Bithyniam
1931 3056 2208 3126 agitatam,
2244 3055 2614 3125 majoremque
2640 3053 2831 3109 Nicaea
2859 3063 3068 3125 partem
3097 3057 3382 3129 dejectam.
3424 3083 3444 3115 ι

184 3152 304 3208 Haec
359 3151 528 3208 tradit
568 3151 822 3206 laudatus
872 3149 980 3204 vir.’
1026 3149 1206 3219 Atque
1251 3148 1354 3202 hoc
1405 3162 1538 3202 sane
1579 3162 1837 3218 magnum
1885 3146 2145 3201 indicium
2189 3155 2273 3201 est
2315 3146 2434 3217 ejus
2484 3147 2611 3201 anni
2657 3162 2764 3216 quo
2795 3145 3055 3205 Viviﬁcus
3095 3161 3284 3206 noster
3323 3168 3446 3206 cru-

184 3248 360 3302 ciatus
383 3253 490 3311 est,
513 3245 640 3316 quia
677 3244 933 3298 nimirum
973 3248 1028 3297 et
1055 3240 1293 3295 Joannes
1350 3238 1662 3294 testimonio
1696 3254 1798 3295 suo
1829 3239 1883 3292 in
1916 3236 2212 3323 Evangelio
2237 3238 2526 3293 conﬁrmat
2560 3238 2701 3308 (50),
2731 3247 2855 3309 post
2883 3240 3137 3310 quintum
3173 3242 3448 3298 decimum

187 3343 390 3398 Tiberii
424 3356 628 3395 annum
657 3339 986 3394 trietericam
1013 3336 1456 3408 praedicationem
1486 3333 1689 3390 Christi
1733 3333 1926 3391 fuisse.
1962 3333 2119 3390 Haud
2153 3334 2345 3404 procul
2366 3348 2432 3389 eo
2463 3340 2710 3404 tempore
2741 3343 2930 3387 narrat
2958 3335 3122 3389 etiam
3151 3333 3447 3407 Josephus,

190 3447 280 3502 per
313 3433 438 3488 dies
465 3430 819 3487 Pentecostes
852 3427 1144 3485 stridorem
1168 3425 1459 3497 quemdam
1483 3435 1802 3496 motumque
1829 3425 2008 3495 primo
2031 3425 2178 3479 circa
2204 3425 2516 3482 sacerdotes
2558 3440 2683 3480 esse
2718 3427 3033 3494 excitatum,
3057 3443 3180 3482 mox
3213 3429 3448 3484 subitam

188 3539 375 3580 vocem
415 3520 838 3592 epenetralibus
865 3517 1050 3588 templi
1081 3517 1138 3571 in
1168 3517 1282 3571 haec
1309 3516 1476 3571 verba
1515 3517 1800 3586 erupisse:
1841 3532 1862 3567 ‹
1907 3512 2289 3586 Digrediamur
2335 3514 2491 3582 hinc,
2530 3515 2925 3588 digrediamur.
2965 3537 2984 3570 ι
3035 3519 3181 3574 Idem
3224 3520 3448 3592 insuper

191 3612 380 3668 scribit
410 3609 702 3680 Josephus,
746 3606 980 3662 Pilatum
1019 3604 1305 3676 praesidem
1347 3607 1450 3660 sub
1477 3604 1554 3680 id
1602 3611 1818 3676 tempus
1854 3613 2022 3660 noctu
2073 3606 2363 3678 imaginem
2403 3607 2634 3664 Ctesaris
2672 3609 2728 3663 in
2769 3609 2970 3679 templo
3005 3619 3196 3666 contra
3223 3613 3446 3668 vetitum

190 3704 562 3761 collocandam
589 3715 812 3758 curasse
840 3715 854 3752 :
885 3714 1007 3770 quae
1035 3714 1124 3754 res
1148 3699 1327 3770 magni
1362 3698 1624 3754 tumultus
1649 3698 2042 3770 seditionisque
2063 3698 2374 3756 Iudaeorum
2405 3714 2572 3756 causa
2595 3700 2715 3756 fuit.
2736 3701 2873 3758 Hinc
2901 3713 3080 3759 autem
3111 3721 3446 3764 summorum

189 3801 266 3856 vis
291 3799 562 3854 malorum
589 3795 872 3851 Judaicam
905 3801 1120 3866 gentem
1150 3795 1435 3864 corripuit.

257 3933 767 4014 Ilierosolytnitanae
781 3932 967 4014 Eccle-
2468 3935 2538 4014 56
2675 4007 2686 4014 _
2737 3936 2894 4014 Philo
2931 3937 3335 4014 Alexandrinus
3363 3944 3448 3998 vir

193 4002 530 4090 site-primus;
556 4018 813 4090 mtilill‘lllll}
853 4003 956 4090 im-
2673 4007 3269 4086 ingeniosusetdoctus
3287 4029 3446 4086 agno-

193 4072 458 4140 posilione
485 4076 552 4128 ab
580 4073 839 4143 apostolis
869 4088 952 4128 re-
1342 4072 1410 4125 57
1620 4073 1692 4126 22

1620 4073 1692 4126 22
1901 4072 1973 4128 22
2188 4075 2248 4128 11
2467 4077 2536 4130 58
2671 4072 2945 4134 scébatur.

194 4149 346 4221 cepit
366 4142 747 4221 episcopatum
793 4142 952 4197 Jaco-

194 4215 295 4275 bus
325 4215 498 4274 frater
534 4215 771 4271 Domini.

255 4354 392 4411 Post
446 4350 649 4423 Abgari
693 4350 900 4405 obitum
943 4348 1037 4419 qui
1081 4347 1138 4402 in
1171 4354 1573 4403 sacramentum
1613 4355 1861 4404 nostrum
1903 4356 2277 4414 concesserat,
2324 4348 2575 4404 bifariam
2617 4352 2854 4409 divisum
2901 4363 2984 4410 est
3028 4370 3255 4426 regnum
3283 4331 3441 4424 Pejus.

193 4447 364 4506 Filius
415 4449 677 4504 nimirum
728 4447 846 4516 ejus
904 4444 1129 4500 Ananus
1177 4449 1368 4514 regnat
1425 4442 1660 4500 Edessa.
1715 4443 2049 4499 Sanatruces
2112 4451 2294 4499 autem
2353 4447 2559 4501 sororis
2595 4447 2840 4516 ejusdem
2890 4449 3035 4504 ﬁlius
3080 4449 3136 4503 in
3185 4449 3444 4504 Armenia

198 4547 395 4614 majore
425 4559 445 4596 :
484 4539 580 4613 qui
608 4536 828 4610 quidem
861 4535 1177 4607 prmdicanti
1214 4533 1487 4591 Thaddaeo
1524 4535 1794 4605 credidit;
1825 4551 1952 4592 mox
1995 4537 2097 4593 ﬁde
2134 4537 2369 4608 abjecta,
2411 4539 2720 4608 apostolum
2767 4538 3043 4612 ﬁliamque
3073 4538 3444 4596 Sanduchtam

197 4635 488 4694 interemit.

2499 4766 2958 4826 SANATRUCES
2987 4771 3147 4828 annis
3171 4786 3302 4827 xxx.

265 4887 501 4970 Addazus
540 4884 793 4970 .Edessae‘
837 4900 975 4970 pra).-
1041 4887 1185 4958 204
1358 4883 1428 4940 58
1641 4882 1712 4938 25

1041 4887 1185 4958 204
1358 4883 1428 4940 58
1641 4882 1712 4938 25
1923 4883 1996 4938 25
2210 4882 2277 4938 l2
2529 4882 2553 4935 i

203 4960 284 5014 sul
326 4956 591 5029 martyrio
635 4956 972 5029 aﬁicitugab

201 5021 531 5154 Abgarija'm
557 5027 816 5081 exstincti
841 5025 969 5106 ﬁlio.
1535 5021 1742 5080 GAlUS
1781 5022 1944 5078 annis
1983 5039 2063 5078 iv.

311 5108 469 5154 etrus
523 5098 802 5154 apostolus
861 5113 976 5154 Dl'l-
1362 5094 1429 5150 59
1679 5094 1700 5126 ’
1923 5093 1995 5149 24

311 5093 469 5155 etrus
523 5098 802 5167 apostolus
861 5097 976 5166 pri-
1362 5094 1429 5150 59
1679 5094 1700 5126 ’

1362 5094 1429 5150 59
1679 5094 1700 5126 ’
1923 5093 1995 5149 24
2211 5096 2278 5150 15
2524 5093 2559 5146 2

201 5185 343 5248 mum
362 5169 758 5248 Antiochenam
784 5169 972 5248 Ecgle-
1943 5233 1958 5248 .
1981 5233 2065 5248 ,η
2083 5234 2187 5248 η...
2205 5236 2220 5248 .
2381 5233 2393 5246 .

202 5241 333 5293 siam
387 5238 597 5294 stabilit
634 5255 647 5290 :
686 5252 814 5292 mox
860 5235 970 5292 Ro-
1929 5233 2237 5292 AGRIPPA
2266 5233 2426 5290 annis
2461 5249 2558 5290 vn.

203 5324 340 5363 mam
373 5308 680 5379 profectus,
707 5309 966 5377 praedicat
1357 5309 1428 5363 40
1674 5307 1711 5362 2
1961 5307 1988 5379 1
2215 5307 2280 5379 l4
2529 5307 2566 5379 5

204 5377 878 5475 ῑυίεςεεηξνεηιίειίεξιιξιιυε
907 5393 966 5433 se
1046 5407 1187 5475 205
1358 5379 1426 5475 ﬂ
1675 5379 1710 5475 ξ

1046 5407 1187 5475 205
1358 5379 1426 5475 ﬂ
1675 5379 1710 5475 ἕ
1957 5378 1994 5475 Ξ
2208 5377 2281 5475 ΕΞ
2527 5377 2562 5475 ἑ

201 5451 335 5518 gerit
374 5449 537 5504 annis
565 5465 635 5504 xx
659 5447 805 5522 (Si).
1049 5447 1187 5475 ‘U"
1357 5450 1427 5503 42
1675 5449 1710 5503 4

1049 5447 1187 5475 ‘U"
1357 5450 1427 5503 42
1675 5449 1710 5503 4
1961 5448 1994 5502 '5
2208 5447 2274 5501 16
2528 5449 2562 5503 5

273 5695 386 5768 (49)
413 5697 824 5768 Euseb.,nxt._n.
894 5766 902 5768 _
936 5767 939 5768 ν
1444 5766 1505 5768 __
1556 5765 1571 5768 _
1949 5692 2060 5768 (51)
2088 5697 2165 5751 Ita
2185 5703 2271 5754 est
2298 5696 2464 5754 etiam
2495 5699 2639 5767 apud
2661 5697 2952 5757 Eusebium
2987 5699 3046 5757 in
3075 5699 3226 5758 Arm.
3261 5701 3451 5757 codice

421 5755 719 5824 Recolatur
749 5766 1036 5837 Eusebius,
1077 5770 1172 5825 lib.
1212 5785 1250 5837 I,
1287 5783 1408 5839 cap.
1443 5766 1512 5823 56
1544 5765 1637 5822 ίὶιι.

788 5766 1036 5837 Lusebius,
1077 5770 1172 5825 lib.
1212 5785 1250 5837 I,
1287 5783 1408 5839 cap.
1443 5766 1512 5823 56
1544 5765 1637 5822 ίὶιι.
1875 5755 1975 5837 pro
2009 5755 2164 5822 annis
2188 5783 2319 5828 xxv.
