3878 6264
421 376 518 436 ost
1151 415 1156 420 .
1413 353 1758 433 aptamur
1793 372 1885 428 an
1923 371 2191 430 esseea
2224 369 2649 444 cunemcom,
3594 371 3697 428 sse

505 516 612 575 Per
645 518 813 576 hosce
841 518 959 574 dies
987 517 1250 574 inclaruit
1279 516 1402 574 falsi
1439 517 1718 589 prophetae
1770 514 2172 572 Saracenorum
2235 513 2636 582 manifestatio,
2657 509 2912 568 Cerintbi
2948 517 3112 582 atque
3148 509 3512 578 Arianorum
3547 525 3693 565 sse-

424 610 544 674 clae,
579 613 669 665 cui
698 627 895 666 nomen
926 610 1287 678 Mahumetus,
1319 622 1478 682 gente
1525 611 1836 675 lsmaelitze,
1867 607 1962 664 filii
1986 609 2205 681 Agaris,
2234 609 2331 680 qui
2357 615 2696 679 pmceptore
2717 613 2962 669 ususest
2990 605 3253 660 solitario
3277 603 3408 657 viro
3439 601 3693 673 quodam,

424 701 647 757 nomine
677 701 924 767 Bechira,
956 713 1104 759 secta
1133 703 1357 766 Ariano,
1395 702 1549 758 Sinai
1578 703 1780 758 deserti
1820 700 1998 756 incola
2039 717 2053 753 :
2086 716 2248 771 quem
2277 700 2339 755 in
2377 701 2555 754 locum
2587 699 2842 754 videlicet
2869 694 3213 768 conﬂuentes
3252 691 3564 751 Ismaelita:
3594 708 3693 748 [ιιιτ

425 807 575 847 mero
607 794 754 849 aucti
778 802 926 860 sunt,
955 811 1021 850 ex
1047 809 1156 867 quo
1188 804 1434 866 tempore
1462 793 1598 850 Sara
1626 795 1879 849 ancillam
1917 807 2076 864 suam
2101 792 2334 866 Agarem
2363 793 2592 862 expulit.

494 911 860 970 Constantino
889 913 1124 970 Heraclii
1189 915 1300 969 filio
1348 923 1610 988 regnante
1662 921 1822 984 capta
1853 929 1882 966 a
1912 912 2206 968 Saracenis
2278 911 2502 973 Devina.
2545 919 2608 966 ut
2636 911 2857 982 quidam
2902 911 2979 964 ait
3012 894 3356 973 historicus,
3407 905 3693 961 interfecta

427 1013 558 1061 sunt
585 1004 724 1061 festo
755 1007 842 1062 die
872 1005 1188 1077 Epiphania:
1220 1007 1272 1061 in
1309 1005 1495 1062 Sancti
1531 1005 1705 1077 Sergii
1733 1006 1846 1060 aede
1879 1004 2170 1060 duodecim
2200 1003 2372 1057 millia
2401 1003 2702 1067 hominum,
2732 1002 2804 1057 ita
2839 1009 2898 1056 ut
2921 1016 3195 1058 caesorum
3224 1000 3511 1071 sanguine
3541 1013 3691 1054 sacra

425 1113 610 1153 mensa
625 1105 678 1154 et
694 1099 1037 1168 baptismatis
1069 1098 1190 1156 fons
1219 1098 1590 1154 redundarent
1627 1119 1638 1154 :
1677 1099 1911 1154 abducta
1938 1113 2068 1153 vero
2092 1099 2145 1151 in
2169 1097 2540 1168 captivitatem
2565 1105 2692 1151 sunt
2721 1098 2841 1166 plus
2870 1096 3092 1168 triginta
3113 1097 3380 1168 quinque
3416 1093 3692 1149 hominum

423 1170 619 1248 millia.
661 1192 784 1248 Mox
815 1209 1048 1263 corpora
1077 1210 1286 1259 eorum,
1321 1195 1414 1266 qui
1455 1195 1559 1250 hoc
1593 1195 1735 1251 bello
1764 1194 2098 1261 ceciderant,
2131 1193 2351 1264 collegit
2392 1192 2592 1250 Nerses
2636 1193 2970 1263 patriarcha,
3009 1203 3173 1265 atque
3207 1192 3270 1246 in
3315 1189 3516 1248 eadem
3543 1205 3689 1246 sacra
3779 1216 3782 1217 ν

422 1281 566 1356 aede,
587 1298 750 1355 quam
780 1283 991 1346 refecit,
1026 1285 1343 1352 collocanda
1365 1285 1598 1340 curavit.

494 1397 746 1455 Jamvero
775 1398 1112 1456 lsmaeliticae
1143 1403 1320 1474 gentis
1343 1417 1440 1456 rex
1471 1401 1658 1458 eadem
1687 1400 1740 1456 in
1773 1399 1910 1456 urbe
1949 1397 2130 1456 sedem
2163 1397 2312 1464 fixit;
2344 1397 2556 1469 primus
2586 1398 2811 1469 quidem
2844 1399 3062 1454 nomine
3086 1396 3467 1470 Cbalartbus,
3499 1395 3568 1466 de
3588 1413 3690 1471 quo

424 1493 744 1547 vaticinium
777 1507 933 1548 sacra
965 1494 1140 1550 Biblia
1169 1497 1505 1556 cecinerant,
1540 1494 1656 1549 fore
1703 1493 1914 1550 scilicet
1942 1503 2001 1548 ut
2032 1492 2425 1548 Chalartalabii
2454 1491 2577 1562 (2'5)
2607 1493 2841 1564 populus
2875 1489 3084 1563 gladios
3111 1506 3254 1549 suos
3285 1506 3498 1545 cruore
3548 1499 3690 1546 satu-

422 1597 592 1644 raret.
627 1588 727 1645 Hic
751 1601 875 1646 octo
928 1599 1051 1662 post
1089 1607 1262 1647 annos
1293 1592 1427 1647 obiit
1464 1608 1476 1644 :
1510 1593 1892 1663 successitque
1933 1593 2246 1649 Amaranus
2275 1593 2441 1649 annis
2484 1609 2586 1648 xu.
2627 1592 2732 1649 Sed
2792 1593 2936 1649 enim
2971 1592 3060 1647 ille
3099 1590 3456 1648 Chalarthus
3500 1589 3687 1647 Dama-

433 1697 586 1736 scum
618 1699 790 1752 usque
816 1699 1143 1756 progressus
1167 1685 1364 1747 fuerat,
1389 1692 1442 1740 et
1467 1685 1522 1739 in
1554 1684 1943 1755 MeSOpotamia
1973 1684 2222 1740 Amidam
2247 1685 2436 1741 urbem
2460 1684 2670 1739 infinita
2696 1684 3000 1754 direptione
3028 1691 3383 1755 vastaverat.
3408 1682 3547 1742 Exin
3581 1691 3686 1740 tres

423 1775 592 1830 duces
623 1777 789 1830 alium
819 1778 928 1833 alio
961 1779 1279 1843 dimiserat;
1312 1781 1366 1834 in
1386 1779 1604 1834 Graecas
1634 1780 1853 1850 quidem
1882 1779 2193 1848 provincias
2238 1777 2416 1835 Jalum
2451 1779 2565 1852 (Ἃ)
2585 1795 2680 1835 seu
2723 1778 2950 1847 Joelem,
2984 1779 3078 1851 qui
3108 1778 3446 1834 Graecorum
3479 1789 3685 1851 septas,

422 1867 573 1937 ginta
599 1869 769 1923 millia
805 1871 1034 1937 cecidit;
1065 1871 1122 1926 in
1143 1871 1426 1928 Persidem
1457 1888 1585 1929 vero
1618 1870 1948 1934 Otbmanum
1976 1873 2217 1930 Amiram
2253 1873 2302 1927 M
2320 1875 2657 1944 aviazumque
2682 1873 2968 1938 cupiarum
2998 1873 3220 1939 ducem,
3257 1873 3361 1944 qui
3397 1873 3688 1935 debellare:

423 1971 554 2016 runt
580 1962 773 2034 viginti
798 1964 947 2020 mille
977 1963 1238 2038 Myrdatis
1271 1966 1494 2032 milites,
1528 1967 1770 2036 itemque
1801 1966 2186 2024 Armeniorum
2223 1967 2419 2022 ducem
2469 1965 2728 2022 Musaeum
2761 1982 2883 2022 cum
2916 1967 3033 2022 suis
3058 1967 3354 2038 equitibus
3388 1983 3404 2021 :
3437 1973 3596 2036 atque
3615 1965 3683 2035 ita

422 2053 652 2125 contigit
685 2053 1054 2122 utArmeniis,
1084 2054 1287 2122 Persis,
1329 2057 1502 2128 Syris,
1540 2055 1834 2128 Egyptiis,
1862 2055 2054 2123 Medis,
2089 2053 2310 2111 Parthis
2343 2066 2397 2112 et
2426 2055 2734 2114 Palaestinis
2755 2059 3087 2129 potirentur.

493 2169 612 2225 Jam
644 2188 832 2238 causa,
861 2175 1216 2244 quamobrem
1246 2174 1300 2228 bi
1329 2175 1612 2230 consecuti
1637 2181 1769 2228 sunt
1798 2172 2160 2238 dominatum,
2193 2172 2465 2240 ejusmodi
2492 2173 2593 2228 fuit
2622 2194 2636 2230 :
2665 2175 2929 2246 Princeps
2962 2176 3182 2247 quidam
3217 2176 3582 2249 Damascena
3607 2190 3682 2230 ro-

421 2264 599 2332 gionis
631 2263 853 2334 Sergius
888 2266 1031 2320 haud
1076 2265 1289 2321 modica
1339 2282 1398 2322 re
1441 2273 1774 2320 mercatores
1799 2264 2150 2320 lsmaeliticos
2194 2263 2464 2334 Spoliabat
2489 2283 2503 2319 :
2531 2264 2863 2322 Chalarthus
2899 2275 3102 2331 autem,
3131 2283 3268 2322 cum
3304 2281 3456 2336 saepe
3493 2266 3559 2321 de
3601 2264 3677 2321 bis

426 2357 641 2427 injuriis
672 2361 1096 2430 expostulasset,
1132 2376 1231 2416 nec
1262 2361 1354 2416 ille
1372 2361 1442 2416 ab
1461 2361 1679 2432 ingenio
1712 2357 2032 2422 decederet,
2073 2358 2143 2414 ad
2166 2365 2474 2414 extremum
2509 2359 2755 2416 collectis
2778 2359 2961 2432 gentis
2983 2377 3098 2430 suae
3127 2361 3496 2430 pedestribus
3522 2368 3676 2429 eque-

425 2449 740 2520 stribusque
771 2449 947 2520 copiis
982 2457 1067 2504 ter
1095 2450 1509 2521 impressionem
1547 2451 1604 2504 in
1627 2450 1839 2504 hostem
1871 2448 2020 2512 fecit,
2054 2461 2235 2519 neque
2258 2463 2315 2503 re
2339 2463 2439 2504 sua
2463 2457 2675 2506 tantum
2698 2452 2906 2521 potitus
2927 2457 3034 2516 est,
3059 2469 3253 2509 rerum
3283 2453 3456 2508 etiam
3475 2451 3674 2508 aliena:

423 2557 597 2613 quare
625 2551 678 2598 et
704 2543 759 2597 in
791 2543 1106 2598 Armeniam
1131 2543 1368 2606 delatus,
1401 2543 1451 2597 vi
1491 2543 1796 2597 conabatur
1818 2541 2130 2612 religiosam
2155 2542 2460 2598 incolarum
2499 2542 2659 2598 fidem
2691 2543 3028 2600 subvertere.

495 2660 766 2717 Praeterea
795 2658 1199 2717 lsmaelitarum
1234 2673 1328 2715 rex
1361 2658 1659 2730 praedictus
1690 2658 2102 2727 conspirantem
2139 2671 2328 2712 secum
2369 2665 2564 2714 nactus
2593 2664 2679 2713 est
2708 2659 2998 2728 quemdam
3032 2659 3260 2715 nomine
3313 2657 3668 2714 Mahumetum

420 2753 808 2827 Egyptiorum
854 2764 1222 2810 mercatorum
1247 2753 1569 2824 principem.
1603 2751 1703 2807 Hie
1737 2753 1917 2824 legum
1942 2749 2304 2807 Mosaicarum
2342 2752 2554 2809 modice
2586 2754 2818 2824 peritus,
2855 2755 2951 2810 sed
2987 2755 3100 2809 Arii
3131 2755 3502 2827 Cerinthique
3525 2766 3674 2811 secta:

424 2848 700 2925 addictus,
727 2845 820 2918 qui
843 2863 1072 2919 regnum
1105 2845 1370 2900 cmlorum
1406 2859 1728 2914 corporeum
1759 2859 1884 2901 esse
1927 2842 2162 2908 dicebat,
2197 2845 2252 2899 in
2299 2860 2408 2921 quo
2437 2845 2649 2901 scilicet
2684 2847 2964 2902 terrestris
3003 2848 3163 2904 cibus
3197 2849 3419 2909 ventris
3459 2849 3666 2915 inesset,

427 2941 665 3011 itemque
693 2941 1028 2999 connubium
1057 2947 1181 3010 post
1204 2938 1684 2993 resurrectionem.
1711 2935 1859 2992 Idem
1893 2937 2040 3010 leges
2072 2939 2216 2993 inter
2245 2953 2304 2993 se
2337 2939 2646 2994 contrarias
2675 2939 2885 3006 docuit,
2916 2941 3141 3010 antiqua
3194 2941 3416 3000 scilicet
3458 2949 3511 2996 et
3543 2956 3669 3003 non

422 3041 646 3098 statuta,
671 3032 910 3090 absurda
934 3032 1360 3088 comminiscens
1413 3038 1578 3101 atque
1611 3031 1905 3086 insolentia
1947 3031 2274 3104 praedicans,
2313 3033 2590 3103 nimisque
2624 3033 2970 3105 impudenter
2999 3035 3180 3091 foedus
3217 3035 3356 3090 illud
3388 3035 3665 3089 Abrahami

420 3141 806 3199 corrumpens,
837 3143 947 3197 quo
977 3126 1192 3195 jussum
1229 3134 1313 3202 est
1349 3143 1365 3180 :
1405 3143 1424 3176 ‹
1463 3124 1666 3180 Marem
1707 3141 1923 3180 omnem
1973 3126 2117 3197 apud
2151 3142 2248 3181 vos
2271 3125 2681 3182 circumcidetis
2705 3137 2899 3181 octava
2929 3128 3018 3183 die
3045 3126 3262 3198 (Cenes,
3299 3144 3486 3203 xxxiv,
3513 3127 3613 3196 15):
3643 3145 3660 3181 ι

422 3225 539 3295 ipse
566 3233 744 3280 autem
776 3239 887 3280 non
912 3238 1092 3278 mares
1110 3229 1343 3287 tantum,
1371 3237 1560 3277 verum
1585 3222 1769 3288 etiam,
1801 3215 1938 3291 proh'
1963 3222 2171 3292 pudor!
2205 3220 2447 3276 femellas
2477 3239 2490 3276 :
2518 3221 2864 3292 signaculum
2899 3220 3166 3277 Dominici
3194 3223 3430 3281 [uideris
3447 3222 3657 3278 vialans.

423 3318 624 3374 Statuit
654 3319 880 3388 insuper
908 3326 968 3370 ut
997 3332 1137 3386 aqua
1169 3324 1382 3370 tantum
1409 3316 1520 3388 (Ξὸ)
1544 3317 1792 3370 lavarcnt
1815 3324 2079 3387 perpetuo
2102 3319 2155 3371 in
2187 3317 2337 3371 fonte
2359 3317 2706 3396 baptismatis
2738 3337 2751 3372 :
2779 3318 3088 3390 multasque
3109 3326 3381 3388 praeterea
3409 3315 3662 3372 absurdas

421 3414 690 3484 ejusmodi
722 3424 775 3469 et
808 3413 1032 3468 insanas
1062 3414 1285 3483 risuque
1309 3411 1504 3483 dignas
1527 3410 1958 3468 consuetudines
1989 3413 2199 3468 docuit.

491 3533 649 3590 Hunc
682 3533 1055 3588 Mahumetum
1123 3549 1248 3589 cum
1305 3533 1408 3589 sibi
1457 3533 1823 3605 legislatorem
1851 3543 1905 3588 et
1934 3534 2218 3606 oraculum
2275 3535 2666 3605 copiarumque
2723 3533 2915 3589 ducem
2977 3532 3238 3589 Saraceni
3311 3527 3662 3603 prmfccissent

421 3627 583 3684 annis
613 3643 706 3686 xx.
739 3641 956 3682 summo
987 3625 1202 3682 excidio
1267 3624 1680 3680 debellaverunt
1738 3624 2098 3690 Beznuniam,
2155 3625 2492 3680 Alcovidiam
2537 3633 2703 3695 atque
2737 3622 3031 3679 Taroniam
3063 3624 3200 3695 (26).
3232 3625 3551 3691 Quanquam
3573 3631 3657 3690 po-

424 3730 632 3778 stremo
660 3722 1008 3781 Mahumetus
1038 3738 1165 3777 cum
1199 3721 1384 3776 fideles
1415 3721 1766 3777 obluctantcs
1797 3729 1960 3777 sectae
1994 3736 2107 3776 sua:
2135 3723 2505 3792 cognovisset,
2535 3721 2715 3776 edicto
2738 3721 2948 3791 copiam
2984 3718 3113 3776 fecit
3140 3719 3472 3774 nominatim
3493 3714 3660 3770 Arme—

421 3820 596 3874 niacis
621 3818 921 3887 provinciis
949 3818 1266 3873 Christiano
1297 3818 1406 3872 ritu
1435 3818 1645 3882 utendi,
1678 3827 1864 3888 atque,
1897 3825 1957 3871 ut
1997 3816 2071 3872 ita
2092 3815 2294 3882 dicam,
2332 3818 2655 3889 religionem
2686 3832 2851 3888 quam
2896 3817 3254 3871 sectabantur
3286 3811 3488 3870 eisdem
3539 3822 3656 3863 Vett-

421 3915 584 3978 didit,
611 3914 862 3986 vectigali
888 3916 1174 3984 jmperato,
1207 3929 1403 3986 nempe
1427 3923 1487 3968 ut
1512 3913 1728 3969 familiae
1750 3913 1980 3984 singulae
2006 3921 2246 3984 quatuor
2275 3930 2554 3978 nummos,
2581 3913 2794 3968 modios
2821 3913 3099 3969 aridorum
3129 3921 3267 3976 tres,
3300 3912 3651 3980 hippoperam.

420 4007 808 4078 cilicinumque
837 4008 1017 4062 funem
1051 4008 1448 4077 persolverent.
1473 4005 1653 4076 Hujus
1695 4015 1878 4060 tamen
1919 4005 2109 4061 tributi
2141 4004 2480 4062 immunibus
2512 4020 2638 4060 esse
2662 4003 2940 4059 concessit
2969 4004 3371 4068 sacerdotihuS,
3405 3999 3654 4057 nobilibus

420 4109 477 4156 et
503 4100 798 4171 equitibus.
830 4101 1005 4171 Atque
1033 4099 1312 4174 Saraceni,
1376 4115 1640 4180 posquam
1672 4099 1899 4170 prolatis
1929 4099 2146 4171 imperii
2176 4097 2378 4153 finibus
2425 4098 2682 4183 omnipm‘
2702 4095 2859 4166 politi
2887 4105 3036 4157 sunt,
3071 4094 3180 4149 dici
3214 4099 3499 4165 coeperunt
3521 4084 3656 4143 Ami-

419 4195 716 4249 ralmumni
743 4195 878 4266 (27).
904 4193 1024 4249 Jam
1050 4203 1174 4266 post
1215 4193 1514 4250 Mahumcti
1554 4209 1731 4255 annos
1786 4209 1858 4248 xx
1887 4192 2025 4264 (28),
2071 4191 2339 4248 dominati
2383 4197 2514 4247 sunt
2562 4181 2973 4253 Abubechirus,
3005 4184 3315 4243 Otbmanus
3343 4191 3399 4240 et
3441 4181 3650 4239 Omarus

418 4287 582 4342 annis
611 4304 841 4344 xxxviii.
3452 4273 3462 4284 ⁴

497 4402 608 4458 Hac
637 4411 963 4473 tempestate
990 4403 1280 4474 imperium
1334 4419 1553 4473 quoque
1605 4401 1916 4464 Persarum,
1953 4400 2101 4472 quod
2142 4400 2430 4455 dicebatur
2483 4396 2905 4460 Sasanidarum,
2943 4394 3216 4451 sublatum
3250 4399 3356 4458 est,
3386 4395 3645 4482 postquam

421 4497 580 4566 annis
612 4513 774 4560 ccccx
805 4505 1247 4568 perscveraverat
1278 4517 1290 4550 :
1324 4495 1605 4551 Persicum
1651 4505 1830 4549 autem
1856 4503 2130 4565 sceptrum
2185 4505 2446 4564 ceperunt
2486 4491 2768 4560 Saraceni,
2797 4491 2890 4574 qui
2913 4488 3042 4549 dicti
3079 4494 3206 4543 sunt
3235 4482 3642 4541 Amiralmumm-

1419 4672 1944 4752 SARACENORUM
1981 4669 2477 4728 ASIIRALMUMNI
2509 4669 2642 4742 (29).

493 4854 832 4914 Mahumetus
888 4859 1050 4912 annis
1107 4871 1217 4922 xx;
1249 4853 1633 4910 Abubeehirus
1679 4853 1840 4906 annis
1890 4863 2030 4916 vm;
2073 4847 2381 4904 Otbmanus
2430 4846 2591 4900 annis
2638 4861 2709 4912 x;
2761 4844 2999 4904 Omarus
3054 4845 3216 4902 annis
3266 4859 3375 4910 xx;
3415 4831 3638 4893 Navim!!!

423 4952 583 5016 annis
608 4968 750 5017 xxu;
773 4951 1065 5007 Meruanus
1099 4927 1246 5005 anno
1277 4947 1607 5028 ι;.1εεῑίμιιιε
1643 4948 1803 5002 annis
1829 4963 1925 5014 m;
1968 4944 2418 5010 Abdelmelichus
2449 4942 2625 4996 ’annis
2670 4957 2821 5009 mi;
2852 4940 3298 5013 Yelithus'annis
3323 4953 3406 5003 tv;
3435 4933 3635 5028 om”?

421 5023 584 5123 annis
627 5063 698 5118 ll;
750 5047 978 5103 Ezithus
1033 5047 1195 5102 annis
1243 5060 1332 5111 v1;
1363 5017 1706 5100 Heschemus
1763 5043 1924 5098 annis
1984 5058 2118 5100 xxx:
2189 5035 2440 5096 Velitbus
2487 5052 2631 5093 anno
2662 5052 2718 5104 t;
2764 5036 3058 5096 Meruanus
3112 5037 3271 5094 annis
3319 5047 3450 5096 τηις
3487 5017 3635 5082 AW“

421 5143 582 5205 annis
607 5158 757 5207 xxu;
790 5141 1155 5197 Abdelazizus
1189 5141 1353 5196 annis
1404 5155 1501 5206 m;
1546 5134 1761 5194 Mahdis
1793 5138 1953 5194 annis
1993 5153 2073 5202 ll;
2112 5135 2286 5192 Musis
2338 5133 2500 5190 annis
2539 5148 2610 5200 ις
2646 5130 2904 5190 liarunus
2958 5135 3118 5188 annis
3162 5147 3333 5197 mu;
3367 5123 3632 5181 Mahmews

420 5236 583 5291 annis
607 5221 676 5301 νζ
710 5233 1021 5311 Maimunus
1048 5232 1208 5286 annis
1239 5246 1429 5300 xxvii;
1460 5229 1839 5308 ibenmeretus
1865 5229 2028 5308 anni;
2061 5243 2152 5294 ix;
2195 5226 2455 5286 Harunus
2479 5225 2640 5305 annis
2663 5237 2829 5290 xvm;
2859 5222 3160 5298 Ciapbares
3179 5220 3338 5277 annis
3363 5232 3433 5273 ιι.
3455 5209 3633 5266 Horum

421 5328 686 5402 memoria
714 5311 1019 5404 perditione
1045 5325 1335 5382 obruatur.

492 5527 1219 5598 (25)Chalirthdicunturah
1241 5521 2003 5598 Armennsexta.ﬂocatttem
2098 5566 2107 5571 -
2173 5518 2289 5598 (es)
2327 5517 2577 5598 [lassant
2605 5516 2987 5598 Armeniorum
3019 5517 3332 5598 provinciae.

419 5573 2003 5668 magis}?mihi};aHii:;e;'.;iaz.¥am;'git‘gafugai;
2111 5634 2137 5668 ._
2165 5573 2569 5668 (arcadas;
2607 5573 2816 5668 parum
2859 5573 3480 5668 Amiritmunn‘iijqpartim
3517 5573 3626 5625 vero

420 5684 619 5730 xxvm,
646 5670 736 5732 49,
775 5685 842 5729 an
874 5670 940 5722 ad
972 5668 1208 5724 llierem.
1240 5659 1388 5730 vat,
1417 5670 1502 5731 10,
1524 5669 1608 5723 vel
1634 5667 1700 5721 ad
1717 5667 1854 5736 psal.
1888 5675 1998 5727 ιη,
2101 5659 2535 5736 Amjralyiuntni,
2574 5659 2773 5736 nempe
2799 5661 3138 5736 imperatores
3170 5659 3412 5736 ﬁdelium.

419 5719 495 5808 Ξῖ
512 5719 707 5813 ἓξ
999 5719 1608 5813 iiﬁ'ﬁisianigéﬁiie;
1627 5719 1997 5813 considerent;
2106 5719 2138 5726 ’⁷
2297 5731 2493 5813 Eadd”
2509 5719 2595 5813 re.
2615 5719 2722 5786 Sed
2742 5719 2902 5785 iidem
2919 5719 3049 5813 ante
3060 5719 3618 5813 posteaquebt'lyffiﬁ;

769 5788 1606 5880 c'oiii¢}'§$iiijt_na
1632 5788 1993 5880 ignora—1556i!
2133 5788 2276 5880 (29),
2302 5800 2398 5880 [iis
2431 5788 2620 5880 titulus
2672 5816 2795 5856 cum
2827 5788 3180 5880 sequentibus
3229 5788 3622 5866 minimum"

492 5872 611 5952 (25)
639 5879 842 5951 Nempe
870 5872 986 5943 sine
1016 5876 1194 5933 verbis
1221 5872 1440 5953 nerisf
1579 5872 1586 5879 ’
2095 5872 2264 5948 abest
2283 5873 2352 5927 ab
2391 5873 2699 5946 antiquiore
2729 5872 3045 5942 exemplari.
