3878 6264
170 338 277 417 ξω
958 345 1303 404 δΑΜυειιδ
1334 346 1647 403 ANIENSIS
1685 352 1701 401 ε

1933 346 2023 403 R11
2056 346 2439 405 TEMPORUM
2474 347 2654 405 PARS
2690 349 2757 406 ιι.
3146 408 3147 411 η
3343 351 3464 412 πο,

192 500 3432 529 “ww

903 622 1093 664 οιιῖιιρ.
1155 621 1412 679 αυλις-τι,
1462 623 1655 665 CONST.
1762 624 1912 665 8113.
2048 624 2179 665 ΔΕΜ.
2321 625 2434 664 ΡᾹτΙ

1203 623 1370 663 εικιετι
1405 671 1412 679 _
1462 623 1655 665 CONST.
1762 624 1912 665 ΔΙΙΒ.
2048 624 2179 665 ΑΕΗ.
2321 625 2477 664 νλτιι.
2599 625 2734 666 ιιι

2605 696 2734 738 ιιι.

1504 816 1605 870 Mi-
1724 816 1954 887 Ciapha-
2014 817 2237 873 Semba-
2320 817 2477 874 Joan-

1469 887 1622 944 chael
1783 904 1869 945 res
2055 896 2146 942 tus
2346 896 2466 956 nes}

941 1144 1083 1215 407
1224 1143 1329 1215 $50
1550 1142 1609 1215 -9
1852 1142 1887 1215 2
2096 1140 2167 1215 ἓῖ
2380 1144 2446 1215 18

1224 1143 1329 1215 $50
1550 1142 1609 1215 ,ρ
1852 1142 1887 1215 2
2096 1140 2167 1215 s7
2380 1144 2446 1215 Is
2621 1145 2726 1202 297

1225 1212 1323 1268 851
1542 1212 1612 1270 10
1852 1214 1887 1267 5
2095 1211 2166 1266 28
2377 1214 2444 1269 l9
2621 1216 2726 1272 298

986 1337 1075 1352 Μ
1224 1283 1330 1337 852
1540 1284 1601 1338 ll
1852 1282 1885 1338 ι
2094 1280 2164 1352 29
2374 1283 2444 1337 20
2620 1285 2725 1341 299

940 1337 1081 1406 1:08
1224 1353 1328 1408 855
1539 1337 1608 1407 12
1802 1354 1805 1357 ‘
1852 1337 1886 1406 ε
2097 1351 2165 1404 so
2374 1354 2436 1406 ei

1224 1353 1328 1408 855
1539 1337 1608 1407 12
1802 1354 1805 1357 ‘
1852 1337 1886 1406 ε
2097 1351 2165 1404 so
2374 1354 2436 1406 ei
2622 1337 2728 1410 sui

1224 1423 1327 1477 854
1543 1422 1606 1479 l3
1851 1423 1884 1474 6
2097 1419 2158 1473 ’1
2374 1422 2446 1475 22
2622 1427 2718 1480 50]

2293 1600 2685 1657 ZACHARIAS
2732 1602 2889 1661 annis
2941 1622 3086 1671 nn.
3135 1624 3167 1664 ο
3208 1606 3380 1667 Cotia
3452 1628 3455 1629 '

2499 1719 2697 1788 oppido
2736 1720 2898 1787 Zaga.

1192 1888 1297 1944 855
1511 1889 1578 1944 l4
1832 1890 1862 1951 Ἰ
2075 1894 2142 1947 52
2394 1895 2419 1948 ί
2604 1897 2700 1953 502

252 2110 565 2170 Pessimns
594 2114 832 2185 denique
863 2113 1105 2169 omnium
1136 2114 1318 2169 valido
1357 2129 1479 2169 cum
1514 2116 1758 2172 exercitu
1785 2119 2179 2189 superveniens
2213 2118 2399 2191 Bugha
2433 2120 2545 2194 (52)
2565 2162 2582 2187 ,
2620 2139 2781 2194 quem
2812 2124 3012 2198 impius
3040 2127 3338 2201 Ciaphares
3379 2126 3448 2187 ad

186 2203 588 2261 ulciscendam
618 2206 880 2263 Abusethi
913 2220 1101 2262 necem
1126 2206 1181 2260 in
1213 2206 1522 2262 Armeniam
1549 2209 1819 2275 mittebat,
1851 2211 2098 2281 pluribus
2118 2212 2523 2270 calamitatibus
2544 2216 2803 2287 varioque
2819 2228 3101 2287 poenarum
3125 2236 3188 2277 ac
3212 2220 3447 2276 aedium

188 2312 404 2365 genere
441 2310 663 2371 gentem
693 2302 1064 2385 escruciavit,
1096 2303 1399 2372 praesertim
1444 2304 1655 2359 nobiles
1692 2313 1745 2360 et
1781 2306 2052 2376 equeslris
2098 2307 2306 2362 militiae
2340 2309 2586 2365 ordinem
2634 2330 2649 2367 :
2700 2312 2898 2382 quibus
2930 2323 3111 2370 autem
3147 2316 3312 2371 vitam
3340 2317 3456 2371 lar-

188 2392 488 2481 giebatur,
526 2410 622 2450 eos
651 2404 708 2450 ut
738 2411 768 2449 a
801 2395 1023 2451 Christo
1052 2394 1349 2451 deﬁcerent
1376 2407 1537 2467 atque
1568 2398 1623 2453 in
1651 2407 1812 2454 sectm
1854 2415 1968 2455 sua:
2008 2400 2341 2470 impietatem
2391 2403 2755 2461 concederent
2791 2407 3075 2465 blanditiis
3109 2410 3449 2481 impellebat.

186 2480 403 2539 Verum
449 2488 666 2557 plurimi
692 2488 818 2543 forti
844 2486 1025 2543 animo
1054 2488 1302 2543 homines
1334 2497 1550 2543 scutum
1581 2491 1685 2545 sibi
1712 2499 1769 2546 et
1798 2507 1950 2546 arma
1988 2491 2190 2548 Christi
2234 2493 2523 2551 induentes
2543 2535 2557 2561 ,
2596 2511 2810 2552 omnem
2858 2480 3250 2569 suppliciorum
3279 2500 3453 2569 idolo-

184 2593 445 2652 rumque
473 2591 768 2648 terrorem,
796 2584 886 2655 qui
914 2584 1016 2639 sibi
1050 2584 1118 2639 ab
1150 2599 1217 2639 eo
1247 2584 1476 2640 scelesto
1515 2585 1866 2652 imminebat,
1931 2597 2256 2656 spreverunt
2292 2596 2513 2659 propter
2548 2591 2674 2646 vitae
2713 2592 2909 2648 futura:
2932 2568 3097 2650 bona.
3143 2596 3200 2650 ln
3233 2568 3317 2650 his
3347 2594 3455 2651 fuit

193 2674 452 2733 dilectus
482 2677 593 2734 Deo
622 2680 849 2734 Atomus
879 2694 941 2734 ex
972 2679 1174 2749 Alhage
1202 2680 1480 2749 provincia
1500 2720 1515 2744 ,
1547 2681 1639 2751 qui
1699 2697 1822 2735 cum
1854 2682 2019 2737 sociis
2049 2695 2296 2752 magnam
2326 2684 2433 2737 vim
2465 2684 2806 2741 cruciatuum
2834 2703 3126 2757 perpessus
3169 2687 3455 2758 pretiosis-

190 2766 396 2822 simam
454 2784 713 2824 coronam
761 2771 986 2840 adeptus
1032 2779 1117 2825 est
1162 2790 1176 2826 :
1229 2782 1392 2841 atque
1441 2770 1494 2824 hi
1608 2781 1825 2826 centum
1860 2773 1971 2828 fere
1996 2774 2463 2844 etquinquaginta
2490 2773 2738 2839 fuerunt,
2769 2785 2963 2847 praeter
2992 2794 3086 2835 eos
3120 2778 3210 2849 qui
3242 2779 3297 2833 in
3328 2777 3455 2834 alii:

201 2860 521 2927 provinciis
553 2870 819 2933 martyres
848 2864 1210 2930 exstiterunt,
1237 2877 1471 2931 quorum
1496 2863 1675 2918 natale
1704 2862 1901 2919 festum
1933 2864 2021 2921 die
2083 2865 2273 2935 quinta
2309 2872 2364 2921 et
2405 2866 2660 2923 vicesima
2692 2868 2951 2940 Mehegan
2985 2868 3096 2941 (53)
3133 2871 3338 2925 mensis
3368 2869 3455 2924 in-

201 2952 424 3010 dictum
472 2965 578 3012 est.
630 2956 785 3013 Haud
834 2959 990 3029 pauci
1032 2966 1213 3013 tamen
1266 2959 1514 3013 dolorum
1566 2959 1938 3029 impatientes,
2006 2963 2208 3033 probro
2246 2970 2415 3019 semet
2443 2967 3014 3035 commaculaverunt;
3059 2967 3224 3041 hique
3250 2968 3453 3022 amissa

198 3056 411 3103 aterna
445 3052 552 3105 vita
586 3061 901 3120 praesentem
937 3051 1080 3105 haud
1106 3051 1283 3122 adepti
1316 3059 1444 3105 sunt
1475 3050 1606 3121 (54).

291 3234 589 3306 Improbus
616 3233 779 3304 igitur
809 3246 873 3286 ac
902 3246 1078 3287 saevus
1109 3229 1199 3286 ille
1229 3230 1412 3302 Bugha
1435 3273 1448 3299 ,
1496 3232 1586 3288 ubi
1615 3246 1729 3287 rem
1771 3247 1835 3287 ex
1871 3232 2038 3288 animi
2080 3235 2165 3289 sui
2205 3234 2475 3289 sententia
2522 3234 2746 3299 confieri
2795 3234 3004 3301 sensit,
3036 3236 3274 3306 regionis
3304 3238 3450 3309 opti-

212 3336 421 3389 mates,
451 3326 651 3396 partim
682 3323 829 3388 dolo,
848 3324 1044 3394 partim
1084 3313 1405 3380 auctoritate
1447 3326 1500 3379 in
1546 3341 1699 3380 suam
1740 3334 2063 3396 potestatem
2105 3327 2354 3398 redegit:
2392 3342 2529 3399 quos
2558 3329 2700 3383 inter
2728 3343 2983 3399 magnum
3017 3344 3233 3400 quoque
3252 3330 3449 3387 ducem

214 3416 601 3472 Armeniarum
646 3412 995 3478 Sembatum,
1025 3422 1389 3482 cognomento
1418 3413 1746 3485 Aplabasum
1767 3453 1782 3479 ,
1813 3430 1944 3470 sane
1977 3416 2184 3485 angelis
2216 3416 2576 3486 emptabilem
2623 3423 2845 3487 propter
2872 3430 3057 3470 veram
3100 3416 3304 3474 Christi
3336 3434 3437 3474 no.

212 3509 421 3574 titiam,
456 3509 551 3578 qui
582 3516 636 3562 et
667 3505 950 3561 confessor
981 3506 1283 3577 appellatus
1312 3515 1417 3564 est.
1451 3506 1570 3563 Jam
1600 3522 1730 3563 vero
1774 3508 1951 3562 malus
1986 3508 2088 3563 iste
2116 3507 2301 3579 Bugha
2333 3509 2401 3563 ad
2432 3524 2684 3579 magnum
2715 3509 2960 3565 Amiram
2994 3510 3228 3565 reditum
3259 3524 3451 3567 matu-

211 3619 371 3670 rans,
406 3606 650 3675 reliquos
696 3603 928 3659 vinculis
951 3642 967 3668 ,
1004 3602 1318 3658 Sembatum
1353 3610 1535 3658 autem
1562 3601 1752 3658 fraude
1777 3603 2164 3674 insidiosisque
2187 3604 2454 3658 bonorum
2482 3603 2767 3673 promissis
2795 3619 2981 3660 secum
3010 3604 3288 3660 avehebat.
3314 3603 3457 3660 lnte-

214 3702 315 3756 rim
341 3701 474 3772 quia
512 3698 751 3754 Joannes
774 3699 885 3753 vita
916 3706 1254 3763 excesserat,
1286 3697 1578 3753 Zacharias
1608 3699 1663 3751 in
1691 3706 1929 3753 sanctam
1956 3698 2271 3769 dignitatem
2304 3697 2636 3754 substitutus
2658 3707 2775 3765 est,
2807 3699 2902 3769 qui
2934 3699 3099 3755 unius
3130 3699 3237 3754 diei
3275 3698 3456 3768 spatio

217 3809 244 3847 a
271 3793 601 3862 sacerdotio,
636 3794 746 3848 imo
776 3808 807 3847 a
828 3792 1142 3857 diaconatu,
1172 3794 1239 3848 ad
1271 3793 1455 3861 throni
1480 3792 1861 3864 patriarchalis
1892 3792 2170 3867 fastigium
2197 3794 2476 3850 transiliit.

287 3974 402 4046 Age
433 3989 565 4029 vero
597 3973 853 4029 omnibus
882 3972 974 4044 qui
1005 3987 1035 4027 a
1064 3971 1298 4027 scelesto
1325 3970 1511 4042 Bugha
1539 3971 1757 4028 abducti
1792 3972 2046 4038 fuerant,
2075 3973 2325 4045 protinus
2364 3972 2605 4044 supremi
2635 3971 2852 4045 tyranni
2871 3971 3030 4042 jussu
3067 3985 3289 4025 carcere
3320 3983 3453 4024 con-

229 4069 395 4125 clusis
422 4110 437 4135 ,
471 4071 581 4125 nisi
611 4069 815 4125 Christi
845 4069 1015 4139 legem
1046 4074 1483 4132 exsecrarentur,
1515 4082 1625 4122 non
1651 4068 1766 4123 sine
1794 4067 1928 4124 diris
1966 4066 2303 4124 cruciatibus
2338 4067 2679 4123 moriendum
2717 4065 2838 4125 fuit.
2887 4065 2953 4121 Et
2984 4081 3115 4121 sane
3148 4080 3258 4120 non
3290 4061 3452 4136 pauci

226 4162 471 4234 corporis
499 4179 632 4218 nece
662 4161 936 4234 perterriti
968 4174 1001 4213 a
1027 4160 1133 4215 fide
1156 4158 1511 4220 defecerunt;
1544 4167 1772 4230 excepto
1796 4159 1999 4230 inclyto
2030 4160 2307 4224 Sembato,
2335 4160 2429 4230 qui
2457 4159 2559 4215 etsi
2593 4158 2871 4214 Christum
2902 4164 3217 4213 constanter
3243 4156 3454 4227 palam-

223 4275 326 4327 que
357 4257 734 4322 confitebatur,
769 4255 1126 4312 nihilominus
1157 4255 1214 4308 in
1244 4254 1478 4309 vinculis
1511 4261 1686 4309 morte
1712 4267 1812 4309 sua
1841 4252 1998 4310 obiit.
2028 4251 2325 4308 Przefectus
2360 4251 2577 4308 interim
2609 4250 2831 4321 quidam
2878 4237 3219 4320 Stephanus,
3250 4262 3456 4317 cogno-

225 4355 366 4410 mine
392 4352 607 4417 Conus,
636 4348 906 4421 intrepide
935 4349 1213 4405 Christum
1239 4346 1528 4404 confessus
1556 4348 1801 4419 martyrii
1832 4347 2009 4418 palma
2036 4346 2271 4400 donatus
2307 4353 2391 4401 est
2420 4360 2564 4399 anno
2609 4357 2732 4398 aera:
2787 4342 3169 4397 Armeniorum
3208 4338 3456 4397 secundo

224 4461 383 4516 supra
435 4445 899 4500 trecentesimum.
943 4441 1117 4497 Porro
1161 4441 1412 4513 praedicti
1471 4438 1714 4497 Sembati
1763 4439 2098 4497 confessoris
2140 4454 2340 4509 corpus
2381 4452 2504 4493 cum
2547 4436 2751 4510 ingenti
2799 4450 2993 4507 pompa
3035 4444 3090 4490 et
3132 4431 3452 4507 psalmodiis

226 4558 255 4593 a
289 4539 537 4594 ﬁdelibus
570 4539 773 4593 elatum
803 4545 886 4592 est
932 4536 1000 4592 ad
1047 4535 1513 4606 SanctiDanielis
1546 4549 1760 4592 sacram
1780 4536 1993 4600 aedem,
2032 4535 2161 4591 illuc
2190 4534 2451 4590 nimirum
2494 4534 2587 4590 ubi
2620 4533 2726 4589 iste
2757 4530 2888 4587 olim
2927 4530 3144 4585 leonum
3179 4528 3234 4582 in
3272 4528 3453 4583 lacum

226 4632 398 4689 fuerat
421 4632 718 4704 projectus.

291 4851 574 4908 Exstincto
609 4850 863 4908 Sembato
883 4892 899 4917 ,
931 4866 1116 4907 rerum
1157 4850 1396 4905 habenas
1422 4848 1687 4920 corripuit
1712 4848 1858 4902 filius
1888 4850 2131 4920 ejusdem
2166 4849 2431 4915 Asutius;
2463 4848 2619 4917 isque
2651 4861 2762 4919 pm
2785 4845 2999 4901 cunctis
3021 4842 3320 4913 majoribus
3341 4839 3457 4897 suis

226 4943 455 5009 claruit,
486 4959 653 5016 seque
684 4944 996 5014 integritate
1019 4952 1074 4998 et
1103 4941 1432 5011 benignitate
1462 4940 1599 4995 adeo
1617 4939 2038 5006 commendavit,
2066 4948 2127 4996 ut
2146 4939 2391 4995 omnium
2423 4940 2702 4995 amoribus
2728 4938 2934 5010 potitus
2960 4936 3053 4992 sit.
3080 4935 3160 4991 Ob
3181 4931 3453 5006 ejusmodi

227 5038 494 5110 egregiam
525 5037 725 5091 famam
758 5038 958 5091 missus
984 5044 1069 5090 est
1099 5050 1129 5088 a
1157 5050 1355 5105 magno
1390 5033 1577 5087 Amira
1600 5032 1819 5105 quidam
1846 5033 2247 5105 Aly-Armenus
2280 5031 2503 5088 nomine
2527 5046 2654 5086 cum
2680 5031 3000 5086 muneribus
3030 5029 3085 5082 in
3114 5024 3459 5088 Armeniam,

228 5132 317 5201 qui
359 5129 424 5185 ad
461 5130 711 5184 Asutium
750 5134 945 5198 praeter
983 5124 1369 5196 praefecturam
1414 5124 1631 5178 titulum
1661 5138 1877 5194 quoque
1921 5122 2188 5194 principis
2224 5124 2531 5194 principum
2560 5121 2835 5178 contulit:
2877 5121 2933 5176 in
2963 5134 3072 5190 qua
3108 5119 3155 5173 is
3192 5115 3461 5187 dignitate

230 5225 386 5287 annis
408 5238 513 5279 xxx
542 5222 877 5295 permansit:
909 5222 1085 5276 donec
1107 5220 1327 5275 virtutis
1363 5234 1494 5290 ergo
1536 5225 1699 5287 atque
1734 5232 1958 5290 operum
1999 5218 2329 5289 optimorum
2378 5217 2527 5286 regio
2563 5229 2779 5286 quoque
2824 5212 3124 5269 diademate
3168 5205 3463 5278 insignitus

230 5327 327 5382 est,
383 5333 477 5373 rex
519 5318 775 5372 nimirum
828 5331 859 5370 a
908 5314 1121 5371 duobus
1165 5313 1385 5385 regibus
1428 5311 1775 5368 renuntiatus
1828 5308 2154 5366 lsmaelitico
2204 5318 2258 5365 et
2300 5307 2488 5364 Grmco
2536 5305 2829 5378 postremis
2874 5304 3115 5378 quinque
3152 5298 3463 5356 dominatus

230 5413 309 5466 sui
343 5419 501 5468 annis
532 5410 666 5480 (55).

453 5652 1534 5793 gi:iifafnp‘igigiigéabffomvitam"°'
1686 5708 1692 5713 ’
1888 5631 2850 5785 ηιὲὲῗηῧῗίεὲιξὲῧῗὲἓἠεινηξιο
2885 5698 3117 5780 carptim
3151 5694 3385 5753 sumitur
3419 5702 3456 5748 ο

302 5733 412 5866 ξω)
452 5796 696 5866 Namque
715 5795 877 5850 aliam
897 5794 968 5851 ob
990 5806 1213 5848 causam
1240 5788 1545 5862 perierunt,
1574 5784 1653 5840 uti
1676 5798 1803 5839 nar-
1830 5860 1836 5864 ι
1910 5779 2104 5836 latiore
2130 5770 2356 5831 Ioannis
2383 5772 2710 5844 patriarcha:
2737 5770 2998 5851 lluatoria.~

323 5769 415 5872 ἕῖί
452 5769 1419 5867 ﬁfmaii'é'iiiilifaii’éaii'sﬁﬁeri»
1430 5793 1545 5853 unt,
1574 5784 1653 5840 uti
1676 5798 1803 5839 nar-
1830 5860 1836 5864 ι
1910 5769 2104 5836 latiore
2130 5770 2356 5831 Ioannis
2383 5772 2710 5844 patriarcha:
2737 5769 2998 5851 Historia.~
