3878 6264
207 319 312 375 715
977 331 1317 389 SAMUELlS
1345 334 1660 392 ANIENSIS
1700 337 2039 396 SUMMARII
2075 340 2457 400 TEMPORUM
2484 345 2664 404 PARS
2700 349 2764 408 ll.
3391 362 3501 422 7M

248 504 3465 562 _.__.____,____________________

1137 635 1327 675 omne.
1404 638 1561 678 cnnt-
1596 641 1783 682 cous'r.
1822 641 1974 681 sum.
2040 645 2170 686 anu.
2234 647 2391 686 rara.
2459 649 2593 687 mea;
2691 637 2694 642 '

1443 711 1530 750 ST!
2460 719 2590 759 ΑΜ.

1631 837 1744 894 Leo
1813 837 1965 892 Mah-
2027 841 2170 896 Asu-
2227 841 2393 898 Geor-

1805 917 1984 966 metus
2050 911 2158 969 tius
2243 914 2365 985 gius

1125 1044 1263 1058 -—
1272 1047 1332 1058 —
1404 1046 1548 1058 σι-
1615 1043 1754 1057 —_
1824 1045 1966 1058 _—
2036 1048 2176 1062 -ο-
2246 1053 2389 1064 κ...-
2459 1055 2601 1067 _—

1394 1131 1499 1186 889
1676 1131 1713 1184 2
1853 1132 1878 1186 1
1892 1133 1922 1186 7
2065 1135 2134 1190 54
2275 1136 2301 1190 1
2312 1137 2346 1191 5
2484 1138 2590 1194 556

1142 1205 1287 1276 417
1391 1203 1498 1276 399
1675 1202 1711 1276 ὃ
1853 1203 1922 1276 ἔξ
2061 1207 2134 1261 55
2273 1207 2343 1262 M
2487 1211 2592 1265 557

268 1267 547 1339 Asutius,
583 1284 838 1327 omnibus
866 1270 934 1327 ad
975 1270 1073 1328 Dei
1167 1267 1270 1276 ’“’
1392 1272 1494 1328 891
1674 1271 1711 1328 4

1058 1272 1073 1327 i
1167 1267 1270 1276 ⁷-⁷
1392 1272 1494 1328 891
1674 1271 1711 1328 4
1852 1272 1920 1328 19
2063 1277 2132 1332 56
2274 1277 2343 1334 15
2485 1280 2589 1336 558

199 1341 477 1413 placitum
551 1342 848 1405 ordinatis,
898 1354 1072 1400 morte

202 1411 568 1467 transfertur
629 1413 685 1467 in
754 1422 1070 1470 sanctorum
2015 1415 2383 1473 SEMBATUS
2409 1423 2568 1478 annis
2598 1437 2745 1480 xxxv.

197 1496 398 1554 regum
427 1483 718 1540 ordinem.

1390 1602 1498 1660 892
1672 1603 1709 1660 5
1846 1601 1920 1662 20
2095 1604 2123 1660 1
2272 1607 2339 1663 16
2481 1611 2585 1666 559
2711 1609 3003 1672 Sembatus
3078 1618 3260 1676 Asutii
3328 1609 3476 1682 ﬁlius

1391 1742 1493 1752 Α-..
1678 1742 1705 1752 ,,
1847 1743 1876 1752 ,
1892 1746 1906 1752 ,
2093 1743 2123 1752 _
2276 1747 2292 1752 _
2308 1749 2339 1752 μ
2634 1684 2775 1752 patri
2803 1688 3065 1743 succedit.
3470 1701 3477 1709 ·

1387 1742 1494 1799 895
1671 1742 1706 1798 6
1845 1743 1910 1799 2|
2090 1743 2127 1799 2
2269 1747 2339 1802 17
2478 1752 2584 1807 510

222 1813 502 1894 "Abasus
533 1812 744 1871 militiae
765 1813 899 1894 dux,
927 1815 1068 1894 A_su-
1136 1817 1278 1892 418
1671 1813 1706 1894 Ζ

1044 1845 1068 1858 -
1136 1817 1278 1892 418
1384 1815 1492 1894 ἓξὲξ
1671 1813 1706 1894 Ζ
1843 1816 1916 1894 ἓὲ
2091 1815 2127 1894 ξ’
2267 1819 2336 1894 18
2477 1823 2575 1894 541

198 1884 1067 1982 ΣίΞἨίΞᾙΞὲῗνέιὶίὲρὲεεξίθτι
1385 1885 1493 1982 ἓξὲξ
1666 1884 1702 1982 ἕξ
1843 1886 1916 1982 Ξῖ)
2088 1885 2126 1982 ὲ
2263 1889 2336 1982 3.2
2475 1893 2582 1982 éé?
2641 1895 3472 1982 ,.Dominus.Mestosiuswsli-

207 1952 665 2012 dominationem
689 1955 955 2014 Sembati.
1631 1952 1701 2079 ig

2089 1956 2124 2010 5
2263 1959 2336 2015 20
2475 1963 2582 2018 545
2631 1966 2785 2035 gioso
2821 1952 3473 2042 vitzeiinstitu‘towetphi-

2091 2027 2126 2079 6
2263 2029 2328 2084 2i
2475 2033 2579 2088 544
2631 2038 2926 2096 losonbicis
2954 2040 3258 2096 disciplinis
3290 2043 3472 2096 clarus

1139 2093 1280 2168 419
1381 2054 1486 2153 ἓὸέ
1629 2054 1700 2150 ii
1840 2054 1914 2155 ἐξ
2091 2054 2126 2151 i
2261 2054 2334 2156 ἐξ
2475 2054 2670 2162 ΞΣΞὲ

2091 2054 2126 2079 υ
2265 2054 2328 2084 ll
2475 2054 2579 2088 οέιιι
2633 2054 2926 2107 lOSOpDICIS
2954 2054 3258 2111 orscrpnms
3290 2054 3471 2100 Clarus

2091 2095 2123 2151 7
2261 2100 2334 2156 22
2475 2103 2581 2160 545
2631 2107 2933 2164 habebatur

2261 2240 2657 2302 MASTOSIUS
2685 2248 2954 2308 oriundus
2985 2249 3217 2308 Sevania
3247 2266 3393 2309 anno
3424 2267 3465 2314 ι.

1377 2377 1484 2438 899
1625 2375 1696 2432 i2
1833 2380 1906 2435 27
2080 2380 2115 2439 8
2290 2382 2318 2438 1
2464 2383 2568 2440 546

2253 2521 2558 2580 IOANNES
2592 2541 2755 2583 annis
2785 2543 2958 2584 xxvm
2987 2527 3130 2601 1’60).

1373 2660 1480 2716 900
1619 2657 1689 2714 15
1826 2661 1898 2718 28
2075 2661 2110 2719 9
2287 2665 2314 2720 1
2463 2665 2569 2722 547
2689 2666 2904 2724 Domini

2075 2661 2110 2719 9
2287 2665 2314 2720 1
2463 2665 2569 2722 547
2689 2666 2952 2725 Dominus
2986 2663 3350 2726 hic'Joannes
3377 2672 3460 2728 di-

1373 2731 1476 2810 ἓρέ
1619 2729 1690 2810 11
1826 2732 1899 2810 29
2040 2733 2112 2810 Ψ
2283 2735 2323 2810 ἓ
2462 2737 2568 2810 {’48
2619 2738 2904 2810 scipuluse

2040 2733 2112 2810 10
2283 2735 2323 2810 2
2462 2737 2568 2810 548
2619 2738 2861 2810 seipulus
2877 2739 2995 2809 ejus
3015 2739 3306 2810 (Mastosii)
3334 2741 3459 2808 fuit,

1121 2776 1268 2850 1.20
1370 2776 1480 2879 96g
1827 2776 1900 2879 ξιᾷ
2040 2776 2109 2879 g;
2285 2776 2323 2879 ξ
2462 2776 2568 2879 ξῑξς
2621 2776 3462 2879 35:531.“;"‘JSﬁﬁL‘I'Zﬁilﬁ‘Xfé

1373 2871 1482 2928 905
1619 2868 1689 2925 16
1828 2874 1894 2930 51
2040 2873 2111 2930 12
2283 2875 2322 2932 4
2463 2877 2568 2933 550
2621 2868 2904 2951 conjuncti

2040 2873 2111 2930 12
2283 2875 2322 2932 4
2463 2877 2568 2933 550
2621 2868 2949 2951 conjunctus
2965 2868 3116 2951 [61);
3138 2894 3261 2935 cum
3297 2882 3460 2950 spiri~

2613 2949 2711 3002 tali
2733 2961 2785 3002 et
2806 2949 3216 3006 divinitus'dato
3241 2949 3462 3007 homine

2612 3017 2708 3073 Dei
2736 3018 2994 3074 Mastosio
3022 3037 3035 3071 :
3067 3020 3336 3076 oriundus
3361 3036 3463 3075 au-

2612 3095 2722 3142 tem
2777 3088 3001 3162 Carnio,
3052 3089 3268 3162 Georgii
3322 3107 3461 3161 quo-

2611 3173 2752 3281 quf,
2796 3159 2890 3229 qui
2936 3161 3037 3217 hos
3080 3159 3456 3234 praeessent,

2615 3243 2680 3281 na
2708 3243 2811 3281 ria.

2613 3243 2811 3299 patria.

275 3401 366 3459 Hic
389 3405 551 3464 locus
579 3414 667 3463 est
689 3405 974 3474 innuendi,
1006 3405 1462 3478 quemadmodum
1491 3406 1832 3468 lsmaeliticae
1854 3409 2032 3482 gentis
2053 3411 2301 3482 tyrannis
2333 3411 2402 3467 ad
2431 3413 2634 3467 exitum
2663 3427 2888 3484 vergere
2914 3414 3160 3486 coeperit.
3187 3413 3457 3471 Nimirum

215 3511 323 3555 cum
353 3501 689 3574 Bagratunia
721 3503 926 3559 familia
973 3519 1082 3558 non
1129 3503 1249 3560 sine
1291 3503 1685 3561 lsmaelitarum
1728 3522 2002 3562 consensu
2035 3515 2318 3577 regnaret,
2350 3507 2520 3562 nihilo
2568 3515 2749 3563 tamen
2797 3508 2977 3564 secius
3018 3509 3289 3565 Armenia:
3327 3524 3458 3579 pars

216 3597 370 3668 major
393 3616 488 3672 per
520 3602 662 3657 illud
694 3609 929 3672 tempus,
970 3602 1130 3659 sicuti
1157 3605 1321 3657 etiam
1347 3617 1514 3667 nunc,
1549 3605 1605 3658 in
1636 3619 1826 3659 eorum
1857 3610 2124 3674 potestate
2153 3610 2311 3668 erat;
2346 3602 2489 3657 haud
2513 3595 2696 3658 tamen
2731 3603 2834 3659 sub
2867 3605 3029 3660 unius
3063 3604 3264 3660 Amira:
3292 3613 3452 3670 nutu,

215 3691 283 3745 uti
310 3709 419 3750 mos
443 3693 628 3750 fuerat
653 3695 766 3765 jam
803 3694 928 3749 inde
953 3709 983 3748 a
1017 3693 1194 3764 primo
1226 3694 1536 3752 Malmmeto
1565 3711 1739 3768 usque
1766 3697 1833 3751 ad
1865 3696 2186 3766 Ciapharem
2216 3711 2316 3750 nec
2341 3711 2450 3750 non
2479 3695 2549 3750 ad
2577 3695 2740 3765 hujus
2771 3696 2990 3753 liberos.
3019 3695 3230 3768 Quippe
3256 3713 3456 3755 conse-

217 3783 340 3839 cutis
370 3786 714 3857 temporibus
746 3796 948 3842 temere
977 3795 1142 3857 prout
1167 3787 1372 3842 libebat
1401 3788 1661 3858 praesides
1693 3789 2188 3845 constituebantur.
2222 3788 2278 3843 Id
2308 3797 2490 3842 autem
2529 3787 2789 3842 indicium
2817 3799 2900 3845 est
2926 3787 3125 3843 inﬁrmi
3151 3793 3458 3859 pereuntis-

217 3894 309 3948 que
335 3881 567 3952 imperii.
601 3883 902 3952 praesertim
929 3882 975 3938 si
1009 3882 1308 3937 dominatio
1357 3883 1412 3937 in
1458 3884 1642 3954 plures
1673 3884 1966 3948 tribuatur,
1996 3883 2140 3955 quod
2171 3883 2240 3938 iis
2269 3897 2416 3936 nunc
2447 3882 2823 3938 usuveniebat.
2851 3880 3096 3954 Namque
3143 3881 3455 3953 Sanpharcs

222 3973 579 4032 dominabatur
609 3979 664 4032 in
698 3978 1035 4033 Cborasania
1064 3979 1313 4048 regione;
1348 3976 1580 4033 Lavicus
1606 3979 2029 4049 Abuthoraphus
2058 3979 2113 4033 in
2141 3979 2277 4034 urbe
2311 3977 2487 4046 Dara;
2520 3977 2631 4034 lses
2661 3977 2820 4033 Sechi
2856 3979 2998 4036 ﬁlius
3038 3980 3091 4033 in
3121 3978 3452 4046 Palaestina;

221 4069 480 4144 Abldelphi
531 4082 718 4129 autem
761 4074 907 4129 ﬁlius
938 4075 994 4130 in
1025 4073 1360 4130 Telmarensi
1398 4075 1714 4144 provincia;
1747 4076 1837 4129 alii
1869 4074 2104 4146 denique
2137 4074 2267 4130 alibi
2299 4074 2624 4128 tumultibus
2657 4072 3000 4144 indulgentes
3031 4082 3222 4128 mutuo
3261 4082 3452 4144 tyran-

225 4167 382 4223 nidem
411 4172 756 4227 aﬂectabant.
791 4170 928 4226 Hinc
957 4170 1016 4226 iit
1065 4178 1122 4225 ut
1164 4170 1455 4241 impiorum
1492 4171 1755 4227 horumce
1802 4179 2156 4243 tyrannorum
2199 4171 2420 4225 nomina
2454 4171 2839 4241 perturbentur
2866 4171 2921 4226 in
2949 4171 3170 4226 Canone
3213 4169 3452 4224 chrono-

225 4261 398 4333 logico.
427 4267 509 4323 Ab
540 4268 628 4323 his
660 4267 879 4322 interim
917 4267 1276 4337 undequaque
1310 4267 1662 4322 mittebantur
1700 4267 1754 4321 in
1787 4267 1970 4338 plagas
2001 4274 2219 4321 nostras
2252 4265 2504 4320 malevoli
2533 4265 2770 4334 saevique
2801 4273 3220 4335 procuratores;
3256 4273 3452 4330 nempe

227 4350 408 4413 ferinus
439 4359 528 4414 ille
560 4358 728 4425 Bula;
761 4367 815 4414 et
843 4358 1222 4423 iniquissimus
1259 4358 1537 4429 Aphsinus
1568 4359 1712 4415 ﬁlius
1744 4359 1884 4428 ejus,
1913 4358 2007 4430 qui
2041 4365 2168 4412 ante
2195 4357 2508 4428 praefuerat,
2542 4357 2757 4412 scelesti
2803 4354 3170 4426 Abusigithaa;
3210 4365 3311 4406 nec
3341 4365 3451 4404 non

228 4450 467 4522 malignus
513 4455 888 4524 exitiosusque
927 4455 1202 4525 tusupbus
1246 4455 1477 4525 Apbsini
1524 4453 1724 4522 frater;
1774 4461 1887 4508 tum
1925 4452 2150 4517 Nesras,
2183 4453 2506 4524 cognomine
2546 4450 2827 4517 Sbercha;
2859 4459 2972 4503 tum
3004 4448 3095 4503 alii
3125 4447 3211 4502 bis
3244 4445 3451 4500 similes

231 4542 404 4603 Christi
441 4550 650 4617 hostes,
684 4551 774 4620 qui
820 4565 994 4620 usque
1027 4551 1095 4604 ad
1136 4550 1692 4605 Amiralmumnorum
1735 4549 1914 4620 gentis
1959 4547 2248 4620 Scythicae,
2284 4563 2406 4618 qua:
2433 4546 2611 4602 adhuc
2641 4551 2970 4616 perseverat,
3003 4541 3447 4598 dominationem,

232 4641 646 4708 populationibus
675 4645 952 4714 perpetuis
977 4645 1359 4699 Armeniorum
1389 4645 1716 4701 nostratium
1747 4645 2010 4699 terminos
2035 4650 2388 4699 vexaverunt.
2423 4641 2650 4706 Horum,
2686 4640 2984 4711 inquimus,
3016 4634 3238 4691 nomina
3283 4632 3450 4685 nullis

233 4729 279 4784 in
299 4731 546 4801 historiis,
579 4743 843 4807 quantum
873 4737 1134 4801 vidimus,
1167 4737 1372 4792 diserte
1400 4737 1623 4806 scripta,
1660 4737 1778 4792 ﬁeri
1811 4737 1998 4807 nequit
2041 4743 2103 4791 ut
2142 4735 2455 4807 singillatim
2483 4748 2821 4806 exponamus
2850 4749 2868 4787 :
2898 4727 3198 4803 praesertim
3227 4739 3352 4779 cum
3382 4737 3452 4778 ne

233 4821 278 4876 in
301 4824 425 4881 libro
459 4830 676 4900 quidem
709 4831 833 4886 vitae
862 4830 958 4887 sed
984 4831 1038 4885 in
1067 4831 1361 4901 impiorum
1386 4832 1666 4888 memoriis
1692 4839 1915 4887 exarata
1946 4831 2078 4888 sint.

292 4940 465 5002 Postea
496 4946 711 5019 Scythae
743 4946 855 5020 (62)
891 4949 993 5002 hac
1033 4950 1245 5004 ratione
1286 4949 1630 5021 tyrannidem
1680 4955 2107 5019 occupaverunt,
2154 4948 2232 5002 uti
2277 4947 2544 5017 scriptum
2589 4943 2870 5016 comperio
2908 4958 2939 4997 a
2985 4956 3183 5013 magno
3227 4940 3452 4997 doctore

236 5031 503 5097 Sarcavaco
539 5043 649 5114 (65)
689 5044 781 5113 qui
813 5043 894 5098 sic
923 5043 1165 5112 loquitur
1197 5059 1210 5095 :
1253 5062 1272 5095 ι
1313 5043 1449 5098 Dum
1480 5044 1664 5100 Persa:
1695 5051 1749 5100 et
1775 5043 1915 5099 Medi
1947 5046 2158 5100 alterna
2197 5043 2418 5098 fortuna
2450 5042 2590 5097 inter
2620 5056 2679 5096 se
2707 5039 2971 5094 dimicant
3003 5037 3069 5092 ad
3094 5037 3236 5091 hanc
3277 5050 3451 5105 usque

240 5129 374 5199 diem,
412 5136 656 5210 Scythica
689 5154 822 5211 gens
857 5137 1024 5209 (haud
1061 5137 1186 5193 dico
1217 5137 1588 5194 Graecanicam
1620 5140 1717 5195 sed
1742 5138 2056 5212 barbaram)
2089 5140 2144 5193 iu
2188 5153 2379 5194 eorum
2411 5135 2663 5208 regiones
2688 5134 2935 5205 ingressa
2965 5131 3069 5185 hoc
3111 5136 3271 5200 pacto
3314 5128 3452 5183 dici-

239 5229 330 5284 tur.
355 5227 596 5291 Plurimis
629 5233 858 5290 devictis
885 5233 1200 5289 nationibus
1231 5249 1386 5307 reges
1413 5236 1534 5306 ejus
1564 5235 1765 5302 aetatis,
1793 5249 2029 5307 quorum
2075 5235 2300 5290 nomina
2344 5233 2504 5289 nobis
2549 5231 2736 5303 ignota
2766 5236 2895 5284 sunt
2936 5227 3263 5299 (propterea
3301 5223 3449 5295 quod

302 5503 768 5590 (60)Joannes_hoc
789 5513 1009 5590 nomine
1035 5520 1222 5590 sextus
1246 5509 1556 5590 patriarcha
1584 5510 1760 5590 histo—
1867 5517 2064 5590 tumne‘t
2093 5506 2440 5590 ébulfedam.
2465 5577 2516 5590 Η
2558 5586 2567 5590 _
2643 5576 2655 5588 .
2763 5575 2796 5590 ﬂ
3102 5571 3173 5590 Μ
3337 5571 3385 5590 Δ,

243 5570 588 5659 ﬁam‘patriam
618 5583 1022 5659 elegantissimo
1051 5570 1390 5638 haicauismo
1415 5582 1656 5651 scripsit.
1945 5581 2064 5659 (65).
2095 5578 2299 5659 Prmter
2329 5576 2728 5659 hanehistorica
2756 5573 3074 5659 _S_arc_av3ci_
3099 5571 3176 5642 (id
3207 5582 3290 5659 est
3326 5571 3426 5659 diu:

323 5595 354 5630 η
409 5595 588 5637 atrtam
618 5595 1022 5651 eteganhssnmo
1051 5595 1390 5638 natcautsmo
1415 5595 1656 5651 scripsu.
1945 5595 2054 5650 tuo)
2097 5595 2297 5632 γνιειιει·
2329 5595 2442 5632 nam:
2466 5595 2728 5632 ntswrtca
2764 5595 3053 5659 barcavacr
3099 5595 3176 5642 υιι
3207 5595 3290 5628 est
3327 5595 3426 5654 ιειιι-

427 5650 621 5730 ΙΪρωρθ
648 5653 1128 5730 ob‘d‘iscipulat‘um
1158 5660 1215 5730 e_t_
1238 5667 1429 5730 genus.
1500 5719 1542 5730 η
1608 5720 1620 5730 ἰ
1675 5721 1690 5730 _
1866 5654 2019 5730 coni_)_
2041 5651 2338 5730 fragmenta
2361 5687 2379 5730 ι
2408 5649 2528 5730 alia?
2556 5655 2772 5730 exstant
2799 5663 2853 5700 tn
2879 5644 3164 5702 (Eodtctbus
3188 5643 3446 5715 perutile!

322 5715 398 5789 62)
429 5715 622 5794 Nempe
648 5715 982 5792 Selgiukidw,
1013 5723 1080 5778 de
1105 5715 1306 5793 quibus
1339 5723 1460 5779 vide
1499 5719 1756 5778 [Ierbelo-
1867 5715 2200 5789 eruditaeque
2227 5717 2471 5788 ejusdem
2506 5719 2914 5774 lucubrationes

637 5840 913 5901 Panos.
953 5837 1070 5898 Gn.
1107 5839 1280 5901 XIX.
3045 5831 3121 5893 23
