3886 6268
478 361 581 419 751
1484 369 1826 427 APPENDIX
1862 371 1956 427 AD
1991 371 2012 427 l

2191 374 2254 430 3|!
2286 375 2697 435 CHRONICON.
3340 408 3351 417 ·
3627 392 3725 450 733

478 501 588 603 fuit
626 502 761 576 (9|).
800 504 985 574 Neque
1022 505 1303 603 ingenium
1342 524 1592 568 moresve
1633 513 1806 584 patris
1845 514 1929 569 sui
1966 516 2254 574 aemulatus
2290 524 2414 587 est;
2455 520 2565 576 imo
2610 519 2743 577 adeo
2793 528 2901 576 tam
2948 528 3220 583 contraria
3267 530 3471 585 studia
3522 548 3637 603 pra:
3673 550 3729 591 se

479 598 648 663 tulit,
706 608 763 654 ut
801 614 1029 669 prorsus
1068 600 1408 657 existimaret
1461 604 1595 658 nihil
1652 607 1892 677 iniquius
1916 647 1932 675 ,
1966 609 2103 665 'nihil
2134 611 2257 682 paci
2289 619 2384 667 aut
2413 614 2636 669 omnino
2675 614 2926 672 humana:
2957 622 3080 677 vitae
3113 598 3543 683 adversantius—
3562 627 3727 687 fuisse

481 708 644 763 quam
678 693 851 763 patris
901 696 985 751 sui
1042 695 1274 751 consilia
1311 707 1367 753 et
1405 700 1734 757 voluntates.
1778 701 1897 774 Ipse
1937 704 2102 776 igitur
2138 707 2276 764 bene
2315 710 2528 766 cunctis
2565 710 2876 781 dispositis,
2918 715 3204 784 prudentia
3233 718 3374 773 item
3410 734 3481 774 ac
3511 718 3725 777 fortitu-

481 788 608 846 dine
646 793 851 848 multos
889 807 1086 864 reges,
1141 799 1196 848 et
1237 798 1386 845 certe
1411 806 1635 858 omnes,
1685 794 1778 864 qui
1828 796 2091 852 memoria
2129 809 2316 855 nostra
2363 801 2729 866 exstiterunt,
2787 803 3145 873 praecellens,
3206 808 3353 863 nihil
3410 808 3718 880 impensius

416 876 423 885 ’
482 888 766 959 satagebat
792 929 806 949 .
850 905 1014 960 quam
1052 897 1114 945 ut
1137 888 1444 958 iustissime
1474 890 1720 958 viveret,
1757 892 2072 965 neminique
2100 895 2301 966 injuria
2336 906 2430 952 aut
2457 898 2712 968 superbia
2746 900 3013 957 molestus
3041 908 3206 957 esset.
3237 899 3397 967 Quin
3424 876 3724 956 et—liberali

481 984 652 1038 animi
690 993 887 1038 natura
927 984 1190 1055 praeditus
1229 990 1349 1039 erat
1373 1023 1389 1051 ,
1433 985 1654 1054 altoque
1691 989 1893 1044 mentis
1931 990 2162 1046 consilio
2193 1031 2209 1058 ,
2250 998 2459 1048 statura
2497 994 2733 1064 denique
2768 995 3014 1065 corporis
3052 1011 3174 1066 quae
3209 1013 3406 1070 regem
3446 996 3717 1054 decebat:

482 1085 633 1132 tanta
671 1093 801 1134 vero
838 1079 1197 1136 mansuetudo
1236 1094 1557 1150 morumque
1596 1081 1841 1138 suavitas
1881 1083 1938 1138 in
1979 1100 2044 1141 eo
2083 1094 2201 1142 erat
2223 1129 2238 1154 ,
2268 1095 2330 1143 ut
2360 1088 2587 1145 miriﬁce
2614 1090 2949 1160 diligeretur.
2977 1088 3155 1159 Atque
3182 1102 3288 1158 ego
3320 1085 3557 1156 quidem
3584 1099 3717 1139 non-

480 1173 590 1228 nisi
627 1188 811 1244 regem
849 1174 1117 1244 ejusmodi
1155 1174 1409 1230 existimo
1462 1191 1587 1232 esse
1632 1177 1875 1234 divitem.
1916 1179 2018 1236 Hic
2054 1181 2205 1238 brevi
2244 1194 2488 1255 tempore
2524 1190 2797 1240 terrarum
2843 1184 3031 1239 orbem
3075 1191 3288 1238 tantum
3342 1192 3464 1235 non
3512 1178 3717 1234 univer-

482 1287 604 1327 sum
644 1272 859 1344 subegit
893 1292 906 1328 :
947 1288 1070 1329 cum
1107 1271 1301 1340 reliqui
1338 1287 1492 1344 reges
1530 1274 1615 1328 vel
1655 1282 1778 1344 post
1815 1275 2085 1332 diutinum
2122 1285 2335 1350 tempus
2376 1280 2456 1335 vel
2499 1294 2780 1351 nunquam
2825 1286 2978 1334 tanto
3019 1276 3247 1347 imperio
3270 1272 3452 1345 potiri
3494 1270 3715 1326 soleant.

484 1363 591 1417 Sed
643 1363 693 1419 is
743 1365 1003 1419 nimirum
1054 1364 1434 1420 benevolentia
1482 1368 1655 1438 magis
1704 1378 1758 1424 et
1806 1372 2062 1427 comitate
2108 1387 2269 1444 quam
2321 1374 2514 1430 bellica
2552 1375 2607 1430 vi
2644 1376 2917 1431 utebatur.
2970 1371 3091 1428 Iam
3131 1372 3179 1428 si
3221 1377 3340 1424 tam
3382 1366 3566 1422 multa
3614 1373 3714 1421 tam

481 1458 639 1513 brevi
678 1459 952 1525 obtinuit,
991 1459 1236 1533 profecto
1259 1503 1274 1528 ,
1316 1462 1396 1514 uti
1436 1461 1673 1518 arbitror
1696 1503 1712 1528 ,
1766 1463 2010 1520 futurum
2048 1474 2208 1533 erat,
2250 1474 2312 1521 ut
2351 1483 2418 1523 ne
2455 1467 2672 1540 Europa
2708 1467 2928 1540 quidem
2979 1482 3010 1521 a
3059 1462 3211 1534 regni
3249 1461 3383 1533 ejus
3427 1458 3631 1513 ﬁnibus
3666 1473 3719 1525 ἑο

484 1548 848 1615 subduceret,
888 1552 993 1608 nisi
1032 1553 1081 1608 is
1118 1557 1388 1614 maturius
1425 1559 1534 1613 vita
1573 1561 1922 1618 excessisset.
1956 1580 1979 1617 ι
2017 1562 2145 1618 Haec
2186 1562 2525 1622 Sarcavacus
2569 1566 2637 1622 de
2687 1565 2854 1636 hujus
2892 1563 3003 1619 vita
3054 1559 3264 1624 tradit,
3309 1553 3414 1626 qui
3454 1553 3615 1609 annis
3648 1568 3714 1606 xx

484 1643 795 1701 dominatus
832 1655 936 1705 est.
977 1648 1103 1707 Mox
1140 1668 1241 1725 ego
1280 1669 1402 1725 quae
1438 1655 1508 1711 de
1546 1657 1793 1727 ejusdem
1834 1667 2010 1716 morte
2045 1660 2338 1733 praedictus
2374 1662 2579 1719 Auctor
2615 1669 2845 1729 narrat,
2895 1662 3206 1720 subtexam.

528 1865 2854 1897 _______________________________

1432 2000 1628 2044 OLYIP.
1701 2002 1917 2043 CHRISTI
1990 1962 2182 2047 δοκεῖ.
2291 2005 2453 2046 ΡΔἸἮ.
2580 2006 2716 2046 ΕΗΒ

2577 2079 2608 2117 Δ
2615 2077 2707 2118 ΚΠ.

2027 2193 2138 2264 Μὶέ
2274 2179 2481 2264 Grego-

1994 2263 2150 2320 chael
2340 2263 2433 2319 ras
2478 2311 2487 2332 ,

1429 2425 2766 2446 ———u———I——-——p-‘-—-—c—l

1984 2552 2289 2612 MICHAEL
2325 2552 2485 2609 annis
2520 2567 2641 2608 V111.

1713 2728 1853 2785 1075
2065 2733 2093 2786 1
2342 2731 2378 2788 9
2588 2729 2692 2784 522

548 2907 704 2963 Anno
738 2921 860 2967 arae
896 2920 1052 2962 rxxu
1089 2906 1307 2977 vigente
1356 2904 1788 2965 Sarracenorum
1839 2908 2129 2983 tyrannide
2162 2908 2404 2967 Ausinus
2445 2908 2555 2982 (92)
2596 2910 2859 2980 princeps
2905 2906 3190 2980 digressus
3237 2914 3329 2964 est
3376 2904 3692 2961 haereditaria

474 3001 682 3057 ditione
719 3016 819 3057 sua
855 3002 945 3056 cui
982 3004 1182 3056 nomen
1232 3000 1467 3057 Maireaz
1504 3001 1747 3071 Ciurcb,
1789 3015 1984 3061 contra
2027 3004 2335 3076 Ganzagam
2377 3006 2518 3070 sita,
2558 3004 2949 3060 comitantibus
2987 3002 3156 3060 fratre
3192 3002 3464 3074 Algamo,
3503 3009 3688 3060 matre,

477 3091 709 3164 conjuge
760 3092 992 3164 aliisque
1037 3108 1251 3149 summa
1301 3096 1592 3152 nobilitate
1643 3099 1819 3169 viris,
1862 3109 2053 3156 avecta
2108 3102 2275 3157 etiam
2326 3101 2472 3155 omni
2514 3098 2892 3170 supellectile:
2935 3100 3327 3171 ingressusque
3364 3097 3634 3157 Ciliciam,
3666 3107 3690 3147 e

479 3186 906 3243 Sarracenorum
946 3195 1218 3259 potestate
1257 3190 1363 3246 sibi
1403 3190 1700 3250 vindicavit
1746 3194 2163 3252 celeberrimam
2201 3194 2593 3267 Lampruniam
2644 3207 2864 3262 arcem,
2907 3193 2975 3248 ad
3025 3187 3194 3244 Tauri
3245 3188 3454 3243 montis
3504 3184 3689 3238 radices

475 3274 570 3331 ubi
607 3285 663 3332 et
698 3275 906 3334 Tarsus
943 3279 1282 3349 metropolis.

1714 3463 1852 3518 1076
2061 3466 2099 3519 2
2313 3463 2383 3518 10
2592 3460 2696 3516 523
2908 3455 3170 3513 Dominus
3201 3456 3476 3529 Gregoras
3507 3468 3571 3507 oo
3598 3468 3683 3506 cu-

1710 3535 1853 3589 1077
2062 3535 2103 3589 5
2313 3534 2374 3588 11
2589 3531 2695 3586 524
2810 3530 3063 3583 randam
3123 3527 3394 3584 librorum
3452 3527 3686 3592 interpreo

1459 3587 1602 3654 464
1712 3587 1854 3660 i073
2064 3587 2100 3660 ι
2311 3587 2382 3657 i2
2591 3600 2698 3658 525

2311 3587 2382 3657 l2
2591 3600 2698 3658 525
2840 3599 3103 3722 tationtem
3175 3587 3678 3664 ConstantinOpolim

2849 3685 2996 3741 pergi
3028 3708 3042 3722 .

546 3829 706 3885 Anno
742 3844 863 3885 atra:
899 3844 1043 3887 nxxv
1080 3828 1353 3905 Gaghicus
1388 3841 1487 3883 rex
1523 3826 1758 3886 Tarsum
1798 3830 1865 3886 ad
1905 3823 2289 3900 Apelgaripum
2326 3823 2702 3881 Armeniorum
2754 3825 3057 3896 principem
3099 3826 3200 3883 sibi
3243 3825 3678 3897 consanguineum

476 3935 538 3976 se
573 3920 807 3976 contulit
838 3939 851 3976 :
894 3936 1021 3977 cum
1059 3938 1191 3979 vero
1228 3924 1422 3996 pedem
1462 3923 1591 3980 inde
1628 3924 1857 3981 referret
1895 3940 1925 3979 a
1964 3923 2273 3979 Graecorum
2315 3921 2651 3992 principibus
2678 3935 2844 3992 prope
2871 3921 3088 3990 Argiam
3117 3921 3171 3974 vi
3204 3920 3481 3990 appetitus
3517 3918 3680 3983 laqueo

474 4015 643 4071 vitam
682 4016 878 4074 ﬁnivit.
922 4018 1029 4073 Alii
1066 4025 1246 4074 tamen
1288 4023 1479 4085 aiunt,
1519 4021 1665 4076 hunc
1698 4023 1972 4077 venationi
2014 4020 2258 4076 deditum
2297 4023 2350 4071 et
2389 4014 2528 4070 forte
2575 4012 2933 4068 dormientem
2982 4026 3013 4064 a
3059 4009 3419 4065 Mandalianis
3459 4006 3562 4078 (95)
3600 4016 3676 4054 ca-

472 4124 627 4186 ptum
665 4130 827 4182 esse;
868 4115 997 4171 exin
1036 4124 1259 4170 auctum
1300 4116 1355 4169 in
1396 4131 1575 4172 arcem
1629 4115 2086 4173 Candruscoriam
2132 4114 2316 4184 ibique
2361 4110 2728 4166 interfectum.
2780 4107 2858 4163 Eo
2918 4115 3127 4163 terrore
3177 4103 3471 4161 exanimati
3512 4094 3673 4166 reliqui

470 4212 744 4283 principes
781 4212 1162 4268 Armeniorum
1201 4212 1325 4284 luga
1365 4213 1561 4283 dilapsr
1599 4222 1751 4268 sunt.
1793 4212 1870 4267 Ex
1906 4213 2101 4267 horum
2145 4221 2327 4266 tamen
2367 4221 2597 4262 numero
2633 4205 2889 4277 princeps
2927 4203 3149 4273 quidam
3197 4202 3428 4273 Gaghici
3473 4206 3672 4252 consan-

474 4305 742 4377 ευίηθυε,
796 4304 1017 4360 nomine
1070 4303 1331 4363 Rubenus
1383 4306 1535 4377 (94),
1591 4309 1682 4378 qui
1734 4305 2084 4362 Causilarum
2134 4318 2313 4358 arcem
2366 4284 2620 4367 tenebat,
2659 4304 2875 4371 cognita
2917 4296 3144 4369 Gaglrici
3183 4312 3359 4364 nece,
3399 4307 3515 4349 cum
3548 4284 3670 4343 omni

472 4396 635 4451 domo
670 4411 769 4452 sua
808 4396 865 4451 in
902 4396 1148 4468 Phrygiae
1179 4407 1361 4467 partes
1395 4398 1690 4469 migravit,
1731 4397 2099 4469 oppidumque
2137 4394 2499 4449 Colmesolum
2539 4392 2757 4448 insedit.
2818 4391 2916 4447 llis
2966 4391 3106 4447 forte
3142 4391 3199 4446 in
3238 4388 3507 4446 montibus
3541 4394 3667 4436 com-

474 4493 660 4558 plures
697 4489 966 4559 degebant
1003 4489 1343 4545 Armeniaca
1378 4489 1557 4559 gentis
1597 4490 1818 4554 coloni,
1860 4488 2060 4560 quibus
2084 4487 2184 4542 sibi
2213 4486 2508 4556 praeclarus
2545 4482 2862 4554 Rhupenius
2892 4482 3165 4552 adjunctis
3194 4489 3247 4540 et
3271 4482 3406 4539 satis
3439 4472 3666 4533 corrobo-

474 4592 626 4641 ratus
663 4591 981 4640 montanam
1018 4600 1296 4657 regtonem
1334 4586 1502 4642 armis
1537 4586 1753 4652 tenuit,
1793 4586 2081 4658 putsisque
2120 4583 2327 4639 Graecis
2351 4623 2367 4649 ,
2409 4597 2599 4637 eorum
2637 4580 2834 4651 oppida
2869 4575 3115 4636 incoluit.

1701 4762 1842 4818 1079
2055 4764 2092 4819 5
2302 4761 2372 4815 15
2584 4758 2692 4813 526

1700 4834 1842 4887 1080
2053 4834 2087 4887 6
2301 4831 2371 4885 M
2582 4828 2688 4883 527

1704 4904 1838 4958 1081
2057 4904 2088 4956 7
2297 4901 2368 4954 is
2582 4897 2688 4951 598

1456 4957 1598 5026 465
1704 4974 1844 5029 1082
2054 4973 2089 5029 8
2299 4968 2368 5026 to
2579 4964 2687 5021 529

546 5155 813 5228 Georgius
847 5163 901 5228 et
933 5157 1245 5228 Stephanus
1273 5156 1374 5213 do-
2005 5150 2310 5210 ALEXIUS
2348 5152 2508 5208 annis
2544 5120 2778 5207 invni.

477 5236 659 5284 ctores
700 5227 927 5298 scriptis
973 5227 1251 5300 rebusque
1277 5243 1374 5299 ge-

477 5302 578 5354 stis
602 5283 934 5356 clarescunt.
975 5283 988 5285 ί
1277 5283 1308 5299 ν
1712 5288 1851 5348 1085
2060 5289 2090 5344 1
2312 5286 2381 5343 17
2590 5283 2698 5341 550

550 5548 870 5621 (9liMelich
896 5550 1127 5605 Arabice
1154 5567 1267 5617 rex,
1301 5550 1482 5606 schialt
1510 5549 1729 5607 Persice
1758 5549 1889 5606 item
1918 5563 2039 5603 rex.
2220 5544 2333 5616 (95)
2373 5543 2647 5621 Mandales
2675 5549 2794 5621 erat
2801 5539 3027 5621 graecus
3059 5538 3279 5621 quidam
3310 5521 3646 5621 paterfajﬂljﬁ

480 5599 633 5693 "inc:
644 5599 1267 5693 fsiﬁéﬁiéiigiséitjgi
1296 5599 1494 5693 55.13;.
1512 5599 1534 5604 —
1559 5599 1726 5607 tum
1759 5599 1931 5693 ﬂ":
2147 5599 2251 5693 aui;
2257 5599 2590 5693 praefectus,
2612 5614 2772 5693 cujus
2796 5613 2891 5693 ﬁlii
2915 5620 3007 5668 aut
3030 5599 3290 5669 satellites
3311 5599 3413 5664 dici
3432 5599 3644 5660 videam

550 5688 660 5761 (92)
702 5688 800 5744 Hic
838 5690 1081 5748 Ausinus
1106 5691 1327 5748 Nersem
1351 5683 1845 5761 'Lampruniensem
1881 5689 2044 5747 Tarsi
2151 5702 2181 5741 a
2219 5683 2858 5761 saniueleMandqliani.

483 5747 799 5828 episcopum
831 5747 1441 5832 scriptisqueplnrimis
1470 5747 1682 5820 clarum
1708 5747 1917 5836 genuit.
2231 5756 2340 5827 (9t)
2385 5755 2643 5812 Rubenus
2674 5753 2941 5826 dynastize
2962 5751 3379 5811 Rubeniensium
3407 5747 3590 5802 αυοιοιο
