3886 6268
212 341 333 403 7³⁵
1012 359 1353 418 SAMUELIS
1382 352 1700 421 ANIENSIS
1737 362 2072 420 SUMMARII
2104 363 2481 421 TEMPORUM
2514 364 2692 421 PARS
2727 367 2793 422 ll.
3388 375 3492 433 734

204 502 1649 538 ——-—-—____._._.__.__________

1273 640 1465 680 OLYIP.
1539 639 1750 681 CHRISTI
1823 639 2012 680 CONST.
2118 638 2276 679 PATB.
2384 639 2517 679 EBB

2373 710 2502 750 ΔΒΗ.

1770 849 1994 930 Alexius
2066 849 2298 908 Basilius

1244 1016 2554 1039 —-——v—§~_——.——_——-—————

2018 1170 2332 1228 BASILIUS
2368 1173 2526 1231 annis
2594 1242 2630 1248 _
2666 1167 2949 1248 Exstincto
3001 1173 3221 1231 domino
3247 1175 3486 1248 Gregora

2193 1258 2367 1302 χχχιι.
2594 1242 2928 1300 Pablavunio
2950 1248 3213 1301 successit
3233 1242 3486 1305 dominus

2586 1313 2817 1371 Basilius
2870 1316 3075 1371 sororis
3125 1317 3242 1384 ejus
3300 1317 3484 1381 ﬁlius.

1537 1383 1677 1439 1084
1885 1382 1922 1438 2
2132 1384 2158 1454 1
2374 1382 2473 1438 531
2584 1400 2745 1454 quem
2835 1392 2991 1441 antea
3071 1382 3489 1442 consecraverat

1537 1454 1677 1526 1085
1885 1454 1921 1526 5
2128 1453 2166 1526 2
2374 1453 2478 1526 552
2583 1453 2836 1510 dominus
2864 1456 2979 1526 ipse
3018 1455 3313 1526 Gregorius
3355 1459 3485 1513 dum

1292 1531 1432 1597 466
1536 1524 1674 1597 1989
1884 1524 1920 1597 ἐ
2129 1525 2164 1597 ὃ
2374 1523 2478 1597 ξὲξ
2582 1526 2752 1597 lteri"
2779 1542 2826 1581 et

2129 1525 2164 1597 5
2374 1523 2478 1597 555
2582 1526 2752 1597 iterin
2779 1523 2992 1597 exteras
3017 1523 3200 1597 plagas
3224 1528 3485 1582 librorum

1535 1594 1674 1668 l0§j
1885 1593 1920 1668 5
2127 1595 2163 1668 έ
2584 1591 3482 1668 interpretandorum'alibrumque

1883 1662 1920 1744 ρ
2589 1662 2924 1736 negotiorum
2967 1681 3133 1721 causa
3164 1662 3399 1737 pararet.

1278 1766 1416 1831 467
1535 1733 1671 1788 11:89
1889 1733 1920 1786 7
2130 1734 2164 1787 6
2373 1731 2479 1786 556
2661 1731 2683 1736 ⁷

1536 1802 1673 1859 1090
1883 1802 1918 1857 8
2133 1803 2164 1856 7
2371 1803 2478 1857 557

2130 1734 2164 1787 6
2373 1731 2479 1786 556
2661 1731 2683 1736 '
3164 1731 3183 1737 “
3503 1777 3523 1805 ,

2133 1803 2164 1856 7
2371 1803 2478 1857 557

306 1872 627 1929 ﬂorrenda
668 1873 851 1929 fames
903 1873 1175 1945 regionem
1532 1874 1666 1945 1091

944 1873 1175 1945 ³εξῐοηθηι
1532 1874 1666 1945 1091
1859 1874 1918 1945 ,9
2128 1873 2163 1945 8
2372 1872 2478 1945 538

222 1954 518 1997 nostram
557 1945 829 2007 vastavit,
876 1942 996 1998 cum
1030 1945 1178 2000 vide-
1534 1943 1671 1999 1092

947 1942 996 1998 m
1030 1945 1178 2000 vide-
1534 1943 1671 1999 1092
1849 1943 1918 1997 10
2126 1943 2161 1997 9
2374 1942 2478 1997 559

219 2014 365 2069 licet
415 2016 735 2070 sceleribus
764 2016 968 2072 nostris
988 2029 1178 2070 cumu—
1285 2013 1423 2081 468
1533 2013 1672 2069 1095

2094 2014 2162 2068 10
2371 2013 2476 2068 540
2652 2012 2765 2069 Hoc
2790 2030 2934 2069 anno
2960 2013 3322 2072 Melichsabus
3365 2013 3487 2069 Sal—

220 2084 315 2140 lus
349 2096 525 2142 esset
554 2084 865 2157 impositus.
1531 2084 1670 2138 1094
1846 2082 1914 2138 12
2092 2084 2152 2138 11
2371 2083 2470 2138 541
2581 2092 2742 2141 tanus
2770 2086 2927 2140 obiit.

298 2287 435 2357 Age
490 2301 623 2342 vero
661 2284 919 2357 quoniam
967 2291 1231 2355 regnante
1276 2282 1604 2340 Melicbsaho
1652 2298 1786 2354 pace
1834 2283 1993 2341 orbis
2042 2284 2331 2341 universus
2380 2285 2791 2357 praesertimque
2838 2285 3096 2340 Armenia
3146 2285 3318 2355 potita
3366 2290 3487 2350 est,

224 2381 322 2433 cui
370 2379 612 2450 quidem
651 2379 959 2450 superiores
997 2377 1217 2450 tyranni
1254 2378 1510 2447 poculum
1548 2377 1769 2432 exitiale
1806 2376 1994 2432 tandiu
2033 2379 2498 2449 pr0pinaverant;
2538 2379 2688 2434 lubet
2724 2380 2893 2434 verba
2929 2379 3239 2434 laudatoria
3291 2377 3490 2450 pradi-

227 2469 309 2526 cti
350 2469 563 2525 eximii
599 2469 842 2527 doctoris
883 2469 1155 2524 ascribere
1180 2509 1195 2535 ,
1235 2467 1328 2538 qui
1368 2466 1658 2521 admodum
1695 2467 2026 2522 elaboratam
2066 2470 2444 2540 prolixamque
2480 2471 2783 2525 orationem
2821 2485 3016 2525 rursus
3054 2470 3283 2534 scribit,
3338 2474 3490 2540 post-

226 2577 410 2632 quam
463 2563 672 2619 scilicet
703 2577 789 2618 res
823 2560 1054 2617 viventis
1092 2561 1322 2616 absolvit
1360 2560 1440 2616 sic
1474 2560 1715 2632 ejusdem
1750 2561 1959 2615 obitum
1997 2576 2249 2617 narrans.
2283 2580 2302 2613 ι
2329 2560 2485 2617 Anno
2521 2577 2642 2617 εγω
2674 2577 2802 2615 nxu
2845 2576 3133 2631 supremus
3167 2560 3485 2617 Melichsahi

230 2653 551 2711 Persarum
590 2658 734 2727 regis
782 2656 1105 2711 administer
1152 2657 1371 2711 occisus
1416 2665 1539 2721 cst,
1593 2656 1752 2727 cujus
1798 2672 1997 2712 nomen
2044 2655 2293 2712 llasanus
2321 2697 2336 2721 ,
2390 2657 2681 2728 dignitatis
2731 2666 2909 2711 autem
2959 2657 3150 2711 titulus
3192 2657 3487 2713 Vezrucius

230 2749 486 2822 Chogia.
532 2750 668 2806 Octo
706 2758 888 2806 autem
924 2759 979 2806 et
1015 2750 1204 2821 viginti
1243 2756 1366 2821 post
1403 2749 1520 2804 dies
1558 2748 1675 2819 ipse
1712 2764 1928 2820 quoque
1980 2748 2344 2804 Melichsahus
2391 2749 2600 2804 interiit
2652 2764 2861 2804 veneno
2889 2788 2902 2812 ,
2954 2754 3015 2801 ut
3064 2747 3207 2800 fama
3253 2754 3337 2801 est
3361 2733 3488 2814 [ab

234 2856 429 2896 uxore
468 2849 760 2912 corruptus
789 2860 802 2895 :
845 2841 930 2895 vir
966 2842 1020 2896 in
1056 2856 1244 2897 omnes
1280 2841 1576 2921 benevolus
1615 2849 1777 2912 atquc
1814 2841 2134 2897 mitissimus
2159 2880 2174 2905 ,
2207 2841 2262 2894 in
2304 2840 2647 2896 Christianos
2694 2850 2873 2894 autem
2904 2852 3073 2909 prope
3113 2837 3483 2907 singulariter.

234 2931 433 3004 Hujus
469 2935 679 2991 obitum
715 2935 1052 2991 incredibilis
1089 2936 1329 2991 omnium
1370 2935 1611 3006 gentium
1650 2936 1987 3007 perturbatio
2024 2942 2322 2991 consecuta
2371 2943 2458 2991 est
2497 2951 2593 3007 per
2630 2934 3076 3006 quadriennium.
3111 2931 3247 2987 Nam
3280 2940 3333 2988 et
3371 2931 3485 2987 fra-

236 3036 323 3086 ter
363 3027 648 3089 Dedusius
684 3037 738 3087 et
775 3032 919 3087 ﬁlius
956 3030 1361 3088 Bechiarnchus
1401 3032 1486 3089 his
1526 3032 1684 3088 annis
1721 3033 1862 3089 bella
1893 3034 2098 3090 cientes
2130 3047 2293 3089 omne
2327 3047 2499 3104 genus
2529 3032 2932 3087 institutionum
2960 3031 3227 3085 bonarum
3259 3029 3486 3084 subver-

238 3131 479 3190 terunt,
519 3123 645 3180 dum
683 3134 875 3182 neuter
910 3141 1079 3198 regno
1116 3126 1344 3182 ﬁrmiter
1382 3127 1668 3198 potiretur.
1727 3128 1964 3201 Sanguis
2005 3130 2225 3185 interim
2265 3127 2589 3184 torrentium
2642 3127 2820 3181 instar
2871 3126 3125 3180 manabat
3162 3141 3272 3180 non
3311 3125 3487 3180 solum

239 3211 428 3269 Marte
464 3217 791 3272 certantium
816 3258 833 3283 ,
874 3234 1062 3274 verum
1102 3220 1265 3279 etiam
1306 3222 1484 3277 omnis
1523 3222 1730 3277 ordinis
1769 3223 1968 3278 civium
2008 3231 2064 3278 et
2098 3222 2556 3294 provincialium:
2599 3230 2793 3291 praeter
2831 3220 2967 3276 alias
3019 3234 3288 3275 mrumnas
3326 3217 3488 3273 famis

240 3314 420 3378 atque
457 3309 859 3378 captivitatum.
900 3307 993 3365 Sic
1030 3309 1288 3364 nimirum
1323 3309 1556 3367 felicitas
1592 3326 1717 3366 cum
1757 3311 1868 3366 vita
1905 3311 2052 3384 regis
2088 3313 2246 3384 pulsa
2283 3319 2408 3367 est:
2452 3310 2520 3364 ad
2560 3324 2723 3381 quem
2761 3309 2979 3378 quidem
3036 3324 3289 3364 curarum
3330 3322 3487 3379 rega-

240 3400 384 3456 lium
423 3402 580 3459 labor
616 3405 995 3475 pertinuerat;
1037 3403 1106 3459 ad
1143 3405 1280 3462 alios
1316 3420 1448 3462 vero
1487 3405 1604 3461 sive
1640 3407 1930 3475 optimates
1975 3408 2089 3463 sive
2125 3407 2366 3478 plebeios
2406 3406 2616 3462 fructus
2671 3420 2861 3461 earum
2895 3412 2950 3461 et
2994 3405 3350 3461 commoditas
3397 3418 3487 3459 re-

247 3496 638 3565 dundaverat,
675 3496 802 3552 vitae
837 3513 1030 3568 nempe
1067 3498 1373 3568 securitas,
1414 3514 1597 3554 rerum
1639 3500 1859 3555 ubertas
1915 3500 2294 3570 malorumque
2344 3499 2614 3570 depulsio.
2670 3497 2723 3554 Is
2779 3497 2915 3554 adeo
2968 3507 3183 3569 gentem
3236 3506 3482 3554 nostram

249 3583 491 3650 dilexit,
530 3593 590 3639 ut
626 3600 819 3656 preces
855 3593 1172 3655 exposceret
1209 3600 1272 3641 ac
1310 3586 1764 3642 benedictiones:
1807 3586 1967 3657 cujus
2000 3588 2080 3644 rei
2114 3603 2283 3646 causa
2321 3588 2687 3660 patriarcham
2721 3603 2937 3659 quoque
2966 3589 3033 3643 ad
3075 3589 3254 3643 aulam
3294 3603 3483 3645 accer-

249 3678 406 3734 sivit.
446 3676 624 3748 Atque
662 3677 870 3732 utinam
903 3676 971 3731 ad
1007 3676 1314 3733 Christiana
1347 3692 1504 3734 sacra
1534 3694 1822 3749 moresque
1848 3681 2171 3739 transisset!
2202 3701 2222 3735 ι
2250 3680 2466 3755 Imperii
2494 3680 2616 3749 ejus
2646 3681 2804 3738 sedes
2834 3680 3125 3752 Aspahana
3163 3681 3311 3753 fuit,
3351 3698 3474 3753 qua:

248 3768 575 3841 metropolis
611 3766 901 3825 Persarum
937 3776 1021 3825 est
1042 3808 1058 3835 ,
1100 3766 1412 3839 ibidemque
1447 3766 1617 3823 vitam
1655 3767 1946 3825 conclusit.

1491 4004 1632 4061 1095
1807 4007 1878 4065 15
2051 4009 2122 4063 12
2331 4010 2436 4065 512

1492 4076 1631 4131 1096
1806 4079 1875 4134 14
2049 4080 2120 4135 15
2224 4104 2225 4107 η
2328 4081 2435 4137 545
2630 4079 2945 4137 Revolvitur
2994 4097 3024 4137 c

2049 4080 2120 4135 15
2224 4104 2225 4107 η
2328 4081 2435 4137 545
2630 4079 2945 4137 Revolvitur
2994 4083 3180 4155 cyclus
3218 4084 3482 4155 quingen—

2560 4159 2736 4223 torum
2764 4153 3041 4223 annorum
3062 4153 3193 4223 (95).

322 4219 723 4277 Constantinus
752 4219 1002 4290 princeps
1040 4235 1144 4277 no-
1498 4217 1640 4290 1097
1811 4219 1881 4277 15
2057 4219 2126 4273 M-
2333 4220 2438 4276 544
2613 4221 2881 4277 Dedusius
2918 4217 3203 4283 Damasci.
3234 4222 3480 4277 Palaesti-

252 4299 386 4353 ster.
414 4291 626 4363 Ruheni
650 4288 828 4356 ﬁlius,
858 4288 1028 4347 eﬁ'usa
1058 4293 1151 4346 hu—
1249 4291 1395 4363 469
1497 4288 1637 4363 1000

2059 4290 2131 4363 15
2340 4291 2446 4363 545
2551 4307 2667 4356 nae,
2701 4292 3049 4363 ﬁnitimazqne
3081 4294 3320 4361 regionis
3350 4307 3474 4351 rex.

251 4363 518 4418 manitate
567 4361 867 4417 Romanam
930 4369 1144 4431 gentem
1275 4358 1382 4363 “”
1497 4358 1635 4414 1099
1811 4361 1880 4415 17
2065 4360 2132 4416 16
2342 4359 2446 4417 546
2552 4363 2742 4432 praelia
2771 4358 3102 4417 interimitur
3121 4358 3479 4431 Aspahanaza

251 4442 579 4502 prosecutus
605 4472 621 4499 ,
668 4433 871 4489 honore
900 4432 1145 4491 vicissim
1306 4469 1317 4479 -
2249 4438 2255 4445 '
2541 4432 2912 4489 Bechiarucho
2943 4448 3084 4487 anno
3111 4447 3231 4487 mra:
3258 4447 3443 4486 nxuv.

251 4513 481 4560 ornatus
512 4510 616 4559 BSt.

317 4704 551 4764 Romani
589 4721 687 4779 per
720 4708 1006 4765 Thraciam
1044 4709 1101 4765 in
1136 4709 1322 4766 Asiam
1358 4708 1776 4773 transmittunt,
1818 4713 1881 4762 ut
1923 4706 2249 4779 Scytharum
2277 4747 2291 4773 ,
2333 4706 2624 4764 Persarum
2662 4715 2826 4781 atque
2862 4707 3256 4763 Saracenorum
3287 4704 3478 4761 adver-

251 4820 345 4862 sus
379 4803 719 4862 Christianos
748 4805 975 4877 injurias
1003 4807 1175 4861 ultum
1203 4812 1347 4862 eant.
1377 4803 1635 4859 Plurimis
1664 4810 1846 4859 autem
1869 4804 2231 4860 incommodis
2274 4803 2580 4860 alliciuntur
2622 4821 2654 4860 a
2690 4805 2803 4861 ﬁlio
2857 4804 3070 4859 Satanae
3107 4802 3294 4857 Alexio
3330 4799 3479 4856 lira:-

249 4914 440 4955 corum
478 4899 536 4953 in
568 4899 703 4955 urbe
730 4898 1324 4971 Constantinopolitana
1344 4915 1489 4971 rege.
1521 4897 1622 4953 Hic
1658 4897 1856 4968 partim
1883 4901 2121 4967 arcanis,
2155 4900 2353 4970 partim
2381 4902 2689 4958 manifestis
2720 4900 2936 4957 insidiis
2958 4940 2973 4965 ,
3002 4898 3285 4954 mortifero
3314 4899 3478 4952 etiam
3558 4970 3563 4975 ἡ

247 4996 370 5051 cibo
405 4996 798 5066 grassabatur:
841 5004 957 5052 tum
996 4996 1164 5052 iidem
1205 4996 1343 5051 mari
1382 5009 1721 5064 suorumque
1759 4993 1982 5050 ducatui
2030 4995 2269 5066 pessimo
2324 4998 2559 5052 artiﬁcio
2594 4998 2880 5054 commissi
2918 4995 3263 5067 signiﬁcabat
3301 5002 3479 5049 astute

247 5086 498 5144 barbaris
527 5102 634 5158 qua
660 5089 869 5143 ratione
897 5095 1238 5159 caperentur.
1266 5085 1392 5141 Haec
1417 5085 1679 5141 Dominus
1721 5084 2017 5156 aliquando
2047 5086 2382 5142 ulciscatur!
2416 5088 2685 5159 siquidem
2721 5088 2811 5143 hic
2840 5089 3003 5143 homo
3030 5083 3267 5156 itemque
3306 5094 3480 5140 mater

249 5182 370 5253 ejus
396 5225 413 5252 ,
455 5185 536 5239 uti
574 5199 642 5240 ex
683 5184 870 5240 multis
910 5183 1241 5247 audivimus,
1281 5181 1596 5237 Christiano
1628 5181 1738 5235 ritu
1771 5182 1933 5237 alieni
1966 5189 2140 5237 erant.
2176 5180 2233 5236 ld
2266 5182 2429 5237 etiam
2460 5183 2799 5240 Sarcavacus
2845 5183 3038 5238 doctor
3067 5186 3477 5234 commemorat.

320 5383 550 5442 Romani
591 5387 963 5461 Hierosolyma
997 5392 1051 5447 vi
1090 5390 1378 5448 Saracenis
1425 5394 1665 5464 eripiunt
1722 5393 1877 5450 caesis
1920 5392 2160 5448 hostium
2193 5394 2473 5464 sexaginta
2513 5394 2752 5465 quinque
2790 5393 3029 5449 millibus
3077 5393 3131 5446 in
3173 5393 3392 5464 templo,
3426 5402 3482 5448 et

252 5474 500 5547 pluribus
523 5478 701 5536 adhuc
737 5483 795 5537 in
827 5483 981 5541 urbe.
1013 5483 1274 5541 Dominus
1311 5483 1616 5541 Vahramus
1656 5487 1969 5543 versabatur
2002 5483 2391 5557 Hierosolymis
2422 5486 2550 5542 dum
2582 5488 2714 5542 urbs
2746 5486 3060 5557 capiebatur
3085 5484 3216 5558 (96).

323 5697 435 5840 (95;
472 5697 671 5755 Recole
696 5700 763 5754 ad
793 5716 880 5757 an.
913 5703 980 5758 10
1007 5718 1127 5760 terte
1154 5706 1301 5761 Arm.
1916 5708 2117 5781 ricope.
2158 5706 2308 5762 Latet
2344 5717 2521 5763 autem
2563 5710 2616 5763 in
2647 5709 2833 5764 eadem
2870 5709 3158 5775 mendum;
3193 5722 3315 5763 nam
3342 5706 3478 5764 Grea

323 5768 411 5840 (96
474 5768 820 5828 Desideratur
850 5773 907 5828 in
934 5776 1227 5833 vetustiore
1252 5776 1546 5840 exemplari
1574 5776 1687 5833 htec
1712 5793 1802 5840 pc-
1908 5792 2068 5840 goras
2103 5778 2403 5837 V‘abramus
2441 5787 2564 5834 ante
2595 5794 2768 5838 annos
2795 5796 2884 5837 xvi
2914 5782 3023 5838 vita
3044 5785 3378 5839 excesserat.

322 5768 433 5840 (96)
474 5768 820 5828 Desideratur
850 5773 907 5828 in
934 5776 1227 5833 vetustiore
1252 5776 1546 5848 exemplari
1574 5776 1687 5833 htec
1712 5793 1802 5847 pc-
1908 5768 2068 5850 go'ra's
2103 5778 2403 5837 V‘abramus
2441 5787 2564 5834 ante
2595 5794 2768 5838 annos
2795 5796 2884 5837 xvi
2914 5782 3023 5838 vita
3044 5768 3378 5839 excesserat.
