3886 6268
176 319 290 372 737
912 304 1252 371 SAMUELIS
1281 313 1597 369 ANIENSIS
1629 311 1970 370 SUMMARII
2003 311 2387 369 TEMPORUM
2413 312 2591 368 PARS
2627 316 2691 370 II.
3335 321 3439 379 758

203 467 3425 496 Ἥ

1178 569 1366 611 enitr.
1444 568 1660 610 cauter
1737 568 1928 611 cons'r.
2009 554 2189 625 (pars.
2329 570 2465 610 λειω

2322 639 2452 680 ΔΒΕ.

2322 639 2431 680 amr

1759 694 1910 777 palo-
2014 691 2222 774 Grego-

1755 779 1914 836 joan-
2062 779 2180 820 rius

1794 850 1895 890 nes

1162 955 2485 974 ——I——*-—————~—_———

1803 1043 2288 1103 CALOJOANNES
2311 1046 2388 1120 (1)
2418 1046 2562 1103 haud
2592 1046 2784 1120 paucis
2820 1036 2980 1104 annis
3007 1049 3270 1121 regnavit.

1496 1213 1629 1284 1121
1850 1211 1879 1284 1
2128 1210 2162 1284 §
2341 1211 2445 1284 568
2522 1281 2551 1284 __
2587 1209 3098 1284 ExstinctoiAlexio
3148 1220 3338 1284 regnat
3378 1211 3444 1267 ﬁ-

263 1275 547 1335 Pralium
573 1286 730 1366 atrox
761 1278 1138 1366 Cariniroviti-
1208 1285 1347 1356 1,75
1846 1281 1884 1366 2
2129 1281 2164 1366 Ζ
2517 1281 2628 1366 lius.
2658 1283 2780 1350 ejus
2809 1283 3191 1366 Calojoannes.

183 1365 353 1415 cum,
402 1367 510 1422 quo
558 1352 736 1432 victus
768 1359 850 1408 est
897 1351 1136 1434 Franco-
1233 1351 1284 1356 ““
1312 1351 1336 1356 ⁷
1495 1353 1637 1408 1125
1847 1351 1883 1405 5
2129 1351 2164 1406 8
2342 1353 2448 1407 570
2552 1351 2869 1434 .lberorum
2910 1351 3006 1434 rex
3037 1351 3206 1406 David
3251 1351 3446 1435 Elcha-

184 1436 323 1505 rum
348 1432 421 1505 ‘et
457 1422 833 1505 Armeniorum
865 1431 1136 1505 exercitus
1843 1420 1886 1505 ᾖ
2519 1438 2660 1505 mum
2685 1422 3050 1505 et‘Melch'i‘utnn
3077 1423 3231 1479 clade
3261 1423 3444 1505 afﬁcrt.

187 1489 407 1565 fraude
437 1507 748 1565 procerum.
778 1491 932 1548 Tunc
956 1503 1010 1565 et
1038 1491 1140 1547 Ro-
1495 1493 1636 1565 1125
1852 1490 1889 1565 5
2097 1493 2166 1565 it)
2343 1492 2449 1565 572
2591 1492 2764 1550 David
2792 1509 2890 1549 rex
2916 1493 3176 1548 Teﬂisum
3207 1495 3374 1565 capit.

188 1561 397 1637 geritis
438 1559 772 1637 'Antiochite
815 1564 1140 1637 praefectus
1210 1568 1352 1637 476
1496 1562 1635 1619 1126

914 1564 1140 1637 abiectus
1210 1568 1352 1637 4'16
1496 1562 1635 1619 1126
1850 1559 1884 1615 6
2095 1563 2160 1619 11
2343 1563 2448 1620 575

188 1631 384 1754 mittito
428 1648 556 1688 cum
593 1633 762 1688 milite
797 1631 1140 1689 desideratus

188 1713 252 1754 es
287 1741 302 1753 .

187 1713 302 1755 est.

267 1881 691 1950 Incursionum,
740 1883 1076 1956 rapinarum,
1108 1883 1396 1939 exitiorum
1441 1889 1496 1938 et
1538 1881 1795 1949 cladium,
1837 1883 2037 1962 quibus
2076 1883 2216 1940 Iberi
2246 1884 2492 1939 certatim
2533 1882 2901 1952 Saracenique
2940 1883 3274 1954 provinciam
3301 1885 3452 1940 Anim

189 1975 507 2041 vexabant,
539 1976 750 2046 pertaasi
780 1976 1014 2048 denique
1040 1975 1192 2030 Anim
1214 1975 1366 2030 urbis
1392 1975 1726 2046 Siracizeque
1763 1975 2005 2046 regionis
2033 1976 2248 2044 incolae,
2273 1983 2335 2031 ut
2368 1976 2508 2030 hanc
2541 1990 2572 2029 a
2606 1992 2664 2032 se
2686 1976 2978 2047 procellam
3003 1975 3354 2046 depellerent,
3385 1975 3451 2031 ad

192 2055 440 2120 Davidis
471 2064 750 2121 lberorum
789 2066 933 2136 regis
981 2065 1291 2120 clientelam
1323 2064 1618 2135 confugere
1661 2065 2040 2122 decreverunt.
2092 2065 2261 2137 Igitur
2291 2066 2637 2136 conjuratum
2683 2074 2767 2122 est
2800 2067 3060 2122 adversus
3090 2067 3452 2136 Apelsuarum

198 2157 473 2222 amiram,
508 2156 774 2213 Manuciei
809 2157 997 2224 ﬁlium,
1032 2159 1126 2229 qui
1163 2159 1433 2214 exstincto
1459 2157 1598 2228 patri
1631 2157 1684 2211 in
1718 2155 1871 2212 Aniae
1907 2157 2246 2213 dominatum
2281 2166 2663 2226 successerat;
2709 2157 2877 2213 David
2911 2166 3092 2214 autem
3132 2174 3225 2213 rex
3264 2170 3453 2228 paten-

199 2249 356 2306 tibus
409 2252 582 2321 portis
626 2251 684 2306 in
721 2252 911 2307 urbem
943 2259 1234 2324 receptus:
1272 2269 1380 2323 quo
1429 2253 1508 2308 sic
1535 2259 1755 2322 repente
1795 2253 2148 2326 intregresso,
2201 2269 2362 2308 nemo
2403 2255 2530 2309 vitae
2579 2254 2964 2310 detrimentum
3011 2270 3210 2325 passus
3249 2262 3352 2310 est.
3404 2254 3453 2310 ls

199 2351 433 2411 captum
463 2358 590 2397 cum
618 2333 758 2408 ﬁliis
787 2343 1149 2413 Apelsuarum
1185 2346 1240 2400 in
1270 2345 1497 2400 lberiam
1528 2359 1714 2400 secum
1750 2345 1952 2411 avexit,
1984 2346 2212 2416 locoque
2250 2345 2385 2402 adeo
2416 2347 2691 2417 pestilenti
2722 2346 2998 2416 deposuit,
3031 2357 3091 2401 ut
3120 2347 3269 2401 brevi
3303 2354 3456 2417 pater

197 2447 332 2488 cum
367 2433 558 2490 liberis
591 2435 800 2489 duobus
826 2436 1066 2506 perierit.
1105 2436 1322 2491 Interim
1383 2452 1507 2491 cum
1552 2435 1708 2491 fortis
1737 2452 1953 2508 quoque
1985 2436 2154 2492 David
2185 2446 2394 2493 naturae
2428 2438 2814 2504 concessisset,
2845 2437 3032 2492 lberiae
3061 2453 3286 2509 regnum
3322 2439 3456 2493 adiit

199 2527 523 2584 Demetrius
554 2529 797 2598 ejusdem
829 2530 990 2597 ﬁlius,
1018 2533 1167 2586 omni
1207 2532 1367 2587 laude
1399 2531 1660 2602 juvenilis
1689 2532 1992 2603 disciplinae
2021 2534 2512 2590 cumulatissimus.
2544 2532 2684 2588 Tum
2727 2548 2858 2588 vero
2890 2532 3192 2588 Phatlunus
3221 2532 3454 2586 ﬁliorum

200 2624 501 2694 Apelsuari
524 2633 655 2679 natu
683 2626 975 2685 maximus.
1005 2627 1099 2697 qui
1133 2629 1320 2682 tandiu
1349 2628 1489 2698 apud
1515 2643 1768 2699 maguum
1800 2629 2026 2684 amiram
2066 2630 2118 2683 in
2151 2628 2486 2684 Chorasania
2522 2628 2929 2695 diversabatur,
2964 2628 3179 2699 cognita
3213 2627 3456 2696 parentis

203 2718 526 2772 calamitate
553 2718 913 2789 stationisque
958 2720 1120 2773 noxia
1155 2728 1373 2785 natura,
1406 2721 1460 2774 in
1496 2721 1745 2790 regiones
1788 2732 2007 2777 nostras
2046 2721 2340 2777 maturavit
2383 2721 2684 2786 incurrere,
2712 2721 3092 2793 praefectisque
3127 2721 3459 2778 suburbanis

203 2811 464 2876 devictis,
498 2814 837 2883 metropolim
867 2815 1152 2870 obsidione
1187 2814 1425 2870 vallavit.
1483 2815 1634 2869 Saeva
1673 2813 1871 2870 dehinc
1905 2814 2076 2871 fames
2117 2830 2320 2869 annum
2354 2815 2624 2886 integrum
2673 2816 3000 2885 occupavit:
3034 2830 3267 2886 cumque
3312 2817 3458 2873 cives

206 2902 277 2958 ad
304 2905 734 2973 comparandam
760 2920 940 2961 escam
968 2915 1136 2961 noctu
1166 2906 1573 2976 egrederentur,
1604 2905 1830 2960 structis
1852 2905 2070 2962 insidiis
2098 2905 2272 2962 hostis
2300 2906 2449 2962 viros
2479 2906 2698 2978 quidem
2729 2905 3039 2976 jugulabat,
3067 2907 3142 2960 ita
3179 2915 3237 2960 ut
3261 2921 3459 2962 cruore

202 3003 260 3051 et
297 2997 528 3052 ossibus
569 3005 714 3053 terra
759 3001 1050 3070 squaleret,
1099 2999 1330 3057 feminas
1369 3011 1550 3057 autem
1590 3017 1898 3073 puerosque
1937 3002 2224 3058 vendebat.
2279 3000 2386 3057 Sed
2441 3010 2624 3057 tamen
2662 3001 2955 3056 identidem
2979 3017 3043 3056 ex
3079 3001 3250 3056 Iberia
3289 3001 3459 3057 duces

209 3087 441 3144 aderant
473 3091 577 3146 viri
607 3094 829 3164 egregii,
862 3102 921 3147 ut
949 3094 1040 3150 ille
1075 3096 1257 3151 clarus
1282 3111 1346 3151 ac
1375 3106 1632 3152 strenuus
1662 3095 1851 3153 lvanes
1871 3096 2126 3150 Abuletbi
2159 3096 2302 3152 ﬁlius
2329 3096 2424 3167 qui
2458 3096 2584 3151 forti
2611 3097 2797 3151 animo
2837 3096 3150 3151 incursores
3177 3096 3418 3151 credebat
3443 3114 3456 3149 :

209 3194 456 3251 cumque
493 3181 795 3238 Phatlunus
834 3198 1026 3254 magna
1053 3185 1106 3239 vi
1147 3187 1334 3240 urbem
1373 3187 1772 3257 aggrederetur,
1806 3185 1922 3255 ipse
1951 3187 2139 3256 paucis
2167 3187 2422 3258 stipatus,
2455 3186 2840 3256 adjuvantibus
2877 3185 3108 3251 civibus,
3136 3186 3326 3241 urbem
3366 3202 3462 3258 pe—

211 3275 386 3331 riculo
425 3277 719 3349 expedivit.
751 3277 936 3349 Neque
974 3295 1103 3334 vero
1143 3281 1482 3336 reticendum
1523 3290 1603 3336 est
1635 3279 1850 3336 feminae
1887 3281 2172 3351 cujusdam
2204 3283 2256 3335 in
2287 3296 2354 3336 eo
2395 3283 2694 3337 certamine
2720 3282 2877 3336 virile
2906 3280 3140 3349 facinus,
3171 3298 3293 3353 quae
3326 3283 3459 3338 satis

213 3372 481 3428 audacter
518 3376 789 3431 mmnibus
823 3377 1085 3432 insistens
1132 3377 1370 3446 lapidum
1402 3369 1606 3432 ictibus
1639 3377 1828 3434 hostes
1865 3377 2120 3447 pellebat,
2156 3378 2370 3444 sagittis
2407 3377 2606 3447 quibus
2639 3377 2982 3432 extrinsecus
3017 3377 3303 3446 petebatur
3329 3391 3462 3431 con-

214 3467 460 3536 temptis.
486 3467 719 3524 Feminae
746 3484 943 3525 nomen
974 3469 1201 3541 Caprea,
1234 3471 1378 3542 quod
1425 3471 1544 3542 ejus
1573 3481 1691 3527 erat
1733 3473 2044 3542 pernicitati
2078 3481 2530 3528 consentaneum.
2561 3471 2953 3528 Verumtamen
2987 3487 3156 3543 regno
3180 3471 3460 3528 [berorum

215 3559 462 3613 nondum
499 3560 555 3614 in
592 3577 654 3617 ea
685 3564 816 3619 urbe
845 3565 978 3620 satis
1009 3565 1352 3632 conﬁrmato,
1386 3565 1529 3622 fame
1559 3583 1622 3622 ac
1650 3569 1891 3623 caedibus
1925 3568 1982 3622 in
2007 3569 2124 3623 dies
2164 3568 2536 3634 saevientibus,
2569 3577 2839 3639 coguntur
2873 3569 3020 3624 cives
3057 3570 3246 3622 urbem
3280 3569 3462 3623 denuo

216 3651 280 3703 ad
310 3649 572 3706 Phatluni
599 3662 920 3723 potestatem
954 3657 1271 3722 transferre,
1308 3657 1414 3713 ﬁde
1437 3659 1620 3728 jurata
1648 3660 1717 3714 ab
1752 3659 1943 3715 eodem
1969 3667 2213 3730 accepta,
2255 3660 2452 3728 nequid
2489 3668 2680 3714 contra
2710 3661 2883 3730 patris
2911 3660 3249 3730 fratrumque
3277 3660 3463 3731 prodi-

212 3747 367 3798 tores
400 3751 683 3800 statueret.
713 3747 772 3802 1d
797 3749 884 3803 ille
928 3749 1106 3806 foedus
1134 3750 1236 3806 etsi
1271 3750 1326 3805 in
1360 3753 1617 3822 praesenti
1652 3767 1762 3806 non
1801 3753 2146 3818 detrectavit,
2178 3752 2540 3808 nihilominus
2579 3752 2788 3823 pacatis
2816 3752 3000 3816 rebus,
3037 3768 3131 3808 eos
3157 3755 3307 3808 vario
3353 3755 3463 3808 cri-

216 3838 582 3894 minationum
629 3857 826 3912 genere
857 3859 1144 3916 aggressus
1178 3852 1259 3900 est
1305 3853 1470 3916 atque
1499 3847 1765 3902 multavit.
1803 3847 1877 3902 Eo
1945 3855 2206 3918 regnante
2241 3863 2271 3902 a
2299 3847 2577 3904 consuetis
2607 3848 2826 3918 quidem
2862 3848 3271 3904 incursionibus
3305 3852 3462 3920 quies

216 3930 271 3984 in
302 3932 568 3988 Armenia
610 3933 732 4002 fuit,
765 3936 858 3992 sed
897 3945 1011 3991 tum
1042 3939 1314 4008 praeterita
1337 3939 1557 3998 damna.
1599 3948 1713 3994 tum
1741 3941 2091 4013 vectigalium
2133 3941 2562 4012 rapinarumque
2602 3943 2685 3996 vis
2727 3957 2997 3996 summam
3032 3942 3176 4012 apud
3214 3958 3316 3997 nos
3338 3957 3463 4014 egec

217 4033 420 4081 statem
448 4042 741 4099 rerumque
773 4030 1016 4084 omnium
1054 4033 1338 4102 penuriam
1367 4033 1686 4102 eﬁ‘ecerunt,
1715 4052 1836 4108 quae
1866 4036 2087 4108 quidem
2123 4037 2190 4092 ab
2215 4051 2279 4092 ea
2307 4050 2480 4107 usque
2504 4043 2662 4091 aetate
2689 4035 3041 4091 incrementis
3065 4043 3224 4091 aucta
3259 4037 3462 4094 nostris

218 4121 402 4174 adhuc
427 4121 762 4190 temporibus
792 4131 1119 4192 perseverat.

285 4213 363 4268 At
396 4214 542 4269 enim
574 4226 794 4270 sanctus
822 4217 1130 4286 patriarcha
1159 4218 1392 4291 ﬁdeique
1432 4221 1663 4278 antistes
1689 4219 1944 4279 dominus
1969 4219 2286 4292 Gregorius,
2315 4221 2444 4293 quia
2484 4219 2662 4277 foedus
2685 4219 2972 4276 amicabile
2999 4235 3122 4276 cum
3159 4220 3465 4290 Apelsuaro

219 4305 449 4372 fecerat,
473 4322 582 4378 quo
609 4307 765 4363 sedes
795 4308 865 4364 ab
889 4325 956 4366 eo
977 4318 1372 4384 protegeretur,
1402 4314 1589 4370 audita
1613 4315 1670 4370 in
1696 4315 1845 4371 hunc
1866 4314 2187 4370 Aniensium
2214 4314 2643 4384 conspiratione,
2671 4312 2917 4368 criminis
2955 4312 3270 4369 auctoribus
3299 4312 3463 4368 vehe-

221 4408 436 4457 menter
465 4403 779 4459 succensuit
808 4403 906 4476 (2).

1508 4584 1648 4638 1127
1868 4585 1901 4640 7
2113 4585 2183 4641 12
2361 4585 2467 4640 574

1507 4655 1648 4709 1128
1863 4657 1898 4711 8
2112 4658 2182 4712 15
2360 4656 2466 4711 575

1509 4724 1648 4779 1129
1862 4727 1897 4782 9
2111 4728 2179 4782 14
2359 4727 2467 4781 576

261 4787 321 4841 In
347 4786 579 4868 Halbata
596 4791 1154 4868 obiitin‘Cbristoma-
1222 4798 1364 4867 477
1510 4795 1650 4868 1150
1829 4798 1898 4853 10
2108 4798 2177 4854 15
2356 4797 2464 4852 577
2573 4797 2880 4855 Demetrius
2912 4814 3004 4854 rex
3036 4798 3459 4868 Charasgurum,

227 4873 368 4924 gnus
389 4858 968 4940 doctorArmeniorum
989 4863 1155 4920 Joan-
1247 4858 1260 4866 ’
1287 4858 1300 4867 ’
1334 4858 1347 4867 ’
1509 4865 1643 4920 1151
1829 4869 1891 4923 11
2109 4869 2176 4922 16
2357 4868 2462 4924 578
2536 4871 2628 4940 qui
2659 4886 2717 4926 se
2749 4872 2802 4925 in
2829 4885 2953 4924 arce
2985 4858 3272 4939 Athabegiv
3289 4867 3464 4922 multo

226 4943 325 4998 nes
351 4942 711 4998 cognomento
735 4931 1096 4990 Sarcavacus.
2535 4931 2659 4994 cum
2711 4941 2884 4995 milite
2939 4931 3318 4998 concluserat,
3371 4953 3467 4991 ex-

295 4997 679 5081 ﬁedemptoris
692 5003 834 5059 aedes
851 5019 1009 5081 sacra
1030 5021 1152 5081 (ἰφθ-
1511 5005 1652 5081 1152
1829 5010 1898 5081 12
2111 5009 2183 5081 17
2358 5011 2463 5067 579
2537 5013 2817 5081 pugnavit.
2843 5010 3043 5066 Eodem
3075 5025 3140 5063 an
3148 5026 3218 5081 no
3263 4997 3464 5081 Abule-

227 5069 336 5121 ruit
367 5069 524 5124 Anire
548 5073 635 5126 die
663 5090 772 5126 xvn
804 5077 1007 5132 mensis
1046 5075 1159 5131 Ma-
1511 5077 1652 5131 1155
1831 5080 1899 5135 15
2116 5080 2184 5135 18
2361 5081 2468 5138 580
2540 5069 2665 5136 ἱὴιῖε
2687 5089 2741 5136 et
2766 5081 2956 5137 lvanes
2982 5082 3122 5137 ﬁlius
3143 5077 3464 5133 Damaniam

229 5139 337 5193 reri
371 5140 446 5211 (5)
473 5139 609 5197 feria
635 5145 844 5214 quinta.
2428 5150 2431 5151 ⁷
2486 5170 2489 5172 ·
2538 5162 2820 5222 ceperunt.
2880 5153 3081 5207 Eodem
3132 5153 3466 5222 itemLanno

2539 5219 2728 5279 lvanes
2745 5233 2908 5294 atque
2931 5222 3221 5278 Sembatus
3253 5219 3468 5276 Cbuna—

2537 5294 2627 5348 nia
2660 5295 2814 5364 potiti
2837 5302 2986 5350 sunt.

298 5347 415 5434 Hoc
451 5352 1150 5434 anno‘qbiitclarissim.
1219 5359 1361 5431 1,78
1507 5363 1649 5418 usi
1830 5361 1898 5417 14
2114 5362 2181 5418 to
2360 5363 2457 5419 ss:
2584 5347 2914 5420 Phatlunus
2945 5347 3000 5418 in
3030 5361 3227 5434 praelia,
3251 5359 3462 5434 exstin-

230 5417 422 5476 doctor
451 5421 621 5479 David
639 5424 816 5479 Alucii
841 5427 1006 5484 tilius.
1108 5417 1140 5424 ⁷
1220 5417 1259 5429 ⁷’
1283 5417 1297 5431 ’
1319 5417 1359 5430 ν
1592 5417 1595 5418 ⁷
1626 5417 1645 5418 ⁷⁷
2158 5417 2165 5418 ⁷
2368 5417 2383 5418 ⁷
2406 5417 2419 5418 ⁷
2443 5417 2457 5419 ⁷
2535 5417 2722 5508 guitur
2749 5417 3070 5508 annoregni
3094 5433 3355 5508 septimo:
3390 5428 3468 5484 ei-

2533 5503 2641 5577 que
2673 5506 2918 5562 succedit
2940 5503 3253 5560 Mahmutus
3271 5503 3464 5557 frater.

404 5690 506 5774 llic
539 5696 625 5746 est
652 5705 890 5774 aoaitnes
918 5692 1322 5774 l..Comn_e_nus.
1429 5765 1463 5774 __
1680 5765 1697 5774 α
1898 5696 2418 5774 abantanuensibus
2441 5702 2645 5766 addita,
2669 5720 2790 5774 qtae
2823 5720 2924 5760 nos
2947 5704 3114 5760 missa
3139 5704 3371 5762 fecimus

298 5762 374 5832 (2)
414 5761 514 5817 llic
557 5761 924 5831 sequebantur
969 5763 1022 5817 in
1063 5765 1221 5820 codd.
1274 5765 1501 5821 moralia
1541 5765 1788 5838 quaedam
1970 5769 2045 5840 (5)
2074 5769 2188 5824 Hoc
2220 5785 2363 5827 anno
2389 5761 2663 5832 incidebat
2686 5761 2754 5831 'in
2782 5775 3132 5832 Decembrem.
