3886 6268
476 287 581 343 ’165
1480 282 1571 338 ΑΙ)
1605 280 1870 339 EUSEBII
1910 281 2010 337 CH1

2194 279 2302 336 ZON
2337 279 2698 335 APPENDIX.
3632 283 3728 343 741

485 439 3700 470 ΝΜ

2269 455 2592 465 ___—_—-—-—

2593 455 2916 466 Μ

1885 617 1956 677 Μ
1956 615 2105 676 ΟΝΙ
2109 617 2158 674 Τ
2163 613 2291 674 UM
2288 660 2302 674 .

551 812 698 889 Quae
725 820 1072 892 sequuntur
1099 811 1398 891 opuscula
1422 808 1861 888 chronologica
1891 819 1946 868 et
1969 807 2388 868 astronomica
2406 825 2542 868 cum
2565 805 2737 886 apud
2768 805 3046 866 eruditos
3073 785 3357 884 plurimi
3378 802 3650 875 valeant,
3676 815 3726 866 et

481 917 564 978 iis
593 915 772 993 quasi
803 914 1202 991 fundamento
1233 913 1523 972 nitantur
1560 911 1926 988 chronologi
1963 909 2316 972 Christiani
2343 916 2596 979 veteres,
2643 906 2822 968 nobis
2859 904 3210 984 faciendum
3255 906 3632 984 putavimus
3665 917 3727 966 ut

479 1033 551 1075 ea
574 1011 1022 1081 recuderemus,
1057 1009 1337 1071 studioso
1372 1008 1618 1068 Lectori
1650 1016 1965 1085 acceptam
2003 1009 2139 1085 fore
2184 1003 2557 1084 conﬁdentes
2609 1005 2766 1066 hanc
2794 1001 2876 1064 ad
2926 1001 3185 1064 Eusebii
3204 1002 3512 1065 Canones
3556 1003 3696 1064 chro

475 1116 651 1176 uicos
681 1133 808 1175 non
828 1111 1246 1194 panttendam
1278 1112 1659 1172 mantissam.
1689 1112 1870 1171 Εῡιτ.

1234 1480 1928 1599 VETERUM
2019 1479 2175 1594 SC
2197 1479 2936 1596 RIPTORUM

1909 1731 2318 1796 OPUSCULA

1027 1913 1960 2032 CHRONOLOGICA
2029 1936 2182 2027 ET
2252 1933 3150 2030 ASTRONOMICA.

1382 2307 1826 2400 DIONYSIUS
1855 2337 1970 2400 PE
1979 2335 2273 2401 unus
2309 2337 2683 2402 LECTORI
2707 2333 2813 2419 (a).

549 2519 698 2578 Inter
723 2529 962 2576 auctores
991 2519 1136 2588 infra
1171 2521 1335 2575 editos
1360 2523 1561 2590 primus
1588 2531 1664 2576 est
1684 2521 1952 2584 Geminus,
1988 2526 2078 2594 qui
2102 2533 2222 2580 ante
2253 2543 2420 2580 annos
2449 2527 2673 2595 amplius
2697 2525 3052 2598 quadraginta
3079 2524 3494 2593 prodiit,Gra’ce
3516 2523 3703 2579 Latine-

474 2636 573 2690 que
601 2620 665 2673 ab
695 2617 872 2673 Edone
913 2616 1216 2678 llilderico:
1251 2619 1476 2683 scriptor
1517 2619 1758 2672 eruditus
1792 2629 1840 2674 et
1871 2621 2139 2689 antiquus.
2181 2621 2329 2675 Vixit
2373 2623 2510 2676 enim
2551 2622 2714 2677 Sullae
2761 2639 2822 2677 ac
2852 2620 3117 2677 Ciceronis
3167 2620 3372 2674 sarcqu
3396 2659 3411 2680 ,
3463 2627 3520 2670 ut
3556 2634 3613 2672 e1:
3651 2618 3704 2672 iis

476 2721 683 2766 constat
713 2729 828 2782 quw
860 2712 928 2765 ad
953 2727 1070 2781 pag.
1100 2713 1163 2767 i9
1199 2713 1250 2765 in
1286 2713 1422 2765 notis
1452 2711 1804 2768 observamus.
1845 2714 2035 2767 Patria
2078 2714 2340 2769 Rhodium
2376 2715 2537 2785 fuisse
2562 2718 2699 2771 inter
2725 2734 2902 2770 omnes
2934 2715 3192 2770 convenit.
3223 2717 3332 2768 Sed
3373 2712 3566 2772 Romaz.
3590 2721 3633 2766 et
3653 2711 3699 2764 in

478 2800 646 2857 Italia
671 2805 880 2862 vixisse.
911 2821 1011 2856 non
1039 2804 1158 2857 levis
1198 2812 1274 2857 est
1307 2803 1628 2872 conjectura,
1670 2805 1843 2874 ibique
1874 2808 2312 2860 commentarium
2339 2807 2474 2860 hunc
2507 2809 2802 2877 scripsisse,
2833 2817 2892 2862 ut
2930 2809 2984 2861 in
3017 2808 3203 2862 iisdem
3240 2807 3464 2861 scholiis
3507 2804 3702 2857 adnota.

477 2899 662 2952 vimus.
695 2899 772 2949 Ac
806 2895 883 2950 vel
916 2897 1120 2950 nomine
1153 2897 1266 2964 ipso
1297 2895 1508 2950 Gemini
1543 2897 1675 2950 satis
1696 2895 1791 2950 hoc
1828 2898 2108 2961 evincitur,
2135 2897 2447 2952 Latinorum
2481 2916 2579 2953 usu
2610 2909 2658 2953 et
2693 2902 3004 2954 commercio
3035 2901 3372 2969 implicatum
3402 2915 3511 2952 esse
3553 2894 3698 2949 Immi-

477 3007 630 3055 nem;
659 3006 719 3043 ac
750 2987 990 3044 libertum
1023 2988 1226 3058 fortean
1249 3027 1264 3051 ,
1307 2996 1398 3040 aut
1431 2987 1671 3042 clientem
1717 2989 1948 3056 alicujus
1986 2988 2151 3057 fuisse
2183 2989 2428 3058 familiae,
2459 2989 2544 3042 cui
2593 2989 2858 3058 peculiare
2895 3005 3176 3058 cognomen
3243 2988 3300 3040 id
3346 2995 3501 3048 erat,
3548 2999 3700 3051 nempe

478 3086 839 3141 Serviliorum.
896 3085 1116 3141 Proclus
1173 3085 1228 3138 in
1270 3083 1677 3138 Commentariis
1723 3085 1790 3138 ad
1834 3085 2037 3154 priores
2069 3083 2308 3138 Euclidis
2356 3086 2516 3141 libros
2571 3103 2674 3140 non
2721 3086 2879 3140 semel
2911 3085 3183 3139 Geminum
3221 3085 3446 3147 laudat,
3495 3099 3628 3152 quem
3659 3088 3698 3134 et

474 3179 700 3250 Γεμῖνον
755 3188 999 3249 perpetuo
1034 3178 1311 3239 nominat,
1363 3176 1702 3244 circumﬂexa
1748 3177 2039 3246 penultima
2065 3193 2083 3230 :
2127 3177 2458 3248 indidemque
2493 3179 2799 3248 colligitur,
2846 3181 3088 3247 quadam
3124 3179 3278 3232 illum
3329 3178 3394 3232 de
3447 3177 3697 3247 geometria

475 3270 765 3336 scripsisse.
792 3270 957 3340 Cujus
985 3271 1136 3340 ﬁdem
1172 3268 1298 3339 facit
1331 3268 1598 3337 catalogus
1625 3267 1905 3336 librorum,
1928 3272 2018 3341 qui
2050 3287 2114 3324 ex
2147 3271 2477 3325 Barocciana
2511 3271 2821 3325 bibliotheca
2853 3287 3016 3339 nuper
3039 3272 3090 3324 in
3120 3272 3371 3339 Angliam
3402 3269 3558 3324 avecti
3575 3277 3692 3328 sunt,

473 3375 602 3426 quos
628 3361 762 3415 inter
793 3360 997 3415 Gemini
1024 3361 1154 3417 liber
1181 3375 1354 3420 exstat
1385 3366 1615 3420 nondum
1645 3367 1836 3422 editus.
1877 3367 1980 3423 Sed
2021 3379 2070 3423 et
2101 3367 2283 3423 Procli
2314 3367 2537 3439 Sphaera
2567 3369 2700 3423 nihil
2735 3369 2884 3422 aliud
2918 3377 2996 3424 est
3024 3378 3214 3438 praeter
3245 3367 3497 3439 lsagoges
3524 3363 3693 3418 Gemini

476 3458 658 3525 capita
687 3459 950 3527 qumdam,
987 3461 1124 3530 quod
1150 3481 1244 3518 suo
1275 3463 1386 3518 loco
1423 3465 1832 3519 dcclaravimus.

547 3545 723 3616 Hujus
750 3568 843 3604 nos
873 3554 1166 3607 testimonio
1202 3557 1474 3622 scriptoris
1507 3571 1640 3622 stupe
1675 3571 1737 3608 ac
1770 3554 1989 3609 libenter
2011 3555 2099 3608 usi
2127 3571 2307 3608 sumus
2340 3554 2393 3607 in
2423 3554 2504 3608 his
2529 3570 2645 3624 qua!
2674 3556 2743 3607 ad
2785 3571 2979 3608 annum
3021 3553 3240 3608 Cra'cite
3269 3554 3454 3609 veteris
3480 3561 3527 3605 et
3553 3548 3678 3618 1593/-

475 3640 705 3705 ptiacum
739 3654 992 3707 spectant.
1025 3645 1166 3700 Nam
1196 3649 1259 3702 de
1287 3651 1460 3715 priore
1491 3652 1583 3703 illo
1614 3667 1764 3704 nemo
1797 3661 1908 3714 est,
1955 3653 2044 3721 qui
2073 3651 2383 3720 diligentius
2412 3651 2810 3719 expressiusque
2850 3653 3001 3704 verba
3056 3651 3234 3718 fecerit
3264 3693 3278 3710 ,
3328 3650 3566 3718 cujusque
3593 3660 3688 3712 pro-

477 3740 591 3796 pter
625 3734 988 3803 antiquitatem
1017 3747 1065 3790 et
1104 3741 1445 3794 eruditionem
1471 3745 1608 3795 ratio
1634 3743 1807 3812 major
1855 3743 2034 3796 haberi
2057 3746 2260 3795 debeat.
2297 3742 2462 3808 Quem
2489 3742 2536 3794 si
2561 3742 2614 3793 in
2640 3741 2917 3794 consilium
2951 3740 3276 3794 adhibuisset
3316 3722 3572 3807 Scaliger,
3615 3738 3688 3784 aut

478 3823 528 3876 si
559 3839 676 3875 eum
699 3828 948 3880 attentius
977 3828 1203 3897 legisset.
1239 3848 1400 3900 neque
1442 3833 1848 3902 pra'judicatam
1887 3832 2036 3885 illam
2065 3848 2218 3884 suam
2247 3831 2310 3885 de
2345 3848 2483 3884 anno
2519 3829 2700 3884 Crcvco
2738 3830 3004 3900 πρόληψιν
3053 3829 3121 3883 ad
3157 3832 3304 3884 illius
3361 3826 3685 3882 tractationem

479 3913 761 3977 attulisset,
787 3933 887 3970 non
934 3920 1029 3972 illa
1059 3921 1204 3974 nobis
1259 3925 1384 3976 anni
1413 3921 1586 3978 (ἔνωεὶ
1644 3933 1693 3978 et
1738 3925 1905 3977 Attici
1951 3933 2242 3977 commenta
2279 3924 2598 3993 peperisset,
2634 3939 2749 3993 qua:
2786 3932 2835 3976 et
2892 3921 3281 3975 absurdissima
3321 3929 3440 3975 sunt
3481 3927 3525 3971 et
3555 3913 3683 3967 uni“

478 4017 669 4076 prmter
699 4019 913 4065 cwteros
947 4013 1148 4066 Gemini
1175 4018 1487 4072 auctoritate
1513 4018 1848 4079 refelluntur.
1891 4017 2043 4071 Hunc
2069 4020 2230 4087 igitur
2257 4035 2373 4071 cum
2405 4017 2605 4071 Latina
2641 4017 3068 4086 interpretatione
3098 4015 3258 4068 veteri
3285 4015 3452 4082 primo
3480 4011 3579 4062 loco
3605 4021 3683 4073 po-

477 4105 682 4160 suimus
701 4147 716 4170 ,
747 4127 849 4178 qua
878 4111 1108 4180 profecto
1135 4112 1400 4165 meliorem
1427 4112 1897 4183 elegantioremque
1921 4113 2217 4167 merebatur
2246 4129 2264 4164 :
2304 4121 2352 4166 et
2394 4120 2508 4166 erat
2551 4113 2759 4164 animus
2795 4126 2979 4163 novam
3018 4107 3250 4177 aggredi.
3287 4106 3389 4159 nisi
3414 4105 3462 4156 in
3490 4101 3684 4168 Hippar-

479 4201 632 4254 chum
661 4212 708 4256 et
739 4205 894 4268 alios,
923 4207 1010 4274 qui
1033 4206 1232 4259 nullam
1259 4205 1517 4259 habebant
1543 4208 1776 4273 omnino,
1807 4207 1861 4260 id
1899 4224 2065 4276 opera:
2087 4207 2322 4266 conferre
2344 4208 2513 4260 satius
2539 4223 2650 4261 esse
2667 4205 3013 4275 jndicassem.
3040 4201 3223 4255 Cra'ca
3248 4216 3366 4254 vero
3399 4196 3464 4248 ad
3492 4202 3678 4247 veterum

481 4294 956 4362 manuscriptorum
985 4295 1140 4363 ﬁdem
1178 4304 1356 4348 exacte
1389 4297 1766 4365 castigavimus
1795 4314 1812 4352 :
1845 4315 1872 4351 c
1899 4299 2088 4368 quibus
2117 4313 2279 4349 unum
2330 4313 2482 4366 penes
2515 4314 2607 4350 nos
2643 4297 2961 4350 habebamus
2993 4292 3131 4346 haud
3163 4292 3293 4345 adeo
3321 4301 3526 4345 veterem
3549 4329 3560 4348 ,
3609 4278 3682 4333 sed

481 4395 786 4438 accuratum
817 4402 877 4438 ac
917 4388 1168 4456 scriptum
1207 4387 1463 4454 imprimis
1518 4387 1803 4458 eleganter.
1853 4389 2000 4442 Alter
2048 4389 2100 4441 in
2144 4387 2431 4442 Oroniensi
2480 4389 2791 4442 bibliotheca
2840 4390 3134 4456 reperitur,
3179 4399 3398 4454 quocum
3443 4378 3676 4434 editionem

489 4471 744 4526 liilderici
772 4472 1046 4542 diligenter
1083 4474 1301 4527 contulit
1341 4474 1596 4529 Henricus
1629 4474 1896 4546 Briggius,
1930 4477 2250 4531 Oxonieusis
2297 4480 2734 4542 mathematicus;
2769 4496 2802 4531 a
2831 4496 2931 4548 quo
2962 4479 3016 4531 id
3045 4497 3154 4533 meo
3188 4479 3394 4533 nomine
3421 4473 3675 4546 postularat

481 4566 652 4621 Lucas
688 4567 992 4622 Ilolstenius
1026 4567 1464 4638 Hamburgensis,
1515 4571 1594 4624 vir
1620 4570 2034 4633 eruditissimus,
2057 4573 2146 4640 qui
2172 4573 2226 4625 in
2255 4573 2453 4627 illustr.
2503 4574 2706 4626 cardiu.
2765 4573 3041 4628 Barberini
3069 4576 3323 4628 comitatu
3357 4574 3518 4628 Romae
3553 4567 3674 4621 hodie

482 4666 625 4718 vivit.
660 4664 940 4732 Utriusque
967 4679 1058 4732 ope
1086 4681 1149 4717 ac
1183 4665 1428 4734 beneﬁcio
1465 4667 1732 4720 variarum
1759 4666 2036 4720 lectionum
2078 4668 2367 4722 indiculum
2397 4671 2689 4737 accepimus
2709 4710 2722 4732 ,
2749 4687 2879 4739 quas
2913 4671 3094 4739 paucis
3143 4673 3368 4742 exceptis
3400 4666 3590 4723 totidem
3629 4662 3670 4713 in

481 4766 662 4812 nostro
687 4756 861 4811 codice
888 4757 1334 4824 deprehendimus.
1373 4755 1728 4822 Quamobrem
1755 4758 2007 4830 quidquid
2037 4761 2094 4813 in
2126 4777 2256 4814 nova
2293 4761 2389 4813 hac
2431 4760 2655 4814 editione
2689 4759 2892 4815 Gemini
2920 4761 3077 4816 aliter
3108 4775 3263 4833 atque
3295 4766 3347 4817 in
3380 4763 3553 4832 priore.
3578 4761 3670 4808 slu-

481 4852 626 4906 diose
655 4851 839 4905 Lector
859 4892 874 4916 ,
906 4851 1202 4921 oﬁ'enderis,
1236 4852 1292 4905 id
1314 4867 1378 4906 ea:
1407 4853 1680 4908 amborum
1707 4856 2034 4909 auctoritate
2057 4863 2106 4909 et
2136 4871 2388 4910 consensu
2421 4857 2760 4910 immutatum
2789 4873 2901 4910 esse
2928 4859 3086 4912 scias.
3119 4856 3231 4911 Nec
3260 4872 3434 4924 pauca
3462 4865 3565 4906 vero
3595 4843 3669 4898 illa

482 4949 626 5004 sunt,
661 4958 818 5010 neque
847 4941 1006 5006 levia,
1040 4951 1118 5004 ut,
1150 4945 1236 5012 qui
1268 4942 1448 4996 ambas
1472 4945 1672 5015 legerit,
1699 4957 1966 5015 agnoscet.

554 5029 685 5084 Post
720 5029 992 5084 Geminum
1044 5032 1316 5086 Ptolemwi
1350 5032 1480 5086 liber
1510 5036 1743 5105 sequitur
1772 5076 1786 5100 ,
1833 5037 1923 5105 qui
1957 5035 2088 5089 Φάσε

2130 5054 2158 5100 ς
2188 5036 2442 5090 ἀπλανῶν
2472 5037 2852 5108 ἐπισημασιῶν
2888 5039 2943 5092 in
2973 5039 3186 5110 antiquo
3216 5041 3388 5094 codice
3433 5030 3664 5096 inscrll’m

483 5123 671 5196 legitur
695 5161 710 5185 ,
749 5125 828 5176 uti
851 5139 942 5176 nos
970 5123 1248 5179 edidimus.
1284 5125 1454 5195 llujus
1480 5128 1626 5183 nobis
1663 5132 1872 5196 copiam
1901 5131 2105 5186 amicus
2137 5132 2349 5202 quidam
2379 5132 2533 5200 fecit,
2582 5133 2670 5202 qui
2695 5148 2760 5186 ex
2803 5135 3017 5204 antiquo
3055 5137 3229 5189 codice
3267 5151 3379 5190 eum
3417 5126 3658 5192 descriP“'

481 5224 586 5269 rat.
625 5213 972 5286 Eumdemque
992 5225 1107 5286 post
1129 5218 1414 5273 invenimus
1443 5221 1498 5273 in
1527 5219 1684 5292 Regia
1713 5221 2062 5287 bibliotheca;
2110 5233 2159 5278 et
2202 5242 2235 5278 a
2271 5225 2341 5279 cl.
2383 5225 2446 5280 V.
2483 5224 2550 5280 Β.
2583 5224 2814 5282 Nicolao
2855 5226 3086 5298 Rigaltio
3116 5231 3360 5284 utendum
3384 5221 3661 5291 accepimus,

482 5321 548 5360 cx
573 5323 671 5376 quo
697 5309 856 5361 etiam
883 5324 984 5362 non
1015 5324 1181 5375 pauca
1203 5313 1594 5379 castigavimus.
1625 5313 1698 5368 De
1715 5313 1872 5384 hujus
1895 5327 2107 5371 auctore
2132 5316 2256 5388 quid
2281 5317 2462 5370 dicam
2486 5317 2618 5371 nihil
2655 5317 2841 5378 habeo.
2863 5329 3054 5387 praeter
3076 5337 3136 5374 ea
3159 5337 3274 5392 quae
3302 5322 3353 5374 in
3384 5315 3504 5370 notis
3531 5320 3658 5375 ἀτρο-

485 5398 581 5450 sui.
621 5397 720 5452 Cui
747 5398 952 5468 quidem
981 5397 1308 5454 Kalendaria
1331 5402 1562 5471 ejusdem
1597 5407 1892 5474 argumenti
1922 5404 2169 5476 subjecta
2201 5416 2323 5460 sunt
2351 5407 2477 5462 tria.
2512 5405 2760 5460 Primum
2788 5416 2867 5463 est
2908 5409 3003 5462 sub
3044 5407 3181 5478 falso
3206 5409 3406 5462 nomine
3428 5393 3657 5456 Ptolema'l'

485 5488 678 5543 editum
711 5509 743 5544 a
776 5490 1016 5558 Leonico,
1043 5510 1072 5548 e
1112 5493 1392 5565 Graecoque
1421 5497 1774 5562 translatum;
1809 5515 1966 5569 quam
2008 5500 2300 5556 miscellam
2343 5517 2457 5556 esse
2489 5503 2896 5558 tumultuariam
2945 5517 3010 5558 ex
3043 5504 3206 5558 variis
3254 5491 3652 5572 parapegmattbut

559 5667 631 5733 (a)
673 5664 746 5718 De
769 5664 1006 5722 doctrina
1036 5679 1344 5740 temporum,
1386 5679 1424 5726 ι.
1457 5671 1543 5738 Ill,
1572 5671 1723 5729 Pt‘tel‘.
