3886 6268
254 340 344 398 745
1667 343 1788 400 Μοὲ

1925 345 2006 399 Me
3359 349 3459 404 7.56

245 460 537 530 confectam,
574 475 678 513 non
705 460 863 515 semel
889 461 944 516 in
974 459 1437 518 dissertationibus
1469 462 1812 518 ostendimus.
1859 462 1925 517 In
1957 479 2058 534 quo
2082 462 2341 517 ridiculus
2369 473 2448 517 est
2475 462 2785 519 Solimanus
2814 469 3158 531 exercrlator,
3190 484 3276 526 qui
3322 486 3458 525 nunc

243 553 461 607 libellum
483 553 755 608 aureolum
788 556 840 608 in
867 571 965 609 sua
996 556 1265 629 farragine
1297 556 1671 612 Plinianarum
1707 557 2174 613 Exercitationum
2212 558 2483 622 nominat;
2515 573 2579 612 ea:
2605 574 2706 628 quo
2745 559 2880 613 nihil
2908 562 3036 614 certi
3066 562 3303 632 bonique.
3337 579 3462 631 pro-

239 655 346 714 pter
386 646 774 713 confusionem,
818 657 868 704 et
900 659 1180 704 auctorum
1225 652 1557 722 locorumque
1589 653 1755 706 tacita
1773 652 2072 717 .vocabula,
2111 653 2297 707 harum
2335 669 2510 707 rerum
2543 652 2810 708 studiosus
2854 652 3112 722 colligat:
3141 653 3230 705 sed
3270 652 3459 707 habent

239 737 423 792 similes
443 738 593 792 labra
623 739 878 796 lactucas.
908 741 1114 797 Alteros
1143 741 1342 797 Fastos
1369 759 1434 797 ex
1462 743 1656 806 Ovidii,
1689 742 1998 799 Columella:
2030 743 2295 814 Pliniique
2338 745 2491 799 libris
2525 745 2953 799 concinnavimus
2985 743 3106 808 ipsi,
3138 743 3232 810 qui
3275 741 3456 796 Julia-

238 845 412 881 norum
437 831 610 883 instar
632 848 742 884 esse
768 843 978 902 queant.
1007 833 1090 887 Ea:
1128 832 1395 904 Sosigenis
1422 835 1583 900 enim,
1611 835 1690 888 vel
1714 834 1849 889 Julii
1886 834 2116 889 Cwsaris
2163 843 2532 904 parapegmate
2557 875 2570 899 ,
2622 852 2710 889 nec
2739 834 3037 889 uniusmodi
3076 834 3302 904 fortasse
3323 875 3338 899 ,
3379 835 3457 888 uti

239 922 359 976 libro
387 939 421 976 ll
457 922 740 980 Varinrum
774 930 1086 993 docuimus;
1124 939 1362 983 auctores
1393 931 1475 983 illi
1501 929 1841 999 phaenomena
1875 947 1973 984 sua
2003 931 2434 998 perscripserunt.
2470 929 2572 995 Qui
2600 940 2776 984 noster
2818 929 2966 984 labor
2997 946 3099 982 non
3145 945 3333 998 parum
3364 945 3450 982 eos

236 1015 612 1087 odjuvabit,qui
635 1029 810 1086 poetas
834 1021 1066 1090 aliosque
1087 1024 1363 1091 scriptores
1393 1024 1448 1077 in
1473 1040 1657 1078 manus
1675 1024 2031 1092 sumpserint;
2067 1023 2154 1076 ubi
2178 1025 2456 1078 orientium
2469 1022 2548 1076 vel
2571 1022 2914 1076 occidentium
2941 1023 3213 1076 stellarum
3236 1024 3296 1090 fit
3324 1037 3454 1074 non-

234 1113 371 1166 nulla
400 1116 915 1184 mentio,praesertim
937 1121 984 1172 si
1013 1118 1080 1173 ad
1098 1135 1249 1174 usum
1276 1119 1595 1174 Kalendarii
1627 1121 1802 1186 istius,
1828 1119 1954 1173 libri
1983 1121 2139 1188 primi
2167 1121 2438 1173 variarum
2460 1118 2889 1172 dissertationum
2922 1128 3226 1173 nostrarum
3250 1117 3451 1170 doctri-

235 1221 346 1258 nam
373 1205 736 1275 adjunxerint.
767 1209 1000 1266 Tertium
1035 1221 1116 1268 est
1152 1211 1542 1268 Kalendarium
1577 1212 1913 1267 Constantini
1941 1211 1998 1265 Μ
2008 1255 2020 1266 .
2050 1229 2081 1264 a
2112 1210 2322 1266 Joanne
2355 1210 2634 1267 Herwarto
2663 1212 2788 1265 olim
2815 1210 3032 1276 editum,
3057 1210 3204 1280 cujus
3231 1225 3452 1262 enarra-

230 1296 409 1348 tionem
432 1298 459 1348 ὁ
492 1300 800 1370 μακαρίτης
839 1299 1192 1372 Hieronymus
1221 1303 1521 1357 Alexander
1551 1303 1764 1357 scribere

1755 1320 1774 1356 ε
1807 1304 2129 1358 instituerat.
2193 1300 2198 1306 ’
3285 1351 3289 1356 ,

293 1387 491 1443 Exinde
522 1391 741 1445 Achillis
780 1392 922 1447 Tatii
964 1403 1012 1448 et
1047 1394 1336 1464 Hipparchi
1369 1393 1533 1449 libros
1567 1395 1889 1460 addidimus,
1918 1412 2047 1466 quos
2088 1393 2265 1449 Graece
2289 1396 2489 1464 primus
2536 1413 2563 1449 e
2596 1394 2830 1448 Medicea
2880 1394 3190 1448 bibliotheca
3221 1392 3448 1462 vulgavit

225 1477 403 1532 Petrus
448 1481 727 1546 Victorius,
766 1501 856 1538 nos
888 1483 1107 1540 Latinos
1131 1489 1372 1555 fecimus.
1411 1487 1488 1540 Ac
1530 1487 1786 1554 principio
1816 1487 2024 1556 quidem
2055 1486 2226 1540 solum
2274 1485 2488 1538 Tatium
2517 1487 2752 1554 conferre
2780 1486 2835 1538 in
2863 1485 3172 1538 Auctarium
3207 1485 3300 1538 hoc
3355 1500 3449 1537 no-

220 1580 375 1624 strum
408 1573 701 1637 voluimus;
729 1585 844 1644 post
880 1576 943 1631 de
963 1577 1265 1645 Hipparcho
1293 1596 1492 1650 quoque
1512 1580 1810 1634 remisimus
1832 1578 2109 1633 doctorum
2129 1577 2482 1646 quorumdam
2510 1579 2800 1632 amicorum
2832 1578 3088 1647 precibus.

289 1671 350 1722 In
376 1669 595 1726 Achillis
637 1675 1027 1728 commentariis
1063 1675 1320 1729 nonnulla
1350 1684 1470 1730 sunt
1500 1675 1791 1747 περίεργα,
1819 1690 1880 1728 ac
1912 1676 2124 1729 minime
2156 1675 2476 1736 necessaria,
2507 1676 2663 1742 plura
2696 1683 2868 1727 tamen
2906 1671 3039 1723 scitu
3070 1686 3172 1723 non
3210 1669 3444 1739 indigna.

220 1760 288 1817 In
310 1765 491 1832 quibus
515 1782 630 1836 qua:
649 1778 799 1821 erant
828 1769 1016 1821 menda
1046 1769 1243 1839 corrigi
1266 1787 1369 1824 non
1400 1778 1699 1839 potuerunt,
1723 1768 1862 1838 quod
1901 1767 2104 1822 nullum
2139 1777 2279 1822 vetus
2309 1767 2576 1836 exemplar
2599 1806 2614 1832 ,
2660 1782 2759 1836 quo
2785 1767 3098 1830 niteremur,
3130 1767 3197 1815 ad
3226 1778 3439 1816 manum

216 1854 339 1923 fuit.
2960 1858 2963 1859 ⁷

287 1947 571 2018 Hipparchi
602 1967 717 2005 vero
749 1937 876 2006 libri
916 1953 1101 2006 multis
1136 1953 1190 2006 in
1218 1952 1345 2006 locis
1374 1950 1638 2008 emendati
1667 1961 1810 2018 sunt,
1845 1969 1949 2008 non
1983 1969 2047 2007 ea:
2071 1954 2373 2024 conjectura
2404 1955 2596 2018 solum,
2619 1967 2755 2022 quae,
2787 1950 2876 2004 ubi
2899 1966 3025 2020 opus
3049 1951 3171 2019 fuit,
3209 1947 3276 2000 ad
3299 1962 3446 2000 mar-

210 2042 375 2111 ginem
398 2044 629 2111 ascripta
660 2055 758 2110 est,
788 2045 1225 2115 quemadmodum
1257 2056 1308 2101 et
1340 2048 1394 2100 in
1437 2047 1641 2101 caeteris
1681 2047 1918 2116 fecimus,
1946 2047 2036 2102 sed
2075 2049 2236 2102 etiam
2259 2065 2324 2104 ex
2361 2050 2575 2112 antiquo
2606 2045 2923 2101 bibliotheca:
2947 2043 3119 2113 Regia:
3147 2043 3300 2107 libro,
3323 2041 3444 2109 pul-

210 2140 457 2196 cherrime
488 2143 704 2210 scripto,
728 2159 879 2212 quem
909 2144 1057 2198 nobis
1088 2144 1156 2197 cl.
1198 2143 1260 2197 V.
1286 2143 1357 2199 ο.
1391 2142 1653 2214 Rigaltius
1684 2145 2052 2197 commodavit.
2089 2143 2167 2198 Eo
2196 2154 2462 2213 prweunte
2509 2145 2673 2208 libro,
2731 2135 2986 2209 quidquid
3012 2151 3178 2200 secus,
3204 2144 3356 2201 atque
3389 2133 3445 2184 in

210 2229 517 2287 Florentino
545 2235 790 2300 editione,
814 2236 869 2290 in
900 2235 999 2289 hac
1034 2246 1220 2290 nostra
1248 2235 1401 2306 leges,
1433 2235 1822 2304 conformatum
1850 2251 1961 2290 esse
1994 2237 2311 2290 memineris.
2345 2236 2662 2291 Asterismos
2691 2241 2886 2294 autem,
2924 2245 3058 2301 quos
3087 2229 3181 2282 sub
3210 2227 3445 2295 Hippar-

209 2325 290 2378 chi
322 2328 527 2382 nomine
549 2327 733 2382 eadem
774 2327 1094 2383 Florentino
1131 2329 1292 2383 editio
1334 2330 1583 2395 continet,
1610 2330 1847 2383 consulto
1872 2331 2328 2398 praetermisimus.
2374 2330 2497 2384 Non
2532 2329 2671 2384 enim
2704 2324 2991 2395 Hipparchi
3020 2331 3162 2386 sum,
3194 2323 3284 2376 θεά
3313 2321 3442 2375 Ριο·

207 2412 390 2481 lemtei,
419 2431 453 2467 a
483 2415 634 2484 cujus
663 2415 846 2470 tabula
874 2417 1060 2486 paucis
1093 2416 1358 2471 interdum
1383 2419 1601 2472 minutis
1627 2417 1948 2486 discrepant.
1990 2417 2177 2488 Itaque
2215 2435 2656 2488 supervacaneum
2687 2433 2797 2477 erat
2830 2423 2951 2477 illos
2982 2423 3242 2477 recudere.

276 2501 514 2559 Succedit
555 2507 639 2561 his
672 2505 831 2562 Gaza:
876 2508 1006 2562 liber
1041 2507 1120 2565 De
1152 2510 1438 2566 mensibus
1480 2509 1675 2567 Atticis
1698 2549 1714 2576 ,
1764 2527 1883 2564 cum
1913 2509 2111 2564 Latina
2159 2513 2392 2566 versione
2415 2511 2646 2567 Joannis
2676 2514 2902 2568 Perrelli
2930 2525 3051 2569 ante
3102 2523 3304 2569 centum
3335 2513 3440 2581 fere

205 2610 366 2648 annos
400 2595 568 2653 edita.

274 2690 397 2745 Tum
435 2691 495 2747 S.
527 2691 756 2748 Hamimi
774 2696 1022 2766 martyris
1063 2697 1384 2766 Computus,
1411 2711 1564 2765 quem
1595 2711 1623 2748 e
1661 2692 1918 2750 Vaticana
1957 2696 2270 2751 bibliotheca
2307 2696 2703 2752 describendum
2739 2695 2937 2751 curavi.
2973 2695 3148 2764 Hujus
3193 2702 3438 2769 excerpta

202 2783 433 2845 autetiam
461 2784 720 2855 Josephus
768 2787 1006 2860 Scaliger
1033 2791 1174 2860 operi
1217 2790 1292 2844 De
1320 2787 1699 2844 emendatione
1730 2797 2032 2860 temporum
2078 2791 2403 2854 inseruerat;
2456 2800 2506 2844 et
2552 2790 2795 2844 uberibus
2824 2791 2960 2843 notis
2992 2787 3162 2841 Crazci
3206 2778 3436 2850 comput’

202 2878 490 2932 doctrinam
510 2879 804 2949 explicarat
831 2899 850 2936 :
878 2899 994 2954 quae
1025 2897 1127 2949 res,
1150 2883 1229 2936 uti
1255 2892 1447 2937 caetera
1479 2880 1625 2934 illius
1647 2881 1836 2948 operis,
1860 2882 1908 2935 ei
1935 2882 2216 2951 infeliciter
2251 2882 2522 2946 successit,
2563 2891 2623 2935 ut
2663 2897 2727 2936 ex
2749 2880 3131 2935 dissertatione
3158 2886 3342 2934 nostra
3363 2875 3437 2930 De

200 2972 504 3027 Graecorum
533 2975 660 3031 atris
687 2989 750 3029 ac
783 2976 1052 3046 computis
1080 2973 1317 3029 eruditus
1345 2976 1506 3028 lector
1527 2972 1802 3044 intelliget.
1834 2973 2135 3043 Adjecimus
2164 2983 2213 3028 et
2247 2972 2429 3028 Isaaci
2447 2972 2642 3043 Argyri
2671 2981 2971 3042 computum
3003 2968 3286 3039 duplicem,
3312 2984 3440 3038 quo-

202 3079 311 3117 rum
333 3068 482 3134 prior
510 3083 542 3119 a
574 3064 773 3120 Jacobo
802 3065 1176 3122 Christmanno
1219 3068 1444 3136 primum
1473 3064 1650 3120 Graece
1690 3075 1932 3136 vulgatus
1961 3076 2076 3130 est;
2107 3084 2202 3121 nos
2229 3066 2418 3121 Latine
2444 3068 2713 3133 vertimus,
2744 3075 2794 3120 et
2835 3065 3176 3134 posteriorem
3201 3061 3439 3131 ejusdem

199 3164 492 3222 computum
519 3171 583 3210 ex
608 3154 1049 3212 Christianissimi
1077 3159 1213 3228 regis
1231 3155 1542 3210 bibliotheca
1571 3154 1883 3216 subiecimus
1906 3156 2152 3226 beneficio
2185 3158 2252 3212 cl.
2287 3157 2350 3213 V.
2389 3155 2606 3211 Nicolai
2635 3155 2872 3227 Rigaltii.
2907 3156 3144 3211 Accessit
3174 3153 3438 3209 perbrevis

202 3246 413 3302 Δηώ-βω
444 3246 710 3302 Cretensis
742 3257 1016 3321 computus
1052 3250 1182 3304 olim
1212 3249 1280 3304 ad
1319 3266 1414 3305 nos
1439 3266 1472 3302 a
1503 3247 1569 3302 P.
1604 3248 1818 3304 Andrea
1845 3247 2060 3304 Schotto
2092 3252 2315 3317 missus,
2353 3267 2504 3321 quem
2543 3265 2607 3304 ea:
2647 3248 2906 3304 Vaticana
2936 3266 2991 3304 se
3017 3247 3275 3316 accepisse
3300 3249 3438 3301 scri-

199 3349 334 3408 ptum
357 3342 596 3413 reliquit.

1141 3475 3421 3508 ___._._.___..__...___.______...___._____.__..

1466 3575 1667 3629 ΠΕΡΙ
1743 3578 2179 3632 ΙΠΠΑΡΧΟΥ

1607 3699 1673 3750 ὲκ
1700 3696 1808 3750 τῶν
1841 3698 2050 3750 Σουῖδα.

1304 3809 1674 3866 HIPPARCHI
1712 3808 2021 3867 ELOGIUM
2075 3809 2116 3863 Ε
2161 3807 2386 3865 SUIDA.

260 3945 561 4019 Ἵππαρχος
611 3945 846 4011 Νικαεὺς
898 3931 1204 4020 φιλόσοφος,
1247 3948 1484 4019 γεγονὼς
1525 3949 1619 4002 ἐπὶ
1657 3946 1767 4000 τῶν

1945 3945 2288 4018 Hipparchus
2333 3946 2585 4003 Nicmnus
2632 3947 3017 4019 philosophus,
3063 3950 3157 4020 qui
3205 3949 3309 4006 luit
3333 3955 3436 4010 sub

201 4036 430 4104 ὑπάτων,
483 4039 691 4112 ἔγραψε
730 4041 870 4110 Περὶ
919 4040 1038 4096 τῶν
1064 4041 1311 4111 Ἀράτου
1368 4042 1735 4113 Φαινομένων

1901 4040 2211 4104 :onsulibus,
2245 4040 2463 4110 scripsit
2489 4039 2567 4094 De
2590 4043 2744 4095 Arati
2779 4042 3151 4112 phaenomenis,
3198 4044 3276 4099 De
3307 4046 3435 4100 stel-

200 4132 320 4196 περὶ
340 4131 456 4201 τῆς
480 4133 598 4187 τῶν
615 4132 900 4189 ἀπλανῶν
929 4134 1293 4202 συντάξεως,
1320 4135 1417 4189 καὶ
1450 4133 1556 4188 τοῦ
1584 4149 1734 4188 κατα

1899 4149 2047 4193 arum
2068 4133 2418 4186 inerrantium
2441 4133 2830 4199 constitutione,
2862 4145 2912 4188 et
2941 4135 3158 4190 immota
3179 4138 3433 4201 statione;

198 4227 544 4296 στηριγμοῦο
581 4229 716 4297 περὶ
753 4227 861 4297 τῆς
895 4229 1044 4282 κατὰ
1084 4229 1310 4295 πλάτος
1332 4228 1610 4297 μηνιαίας
1654 4225 1732 4295 τῆ,

1902 4223 1950 4278 )e
1977 4235 2243 4280 menstruo
2277 4225 2416 4280 luna:
2448 4235 2592 4278 motu
2621 4225 2902 4279 secundum
2935 4227 3287 4294 latitudinem,
3311 4239 3359 4283 et
3381 4229 3436 4282 in

195 4315 458 4386 σελήνης
485 4318 800 4389 κινήσεως,
830 4321 929 4374 καὶ
956 4323 1044 4388 εὶς
1071 4321 1213 4386 τοὺς
1248 4321 1666 4390 ἀστερισμούς.

658 4334 800 4387 ἐως,
830 4321 929 4374 καὶ
956 4323 1044 4388 εὶς
1071 4321 1213 4386 τοὺς
1248 4321 1666 4390 ἀστερισμούς.
1871 4319 2192 4373 asterismos.

1793 4436 1854 4456 μ-

1374 4523 1533 4575 ΠΕΡΙ
1580 4517 1926 4573 ΑΧΙΛΛΕΩΣ
1967 4516 2261 4569 ΣΤΑΤΙΟΥ

1603 4638 1668 4691 ὲκ
1704 4632 1797 4690 τοῦ
1836 4631 2018 4686 αὑτοῦ.

1225 4752 1331 4823 [DE
1367 4752 1661 4807 ACHIL‘LE
1701 4750 1958 4806 STATIO
1997 4748 2086 4803 EX
2127 4747 2400 4806 EODEM.'

270 4869 356 4941 ’Δχ
366 4869 540 4935 ιλλεὺς
557 4872 798 4940 Στάτιος,
815 4872 1209 4945 Ἀλεξανδρεὺς,
1233 4878 1260 4929 ὁ
1282 4876 1498 4946 γράψας
1519 4876 1587 4929 τὰ
1610 4876 1761 4930 κατὰ

1938 4872 2175 4927 Achilles
2195 4869 2424 4937 Statius,
2458 4869 2858 4928 Alexandrinus
2883 4913 2899 4940 ,
2926 4873 3020 4942 qui
3057 4872 3134 4926 De
3173 4871 3431 4946 Leucippe

201 4963 540 5031 Λευκίππην
565 4964 662 5017 καὶ
689 4963 1124 5034 Κλειτοφῶντα,
1161 4967 1256 5019 καὶ
1277 4966 1410 5020 ἄλλα
1433 4966 1670 5036 ἐρωτικὰ
1701 4965 1735 5017 ἐι

1892 4974 1915 5017 ηε
1955 4963 2289 5031 Clitophonte
2309 4963 2551 5032 scripsit,
2579 4970 2632 5017 et
2664 4963 2770 5016 alia
2793 4965 3061 5018 amatoria
3090 4965 3246 5020 libris
3271 4974 3426 5028 octo;

203 5046 411 5118 βιϐλίοις
438 5061 508 5126 η’,
539 5054 759 5123 γέγονεν
794 5055 1020 5125 ἔσχατον
1047 5056 1370 5126 Χριστιανὸς
1411 5055 1503 5108 καὶ
1531 5054 1725 5106 ἐπίσκο

1899 5055 2080 5110 andem
2116 5054 2294 5109 factus
2324 5061 2409 5110 est
2449 5054 2794 5110 Christianus
2839 5061 2894 5110 et
2939 5059 3249 5129 episcopus.
3286 5057 3433 5114 Scri-

202 5158 307 5205 πος.
335 5146 584 5218 Ἔγραψε
612 5146 667 5199 δὲ
689 5148 827 5216 Περὶ
871 5147 1152 5216 σφαίρας,
1209 5145 1309 5200 καὶ
1339 5145 1732 5214 ἐτυμολογίας

1899 5147 1970 5201 sit
1997 5146 2070 5200 De
2099 5148 2325 5217 sphaera,
2350 5155 2404 5202 et
2425 5147 2782 5218 Etymologia,
2811 5155 2864 5205 et
2891 5149 3188 5204 Historiam
3226 5152 3433 5206 miscel-

203 5235 286 5288 καὶ
321 5238 604 5308 Ἱστορίαν
625 5241 976 5310 σύμμικτον,
1013 5239 1222 5294 πολλῶν
1255 5239 1350 5292 καὶ
1380 5237 1630 5308 μεγάλων
1663 5239 1737 5291 καί

1899 5254 2110 5304 meam;
2144 5254 2265 5310 qua:
2299 5240 2614 5307 multorum,
2643 5247 2696 5295 et
2720 5257 3039 5312 magnorum
3060 5283 3075 5308 ,
3107 5251 3162 5298 et
3197 5243 3433 5298 admira-

204 5319 501 5396 Θαυμασίων
520 5328 726 5398 ἀνδρῶν
749 5347 853 5401 μνη
861 5328 1208 5401 μονεύουσαν.
1245 5327 1308 5384 '0
1329 5327 1384 5380 δὲ
1412 5325 1571 5396 λόγος
1590 5326 1738 5381 αὐτοί

1902 5333 2051 5386 ilium
2085 5333 2328 5387 virorum
2373 5333 2707 5388 mentionem
2758 5334 2909 5389 facit.
2940 5334 3116 5406 Ipsius
3141 5351 3270 5391 vero
3309 5349 3436 5390 ora-

203 5418 328 5471 κατὰ
351 5419 530 5473 πάντα
549 5421 728 5490 ὅμοιος
752 5425 863 5486 τοῖς
883 5423 1188 5494 ἐρωτικοῖς.

1897 5438 1938 5480 ιο
1969 5425 2026 5480 in
2079 5426 2332 5481 omnibus
2387 5440 2615 5495 prorsus
2661 5435 2747 5481 est
2785 5430 3066 5484 amatoriis
3095 5429 3431 5484 orationibus

1860 5515 2078 5574 similis.

267 5595 508 5689 geminit.
531 5613 580 5656 et
609 5603 825 5689 Achillis
862 5605 1003 5689 Tatii
1031 5606 1253 5689 firmius
1283 5604 1398 5689 cod.
1435 5621 1675 5689 ptumi,
1705 5608 1796 5664 ubi
1817 5627 1918 5689 non
1942 5613 2170 5689 Zrhgm
2200 5622 2370 5689 vocat,
2405 5615 2497 5689 sed
2535 5617 2750 5689 Τάτιον,
2778 5619 3215 5689 quemadmodum
3246 5627 3295 5672 et
3324 5618 3436 5672 Pa-

208 5661 385 5759 ίίξξξηιιξ
411 5674 840 5759 codem/iubebat,
868 5676 1003 5759 unde
1025 5677 1456 5759 Clitophontishet
1489 5661 3293 5759 Leucippesvam'
3311 5661 3438 5759 ᾖνξ-

209 5733 328 5799 fma
355 5742 510 5797 lem"
548 5743 763 5814 videtur,
798 5733 1015 5815 νέρθίίία
1038 5733 1309 5818 Ρενρὲναηι
1340 5747 1518 5803 littera
1548 5733 2616 5822 Xei'Priori
2650 5733 2776 5776 mm‘

426 5840 702 5899 Ρηιιοι..
733 5839 848 5902 Gn.
869 5843 1039 5922 XIX
3038 5855 3112 5914 23
