3886 6268
210 347 312 401 759

1250 350 1489 408 GEMINI
1524 353 1893 408 ELEMENTA
1919 355 2414 416 ASTRONOMIE.

3340 370 3446 424 750

275 460 398 512 Ἔτι
426 458 488 512 δέ
518 476 639 514 τινα
666 459 775 515 τῶν
808 462 872 534 ιβ’
899 461 1103 528 ζωδίων
1128 463 1250 518 οὔτε
1284 466 1378 521 ὅλα
1401 470 1577 523 κεῖται
1608 469 1667 522 ὲν
1695 467 1771 539 τῷ

1945 469 1996 540 2
2026 468 2291 528 Pmterca
2312 490 2378 529 ex
2401 473 2686 531 duodecim
2718 476 2888 549 signis
2934 479 3179 550 quaedam
3220 497 3290 539 ne
3329 491 3443 538 tota

206 550 457 622 ζωδιακῷ
495 552 706 625 κύκλῳ·
743 554 859 608 ἀλλ’
891 555 926 609 ἂ
962 557 1060 628 μέν
1094 558 1557 633 ὲστιιβορειότερα
1586 561 1772 627 αὑτοῦ,

205 643 456 715 καθάπερ
492 646 520 697 ό
549 645 734 699 Λέων·
769 646 806 700 ἃ
838 646 896 701 δὲ
924 648 1239 723 νοτιὼτερα,
1260 650 1508 724 καθάπερ
1546 654 1576 705 ὁ
1605 654 1776 725 Σκορ-

204 736 342 797 πίος.

258 825 431 879 Πάλιν
460 826 695 883 ἕκαστον
726 829 836 885 τῶν
862 831 1352 906 δωδεκατημορίων
1376 835 1664 907 διαιρεῖται
1694 837 1774 900 είς

207 916 342 988 μέρη
374 917 442 981 λ’,
490 920 584 973 καὶ
610 921 853 976 καλεῖται
890 923 951 976 τὸ
978 923 1035 977 ἓν
1057 925 1256 996 τμῆμα
1288 928 1470 997 μοῖρα.
1494 928 1657 981 Ὥστε
1682 926 1773 980 τὸν

205 1008 317 1060 ὅλον
354 1007 560 1062 κύκλον
607 1010 715 1065 τῶν
762 1013 967 1077 ζωδίων
1007 1016 1279 1087 περιέχειν
1328 1016 1495 1081 ζώδια
1547 1017 1646 1090 μὲν
1682 1015 1771 1088 ιβ’,

209 1098 399 1170 μοίρας
429 1099 491 1152 δὲ
515 1101 610 1165 τεῖ⁸

284 1189 413 1242 ὐδὲ
430 1190 586 1260 ἥλιος
599 1193 826 1265 ἐνιαυτῷ
843 1195 920 1267 (5)
946 1195 967 1228 ’⁵
988 1196 1369 1269 διαπορεύεται
1395 1198 1487 1253 τὸν
1510 1199 1772 1265 ζωδιακὸν

205 1281 419 1336 κύκλον.
463 1281 622 1338 Ἔστι
666 1285 776 1356 γὰρ
822 1288 1091 1353 ἐνιαύσιος
1122 1289 1341 1361 χρόνος,
1373 1291 1430 1343 ὲν
1477 1284 1522 1359 ᾧ
1564 1293 1593 1344 ό
1623 1291 1773 1363 ἥλιος

210 1375 630 1447 περιπορεύεται
674 1379 766 1432 τὸν
805 1377 1066 1444 ζωδιακὸν
1114 1382 1332 1447 κύκλον,
1380 1382 1476 1436 καὶ
1523 1383 1631 1437 ἀπὸ
1677 1382 1770 1436 τοῦ

208 1465 361 1520 αύτοῦ
395 1470 629 1539 σημείου
667 1472 760 1524 ἐπὶ
798 1472 859 1524 τὸ
891 1473 1023 1527 αὐτὸ
1056 1476 1279 1545 σημεῖον
1317 1475 1767 1530 ἀποκαθίσταται.

220 1556 276 1610 '0
317 1558 374 1612 δὲ
429 1561 624 1631 χρόνος
679 1555 837 1628 οὗτός
887 1567 1034 1619 ἐστιν
1095 1568 1320 1639 ἡμερῶν
1357 1569 1486 1636 τξεθ,
1529 1568 1636 1624 δον⁹.
1685 1573 1772 1625 Ἐν

209 1652 491 1719 τοσαύταις
526 1656 638 1728 γὰρ
669 1659 907 1730 ἡμέραις
947 1660 1046 1725 τὰς
1073 1662 1150 1728 τε
1191 1662 1386 1733 μοίρας
1427 1661 1710 1734 παροδεύει
1744 1663 1772 1716 ὁ

211 1745 351 1814 ἥλιος
374 1763 387 1776 ·
418 1745 567 1801 ὥστε
598 1749 751 1821 παρὰ
786 1751 979 1822 μικρὸν
1014 1755 1072 1806 εν
1118 1754 1217 1826 μιᾷ
1257 1752 1440 1825 ἡμέρᾳ
1469 1758 1662 1827 μοῖραν
1689 1773 1771 1809 κιο

212 1836 409 1891 νεῖσθαι
434 1838 530 1893 τὸν
566 1840 742 1911 ⁴ἣλιον.

283 1931 443 1984 ¹Άλλο
472 1932 660 2003 μέντοι
675 1933 738 2003 γέ
759 1934 876 1989 ἐστι
901 1938 1063 2009 μοῖρα
1083 1977 1097 2000 ,
1114 1939 1209 2015 καὶ
1227 1938 1352 1994 ἄλλο
1375 1941 1575 2015 ἡμέρα.
1595 1943 1778 2015 Μοῖρα

220 2023 307 2092 μὲν
340 2024 450 2094 γάρ
493 2026 617 2079 ἐστι
648 2006 923 2099 διάστημᾶ
951 2006 1006 2082 τί
1053 2006 1137 2082 λ⁶⁹’
1189 2031 1353 2102 μέρος
1396 2006 1640 2105 ύπόιρχον
1682 2006 1775 2087 τοῦ

218 2111 394 2180 ζωδίου
420 2134 433 2147 ·
480 2118 668 2191 ἡμέρα
715 2120 773 2175 δέ
821 2123 937 2174 ἐστι
987 2121 1178 2193 χρόνος
1229 2126 1548 2196 τριακοστὸν
1613 2126 1779 2200 μέρος

213 2205 280 2271 ὡς
304 2207 532 2277 ἔγγιστα
558 2211 654 2265 τοῦ
691 2212 940 2283 μηνιαίου
990 2213 1209 2286 χρόνου.
1240 2216 1355 2271 Καὶ
1392 2219 1425 2289 ἡ
1476 2218 1576 2289 μὲν
1611 2222 1776 2291 μοῖρα

218 2299 272 2364 τξ
289 2298 319 2358 ν’
350 2299 548 2389 μέρος.
569 2303 686 2357 ἐστὶ
729 2303 824 2357 τοῦ
859 2305 1126 2370 ζωδιακοῦ
1160 2306 1361 2362 κύκλου
1386 2351 1402 2376 ,
1433 2311 1465 2381 ἡ
1498 2310 1555 2364 δὲ
1593 2311 1775 2383 ἡμέρα

215 2391 309 2456 τξε’
339 2394 431 2447 καὶ
455 2395 534 2448 δ”
592 2396 757 2469 μέρος
785 2397 861 2461 ὡς
895 2397 1123 2468 ἔγγιστα
1149 2400 1245 2454 τοῦ
1285 2402 1613 2456 ἐνιαυσιαίου
1648 2404 1774 2475 χρό-

217 2485 434 2540 νου.Κα“ι
454 2487 673 2541 πάντα⁵
702 2489 801 2560 μὲν
828 2490 897 2544 τὰ
920 2489 1087 2555 ζὼδια
1113 2493 1575 2565 τριακοντημόριὰ
1605 2497 1772 2562 ἐστιν,

217 2574 270 2627 οὔ
299 2576 472 2631 πάντα
495 2578 562 2632 δὲ
581 2581 1046 2655 τριακονθήμερα.

276 2667 571 2741 Διαιρεῖται
602 2671 659 2724 δὲ
694 2675 723 2727 ὁ
758 2673 1028 2740 ἐνιαύσιος
1056 2675 1245 2748 χρόνος
1276 2678 1357 2741 είς
1398 2677 1537 2750 μέρη
1565 2678 1627 2742 δ’,
1651 2677 1771 2743 ἔάρ,

219 2754 376 2831 θέρος,
413 2762 788 2836 φθινόπωρον.
834 2766 928 2821 καὶ
973 2767 1240 2838 χειμῶνα.
1284 2769 1503 2841 Ἐαρινὴ
1538 2769 1636 2840 μὲν
1681 2766 1774 2823 οὖν

223 2846 459 2922 inrupta
503 2851 586 2923 (4)
628 2853 834 2922 γίνεται
871 2856 1000 2926 περὶ
1055 2857 1155 2927 τὴν
1194 2856 1302 2910 τῶν
1349 2856 1555 2911 ἀνθέων
1592 2857 1775 2927 ἀκμὴν

220 2938 271 2991 ὲν
289 2941 453 3011 Κριοῦ
483 2944 591 3014 μιᾷ
627 2944 818 3017 μοίρᾳ·
859 2946 1036 3019 τροπὴ
1078 2947 1135 3000 δὲ
1164 2946 1350 3020 θερινὴ
1391 2947 1601 3016 γίνεται
1646 2949 1775 3021 περὶ

221 3026 304 3097 τὴν
319 3028 422 3083 τῶν
451 3033 758 3104 καυμάτων
784 3035 1035 3091 ἐπίτασιν
1058 3037 1115 3090 ὲν
1145 3037 1422 3109 Καρκίνου
1456 3039 1556 3109 μιᾷ
1582 3036 1770 3108 μοίρᾳ·

221 3120 335 3228 ὅρου
361 3122 392 3177 ὁ
418 3123 579 3195 ἥλιος
602 3124 693 3178 τὸν
719 3124 1056 3197 βορειότατον
1085 3127 1282 3183 κύκλον
1304 3129 1527 3200 γράφει,
1552 3128 1645 3182 καὶ
1678 3144 1775 3199 μει
1796 3169 1840 3228 C

227 3205 392 3285 (ἔστην
417 3214 618 3269 πασῶν
644 3214 752 3269 τῶν
782 3218 840 3270 ὲν
866 3218 1097 3290 ἐνιαυτῷ
1118 3220 1330 3293 ἡμέραν
1362 3220 1618 3287 ἐπιτελεῖ,
1651 3220 1774 3274 έλα-

226 3298 389 3377 κῐστην
429 3307 487 3361 δὲ
535 3307 633 3380 τὴν
679 3308 870 3364 νύκτα.
908 3310 973 3365 Ἠ
1011 3311 1193 3383 μέντοι
1224 3330 1289 3381 γε
1326 3313 1554 3385 μεγίστη
1594 3314 1776 3385 ἡμέρα

228 3391 303 3468 {sq
331 3398 441 3452 ἐστὶ
483 3402 559 3471 τῇ
598 3402 829 3475 μεγίστῃ
873 3404 1050 3467 νυκτὶ,
1084 3404 1180 3457 καὶ
1218 3406 1251 3475 ἡ
1292 3404 1551 3476 ἐλαχίστη
1595 3405 1777 3476 ἡμέρα

230 3501 302 3558 ,ση
342 3489 452 3545 ἐστὶ
504 3495 575 3564 τῇ
629 3493 886 3568 ἐλαχίστῃ
934 3494 1109 3549 νυκτί.
1147 3498 1303 3550 Ἐστι
1354 3498 1410 3551 δὲ
1459 3499 1492 3567 ἡ
1544 3497 1773 3568 μεγίστη

233 3576 390 3649 ἡμέρα
402 3583 547 3637 κατὰ
566 3584 630 3638 τὸ
644 3586 702 3638 ἐν
715 3586 881 3659 Ῥόδῳ
902 3586 1073 3658 κλίμα
1089 3588 1249 3661 ὡρῶν
1275 3586 1607 3660 ίσημερινῶν
1626 3585 1765 3652 ιδς·”.

237 3667 492 3747 Ἰσημερία
535 3676 595 3731 δέ
639 3677 755 3731 ἑστι
800 3679 1200 3753 φθινοπωρινὴ,
1235 3682 1361 3735 ὅταν
1398 3683 1427 3735 ὁ
1471 3681 1640 3751 ἥλιος,
1678 3680 1774 3734 ἀπ’

232 3756 420 3830 Ξρκτων
440 3766 581 3837 πρὸς
613 3770 961 3840 μεσημϐρίαν
987 3770 1320 3845 παροδεύων,
1360 3772 1522 3825 πάλιν
1551 3772 1644 3822 ἐπὶ
1678 3769 1773 3823 τοῦ

230 3857 523 3928 Ξσημερινοῦ
552 3859 776 3931 γένηται
801 3861 1024 3929 κύκλου,
1061 3864 1159 3918 καὶ
1186 3863 1306 3933 ἴσην
1338 3862 1437 3934 τὴν
1463 3863 1674 3934 ἡμέραν
1705 3864 1774 3934 τῇ

232 3948 364 4000 νυκτὶ
394 3953 706 4023 ποιήσηται.
749 3956 937 4027 Τροπὴ
970 3957 1029 4009 δέ
1074 3957 1189 4009 ἐστι
1244 3954 1550 4027 χειμερινὴ,
1587 3955 1716 4008 ὅταν
1744 3953 1772 4004 ό

230 4035 360 4107 ἥλιος
387 4045 723 4116 πορρωτάτω
743 4048 764 4079 ⁸
786 4047 943 4118 ἡμῶν
979 4049 1079 4120 τῆς
1106 4050 1370 4119 οἰκήσεως
1398 4046 1643 4117 γένηται,
1683 4044 1776 4098 καὶ

231 4134 593 4199 ταπεινότατος
637 4136 714 4200 ὼς
751 4137 883 4207 πρὸς
914 4138 1006 4192 τὸν
1036 4135 1285 4208 ὁρίζοντα
1324 4136 1398 4207 (5)
1419 4176 1435 4201 ,
1468 4136 1562 4189 καὶ
1585 4131 1773 4188 νοτιὼ-

232 4234 369 4278 τατον
399 4226 596 4281 κύκλον
643 4228 830 4301 γράφῃ
851 4272 866 4294 ,
901 4231 996 4284 καὶ
1052 4230 1315 4301 μεγίστην
1356 4228 1546 4283 πασῶν
1579 4227 1685 4281 τῶν
1714 4227 1773 4281 ἐν

230 4311 360 4383 αὐτῷ
382 4313 657 4390 [ἐνιαυτῷ]
687 4317 858 4372 νύκτα
890 4321 1208 4390 ποιήσηται,
1236 4319 1526 4391 ἐλαχίστην
1558 4318 1615 4372 δὲ
1635 4316 1775 4389 ήμὲο

232 4416 337 4470 ραν.
364 4409 511 4465 Ἐστι
530 4410 590 4464 δὲ
620 4411 655 4481 ἡ
686 4410 915 4482 μεγίστη
945 4411 1040 4477 νὺξ
1072 4411 1214 4467 κατὰ
1237 4412 1299 4467 τὸ
1325 4414 1385 4466 ὲν
1417 4411 1582 4481 Ῥόδῳ
1602 4410 1773 4480 κλίμα

231 4491 367 4565 ὡρῶν
407 4501 730 4574 ἰσημερινῶν
765 4502 883 4570 ιδςθ
891 4544 906 4559 .

290 4678 347 4733 οἱ
373 4682 427 4736 δὲ
458 4686 660 4756 μεταξὺ
692 4687 872 4760 χρόνοι
895 4687 970 4761 (6)
1000 4689 1109 4743 τῶν
1139 4689 1355 4760 τροπῶν
1382 4689 1476 4742 καὶ
1503 4688 1610 4742 τῶν
1645 4690 1767 4757 ίσηι

240 4904 245 4907 ,
296 4832 316 4864 ⁸
338 4856 422 4907 τρι
451 4843 507 4896 ὲν
534 4844 701 4916 αὐτῷ.
774 4846 798 4879 ³
823 4864 913 4916 πρ.
952 4846 1199 4900 πάντοτε.
1276 4843 1296 4876 ⁸
1323 4860 1412 4914 γρ.
1447 4842 1814 4914 πορρώτατος.

294 4997 365 5069 (³)
416 5001 467 5055 ὀ
515 5004 582 5059 δὲ
626 5005 798 5073 ἥλιος
839 5000 1108 5069 ἐνιαυτῷ.
1164 5001 1415 5058 Nondum
1456 5001 1765 5073 προήγησις

236 5065 496 5149 ὶςημεριγὴ
522 5065 727 5149 liquido
768 5065 1041 5149 comperta
1059 5065 1219 5149 ἐπεὶ,
1250 5081 1310 5127 ut
1345 5072 1474 5149 ιιιὶρί
1503 5065 1761 5135 diximus,

237 5145 283 5190 et
302 5143 609 5215 intelligetur
634 5146 828 5200 iterum
846 5143 1032 5215 gapite
1062 5143 1116 5205 6,
1158 5143 1235 5197 De
1268 5143 1550 5215 mensibus.

296 5208 387 5291 (ἦ)Δ
412 5208 640 5284 Ἐαρινὴ
661 5216 778 5291 μὲν
802 5208 1236 5291 οὖν’ίαημερία.
1276 5214 1593 5291 Animarum
1614 5215 1762 5291 tem-

240 5287 480 5341 Peslatum
511 5287 729 5339 exordia
775 5286 933 5340 aliter
967 5285 1034 5338 ab
1080 5285 1430 5339 astronomis.
1468 5291 1522 5335 et
1551 5285 1763 5333 ratione

240 5356 635 5428 goustituuntur,
674 5370 850 5428 quam
901 5369 1064 5428 sensu
1117 5354 1473 5428 popularique
1530 5350 1758 5428 judicio.

241 5409 369 5496 Fat-It
402 5409 830 5496 astronomijper
874 5409 1206 5496 quadrantes
1257 5409 1463 5477 tributo
1512 5409 1759 5496 iodiaco,

241 5485 438 5566 cuilibet
493 5485 805 5566 tempestati
835 5485 1204 5566 quadrantem
1228 5508 1416 5566 suum
1456 5491 1760 5566 assignant,

241 5557 621 5638 ἕψω-τροπὴν
643 5557 891 5638 appellat
939 5563 1139 5619 Paulus
1178 5557 1600 5638 Alexandrinus:
1651 5557 1762 5638 Ini-

243 5625 359 5705 ξίυξη
381 5629 442 5705 ll!
463 5625 544 5689 'ab
565 5625 764 5691 Arietis
791 5637 1077 5705 ingreSsu;
1119 5648 1183 5688 ac
1234 5634 1315 5690 sic
1339 5632 1620 5705 deinceps.
1651 5625 1759 5682 Po-

243 5693 426 5784 ξξιξξιιίε
451 5718 579 5784 usus
601 5721 666 5761 ex
696 5706 817 5784 ειειί
839 5693 1158 5784 fmutatione
1180 5693 1565 5784 tempestatum
1591 5699 1760 5784 inter:

244 5763 362 5819 Valla
391 5776 638 5831 metitur:
671 5778 758 5832 cui
801 5782 856 5831 et
900 5775 1193 5843 scriptores
1240 5763 1317 5829 illi
1363 5771 1631 5838 serviunt,
1667 5768 1759 5841 qui

1881 562 2097 630 quidem
2155 564 2334 633 posita
2378 572 2505 620 sunt
2542 565 2597 621 in
2635 568 2879 634 zodiaco,
2936 569 3032 625 sed
3075 572 3179 626 alia
3226 588 3290 628 eo
3317 583 3446 629 sunt

1880 649 2209 721 borealiora,
2245 665 2306 711 ut
2336 655 2448 714 Leo
2484 677 2497 713 :
2533 658 2639 714 alia
2669 662 3004 717 australiora
3026 703 3042 730 ,
3080 674 3139 719 ut
3161 663 3442 738 Scorpius.

1948 832 2162 892 Rursus
2217 838 2642 909 unumquodque
2691 841 3253 902 dodecatemoriorum
3306 848 3448 904 diri-

1880 921 2028 978 ditur
2093 926 2148 979 in
2209 935 2393 997 partes
2456 929 2711 1000 triginta,
2763 941 2818 988 et
2870 943 3099 989 vocatur
3139 954 3308 993 unum
3359 955 3448 996 se-

1880 1024 2155 1084 gmentum
2196 1033 2346 1088 pars,
2402 1034 2498 1074 seu
2539 1018 2765 1091 gradus.
2795 1022 2980 1095 Itaque
3009 1025 3268 1083 zodiacus
3307 1044 3446 1085 con-

1881 1106 2015 1161 tinet
2047 1108 2200 1179 signa
2229 1112 2449 1180 quidem
2478 1112 2789 1179 duodecim,
2830 1124 3015 1186 partes
3055 1134 3184 1173 vero
3211 1119 3334 1175 560.

1951 1199 2042 1254 Sol
2086 1210 2263 1256 autem
2317 1221 2428 1259 uno
2488 1221 2633 1263 anno
2680 1210 2953 1278 percurrit
2994 1211 3298 1267 zodiacum.
3349 1211 3447 1270 Est

1878 1293 2022 1347 enim
2070 1302 2287 1366 tempus
2344 1310 2585 1352 annuum
2642 1299 2798 1367 illud,
2849 1301 3046 1373 inquo
3076 1304 3160 1357 sol
3193 1314 3447 1376 peragrat

1879 1382 2183 1449 zodiacum,
2221 1394 2275 1440 et
2306 1387 2377 1442 ab
2414 1388 2603 1444 eodem
2641 1399 2846 1460 puncto
2889 1393 2957 1446 ad
3006 1394 3149 1449 idem
3185 1404 3444 1464 punctum

1877 1471 2035 1533 redit.
2066 1473 2168 1527 hoc
2212 1483 2430 1545 tempus
2451 1485 2534 1532 est
2562 1472 2774 1533 dierum
2803 1479 2908 1535 365
2941 1482 3063 1552 1/4.
3097 1481 3156 1536 In
3186 1491 3267 1538 tot
3299 1486 3443 1540 enim

1878 1562 2067 1620 diebus
2120 1566 2239 1621 illas
2282 1568 2386 1623 560
2420 1580 2601 1639 partes
2646 1572 2856 1628 zodiaci
2901 1576 2982 1629 sol
3026 1576 3284 1645 conﬁcit;
3333 1579 3447 1635 fere

1879 1657 2061 1727 itaque
2090 1658 2144 1713 in
2174 1675 2282 1715 uno
2309 1661 2399 1717 die
2441 1679 2609 1717 unum
2640 1666 2868 1737 gradum
2900 1667 2982 1723 sol
3019 1668 3267 1724 absolvit.

1954 1930 2333 1992 Verumtamen
2380 1937 2529 1993 aliud
2575 1946 2661 1996 est
2712 1955 2862 2012 pars,
2913 1941 3058 1997 aliud
3114 1943 3253 1999 dies.
3310 1944 3448 2002 Pars

1876 2027 2019 2080 enim
2052 2037 2134 2081 est
2191 2029 2534 2085 intervallum
2574 2034 2873 2107 quoddam,
2925 2049 3048 2088 cum
3095 2035 3166 2089 sit
3204 2036 3273 2091 '50
3319 2053 3451 2109 pars

1877 2116 2051 2188 signi;
2085 2118 2202 2173 dies
2229 2135 2360 2175 vero
2393 2129 2480 2177 est
2521 2129 2757 2193 tempus,
2787 2125 2933 2194 quod
2964 2125 3177 2181 fere'SO
3204 2142 3330 2197 pars
3362 2137 3448 2185 est

1876 2211 2140 2264 menstrui
2188 2212 2469 2281 temporis.
2517 2211 2724 2268 Deinde
2779 2229 2908 2285 pars
2953 2216 3173 2286 quidem
3223 2228 3305 2273 est
3341 2219 3449 2275 560

1875 2310 2002 2366 pars
2040 2296 2269 2362 zodiaci,
2286 2298 2404 2354 dies
2427 2308 2606 2355 autem
2624 2311 2708 2356 est
2729 2317 2858 2371 pars
2889 2302 2993 2359 365
3011 2304 3115 2375 ιλιι
3136 2305 3248 2361 fere
3278 2309 3447 2363 annui

1874 2388 2155 2457 temporis.
2210 2388 2291 2443 Ac
2334 2405 2552 2461 semper
2594 2392 2814 2462 quidem
2862 2395 3018 2465 signa
3056 2405 3186 2452 sunt
3224 2398 3294 2453 '50
3323 2414 3422 2470 par

1873 2481 2009 2535 tium
2035 2520 2051 2546 ,
2084 2496 2196 2537 non
2221 2497 2436 2553 semper
2465 2494 2646 2541 autem
2677 2486 2750 2541 30
2782 2487 3019 2543 dierum.

1943 2660 2213 2717 Dividitur
2239 2671 2415 2719 autem
2452 2677 2692 2719 annuum
2731 2674 2945 2737 tempus
2982 2666 3036 2722 in
3081 2676 3264 2737 partes
3295 2683 3431 2739 qua-

1874 2765 2017 2820 tuor,
2052 2770 2167 2818 ver,
2215 2764 2480 2818 aestatem,
2528 2763 2873 2823 autumnum,
2924 2765 2979 2812 et
3028 2758 3281 2814 hiemem.
3311 2760 3449 2815 Ver-

1874 2863 2005 2902 num
2044 2848 2210 2919 igitur
2243 2850 2633 2919 aequinoctium
2678 2851 2737 2905 lit
2791 2852 2939 2906 circa
2981 2850 3174 2907 ﬂorum
3206 2855 3448 2923 vigorem

1876 2950 2171 3015 summum,
2212 2943 2268 2997 in
2301 2942 2476 3012 prima
2514 2950 2669 3013 parte
2707 2944 2933 2999 Arietis.
2973 2943 3280 2999 Solstitium
3309 2944 3450 2999 aesti-

1874 3050 2002 3089 vum
2026 3034 2297 3106 contingit
2332 3035 2477 3089 circa
2517 3043 2750 3090 :estuum
2790 3035 3148 3090 intentionem
3185 3034 3240 3089 in
3273 3036 3449 3105 prima

1875 3137 2029 3199 parte
2054 3127 2276 3190 Cancri.
2312 3128 2409 3183 ubi
2449 3129 2527 3185 sol
2580 3127 3020 3183 borealissimum
3054 3126 3321 3181 circulum
3349 3126 3448 3182 de-

1876 3221 2089 3283 scribit,
2119 3230 2174 3277 et
2193 3220 2577 3291 longissimum
2609 3220 2873 3283 omnium,
2916 3218 3009 3289 qui
3042 3227 3170 3274 sunt
3201 3219 3253 3272 in
3279 3233 3445 3284 anno,

1876 3312 2021 3369 diem
2053 3312 2245 3378 elIicit,
2275 3319 2492 3366 noctem
2531 3325 2663 3364 vero
2704 3310 3102 3366 brevissimam.
3134 3309 3296 3381 Atqui
3330 3310 3448 3365 dies

1876 3408 2232 3479 longissimus
2261 3406 2487 3476 aequalis
2540 3411 2626 3460 est
2668 3404 2816 3459 nocti
2851 3403 3201 3474 longissimae,
3238 3411 3292 3458 et
3329 3403 3445 3459 dies

1876 3499 2235 3554 brevissimus
2256 3497 2478 3567 aequalis
2500 3505 2584 3551 est
2606 3498 2752 3550 nocti
2776 3494 3131 3551 brevissimae.
3162 3493 3288 3549 Dies
3315 3509 3447 3549 vero

1877 3588 2233 3660 longissimus
2289 3589 2343 3642 in
2378 3588 2596 3643 climate
2626 3586 2806 3642 Rhodi
2842 3594 2927 3642 est
2975 3586 3232 3639 horarum
3275 3585 3446 3655 3ηυὶ-

1877 3681 2195 3737 noctialium
2214 3681 2278 3734 14
2301 3677 2842 3751 1μ.ιΕ(ιιιίιιοειὶιιιη
2861 3678 3176 3732 autumnale
3193 3683 3298 3734 est.
3318 3690 3445 3731 cum

1878 3772 2019 3827 sola
2043 3772 2249 3826 boreali
2289 3771 2448 3841 plaga
2497 3769 2566 3823 ad
2593 3769 2888 3824 australem
2929 3768 3143 3839 plagam
3187 3767 3441 3833 tendens,

1877 3862 2074 3918 iterum
2117 3861 2185 3916 ad
2229 3860 2663 3930 aequinoctialem
2713 3858 2977 3914 circulum
3018 3859 3346 3928 pervenerit,
3388 3866 3445 3914 et

1877 3953 2021 4009 diem
2069 3953 2221 4009 nocti
2279 3953 2542 4022 aequalem
2592 3951 2852 4007 effecerit.
2893 3949 3203 4005 Solstitium
3261 3958 3446 4006 autem

1875 4047 2163 4102 hibernum
2190 4051 2296 4110 est,
2340 4058 2464 4100 cum
2491 4045 2576 4100 sol
2601 4044 2921 4115 longissime
2954 4058 2984 4096 a
3024 4052 3226 4114 puncto
3255 4052 3446 4099 nostro

1875 4138 2123 4194 verticali
2167 4137 2505 4202 discesserit,
2547 4142 2603 4191 et
2650 4136 3028 4199 humillimus,
3068 4135 3249 4204 quoad
3295 4135 3446 4189 hori-

1877 4236 2110 4295 zontem,
2155 4227 2332 4283 factus
2372 4226 2565 4291 fuerit,
2600 4226 2856 4295 idemque
2898 4227 3162 4281 circulum
3209 4226 3448 4282 maxime

1877 4319 2170 4375 australem
2203 4317 2578 4388 descripserit.
2604 4325 2658 4370 et
2684 4323 2900 4369 noctem
2932 4316 3305 4386 longissimam
3332 4329 3444 4368 om-

1876 4410 2050 4476 nium,
2081 4425 2202 4480 quae
2232 4416 2362 4464 sunt
2394 4408 2448 4461 in
2494 4421 2659 4468 anno,
2686 4406 2943 4472 eﬂecerit,
2972 4406 3113 4461 diem
3156 4421 3283 4461 vero
3321 4405 3445 4460 breo

1798 4503 2180 4567 Dvissimum.
2236 4500 2333 4556 Est
2385 4508 2565 4554 autem
2603 4497 2920 4568 longissima
2970 4511 3078 4550 nox
3123 4498 3178 4551 in
3225 4497 3445 4551 climate

1874 4592 2049 4649 Rhodi
2082 4593 2343 4645 horarum
2372 4588 2829 4659 aequinoctialium
2857 4585 2925 4641 M
2957 4586 3083 4657 1/2.

1946 4682 2211 4753 Tempora
2230 4694 2382 4746 vero,
2418 4693 2537 4750 quae
2554 4686 2683 4734 sunt
2700 4677 2843 4732 inter
2886 4675 3119 4732 solstitia
3161 4686 3216 4731 et
3270 4672 3444 4745 aequi-

1869 5012 1982 5053 rem
2010 4994 2271 5050 rusticam
2303 4998 2357 5048 et
2388 4989 2556 5061 hujus
2584 4988 2943 5062 generis'alia
2969 4997 3327 5062 pertractant.

1940 5066 2017 5141 (5)
2056 5066 2165 5141 καὶ
2211 5059 2635 5141 ταπειγςότατᾷς
2680 5062 2760 5141 ὡς
2813 5059 3107 5141 πρὸς-’τὸν
3152 5059 3463 5141 σξρμ’ζοιιξτα.’

1882 5132 2204 5200 ’ἰδιωτικῶς,
2250 5141 2305 5188 et
2356 5134 2423 5187 ad
2474 5134 2690 5187 oculum
2746 5133 2818 5187 ita
2862 5132 3124 5188 Geminus
3177 5132 3441 5198 loquitur,

1869 5208 1998 5277 quia
2034 5214 2164 5260 tunc
2196 5205 2279 5258 sol
2313 5203 2548 5277 maxime
2592 5202 2955 5277 dejectus_,rqet
3005 5203 3271 5277 horizonti
3303 5202 3440 5277 vici-

1868 5268 1975 5346 nus
2028 5278 2272 5346 apparet.
2330 5268 2495 5327 Recte
2542 5268 2722 5326 autem
2775 5275 3004 5335 addidit,
3044 5272 3126 5346 ὡς
3166 5270 3300 5341 πρὸς
3351 5270 3440 5324 τὸν

1868 5341 2155 5418 ὁρίζοντα.
2194 5359 2260 5400 eo
2311 5358 2498 5408 sensu,
2547 5357 2706 5412 quem
2730 5413 2742 5418 _
2768 5346 3026 5418 diximus.
3083 5341 3215 5418 Nam
3248 5355 3439 5418 revera

1867 5410 2035 5471 terris
2066 5416 2287 5469 citimus
2336 5429 2445 5467 non
2499 5410 2618 5466 erat
2663 5413 2744 5467 sol
2786 5423 2946 5470 atate
2986 5410 3199 5468 Gemini
3248 5412 3305 5465 in
3356 5410 3444 5464 hi-

1867 5488 2040 5563 berno
2078 5489 2290 5563 tropico
2322 5500 2337 5537 :
2370 5481 2466 5563 sed
2494 5482 2550 5536 in
2588 5480 2866 5563 sagittarii
2905 5484 3075 5555 gradu
3108 5483 3303 5552 quinto
3329 5481 3441 5563 cir-

1868 5557 2042 5619 citer;
2079 5552 2184 5628 tibi
2209 5563 2324 5628 tum
2358 5552 2493 5607 solis
2521 5560 2641 5628 erat
2679 5552 2976 5628 perigeufq,
3006 5563 3067 5628 ut
3092 5552 3438 5628 apogeu‘min

1868 5629 2058 5697 quinto
2086 5623 2459 5688 Geminorum,
2488 5622 2630 5692 quod
2673 5619 2726 5676 et
2760 5619 2880 5697 pag.
2918 5625 2951 5679 4
3004 5619 3266 5680 Geminus
3294 5619 3442 5675 indi-

1866 5705 2017 5840 cal(.6)
2055 5770 2118 5823 Ol
2143 5765 2211 5822 δὲ
2227 5765 2455 5837 μεταξὺ
2486 5766 2708 5836 χρόνοι.
2740 5762 2943 5819 Eodem
2970 5758 3131 5816 modo
3156 5770 3333 5813 annus
3364 5753 3439 5810 ab
