3886 6268
444 353 534 406 751

1425 349 1513 404 AD
1547 347 1812 405 EUSEBll
1855 332 2246 401 crmbmcox
2294 344 2656 399 APPENDIX.

3604 339 3702 394 75?.

440 471 752 538 noctia,hoc
771 470 931 525 modo
947 469 1292 524 dividuntur:
1316 468 1383 523 ab
1397 467 1725 538 aequinoctio
1738 479 2017 528 verno,us-

2125 463 2324 535 μεριῶν
2377 463 2562 517 τοῦτον
2607 462 2937 534 διαιροῦνται
2982 460 3071 513 τὸν
3128 459 3374 531 τρόπον·
3431 458 3565 510 Ἀπὸ
3610 458 3703 528 μὲ)

441 579 546 633 que
563 562 629 618 ad
645 562 932 617 solstitium
945 561 1189 616 aestivum
1203 561 1318 616 dies
1335 568 1459 616 sunt
1479 559 1547 614 94
1576 559 1709 629 i/2;
1730 572 1849 612 nam
1867 557 1922 611 in
1938 562 2018 610 tot

443 655 635 710 diebus
663 655 858 708 transit
897 654 978 708 sol
1006 654 1267 717 Arietem,
1293 649 1556 713 Taurum,
1587 649 1843 703 Geminos
1873 655 1926 702 et
1948 645 2014 698 ad

443 748 673 818 primam
697 754 903 816 partem
923 745 1117 799 Cancri
1135 744 1421 808 accedens,
1451 741 1741 798 solstitium
1767 739 2015 795 aestivum

442 840 625 895 etlicit.
670 839 753 894 Ab
798 840 986 894 aestivo
1027 839 1264 894 solstitio
1299 853 1474 907 usque
1507 835 1575 888 ad
1624 832 2014 904 aequinoctium

444 933 756 986 autumnale
784 932 900 987 dies
921 941 1050 987 sunt
1066 932 1136 986 92
1154 931 1288 1001 1/2;
1316 946 1438 985 nam
1459 930 1512 982 in
1531 935 1610 982 tot
1633 927 1822 982 diebus
1842 935 2016 980 trans-

445 1023 485 1074 it
519 1022 602 1076 sol
627 1021 921 1085 Cancrum,
944 1021 1206 1088 Leonem,
1246 1019 1548 1091 Virginem,
1577 1025 1631 1072 et
1687 1017 1755 1071 ad
1782 1017 2012 1086 primam

442 1119 652 1182 partem
686 1110 862 1166 Libra:
895 1113 1164 1167 accedens
1194 1111 1356 1166 elﬁcit
1377 1109 1763 1180 aequinoctium
1799 1115 2016 1161 autum-

445 1204 586 1259 nale.
615 1204 698 1259 Ab
732 1204 1058 1274 aequinoctio
1087 1204 1385 1259 autumnali
1424 1218 1598 1273 usque
1628 1202 1694 1256 ad
1718 1199 2012 1256 solstitium

445 1297 732 1352 hibernum
751 1296 868 1352 dies
884 1305 1011 1352 sunt
1036 1297 1223 1368 881/8
1244 1315 1258 1365 ;
1279 1312 1402 1350 nam
1424 1296 1477 1350 in
1504 1302 1583 1349 tot
1600 1294 1791 1349 diebus
1817 1293 2016 1346 transit

442 1391 529 1447 sol
593 1387 843 1458 Libram},
904 1387 1222 1458 Scorpium,
1284 1387 1636 1458 Sagittarium
1661 1427 1676 1452 ,
1717 1393 1774 1440 ct
1807 1383 1874 1437 ad
1914 1387 2018 1452 pri-

446 1498 591 1538 mam
639 1491 844 1552 partem
893 1481 1213 1552 Capricorni
1259 1480 1582 1551 perveniens
1625 1475 1787 1532 eﬁicit
1826 1474 2016 1530 solsti-

448 1577 582 1631 tium
610 1577 918 1632 hibernum.
945 1576 990 1628 A
1021 1575 1258 1631 solstitio
1291 1574 1522 1628 hiberno
1554 1586 1728 1640 usque
1758 1568 1824 1622 ad
1847 1567 2019 1636 atqui-

447 1671 688 1724 noctium
720 1685 945 1724 vernum
973 1669 1090 1723 dies
1120 1675 1249 1723 sunt
1275 1666 1343 1721 90
1368 1666 1498 1736 1/8;
1535 1666 1589 1719 in
1625 1670 1706 1716 tot
1737 1660 1880 1716 enim
1901 1658 2018 1712 die-

447 1763 551 1817 bus
599 1762 798 1816 transit
856 1762 940 1816 sol
978 1761 1187 1830 reliqua
1227 1760 1332 1812 tria
1365 1759 1542 1829 signa,
1595 1755 2012 1825 Capricornum.

2122 553 2406 625 ἰσημερίας
2461 555 2682 627 ἐαρινῆς
2737 554 2899 625 μέχρι
2942 552 3148 625 τροπῆς
3201 549 3441 620 θερινῆς
3503 549 3699 619 ἡμέραι

2116 647 2252 699 εἰσὶν
2271 647 2427 712 ιιδςυ·
2449 648 2506 700 ὲν
2538 647 2646 719 γάρ
2676 646 2964 708 τοσαύταις
2992 645 3226 716 ἡμέραις
3256 641 3700 712 διαπορεύεταιό

2115 739 2263 810 ῆλιος
2288 739 2476 812 Κριὸν,
2509 739 2740 811 Ταῦρον,
2767 739 3054 810 Διδύμους,
3080 737 3174 792 καὶ
3217 738 3323 790 ἐπὶ
3351 735 3456 804 τὴν
3485 733 3700 806 πρώτην

2119 837 2310 905 μοῖραν
2363 834 2455 888 τοῦ
2517 833 2792 904 Καρκίνου
2827 831 3288 904 παραγινόμενος,
3343 828 3448 898 τὴν
3490 828 3700 898 θερινὴν

2114 926 2320 999 τροπὴν
2348 928 2614 979 ποιεῖταιο
2651 924 2757 978 ἀπὸ
2783 924 2839 976 δὲ
2863 924 3084 994 θερινῆς
3115 923 3340 994 τροπῆς
3392 919 3589 990 μέχρις
3629 921 3699 971 ἰσ-

2115 1019 2346 1091 ημερίας
2363 1017 2762 1089 φθινοπωρινῆς
2779 1016 2977 1087 ἡμέραι
3002 1017 3140 1068 εἰσὶν
3156 1013 3335 1082 ι,βς”·
3362 1013 3424 1064 ὲν
3477 1011 3586 1081 γὰρ
3617 1028 3697 1063 το-

2120 1112 2342 1173 σαύταις
2403 1110 2636 1180 ἡμέραις
2689 1107 3130 1178 διαπορεύεταιὸ
3184 1104 3350 1174 ἥλιος
3407 1100 3696 1172 Καρκίνον,

2118 1206 2320 1259 Λέοντα
2340 1245 2354 1269 ,
2386 1203 2684 1274 Παρθένον,
2718 1201 2810 1254 καὶ
2845 1202 2937 1253 ἐπὶ
2964 1201 3064 1269 τὴν
3099 1197 3335 1269 πρώτην
3364 1198 3564 1266 μοῖραν
3598 1191 3695 1246 τῶν

2118 1295 2310 1366 Χηλῶν
2339 1292 2771 1364 παραγινόμενος
2812 1291 2909 1362 τὴν
2950 1289 3359 1358 φθινοπωρινὴν
3416 1282 3697 1354 ἰσημερίαν

2119 1393 2381 1443 ποιεῖται·
2415 1387 2522 1440 ἀπὸ
2548 1386 2603 1438 δὲ
2635 1385 2921 1457 ἰσημερίας
2943 1378 3357 1451 φθινοπωρινῆς
3393 1376 3558 1446 μέχρι
3578 1392 3692 1446 τρο-

2119 1481 2228 1550 πῆς
2252 1478 2566 1550 χειμερινῆς
2599 1477 2802 1548 ἡμέραι
2834 1474 2968 1526 εἰσιν
2995 1477 3181 1542 πη¹η⁰ν
3208 1485 3221 1498 °
3277 1472 3341 1522 ὲν
3379 1467 3494 1536 γὰρ
3522 1465 3696 1518 τοσαύ-

2118 1589 2236 1634 ταις
2263 1569 2498 1641 ἡμέραις
2525 1565 2905 1638 διαπορεύεται
2927 1567 2955 1617 ὁ
2983 1564 3132 1635 ἥλιος
3158 1562 3380 1633 Χηλὰς,
3409 1559 3688 1629 Σκορπίον,

2119 1661 2372 1731 Τοξότην,
2401 1661 2497 1713 καὶ
2527 1659 2618 1712 ἐπὶ
2649 1659 2747 1729 τὴν
2775 1656 2997 1728 πρώτην
3014 1660 3214 1727 ’μοῖραν
3250 1651 3692 1723 παραγενόμενος

2117 1753 2145 1802 ὁ
2175 1749 2325 1820 ἡλιος
2365 1747 2457 1800 τοῦ
2495 1747 2798 1816 Αἰγόκερω,
2839 1746 2938 1816 τὴν
2969 1743 3292 1816 χειμερινὴν
3341 1741 3552 1814 τροπὴν
3580 1754 3686 1790 ποι-

445 1853 746 1923 Aquarium
767 1893 780 1918 ,
813 1851 1019 1908 Pisces.
1067 1851 1266 1905 Omnes
1308 1851 1471 1920 igitur
1503 1849 1618 1902 dies
1651 1848 1843 1901 horum
1876 1858 1981 1913 qna

2125 1843 2287 1893 εῖται”
2323 1838 2430 1892 ἀπὸ
2463 1837 2519 1890 δὲ
2563 1838 2769 1909 τροπῆς
2806 1837 3118 1908 χειμερινῆς
3159 1837 3365 1906 μέχρις
3418 1830 3689 1902 ἰσημερω

448 1955 572 2000 tuor
589 1952 896 2014 temporum
919 1944 1080 1998 simul
1113 1943 1314 2010 sumpti
1353 1941 1590 1996 eﬁiciunt
1623 1939 1739 1992 dies
1757 1935 1859 1991 565
1882 1934 2011 2003 1/4,

447 2045 581 2107 quot
617 2036 782 2091 etiam
817 2036 872 2090 in
904 2052 1010 2090 uno
1041 2042 1167 2090 sunt
1196 2050 1358 2088 anno.

2123 1929 2341 2000 ἐαρινῆς
2374 1927 2577 1998 ἡμέραι
2603 1929 2737 1980 εἰσὶν
2773 1933 2913 1999 ι,ἠον¹
2956 1946 2970 1958 ·
3003 1931 3059 1980 έν
3092 1927 3200 1998 γάρ
3231 1924 3532 1986 τοσαύταις
3566 1918 3686 1992 ἡμέ-

2126 2037 2245 2092 ραις
2291 2017 2669 2089 διαπορεύεται
2717 2018 2744 2068 ὁ
2793 2017 2942 2087 ἥλιος
3001 2016 3069 2070 τά
3114 2013 3536 2083 ἀπολειπόμενα
3576 2007 3687 2076 τρία

449 2131 642 2197 ζώδια,
676 2132 1007 2200 Αίγόκερων,
1056 2130 1363 2200 Ὑδροχόον,
1411 2125 1637 2196 Ἰχθύας.
1664 2124 1729 2176 Αἱ
1764 2123 1933 2175 πᾶσαι
1973 2114 2066 2172 οῦν
2111 2115 2312 2187 ἡμέραι
2341 2113 2545 2167 τούτων
2585 2113 2694 2167 τῶν
2740 2115 3018 2185 τεσσάρων
3056 2113 3264 2184 χρόνων
3321 2107 3682 2177 συντιθέμεναι

450 2227 657 2282 ποιοῦσι
685 2226 788 2291 τξε¹
823 2207 923 2291 δ⁶”,
953 2229 1182 2295 ὅσαιπερ
1211 2221 1348 2295 ἦσαν
1373 2223 1428 2276 αἱ
1460 2221 1550 2275 τοῦ
1583 2217 1846 2274 ἐνιαυτοῦ.

521 2318 795 2384 Quaeritur
830 2318 996 2389 igitur
1040 2317 1094 2370 in
1139 2317 1245 2381 his,
1287 2330 1406 2379 cur,
1439 2329 1562 2368 cum
1611 2321 1845 2384 quatuor
1881 2307 2012 2362 dicti

449 2413 783 2483 quadrantes
829 2410 1037 2465 zodiaci
1085 2409 1228 2464 inter
1279 2423 1338 2462 se
1388 2407 1498 2461 sint
1538 2405 1796 2474 atquales,
1841 2410 1893 2456 et
1935 2401 2018 2456 sol

448 2518 665 2573 semper
693 2502 972 2572 aequaliter
999 2507 1279 2554 moveatur
1301 2539 1316 2562 ,
1356 2497 1471 2567 ipse
1495 2496 1548 2551 in
1577 2494 1914 2566 temporibus
1944 2493 2020 2549 in-

449 2594 753 2664 atqualibus
773 2593 1009 2664 aequales
1040 2592 1231 2646 horum
1280 2591 1642 2660 quadrantnm
1690 2604 1851 2644 arcus
1891 2605 2017 2658 per-

451 2695 642 2757 agret;
702 2701 827 2738 nam
876 2701 970 2755 per
1001 2692 1168 2738 totam
1209 2684 1600 2737 astronomiam
1647 2682 2020 2752 praesupponi-

452 2788 566 2843 tur,
593 2787 646 2834 et
677 2777 868 2840 solem,
897 2785 950 2830 et
975 2777 1180 2839 lunam,
1208 2785 1262 2829 et
1301 2775 1541 2844 quinque
1574 2774 1816 2843 planetas
1841 2787 2024 2843 aequa—

452 2873 600 2935 liter,
623 2869 989 2933 circulariter,
1029 2877 1083 2922 et
1114 2880 1304 2922 contra
1337 2866 1520 2920 mundi
1558 2873 1762 2920 motum
1785 2864 2017 2919 moveri.

450 2961 788 3034 Pythagoraei
826 2961 990 3027 enim,
1045 2974 1167 3014 cum
1213 2959 1375 3029 primi
1423 2957 1521 3012 has
1569 2957 1898 3030 quaestiones
1931 2972 2020 3026 ag-

450 3053 848 3126 grederentur,
903 3057 1424 3122 praesupposuerunt
1493 3050 1791 3104 circnlares
1857 3055 2020 3118 atque

2206 2309 2572 2380 Ἐπιζητεῖται
2604 2303 2697 2362 οὖν
2726 2310 2784 2362 ὲν
2807 2308 3038 2376 τούτοις,
3061 2308 3199 2374 πῶς,
3229 2310 3368 2362 ἴσων
3393 2309 3558 2362 ὄντων
3585 2309 3679 2362 τῶν

2125 2403 2401 2474 τεσσάρων
2438 2403 2640 2475 μορίων
2701 2401 2795 2454 τοῦ
2838 2399 3099 2464 ζωδιακοῦ
3153 2401 3400 2466 κύκλου,
3449 2403 3478 2454 ὁ
3521 2400 3678 2471 ἥλιος,

2127 2495 2388 2570 ἰσοταχῶς
2411 2493 2739 2569 κινούμενος
2772 2492 2860 2550 διὰ
2891 2491 3122 2561 παντὸς,
3151 2493 3210 2544 έν
3246 2492 3457 2557 ἀνίσοις
3491 2491 3680 2563 χρόνοις

2123 2592 2499 2661 διαπορεύεται
2527 2591 2624 2654 τὰς
2655 2592 2773 2654 ἴσας
2825 2590 3198 2661 περιφερείας.
3236 2590 3552 2643 Ὑπόκειται
3588 2589 3680 2658 γὰρ

2124 2684 2260 2752 πρὸς
2305 2683 2431 2754 ὃλην
2494 2683 2591 2754 τὴν
2637 2683 3032 2753 ἀστρολογίαν⁷
3082 2682 3233 2752 ἥλιόν
3287 2699 3350 2734 τε
3399 2684 3490 2735 καὶ
3544 2682 3664 2752 σελή

2124 2793 2220 2846 νην
2243 2815 2256 2840 ,
2289 2777 2383 2829 καὶ
2433 2776 2558 2838 τοὺς
2589 2774 2749 2829 πέντε
2795 2775 3070 2846 πλανήτας
3107 2775 3496 2845 ἰσοταχῶς,καὶ
3534 2776 3675 2840 ἐγκυ-

2123 2869 2306 2934 κλίως,
2347 2869 2441 2921 καὶ
2471 2867 2804 2930 ὑπεναντίως
2842 2867 2920 2938 τῷ
2967 2868 3153 2938 κόσμῳ
3190 2867 3478 2921 κινεῖσθαι.
3509 2865 3672 2935 Οἰγὰρ

2123 2958 2519 3030 Πυθαγόρειοι,
2574 2957 2780 3027 πρῶτοι
2831 2957 3218 3028 προσελθόντες
3261 2961 3384 3021 ταῖς
3426 2957 3673 3018 τοιαύταις

2123 3053 2444 3122 ζητήσεσιν,
2487 3051 2744 3104 ὑπέθεντο
2787 3051 3103 3119 ἐγκυκλίους
3136 3052 3230 3104 καὶ
3272 3050 3479 3122 ὁμαλὰς
3513 3051 3668 3121 ἡλίου,

451 3145 688 3216 aequales
720 3145 872 3206 solis,
907 3145 1048 3197 lunae
1077 3152 1129 3196 et
1169 3141 1530 3196 erraticarum
1577 3141 1858 3195 stellarum
1901 3155 2015 3191 mo-

2125 3149 2213 3201 καὶ
2265 3149 2492 3220 σελήνης
2523 3187 2538 3212 ,
2575 3148 2670 3202 καὶ
2716 3147 2824 3200 τῶν
2881 3153 2919 3199 ε’
2969 3147 3254 3216 πλανητῶν
3304 3148 3542 3218 ἀστέρων
3586 3143 3670 3206 τὰς

452 3251 558 3294 tus.
605 3236 738 3291 Nam
788 3235 1105 3306 hujusmodi
1136 3234 1600 3305 irregularitatem
1633 3248 1742 3285 non
1782 3230 2020 3284 admise-

451 3339 579 3386 runt
615 3330 671 3384 in
723 3329 808 3386 his
865 3328 1066 3383 divinis
1109 3335 1273 3397 atque
1317 3325 1536 3380 aeternis
1568 3323 1913 3393 corporibus,
1962 3331 2022 3376 ut

451 3417 720 3477 interdum
771 3421 1012 3476 velocius
1065 3426 1434 3482 moverentur,
1476 3417 1746 3471 interdum
1784 3415 2019 3480 tardius,

452 3514 726 3569 interdum
766 3520 995 3575 starent,
1038 3521 1098 3566 ut
1145 3527 1275 3567 sane
1313 3511 1474 3566 etiam
1522 3509 1784 3564 stationes
1828 3515 2022 3562 vocant

453 3607 509 3660 in
541 3606 785 3676 quinque
823 3604 1074 3660 erraticis
1107 3603 1300 3659 stellis.
1328 3602 1510 3673 Neque
1539 3603 1682 3657 enim
1717 3602 1772 3655 in
1800 3601 2023 3656 homine

450 3701 588 3755 bene
625 3699 676 3769 3
715 3697 1017 3766 composito
1053 3703 1107 3752 et
1149 3696 1401 3750 ordinato
1443 3695 1608 3748 talem
1653 3701 1835 3748 motus
1882 3693 2022 3748 irre-

449 3791 796 3860 gularitatem
845 3789 900 3842 in
952 3787 1233 3858 gressibus
1277 3785 1474 3856 aliquis
1504 3785 1858 3848 admitteret;
1895 3799 2021 3838 nam

450 3881 576 3935 vita:
605 3879 961 3936 necessitates
986 3894 1128 3948 saepe
1155 3877 1295 3931 ﬁunt
1324 3876 1638 3931 hominibus
1660 3891 1840 3932 causae
1858 3875 2026 3930 tardi—

451 3973 600 4035 tatis,
629 3980 682 4026 et
709 3971 1030 4026 velocitatis.
1061 3968 1130 4022 At
1160 3969 1214 4022 in
1245 3969 1361 4037 ipsa
1387 3968 1787 4038 incorruptibili
1826 3975 2023 4023 natura

451 4066 730 4124 stellarum
770 4079 880 4118 non
911 4070 1090 4134 potest
1122 4062 1229 4116 ulla
1262 4075 1430 4116 causa
1461 4061 1756 4116 celeritatis
1805 4069 1860 4117 et
1915 4070 2026 4116 tar-

449 4157 635 4212 ditatis
681 4155 896 4210 adduei.
955 4155 1127 4220 Quam
1176 4155 1247 4210 ob
1267 4169 1488 4210 causam
1523 4154 2025 4225 Pythagoraeihanc

450 4255 852 4317 proposuerunt
890 4247 1247 4318 quaestionem
1288 4245 1610 4312 :Quomodo
1635 4263 1734 4317 per
1781 4247 2023 4302 circula-

450 4352 538 4391 res
571 4345 626 4390 et
666 4338 904 4408 aequales
959 4347 1139 4391 motus
1169 4346 1394 4406 possent
1429 4339 1762 4421 apparentia:
1793 4338 2014 4393 salvari.
2066 4325 2072 4332 ’

522 4427 595 4482 De
628 4429 852 4498 reliquis
883 4429 1046 4499 igitur
1074 4429 1306 4498 planetis
1353 4428 1408 4482 in
1453 4429 1577 4484 aliis
1611 4430 1832 4499 scriptis
1889 4445 2024 4484 can-

451 4536 566 4574 sam
595 4536 962 4590 exponemus;
993 4536 1143 4576 nunc
1175 4537 1302 4576 vero
1335 4522 1404 4577 de
1443 4523 1557 4578 sole
1585 4537 1808 4578 causam
1831 4530 2020 4577 osten-

449 4613 658 4678 demus,
687 4629 807 4679 cur,
849 4630 973 4668 cum
1002 4614 1282 4683 aequaliter
1323 4624 1632 4680 moveatur,
1675 4617 1732 4669 in
1755 4616 2022 4685 tempori-

450 4703 553 4757 bus
584 4704 942 4776 inaequalibus
988 4706 1225 4774 aequales
1268 4719 1429 4761 arcus
1477 4706 1686 4760 zodiaci
1735 4705 2014 4760 conﬁciat.

451 4794 715 4864 Suprema
750 4796 914 4866 igitur
943 4805 1026 4850 est
1058 4796 1300 4850 omnium
1330 4811 1394 4851 ea
1423 4797 1635 4867 sphaera
1662 4835 1676 4860 ,
1711 4803 1833 4866 quz’e
1878 4797 2011 4852 stel-

449 4885 626 4938 larum
667 4883 894 4939 lixarum
924 4886 1143 4951 dicitur,
1171 4903 1292 4958 qua:
1323 4887 1460 4944 inse
1491 4889 1735 4944 continet
1767 4889 2011 4944 omnium

451 4973 680 5028 ﬁxarum
709 4977 1224 5040 constellationum,
1271 4977 1384 5032 sive
1434 4977 1713 5049 signorum
1759 4978 2016 5050 eﬁigiem.

449 5063 570 5120 Non
598 5077 681 5122 est
711 5075 892 5122 autem
922 5069 1269 5139 cogitandum
1295 5109 1310 5134 ,
1342 5084 1534 5125 omnes
1567 5073 1756 5127 stellas
1787 5073 1892 5126 sub
1915 5088 2008 5126 ea-

450 5159 571 5214 dem
601 5174 722 5214 esse
754 5160 959 5228 positas
994 5161 1314 5230 superﬁcie,
1365 5162 1462 5217 sed
1495 5162 1631 5217 alias
1665 5179 1787 5219 esse
1842 5165 2017 5219 subli-

451 5251 684 5316 miorcs,
730 5253 866 5306 alias
897 5251 1234 5306 humiliores.
1273 5251 1409 5306 Cum
1459 5254 1602 5307 enim
1638 5254 1790 5309 visus
1822 5263 2010 5310 noster

453 5347 519 5399 ad
552 5348 814 5416 aequalem
861 5345 1246 5414 longitudinem
1296 5361 1326 5398 a
1376 5354 1520 5400 terra
1552 5347 1610 5401 in
1654 5349 1852 5402 caelum
1888 5363 2011 5403 sese

2124 3241 2384 3310 κινήσεις.
2417 3239 2526 3310 Τὴν
2551 3239 2658 3311 γὰρ
2678 3237 2931 3308 τοιαύτην
2961 3239 3182 3304 ἀταξίαν
3216 3240 3278 3292 οὑ
3313 3233 3667 3310 προσεδέξαντο

2125 3332 2261 3400 πρὸς
2289 3331 2357 3384 τά
2390 3329 2506 3384 θεῖα
2529 3331 2620 3383 καὶ
2667 3328 2859 3384 αἰώνια
2879 3345 2894 3359 °
2929 3329 3003 3393 ὡς
3034 3330 3161 3382 ποτὲ
3185 3331 3285 3400 μὲν
3319 3329 3502 3397 τάχιον
3528 3329 3669 3379 κινεῖ-

2127 3420 2268 3484 σθαι,
2298 3419 2426 3472 ποτὲ
2455 3420 2511 3472 δὲ
2539 3419 2773 3490 βράδιον,
2803 3417 2932 3470 ποτὲ
2956 3419 3012 3470 δὲ
3051 3419 3372 3488 ἑστηκέναι·
3399 3417 3488 3478 οὓς
3513 3414 3664 3486 δήκαὶ

2125 3511 2348 3566 καλοῦσι
2393 3513 2728 3582 στηριγμοὺς
2767 3511 2860 3563 ἐπὶ
2891 3511 2999 3563 τῶν
3047 3517 3087 3563 ε’
3114 3509 3404 3582 πλανητῶν
3431 3507 3662 3577 ἀστέρων.

2125 3604 2258 3656 eoas
2280 3602 2389 3674 γὰρ
2422 3603 2549 3673 περὶ¹
2573 3602 2857 3674 ἄνθρωπον
2895 3603 3118 3673 κόσμιον
3151 3603 3249 3656 καὶ
3283 3600 3593 3670 τεταγμένον
3617 3598 3662 3648 ἐν

2124 3701 2243 3761 ταῖς
2278 3697 2526 3767 πορείαις
2559 3695 2658 3767 τὴν
2683 3694 2937 3765 τοιαύτην
2965 3695 3278 3766 ἀνωμαλίαν
3305 3695 3402 3766 τῆς
3432 3693 3663 3761 κινήσεως

2126 3789 2486 3861 προσεδέξατο
2520 3790 2542 3822 ⁸
2571 3789 2636 3842 ἄν
2682 3807 2799 3853 τις·
2839 3791 2895 3842 αἱ
2937 3789 3044 3860 γὰρ
3093 3787 3186 3841 τοῦ
3217 3787 3335 3858 βίου
3380 3788 3541 3857 χρεῖαι
3571 3783 3662 3842 rei;

2126 3881 2432 3954 ἀνθρώποις
2463 3881 2725 3945 πολλάκις
2766 3880 2935 3934 αἴτιαι
2961 3880 3199 3949 γίνονται
3249 3876 3564 3951 βραδυτῆτος
3587 3870 3662 3923 καὶ

2125 3975 2428 4045 ταχυτῆτος
2446 3991 2460 4006 ·
2486 3974 2614 4045 περὶ
2639 3973 2694 4026 δὲ
2720 3973 2818 4043 τὴν
2839 3972 3111 4043 ἄφθαρτον
3139 3971 3302 4040 φύσιν
3324 3969 3429 4022 τῶν
3452 3965 3658 4034 ἀστέρων

2126 4065 2381 4137 οὐδεμίαν
2401 4067 2621 4120 δυνατὸν
2657 4065 2836 4119 αἰτίαν
2862 4065 3238 4136 προσαχθῆναι
3282 4061 3561 4134 ταχυτῆτος
3583 4054 3657 4107 καὶ

2130 4159 2478 4231 βραδυτῆτος.
2517 4160 2592 4212 Δι’
2617 4159 2806 4228 ἡντινα
2831 4158 3010 4212 αἰτίαν
3026 4158 3347 4229 προέτειναν
3382 4153 3531 4208 οὕτω·
3556 4147 3658 4208 Πῶς

2128 4251 2193 4306 ἂν
2218 4252 2284 4304 δι’
2319 4251 2622 4319 ἐγκυκλίων
2651 4252 2744 4304 καὶ
2769 4251 2986 4320 ὁμαλῶν
3018 4252 3286 4322 κινήσεων
3313 4244 3576 4313 ἀποδοθείη
3605 4238 3657 4291 τὰ

2131 4345 2450 4415 φαινόμενα.

2199 4436 2336 4507 Περὶ
2377 4435 2475 4507 μὲν
2502 4431 2594 4488 οῦν
2615 4434 2723 4488 τῶν
2745 4435 2946 4487 λοιπῶν
2962 4435 3205 4506 ἀστέρων
3239 4437 3298 4488 έν
3327 4435 3518 4500 ἑτέροις
3543 4429 3653 4480 ἀπο-

2130 4524 2372 4596 δώσομεν
2403 4526 2500 4596 τὴν
2525 4525 2700 4578 αἰτίαν
2718 4541 2732 4554 ο
2763 4524 2878 4577 νυνὶ
2899 4524 2955 4577 δὲ
2985 4525 3114 4595 περὶ
3140 4523 3290 4594 ἡλίου
3326 4516 3646 4584 ὑποδείξομενς

2131 4618 2195 4671 δι’
2231 4618 2296 4689 ἢν
2325 4618 2504 4671 αἰτίαν
2532 4617 2792 4688 ἰσοταχῶς
2820 4615 3157 4684 κινούμενος,
3185 4619 3243 4668 ὲν
3264 4614 3457 4674 ἀνίσοις
3477 4606 3652 4678 χρόνοις

2131 4709 2230 4774 τὰς
2260 4711 2380 4774 ῐσας
2409 4708 2762 4780 περιφερείας
2803 4705 3183 4778 διαπορεύεται
3211 4708 3231 4738 ⁵
3252 4723 3266 4735 °
3301 4700 3537 4759 ἀνωτάτω
3563 4692 3649 4761 γὰρ

2133 4803 2373 4856 πάντων.
2401 4803 2546 4854 ἐστὶν
2602 4803 2636 4872 ἡ
2682 4800 2948 4871 λεγομένη
3007 4799 3116 4852 τῶν
3159 4795 3410 4851 ἀπλανῶν
3447 4786 3647 4854 ἀστέρων

2131 4896 2351 4966 σφαῖραν
2389 4895 2422 4964 ἠ
2454 4893 2782 4965 περιέχουσα
2811 4891 3028 4945 πάντων
3048 4889 3157 4943 τῶν
3189 4877 3645 4959 κατηστερισμένων

2130 4965 2335 5049 ζωδίων
2367 4985 2464 5055 τὴν
2495 4983 2976 5038 εἰδωλοποιίαν-οὑ
3015 4981 3223 5044 πάντας
3246 4979 3301 5032 δὲ
3316 4978 3431 5037 τοὺς
3453 4965 3644 5055 ἀστέρας

2130 5077 2471 5146 ὑποληπτέον
2508 5075 2614 5129 ὑπὸ
2654 5077 2782 5147 μίαν
2820 5074 3142 5143 ἐπιφάνειαν
3172 5072 3412 5126 κεῖσθαι·
3452 5051 3647 5118 ἀλλόῧς

2135 5171 2234 5239 μὲν
2277 5169 2712 5240 μετεωροτέρους
2743 5168 3026 5238 ὑπάρχειν,
3065 5165 3156 5228 οὒς
3178 5165 3235 5216 δὲ
3266 5151 3641 5221 ταπεινοτέρουί’

2131 5260 2230 5313 Διά
2262 5261 2319 5312 δὲ
2363 5260 2424 5313 τὸ
2473 5260 2572 5330 τὴν
2617 5260 2806 5330 ὅρασιν
2862 5260 2954 5311 ἐπὶ
3001 5257 3114 5311 ῐσον
3142 5253 3452 5324 ἐξικνεῖσθαι
3487 5243 3638 5316 μῆκος,

2131 5349 2529 5421 ἀνεπαίσθητος
2552 5351 2760 5418 γίνεται
2785 5353 2817 5420 ἡ
2845 5350 2937 5404 τοῦ
2971 5348 3138 5420 ὕψους
3165 5344 3406 5419 διαφορά.

454 5441 754 5496 extendat:
810 5439 1054 5495 redditur
1115 5439 1448 5494 insensibilis
1499 5441 1804 5498 altitudinis
1856 5442 2191 5498 diﬁ‘erentia.

524 5597 543 5628 ⁷
580 5616 668 5666 rp.
699 5600 1073 5671 ἀστρονομίαν.
1150 5602 1172 5634 ⁸
1210 5599 1693 5672 γρ.,ποοσδέξεται.

455 5710 762 5781 Hipparcho
792 5715 1115 5768 distributus
1139 5723 1242 5769 est.
1276 5714 1412 5769 Vide
1438 5715 1531 5770 lib.
1569 5731 1621 5768 tv
1654 5715 1724 5767 De
1762 5715 2008 5767 doctrina

449 5793 765 5851 teniporum,
794 5784 968 5852 capite
1012 5785 1100 5848 50,
1148 5785 1238 5838 ubi
1279 5785 1345 5838 de
1383 5800 1600 5843 summa
1641 5787 1772 5840 solis
1825 5785 2010 5854 apside

1790 5603 1810 5633 ’
1852 5619 1937 5671 περ.
1976 5601 2422 5672 περιπορεύεται.

2121 5714 2443 5771 C(eterisuue
2469 5731 2589 5787 quae
2616 5717 2705 5770 hic
2739 5731 2768 5769 a
2817 5714 3046 5770 Gemino
3075 5711 3272 5768 tradita
3304 5712 3437 5768 sunt.
3466 5690 3640 5766 εοβίθεθ

2122 5798 2441 5855 disputatur
2454 5825 2466 5838 .
