3886 6268
235 339 319 396 753
1241 330 1479 388 GEMINI
1520 328 1894 387 ELEMENTA
1927 325 2416 384 ASTRONOMIE.
3335 321 3439 378 τει

295 449 420 505 Ὑπὸ
465 451 521 503 δέ
574 447 670 520 τὴν
719 446 827 500 τῶν
865 445 1118 500 ἀπλανῶν
1155 445 1230 516 (7)
1265 446 1508 516 ἀστέρων
1540 447 1772 515 σφαῖραν
1801 450 1829 506 Α

1948 441 2060 497 Sub
2091 443 2299 512 sphaera
2329 440 2608 496 stellarum
2643 439 2870 492 fixarum
2905 437 3122 506 ponitur
3161 437 3313 491 stella
3344 435 3443 490 Sa-

225 548 377 602 κεῖται
444 543 647 611 φαίνων
710 543 740 594 6
804 540 896 594 τοῦ
962 540 1169 612 Κρόνου
1235 539 1759 612 προσαγορευόμενος

1907 535 2044 600 urni,
2079 534 2281 590 Grmcis
2331 533 2568 602 φαίνων,
2607 531 2660 585 id
2718 539 2800 587 est
2854 531 3054 597 lucens,
3097 529 3260 584 dicta.
3317 528 3441 585 Ilaec

226 637 396 706 ἁστὴρ.
431 627 598 698 Οὗτος
618 633 706 686 τὸν
735 633 831 703 μὲν
856 631 1119 697 ζωδιακὸν
1141 629 1337 684 κύκλον
1367 631 1423 683 ἐν
1457 630 1600 684 ἔτεσι
1624 629 1666 681 λ’
1697 629 1760 693 ὡς

1910 629 2034 683 tella
2093 626 2378 683 zodiacum
2436 626 2700 679 circulum
2739 625 2792 677 in
2841 623 3064 692 triginta
3123 622 3280 677 annis
3334 621 3444 678 fere

225 731 424 797 ἔγγιστα
475 726 889 796 διαπορεύεται·
953 723 1013 777 τὸ
1071 725 1130 778 δὲ
1180 723 1236 777 ἓν
1286 723 1475 789 ζὼδιον
1523 725 1580 776 ἐν
1623 722 1759 775 δυσὶι

1917 727 2152 788 eragrat,
2189 732 2354 772 unum
2383 730 2516 770 vero
2546 716 2760 785 signum
2792 713 3006 768 duobus
3039 713 3197 767 annis
3218 754 3231 778 ,
3262 721 3316 767 et
3350 729 3447 767 sext

224 819 346 874 ἔτεσι
369 818 458 871 καὶ
480 817 540 882 ἓξ
569 817 748 887 μησίν.
793 817 928 870 Ὑπὸ
965 816 1021 870 δὲ
1047 817 1137 871 τὸν
1166 816 1421 886 φαίνοντα
1447 814 1758 885 κατώτερον

1910 808 2179 863 mensibus.
2209 806 2324 861 Sub
2348 805 2606 870 Saturno,
2637 820 2810 874 eoque
2839 803 3071 858 inferius
3103 802 3274 856 fertur
3295 802 3444 859 Jovis

223 909 364 966 αὐτοῦ
397 910 618 980 φέρεται
667 910 904 974 Φαέθων,
943 913 972 963 6
1011 909 1128 964 :06
1154 909 1321 979 Ζηνὸς
1355 907 1757 980 προσαγορευό-

1909 899 2054 964 tella,
2082 913 2202 968 qua:
2233 895 2436 952 Graecis
2468 895 2683 949 Φαέθων
2705 902 2949 950 vocatur.
2974 892 3233 962 Peragrat
3263 900 3443 947 autem

226 1017 364 1072 μενος
393 979 583 1069 ἀστήρ.
632 991 799 1062 Οὗτος
856 999 912 1052 δὲ
935 1000 1026 1052 τὸν
1057 999 1318 1064 ζωδιακὸν
1345 998 1543 1052 κύκλον
1583 979 1760 1051 διαπο-

1915 994 2090 1060 opiter
2123 990 2404 1045 zodiacum
2439 989 2493 1043 in
2525 987 2812 1043 duodecim
2866 979 3024 1040 annis
3053 1005 3065 1041 :
3112 1001 3280 1039 unum
3317 1001 3445 1039 vero

227 1089 415 1163 ρεύεται
467 1090 524 1142 ἐν
587 1088 653 1159 ιβ’
705 1088 881 1142 ἔτεσι·
911 1089 976 1142 τὸ
1013 1089 1068 1142 δὲ
1105 1089 1162 1144 ἓν
1204 1087 1391 1152 ζώδιον
1436 1091 1492 1143 ἐν
1520 1089 1761 1161 ἐνιαυτῷ.

1912 1085 2089 1153 ignum
2123 1082 2176 1135 in
2206 1095 2350 1134 anno
2374 1095 2503 1134 uno.
2548 1077 2662 1133 Sub
2689 1077 2820 1144 Jove
2853 1078 2956 1133 sita
2987 1085 3069 1132 est
3115 1077 3268 1132 stella
3305 1076 3446 1130 Mar-

233 1183 348 1236 Ὑπὸ
393 1182 448 1236 δὲ
503 1182 701 1235 τοῦτον
753 1181 1011 1235 τέτακται
1053 1183 1294 1253 πυρόεις,
1329 1184 1358 1235 6
1410 1182 1504 1236 τοῦ
1555 1184 1767 1253 Ἀρεος.

1910 1173 1972 1231 is,
2005 1171 2209 1226 Graecis
2257 1170 2480 1240 πυρόεις
2523 1176 2734 1223 vocata.
2788 1166 2912 1221 Ilaec
2956 1167 3108 1222 stella
3161 1167 3444 1220 zodiacum

223 1271 370 1338 Οὗτος
390 1274 443 1327 δὲ
457 1274 550 1326 τὸν
587 1274 689 1344 μὲν
711 1273 972 1338 ζωδιακὸν
1004 1273 1200 1327 κύκλον
1236 1273 1508 1345 διέρχεται
1533 1275 1590 1326 ἐν
1617 1275 1757 1328 δυσὶι

1911 1264 2099 1319 onﬁeit
2132 1263 2289 1317 annis
2344 1261 2557 1316 duobus
2584 1300 2599 1324 ,
2653 1270 2706 1314 et
2741 1275 2838 1315 sex
2889 1258 3172 1312 mensibus
3208 1277 3220 1312 :
3276 1272 3445 1311 unum

224 1368 346 1420 ἔτεσι
379 1369 468 1420 καὶ
515 1367 772 1438 ἐξαμήνῳ
802 1385 817 1398 ·
853 1368 912 1421 τὸ
945 1367 1003 1420 δέ
1031 1365 1220 1433 ζῴδιον
1250 1367 1308 1420 ἐν
1333 1367 1452 1420 δυσὶ
1501 1368 1634 1438 μησὶ
1678 1368 1758 1422 xui

1914 1369 2007 1408 ero
2033 1352 2248 1422 signum
2278 1351 2493 1405 duobus
2539 1349 2842 1411 mensibus,
2886 1358 2940 1402 et
2970 1348 3216 1402 dimidio.
3253 1346 3448 1401 Prosi-

222 1459 402 1528 ἡμίσει.
440 1458 550 1529 Τὴν
607 1459 665 1511 δὲ
693 1459 956 1531 ἐχομένην
1013 1457 1196 1530 χώραν
1257 1459 1477 1528 κατέχει
1527 1461 1554 1512 6
1599 1457 1756 1529 ἥλιος.

1913 1462 2023 1501 tum
2055 1447 2235 1499 locum
2269 1445 2478 1500 obtinet
2509 1443 2621 1507 sol,
2666 1459 2776 1497 uno
2823 1458 2966 1496 anno
3007 1442 3289 1496 zodiacum
3325 1457 3447 1513 per-

224 1549 426 1620 ἐνιαυτῷ
478 1550 934 1621 διαπορευόμενος
958 1552 1049 1604 τὸν
1082 1551 1342 1616 ζωδιακὸν
1370 1550 1589 1612 κύκλον,
1623 1550 1682 1602 τὸ
1712 1550 1758 1603 δὲ

1911 1555 2113 1610 graus:
2150 1554 2316 1592 unum
2356 1545 2538 1591 autem
2565 1535 2778 1606 signum
2820 1549 2929 1588 uno
2954 1533 3063 1589 fere
3095 1550 3302 1587 mense.
3358 1532 3445 1584 I'l-

225 1640 385 1704 ζὼδιον
433 1640 508 1704 ὡς
553 1640 786 1709 ἔγγιστα
830 1641 911 1693 ἐνὶ
947 1641 1093 1713 μηνί.
1124 1639 1448 1712 Κατῶτερος
1486 1639 1543 1693 δέ
1581 1639 1759 1693 τούτοι

1914 1631 2043 1686 :rior
2075 1631 2188 1686 sole
2215 1637 2300 1686 est
2327 1628 2569 1693 Lucifer,
2603 1627 2658 1681 id
2700 1638 2783 1682 est
2841 1627 2999 1681 stella
3030 1625 3280 1680 Veneris.
3321 1623 3448 1679 Ilaec

226 1736 374 1785 κεῖται
396 1733 701 1802 φωσφόρος,
725 1736 752 1786 6
780 1733 880 1803 τῆς
923 1733 1242 1805 Ἀφροδίτης
1286 1734 1480 1804 ἀστὴρ.
1518 1727 1682 1796 Οὗτος
1714 1733 1760 1785 δὲ

1911 1738 1986 1776 are
2019 1721 2212 1791 aequali
2240 1721 2527 1775 velocitate
2559 1733 2683 1772 cum
2733 1716 2848 1771 sole
2879 1723 3150 1770 movetur.
3191 1713 3304 1768 Sub
3338 1714 3445 1768 Vra-

225 1825 285 1886 ὡς
325 1824 537 1892 ἔγγιστα
591 1823 857 1895 ἰσοταχῶς
905 1827 1130 1879 κινεῖται
1182 1823 1260 1896 τῷ
1309 1823 1442 1897 ἡλίῳ
1632 1822 1759 1876 Ὑπέ

1912 1829 2002 1869 ere
2038 1814 2341 1867 collocatur
2371 1809 2626 1865 Mercurii
2664 1809 2842 1872 stella,
2873 1823 2994 1878 qua:
3020 1815 3072 1862 et
3096 1807 3213 1876 ipsa
3242 1806 3341 1859 soli
3364 1813 3446 1860 est

227 1916 457 1970 τοῦτονδέ
492 1919 520 1970 6
548 1917 646 1970 τοῦ
706 1917 910 1990 Ἑρμοῦ
953 1917 1128 1990 ἀστὴρ
1155 1920 1364 1971 κεῖται·
1396 1918 1489 1972 καὶ
1525 1916 1686 1982 αὐτός
1709 1935 1761 1971 τε

1917 1905 2096 1975 qualis
2146 1905 2200 1959 in
2239 1915 2408 1958 motu.
2446 1901 2635 1956 Infima
2675 1901 2918 1954 omnium
2952 1907 3032 1955 est
3080 1897 3267 1961 Luna,
3327 1913 3447 1968 quae

227 2008 457 2078 ἰσοταχῶς
524 2012 756 2062 κινεῖται
781 2009 856 2080 τῷ
909 2009 1063 2081 ἡλίῳ.
1097 2010 1405 2081 Κατωτέρω
1449 2010 1505 2063 δέ
1552 2011 1761 2064 πάντων

1911 2000 2060 2054 iebus
2095 1999 2165 2051 27
2202 1997 2304 2050 U5
2335 1995 2616 2050 zodiacum
2652 1994 2951 2066 percurrit,
2991 2009 3161 2048 unum
3204 2007 3332 2047 vero
3371 1991 3445 2045 si-

228 2100 418 2171 φέρεται
445 2103 476 2171 ἡ
511 2101 710 2173 σελήνη
731 2105 789 2155 ἐν
818 2102 1051 2173 ἡμέραις
1073 2109 1121 2154 κ’
1151 2102 1245 2154 καὶ
1277 2102 1322 2167 ζ’
1349 2103 1444 2156 καὶ
1471 2103 1638 2174 τρίτῳ
1659 2103 1762 2156 δια-

1913 2107 2035 2146 num
2063 2090 2257 2146 diebus
2279 2088 2516 2154 duobus,
2536 2097 2590 2146 et
2617 2103 2728 2144 una
2755 2087 2868 2144 fere
2891 2095 3083 2158 quarta
3110 2095 3261 2157 parte
3285 2085 3447 2140 unius

228 2191 533 2264 πορευομένη
591 2191 688 2246 τὸν
727 2191 988 2256 ζωδιακὸν
1021 2192 1220 2247 κύκλον
1243 2210 1258 2223 ·
1302 2193 1363 2246 τὸ
1396 2192 1453 2246 δέ
1501 2192 1688 2258 ζὼδιον
1714 2195 1770 2248 ἐν
1871 2182 1999 2238 diei-

229 2281 429 2354 ἡμέραις
462 2281 505 2353 β’
541 2283 643 2338 καὶ
683 2284 928 2354 τετάρτῳ
975 2283 1130 2354 μέρει
1166 2284 1266 2356 τῆς
1303 2283 1432 2354 μιᾶς
1454 2282 1667 2354 ἡμέρας
1695 2283 1771 2346 ὡς

229 2377 440 2444 ἔγγιστα.
1145 2374 1153 2380 ’

285 2469 337 2522 Εἰ
387 2470 478 2539 μὲν
501 2464 593 2522 οὖν
641 2469 669 2520 6
703 2469 852 2538 ἥλιος
898 2470 1127 2524 ἐκινεῖτο
1169 2470 1261 2523 ἐπὶ
1306 2469 1415 2523 τῶν
1445 2485 1772 2541 κατηστερι-

1947 2469 2003 2525 Si
2030 2470 2195 2541 igitur
2227 2470 2308 2526 sol
2334 2479 2647 2526 moveretur
2676 2484 2843 2540 super
2885 2469 3221 2544 constellatis
3248 2469 3441 2539 signis,

230 2558 410 2627 σμένῶν
447 2559 677 2624 ζωδίων,
726 2560 941 2623 πάντως
975 2561 1040 2614 ἂν
1077 2561 1316 2628 ἐγίνοντο
1346 2561 1395 2613 οἱ
1439 2559 1638 2630 μεταξὺ
1665 2561 1764 2613 τῶν

1912 2564 2096 2618 nmine
2130 2572 2392 2634 tempora,
2430 2579 2550 2634 qua:
2573 2572 2700 2619 sunt
2734 2563 2874 2618 inter
2905 2563 3161 2627 solstitia.
3192 2570 3246 2617 et
3275 2562 3446 2632 atqui-

229 2648 410 2719 τροπῶν
431 2649 658 2704 καὶτῶν
700 2649 996 2721 ίσημεριῶν
1019 2651 1200 2721 χρόνοι
1227 2652 1333 2704 ἴσοι
1363 2650 1628 2721 ἀλλήλοις.
1662 2651 1763 2714 Τὰς

1911 2653 2075 2718 octia,
2101 2661 2286 2708 essent
2317 2653 2458 2707 inter
2489 2668 2547 2708 se
2571 2652 2821 2721 aequalia.
2880 2650 3144 2720 IEquales
3187 2651 3332 2704 enim
3358 2665 3445 2704 ar-

229 2739 317 2808 γὰρ
349 2742 456 2804 ῖσας
490 2741 846 2813 περιφερείας
877 2742 1138 2812 ἰσοταχῶς
1171 2741 1506 2814 κινούμενος,
1547 2742 1763 2811 ὤφειλεν

1914 2764 1991 2811 us,
2015 2761 2138 2800 eum
2167 2746 2449 2815 aequaliter
2471 2754 2800 2809 moveretur,
2819 2745 2874 2798 in
2905 2743 3240 2813 temporibus
3266 2759 3448 2813 atqua-

230 2831 276 2884 ὲν
297 2832 412 2896 iam;
432 2833 668 2886 διανύειν
690 2834 920 2903 χρόνοις,
939 2834 1168 2904 Ὁμοίως
1187 2835 1243 2888 δέ
1270 2836 1318 2887 εί
1347 2836 1441 2888 καὶ
1467 2834 1764 2907 κατώτεροι

1916 2840 2017 2894 bus
2072 2838 2385 2893 conficeret.
2441 2835 2725 2901 Similiter,
2759 2837 2804 2892 si
2859 2837 2942 2890 sol
2987 2835 3129 2890 infra
3161 2836 3445 2891 zodiacum

229 2923 306 2977 τοῦ
332 2925 576 2990 ζωδιακοῦ
605 2925 812 2979 κύκλου
837 2927 1132 2998 φερόμενος
1161 2929 1188 2980 6
1212 2929 1383 2998 ἥλιος,
1412 2929 1538 2998 περὶ
1568 2927 1628 2980 τὸ
1645 2927 1763 2980 αὐτὶ

1909 2939 2124 2992 arretur,
2160 2940 2213 2984 et
2237 2937 2549 2984 moveretur
2569 2929 2718 2984 circa
2747 2930 2888 2983 idem
2915 2935 3160 2982 centrum
3193 2928 3402 2982 zodiaci
3429 2945 3443 2983 τ

231 3015 420 3089 κέντρον
475 3021 710 3073 ἐκινεῖτο
759 3019 837 3091 τῷ
875 3020 1122 3092 ζωδιακῷ
1151 3021 1354 3091 κύκλῳ,
1389 3023 1482 3074 καὶ
1508 3020 1678 3084 οὕτως
1709 3021 1765 3074 ἂν

1913 3037 2056 3076 tmen
2091 3021 2254 3076 etiam
2294 3020 2374 3076 sic
2407 3027 2692 3090 tempora,
2723 3035 2843 3090 quae
2875 3023 3002 3074 sunt
3033 3018 3175 3071 inter
3213 3017 3447 3072 solstitia

233 3109 434 3176 ἐγίνοντο
477 3113 523 3164 οἱ
565 3111 774 3181 μεταξὺ
808 3112 916 3166 τῶν
948 3113 1164 3185 τροπῶν
1199 3114 1293 3166 καὶ
1329 3113 1438 3166 τῶν
1478 3112 1767 3184 ίσημεριῶν

1913 3114 2326 3185 taequinoctia,
2388 3120 2582 3168 essent
2612 3112 2755 3166 inter
2807 3127 2865 3166 se
2923 3110 3192 3181 aequalia;
3255 3124 3447 3164 omnes

234 3199 383 3269 χρόνοι
404 3201 520 3256 ἴσοι.
551 3203 762 3265 Πάντες
781 3203 890 3275 γὰρ
920 3206 968 3257 σί
997 3205 1124 3275 περὶ
1151 3203 1210 3257 τὸ
1235 3204 1366 3257 αὐτὸ
1387 3206 1609 3276 κέντρον
1640 3223 1768 3276 γρα-

1909 3211 2020 3260 nim
2053 3206 2242 3260 circuli
2269 3247 2284 3270 ,
2339 3205 2434 3275 qui
2464 3206 2610 3258 circa
2654 3204 2795 3258 idem
2832 3212 3080 3258 centrum
3112 3209 3400 3256 moventur
3428 3239 3443 3263 ,

235 3288 422 3360 φάμενοι
483 3293 527 3324 ¹⁰
579 3291 772 3346 κύκλοι
824 3294 1024 3363 ὁμοίως
1074 3294 1180 3347 61:6
1221 3296 1261 3326 ¹¹
1309 3295 1419 3348 τῶν
1468 3296 1769 3367 διαμέτρων

2003 3299 2126 3352 liter
2153 3313 2181 3350 a
2211 3296 2496 3351 diametris
2518 3294 2854 3349 dividuntur.
2883 3293 3094 3364 Itaque,
3113 3309 3234 3348 cum
3260 3292 3445 3347 zodia-
3530 3283 3531 3290 “

233 3377 548 3452 διαιροῦνται.
567 3386 754 3448 Ὥστε,
777 3385 901 3438 ἐπεῚν¹
920 3387 948 3438 6
972 3385 1232 3450 ζωδιακὸς
1244 3387 1440 3450 κύκλος
1461 3389 1539 3451 είς
1563 3387 1603 3440 δ’
1631 3388 1767 3459 μέρη

1912 3409 1972 3448 us
1998 3392 2055 3446 in
2090 3399 2325 3462 quatuor
2354 3400 2536 3460 partes
2585 3389 2821 3459 aequales
2853 3387 3130 3442 dividatur
3160 3403 3188 3440 a
3238 3386 3446 3440 diame-

237 3469 310 3524 ῐσα
329 3472 592 3545 διαιρεῖται
651 3477 757 3529 61:6
795 3477 903 3530 τῶν
942 3478 1268 3548 διαμέτρων,
1297 3478 1407 3532 τῶν
1439 3479 1508 3533 τὰ
1536 3481 1771 3550 τροπικὰ

1913 3487 1992 3551 -ἱε,
2031 3501 2152 3557 quae
2183 3491 2384 3555 puncta
2424 3483 2734 3539 solstitialia
2766 3490 2820 3537 et
2856 3482 3261 3553 :equinoctialia
3313 3497 3447 3534 con-

236 3564 312 3616 καὶ
341 3566 613 3638 ἰσημερινὰ
661 3571 860 3637 σημεῖα
894 3569 1362 3638 ἐπιζευγνυουσῶν
1384 3611 1397 3635 ,
1432 3572 1644 3644 ἀνάγκη
1677 3573 1770 3628 ml.

1915 3585 2098 3633 ectunt
2128 3597 2141 3630 :
2183 3577 2498 3632 necessario
2529 3577 2691 3630 etiam
2739 3575 2935 3630 solaris
2986 3575 3227 3629 circulus
3257 3573 3322 3627 ab
3352 3573 3449 3626 iis-

234 3656 308 3709 τὸν
323 3659 525 3728 ἡλιακὸν
568 3661 770 3716 κύκλον
808 3665 887 3726 είς
924 3664 966 3716 δ’
996 3664 1134 3736 μέρη
1170 3665 1490 3736 διαιρεῖσθαι
1543 3667 1632 3720 ἴσα
1669 3666 1768 3719 ύπὸ

1911 3687 1993 3724 em
2022 3670 2309 3725 diametris
2335 3670 2388 3721 in
2414 3679 2649 3738 quatuor
2680 3676 2862 3738 partes
2891 3668 3127 3737 aequales
3150 3667 3443 3721 dividetur.

235 3748 322 3802 τῶν
355 3752 518 3806 αὐτῶν
561 3753 889 3831 διαμέτρων.
953 3757 1234 3827 ’ἰσοταχῶς
1273 3753 1366 3811 οὖν
1404 3758 1769 3829 κινούμενοςὸ

1921 3777 2009 3814 um
2045 3761 2212 3830 igitur
2246 3760 2327 3814 sol
2352 3775 2516 3830 super
2543 3759 2762 3829 propria
2797 3757 3238 3814 circumferentia
3265 3774 3447 3828 mqua-

235 3840 358 3908 ἣλιος
381 3844 465 3897 ἐπὶ
491 3846 587 3917 τῆς
616 3846 755 3908 ιδίας
797 3847 1147 3917 περιφερείας
1181 3888 1195 3911 ,
1247 3847 1393 3911 ῐσους
1431 3848 1496 3901 ἂν
1529 3849 1769 3902 ἐπετέλει

1917 3859 1998 3907 ter
2020 3859 2323 3913 moveatur,
2357 3861 2605 3921 tempora
2651 3849 3016 3920 quadrantum
3053 3850 3259 3904 zodiaci
3307 3851 3448 3906 inter

236 3935 339 3998 τοὺς
357 3937 454 3990 τῶν
477 3937 916 4011 τεταρτημορίων
937 3938 1179 4009 χρόνους.
1209 3939 1347 3992 Νυνὶ
1378 3939 1434 3993 δέ
1465 3940 1672 3994 κατώτε
1683 3957 1770 4012 ρον

1914 3958 1932 3997 3
1960 3943 2189 4013 aequalia
2227 3943 2480 3998 efficeret.
2514 3943 2583 3997 At
2611 3958 2760 3998 nunc
2791 3942 3024 3998 inferius
3057 3942 3230 3997 fertur
3260 3943 3362 4007 sol,
3393 3948 3448 3996 et

237 4025 426 4094 φέρεται
449 4033 475 4083 6
501 4032 672 4100 ἥλιος,
713 4031 808 4085 καὶ
841 4032 932 4084 ἐπὶ
963 4031 1253 4101 ἐκκέντρου
1283 4032 1482 4085 κύκλου
1516 4035 1770 4099 κινεῖται,

1915 4053 2036 4106 uper
2053 4037 2366 4092 excentrico
2392 4035 2599 4090 circulo
2630 4044 2876 4090 movetur
2903 4053 2916 4088 :
2951 4035 3093 4088 sicut
3123 4033 3292 4102 figura
3319 4032 3449 4087 sub-

237 4116 453 4188 καθάπερ
500 4123 932 4195 ὑπογέγραπται.
983 4122 1057 4174 Ού
1112 4121 1221 4194 γὰρ
1260 4122 1325 4174 τὸ
1371 4122 1500 4175 αὐτὸ
1548 4122 1770 4194 κέντρον

1913 4130 2085 4198 cripta
2118 4129 2377 4183 ostendit.
2409 4127 2529 4183 Non
2564 4127 2878 4182 enimidem
2907 4135 2990 4181 est
3019 4133 3265 4179 centrum
3297 4124 3444 4178 sola-

236 4207 331 4261 ἐστὶ
354 4213 439 4265 τοῦ
466 4214 692 4284 ἡλιακοῦ
719 4214 917 4268 κύκλου
949 4215 1042 4268 καὶ
1074 4213 1167 4267 τοῦ
1207 4214 1505 4279 ζωδιακοῦ·
1539 4215 1656 4268 ἀλλ’
1686 4217 1770 4284 ἐφ’

1911 4220 1950 4274 is
1993 4219 2229 4286 circuli,
2270 4225 2324 4274 et
2373 4218 2618 4274 zodiaci:
2651 4217 2746 4273 sed
2796 4231 2988 4272 versus
3038 4230 3201 4269 unam
3239 4219 3445 4283 partem

236 4297 282 4349 ἓν
313 4301 348 4332 ¹²
374 4303 527 4374 μέρος
577 4305 867 4379 ,παρῆκται
920 4308 953 4377 ἡ
985 4305 1077 4359 τοῦ
1118 4306 1281 4378 ἡλίου.
1318 4309 1540 4379 σφαῖρα.
1578 4307 1675 4360 Διὰ
1716 4307 1770 4360 δέ

1913 4309 2110 4364 dducta
2143 4318 2228 4365 est
2265 4311 2400 4366 solis
2455 4310 2688 4380 sphazra.
2732 4307 2964 4378 Propter
3010 4307 3170 4361 talem
3209 4304 3447 4376 positum

235 4389 316 4461 τὴν
339 4395 577 4468 τοιαύτην
606 4397 756 4450 Θέσιν
791 4400 870 4460 είς
891 4398 1129 4469 τέσσαρα
1149 4397 1287 4470 μέρη
1309 4398 1469 4452 ἄνισα
1483 4399 1769 4471 διαιρεῖται

1913 4415 1933 4453 1
1964 4410 2202 4470 quatuor
2235 4409 2417 4472 partes
2457 4401 2752 4471 inmquales
2790 4398 3054 4454 dividitur
3100 4398 3296 4453 solaris
3324 4412 3447 4450 cur-

235 4481 474 4553 δὴλιακδς
497 4487 726 4560 δρόμος·
774 4491 869 4544 καὶ
906 4491 1113 4557 γίνεται
1154 4491 1384 4561 μεγίστη
1417 4492 1513 4561 μὲν
1547 4491 1769 4563 περιφέ-

1914 4508 1979 4548 us
2013 4513 2026 4546 :
2068 4502 2122 4547 et
2153 4493 2209 4546 fit
2231 4495 2503 4549 maximus
2531 4509 2715 4557 arcus,
2750 4491 2845 4562 qui
2867 4491 3012 4545 cadit
3043 4491 3146 4546 sub
3175 4489 3447 4560 quadran-

239 4579 836 4648 ρειαὴύποπεπτωκυῖα
885 4581 988 4635 ὑπὸ
1015 4582 1076 4634 τὸ
1120 4581 1214 4634 τοῦ
1259 4582 1524 4646 ζωδιακοῦ
1569 4582 1768 4636 κύκλου

1912 4599 1984 4638 ΞΠ]
2018 4584 2225 4638 zodiaci
2266 4601 2390 4640 eum
2417 4625 2432 4651 ,
2481 4586 2573 4656 qui
2608 4595 2691 4642 est
2728 4585 2797 4639 ab
2825 4583 3022 4640 Arietis
3073 4583 3250 4654 primo
3277 4583 3446 4654 gradu

235 4673 650 4743 τεταρτημόριον,
699 4673 760 4726 τὸ
806 4674 915 4726 ἀπὸ
959 4672 1053 4726 τοῦ
1099 4673 1270 4743 Κριοῦ
1302 4679 1350 4728 α’
1387 4675 1580 4745 μοίρας
1609 4674 1768 4746 μέχρι

1920 4690 2053 4745 sque
2087 4675 2155 4729 ad
2192 4676 2545 4733 Geminorum
2583 4677 2811 4749 gradum
2852 4674 3190 4730 tricesimum
3224 4694 3238 4730 :
3287 4675 3448 4728 mini-

236 4755 451 4828 Διδύμων
473 4762 533 4825 λ’,
553 4763 806 4835 ἐλαχίστη
829 4764 886 4818 δέ
915 4765 1290 4836 περιφέρειαὴ
1322 4767 1548 4837 κειμένη
1578 4766 1682 4819 ὑπὸ
1708 4766 1770 4818 τὸ

1949 4783 2002 4821 us
2030 4783 2160 4821 vero
2199 4783 2381 4832 arcus,
2411 4769 2505 4840 qui
2557 4769 2766 4839 positus
2825 4775 2912 4821 est
2968 4766 3069 4820 sub
3123 4781 3188 4820 eo
3241 4761 3483 4818 zodiaci-

236 4853 624 4925 τεταρτημόριον
642 4855 702 4907 τὸ
721 4855 1008 4925 ἀπὸΖυγοῦ
1035 4855 1083 4911 α’
1111 4857 1324 4928 μοίρας,
1352 4857 1766 4929 μέχριΤοξότου

1935 4860 2213 4926 tadrante,
2244 4863 2334 4932 qui
2365 4873 2450 4919 est
2478 4879 2507 4916 a
2536 4865 2712 4934 primo
2745 4861 2915 4932 gradu
2949 4858 3146 4924 Librae,
3178 4873 3350 4928 usque
3379 4855 3469 4912 ad.

242 4939 407 5008 μοίρας
429 4943 490 4998 λ’.

1926 4953 2220 5024 ’ἰοεείιηιιιη
2254 4954 2480 5025 gradum
2513 4953 2814 5025 Sagittarii.
3455 4941 3460 4947 I

305 5092 442 5166 ¹⁰γρι
480 5101 782 5174 φερόμενοι.
862 5104 903 5134 ¹¹
939 5119 1028 5172 γρ.
1057 5103 1168 5157 ἐπί.
1247 5104 1293 5135 η
1313 5122 1400 5174 πο.
1435 5104 1530 5173 ὑφ’
1554 5103 1636 5161 έν,

296 5275 363 5346 (⁷)
403 5278 542 5357 ’Υπρ
592 5282 659 5336 δὲ
686 5285 812 5357 dp:
844 5283 980 5357 τῶν·
1004 5280 1308 5339 ἀπλανῶν.
1360 5282 1481 5357 [hec
1516 5283 1764 5357 planetay
1874 5284 2118 5357 γομένων
2164 5285 2419 5340 ἀπλανῶν
2470 5286 2586 5357 μία,
2619 5286 2728 5340 τῶν
2766 5290 2837 5357 η’·
2869 5285 2984 5354 τὴν
3019 5285 3137 5357 ἀπὸ,
3159 5283 3266 5357 τῶν
3299 5283 3449 5357 ἑῴων

238 5353 625 5428 runt-voeabula
653 5355 729 5428 ab_
749 5353 1308 5428 Aggyptiis‘manasse
1342 5355 1534 5428 scribit
1562 5353 1762 5428 Firmi-

1912 5357 1961 5428 ντὶ
1992 5354 2060 5428 τὸι
2081 5357 2313 5428 ἑσπέρια
2341 5353 2564 5428 εἱλεῖται
2596 5353 2869 5428 περίοδον,
2894 5353 3019 5408 nam
3053 5355 3222 5428 vulgo,
3252 5355 3446 5422 legitur

239 5417 430 5500 glislib.
463 5434 523 5484 ιι,
552 5439 665 5500 cap.
703 5417 1044 5500 2._l\fércu‘rii
1081 5439 1278 5500 nomen
1306 5423 1687 5500 omissumnhie
1727 5439 1758 5478 a
1870 5424 2001 5494 μία,
2036 5417 2352 5500 ἢτήν,ὀιο.
2391 5417 3036 5500 Octo—quippesphzeras
3061 5417 3270 5486 statuit,
3304 5417 3443 5493 qua-

239 5479 463 5568 ﬂemina.
492 5479 576 5547 vel
614 5479 828 5568 Iibrario
875 5495 1076 5568 potius.
1138 5494 1231 5568 Est
1275 5493 1753 5568 autem‘nilﬁwv.
1867 5479 3164 5568 rum,uitalestiquzefiitascontinenreliqute
3197 5479 3444 5550 suntse-

240 5547 310 5636 De.
327 5547 647 5636 planetarum
666 5547 1075 5636 imotibusLsivo
1089 5547 1454 5636 sphaerarum,
1474 5564 1530 5618 in
1556 5547 1754 5636 quibus
1863 5547 2028 5636 ptem.

241 5623 519 5714 fglfutptur,
549 5633 731 5714 eadem
757 5623 1355 5714 habet'Philo'inljbt-o
1378 5623 1448 5688 οὲ
1468 5623 1750 5714 cherubim,
1863 5623 1880 5635 ’
1934 5635 2009 5703 (8)
2068 5632 2279 5690 Absunt
2338 5635 2454 5691 haec
2503 5633 2570 5691 de
2637 5633 2916 5694 Mercurio
2983 5637 3052 5693 ab
3108 5635 3322 5710 Anglic.
3389 5643 3459 5692 et.

241 5695 336 5784 fil?
366 5695 513 5784 ςξιὶηέ
557 5703 709 5772 Cujus
753 5706 915 5784 verba
949 5707 1476 5784 _cor‘rige_nda_sunt,
1529 5695 1751 5784 pag.‘73

557 5703 709 5772 cujus
753 5706 915 5784 verba
949 5707 1476 5784 _cor‘rige_nda_sunt,
1529 5695 1751 5784 pag._73
1864 5695 2070 5761 nostro.

242 5760 353 5818 edit.
383 5760 592 5839 om,
621 5760 729 5830 ver.
756 5771 895 5830 Οῦν·
939 5777 971 5845 ἡ
1009 5760 1218 5847 μινυοῠν
1261 5760 1511 5844 tamam
1529 5760 1748 5830 ὶῶτιλε-
