3886 6268
479 410 583 469 755

547 526 699 585 Unde
742 540 869 581 cum
909 524 993 580 sol
1036 540 1202 596 super
1234 525 1456 596 proprio
1508 525 1713 580 circulo
1764 524 2044 595 aequaliter
2070 544 2119 600 Α

471 627 778 682 moveatur,
812 617 953 672 idem
988 617 1372 673 convenienter
1402 617 1693 687 inaequales
1751 631 1912 671 arcus
1954 616 2041 672 sui

470 711 664 766 circuli
679 708 1039 779 inaequalibus
1060 708 1396 779 temporibus
1424 708 1731 771 coniicit,ac
1748 707 2041 761 maximum

470 802 689 874 quidem
726 815 913 854 arcum
967 800 1243 863 maximo,
1297 799 1582 853 minimum
1639 813 1769 853 vero
1815 797 2040 853 minimo

469 904 715 965 tempore
749 892 968 947 transit.
997 892 1067 945 At
1102 907 1225 946 cum
1253 892 1550 945 maximum
1581 904 1767 943 arcum
1790 890 1874 944 sui
1914 903 2042 959 pro-

471 987 575 1058 prii
599 985 790 1041 circuli
821 991 1093 1055 peragrat,
1122 991 1254 1037 tunc
1281 997 1405 1037 eum
1442 980 1650 1036 zodiaci
1680 979 2039 1051 quadrantem

470 1076 731 1140 conficit,
781 1074 875 1144 qui
906 1080 990 1129 est
1040 1072 1182 1127 inter
1230 1069 1615 1141 aequinoctium
1652 1082 1920 1131 vernum,
1983 1072 2041 1120 et

469 1168 768 1225 solstitium
800 1165 1091 1230 aestivum;
1139 1179 1263 1217 cum
1294 1176 1423 1217 vero
1473 1177 1568 1230 per
1607 1160 1891 1219 minimum
1943 1174 2034 1213 ar-

470 1278 594 1317 cum
618 1263 702 1315 sui
743 1258 947 1331 praprii
976 1257 1169 1312 circuli
1206 1262 1475 1319 movetur,
1508 1262 1638 1308 tunc
1668 1268 1793 1307 eum
1826 1251 2037 1308 zodiaci

472 1354 828 1424 quadrantem
860 1353 1163 1422 percurrit,
1221 1348 1316 1418 qui
1361 1357 1446 1403 est
1476 1347 1617 1401 inter
1650 1345 2037 1416 :equinoctium

471 1443 783 1500 autumnale
810 1448 864 1497 et
888 1439 1184 1495 solstitium
1234 1437 1544 1493 hibernum.
1577 1436 1712 1491 Cum
1746 1436 1911 1506 igitur
1954 1437 2038 1489 in-

472 1537 704 1608 aequales
758 1548 920 1589 arcus
965 1532 1161 1587 solaris
1204 1529 1397 1584 circuli
1433 1528 1538 1583 sub
1594 1528 1827 1597 aequales
1874 1541 2036 1583 arcus

472 1628 679 1684 zodiaci
702 1626 918 1689 cadant,
944 1637 1170 1678 necesse
1200 1629 1285 1677 est
1327 1620 1613 1689 inznqualia
1652 1619 1768 1673 ﬁeri
1790 1627 2037 1687 tempora

471 1727 611 1774 mter
635 1733 712 1783 se,
752 1732 874 1787 qua:
914 1723 1043 1770 sunt
1081 1715 1224 1768 inter
1273 1711 1581 1768 solstitialia
1610 1719 1663 1766 et
1689 1709 2038 1780 aequinoctia-

471 1813 537 1867 Iia
564 1820 802 1882 puncta:
855 1816 908 1865 et
940 1806 1236 1863 maximum
1265 1805 1485 1875 quidem
1536 1803 1621 1870 id,
1670 1804 1813 1874 quod
1842 1811 1926 1858 est
1967 1804 2034 1858 ab

1458 407 1551 461 AD
1588 407 1857 463 EUSEBII
1894 406 2289 467 CHRONICON
2328 408 2692 465 APPENDIX.

3639 402 3741 461 756

2218 528 2379 583 Ὅθεν
2406 529 2642 597 εὐλόγως
2682 529 2711 580 ὁ
2758 527 2928 597 ἥλιος,
2964 523 3223 595 ἰσοταχῶς
3263 522 3611 593 κινούμενος
3649 522 3740 577 ἐπὶ

2140 619 2234 674 τοῦ
2266 619 2393 673 ἰδίου
2423 619 2644 683 κύκλου,
2673 619 2770 682 τὰς
2796 616 3013 681 ἀνίσους
3041 616 3410 689 περιφερείας
3436 616 3499 668 ἐν
3533 614 3742 683 ἀνίσοις

2141 713 2351 785 χρόνοις
2373 712 2680 785 διέρχεται·
2716 713 2810 766 καὶ
2829 711 2925 783 τὴν
2952 712 3049 783 μὲν
3080 711 3352 782 μεγίστην
3372 710 3435 761 ἐν
3470 708 3735 780 μεγίστῳ,

2139 804 2239 875 τὴν
2268 803 2325 857 δὲ
2371 804 2657 876 ἐλαχίστην
2696 806 2755 858 ἐν
2800 802 3065 873 ἐλαχίστῳ
3088 803 3262 874 χρόνῳ
3313 798 3733 871 διαπορεύεται.

2153 895 2290 949 Ἀλλ’
2318 897 2445 949 ὅταν
2486 896 2582 966 μέν
2614 895 2710 967 τὴν
2761 894 3020 966 μεγίστην
3063 892 3435 964 περιφέρειαν
3494 891 3592 943 ἐπὶ
3645 889 3734 942 τοῦ

2143 985 2272 1038 ἰδίου
2301 984 2501 1039 κύκλου
2533 984 2746 1058 διανύῃ,
2763 984 2883 1038 τότε
2914 981 3199 1055 παροδεύει
3232 982 3295 1035 τὸ
3326 980 3432 1034 τοῦ
3466 978 3734 1044 ζωδιακοῦ

2137 1079 2563 1149 τεταρτημόριον
2584 1077 2645 1130 τὸ
2675 1077 2783 1130 ἀπὸ
2818 1075 3106 1147 ἰσημερίας
3148 1074 3381 1145 ἐαρινῆς
3417 1073 3587 1143 μέχρι
3617 1089 3736 1142 τρο-

2139 1168 2249 1238 πῆς
2273 1170 2519 1241 θερινῆς·
2551 1170 2676 1223 ὅταν
2701 1169 2756 1221 δὲ
2784 1170 2882 1239 τὴν
2922 1166 3208 1237 ἐλαχίστην
3238 1165 3621 1236 περιφέρειαν
3646 1165 3734 1219 ἐπὶ

2136 1259 2229 1312 τοῦ
2265 1259 2392 1312 ἰδίου
2421 1258 2621 1312 κύκλου
2654 1258 2887 1330 κινῆται,
2918 1257 3037 1310 τότε
3073 1254 3372 1327 παροδεύει
3405 1253 3506 1306 τοῦ
3542 1252 3731 1317 ζωδια-

2137 1351 2235 1404 κοῦ
2260 1350 2320 1404 τὸ
2361 1350 2809 1421 τεταρτημόριον,
2852 1348 2915 1402 τὸ
2940 1348 3049 1402 ἀπὸ
3075 1346 3374 1419 ἰσημερίας
3400 1344 3732 1416 φθινοπωρι-

2136 1444 2233 1514 νῆς
2297 1443 2458 1514 μέχρι
2516 1438 2733 1513 τροπῆς
2771 1440 3105 1512 χειμερινῆς.
3189 1439 3351 1492 Ἐπεὶ
3394 1434 3496 1490 οὖν
3563 1438 3728 1491 ἄνισοι

2137 1534 2479 1606 περιφέρειαι
2536 1533 2629 1586 τοῦ
2696 1531 2920 1603 ἡλιακοῦ
2984 1530 3183 1585 κύκλου
3247 1531 3363 1583 ὑπὸ
3406 1530 3538 1594 ἴσας
3586 1543 3728 1602 περι-

2138 1626 2356 1697 φερείας
2419 1624 2513 1678 τοῦ
2595 1623 2857 1689 ζωδιακοῦ
2932 1622 3131 1676 κύκλου
3204 1621 3682 1675 ὑποπεπτώκασιν
3708 1662 3723 1683 ,

2135 1718 2346 1790 ἀνάγκη
2385 1719 2601 1782 ἀνίσους
2637 1716 2883 1786 γενεσθαι
2918 1718 3044 1780 τοὺς
3085 1717 3194 1769 ἀπὸ
3238 1714 3357 1768 τῶν
3382 1713 3612 1786 τροπῶν
3638 1713 3724 1784 μέ-

2135 1828 2225 1883 χρι
2291 1812 2400 1865 τῶν
2470 1810 2768 1883 ἰσημεριῶν
2818 1810 3080 1880 χρόνους·
3136 1809 3230 1863 καὶ
3295 1808 3569 1878 μέγιστον
3632 1807 3721 1877 μὲν

470 1901 830 1973 aequinoctiali
883 1907 1087 1971 puncto
1145 1912 1313 1952 verno
1383 1910 1558 1965 usque
1612 1895 1681 1950 ad
1750 1895 2036 1951 solstitiale

2139 1905 2222 1957 τὸν
2263 1905 2371 1958 ἀπὸ
2414 1903 2700 1975 ἰσημερίας
2740 1904 2960 1974 ἐαρινῆς
3004 1901 3162 1974 μέχρι
3207 1900 3433 1973 τροπῆς
3472 1899 3717 1970 θερινῆς,

468 2003 728 2065 punctum
758 1992 1006 2048 aestivum
1038 2008 1051 2045 :
1094 1989 1377 2043 minimum
1406 2002 1537 2043 vero
1572 1987 1648 2052 id,
1675 1986 1821 2058 quod
1855 1994 1939 2042 est
1967 1987 2036 2042 ab

468 2084 830 2155 cquinoctiali
870 2090 1072 2154 puncto
1105 2081 1409 2135 autumnali
1442 2094 1614 2149 usque
1649 2078 1715 2133 ad
1746 2078 2037 2135 solstitiale

467 2186 728 2249 punctum
755 2176 1061 2231 hibernum.
1100 2172 1192 2227 Sol
1220 2174 1385 2244 igitur
1417 2179 1683 2242 perpetuo
1706 2170 1761 2244 ἧ.
1786 2179 2038 2225 movetur

466 2270 803 2340 equaliter:
866 2268 960 2323 sed
1028 2275 1247 2337 propter
1309 2265 1775 2321 excentricitatem
1839 2264 2036 2320 solaris

463 2362 691 2433 sphaerae.
739 2359 1077 2430 temporibus
1133 2357 1495 2428 inaequalibus
1543 2356 1780 2426 aequales
1825 2354 2034 2410 zodiaci

465 2457 796 2528 quadrantes
823 2453 1063 2510 conficit.
1097 2451 1326 2521 Propter
1348 2449 1594 2507 eamdem
1624 2464 1842 2505 causam
1870 2449 2034 2503 etiam

464 2548 691 2619 aequalia
721 2548 875 2618 signa
911 2547 967 2600 in
1014 2545 1350 2616 temporibus
1389 2543 1748 2614 inaequalibus
1795 2543 1879 2599 sol
1911 2558 2036 2614 per-

462 2649 636 2713 agrat.
671 2639 730 2695 Si
758 2640 900 2694 enim
920 2639 988 2693 ab
1008 2637 1445 2693 extremitatibus
1468 2635 2033 2691 dodecatemoriorum

462 2734 531 2789 ad
583 2742 830 2788 centrum
892 2731 1100 2785 zodiaci
1150 2740 1538 2785 connectamus
1582 2729 1755 2784 lineas
1803 2736 2033 2783 rectas:

461 2823 921 2896 quemadmodum
952 2822 1123 2894 ﬁgura
1160 2824 1469 2892 subscripta
1496 2820 1757 2884 ostendit,
1788 2821 1891 2877 erit
1920 2820 2037 2891 qui-

460 2919 585 2973 dem
617 2917 874 2972 zodiacus
900 2918 956 2970 in
990 2915 1275 2995 duodecim
1309 2924 1490 2987 partes
1518 2916 1757 2985 aequales
1780 2914 1991 2970 divisus
2018 2932 2032 2968 :

460 3011 596 3065 solis
625 3026 755 3066 vero
781 2995 1267 3079 circulus'propter
1289 3008 1754 3063 excentricitatem
1799 3007 1856 3062 in
1897 3006 2028 3061 duo.

460 3101 637 3158 decim
656 3110 839 3172 partes
856 3100 1150 3171 inaequales
1175 3098 1385 3155 divisus
1409 3118 1423 3155 :
1448 3114 1511 3154 ac
1530 3100 1800 3155 maximus
1815 3099 2034 3170 quidem

460 3209 623 3251 arcus
650 3192 705 3248 in
732 3193 898 3249 solari
927 3191 1132 3247 circulo
1153 3190 1255 3246 erit
1275 3191 1384 3258 ille,
1407 3190 1499 3261 qui
1523 3199 1606 3247 est
1628 3192 1730 3247 sub
1750 3191 1989 3248 Geminis
2014 3210 2029 3248 :

463 3288 722 3346 minimus
759 3300 922 3355 vero,
967 3284 1059 3359 qui
1110 3293 1193 3341 est
1222 3283 1326 3339 sub
1359 3281 1665 3356 Sagittario.

2137 1994 2417 2065 ἐλάχιστον
2493 1995 2551 2047 δέ
2614 1995 2706 2048 τὸν
2789 1993 2900 2047 ἀπὸ
2957 1992 3245 2063 ἰσημερίας
3316 1990 3717 2062 φθινοπωρινῆς

2139 2086 2301 2157 μέχρι
2330 2086 2537 2159 τροπῆς
2563 2085 2899 2157 χειμερινῆς.
2916 2085 2974 2136 '0
2998 2085 3094 2154 μὲν
3116 2080 3209 2136 οὖν
3225 2083 3388 2154 ἥλιος
3414 2082 3507 2137 διὰ
3530 2083 3719 2148 παντὸς

2139 2178 2400 2250 ἰσοταχῶς
2451 2182 2701 2232 κινεῖται.
2761 2177 2858 2230 Διὰ
2903 2176 2959 2229 δὲ
3014 2176 3113 2247 τὴν
3170 2176 3589 2249 ἐκκεντρότητα
3624 2176 3714 2246 τῆς

2139 2271 2366 2343 ἡλιακῆς
2392 2270 2626 2342 σφαίρας
2665 2271 2723 2323 ἐν
2754 2271 2958 2334 ἀνίσοις
2986 2270 3197 2341 χρόνοις
3221 2268 3619 2341 διαπορεύεται
3651 2268 3712 2321 τὰ

2136 2362 2229 2415 τοῦ
2263 2362 2528 2428 ζωδιακοῦ
2554 2363 2977 2433 τεταρτημόρια.
2999 2360 3097 2414 Διά
3123 2360 3179 2414 δὲ
3207 2360 3316 2433 τὴν
3349 2362 3527 2432 αὐτὴν
3548 2361 3708 2413 αἰτίαν

2135 2454 2232 2507 καλ⁸
2258 2453 2326 2506 τὰ
2349 2452 2439 2505 ἴσα
2473 2451 2636 2515 ζῴδια
2683 2454 2741 2506 ἐν
2764 2452 2969 2516 ἀνίσοις
2992 2452 3224 2524 ’χρόνοις
3276 2452 3662 2523 διαπορεύεται
3682 2452 3710 2506 ὀ

2133 2545 2302 2616 ἥλιος.
2355 2545 2479 2599 Ἐὰν
2502 2546 2609 2617 γὰρ
2637 2546 2743 2599 ἀπὸ
2772 2546 2879 2600 τῶν
2906 2545 3155 2618 περάτων
3194 2544 3308 2600 τῶν
3343 2546 3706 2616 δωδεκατημο-

2137 2640 2268 2711 ρίων
2317 2639 2410 2691 ἐπὶ
2464 2638 2526 2692 τὸ
2572 2639 2795 2709 κέντρον
2831 2636 2925 2692 τοῦ
2970 2637 3231 2702 ζωδιακοῦ
3266 2638 3481 2693 κύκλου
3511 2637 3706 2701 ἐπιζεύ-

2137 2730 2314 2803 ξωμεν
2339 2731 2571 2797 εὐθείας,
2599 2730 2852 2803 καθάπερ
2888 2732 3311 2804 ὑπογέγραπται
3335 2774 3350 2800 ,
3385 2733 3538 2786 ἔσται
3564 2733 3593 2785 ὁ
3617 2730 3701 2802 μὲν

2134 2824 2242 2877 τῶν
2281 2822 2486 2887 ζωδίων
2518 2824 2715 2893 κύκλος
2748 2825 2828 2887 εἰς
2853 2823 2918 2894 ιβ’
2942 2824 3083 2896 μέρη
3109 2824 3199 2879 ίσα
3220 2824 3575 2898 διῃρημένος,
3606 2827 3633 2877 ὁ
3653 2822 3701 2877 δὲ

2135 2912 2228 2967 τοῦ
2253 2913 2403 2984 ὴλίου
2424 2913 2621 2978 κύκλος
2648 2913 2737 2968 διὰ
2780 2914 2879 2985 τὴν
2912 2916 3317 2989 ἐκκεντρὸτητα
3345 2919 3429 2980 εἰς
3475 2914 3540 2986 ιβ’
3573 2913 3696 2987 μέρη

2135 3009 2298 3063 ἄνισα
2341 3009 2704 3083 διῃρημένος
2750 3009 2846 3061 καὶ
2894 3009 3126 3081 μεγίστη
3180 3009 3281 3081 μὲν
3323 3008 3696 3080 περιφέρειαή

2136 3104 2565 3156 ύποπεπτωκυῖα
2625 3102 2730 3155 ὑπὸ
2751 3101 2877 3164 τοὺς
2930 3100 3212 3172 Διδύμους,
3280 3101 3538 3173 ἐλαχίστη
3581 3098 3695 3169 δδή

2137 3195 2561 3251 ὐποπεπτωκυία
2584 3193 2688 3249 ὑπὸ
2718 3194 2808 3250 τὸν
2829 3191 3081 3268 Τοξότην.

1776 3422 2393 3583 salsa

1440 3650 1781 3777 G’\
2071 3603 2111 3727 Ι»
2408 3705 2463 3782 /

1228 4409 1610 4644 \\/

1237 4831 1540 4954 ,εξ
2257 4747 2762 5211 7:4,?

533 5337 761 5410 Propter
784 5337 1198 5410 quam'causam
1238 5341 1478 5396 maximo
1511 5348 1755 5411 tempore
1801 5357 2029 5412 percur-

2218 5352 2294 5401 Δι’
2322 5348 2577 5418 ῆναίτίαν
2601 5351 2659 5405 ἐν
2688 5349 2922 5424 πλειστῳ
2941 5354 3039 5424 μὲν
3065 5351 3242 5424 χρόνῳ
3271 5330 3647 5419 διαπορεύεταιὸ

461 5428 534 5484 rit
556 5431 637 5485 sol
665 5428 921 5488 Geminos
951 5451 966 5488 :
999 5434 1227 5489 minimo
1246 5450 1371 5490 vero
1393 5447 1634 5508 tempore
1653 5434 2025 5508 Sagittarium,

462 5536 587 5573 cum
625 5520 739 5592 ipse
764 5522 845 5577 sol
879 5538 1093 5594 semper
1122 5526 1402 5596 aequaliter
1435 5536 1735 5584 moveatur.
1768 5526 1872 5584 Sed
1903 5543 2028 5583 cum

463 5624 681 5681 propzer
713 5616 1175 5673 excentricitatem
1206 5618 1261 5672 in
1287 5627 1471 5690 partes
1510 5620 1803 5691 inaequales
1833 5620 2029 5676 solaris

460 5702 710 5759 circulus
746 5712 1003 5770 secetur,
1035 5709 1303 5781 contingit
1344 5718 1587 5783 tempora
1627 5712 1903 5784 signorum
1934 5728 2022 5769 ιο·

464 5794 602 5849 diaci
646 5792 929 5861 inmqualia
965 5812 1094 5857 esse.

2130 5439 2281 5509 ἥλιος
2300 5441 2425 5504 τοὺς
2456 5440 2735 5512 Διδύμους,
2768 5444 2826 5496 ἐν
2839 5423 3105 5515 ἐλαχίστῳ
3127 5444 3184 5498 δὲ
3214 5423 3386 5517 χρόνῳ
3418 5438 3498 5492 τδν

2131 5549 2251 5601 την,
2280 5532 2440 5595 αὐτὸς
2478 5533 2575 5603 μὲν
2611 5533 2698 5587 διὰ
2731 5512 3643 5607 παντὸςῃίσοταχῶςκινούμενοςνδιά

2131 5623 2188 5676 δὲ
2238 5623 2336 5693 τὴν
2379 5625 2780 5697 ἐκκεντρότητα
2813 5628 2892 5691 εἰς
2937 5628 3096 5682 ἄνισα
3145 5627 3283 5699 μέρη
3324 5613 3640 5694 διαιρουμένου

2133 5711 2226 5766 τοῦ
2253 5712 2480 5783 ἡλιακοῦ
2511 5714 2733 5779 κύκλου,
2764 5717 3048 5790 συμϐαίνει
3073 5718 3165 5774 καί
3192 5720 3315 5784 τοὺς
3339 5714 3533 5789 χρόνους
3561 5702 3635 5757 ἀν’

2138 5804 2282 5867 ίσους
2304 5802 2442 5861 εἰναι
2471 5805 2578 5862 τῶν
2598 5807 2815 5867 ζωδίων,
