1943 3134
224 162 275 191 759

710 159 757 186 AD
772 158 907 187 EUSEBII
921 158 1118 187 CHRONICON
1135 158 1314 186 APPENDIX.

1771 158 1821 186 760

214 220 309 248 stituta
320 221 413 246 auster
420 216 533 249 ﬂaverit.
544 224 593 253 per
600 216 658 244 dies
666 216 767 243 multos
778 216 872 243 eadem
887 223 993 250 perma-

1046 217 1121 248 νότος
1143 217 1254 253 πνεύσῃ,
1275 216 1321 243 ἐπὶ
1342 216 1440 249 πολλὰς
1462 216 1566 252 ἡμέρας
1584 217 1600 252 ὴ
1621 216 1691 251 αὑτὴ
1709 216 1821 251 διαμένει

211 268 259 293 net
270 263 438 291 constitutio.
446 262 602 290 Proximum
613 262 788 296 triangulum,
798 262 869 296 quo‘d
880 269 895 288 a
904 261 996 289 Gemi-

213 311 258 338 nis
271 310 424 342 inchoatur,
436 313 548 337 vocatur
563 308 736 343 zephyricum
754 308 869 335 similem
885 307 919 334 ob
930 315 996 334 cau-

213 364 282 384 sam.
294 356 464 383 Postremum
481 354 735 390 triangulum,quod
746 362 761 381 a
771 354 876 381 Cancro
887 354 994 381 initium

213 403 305 434 habet,
319 402 418 429 dicitur
431 402 606 429 subsolanum
617 406 726 436 propter
735 401 856 430 eamdem
870 407 992 427 causam.

248 447 419 483 Usurpantur
431 453 522 475 autem
541 447 622 475 etiam
638 447 696 474 hmc
719 446 854 482 triangula
870 447 903 473 ad
919 446 995 473 inve-

212 494 326 522 niendas
351 494 569 528 compassiones,
590 501 651 529 qua
674 494 703 520 in
721 494 909 521 nativitatibus
929 501 993 528 spe-

213 544 332 567 ctantur.
342 538 476 566 Videntur
492 540 575 572 enim,
589 539 636 574 qui
651 539 800 567 secundum
816 539 887 566 idem
905 539 992 565 trian—

213 585 306 619 gulum
319 588 481 614 nascuntur,
499 584 552 611 sibi
569 583 684 611 invicem
698 584 815 619 compati
833 592 839 609 ε
856 589 883 611 et
902 584 994 611 stella-

214 637 273 656 rum
285 629 506 661 constitutiones,
524 637 584 664 qua:
597 633 661 657 sunt
683 630 710 656 in
726 630 823 657 iisdem
837 631 993 665 triangulis,

214 674 295 700 simul
309 679 335 700 et
351 674 481 709 adjuvare
498 677 524 701 et
540 673 638 701 laedere
652 674 820 702 nativitates.
834 674 902 701 Nam
916 682 993 702 com-

212 720 355 754 passiones
367 720 435 747 ﬁunt
447 720 535 748 tribus
545 719 643 753 modis,
655 721 807 749 secundum
819 721 993 755 diametrum,

214 765 362 793 secundum
385 767 564 802 triangulum,
586 768 737 796 secundum
749 768 923 803 quadratum.
941 767 994 795 Sed

213 812 364 839 secundum
390 813 472 840 aliam
495 813 652 841 distantiam
676 815 751 841 nulla
774 815 803 841 ﬁt
823 815 992 849 compassio;

212 856 288 891 atqui
304 862 520 886 consentaneum
535 865 604 891 erat,
619 864 650 888 ut
664 868 699 888 ex
716 861 802 896 signis
823 861 942 889 maxime
952 863 994 888 vi-

1047 263 1149 294 ιπάσις.
1166 263 1201 289 Τὸ
1224 263 1252 289 δὲ
1271 262 1334 298 ἑξῆς
1349 263 1479 298 τρίγωνον
1499 263 1529 289 τὸ
1554 263 1607 289 ἀπὸ
1630 262 1685 288 τῶν
1706 262 1821 298 Διδύμων

1045 309 1166 335 καλεῖται
1181 309 1324 344 ζεφυρικὸν
1340 308 1384 334 διὰ
1397 308 1446 344 τὴν
1466 308 1560 344 ὁμοίαν
1575 308 1667 335 αἰτίαν
1677 316 1684 322 ’
1698 308 1728 334 τὺ
1743 308 1769 334 δὲ
1782 309 1823 335 ἐπὶ

1045 356 1112 382 πᾶσι
1130 356 1271 390 τρίγωνον,
1288 354 1318 380 τὸ
1341 354 1395 381 ἀπὸ
1416 354 1564 389 Καρκίνου,
1581 353 1762 389 ἀφηλιωτικὺν
1784 354 1823 381 διὰ

1043 402 1093 438 τὴν
1106 402 1189 437 αὐτὴν
1205 402 1303 429 αἰτίαν.

1081 448 1254 483 Λαμϐάνεται
1269 448 1297 474 δὲ
1313 447 1346 474 τὰ
1364 448 1482 483 τρίγωνα
1504 448 1550 474 καὶ
1565 447 1633 482 πρὸς
1656 446 1707 477 τὰς
1726 447 1753 473 ἐν
1771 449 1823 478 ταῖς

1044 495 1166 528 γενέσεσι
1183 493 1361 529 συμπαθείας.
1379 493 1491 520 Δοκοῦσι
1508 493 1561 528 γὰρ
1575 493 1599 519 οἱ
1614 492 1689 519 κατὰ
1702 492 1821 527 τρίγωνον

1045 539 1206 574 γεννώμενοι
1224 539 1374 574 συμπαθεῖν
1389 539 1520 574 ἀλλήλοις,
1534 540 1580 565 καὶ
1592 540 1620 565 αἱ
1636 539 1692 565 τῶν
1712 539 1823 573 ἀστέρων

1045 586 1152 617 στάσεις
1169 587 1196 612 αἱ
1210 586 1302 617 ἐντοῖς
1315 586 1404 617 αὐτοῖς
1428 585 1569 621 τριγώνοις
1584 585 1631 612 καὶ
1659 584 1822 617 συνωφελεῖν,

1045 632 1093 658 καὶ
1105 631 1289 666 συμϐλάπτειν
1307 631 1365 666 ἅμα
1386 631 1435 662 τὰς
1448 630 1577 665 γενέσεις.
1600 629 1680 657 Κατὰ
1692 629 1746 664 γὰρ
1758 631 1824 664 τρεῖς

1044 678 1160 713 τρόπους
1183 678 1211 703 αἱ
1232 677 1399 712 συμπάθειαι
1425 676 1554 710 γίνονται,
1578 675 1650 702 κατὰ
1675 675 1822 710 διάμετρον,

1045 722 1116 750 κατὰ
1135 723 1275 759 τρίγωνον,
1297 723 1366 749 κατὰ
1386 723 1566 758 τετράγωνον.
1586 720 1668 748 Κατὰ
1695 720 1775 756 ἄλλην
1798 720 1823 747 δὲ

1045 768 1185 795 διάστασιν
1199 768 1310 803 οὐδεμία
1327 768 1481 803 συμπάθεια
1497 768 1609 802 γίνεται.
1634 767 1732 793 Καίτοι
1755 766 1822 793 εὔλο-

1046 823 1094 848 γον
1113 813 1158 850 ἦν,
1173 815 1205 840 ὲκ
1223 815 1275 841 τῶν
1294 814 1410 850 μάλιστα
1425 814 1556 848 σύνεγγυς
1577 813 1764 847 συγκειμένων
1778 812 1823 843 ζω-

1045 861 1109 888 δίων
1120 861 1289 896 συμπάθειαν
1303 860 1434 895 γίνεσθαι,
1449 861 1481 886 Ἦ
1493 860 1546 895 γὰρ
1557 859 1687 894 ἀποφορὰ
1697 859 1743 885 καὶ
1754 859 1822 894 ἀπόῤ

212 903 281 930 cinis
295 906 449 939 compassio
462 905 548 933 ﬁeret.
560 906 665 934 Delatio
673 907 745 934 enim
758 911 785 934 et
800 906 991 943 deﬂuxus,qui

1046 909 1114 943 ροια,
1126 908 1142 942 ἡ
1154 908 1288 943 φερομένη
1302 908 1354 933 ἀπὺ
1366 907 1415 942 τῆς
1425 906 1490 938 ιδίας
1497 906 1639 941 δυνάμεως
1651 904 1765 931 ἑκάστου
1775 903 1822 929 τῶν

213 949 298 976 fertur
309 958 325 977 a
350 952 460 985 propria
481 951 506 979 vi
523 952 691 988 singularum
706 954 844 981 stellarum
854 974 861 986 ,
876 954 992 982 debebat

211 996 328 1024 maxime
344 999 554 1033 concorporari,
570 1005 597 1027 et
621 1001 795 1028 commisceri
812 1008 873 1028 cum
889 1002 986 1028 vicinis

212 1042 308 1077 signis.
327 1042 362 1070 Ut
378 1044 451 1081 enim
463 1045 600 1081 triangula
615 1050 642 1074 et
658 1046 792 1082 quadrata
803 1046 992 1074 inscribuntur

212 1089 337 1117 circulo:
354 1091 394 1118 sic
415 1092 497 1119 etiam
520 1092 703 1129 hexagonum,
727 1098 754 1121 et
774 1099 948 1129 octagonum,
965 1098 993 1122 et

211 1134 426 1171 dodecagonum.
443 1137 479 1165 At
501 1140 652 1167 secundum
681 1140 780 1167 horum
799 1140 994 1175 inscriptiones

213 1181 289 1208 nulla
310 1182 339 1209 ﬁt
358 1184 512 1219 compassio
527 1192 534 1210 :
550 1189 655 1213 tantum
670 1194 702 1214 ea
718 1186 748 1213 ﬁt
762 1186 913 1214 secundum
929 1191 995 1221 pra!-

213 1224 303 1253 dictos
317 1227 423 1261 modos,
440 1235 501 1256 cum
514 1230 542 1257 in
555 1230 713 1266 hujusmodi
728 1231 867 1260 distantiis
881 1235 994 1258 natura—

212 1270 248 1298 lis
260 1272 382 1306 quadam
394 1274 430 1302 sit
444 1277 609 1311 compassio.

1044 953 1175 989 ἀστέρων,
1187 952 1284 988 ὤφειλε
1299 953 1413 988 μάλιστα
1430 949 1764 987 συναναχρωτίζεσθαικαὶ
1772 957 1821 974 συν-

1045 999 1239 1034 ανακιρνᾶσθαι
1260 1000 1314 1030 τοῖς
1336 997 1512 1033 πλησιάζουσι
1530 996 1645 1029 ξοβίοις.
1660 995 1762 1029 ’Ὠσπερ
1774 993 1821 1029 γὰρ

1044 1046 1079 1072 τὰ
1086 1046 1205 1081 τρίγωνα
1214 1045 1261 1071 κοι)⁴
1273 1045 1430 1080 τετράγωνα
1440 1043 1603 1079 ἐγγράφεται
1614 1043 1655 1073 εις
1667 1041 1711 1067 τὸν
1723 1039 1819 1070 κύκλον,

1046 1092 1116 1119 οὕτω
1130 1092 1178 1119 καὶ
1193 1091 1337 1126 ἑξάγωνον,
1351 1091 1398 1117 καὶ
1421 1090 1583 1124 ὀκτάγωνον,
1602 1088 1652 1115 καὶ
1672 1086 1820 1120 δωδεκάγω-

1046 1147 1100 1165 νον.
1122 1138 1200 1164 ’Δλλὰ
1221 1137 1291 1164 κατὰ
1309 1138 1357 1173 μὲν
1373 1136 1422 1168 τὰς
1441 1136 1540 1164 τούτων
1557 1133 1699 1170 ἐγγραφὰς
1721 1131 1819 1166 οὐδεμία

1046 1185 1149 1219 γίνεται
1174 1184 1344 1219 συμπάθεια·
1375 1183 1446 1210 κατὰ
1471 1182 1499 1209 δὲ
1522 1182 1586 1213 τοὺς
1615 1178 1819 1216 προειρημένους

1045 1231 1162 1267 τρόπους
1185 1231 1273 1266 μόνον,
1297 1230 1413 1265 φυσικῆς
1432 1238 1504 1261 τινος
1525 1226 1702 1263 ὑπαρχούσης
1725 1226 1752 1251 ὲν
1768 1224 1817 1254 ταῖς

1046 1277 1183 1309 τοιαύταις
1199 1277 1365 1304 ἀποστάσεσι
1381 1285 1412 1302 συ
1416 1274 1560 1311 μπαθείας.
