3886 6268
233 353 344 405 761

1303 363 1541 420 GEMINI
1581 366 1954 424 ELEMENTA
1995 370 2492 431 ASTRONOMIE.

310 471 485 524 Κατὰ
517 470 856 542 τετράγωνον
897 474 952 527 δέ
998 476 1147 528 ἐστι’
1183 478 1370 549 Κριὸς,
1404 479 1695 550 Καρκίνος,
1737 483 1818 532 Ζυ-

1942 495 1954 530 2
2016 480 2328 538 Secundum
2364 484 2694 555 quadratum
2752 485 2928 554 posita
2976 483 3130 556 signa
3169 492 3297 540 sunt
3334 485 3448 541 haec
3485 505 3500 541 ε

233 559 362 627 τὸς,
417 565 758 634 Αἱγόκερως·
821 566 1050 639 Ταῦρος,
1099 569 1268 634 Λέων,
1319 571 1604 642 Σκορπίος,
1649 573 1818 645 Ὑδρο·

1936 572 2113 638 Aries,
2149 573 2385 637 Cancer,
2420 575 2605 640 Libra,
2647 575 3058 646 Capricornus:
3089 575 3324 641 Taurus,
3370 575 3500 644 Leo,

226 652 370 721 χάος
394 670 410 682 ·
445 653 683 724 Δίδυμοι,
709 657 1001 727 Παρθένος,
1026 659 1278 731 Τοξότης,
1310 660 1531 731 ’ἰχθύες.
1552 662 1632 716 Τὰ
1658 663 1832 718 πάντα

229 745 575 814 τετράγωνα
619 747 764 815 τρία.
811 749 1107 803 Ὑποτείνει
1158 751 1214 804 δὲ
1262 753 1294 823 ἡ
1343 751 1438 804 τοῦ
1492 753 1828 824 τετραγώνου

226 834 468 906 πλευρὰ
495 837 597 889 ὑπὸ
627 837 790 902 ζώδια
824 840 922 910 μὲν
963 842 1107 913 τρία,
1143 843 1334 915 μοίρας
1364 843 1420 896 δὲ
1456 848 1524 910 ια.
1571 845 1829 900 Καλεῖται

228 925 346 994 μὲν
386 928 452 979 τὸ
486 929 699 1000 πρῶτον
724 933 1062 1003 τετράγωνον
1097 935 1158 988 τὸ
1201 937 1308 989 ἀπὸ
1347 936 1439 989 τοῦ
1480 936 1670 1008 Κριοῦ,
1703 939 1759 992 ἐν
1785 931 1830 1006 ᾧ

225 1016 290 1068 cl
329 1008 486 1086 ὧραι
512 1017 788 1090 ἄρχονται,
826 1022 945 1094 ἔαρ,
988 1022 1161 1097 θέρος,
1199 1027 1556 1098 φθινόπωρον,
1589 1027 1824 1098 χειμών·

222 1103 293 1189 τὸ
326 1104 591 1179 δεύτερον
622 1110 960 1181 τετράγωνον
993 1114 1052 1167 τὸ
1091 1116 1197 1169 ἀπὸ
1227 1115 1320 1169 τοῦ
1347 1117 1580 1189 Ταύρου,
1612 1121 1668 1172 ὲν
1701 1114 1743 1187 ᾧ
1772 1123 1827 1174 αἱ

224 1188 388 1266 ὧραι
423 1198 514 1251 τὸν
540 1200 702 1270 μέσον
735 1201 916 1274 ἔχουσι
959 1206 1168 1278 χρόνον,
1205 1207 1382 1279 ἔαρος,
1414 1188 1621 1281 θέρους,
1650 1210 1829 1280 φθινο-

225 1283 464 1356 πώρου,
497 1289 764 1359 χειμῶνος
785 1309 798 1322 ο
832 1293 893 1346 τὸ
935 1295 993 1348 δὲ
1037 1298 1215 1368 τρίτον
1252 1299 1589 1370 τετράγωνον
1629 1301 1687 1354 τὸ
1719 1301 1828 1354 ἀπὸ

225 1375 351 1430 τῶν
388 1379 660 1450 Διδύμων,
687 1383 745 1436 ὲν
839 1387 893 1438 αἱ
927 1379 1064 1458 ὧραι
1097 1388 1320 1459 λήγουσι
1371 1389 1509 1444 κατὰ
1547 1393 1673 1456 τοὺς
1703 1383 1827 1464 χρό⁴

225 1487 396 1534 νους.
432 1472 780 1544 Λαμὸάνεται
823 1476 879 1529 δὲ
928 1478 989 1531 τὸ
1029 1482 1366 1552 τετράγωνον
1393 1481 1470 1547 ἓν,
1500 1483 1750 1557 καθάπερ
1781 1485 1825 1517 ¹³

227 1565 496 1635 εἴρηται,
548 1569 639 1621 καὶ
692 1569 826 1640 πρὸς
880 1569 980 1634 τὰς
1033 1574 1090 1626 ἐν
1145 1576 1264 1636 ταῖς
1315 1575 1558 1642 γενέσεσι
1608 1594 1826 1648 συμπαο

227 1657 419 1722 θείας.

307 1933 442 1985 Ἔτι
478 1931 536 1984 δὲ
563 1933 596 2003 ἡ
621 1931 730 1986 τῶν
756 1930 1112 2003 τετραγώνων
1155 1930 1385 1997 ἕκθεσις,
1416 1933 1508 1987 καὶ⁴
1545 1933 1678 2005 πρός
1705 1951 1826 1986 τινα

226 2026 412 2097 ἀλλην
439 2025 627 2098 χρείαν
661 2025 996 2096 λαμϐάνεται
1051 2024 1155 2077 ὑπό
1200 2041 1380 2078 τινων.
1423 2025 1527 2077 Τοῦ
1565 2027 1672 2096 γὰρ
1707 2025 1824 2088 ἑνὸς

228 2120 426 2173 αὐτῶν
461 2119 567 2172 ὑπὸ
605 2117 700 2172 τοῦ
741 2116 905 2172 αὑτοῦ
949 2116 1290 2189 τετραγώνου
1320 2117 1583 2181 δύνοντος,
1611 2118 1670 2171 τὸ
1697 2117 1824 2188 ἑξῆς

230 2212 630 2283 ὑπελάμϐανον
661 2213 1008 2282 μεσουρανεῐν
1055 2210 1112 2261 ὲν
1149 2209 1226 2279 τῷ
1257 2209 1397 2278 ὑπὲρ
1428 2207 1532 2278 γῆν
1562 2209 1824 2279 ἡμισφαι-

232 2307 376 2378 ρίῳ’
415 2301 561 2366 οἷον,
588 2306 866 2375 Αίγόκερω
907 2302 1183 2366 δύνοντος,
1237 2304 1589 2371 μεσουρανεῖν
1629 2301 1820 2371 Κριὸν,

227 2399 558 2454 ἀνατέλλειν
586 2397 642 2450 δὲ
671 2398 961 2470 Καρκίνον,
999 2396 1093 2449 καὶ
1131 2394 1480 2466 μεσουρανεῖν
1511 2391 1565 2444 δὲ
1590 2392 1692 2446 ὑπὸ
1718 2392 1821 2462 γῆν

230 2497 435 2564 Ζυγόν.
469 2496 527 2550 Ὀ
559 2495 614 2548 δὲ
644 2497 802 2558 αὐτὸς
830 2495 986 2563 λόγος
1018 2492 1111 2546 καὶ
1143 2490 1235 2544 ἐπὶ
1265 2487 1374 2541 τῶν
1398 2487 1600 2540 λοιπῶν
1628 2503 1822 2558 τετρα-

228 2586 602 2655 γώνωνσὲστί.
633 2586 706 2638 Τὸ
727 2585 781 2637 δὲ
806 2583 1042 2638 τοιοῦτον
1067 2581 1432 2654 παράγγελμα
1467 2579 1558 2631 ἐπὶ
1601 2578 1698 2651 μὲν
1723 2576 1819 2630 τοῦ

231 2679 354 2742 ἑνὸς
380 2676 750 2749 τετραγώνου,
786 2676 877 2730 τοῦ
915 2676 1017 2739 τὰς
1047 2674 1255 2746 τροπὰς
1284 2673 1377 2727 καὶ
1408 2671 1506 2735 τὰς
1531 2670 1820 2743 ἰσημερίας

231 2770 611 2842 περιέχοντος,
659 2769 800 2824 κατὰ
843 2769 903 2821 τὸ
949 2765 1230 2838 ὁλοσχερὲς
1277 2765 1562 2834 λεγόμενον
1596 2781 1818 2834 συμφω-

232 2863 393 2933 νήσει
444 2862 583 2933 πρὸς
620 2862 681 2914 τὸ
729 2861 1083 2931 φαινόμενον·
1122 2858 1259 2928 πρὸς
1299 2857 1357 2910 δὲ
1388 2855 1485 2927 τὴν
1517 2858 1574 2910 ἐν
1610 2854 1688 2926 τῷ
1712 2855 1818 2926 ὅλῳ

230 2953 528 3025 ἀκρίϐειαν
558 2953 831 3022 διαφωνεῖ.
861 2953 1141 3022 Αἰγόκερω
1173 2950 1280 3021 γὰρ
1306 2948 1406 3018 τῆς
1439 2947 1661 3018 πρώτης
1703 2946 1819 3018 μοί-

231 3059 335 3117 ῐκις
353 3042 642 3113 δυνούσης,
657 3041 826 3114 Κριοῦ
844 3040 1033 3113 πρώτῆ
1054 3043 1214 3112 μοῖρα
1237 3040 1650 3110 μεσουρανήσει“
1674 3040 1819 3112 Καρ-

1938 661 2226 732 Scorpius,
2279 664 2554 733 Aquarius
2587 681 2600 716 :
2637 665 2883 728 Gemini,
2917 664 3101 736 Virgo,
3154 665 3499 735 Sagittarius,

1935 750 2140 808 Pisces.
2179 752 2373 808 Omnia
2399 754 2667 822 quadrata
2700 762 2828 809 sunt
2853 756 2980 811 tria.
3010 754 3294 808 Subtendit
3318 762 3501 808 autem

1934 845 2080 900 latus
2110 847 2379 916 quadrati
2409 847 2564 917 signa
2593 845 2718 908 tria,
2772 847 2973 916 gradus
2998 846 3086 900 90.
3121 846 3358 900 Vocatur
3386 847 3501 916 pri-

1931 952 2078 990 mum
2110 939 2466 1006 quadratum,
2497 939 2824 1008 quadratum
2873 938 2941 991 ab
2975 937 3156 992 Ariete
3201 938 3496 1005 inceptum,

1932 1027 1988 1082 in
2021 1044 2130 1098 quo
2175 1029 2322 1084 horae
2373 1046 2468 1084 seu
2520 1043 2755 1101 quatuor
2796 1040 2981 1100 partes
3030 1031 3158 1084 anni
3209 1030 3497 1099 incipiunt,

1931 1133 2048 1182 ver,
2079 1128 2264 1188 aestas,
2298 1130 2621 1186 autumnus,
2664 1121 2870 1187 hiems;
2911 1121 3210 1176 secundum
3256 1121 3498 1190 quadra-

1933 1217 2049 1264 tum
2075 1213 2391 1266 nominatur
2425 1215 2750 1284 quadratum
2795 1230 2825 1268 a
2849 1213 3030 1268 Tauro
3077 1214 3412 1277 inchoatum,
3443 1215 3497 1270 in

1930 1317 2038 1372 quo
2072 1302 2218 1356 horae
2265 1304 2464 1359 habent
2511 1306 2746 1360 medium
2797 1315 3011 1375 tempus
3061 1306 3238 1371 veris,
3267 1307 3496 1368 astatis.

1928 1397 2200 1461 autumni,
2244 1398 2475 1464 hiemis;
2509 1399 2726 1454 tertium
2759 1400 3082 1469 quadratum
3121 1400 3322 1454 dicitur
3359 1415 3496 1470 qua-

1927 1489 2143 1544 dratum
2183 1505 2214 1544 a
2254 1489 2496 1545 Geminis
2531 1492 2826 1560 inceptum,
2878 1492 2934 1545 in
2965 1507 3074 1562 quo
3121 1492 3270 1546 horas
3306 1507 3498 1547 secun-

1927 1583 2058 1634 dum
2123 1589 2370 1650 tempora
2416 1581 2691 1636 desinunt.
2736 1580 3042 1650 Usurpatur
3087 1593 3268 1635 autem
3327 1597 3496 1638 unum

1925 1673 2180 1741 idemque
2232 1671 2588 1740 quadratum,
2637 1682 2697 1726 ut
2738 1672 2943 1726 dictum
2978 1682 3082 1737 est,
3117 1674 3278 1727 etiam
3313 1673 3378 1728 ad
3413 1674 3497 1726 ina

1931 1762 2230 1818 veniendas
2259 1764 2673 1833 compassiones
2693 1804 2707 1828 ,
2740 1781 2859 1834 quae
2888 1765 2942 1819 in
2975 1765 3348 1821 nativitatibus
3372 1782 3496 1837 spc-

1925 1861 2164 1908 ctantur.

1996 1947 2052 2016 6
2073 1945 2338 2002 Prmterea
2361 1948 2754 2018 quadratorum
2781 1949 3026 2004 doctrina
3049 1950 3212 2003 etiam
3231 1949 3297 2003 ad
3327 1948 3492 2003 alium

1925 2036 2220 2106 quemdam
2255 2055 2414 2094 usum
2466 2054 2496 2092 a
2530 2040 2854 2110 quihusdam
2886 2042 3170 2111 accipitur.
3207 2039 3339 2093 Nam
3383 2055 3494 2094 uno

1925 2128 2241 2183 eorumdem
2267 2130 2570 2201 signorum,
2590 2147 2710 2201 quae
2741 2141 2870 2186 sunt
2900 2133 2954 2187 in
2985 2133 3172 2188 eodem
3204 2131 3490 2202 quadrato,

1924 2217 2224 2284 occidente,
2259 2220 2566 2290 proximum
2597 2222 2865 2290 putabant
2889 2231 3078 2277 tenere
3105 2221 3342 2276 medium
3367 2220 3492 2275 ραιιί

1924 2307 1980 2360 in
2006 2293 2289 2378 superiore
2311 2310 2714 2381 hemisphaerio.
2736 2311 2805 2367 Ut
2832 2312 3165 2383 Capricorno
3190 2312 3490 2379 occidente,

1922 2404 2106 2453 tenere
2134 2399 2372 2454 medium
2427 2402 2551 2455 cceli
2603 2402 2867 2468 Arietem,
2899 2403 3033 2458 oriri
3081 2402 3372 2467 Cancrum,
3408 2411 3492 2457 te-

1918 2502 2048 2542 nere
2068 2487 2240 2543 imum
2273 2490 2396 2544 cadi
2429 2489 2670 2546 Libram.
2706 2491 2908 2548 Eadem
2951 2501 3037 2549 est
3088 2495 3229 2549 ratio
3267 2494 3321 2550 in
3355 2493 3490 2549 reli-

1920 2580 2044 2651 quis
2077 2581 2382 2651 quadratis.
2411 2581 2526 2638 Hoc
2581 2592 2916 2656 praeceptum
2947 2601 3072 2641 cum
3104 2587 3316 2658 integre
3351 2585 3490 2656 dici-

1921 2683 2030 2737 tur,
2066 2680 2277 2728 tantum
2309 2674 2364 2728 in
2405 2690 2516 2730 uno
2551 2676 2839 2746 quadrato,
2865 2678 3009 2748 quod
3054 2678 3109 2732 in
3149 2693 3206 2734 se
3247 2678 3490 2734 continet

1920 2771 2120 2832 puncta
2149 2765 2465 2822 solstitialia
2499 2775 2552 2821 et
2589 2768 2995 2836 aequinoctialia
3017 2809 3034 2835 ,
3069 2777 3332 2839 congruet
3359 2784 3486 2824 cum

1917 2869 1984 2909 eo
2015 2855 2161 2924 quod
2191 2864 2418 2926 apparet
2457 2875 2472 2912 :
2507 2865 2562 2911 at
2592 2857 2850 2914 dissentit
2875 2861 2922 2915 si
2942 2866 3115 2915 totum
3138 2861 3240 2916 hoc
3257 2861 3467 2930 quadra

1917 2954 2032 2999 tum
2064 2947 2338 3003 subtiliter
2370 2949 2772 3009 consideretur.
2800 2951 3284 3022 Capricornienim
3311 2952 3488 3022 primo

1919 3039 2090 3110 gradu
2142 3041 2449 3108 occidente,
2488 3042 2692 3098 Arietis
2733 3043 2944 3114 primus
2999 3043 3200 3114 gradus
3248 3043 3486 3098 medium

232 3136 384 3200 λίνος
433 3136 492 3188 δὲ
537 3134 731 3209 πρώτῃ
775 3136 938 3206 μοίρᾳ
984 3134 1293 3188 ἀνατέλλει·
1330 3133 1500 3202 Ζυγὸς
1535 3132 1593 3185 δὲ
1626 3130 1816 3203 πρώτῃ

1923 3134 2045 3190 caeli
2071 3136 2311 3190 tenebit:
2344 3135 2558 3191 Cancer
2584 3152 2685 3193 suo
2719 3138 2898 3208 primo
2927 3137 3098 3209 gradu
3122 3137 3363 3192 orietur:
3399 3136 3488 3191 Li-

238 3229 404 3300 μοίρᾳ
440 3228 546 3281 ὑπὸ
568 3228 670 3298 γῆν
701 3226 1114 3298 μεσουρανήσει.
1145 3225 1278 3278 Τότε
1306 3223 1415 3295 γὰρ
1451 3224 1480 3275 ὁ
1521 3222 1608 3276 διὰ
1640 3223 1819 3294 μέσων

232 3317 342 3374 τῶν
370 3320 580 3385 ζωδίων
615 3318 808 3382 κύκλος
853 3321 932 3382 εἰς
968 3317 1210 3388 τέσσαρα
1243 3316 1380 3388 μέρη
1416 3316 1504 3369 ἴσα
1535 3315 1818 3386 διαιρεῖται

233 3412 341 3468 ὕπὸ
364 3412 481 3466 τῶν
524 3411 794 3483 κολούρων
822 3411 1064 3465 κύκλων·
1094 3409 1235 3463 ὥστε
1281 3411 1394 3464 ἴσον
1437 3405 1575 3462 εἶναι
1617 3408 1679 3461 τὸ
1711 3409 1820 3462 ἀπὸ

236 3506 332 3577 τῆς
392 3506 843 3577 μεσουρανὴσεως
885 3504 1022 3575 πρὸς
1073 3501 1337 3571 ἀνατολὴν
1385 3501 1479 3554 καὶ
1529 3500 1680 3554 δύσιν
1723 3498 1816 3553 τοῦ

236 3592 508 3659 ζωδιακοῦ
560 3593 860 3664 διάστημα*
910 3593 1165 3662 ἑκάτερον
1223 3591 1332 3661 γὰρ
1376 3589 1555 3643 αὐτῶν
1610 3590 1818 3657 γίνεται

238 3685 448 3750 ζωδίων
483 3685 670 3757 τριῶν.
718 3687 806 3739 Ἐν
851 3684 907 3737 δὲ
939 3686 1059 3746 ταῖς
1091 3683 1301 3746 λοιπαῖς
1347 3681 1564 3735 στάσεσι
1600 3679 1692 3733 τοῦ
1732 3697 1817 3732 τε-

235 3775 518 3848 τραγώνου
540 3776 728 3828 τούτου
759 3773 853 3827 καὶ
892 3772 1000 3826 τῶν
1021 3771 1220 3825 λοιπῶν
1253 3771 1313 3823 οὐ
1346 3769 1630 3840 συμϐαίνει
1667 3771 1745 3832 είς
1774 3769 1816 3822 δ’

240 3871 382 3941 μέρη
401 3872 494 3924 ῐσα
507 3866 830 3942 διαιρεῖσθαι
856 3867 946 3918 τὸν
965 3863 1224 3929 ζωδιακὸν
1243 3863 1458 3917 κύκλον.
1478 3861 1576 3915 Διὰ
1588 3860 1645 3914 δὲ
1659 3859 1816 3916 τοῦτο

237 3962 334 4015 οὐκ
367 3963 488 4015 ἐστι
519 3962 605 4015 διὰ
632 3960 829 4022 παντὸς
869 3958 981 4011 ἴσον
1009 3957 1070 4010 τὸ
1097 3955 1204 4010 ἀπὸ
1238 3955 1338 4024 τῆς
1372 3953 1816 4031 μεσουρανήσεως

239 4058 371 4129 πρὸς
409 4057 675 4128 ἀνατολὴν
709 4056 804 4109 καὶ
825 4055 962 4126 πρὸς
989 4053 1087 4124 τὴν
1116 4051 1264 4106 δύσιν
1284 4052 1575 4120 διάστημα,
1602 4051 1693 4104 ἐπὶ
1718 4050 1811 4105 τοῦ

239 4150 507 4215 ζωδιακοῦ
541 4149 741 4202 κύκλου
785 4145 1210 4218 λαμϐανομένων
1259 4143 1366 4196 τῶν
1412 4142 1807 4215 διαστημάτων.

237 4245 395 4298 Κατὰ
429 4243 530 4315 μὲν
554 4241 663 4314 γὰρ
688 4240 1030 4312 παράλληλον
1045 4239 1262 4304 κύκλον,
1284 4241 1397 4294 ἴσον
1425 4240 1542 4292 ἐστὶ
1569 4238 1658 4292 διὰ
1683 4256 1813 4293 παν-

1924 3227 2018 3281 bra
2053 3241 2182 3282 vero
2213 3242 2316 3282 suo
2364 3229 2542 3298 primo
2585 3227 2762 3300 gradu
2800 3228 2970 3283 imum
3011 3228 3136 3283 coeli
3176 3227 3485 3298 occupabit.

1922 3315 2076 3372 Tunc
2107 3318 2252 3373 enim
2282 3319 2534 3390 ecliptica
2565 3320 2620 3375 in
2653 3327 2895 3391 quatuor
2923 3326 3105 3389 partes
3135 3321 3371 3390 aequales
3402 3318 3488 3373 di-

1918 3409 2123 3464 viditur
2155 3425 2186 3464 a
2213 3411 2418 3467 coluris
2457 3413 2722 3468 circulis:
2756 3422 2817 3466 ut
2865 3412 3210 3467 intervallum
3253 3413 3488 3480 zodiaci,

1921 3503 2064 3571 quod
2092 3511 2176 3558 est
2206 3517 2237 3556 a
2275 3504 2457 3559 medio
2489 3505 2612 3559 coeli
2639 3504 2705 3559 ad
2737 3513 2940 3570 ortum,
2976 3506 3047 3559 sit
3083 3505 3288 3575 aequale
3321 3505 3488 3560 inter-

1918 3593 2062 3647 vallo
2088 3594 2324 3659 zodiaci,
2354 3595 2502 3666 quod
2551 3602 2636 3652 est
2667 3611 2698 3650 a
2744 3596 2926 3651 medio
2952 3597 3075 3652 caeli
3103 3597 3171 3650 ad
3195 3611 3485 3664 occasum;

1918 3692 2216 3756 utrumque
2246 3685 2392 3740 enim
2431 3685 2626 3740 horum
2663 3686 3073 3741 intervallorum
3104 3692 3209 3741 tria
3244 3688 3489 3742 continet

1917 3775 2092 3844 signa.
2125 3775 2196 3827 At
2248 3776 2307 3829 in
2356 3776 2584 3847 reliquis
2633 3776 2866 3832 statibus
2913 3777 3078 3848 hujus
3113 3777 3394 3848 quadrati,
3433 3784 3490 3833 et

1916 3867 2146 3922 aliorum
2195 3866 2591 3937 quadratorum
2639 3883 2749 3924 non
2811 3869 3081 3941 contingit
3136 3869 3193 3924 in
3249 3879 3486 3941 quatuor

1914 3967 2097 4028 partes
2133 3960 2370 4028 mquales
2406 3961 2688 4015 zodiacum
2733 3959 2999 4015 circulum
3039 3960 3230 4016 dividi.
3251 3961 3328 4016 Ac
3357 3977 3488 4032 proo

1916 4058 2101 4121 pterea
2129 4050 2476 4106 intervallum
2502 4066 2532 4104 a
2553 4052 2731 4107 medio
2752 4053 2877 4108 caeli
2899 4051 2968 4107 ad
3001 4063 3179 4108 ortum
3215 4069 3320 4109 non
3343 4070 3485 4109 sem-

1916 4157 2013 4212 per
2040 4149 2124 4198 est
2147 4143 2355 4213 aequale
2377 4143 2666 4201 intervallo
2692 4158 2724 4198 a
2755 4145 2936 4201 medio
2959 4147 3085 4201 coeli
3115 4147 3180 4200 ad
3201 4162 3481 4213 occasum,

1917 4250 2042 4290 cum
2075 4235 2193 4292 haec
2227 4237 2534 4302 intervalla,
2569 4252 2666 4293 seu
2693 4253 2880 4302 arcus,
2916 4239 2973 4293 in
3003 4238 3226 4294 zodiaco
3259 4255 3485 4295 sumun-

237 4336 325 4400 τδς
361 4337 424 4390 τὸ
457 4335 565 4388 ἀπὸ
608 4334 706 4403 τῆς
751 4333 1199 4403 μεσουρανήσεως
1236 4331 1371 4402 πρὸς
1417 4330 1675 4403 ἀνατολὴν
1716 4333 1810 4385 καὶ

1923 4336 2023 4384 tur.
2057 4329 2128 4382 At
2157 4330 2204 4386 si
2231 4330 2348 4384 hac
2371 4330 2655 4385 intervalla
2685 4331 2740 4385 in
2775 4331 3036 4402 parallelo
3065 4332 3246 4401 aliquo
3273 4332 3482 4388 circulo

238 4433 372 4502 πρὸς
401 4430 503 4501 τὴν
539 4427 686 4482 δύσιν
716 4427 1008 4504 διάστῃμα.
1042 4425 1201 4479 Ὅθεν
1245 4426 1338 4478 καὶ
1366 4424 1443 4495 τῷ
1485 4424 1620 4495 ἡλίῳ
1652 4441 1810 4497 cpi-:90-

1915 4431 2239 4487 sumuntur,
2271 4438 2487 4492 semper
2538 4423 2593 4478 id
2646 4424 2792 4493 quod
2840 4432 2980 4480 esta
3028 4424 3208 4479 medio
3241 4425 3364 4480 omli
3414 4425 3483 4480 ad

242 4525 386 4594 μένῳ
419 4520 543 4575 καθ’
570 4519 805 4589 ἑκάστην
825 4517 1042 4589 ἡμέραν
1069 4516 1162 4568 ἐπὶ
1187 4515 1401 4569 κύκλων
1430 4514 1809 4588 παραλλήλων,

1923 4525 2101 4572 ortum
2134 4522 2219 4570 est
2251 4516 2460 4586 aequale
2481 4513 2554 4579 ei,
2585 4515 2730 4585 quod
2771 4524 2858 4569 est
2879 4530 2909 4568 a
2932 4515 3111 4570 medio
3142 4517 3264 4570 caali
3294 4516 3360 4570 ad
3392 4531 3486 4571 oc-

241 4613 349 4668 τσον
377 4611 520 4668 εἶναι
550 4611 832 4684 συμϐαίνει
857 4611 946 4664 τὸν
974 4609 1082 4664 ἀπὸ
1112 4609 1214 4679 τῆς
1235 4608 1498 4678 ἀνατολῆς
1528 4609 1686 4680 μέχρι
1713 4609 1812 4681 τῆς

244 4707 695 4778 μεσουρανήσεως
725 4703 921 4773 δρόμον
959 4701 1051 4755 τοῦ
1098 4701 1204 4755 ἀπὸ
1239 4702 1338 4782 τῆς
1366 4701 1813 4772 μεσουρανήσεως

244 4800 402 4871 μέχρι
427 4797 647 4860 δύσεως.
693 4794 816 4848 Ἐπὶ
853 4794 909 4848 δὲ
939 4794 1032 4848 τοῦ
1066 4793 1332 4858 ζωδιακοῦ
1369 4793 1567 4847 κύκλου
1600 4791 1811 4863 λαμϐα-

241 4892 476 4960 νομένων
517 4889 626 4942 τῶν
672 4887 1074 4958 διαστημάτων,
1117 4887 1299 4940 ἄνισον
1330 4882 1467 4938 εἶναι
1501 4883 1812 4956 συμὸέὸηκε

242 4981 299 5033 τὸ
322 4984 432 5035 ἀπὸ
455 4983 552 5053 τῆς
585 4981 1032 5052 μεσουρανήσεως
1067 4978 1230 5050 μέχρι
1270 4981 1369 5048 τῆς
1403 4976 1662 5045 ἀνατολῆς
1690 4975 1808 5030 διά-

243 5087 422 5144 στημα
455 5072 533 5142 τῷ
557 5072 665 5126 ἀπὸ
690 5071 788 5141 τῆς
819 5071 1262 5142 μεσουρανήσεως
1294 5069 1452 5142 μέχρι
1482 5069 1580 5138 τῆς
1607 5067 1810 5132 δύσεως

243 5163 324 5218 διὰ
347 5165 443 5236 τὴν
473 5163 733 5233 λοξότητα
767 5161 860 5216 τοῦ
906 5160 1192 5226 ζωδιακοῦ.
1241 5161 1351 5213 Καὶ
1396 5160 1542 5213 ἐστιν
1577 5160 1666 5215 ὅτε
1701 5159 1809 5213 τῶν

245 5252 300 5320 ἒξ
328 5256 531 5320 ζωδίων
559 5255 666 5310 τῶν
698 5254 786 5308 διὰ
823 5254 1020 5318 παντὸς
1054 5254 1191 5326 ὑπὲρ
1219 5256 1322 5325 γῆν
1353 5251 1522 5308 ὄντων
1548 5253 1673 5325 τρια
1712 5253 1810 5324 μὲν

247 5349 335 5400 καὶ
371 5351 541 5419 ἥμισυ
594 5348 702 5401 ἀπὸ
745 5347 844 5418 τῆς
895 5347 1342 5418 μεσουρανήσεως
1379 5345 1517 5416 πρὸς
1549 5345 1810 5410 ἀνατολὴν

247 5438 700 5512 ἀπολαμϐάνεται,
726 5438 817 5492 δύο
843 5438 899 5493 δὲ
929 5439 1023 5493 καὶ
1046 5439 1216 5510 ἥμισυ
1245 5437 1381 5508 πρὸς
1406 5437 1574 5492 δύσιν.

327 5795 368 5828 ⁸³
400 5814 491 5867 πῃ.
515 5796 575 5851 δὲ
602 5795 915 5868 τετράγωνα
938 5797 1204 5870 καθάπερ.

1912 4623 2128 4664 casum.
2173 4606 2330 4664 Unde
2363 4608 2422 4662 ﬁt
2453 4616 2534 4673 ut,
2566 4623 2690 4662 cum
2732 4607 2812 4664 sol
2839 4607 3083 4678 quotidie
3116 4609 3172 4663 in
3210 4609 3483 4680 parallelis

1915 4699 2146 4754 circulis
2173 4698 2403 4765 feratur,
2428 4697 2628 4754 habeat
2648 4714 2895 4763 cursum,
2921 4699 3016 4769 qui
3054 4708 3139 4755 est
3168 4702 3235 4756 ab
3265 4709 3386 4756 ortu
3413 4701 3483 4756 ad

1914 4789 2160 4845 medium
2198 4790 2344 4851 coeli,
2376 4791 2643 4861 aequalem
2672 4791 2720 4846 ei
2748 4792 2938 4848 cursui
2985 4791 3079 4864 qui
3134 4801 3217 4847 est
3243 4806 3274 4845 a
3303 4790 3483 4848 medi'o

1915 4882 2043 4937 cmli
2078 4898 2254 4952 usque
2287 4883 2356 4938 ad
2379 4898 2658 4940 occasum.
2694 4883 2830 4938 Cum
2856 4900 2984 4940 vero
3017 4885 3072 4938 in
3111 4885 3335 4940 zodiaco
3368 4886 3485 4942 haec

1914 4975 2203 5030 intervalla
2237 4985 2550 5043 sumuntur,
2591 4977 2860 5048 contingit
2910 4985 2970 5031 ut
3010 4977 3065 5032 id
3110 4977 3479 5055 intervallum,

1914 5066 2062 5137 quod
2090 5074 2174 5122 est
2226 5082 2257 5122 a
2298 5068 2476 5123 medio
2506 5069 2631 5123 cmli
2661 5069 2729 5122 ad
2775 5078 2956 5124 ortum
2979 5109 2995 5133 ,
3028 5069 3098 5125 sit
3137 5069 3400 5139 inaequale
3430 5070 3482 5126 ei

1917 5158 2234 5222 intervallo,
2268 5159 2410 5229 quod
2440 5169 2525 5216 est
2553 5177 2583 5214 a
2614 5159 2791 5216 medio
2839 5159 2961 5214 ειειί
2995 5160 3061 5214 ad
3092 5175 3371 5224 occasum,
3400 5161 3484 5216 id-

1920 5265 2028 5319 que
2079 5259 2300 5320 propter
2332 5250 2710 5320 obliquitatem
2749 5252 2982 5317 zodiaci,
3016 5267 3080 5307 ac
3117 5252 3389 5308 interdum
3416 5269 3483 5309 ex

1917 5341 2026 5396 illis
2058 5357 2153 5398 sex
2185 5342 2378 5413 signis,
2418 5358 2539 5412 qua:
2582 5357 2796 5414 semper
2837 5354 2964 5398 sunt
3015 5359 3180 5413 supra
3227 5335 3484 5399 horizon-

1915 5441 2049 5500 tem,
2079 5435 2208 5501 tria,
2253 5442 2308 5490 et
2355 5435 2640 5490 dimidium
2687 5453 2717 5490 a
2763 5437 2941 5492 medio
2984 5438 3107 5493 cmli
3161 5452 3356 5494 versus
3390 5452 3483 5493 (ιι-κ

1917 5532 2035 5579 tum
2090 5525 2546 5597 intercipiuntur,
2587 5526 2695 5582 duo
2739 5535 2794 5583 et
2825 5527 3110 5583 dimidium
3145 5542 3338 5585 versus
3385 5542 3481 5584 oc-

1916 5633 2121 5675 casum.

3378 367 3385 376 ”
3401 375 3506 432 762

3565 5472 3582 5500 /
