3886 6268
283 367 401 423 765
1343 374 1581 432 GEMINI
1620 371 1993 429 ELEMENTA
2027 368 2515 427 ASTRONOMIA'].
3451 364 3554 422 766

277 486 518 556 Αἱγόκε
529 508 628 565 ρῳ,
650 494 713 547 ὲν
735 493 794 547 δὲ
825 496 940 557 ταῖς
970 498 1301 567 χειμεριναῖς
1328 498 1553 568 τροπαῖς
1584 493 1875 549 νοτιὼτατο

2003 492 2239 548 solstitia
2272 491 2405 545 ﬁant
2438 491 2492 545 in
2523 489 2895 560 Capricorno,
2927 488 2982 543 in
3020 485 3271 544 solstitiis
3303 498 3436 539 vero
3478 482 3558 537 hi-

283 578 532 648 τίνεται
572 585 603 637 ό
642 584 827 655 ἣλιος·
861 585 947 640 διὰ
976 586 1133 641 τοῦτο
1173 586 1548 659 ὑπελάμϐανον
1583 586 1875 640 νοτιώτατοπ

2002 582 2188 638 bernis
2212 581 2448 636 maxime
2490 580 2753 635 australis
2784 578 2863 634 sol
2894 578 2987 633 tiat
3013 593 3028 628 :
3056 577 3126 632 ob
3163 576 3266 629 hoc
3296 572 3559 645 putabant

278 671 636 730 ἀνατέλλειν
683 677 773 731 τὸν
803 678 1146 750 Δίγόκερων,
1194 681 1288 734 καὶ
1333 678 1495 750 μηδὲν
1544 678 1667 733 ἄλλο
1712 677 1875 742 ζώδιοτ

2001 676 2235 730 maxime
2289 673 2581 728 australem
2617 671 2751 726 oriri
2802 670 3212 740 Capricornum,
3252 675 3307 721 ct
3349 664 3561 719 nullum

278 761 354 816 ὲκ
395 764 521 818 τοῦ
553 764 717 820 αὑτοῦ
747 768 910 822 τόπου
936 770 1242 824 ἀνατέλλειν
1272 771 1364 825 καὶ
1391 769 1564 824 δύνειν
1596 770 1873 841 Αἰγόκερῳ

2002 766 2148 823 aliud
2176 766 2388 837 signum
2436 781 2502 819 ex
2549 764 2735 820 eodem
2784 763 2911 817 loco
2949 761 3104 821 oriri,
3137 769 3192 815 et
3220 759 3274 813 in
3308 756 3559 812 eumdem

278 851 415 917 Τὰς
468 856 539 910 δὲ
574 857 765 924 λοιπὰς
794 860 1053 929 συζυγίας
1085 862 1379 927 ὲξετίθεντο
1413 846 1617 925 οὕτως*
1648 861 1875 931 Διδύμοω

2000 858 2179 914 locmn
2225 859 2476 914 occidere
2516 872 2641 913 cum
2688 855 3044 925 Capricorno.
3071 852 3330 920 Reliquas
3361 845 3561 904 combi-

280 944 569 1016 Λέοντα,
629 950 824 1024 Ταύρῳ
877 953 1186 1025 Παρθένον,
1242 954 1397 1026 Κριῷ
1450 955 1650 1023 Ζυγδν,
1701 951 1875 1023 Ἰχθύσ

2000 950 2251 1005 nationes
2272 950 2353 1005 sic
2378 949 2746 1020 exponebant,
2778 947 3141 1002 attribucntes
3163 941 3405 999 Gemin's
3436 938 3562 994 Leo-

280 1036 615 1110 Σκορπίον,
642 1042 907 1115 ’Υδροχόῳ
946 1044 1202 1117 Τοξότην.
1232 1046 1343 1117 Τὴν
1371 1046 1429 1099 δὲ
1456 1044 1715 1115 τοιαύτην
1738 1044 1875 1098 ἔκθε·

2000 1057 2148 1106 nem,
2204 1041 2388 1097 Tauro
2428 1040 2726 1112 Virginem,
2783 1037 2956 1093 Arieti
3007 1037 3256 1096 Libram,
3307 1030 3559 1086 Piscibus

281 1141 384 1181 σιν
423 1131 719 1197 παντελῶς
737 1133 1179 1208 διημαρτημένην
1206 1131 1344 1190 εἶναι
1366 1135 1731 1207 συμϐέϐηκεν.
1760 1133 1875 1189 Οὔτε

2003 1132 2311 1203 Scorpium,
2346 1134 2589 1204 Aquario
2626 1131 3001 1203 Sagittarium.
3051 1127 3121 1182 At
3149 1127 3308 1181 talem
3342 1121 3562 1199 exposi-

282 1216 414 1291 γὰρ
451 1221 518 1274 ἰν
535 1222 641 1293 ὅλῳ
657 1223 733 1293 τῷ
762 1225 1020 1297 Καρκίνῳ
1044 1226 1242 1296 τροπαὶ⁸
1261 1226 1524 1295 γίνονται·
1546 1224 1660 1279 ἀλλ’
1675 1225 1825 1278 ἐστιν
1837 1225 1875 1278 Et

2000 1227 2199 1282 tionem
2245 1226 2470 1282 omnino
2523 1240 2645 1282 esse
2693 1237 2977 1280 crroneam
3032 1219 3317 1288 contingit.
3375 1214 3561 1283 Neque

284 1323 345 1361 τι
382 1315 628 1381 σημεῖον
654 1311 795 1382 λόγῳ
825 1312 1114 1386 θεωρητδν,
1143 1315 1227 1385 ἐφ’
1266 1305 1329 1368 οὗ
1372 1309 1658 1385 γενόμενος
1683 1316 1712 1367 ὁ
1738 1315 1875 1385 ἥλιος

1999 1320 2146 1376 enim
2179 1321 2233 1374 in
2264 1328 2380 1375 toto
2419 1320 2634 1374 Cancro
2682 1316 2919 1372 solstitia
2951 1313 3086 1368 tiunt
3112 1330 3125 1366 :
3159 1309 3254 1366 scd
3279 1315 3364 1363 cst
3391 1318 3561 1361 unum

284 1398 405 1469 τὴν
461 1402 674 1474 τροπὴν
716 1406 965 1457 ποιεῖται.
1001 1405 1087 1459 Ἑν
1133 1404 1242 1477 γὰρ
1293 1405 1582 1477 στιγμιαίῳ
1631 1406 1806 1478 χρόνῳ
1839 1422 1874 1459 α

2000 1411 2273 1482 quoddam
2307 1412 2523 1481 signum
2553 1409 2767 1463 ratione
2804 1402 3235 1477 percipiendum,
3267 1401 3322 1454 in
3344 1413 3450 1468 quo
3479 1394 3562 1451 sol

287 1494 521 1562 τροπαὶ
539 1494 798 1563 γίνονται.
820 1495 892 1548 Τὸ
912 1495 968 1549 δὲ
989 1495 1107 1551 ὅλον
1131 1497 1597 1569 δωδεκατημόριον
1623 1498 1717 1551 τοῦ
1746 1499 1875 1571 Καρ

2000 1502 2211 1572 positus
2239 1501 2535 1557 solstitium
2571 1498 2758 1556 eﬂicit.
2781 1497 2840 1551 ln
2872 1503 3144 1550 momento
3183 1492 3328 1546 enim
3359 1500 3564 1558 tempo-

289 1580 475 1635 κενου
502 1583 705 1654 ὁμοίως
739 1588 911 1639 κεῖται
944 1589 1056 1651 τοῖς
1084 1587 1351 1658 Διδύμοις,
1381 1588 1474 1642 καὶ
1504 1588 1762 1660 ἑκάτερον
1799 1588 1875 1641 αὑ

2000 1594 2078 1649 ris
2129 1593 2551 1654 conversiones.
2602 1591 2716 1646 sive
2761 1588 3001 1645 solstitia
3054 1585 3192 1640 fiunt
3220 1600 3238 1635 ι
3267 1589 3322 1635 at
3384 1587 3561 1634 totum

290 1671 425 1726 τῶν
466 1674 579 1727 ἴσον
608 1675 798 1746 ἀπέχει
842 1676 950 1730 ἀπὸ
985 1676 1078 1731 τοῦ
1119 1676 1330 1746 θερινοῦ
1361 1678 1620 1750 τροπικοῦ
1649 1679 1872 1750 σημείου

2001 1685 2213 1756 signum
2254 1684 2458 1740 Cancri
2510 1682 2781 1755 positione
2838 1680 3021 1736 simile
3068 1686 3153 1733 est
3203 1674 3475 1738 Geminis,
3508 1678 3562 1725 et

293 1763 390 1816 At‘
421 1764 493 1836 ἥν
515 1766 693 1820 αἰτίαν
726 1766 820 1821 καὶ
843 1766 910 1819 τὰ
948 1767 1150 1838 μεγέθη
1177 1766 1285 1820 τῶν
1312 1766 1535 1839 ἡμερῶν
1571 1768 1663 1822 καὶ
1691 1768 1875 1822 νυκτῶε

2001 1784 2294 1846 utrumque
2321 1790 2508 1830 eorum
2543 1775 2828 1845 aequaliter
2850 1770 3021 1825 distat
3046 1768 3116 1822 ab
3144 1766 3333 1822 aestivo
3360 1770 3561 1846 puncto

295 1856 409 1910 ἴσα
456 1858 606 1911 ἐστὶν
649 1860 706 1912 ὲν
743 1858 994 1930 Διδύμοις
1030 1859 1124 1913 καὶ
1158 1862 1216 1913 ὲν
1254 1860 1542 1931 Καρκίνον
1578 1860 1673 1914 καὶ
1703 1861 1760 1914 ὲν
1787 1863 1875 1913 τοῖς

1996 1869 2269 1926 solstitiali
2301 1883 2317 1921 :
2347 1867 2419 1923 ob
2465 1880 2627 1937 quam
2673 1880 2895 1920 causam
2948 1862 3112 1917 etiam
3152 1838 3568 1928 magnitudines

297 1946 707 2018 ὡροσκοπείοις
771 1951 827 2004 αἱ
881 1951 984 2004 ὑπὸ
1037 1949 1146 2003 τῶν
1203 1952 1493 2023 γνωμόνων
1559 1951 1874 2026 γραφόμενα

1997 1962 2207 2017 dierum
2255 1969 2309 2016 ct
2334 1959 2576 2014 noctium
2625 1957 2864 2028 aequales
2888 1962 3017 2010 sunt
3056 1953 3111 2007 in
3147 1949 3390 2005 Geminis
3416 1955 3471 2002 et
3503 1946 3565 2000 in

299 2041 580 2111 γραμμαὶ
635 2041 749 2095 ἴσον
797 2043 1057 2114 ἀπέχουσι
1100 2039 1195 2094 τοῦ
1249 2041 1460 2115 θερινοῠ
1505 2042 1764 2116 τροπικοῦ
1804 2061 1875 2115 ση·

1995 2054 2211 2109 Cancro
2242 2070 2255 2107 :
2294 2061 2349 2109 et
2382 2053 2435 2107 in
2472 2051 2855 2106 instrumentis
2896 2045 3135 2102 horariis
3163 2044 3318 2097 lineae
3360 2056 3391 2094 a
3427 2055 3563 2110 gno-

305 2133 475 2203 μείου
499 2132 610 2205 (10)
639 2134 733 2189 καὶ
762 2135 820 2189 ἐν
848 2136 1105 2207 Καρκίνῳ
1131 2138 1224 2190 καὶ
1260 2137 1318 2190 ὲν
1347 2136 1616 2209 Διδύμοις.
1651 2137 1738 2204 Ἐξ
1783 2136 1875 2191 [σοι

1997 2146 2253 2202 monibus
2308 2143 2598 2214 descriptae
2656 2140 2936 2212 aqualiter
2987 2138 3192 2193 distant
3255 2134 3323 2188 ab
3371 2129 3567 2187 aestivo

300 2224 428 2295 γὰρ
450 2227 654 2278 κεῖνται
678 2225 812 2298 πρὸς
830 2226 891 2279 τὸ
913 2226 1120 2298 θερινὸν
1148 2231 1370 2300 σημεῖον
1396 2227 1465 2282 τὰ
1486 2228 1577 2282 δύο
1598 2228 1875 2301 δωδεκατη·

1995 2245 2201 2307 puncto
2230 2235 2528 2298 solstitia-li,
2558 2248 2685 2293 cum
2717 2233 2773 2286 in
2796 2232 3029 2293 Cancro,
3066 2236 3179 2282 tum
3207 2227 3262 2280 in
3292 2221 3557 2280 Geminis.

310 2312 507 2383 μόρια.
543 2312 706 2369 Ὅθεν
727 2317 819 2369 καὶ
858 2317 962 2370 ὑπὸ
991 2316 1097 2370 τῶν
1140 2317 1317 2372 αὐτῶν
1346 2318 1702 2391 παραλλήλων
1728 2321 1875 2388 ὲμπε·

1994 2327 2130 2383 Nam
2157 2327 2226 2382 ad
2258 2328 2506 2383 testivum
2536 2325 2640 2379 hoc
2670 2332 2937 2394 punctum
2979 2320 3238 2391 a-qualem
3270 2315 3432 2370 situm
3470 2312 3562 2366 ba-

308 2406 713 2478 ριλαμϐἀνεται
738 2407 972 2471 κύκλων,
996 2407 1086 2463 διά
1110 2427 1170 2463 τε
1195 2409 1353 2464 τοῦτο
1389 2412 1453 2463 ἐκ
1485 2409 1579 2463 τοῦ
1617 2410 1780 2464 αὐτοῦ
1811 2410 1875 2464 τό

1993 2422 2121 2479 bent
2138 2422 2250 2477 haec
2266 2421 2375 2476 duo
2399 2420 2575 2491 signa.
2603 2416 2759 2473 Unde
2782 2416 2944 2471 etiam
2971 2414 3113 2468 inter
3142 2408 3359 2466 eosdem
3390 2407 3439 2476 7
3457 2405 3565 2460 eir-

311 2514 424 2550 που
471 2498 816 2552 ἀνατέλλουσι
868 2499 1087 2571 Δίδυμοι
1111 2541 1126 2566 ,
1202 2500 1479 2573 Καρκίνος
1501 2541 1517 2568 ,
1573 2501 1774 2573 ὁμοίως
1832 2517 1875 2556 τι

1993 2515 2148 2569 culos
2172 2513 2466 2584 parallelos
2490 2517 2621 2566 sunt
2659 2510 2762 2564 sita
2786 2523 2801 2560 :
2836 2516 2889 2562 et
2917 2505 2989 2561 ob
3017 2505 3120 2559 hoc
3135 2518 3208 2557 ex
3229 2500 3416 2556 eodem
3436 2497 3558 2553 loco

312 2588 568 2643 δύνουσιν
596 2592 678 2656 είς
703 2591 796 2644 τὸν
826 2590 987 2645 αὐτὸν
1014 2591 1196 2646 τόπον.

1990 2601 2242 2656 oriuntur
2269 2599 2505 2665 Gemini,
2537 2598 2782 2663 Cancer,
2830 2594 3085 2651 similiter
3115 2600 3170 2648 et
3202 2590 3459 2648 occidunt
3500 2587 3560 2643 in

1989 2690 2241 2748 eumdem
2273 2690 2476 2744 locum.

402 2762 458 2815 Ὁ
481 2762 539 2817 δὲ
565 2762 725 2828 αὐτὸς
751 2764 905 2834 λόγος
932 2767 1026 2821 καὶ
1049 2765 1142 2820 ἐπὶ
1164 2765 1259 2821 τοῦ
1288 2767 1588 2839 Ᾱξγόκερω.
1622 2765 1759 2821 Οὔτε
1783 2766 1875 2840 γὰε

2060 2781 2259 2836 Eadem
2287 2789 2371 2837 est
2392 2780 2530 2834 ratio
2556 2777 2718 2834 etiam
2750 2777 2805 2832 in
2825 2775 3177 2846 Capricorno.
3203 2771 3387 2843 Neque
3409 2771 3557 2827 enim

314 2843 471 2916 ὦτός
504 2856 620 2908 ἐστι
644 2854 963 2921 νοτιὼτατος
982 2874 996 2888 ο
1029 2858 1144 2911 ἀλλ’
1174 2857 1236 2911 ἓν
1265 2874 1318 2911 τι
1349 2860 1572 2929 σημεῖον
1600 2857 1740 2929 λόγῳ
1765 2857 1875 2912 θεω

1999 2872 2089 2928 hic
2120 2881 2204 2927 est
2230 2873 2462 2924 maxime
2500 2867 2779 2933 australis,
2814 2843 2920 2923 sed
2955 2880 3122 2919 unum
3155 2863 3374 2933 aliquod
3418 2877 3558 2933 pun-

318 2944 482 3016 ρητόν
504 2960 519 2976 ·
563 2946 593 3000 δ
619 2948 799 3002 κοινόν
838 2952 954 3003 ἔστι
999 2949 1100 3020 τῆς
1131 2967 1191 3003 τε
1225 2948 1320 3003 τοῦ
1364 2950 1594 3015 Τοξότου
1637 2951 1875 3024 τελευτῆς

1990 2971 2138 3019 ctum
2167 2963 2380 3018 ratione
2414 2946 2843 3031 percipiendum,
2878 2957 3024 3029 quod
3056 2971 3347 3012 commune
3385 2965 3468 3010 est
3500 2959 3559 3010 et

316 3035 411 3088 atati
440 3037 537 3107 τῆς
563 3037 657 3092 τοῦ
689 3038 972 3113 Αίγόκερω
1018 3042 1210 3113 ἀρχῆς.
1242 3041 1332 3095 Διὸ
1364 3040 1423 3108 ἐξ
1452 3041 1566 3095 ίσου
1607 3044 1782 3097 κεῖται
1811 3043 1875 3115 τᾷ

1988 3054 2084 3110 ﬁni
2125 3052 2425 3124 Sagittarii,
2461 3061 2514 3108 et
2556 3051 2827 3122 principio
2861 3046 3180 3119 Capricorni
3220 3065 3234 3102 :
3283 3060 3445 3117 quam
3482 3043 3556 3101 ob

316 3126 528 3201 τοξότῃ,
556 3131 651 3183 καὶ
677 3130 776 3201 τὴν
808 3133 979 3204 αὐτὴν
1013 3133 1314 3188 ἀπόστασιν
1353 3133 1467 3205 ἔχει
1504 3134 1612 3188 ἀπὸ
1643 3134 1739 3190 τοῦ
1773 3153 1875 3207 χει-

1991 3162 2215 3203 causam
2259 3144 2491 3202 similem
2547 3144 2711 3199 situm
2760 3142 2924 3196 habet
2977 3155 3102 3195 cum
3158 3137 3457 3210 Sagittario
3499 3142 3557 3191 et

319 3221 537 3291 μερινοῦ
558 3223 818 3293 τροπικοῦ
848 3223 1094 3296 σημείου.
1132 3225 1294 3278 Ὅθεν
1327 3226 1420 3279 καὶ
1444 3225 1515 3279 τὰ
1547 3225 1752 3298 μεγέθη
1779 3226 1875 3282 τῶι

1986 3237 2229 3293 eamdem
2269 3236 2433 3292 habet
2471 3235 2784 3292 distantiam
2824 3232 2894 3287 ab
2937 3231 3164 3287 hiberno
3210 3236 3411 3300 puncto
3445 3227 3554 3285 sei-

316 3313 537 3384 ἡμερῶν
567 3315 664 3368 καὶ
688 3316 797 3370 τῶν
823 3318 1033 3372 νυκτῶν
1054 3317 1124 3372 τὰ
1145 3319 1284 3374 αὐτά
1307 3321 1456 3374 ἐστιν
1482 3321 1541 3373 ὲν
1571 3319 1651 3391 τῷ
1686 3320 1875 3393 Τοξότγ

1988 3328 2198 3385 stitiali.
2250 3325 2404 3383 Unde
2437 3328 2600 3382 etiam
2646 3323 3048 3395 magnitudines
3090 3321 3300 3377 dierum
3349 3328 3403 3375 et
3453 3332 3555 3373 no-

316 3404 408 3458 καὶ
429 3407 487 3458 ὲν
512 3404 592 3476 τῷ
628 3407 929 3480 Αἰγόκερῳ,
959 3409 1052 3463 καὶ
1081 3409 1144 3463 τὸ
1185 3410 1352 3482 ἀκρον
1393 3411 1489 3464 τοῦ
1523 3411 1799 3482 γνώμονας
1828 3413 1875 3466 Et

1986 3421 2155 3476 ctium
2206 3418 2409 3476 eaedem
2457 3426 2587 3474 sunt
2632 3417 2689 3471 in
2731 3414 3024 3487 Sagittario
3078 3420 3134 3468 et
3169 3412 3549 3483 Capricorno:

316 3498 423 3561 τοῖς
454 3496 768 3569 ὠρολογίοις
796 3501 894 3565 τὰς
919 3500 1090 3566 αὑτὰς
1121 3501 1321 3573 γράφει
1356 3501 1639 3575 γραμμὰς,
1663 3504 1758 3558 καὶ
1782 3503 1875 3558 ὑπέ

1985 3518 2042 3565 et
2078 3509 2400 3565 extremitas
2453 3505 2741 3579 gnomonis
2788 3503 2847 3558 in
2898 3500 3279 3557 instrumentis
3316 3498 3556 3556 borariis

315 3585 419 3641 τῶν
462 3589 642 3642 αὐτῶν
688 3591 1043 3664 παραλλήλων
1087 3592 1626 3665 ὲμπεριλαμϐάνεται
1673 3594 1875 3650 κύκλων

1982 3600 2203 3655 easdem
2226 3596 2490 3655 describit
2517 3595 2712 3663 lineas,
2739 3599 2795 3650 et
2821 3593 2969 3648 inter
3005 3590 3226 3646 eosdem
3264 3587 3552 3661 paralleics

314 3680 381 3737 τὰ
399 3682 493 3738 δύο
516 3685 963 3762 δωδεκατημόρια
982 3687 1076 3742 τοῦ
1105 3688 1334 3752 Τοξότου
1363 3705 1423 3743 τε
1449 3689 1544 3743 καὶ
1569 3689 1875 3762 Αίγόκερω·

1982 3693 2218 3748 circulos
2264 3692 2371 3748 sita
2419 3698 2548 3747 sunt
2589 3689 2709 3743 haec
2758 3686 2869 3742 duo
2918 3683 3361 3742 dodecatemoria
3421 3696 3550 3737 cum

314 3774 405 3826 καὶ
431 3775 521 3829 διὰ
544 3776 701 3832 τοῦτο
732 3778 798 3833 ὲκ
820 3780 913 3833 τοῦ
942 3779 1104 3835 αὐτοῦ
1134 3780 1299 3834 τόπου
1329 3779 1632 3845 ἀνατέλλει,
1676 3781 1771 3834 καὶ
1805 3781 1875 3846 είς

1986 3780 2285 3853 Sngittarii,
2322 3793 2441 3839 tum
2485 3777 2806 3850 Capricorni
2848 3795 2863 3833 :
2908 3784 3075 3847 atque
3104 3776 3174 3831 ob
3206 3773 3311 3830 hoc
3349 3789 3417 3830 ex
3454 3787 3550 3828 eo-

314 3866 400 3920 τδν
431 3867 594 3922 αὑτὸν
620 3868 785 3923 τόπον
810 3870 954 3924 δύνει
984 3870 1218 3942 Τοξότης
1243 3871 1337 3924 καὶ⁸
1364 3870 1695 3942 Λίγόκερως.

1981 3874 2103 3930 dem
2144 3874 2265 3929 loco
2299 3872 2573 3939 oriuntur,
2612 3879 2666 3927 et
2701 3870 2758 3925 in
2788 3869 3041 3926 eumdem
3078 3869 3260 3925 locum
3286 3865 3549 3924 occidunt

1983 3963 2334 4036 Sagittarius,
2366 3972 2419 4019 et
2446 3963 2836 4034 Capricornus.

396 4048 629 4118 ὐμοίως
655 4048 712 4102 δὲ
741 4048 837 4103 καὶ
862 4049 961 4113 τὰς
992 4049 1184 4114 λοιπὰς
1219 4050 1480 4119 συζυγίας
1505 4050 1875 4122 διημαρτημέ-

2053 4055 2316 4114 Similiter
2358 4071 2490 4112 vero
2524 4062 2581 4111 et
2621 4056 2864 4126 reliquas
2908 4053 3347 4110 combinationes
3374 4050 3544 4119 ferro—

312 4157 408 4205 νας
435 4136 574 4194 εἶναι
605 4141 965 4214 συμϐέϐηκεν.
994 4142 1375 4215 Ἐκδηλότατον
1402 4143 1459 4197 δὲ
1479 4143 1687 4211 γίνεται
1711 4142 1875 4214 ἁμάρ-

1984 4162 2119 4203 neas
2149 4161 2274 4203 esse
2299 4145 2583 4216 contingit.
2624 4140 3103 4199 Manifestissimus
3129 4140 3274 4196 enim
3305 4136 3362 4192 ﬁt
3389 4149 3546 4191 error

311 4248 460 4303 τημα
493 4234 621 4304 περὶ
657 4234 757 4304 τὴν
804 4234 1063 4303 συζυγίαν
1105 4234 1200 4288 τοῦ
1235 4232 1427 4306 Κριοῦ.
1472 4234 1875 4305 Ἀποφαίνονται

1980 4241 2037 4294 in
2061 4238 2468 4295 combinatione
2504 4238 2729 4293 Arietis.
2769 4235 3052 4291 Aﬂirmant
3087 4232 3230 4288 enim
3267 4228 3547 4285 combina-

311 4323 419 4395 γὰρ
435 4323 578 4377 κατά
597 4324 856 4393 συζυγίαν
887 4325 1073 4396 Κριὸν,
1101 4324 1294 4394 Ζυγὸν,
1319 4324 1395 4388 ὡς
1416 4323 1619 4378 τούτων
1643 4323 1752 4378 τῶν
1780 4323 1875 4389 ζω-

1979 4332 2183 4389 tionem
2218 4333 2363 4387 inter
2398 4347 2458 4387 se
2482 4330 2683 4386 habere
2715 4328 2971 4392 Arietem,
3016 4333 3069 4381 et
3106 4322 3343 4385 Libram,
3386 4318 3545 4390 quasi

310 4416 435 4469 δίων
457 4417 522 4469 ὲκ
551 4414 646 4469 τοῦ
680 4415 844 4469 αὐτοῦ
884 4417 1051 4470 τόπου
1086 4416 1501 4481 ἀνατελλόντων,
1533 4416 1628 4469 καὶ
1669 4419 1749 4481 είς
1790 4416 1875 4470 τὸν

1979 4425 2094 4480 haec
2130 4427 2284 4496 signa
2322 4438 2391 4478 ex
2431 4421 2621 4477 eodem
2652 4421 2773 4476 loco
2805 4418 3071 4480 oriantur,
3107 4422 3162 4471 et
3202 4414 3258 4468 in
3292 4412 3545 4468 eumdem

311 4506 471 4561 αὐτὸν
513 4507 678 4561 τόπον
724 4507 1005 4563 δυνόντων.
1046 4508 1185 4563 Ἀλλ’
1229 4511 1258 4562 ό
1307 4509 1406 4580 μὲν
1454 4507 1624 4580 Κριὸς
1671 4506 1875 4580 βόρειος

1981 4516 2159 4571 locum
2217 4512 2491 4570 occidant.
2553 4511 2718 4582 Atqui
2778 4510 2939 4566 Aries
3014 4506 3233 4579 quidem
3307 4501 3544 4559 borealis

311 4598 609 4664 ἀνατέλλει,
635 4600 728 4653 καὶ
755 4599 901 4654 δύνει
920 4615 935 4629 θ
966 4600 1032 4653 ὲκ
1056 4598 1153 4654 τοῦ
1179 4599 1288 4672 γὰρ
1333 4597 1649 4672 ίσημερινοῦ
1677 4599 1875 4654 κύκλου

1980 4608 2176 4672 oritur,
2235 4613 2291 4661 et
2359 4604 2585 4668 occidit,
2627 4619 2750 4658 nam
2809 4603 2879 4658 ab
2932 4597 3295 4670 aequinoctiali
3350 4608 3545 4651 versus

315 4693 449 4763 πρὸς
476 4693 711 4765 ἄρκτους
749 4695 958 4748 κεῖται·
986 4694 1015 4746 ό
1040 4692 1097 4745 δὲ
1140 4691 1311 4761 Ζυγὸς
1347 4692 1519 4756 νότιος
1559 4692 1874 4746 ἀνατέλλει·

1979 4700 2201 4756 boream
2236 4698 2375 4753 situs
2417 4703 2521 4752 est.
2560 4694 2723 4751 Libra
2779 4710 2911 4750 vero
2952 4691 3211 4748 australis
3252 4688 3446 4750 oritur,
3489 4696 3544 4742 et

311 4784 376 4837 ἐκ
395 4784 503 4856 γὰρ
530 4783 625 4839 τοῦ
662 4782 977 4857 ἰσημερινοῦ
1005 4776 1366 4857 κύκλου⁹πρδς
1397 4784 1741 4857 μεσημϐρίαν
1767 4787 1875 4929 χεζ-

311 4895 426 4929 ται.
455 4877 582 4929 Πῶς
610 4874 704 4929 οὖν
730 4877 951 4929 δύναται
973 4876 1144 4929 Κριὸς
1164 4874 1322 4929 Ζυγῶ
1336 4874 1480 4929 κατὰ
1510 4874 1769 4929 συζυγίαν
1798 4892 1826 4928 ε
1851 4905 1875 4916 -

1979 4787 2203 4854 occidit,
2236 4789 2304 4843 ab
2329 4785 2694 4856 aequinoctiali
2728 4783 2873 4840 enim
2906 4797 3099 4839 versus
3139 4779 3419 4835 meridiem
3458 4785 3544 4832 est

1979 4883 2105 4929 sita-
2143 4879 2428 4929 Ounmmh
2462 4879 2628 4929 igitur
2658 4875 2816 4929 Aries
2863 4890 2987 4929 cum
3034 4872 3195 4927 Libra
3231 4876 3410 4929 potest
3443 4868 3543 4923 ba-

311 4895 426 4933 ται.
455 4877 582 4941 Πῶς
610 4874 704 4932 οὖν
730 4877 951 4933 δύναται
973 4876 1144 4947 Κριὸς
1164 4874 1322 4947 Ζυγῷ
1336 4874 1480 4929 κατὰ
1510 4874 1769 4945 συζυγίαν
1798 4862 1875 4929 εἳ-

1979 4883 2105 4939 sita.
2143 4879 2428 4947 Quomodo
2461 4879 2628 4949 igitur
2658 4875 2816 4932 Aries
2863 4890 2987 4931 cum
3034 4872 3195 4927 Libra
3231 4876 3410 4942 potest
3443 4868 3543 4923 ba-

311 4988 429 5040 vat;
454 4973 518 5026 ὲκ
548 4971 819 5043 διαφόρων
851 4970 962 5042 γὰρ
997 4969 1179 5022 τόπων
1209 4968 1576 5033 ἀνατέλλουσι,
1601 4968 1801 5040 ὁμοίως
1821 4966 1878 5020 δὲ

312 5065 402 5121 καὶ
422 5063 685 5117 δύνουσιν.
716 5062 790 5115 Οὐ
822 5061 1044 5115 δύναται
1076 5060 1133 5114 δὲ
1164 5060 1334 5114 ταῦτα
1356 5059 1426 5113 τά
1452 5058 1616 5124 ζώδια
1641 5059 1746 5113 ὑπὸ
1770 5059 1878 5113 τῶν

311 5155 485 5211 αὐτῶν
513 5154 873 5228 παραλλήλων
908 5152 1259 5226 περιέχεσθαι
1287 5150 1523 5206 κύκλων.
1565 5151 1793 5222 Ὁμοίως
1821 5152 1878 5205 δὲ

311 5249 428 5303 οὐδὲ
473 5251 529 5303 αἱ
567 5248 751 5302 λοιπαὶ
779 5246 1035 5318 συζυγίαι
1084 5245 1484 5319 συμφωνοῦσιν.
1521 5245 1877 5318 Ἠγνοήκασιν

310 5337 399 5396 οὖν
431 5341 500 5396 τά
547 5343 675 5414 περὶ
699 5341 800 5406 τὰς
841 5340 1063 5413 πρώτας
1103 5340 1297 5412 μοίρας
1346 5337 1728 5410 συμϐεϐηκότα
1766 5341 1878 5404 τοῖς

311 5433 449 5487 κατά
478 5432 738 5502 συζυγίας
766 5432 974 5497 ζωδίοις
1003 5432 1133 5502 περὶ
1162 5432 1260 5486 ὅλα
1277 5430 1347 5485 τὰ
1377 5430 1544 5495 ζώδια
1570 5431 1869 5503 ὲκθέμενοι.

311 5520 494 5594 Πολλῷ
516 5523 626 5594 γὰρ
652 5520 849 5594 μᾶλλον
873 5520 979 5579 εδει
1009 5520 1078 5579 τὰ
1106 5520 1250 5585 ὅλοις
1291 5521 1334 5553 ³⁵
1362 5522 1474 5585 τοῖς
1496 5519 1871 5594 δωδεκατημο-

383 5683 426 5714 η
458 5699 550 5751 γρ.
579 5680 699 5736 ὅλα.

381 5799 494 5872 (id)
534 5800 704 5856 Abest
733 5813 835 5853 vox
872 5800 1094 5869 σημείου
1130 5813 1160 5853 a
1192 5798 1480 5856 veteribus.

1978 4975 2106 5029 bere
2135 4969 2625 5028 combinationem?
2667 4968 2783 5023 haec
2821 4968 2966 5022 enim
3002 4964 3158 5035 signa
3204 4976 3271 5017 ex
3309 4958 3541 5016 diversis

1980 5066 2117 5121 locis
2161 5065 2435 5130 oriuntur,
2481 5070 2536 5118 et
2576 5060 2831 5116 similiter
2870 5059 2928 5114 in
2979 5058 3194 5113 diversa
3231 5056 3352 5109 loca
3393 5050 3542 5106 occi-

1979 5159 2134 5216 dunt.
2162 5155 2276 5214 Nec
2311 5164 2542 5227 possunt
2575 5154 2690 5210 haec
2730 5154 2882 5224 signa
2926 5150 2997 5206 ab
3032 5148 3227 5205 iisdem
3267 5141 3541 5216 parallelis

1980 5249 2389 5320 comprehendi.
2454 5246 2721 5302 Similiter
2768 5259 2948 5314 neque
2994 5243 3217 5312 reliquae
3261 5235 3542 5294 combina-

1978 5341 2156 5397 tiones
2189 5341 2330 5397 bene
2360 5355 2420 5396 se
2451 5339 2672 5395 habent.
2698 5335 2819 5392 Non
2855 5334 3001 5391 enim
3040 5330 3541 5387 animadverterunt

1979 5440 2212 5501 veteres,
2263 5448 2327 5511 se
2386 5448 2472 5502 ea,
2533 5446 2655 5502 quae
2697 5438 2901 5485 tantum
2940 5425 3085 5482 circa
3111 5421 3537 5494 primas‘partes

1981 5538 2173 5581 eorum
2206 5592 2215 5597 γ
2247 5523 2419 5598 signis
2474 5519 2897 5599 combinatoriis
2963 5517 3333 5591 contigerunt,
3404 5512 3537 5569 totis
