3886 6268
405 377 509 436 767

1421 382 1511 439 AD
1548 383 1817 441 EUSEBH
1848 379 2243 440 CHRONICON
2274 380 2639 437 APPENDIX.

3560 369 3677 427 768

405 496 582 567 signis
630 499 894 555 tribuere.
962 499 1134 557 Multo
1193 502 1341 558 enim
1388 506 1564 577 magis
1638 508 1959 578 oportuisset

2074 501 2211 574 ρίοις
2262 500 2640 572 συμϐεϐηκότα
2689 498 2769 561 εἰς
2818 494 3138 568 ἀναγραφὴν
3189 513 3280 549 και
3332 490 3680 565 παραγγέλι

399 603 488 652 ea,
533 604 655 659 qua
695 591 823 647 totis
866 591 1039 663 signis
1076 593 1411 663 acciderunt,
1463 598 1532 654 ad
1563 597 1868 655 doctrinam
1915 610 1970 659 et

401 692 673 753 pracepta
702 682 929 740 referre.

478 772 616 828 Sunt
646 776 812 847 igitur
841 777 1139 833 secundum
1161 781 1448 837 veritatem
1482 798 1580 838 sex
1605 785 1967 843 combinatio-

400 879 500 920 nes
547 881 561 917 :
609 863 1109 938 Gemini‘Cancro,
1160 869 1376 928 Taurus
1422 872 1612 941 Leoni,
1646 875 1803 933 Aries
1842 877 1969 934 Vir-

396 957 533 1027 gini,
573 956 760 1016 Pisces
790 959 986 1026 Libra,
1019 962 1295 1033 Aquarius
1320 964 1570 1039 Scorpio,
1602 969 1971 1040 Capricornus

400 1047 717 1120 Sagittario.
761 1050 888 1108 Hac
932 1054 1080 1110 enim
1113 1063 1166 1111 et
1194 1073 1257 1111 ex
1299 1059 1488 1113 eodem
1535 1060 1655 1117 loco
1688 1065 1964 1132 oriuntur,

394 1143 533 1197 etin
564 1144 814 1200 eumdem
846 1146 1027 1202 locum
1063 1149 1344 1217 occidunt,
1377 1161 1434 1209 et
1463 1154 1532 1210 ab
1560 1153 1754 1211 iisdem
1795 1159 1969 1227 paral-

396 1234 520 1290 lelis
559 1237 1125 1308 comprehenduntur,
1163 1248 1219 1298 et
1257 1244 1490 1302 similem
1545 1246 1710 1303 situm
1763 1249 1965 1306 habent

395 1324 467 1379 ad
512 1327 828 1383 solstitialia
871 1340 1097 1400 puncta.
1140 1332 1199 1389 ln
1245 1334 1333 1391 his
1380 1338 1525 1392 enim
1564 1341 1964 1411 magnitudines

394 1413 605 1470 dierum
648 1424 702 1472 et
749 1421 995 1476 noctium
1040 1425 1278 1493 aquales
1316 1434 1467 1493 sunt,
1503 1441 1557 1484 et
1590 1431 1965 1490 extremitates

394 1520 728 1576 gnomonum
776 1512 832 1566 in
868 1512 1246 1572 instrumentis
1280 1516 1516 1576 borariis
1544 1521 1763 1578 easdem
1792 1524 1965 1582 lineas

393 1598 735 1656 describunt.

1012 1742 1241 1800 CAPUT
1277 1746 1342 1805 ll.

494 1849 568 1905 De
602 1850 769 1921 signis
815 1868 935 1923 qua:
983 1854 1151 1932 stellis
1197 1866 1329 1932 sunt
1357 1859 1633 1932 insignita,
1674 1880 1763 1919 seu
1795 1867 1861 1922 de

916 1926 1426 1987 constellationibus.

458 2033 794 2092 Constellata
827 2046 977 2095 astra
1020 2040 1079 2096 in
1118 2050 1231 2099 tres
1269 2055 1453 2114 partes
1485 2047 1822 2109 dividuntur.
1851 2052 1961 2108 Eo-

387 2142 512 2182 rum
559 2128 707 2183 enim
753 2130 1002 2200 quaedam
1041 2133 1099 2188 in
1148 2134 1373 2191 zodiaco
1415 2139 1621 2196 circulo
1655 2152 1785 2210 sunt
1830 2146 1956 2212 sita,

389 2219 640 2288 quadam
673 2220 938 2278 dicuntur
975 2224 1238 2294 borealia,
1277 2230 1525 2300 quadam
1554 2242 1822 2291 vocantur
1862 2254 1962 2296 au-

388 2310 601 2367 stralia.

459 2399 591 2464 Qua
616 2400 784 2471 igitur
813 2403 868 2458 in
892 2396 1119 2462 zodiaca
1150 2415 1452 2479 ponuntur,
1480 2426 1544 2468 ea
1581 2421 1709 2470 sunt
1747 2416 1956 2476 duode-

387 2489 495 2543 cim
543 2489 723 2561 signa,
766 2509 1000 2564 quorum
1051 2499 1446 2569 appellationes
1496 2514 1656 2562 antea
1698 2506 1955 2569 diximus.

388 2578 447 2636 In
492 2584 783 2641 duodecim
836 2596 1017 2644 autem
1062 2591 1235 2662 signis
1283 2596 1528 2664 quadam
1578 2599 1750 2655 stella
1783 2601 1959 2673 digna

387 2674 588 2731 habita
614 2687 738 2734 sunt
761 2680 999 2751 pr0priis
1027 2675 1509 2754 appellationibus,
1543 2689 1708 2760 idque
1736 2704 1961 2764 propter

386 2765 822 2837 signiﬁcationes
863 2787 1002 2843 quas
1038 2775 1260 2832 habent.
1303 2776 1436 2833 Nam
1484 2780 1538 2835 in
1582 2781 1747 2840 dorso
1792 2786 1958 2843 Tauri

385 2858 580 2926 posita
612 2863 783 2919 stella
806 2880 1038 2923 numero
1067 2883 1163 2924 sex
1183 2878 1453 2926 vocantur
1477 2874 1740 2944 pleiades.

459 3044 522 3099 In
570 3044 753 3105 fronte
794 3048 962 3107 Tauri
1014 3054 1205 3125 posita
1251 3057 1423 3113 stella
1449 3075 1681 3117 numero
1714 3064 1958 3136 quinque

390 3135 756 3193 nominantur
795 3140 1046 3212 hyades;
1104 3161 1224 3216 qua
1270 3149 1431 3204 stella
1482 3152 1738 3222 praecedit
1790 3135 1955 3227 pedes

1986 1882 2033 1939 B

2071 610 2216 665 ματα
2249 594 2494 662 ἀγαγεῖν.

2136 794 2287 848 Εἰσὶν
2342 789 2436 849 οὖν
2491 811 2593 849 κατ
2669 794 2924 868 ἀλήθειαν
2982 790 3232 861 συζυγίαι
3281 791 3367 857 ἒξ.
3434 788 3674 859 Δίδυμοι

2065 885 2352 959 Καρκίνῳ,
2381 887 2591 959 Ταῦρος
2624 887 2812 942 Λέοντι
2833 926 2848 953 ,
2885 885 3053 958 Κριὸς
3091 883 3358 956 Παρθένῳ
3384 921 3402 945 ,
3454 878 3674 949 ’ἰχθύες

2064 977 2222 1049 Ζυγῷ
2247 1019 2261 1044 ,
2324 979 2609 1051 ’Υδροχόος
2660 980 2912 1052 Σκορπιῳ
2941 1017 2956 1041 ,
3017 977 3329 1048 Δίγόκερως
3390 972 3617 1044 ’τοξότῃ
3652 985 3675 1007 ⁸

2062 1069 2236 1123 ταῦτα
2260 1069 2369 1143 γὰρ
2393 1071 2487 1124 καὶ
2509 1073 2575 1125 ὲκ
2598 1069 2692 1124 τοῦ
2723 1069 2885 1125 αὑτοῦ
2913 1070 3077 1124 τόπου
3102 1065 3415 1130 ἀνατέλλει,
3454 1063 3563 1117 καὶ
3589 1064 3671 1125 εἰς

2062 1160 2158 1214 τὸν
2190 1161 2351 1218 αὐτὸν
2379 1163 2545 1217 τόπον
2572 1163 2738 1226 δύνει,
2774 1162 2869 1216 καὶ
2899 1162 3005 1215 ὑπὸ
3045 1161 3152 1215 τῶν
3198 1157 3385 1212 αὐτῶν
3420 1157 3670 1227 ἐμπερι-

2062 1247 2396 1320 λαμϐάνεται
2429 1251 2789 1322 παραλλήλων
2829 1248 3061 1311 κύκλων,
3094 1248 3185 1302 καὶ
3213 1244 3275 1312 ἐξ
3319 1248 3450 1300 ἴσου
3482 1246 3669 1298 κεῖται

2064 1341 2201 1413 πρὸς
2221 1342 2290 1397 τά
2313 1343 2549 1414 τροπικὰ
2582 1345 2799 1412 σημεῖα.
2846 1342 2934 1395 Ἐν
2960 1339 3167 1403 τούτοις
3190 1339 3300 1438 γὰρ
3326 1337 3405 1438 cf
3444 1333 3665 1438 μεγέθη

2061 1433 2170 1488 τῶν
2200 1435 2423 1507 ἡμερῶν
2454 1435 2549 1489 καὶ
2589 1434 2698 1487 τῶν
2735 1433 2942 1487 νυκτῶν
2983 1433 3092 1496 ίσα,
3122 1433 3216 1486 καὶ
3246 1430 3317 1484 τά
3360 1431 3530 1498 ἄκρα
3556 1430 3667 1479 τῶν

2060 1524 2356 1596 γνωμόνων
2404 1526 2465 1580 ὲν
2519 1526 2633 1588 τοῖς
2685 1523 3000 1595 ὡρολογίοις
3053 1522 3152 1587 τάς
3207 1520 3385 1585 αύτάς
3449 1517 3666 1593 γράφει.

2060 1616 2345 1688 γραμμάς-

2603 1749 3002 1804 ΚΕΦΔΛΑῙΟΝ
3032 1749 3105 1803 B'.

2235 1862 2376 1934 Περὶ
2411 1862 2534 1919 τῶν
2560 1860 3120 1932 κατηστερισμένων
3154 1860 3196 1891 ¹⁶
3220 1858 3473 1921 ζωδίων.

2130 2068 2212 2124 Τά
2267 2069 2735 2142 κατηστερισμένα
2786 2069 2964 2141 ἄστρα
3019 2069 3308 2141 διαιρεῖται
3362 2068 3451 2131 είς
3510 2065 3655 2135 μέρη

2058 2158 2205 2232 τρία.
2247 2160 2314 2212 Ἀ
2362 2160 2460 2230 μὲν
2500 2158 2611 2230 γὰρ
2642 2158 2821 2213 αὐτῶν
2869 2160 2967 2212 ἐπὶ
3004 2158 3098 2212 τοῦ
3132 2157 3402 2224 ζωδιακοῦ
3442 2156 3653 2210 κύκλου

2058 2255 2264 2306 κεῖται·
2299 2251 2336 2306 ἀ
2373 2251 2431 2305 δὲ
2474 2251 2690 2321 λέγεται
2729 2251 2951 2325 βόρεια·
2998 2252 3035 2307 ἀ
3067 2253 3123 2306 δὲ
3170 2248 3654 2323 προσαγορεύεται

2057 2341 2227 2395 νότια.

2128 2436 2209 2488 Τὰ
2239 2435 2338 2506 μὲν
2371 2429 2463 2489 οὗν
2489 2436 2583 2489 ἐπὶ
2619 2434 2712 2489 τοῦ
2737 2434 3001 2501 ζωδιακοῦ
3036 2434 3234 2489 κύκλου
3264 2433 3512 2503 κείμενά
3534 2435 3649 2485 ἐστι

2057 2522 2125 2578 τά
2152 2522 2357 2578 δώδεκα
2400 2524 2585 2590 ζώδια,
2615 2519 2689 2578 ὧν
2730 2524 2831 2588 τὰς
2874 2524 3169 2596 ὀνομασίας
3198 2526 3644 2594 προειρήκαμεν.

2057 2616 2168 2669 Καὶ
2197 2616 2255 2669 ὲν
2284 2618 2397 2681 τοῖς
2437 2614 2644 2671 δώδεκα
2698 2616 2908 2682 ζωδίοις
2936 2617 3080 2681 τινὲς
3118 2616 3367 2688 ἀστέρες,
3413 2614 3510 2669 διὰ
3549 2614 3650 2676 τὰς

2058 2704 2340 2769 ὲπάύτοῖς
2354 2706 2640 2776 γινομένας
2667 2703 3035 2776 ἐπισημασίας
3054 2742 3069 2767 ,
3103 2704 3235 2799 ἰδίοις
3262 2700 3646 2799 προσηγορίας

2057 2795 2345 2868 ἠξιωμένοι
2374 2796 2530 2849 εἰσιν.
2561 2792 2626 2850 Οί
2663 2795 2763 2868 μὲν
2785 2794 2894 2866 γὰρ
2925 2794 3018 2848 ἐπὶ
3054 2792 3392 2890 τοῦΔΤαύρου
3426 2791 3526 2890 ἐπὶ
3549 2791 3642 2890 τοῦ

2057 2885 2225 2939 νώτου
2250 2885 2413 2940 αὐτοῦ
2437 2886 2676 2957 κείμενοι
2692 2885 2917 2956 ἀστέρες
2930 2884 3023 2938 τὸν
3046 2883 3276 2956 ἀριθμὸν
3300 2882 3381 2947 ἓξ,
3412 2881 3643 2936 καλοῦν-

2056 2992 2147 3030 ται
2180 2974 2451 3039 πλειάδες.

2129 3069 2192 3123 Ol
2212 3068 2270 3122 δὲ
2293 3068 2385 3122 ἐπὶ
2413 3067 2506 3123 τοῦ
2531 3068 2829 3141 βουκράνου
2853 3065 2947 3121 τοῦ
2975 3065 3188 3137 Ταύρου
3208 3064 3459 3135 κείμενοι
3483 3062 3641 3118 ἀστέ-

2061 3175 2151 3230 ρες
2183 3158 2275 3213 τὸν
2313 3158 2545 3231 ἀριθμὸν
2587 3160 2771 3224 πέντε,
2813 3157 3097 3213 καλοῦνται
3127 3157 3282 3220 ύάδες
3302 3173 3316 3186 ⁸
3346 3158 3376 3210 ὁ
3411 3155 3475 3209 δὲ
3508 3171 3638 3226 προο

387 3223 762 3296 Geminorum,
796 3240 1022 3287 vocatur
1054 3249 1298 3306 prapus;
1329 3253 1451 3308 quae
1483 3255 1612 3297 vero
1658 3243 1713 3298 in
1745 3223 1955 3303 cancro

2071 3223 2365 3323 ἡγούμενος
2384 3223 2494 3306 τῶν
2526 3251 2701 3306 ποδῶν
2729 3250 2838 3305 τῶν
2862 3250 3106 3322 Διδύμων
3132 3249 3326 3320 ἀστὴρ,
3355 3223 3636 3319 προσαγο-

386 3317 669 3376 nebulosa
726 3324 1004 3380 stellarum
1054 3331 1472 3400 congregationi
1533 3333 1743 3394 similes
1798 3348 1950 3407 sunt,

385 3418 657 3467 vocantur
699 3430 940 3487 prasepe
974 3437 989 3487 ;
1020 3419 1142 3477 dua
1182 3424 1353 3479 stella
1388 3428 1621 3499 prasepi
1646 3430 1835 3488 vicina
1859 3451 1955 3489 vo-

383 3507 581 3556 cantur
602 3504 774 3573 asini;
798 3508 955 3563 stella
989 3509 1188 3581 lucida,
1220 3528 1342 3584 qua
1363 3523 1449 3571 est
1476 3516 1532 3571 in
1558 3519 1724 3575 corde
1754 3520 1953 3582 Leonis

385 3593 512 3657 sita,
556 3598 898 3667 cognominis
941 3601 1019 3656 illi
1065 3603 1208 3671 loco,
1246 3606 1303 3661 in
1337 3624 1446 3680 quo
1489 3613 1667 3681 posita
1713 3625 1817 3683 est,
1859 3634 1956 3674 cor

388 3682 584 3742 Leonis
635 3691 964 3760 appellatur,
1017 3695 1087 3751 ab
1137 3698 1415 3770 aliquibus
1476 3705 1792 3775 basiliscus,
1856 3729 1952 3769 seu

388 3775 607 3845 regulus
655 3780 1008 3852 nominatur;
1051 3801 1118 3842 eo
1161 3790 1307 3859 quod
1351 3792 1405 3846 hi
1469 3795 1563 3864 qui
1624 3797 1770 3855 circa
1808 3801 1955 3861 hunc

386 3866 569 3923 locum
605 3882 932 3943 nascuntur,
964 3878 1169 3951 regiam
1201 3882 1491 3941 videantur
1520 3887 1721 3951 habere
1750 3897 1952 3953 nativi-

386 3965 576 4016 tatem.

459 4049 525 4106 At
550 4053 705 4109 stella
729 4056 1032 4148 splendida,
1052 4077 1176 4133 qua
1200 4062 1256 4119 in
1278 4066 1503 4125 sinistra
1524 4087 1691 4129 manu
1716 4074 1954 4148 Virginis

384 4142 625 4211 ponitur,
671 4146 822 4217 spica
856 4159 1084 4207 vocatur
1129 4173 1143 4208 :
1185 4161 1242 4209 at
1278 4172 1344 4212 ea
1379 4162 1616 4231 stellula,
1649 4182 1771 4236 qua
1809 4142 1954 4239 apud

384 4234 633 4290 dextram
661 4236 902 4308 Virginis
930 4244 1073 4300 alam
1101 4250 1346 4318 ponitur,
1376 4234 1744 4313 vindemiator
1770 4234 1955 4332 appel-

383 4325 547 4393 latur,
577 4336 813 4399 quatuor
843 4334 1031 4400 stella,
1069 4353 1191 4409 qua
1215 4342 1271 4395 in
1301 4352 1545 4402 extrema
1573 4347 1763 4404 dextra
1789 4325 1952 4409 manu

383 4416 613 4491 Aquarii
638 4431 770 4479 sunt
801 4425 941 4495 sita,
959 4431 1314 4489 nominantur
1334 4450 1492 4493 urna.

2065 3343 2279 3415 ρεύεται
2306 3345 2588 3417 πρόπους·
2621 3345 2671 3399 oi.
2708 3344 2766 3398 δὲ
2798 3346 2855 3398 ὲν
2898 3342 2975 3415 τῷ
3016 3342 3274 3413 Καρκίνῳ
3310 3337 3640 3409 νεφελοειδεῐ

2061 3439 2334 3508 συστροφῇ
2369 3437 2604 3502 ἐοικότες
2625 3476 2641 3503 ,
2672 3435 2961 3489 καλοῦνται
2995 3436 3169 3506 φάτνη
3196 3452 3210 3466 ο
3234 3435 3282 3487 οἱ
3315 3433 3373 3486 δὲ
3404 3432 3633 3502 πλησίον

2060 3526 2232 3597 αὐτῆς
2263 3526 2355 3581 δύο
2386 3527 2613 3600 ἀστέρες
2662 3527 2926 3599 κείμενοι,
2953 3526 3062 3580 ὄνοι
3109 3525 3629 3595 προσαγορεύονται.

2071 3619 2130 3672 Ὀ
2161 3619 2218 3673 δὲ
2245 3621 2302 3673 ἐν
2332 3622 2399 3692 τῇ
2430 3619 2627 3691 καρδίᾳ
2649 3618 2744 3673 τοῦ
2772 3619 2996 3682 Λέοντος
3021 3618 3269 3689 κείμενος
3300 3616 3482 3687 ἀστὴρ
3507 3614 3634 3685 λαμ·

2060 3711 2216 3784 πρὸς,
2233 3711 2536 3784 ὁμωνύμως
2553 3710 2633 3783 τῷ
2661 3711 2829 3783 τόπῳ,
2855 3710 2938 3780 ἐφ’
2965 3703 3010 3779 ᾧ
3034 3710 3229 3772 κεῖται,
3252 3706 3450 3779 καρδία
3477 3707 3634 3761 Λέον-

2058 3821 2149 3868 τος
2177 3804 2659 3877 προσαγορεύεται,
2690 3803 2796 3857 ὑπὸ
2826 3802 2884 3856 δέ
2911 3819 3070 3856 τινων
3102 3799 3412 3873 βασιλίσκος
3452 3799 3632 3852 καλεῖο

2057 3914 2147 3951 ται
2170 3913 2183 3927 ’
2219 3897 2301 3950 ὅτι
2338 3897 2586 3951 δοκοῦσιν
2614 3898 2662 3950 οἱ
2688 3895 2816 3968 περὶ
2840 3894 2932 3949 τὸν
2957 3894 3120 3947 τόπον
3149 3891 3336 3947 τοῦτον
3361 3891 3633 3963 γεννώμεο

2058 4004 2139 4041 νοι
2168 3986 2442 4057 βασιλικρν
2485 3985 2626 4058 ἔχειν
2652 3984 2712 4039 τὸ
2740 3982 3032 4054 γενέθλιον.

2140 4081 2196 4134 '0
2228 4080 2285 4133 δὲ
2318 4082 2377 4134 ὲν
2425 4079 2572 4151 ἄκρᾳ
2612 4081 2679 4150 τῇ
2732 4079 2996 4150 ἀριστερᾷ
3039 4074 3324 4147 χειρὶτῆς
3351 4074 3630 4145 Παρθένου

2058 4172 2308 4241 κείμενος
2332 4170 2582 4242 λαμπρὸς
2613 4171 2810 4243 ἀστὴρ,
2845 4169 3044 4239 στάχυς
3073 4164 3543 4239 προσαγορεύεται
3561 4182 3575 4195 ·
3603 4166 3630 4218 ὁ

2057 4264 2115 4317 δὲ
2149 4261 2299 4335 παρά
2337 4262 2436 4335 τὴν
2463 4261 2642 4328 δεξιὰν
2664 4262 2765 4332 τῆς
2799 4259 3077 4332 Παρθένου
3108 4257 3355 4331 πτέρυγα
3380 4257 3629 4328 κείμενος

2057 4354 2400 4426 ἀστερίσκος,
2421 4352 2808 4425 προτρυγητὴρ
2841 4351 3163 4422 ὀνομάζεται
3188 4368 3201 4381 ·
3231 4352 3281 4404 οἱ
3312 4349 3370 4403 δὲ
3399 4351 3458 4403 ὲν
3487 4351 3629 4422 ἄκρᾳ

2058 4447 2124 4517 τῇ
2153 4445 2302 4517 δεξιᾷ
2325 4446 2469 4516 χειρὶ
2484 4445 2727 4516 κείμενοι
2753 4442 2846 4498 τοῦ
2871 4444 3151 4516 Ὑδροχόού
3176 4443 3437 4513 τέσσαρες
3474 4441 3629 4495 ἀστέ-

2061 4554 2173 4609 ρες,
2209 4537 2437 4601 κάλπεις
2465 4536 2775 4592 καλοῦνται.

451 4598 632 4657 Stella
669 4620 791 4677 qua
834 4607 903 4664 ab
937 4612 1207 4669 extremis
1238 4617 1490 4684 partibus
1535 4617 1774 4677 Piscium
1815 4639 1951 4681 con-

2071 4598 2073 4606 '
2126 4598 2189 4680 ὀί
2226 4627 2282 4680 δὲ
2326 4598 2435 4682 ἀπό
2471 4626 2580 4681 τῶν
2613 4626 2847 4697 οὐραίων
2887 4624 3068 4697 μερῶν
3106 4623 3215 4677 τῶν
3248 4622 3444 4695 ἰχθύων
3490 4619 3629 4676 κατὰ

382 4687 540 4746 tinuo
568 4705 698 4749 sunt
738 4698 949 4766 posita,
990 4704 1332 4772 appellantur
1371 4709 1548 4767 linea.
1597 4710 1737 4769 Sunt
1774 4725 1957 4774 autem

384 4781 439 4836 in
466 4789 692 4842 australi
726 4791 870 4848 linea
897 4796 1068 4853 stella
1090 4814 1307 4864 novem,
1341 4801 1396 4856 in
1427 4802 1591 4860 borea
1618 4806 1761 4863 linea
1787 4812 1958 4867 stella

382 4873 645 4963 quinque,
696 4882 855 4937 stella
905 4900 1036 4941 vero
1092 4889 1400 4958 splendida,
1445 4906 1568 4963 qua
1612 4894 1667 4949 in
1711 4906 1953 4956 extrema

382 4961 526 5020 linea
560 4972 801 5039 ponitur,
826 4974 1003 5032 nodus
1027 4980 1352 5049 appellatur.

454 5141 700 5205 Borealia
734 5169 865 5211 vero
910 5157 1064 5229 signa
1114 5170 1274 5229 sunt,
1319 5180 1440 5234 qua
1474 5175 1629 5222 extra
1672 5170 1953 5227 zodiacum

382 5232 650 5297 circulum
687 5262 883 5305 versus
909 5249 1082 5307 Ursas
1133 5253 1239 5308 sita
1296 5232 1443 5312 sunt.
1497 5258 1565 5313 Et
1612 5270 1742 5317 sunt
1792 5263 1953 5320 hac:

478 5404 522 5439 ¹⁶
538 5420 639 5477 π).
678 5408 1211 5481 κατεστηριγμένων.

458 5559 573 5648 (ξι)
600 5566 809 5648 Βόρεια
834 5564 901 5648 δέ
936 5567 1130 5648 ἐστιν.
1178 5564 1534 5648 Asterismos,
1563 5566 1822 5648 stellasve
1863 5565 1963 5648 bo-

391 5632 588 5718 reales.
622 5635 707 5689 vel
746 5637 1352 5718 australes,_percenset
1374 5637 1588 5718 ratione
1614 5636 1964 5718 zodiacicir-

392 5703 534 5787 culi,_
561 5720 671 5759 non
708 5703 1131 5787 aequinoctialis,
1162 5723 1230 5787 es
1262 5721 1378 5787 qu_o
1408 5705 1723 5787 confirmari
1758 5714 1960 5777 potest,

390 5775 538 5844 quod
578 5775 782 5829 contra
811 5775 1148 5844 Scaligerum
1195 5775 1485 5832 docuimus
1519 5776 1680 5849 _libro
1717 5775 1801 5843 ni,
1835 5787 1963 5834 ante

2060 4718 2120 4771 τὸ
2144 4715 2271 4789 ἑξῆς
2284 4718 2525 4790 κείμενοι
2548 4716 2796 4787 ἀστέρες,
2821 4715 2955 4769 λίνοι
2978 4713 3490 4788 προσαγορεύονται.
3509 4711 3629 4766 Εἰσὶ

2059 4809 2116 4862 δὲ
2161 4810 2219 4865 ὲν
2266 4810 2365 4881 μὲν
2407 4808 2484 4881 τῷ
2527 4809 2685 4879 νοτίῳ
2721 4808 2851 4879 λίνῳ
2892 4807 3121 4879 ἀστέρες
3158 4806 3334 4870 ὲννέα,
3374 4808 3434 4859 ὲν
3469 4804 3525 4858 δὲ
3554 4803 3627 4875 τῷ

2059 4900 2254 4974 βορείῳ
2285 4900 2413 4973 λίνῳ
2442 4900 2667 4971 ἀστέρες
2697 4900 2880 4953 πέντε.
2921 4900 2981 4951 '0
3016 4898 3072 4952 δὲ
3115 4901 3174 4952 ὲν
3213 4898 3369 4969 ἄκρῳ
3399 4896 3479 4968 τῷ
3500 4896 3625 4965 λίνῳ

2057 4993 2307 5064 κείμενος
2348 4992 2601 5065 λαμπρὸς
2651 4991 2853 5063 ἀστὴρ,
2882 4988 3175 5053 σύνδεσμος
3231 4986 3625 5061 προσαγορεύε-

2058 5100 2167 5137 ται.

2133 5174 2331 5245 Βόρεια
2357 5173 2416 5228 δέ
2442 5175 2590 5226 ἐστιν
2616 5169 2749 5244 (ll),
2783 5172 2885 5225 ὅσα
2925 5169 3022 5224 τοῦ
3050 5168 3158 5223 τῶν
3187 5167 3390 5233 ζωδίων
3429 5167 3621 5222 κύκλου

2063 5266 2200 5338 πρὸς
2230 5266 2465 5339 ἄρκτους
2491 5267 2686 5321 κεῖται.
2725 5262 2886 5319 Ἔστι
2918 5262 2985 5316 δὲ
3004 5260 3160 5316 τάδε·
3191 5262 3226 5332 ἡ
3252 5259 3463 5333 μεγάλη
3495 5262 3622 5332 ’Δρ-

2074 5565 2656 5651 litolemai‘lernpora,
2677 5578 3025 5651 astronomos
3052 5572 3109 5628 in
3139 5570 3610 5651 stellarumlatitu-

2076 5637 2297 5712 dinibus
2328 5637 2691 5712 designandis
2729 5659 2840 5698 non
2873 5643 3049 5700 solum
3094 5641 3490 5712 aquinoctialis
3524 5641 3625 5696 cir-

2078 5709 2222 5779 culi,
2252 5709 2346 5767 sed
2375 5709 2538 5768 etiam
2564 5713 2774 5769 zodiaci
2813 5715 3076 5771 rationem
3103 5709 3357 5769 duxisse.
