3886 6268
207 328 297 388 769

1235 317 1469 410 GEMUEI
1510 316 1883 373 ELEMENTA
1912 319 2048 376 AST
2061 320 2423 379 RONOMIE.

206 468 336 515 κτος,
374 451 408 520 ἡ
454 448 659 519 μικρὰ,
688 443 910 519 Δράκων
946 442 975 495 6
1015 439 1105 495 διὰ
1131 438 1240 494 τῶν
1264 439 1502 511 ἄρκτων,
1549 438 1770 509 ’Δρκτο-

1881 435 2018 495 Ursa
2055 438 2247 508 major,
2296 436 2403 494 Urs
2478 451 2682 504 niinor,
2721 436 2896 496 Draco
2937 454 3035 511 per
3069 455 3227 497 ursas
3253 448 3439 498 exten-

206 544 392 620 φύλαξ,
442 541 752 611 Στέφανος,
814 535 1154 605 Ἐνγόνασινο
1223 529 1526 600 ὀφιοῦχοςν
1585 529 1769 620 Ὄφξςυ

206 618 364 711 Λύρα,
398 636 620 706 Ὄρνις,
664 625 1129 693 ‘Oic16c,.’As16;,
1172 621 1386 691 Δελφὶς,
1416 618 1664 691 προτομὴ
1694 618 1776 672 ἵπ-

207 748 322 794 που,
364 726 487 781 καθ’
534 725 843 794 Ἵππαρχον
881 720 1067 782 ἵππος,
1109 715 1354 787 Κηφεὺς,
1410 711 1770 775 Κασσιόπεια,

217 819 550 893 Ἀνδρομέδα,
578 816 848 887 Περσεὺς,
864 812 1123 881 Ἡνίοχος,
1150 806 1437 870 Δελτωτὸν,
1458 804 1552 857 καὶ
1574 805 1601 857 ό
1626 801 1776 855 ὕστε-

210 933 289 989 ρον
341 908 845 982 κατηστερισμένος
900 903 1006 957 ὑπὸ
1066 900 1416 971 Καλλιμάχου
1482 894 1774 965 Βερενίκης

211 1007 496 1074 πλόκαμος.

268 1095 428 1148 Πάλιν
455 1093 513 1146 δὲ
548 1091 647 1145 καὶ
673 1093 730 1144 ὲν
759 1086 968 1149 τούτοις
998 1085 1223 1154 ἀστέρες
1253 1081 1394 1143 τινὲς
1427 1078 1565 1141 ἰδίας
1594 1076 1774 1146 έχουσι

209 1184 565 1258 προσηγορίας
611 1182 701 1236 διὰ
736 1180 834 1244 τὰς
863 1178 1166 1248 ὁλοσχερεῖς
1199 1174 1285 1228 ἐπ’
1326 1171 1516 1233 αὐτοῖς
1559 1167 1776 1237 γινομέ-

210 1295 294 1342 νας
324 1274 722 1347 ἐπισημασίας.
768 1275 826 1327 '0
862 1272 958 1344 μὲν
990 1270 1099 1340 γὰρ
1138 1267 1240 1323 ἀνὰ
1294 1265 1459 1336 μέσον
1507 1261 1614 1315 τῶν
1648 1276 1774 1313 σκε-

210 1369 304 1424 λῶν
342 1366 434 1421 τοῦ
489 1364 933 1439 Ἀρκτοςρύλακος
982 1360 1232 1432 κείμενος
1264 1356 1437 1426 ἀστὴρ
1477 1351 1765 1421 ἐπίσημος,

221 1458 532 1533 Ἄρκτοῦρος
561 1458 887 1530 ὀνομάζεται
910 1470 925 1485 ⁸
954 1456 983 1509 6
1012 1453 1070 1507 δὲ
1116 1450 1264 1522 παρὰ
1306 1447 1404 1517 τὴν
1449 1444 1632 1515 Λύραν
1659 1439 1774 1533 κεί-

216 1531 357 1625 μενος
376 1550 634 1622 λαμπρὸς
660 1549 854 1621 ἀστὴρ,
884 1544 1189 1619 ὁμωνύμως
1205 1543 1310 1613 ὅλῳ
1329 1539 1406 1611 τῷ
1432 1536 1609 1605 ζωδίῳ
1624 1531 1777 1625 Λύρα

211 1620 691 1718 διτροσαγορεύιεται⁸
721 1642 770 1694 oi
810 1620 873 1695 δὲ
920 1641 977 1693 ὲν
1026 1636 1172 1709 ἄκρᾳ
1213 1637 1280 1706 τῇ
1329 1629 1591 1703 ἀριστερᾷ
1618 1620 1776 1722 ⁸χειρὶ

213 1715 295 1789 τοῦ
340 1734 595 1806 Περσέως
644 1732 884 1803 κείμενοι
936 1728 1162 1801 ἀστέρες
1219 1722 1497 1797 Γοργόνων
1546 1715 1777 1771 καλοῦν-

214 1842 322 1880 ται·
347 1827 392 1879 οἱ
417 1796 481 1878 ’δὲ
513 1826 574 1878 ὲν
603 1796 751 1896 ἄκρα
782 1825 848 1895 τῇ
887 1821 1038 1893 δεξιᾷ
1074 1796 1219 1891 χειρὶ
1242 1796 1336 1870 τοῦ
1364 1813 1614 1887 Περσέως
1660 1806 1782 1863 κεί-
1812 1796 1850 1851 Β

220 1936 351 1990 μενοι
389 1916 709 1987 ἀστερίσκοι
740 1915 934 1969 πυκνοὶ
978 1913 1070 1967 καὶ
1102 1912 1306 1984 μικροὶ,
1337 1910 1417 1972 είς
1443 1906 1771 1976 τὴνἋρπ-ην

218 2007 713 2080 καταστερίζονταυ
763 2010 792 2062 6
840 2007 898 2060 δὲ
952 2009 1009 2061 ὲν
1065 2004 1145 2076 τῷ
1194 2001 1457 2072 εὐωνύμῳ
1494 1997 1630 2069 ὤμῳ
1674 1993 1768 2048 τοῦ

230 2101 450 2171 Ἦνιόχου
475 2100 728 2171 κείμενος
748 2099 995 2171 λαμπρὸς
1022 2096 1216 2168 ἀστὴρ,
1240 2093 1340 2159 Αἲξ
1371 2087 1769 2163 προσαγορεύε-

218 2211 291 2248 ται
316 2211 328 2223 ·
360 2196 406 2247 οἱ
436 2194 492 2246 δὲ
519 2196 577 2247 ὲν
610 2192 758 2265 ἄκρᾳ
790 2192 883 2245 τοῦ
914 2191 1075 2245 αὐτοῦ
1105 2191 1249 2263 χειρὶ
1275 2187 1512 2258 κείμενοι
1555 2178 1771 2252 ἀστερί-

225 2302 325 2339 σκοι
349 2283 454 2349 δύο,
474 2284 700 2354 Ἕριφοι
725 2284 1033 2339 καλοῦνται.

282 2472 436 2525 Νότια
466 2470 522 2523 δέ
549 2470 722 2533 ἐστιν,
752 2467 851 2520 ὅσα
880 2463 975 2518 τοῦ
1005 2462 1113 2516 τῶν
1156 2458 1360 2525 ζωδίων
1403 2456 1603 2511 κύκλου
1635 2452 1773 2526 πρὸς

227 2561 543 2633 μεσημϐρίαν
585 2562 786 2614 κεῖται.
832 2557 987 2609 Ἔστι
1035 2551 1093 2607 δὲ
1139 2551 1297 2605 τάδε’
1338 2547 1549 2620 Ὠρίων,
1584 2544 1767 2607 Κύων,

227 2653 307 2705 καὶ
326 2651 597 2722 Προκύων,
631 2647 876 2717 Λαγωὸς,
915 2642 1110 2715 Ἀργὼ,
1141 2642 1355 2712 ”Υδρος,
1393 2635 1639 2710 Κρατὴρ,
1673 2634 1771 2688 Κό-

230 2743 331 2814 ραξ,
356 2743 681 2812 Κένταυρος,
716 2737 932 2809 Θηρίον,
962 2734 990 2788 6
1022 2733 1212 2803 κρατεῖ
1244 2732 1272 2782 6
1300 2727 1632 2797 Κένταυρος,
1677 2722 1770 2775 καὶ

230 2834 541 2906 θυρσολόχος,
568 2833 632 2887 ὃν
676 2832 864 2903 κρατεῖ
894 2830 921 2882 ὁ
956 2826 1282 2896 Κένταυρος,
1314 2820 1436 2875 καθ’
1465 2821 1767 2889 Ἵππαρχον

229 2926 574 2999 θυμιατήριον,
614 2924 793 2986 νότιος
837 2921 1004 2993 ἰχθὺς,
1038 2916 1219 2979 κύτος,
1248 2914 1391 2985 ὓδωρ
1429 2912 1491 2966 16
1525 2910 1630 2965 ἀπὸ
1674 2907 1767 2962 τοῦ

239 3018 518 3091 ’Υδροχόου,
550 3015 797 3087 ποταμὸς
824 3016 852 3067 6
883 3011 988 3066 ἀπὸ
1019 3008 1114 3063 τοῦ
1143 3008 1414 3079 Ὠρίωνος,
1440 3004 1612 3066 νότιος
1646 3000 1769 3054 στέ-

232 3127 392 3180 φανος,
426 3109 526 3163 ὑπὸ
551 3110 608 3162 δέ
644 3124 804 3161 τινων
842 3103 1175 3175 Οὑρανίσκος
1210 3095 1766 3174 προσαγορευόμενος,

232 3201 491 3272 κηρύκειον
518 3199 646 3253 καθ’
678 3199 998 3268 Ἵππαρχον.

294 3293 444 3346 Πάλιν
484 3292 540 3346 δὲ
586 3295 651 3346 ὲν
702 3290 907 3352 τούτοις
950 3286 1090 3350 τινὲς
1134 3284 1361 3355 ἀστέρες
1406 3280 1541 3346 ἰδίας
1591 3279 1772 3352 ἔχουσι

236 3384 585 3457 προσηγορίας.
635 3384 694 3436 Ὀ
730 3382 825 3454 μὲν
869 3381 978 3452 γὰρ
1020 3380 1078 3432 ὲν
1119 3377 1197 3449 τῷ
1236 3376 1473 3448 Πρόκυνι
1518 3372 1592 3427 ὢν
1633 3372 1772 3442 λαμ.-

235 3474 349 3542 πρδς
366 3477 551 3548 ἀστὴρ,
578 3473 842 3546 Προκύων
874 3470 1156 3525 καλεῖται’
1189 3469 1217 3520 ὁ
1259 3467 1314 3521 δὲ
1345 3468 1401 3519 ὲν
1432 3464 1511 3535 τῷ
1547 3463 1772 3533 στόματι

236 3562 312 3617 τοῦ
337 3567 496 3630 Κυνὸς
521 3564 773 3637 λαμπρὸς
802 3564 996 3634 ἀστὴρ,
1029 3562 1086 3624 ὃς
1111 3561 1256 3613 δοκεί
1274 3560 1372 3630 τὴν
1405 3557 1651 3611 ἐπίτασιν
1676 3553 1772 3625 τὴν

234 3654 325 3707 τῶν
373 3657 663 3727 καυμάτων
713 3657 905 3720 ποιεῖν,
961 3651 1266 3724 ὁμωνύμως
1313 3649 1419 3719 ὅλῳ
1464 3647 1544 3719 τῷ
1598 3645 1772 3716 ζωδίῳ

236 3745 373 3800 Κύων
403 3746 859 3821 προσαγορεύεται
883 3763 896 3777 ·
946 3747 975 3799 6
1022 3745 1079 3798 δὲ
1124 3746 1180 3797 ὲν
1229 3743 1382 3814 ἄκρῳ
1419 3738 1497 3811 τῷ
1529 3736 1773 3810 πηδαλίῳ

237 3839 319 3909 τῆς
352 3841 564 3913 Ἀργοῦς
597 3841 849 3913 κείμενος
878 3837 1126 3910 λαμπρὸς
1155 3835 1350 3905 ἀστὴρ,
1380 3830 1637 3895 Κάνωϐος
1659 3832 1773 3884 ὀνο-

240 3931 457 3998 μάζεται.
486 3930 656 3999 Οὗτος
693 3934 790 4005 μὲν
828 3934 886 3985 εν
930 3931 1095 4001 Ῥόδῳ
1121 3927 1492 4000 δυσθεώρητός
1535 3927 1702 3991 ἐστιν,
1737 3923 1770 3995 ἢ

239 4024 482 4092 παντελῶς
502 4028 593 4098 ἀφ’
618 4026 836 4098 ὑψηλῶν
858 4024 1035 4078 τόπων
1063 4024 1256 4095 ὁρᾶται
1273 4039 1287 4052 ·
1314 4023 1370 4074 ἐν
1403 4018 1773 4091 Ἀλεξανδρείᾳ

239 4110 287 4164 δέ
321 4113 425 4167 ἐστι
469 4115 746 4179 παντελῶς
786 4115 1053 4185 ἐμφανής.
1104 4112 1297 4183 Σχεδὸν
1347 4109 1455 4182 γὰρ
1508 4109 1768 4180 τέταρτον

242 4200 381 4277 μέρος
409 4206 512 4278 (12)
557 4206 651 4261 τοῦ
682 4206 870 4273 ζωδίου
909 4204 1015 4260 ἀπὸ
1056 4203 1151 4258 τοῦ
1195 4200 1465 4275 ὁρίζοντος
1511 4218 1769 4273 μετεωρι-

243 4295 408 4363 σμένος
443 4300 707 4369 φαίνεται.

732 4521 1116 4575 ΚΕΦΑΛΑΙΟΝ
1165 4521 1236 4575 Γ’.

597 4636 730 4706 Περὶ
760 4634 978 4701 ἄξονος
1010 4633 1108 4689 καί
1135 4635 1339 4687 πόλων

306 4737 394 4793 Τοῦ
420 4742 472 4796 δὲ
494 4748 693 4818 κόσμου
725 4745 835 4816 (15)
860 4744 1229 4817 σφαιροειδοῦς
1252 4745 1604 4817 ὑπάρχοντος,
1627 4743 1770 4809 ἄξων

245 4828 456 4886 καλεῖται
485 4839 517 4908 ή
544 4837 827 4910 διάμετρος
852 4836 945 4891 τοῦ
976 4836 1204 4908 κόσμου,
1234 4837 1359 4908 περὶ
1382 4838 1447 4907 ἣν
1478 4837 1766 4909 στρέφεται

245 4917 485 4994 ὁκόσμος.
511 4929 589 4983 Τὰ
632 4931 688 4984 δὲ
729 4931 940 5002 πέρατα
968 4926 1060 4982 τοῦ
1111 4927 1295 4993 ἄξονος
1334 4928 1486 4983 πόλοι
1518 4927 1768 4996 λέγονται

246 5010 325 5064 τοῦ
350 5016 553 5089 κόσμου.
598 5024 715 5077 Τῶν
745 5023 803 5077 δὲ
833 5024 1009 5078 πόλων
1054 5027 1083 5078 6
1129 5024 1226 5096 μὲν
1270 5022 1487 5090 λέγεται
1540 5020 1767 5093 βόρειος,

249 5100 273 5151 ὖ
308 5102 358 5156 δὲ
398 5108 589 5176 νότιος
624 5114 827 5185 βόρειος
868 5115 967 5186 μὲν
1007 5118 1037 5170 ό
1083 5115 1171 5170 διὰ
1199 5116 1400 5179 παντὸς
1446 5115 1769 5184 φαινόμενος

249 5190 311 5256 ὡς
338 5198 459 5269 πρὸς
480 5204 572 5276 τὴν
598 5207 869 5279 ἡμετέραν
894 5209 1124 5274 οἴκησιν,
1158 5209 1329 5272 νότιος
1357 5208 1412 5261 δὲ
1444 5209 1473 5260 6
1516 5208 1604 5262 διὰ
1633 5226 1770 5261 παν-

310 5392 405 5483 ςεφ)
436 5404 651 5483 ἓχςδὸν
668 5411 779 5483 γὰρ
803 5408 1082 5483 τέταρτον
1096 5410 1302 5483 μέρος.
1334 5410 1446 5466 lmo
1468 5414 1769 5483 quadrante

253 5461 856 5546 ξοιξιιομιίἯὶρρὲιέοΊηιε
905 5461 1061 5534 ista
1092 5461 1763 5544 uagi}:'..1i'.‘.;.‘éofsg;;.;

254 5528 456 5621 distabat
478 5556 504 5593 a
530 5528 653 5621 ροἿᾷ
1198 5528 1763 5621 inﬁtiari-iiii

255 5611 921 5687 {illatrat-utniepilogismus
975 5611 1306 5677 edamussim
1362 5625 1599 5678 exhibet.
1642 5626 1770 5680 Ale-

482 5673 633 5764 [ιο]μέ
659 5673 831 5741 elatus
856 5673 973 5743 erat
996 5673 1606 5764 gradjﬁ‘l‘l'ere:igitur
1637 5673 1766 5764 gr};

256 5735 391 5798 dibus
416 5746 461 5808 7,
482 5735 1486 5821 ἰιόῖέἐιᾘαὲιὸἷιιῖεἷοίῗὲιίἷιέῗ

1798 4504 1845 4560 D

1875 548 1991 599 sus,
2039 533 2424 605 Arctophylax,
2465 531 2702 598 Corona,
2747 531 2804 586 in
2851 534 3102 603 genibus,
3143 531 3440 605 Serpenta-

1873 625 2009 688 rius,
2074 622 2331 696 Serpens,
2406 622 2573 696 Lyra,
2625 623 2778 690 Avis,
2830 625 3057 694 Sagitta,
3110 625 3330 694 Aquila,
3383 628 3445 698 8

1872 712 2192 784 Delphinus,
2230 716 2513 786 praesectio
2557 716 2707 787 equi,
2748 716 2833 771 vel
2869 706 3168 771 secundum
3204 717 3443 789 Hippar—

1873 807 2061 871 chum,
2113 821 2309 876 equus,
2360 805 2632 876 Cepheus,
2681 805 3024 877 Cassiopeia,
3073 807 3441 872 Andromeda,

1873 900 2130 964 Perseus,
2177 899 2386 969 auriga,
2435 898 2710 958 Deltoton.
2750 906 2806 953 et
2839 916 2961 970 quae
3004 910 3191 971 postea
3222 917 3253 955 a
3279 901 3416 957 Calli

1875 994 2070 1048 macho
2100 994 2242 1047 inter
2274 992 2462 1048 stellas
2491 999 2575 1046 est
2609 993 2780 1047 relata
2814 1008 2969 1049 coma
2999 994 3312 1051 Berenices.

1948 1084 2160 1139 Rursus
2220 1093 2400 1139 autem
2451 1084 2614 1140 etiam
2667 1083 2723 1139 in
2774 1084 2860 1141 his
2910 1085 3223 1141 borealibus
3274 1087 3448 1159 signis

1875 1177 2040 1232 stellae
2075 1175 2320 1247 quaedam
2351 1175 2599 1246 proprias
2637 1175 2839 1232 habent
2872 1178 3284 1246 appellationes,
3318 1196 3447 1250 pro-

1875 1278 1995 1336 pter
2032 1284 2126 1324 eas
2174 1285 2309 1339 quas
2353 1269 2575 1334 habent,
2638 1278 2936 1341 utcunque,
2994 1270 3442 1342 signiﬁcationes.

1878 1359 2011 1413 Nam
2044 1359 2272 1430 insignis
2307 1360 2498 1425 stella,
2534 1375 2656 1431 quae
2690 1361 2744 1414 in
2778 1361 2955 1415 medio
2989 1377 3210 1415 crurum
3250 1363 3417 1419 Arcto

1876 1452 2121 1524 phylacis
2162 1453 2266 1507 sita
2308 1459 2414 1518 est,
2463 1451 2731 1508 Arcturus
2760 1452 3098 1506 nominatur.
3145 1452 3444 1524 Splendida

1879 1543 2056 1609 stella,
2096 1557 2215 1613 qua:
2243 1543 2397 1610 juxta
2429 1540 2626 1613 Lyram
2671 1542 2850 1613 posita
2887 1551 2992 1605 est,
3028 1542 3246 1597 nomine
3277 1545 3447 1598 totius

1879 1632 1963 1686 sui
2014 1631 2288 1686 asterismi
2332 1631 2495 1685 etiam
2552 1631 2694 1702 Lyra
2742 1632 3049 1702 appellatur
3102 1653 3115 1687 :
3162 1648 3285 1703 qua:
3316 1650 3448 1690 vero

1881 1723 1937 1776 in
1965 1730 2210 1777 extrema
2246 1736 2409 1775 manu
2443 1722 2668 1777 sinistra
2687 1720 2872 1777 Persei
2910 1722 3028 1778 sitat
3076 1729 3205 1778 sunt
3249 1723 3440 1789 stellze,

1880 1820 2143 1868 vocantur
2179 1814 2350 1870 stellae
2379 1811 2692 1884 Gorgonum
2723 1830 2738 1879 ;
2786 1828 2909 1884 qua:
2947 1830 3079 1870 vero
3126 1815 3181 1869 in
3230 1830 3445 1871 summa

1878 1918 2041 1957 manu
2085 1903 2273 1959 dextra
2311 1903 2498 1960 Persei
2539 1905 2767 1960 slellulae
2799 1905 3006 1961 crebrae
3032 1915 3086 1962 et
3118 1922 3297 1977 parva:
3325 1909 3443 1962 col-

1878 1995 2149 2061 locantur,
2182 1997 2265 2052 διε
2298 1996 2539 2051 elliciunt
2581 1997 3055 2053 constellationem
3087 1998 3241 2055 falcis
3271 2016 3447 2071 ;-quae

1877 2084 1934 2140 in
2007 2085 2233 2141 sinistro
2302 2085 2532 2141 humero
2601 2087 2803 2159 aurigae
2873 2089 3098 2159 ponitur
3158 2091 3443 2160 splendida

1877 2176 2052 2241 stella,
2100 2177 2215 2232 haec
2266 2179 2573 2248 appellatur
2619 2178 2796 2250 Capra
2841 2196 2856 2232 :
2913 2192 2968 2235 at
3017 2182 3136 2238 dua:
3189 2184 3440 2249 stellulae,

1877 2285 1997 2341 quae
2044 2270 2161 2325 sitae
2204 2278 2333 2327 sunt
2375 2271 2429 2326 in
2484 2272 2729 2344 ejusdem
2779 2289 2995 2329 summa
3042 2292 3232 2344 manu,
3282 2277 3436 2335 Haedi

1874 2371 2159 2417 vocantur.

1944 2455 2219 2512 Australia
2271 2456 2427 2527 signa
2478 2466 2639 2519 sunt,
2694 2473 2816 2529 quae
2866 2472 2897 2512 a
2950 2459 3175 2520 xodiaco
3230 2465 3445 2523 circulo

1874 2564 2065 2606 versus
2126 2550 2406 2605 meridiem
2462 2551 2760 2607 declinant.
2821 2552 2960 2609 Sunt
3017 2565 3198 2613 autem
3252 2560 3368 2616 haec
3425 2581 3440 2619 :

1875 2638 2062 2704 Orion,
2093 2639 2260 2697 Canis
2290 2640 2482 2711 major,
2515 2642 2784 2714 Procyon,
2804 2644 3002 2715 Lepus,
3036 2648 3203 2720 Argo,
3235 2650 3441 2724 llydra,

1875 2726 2085 2794 Crater,
2141 2730 2382 2799 Corvus,
2443 2734 2775 2798 Centaurus.
2840 2737 2998 2805 Fera,
3064 2742 3221 2798 hasta
3276 2763 3442 2817 quam

1877 2826 2024 2874 tenet
2062 2819 2393 2886 Centaurus,
2438 2824 2738 2878 secundum
2771 2822 3168 2897 Hipparchum,
3210 2846 3325 2894 ara,
3367 2833 3449 2903 ρίρ

1876 2909 1987 2967 scis
2040 2913 2322 2980 australis,
2374 2922 2550 2981 cetus,
2606 2930 2746 2986 aqua
2796 2917 2863 2971 ab
2899 2919 3141 2989 Aquario
3188 2923 3439 2985 veniens,

1874 3002 2073 3060 ﬂuvius
2101 3006 2170 3060 ab
2196 3005 2397 3063 Orione
2428 3009 2677 3074 veniens,
2722 3022 2925 3064 corona
2951 3013 3229 3079 australis,
3259 3031 3380 3086 qua:
3411 3032 3444 3071 a

1874 3094 2151 3150 nonnullis
2188 3093 2507 3164 Uraniscus,
2549 3098 2602 3154 id
2651 3109 2754 3168 est,
2796 3117 3023 3174 parvum
3058 3104 3260 3159 malum
3287 3121 3449 3162 voca-

1795 3155 1839 3216 c
1872 3189 1982 3246 tur,
2015 3186 2314 3239 secundum
2343 3184 2714 3257 Hipparchum
2742 3155 2871 3247 retro
2902 3193 3192 3249 caduceus.

1942 3274 2159 3333 Rursus
2196 3278 2361 3332 etiam
2391 3279 2447 3333 in
2475 3279 2562 3337 his
2594 3284 2926 3340 australibus
2964 3286 3157 3357 signis,
3194 3286 3443 3356 quatdam

1875 3368 2044 3423 stella:
2080 3371 2333 3441 proprias
2384 3371 2586 3428 habent
2635 3376 3045 3446 appellationes.
3099 3376 3232 3432 Nam
3284 3381 3442 3436 stella

1874 3460 2181 3530 splendida,
2218 3478 2337 3532 qua».
2376 3471 2461 3519 est
2506 3465 2563 3519 in
2610 3464 2760 3523 Cane
2804 3468 3037 3534 minore,
3080 3469 3351 3542 Procyon,
3386 3472 3439 3528 id

1873 3561 1956 3606 est
1999 3552 2313 3626 praecedens
2357 3557 2535 3622 canis,
2568 3568 2798 3614 vocatur
2842 3577 2854 3614 :
2893 3562 3047 3616 stella
3089 3577 3223 3618 vero
3259 3565 3446 3634 splen-

1874 3642 2024 3708 dida,
2053 3660 2173 3715 quae
2194 3653 2277 3702 est
2302 3647 2358 3702 in
2386 3664 2483 3704 ore
2503 3648 2669 3707 Canis
2697 3652 2946 3722 majoris,
2977 3670 3207 3727 quaeque
3228 3657 3445 3714 videtur

1874 3734 2272 3792 incrementum
2301 3748 2534 3797 aestuum
2573 3741 2806 3811 efﬁcere,
2837 3745 3028 3801 eodem
3058 3748 3280 3805 nomine
3313 3765 3440 3806 cum

1873 3833 1988 3882 toto
2033 3829 2189 3900 signo
2224 3831 2391 3889 Canis
2440 3835 2783 3905 appellatur;
2840 3837 2934 3892 sed
2986 3838 3216 3912 insignis
3262 3843 3438 3908 stella,

1873 3932 1993 3988 quae
2035 3921 2140 3975 sita
2170 3929 2253 3977 est
2287 3922 2344 3978 in
2390 3940 2603 3982 summo
2637 3929 3007 3997 gubernaculo
3045 3931 3203 3987 navis
3242 3932 3440 4004 Argus,

1872 4009 2127 4069 Canobus
2153 4013 2375 4071 dicitur.
2403 4019 2581 4089 Atque
2605 4020 2719 4076 haec
2746 4022 2954 4079 Canobi
2987 4025 3143 4081 stella
3174 4025 3228 4080 in
3250 4025 3444 4082 Rhodo

1873 4104 2162 4162 dilliculter
2188 4109 2359 4164 videri
2393 4119 2594 4181 potest,
2627 4123 2723 4168 aut
2755 4115 2810 4170 in
2840 4117 2978 4172 locis
3016 4118 3176 4188 plane
3205 4120 3441 4175 excelsis

1872 4208 2096 4268 apparet
2121 4215 2143 4267 ',
2177 4207 2228 4256 at
2259 4203 2603 4261 Alexandriae
2631 4223 2862 4278 prorsus
2893 4209 3006 4266 haec
3039 4211 3208 4267 videri
3241 4221 3438 4283 potest.

1869 4288 2005 4344 Nam
2033 4288 2146 4347 fere
2178 4304 2370 4363 quarta
2405 4306 2558 4367 parte
2591 4299 2732 4370 signi
2756 4299 3030 4372 .Canobus
3060 4304 3129 4360 ab
3158 4304 3442 4362 horizonte

1870 4378 2113 4438 elevatus
2146 4396 2390 4455 apparet.

2477 4522 2706 4579 CAPUT
2742 4525 2826 4585 lli.

2410 4657 2484 4712 De
2523 4675 2622 4714 axe
2654 4669 2704 4715 et
2739 4661 2911 4732 polis.‘

1940 4766 2076 4821 Cum
2132 4769 2370 4825 mundus
2415 4772 2736 4840 sphaericam
2777 4775 2973 4831 habeat
3022 4777 3272 4850 ﬁguram,
3322 4782 3441 4840 axis

1868 4865 2096 4914 vocatur
2143 4860 2262 4931 ejus
2307 4860 2592 4930 diameter,
2641 4865 2786 4921 circa
2835 4883 2998 4938 quam
3033 4872 3272 4929 mundus
3306 4889 3442 4929 con-

1868 4952 2119 5007 vertitur.
2193 4951 2579 5013 Extremitates
2640 4973 2770 5014 vero
2841 4961 2962 5017 axis
3015 4962 3275 5019 dicuntur
3328 4967 3438 5037 poli

1869 5044 2058 5100 mundi
2093 5061 2107 5100 :
2151 5047 2400 5117 polorum
2446 5058 2629 5104 autem
2672 5051 2812 5106 alter
2848 5062 3077 5110 vocatur
3114 5055 3334 5122 boreus',
3382 5058 3439 5113 id

1869 5144 1954 5191 est
1985 5138 2255 5204 arcticus;
2299 5139 2436 5195 alter
2462 5143 2664 5205 notius,
2699 5143 2752 5196 id
2795 5152 2880 5200 est
2938 5148 3292 5203 antarcticus.
3332 5146 3437 5204 Bo-

1870 5243 1997 5285 reus
2025 5229 2242 5300 quidem
2270 5246 2485 5302 semper
2512 5242 2754 5305 apparet,
2786 5236 2965 5306 quoad
2996 5247 3237 5294 nostram
3270 5239 3432 5294 habi-

1869 5430 2162 5500 superabat
2196 5431 2556 5489 horizontem.

1941 5501 2052 5570 (1'5)
2089 5500 2293 5575 T0666
2310 5503 2559 5575 κόσμου.
2581 5502 2807 5561 Proclus
2832 5505 3095 5575 sphzeram
3130 5520 3283 5560 suam
3310 5507 3426 5561 edi-

1867 5570 2111 5646 dit,_quae
2162 5570 2296 5623 nihil
2352 5570 2496 5628 aliud
2540 5580 2829 5646 estquam
2863 5570 2972 5646 hoc
3002 5575 3215 5646 Gemini
3268 5586 3432 5646 caput

1866 5642 2122 5720 tertium,
2138 5648 2199 5720 et
2230 5651 2505 5720 quartum,
2546 5642 2749 5716 quibus
2769 5645 3014 5717 ejusdem
3048 5645 3113 5700 12
3138 5656 3190 5703 ει
3215 5642 3434 5720 post—re-

1870 5726 1959 5767 mo
1993 5709 2028 5765 2
2060 5711 2323 5767 adtetuit.

3336 326 3558 384 770°
