3886 6268
237 341 347 397 773

1326 335 1561 406 GEMINI
1596 351 1969 416 ELEMENTA
2005 352 2501 416 ASTRONOMLE.

3400 372 3504 428 774

231 456 394 528 ἣλιος
438 455 762 530 θεωρεῖται,
789 457 904 514 m'
946 460 1039 515 ἐπὶ
1080 460 1150 516 τὰ
1186 462 1351 552 ἕτερα
1405 467 1544 539 μέρη
1585 468 1796 543 τρέπετι

1909 471 2091 542 ,ριίιιε
2128 474 2373 529 cernitur
2419 477 2501 531 sol
2542 492 2735 533 versus
2763 479 3043 537 meridiem
3086 483 3363 552 accedere,
3405 489 3502 545 sed

230 544 330 602 τοῦ
358 545 626 617 κόσμου’
661 545 728 599 δι’
760 547 789 600 6
820 548 1078 620 κέκληται
1119 550 1213 605 καὶ⁸
1243 544 1396 616 οὗτος
1421 556 1697 626 τροπικός.

316 720 736 792 Ἀνταρκτικὸς
760 722 817 776 δέ
857 725 973 777 ἐστι
1001 723 1200 791 κύκλος
1226 728 1338 791 ἴσος
1368 729 1466 782 καὶ
1494 730 1836 804 παράλληλος

1944 578 2141 619 rursus
2193 564 2260 618 ad
2314 566 2591 634 oppositas
2657 567 2845 621 mundi
2884 562 3076 648 parﬁs
3125 575 3499 643 convertitur,

1936 652 2167 724 ideoque
2194 655 2377 712 dictus
2401 663 2487 712 est
2522 657 2611 712 nic
2636 658 2877 715 circulus
2907 661 3170 730 tropicus.

2003 744 2356 802 Antarctictts
2399 748 2639 804 circulus
2690 759 2773 806 est
2822 754 3049 822 aequalis
3095 760 3149 808 et
3201 755 3499 825 parallelus

228 810 312 883 τῷ
344 812 641 885 ἀρκτικῷ,
673 814 767 868 καί
797 817 1168 889 ἐφαπτόμενος
1203 819 1294 873 τοῦ
1323 820 1596 893 ὁρίζοντος
1626 823 1744 877 καθ’
1775 824 1796 878 ἓ

1933 835 2139 890 circulo
2172 837 2398 902 arctico,
2436 846 2490 893 et
2519 839 2791 911 attingens
2827 842 3164 906 horizontem
3191 847 3492 919 in.puncto,

228 908 503 975 σημεῖον,
542 907 640 961 καὶ
683 907 800 972 ὅλος
834 909 940 962 ὑπὸ
970 911 1071 982 γῆν
1100 912 1618 985 ἀπολαμϐανόμενος
1637 932 1651 945 ο
1691 917 1749 969 ὲν
1788 936 1796 968 ε

1932 933 2190 998 totusque
2229 928 2372 982 intra
2420 937 2624 985 terram
2663 907 3028 1004 vdesumptus;
3075 936 3133 992 in
3179 907 3288 1009 quo
3316 944 3496 1011 posita

226 997 300 1051 τά
349 999 776 1089 κείμεναψώ
818 1002 1032 1074 ἄστρων
1097 1004 1184 1059 διὰ
1250 1006 1448 1071 παντὸς
1504 1010 1637 1079 ἡμῖν
1685 1009 1796 1063 ἐστι

1931 1023 2079 1071 astra
2108 1032 2327 1089 semper
2354 1020 2516 1077 nobis
2549 1030 2680 1077 sunt
2704 1023 3022 1081 invisibilia.

593 1074 665 1091 ..α

224 1085 476 1159 ἀόρατα.

308 1178 434 1231 [ῶν
462 1179 529 1233 δὲ
566 1182 978 1253 προειρημένων
1002 1184 1113 1257 (16)
1143 1185 1302 1240 πέντε
1330 1186 1542 1242 κύκλων
1575 1189 1829 1260 μέγιστος

228 1266 331 1337 μὲν
360 1270 396 1321 6
424 1270 772 1341 ἰσημερινός·
794 1271 920 1343 ἑξῆς
947 1271 1002 1325 δὲ
1029 1276 1141 1337 τοῖς
1167 1272 1453 1342 μεγέθεσιν
1477 1276 1526 1328 οἱ
1553 1278 1825 1352 τροπικοίο

226 1357 521 1427 ἐλάχιστοι
563 1358 621 1412 δὲ
651 1359 726 1423 ὡς
763 1360 899 1432 πρὸς
938 1362 1210 1432 ἡμετέραν
1239 1364 1449 1435 οἴκησιν
1475 1365 1523 1417 οἱ
1553 1366 1823 1436 ἀρκτικοί.

294 1451 558 1517 Τούτους
602 1453 660 1506 δὲ
692 1453 817 1515 τοὺς
858 1453 1089 1519 κύκλους
1124 1453 1205 1507 δεῖ
1231 1457 1371 1509 νοεῖν
1400 1456 1656 1522 ἀπλατεῖς
1683 1458 1825 1530 λόγῳ

1998 1169 2147 1225 Inter
2189 1171 2429 1229 circulos
2479 1176 2768 1245 praedictos
2801 1179 3076 1238 maximus
3121 1190 3205 1239 est
3248 1186 3495 1256 equino-

1928 1262 2142 1330 ct'ialis;
2182 1264 2416 1333 proximi
2443 1267 2624 1335 quoad
2661 1271 3059 1340 magnitudines
3104 1282 3232 1329 sunt
3258 1277 3492 1347 trcpici'

1926 1354 2137 1408 minimi
2163 1371 2313 1422 vero,
2342 1357 2522 1426 quoad
2554 1368 2798 1415 nostram
2826 1362 3241 1431 habitationem,
3275 1369 3464 1423 arctici

1995 1444 2107 1503 Hos
2135 1455 2316 1503 autem
2350 1450 2608 1515 circulos,
2638 1468 2763 1508 cum
2802 1455 2913 1510 sint
2947 1457 3253 1516 latitudinis
3299 1477 3464 1533 exper

226 1542 584 1615 θεωρητοὺς,
619 1546 683 1598 ἐκ
713 1546 811 1616 τῆς
830 1545 936 1599 τῶν
968 1547 1180 1617 ἄστρων
1209 1545 1429 1613 θέσεως,
1459 1546 1553 1602 καὶ¹
1580 1550 1682 1620 τῆς
1715 1551 1796 1606 τῶ·

1924 1541 2029 1601 tes,
2051 1545 2105 1592 et
2133 1540 2345 1596 ratione
2371 1544 2723 1612 spectabiles,
2767 1556 2949 1604 mente
2977 1560 3189 1619 oportet
3216 1553 3483 1624 cogitare,

224 1635 513 1708 διόπτρων
547 1635 800 1708 θεωρίας,
841 1637 935 1691 καὶ
963 1639 1060 1710 τῆς
1088 1639 1365 1711 ἡμετέρας
1388 1642 1627 1706 ἐπινοίας
1645 1643 1825 1697 διατυ-

225 1726 572 1797 πουμένους.
592 1729 769 1792 Μόνος
796 1729 904 1802 γάρ
930 1731 988 1784 ὲν
1016 1729 1094 1802 τῷ
1119 1733 1307 1805 κόσμῳ
1336 1734 1530 1799 κύκλος
1551 1734 1667 1789 ἐστὶ
1690 1735 1822 1790 θεω-

1922 1628 2015 1696 qui
2042 1643 2106 1683 ex
2131 1637 2410 1694 ,astrorum
2437 1635 2618 1704 positu
2643 1643 2698 1690 et
2730 1637 3067 1709 diaptrorum
3093 1644 3463 1711 speculatione

1921 1732 1975 1780 et
2002 1734 2192 1782 nostra
2223 1730 2555 1799 cogitatione
2598 1731 3005 1788 describuntur.
3045 1732 3208 1790 Solus
3251 1737 3393 1810 enim
3428 1738 3480 1794 in

228 1815 394 1887 ρητδς
428 1817 461 1870 6
499 1814 602 1869 τοῦ
624 1815 927 1886 γάλακτος·
958 1818 1008 1871 οἱ
1034 1817 1092 1872 δὲ
1122 1818 1299 1874 λοιποὶ
1319 1820 1461 1894 λόγῳ
1484 1821 1591 1875 εἰσὶ
1613 1820 1796 1894 θεωρη·

1920 1819 2121 1874 mundo
2146 1821 2380 1877 visibilis
2412 1830 2495 1877 est
2525 1823 2769 1879 circulus
2794 1824 2883 1879 via
2917 1825 3130 1895 lactea;
3168 1829 3362 1901 reliqui
3392 1845 3454 1885 ra
3479 1860 3484 1866 -

225 1911 329 1965 τοί.

295 2002 477 2056 Πέντε
544 2003 604 2059 δὲ
652 2004 986 2077 παράλληλοι
1034 2005 1193 2076 μόνον
1240 2007 1680 2079 καταγράφονται
1721 2007 1818 2061 κύ-

227 2090 344 2145 κλοι
377 2090 464 2156 είς
492 2093 601 2164 τὴν
620 2097 888 2168 σφαῖραν,
914 2096 976 2149 οὐ
1004 2095 1093 2150 διά
1117 2096 1179 2150 τὸ
1207 2096 1365 2167 μόνον
1405 2097 1624 2161 τούτους
1654 2098 1712 2149 ὲν
1736 2095 1815 2168 τῷ

228 2184 421 2255 κόσμῳ
455 2186 842 2259 παραλλήλους
865 2184 1023 2243 εἶναι.
1059 2188 1117 2242 '0
1135 2188 1244 2260 γάρ
1263 2189 1412 2259 ἥλιος
1432 2188 1555 2244 καθ’
1580 2189 1814 2260 ἑκάστην

227 2276 442 2348 ἡμέραν
484 2276 567 2342 ὼς
608 2280 744 2351 πρὸς
790 2279 1039 2353 αῖσθησιν
1064 2279 1261 2335 κύκλον
1288 2280 1628 2354 παράλληλον
1657 2299 1813 2353 περι-

231 2368 527 2439 στρέφεται
576 2369 658 2441 τῷ
707 2371 1003 2443 ἰσημερινῷ
1053 2372 1193 2426 κατά
1236 2373 1333 2444 τὴν
1363 2373 1456 2426 ἐπὶ
1482 2372 1574 2427 τοῦ
1606 2373 1810 2445 κόσμου

228 2460 532 2532 γενομένην
562 2464 933 2534 περιστροφὴν
954 2479 966 2492 ο
1002 2462 1141 2516 ὥστε
1176 2464 1375 2532 μεταξὺ
1404 2463 1512 2516 τῶν
1540 2465 1811 2536 τροπικῶν

232 2550 443 2605 κύκλων
477 2550 572 2623 ρπ⁹
605 2553 684 2616 δὶς
712 2552 942 2617 κύκλους
985 2554 1363 2627 παραλλήλους
1385 2553 1689 2627 γράφεσθαι
1708 2557 1811 2611 ὑπὸ

227 2639 318 2695 τοῦ
356 2642 516 2714 ἡλίου
538 2659 553 2675 ·
588 2643 845 2699 τοσαῦται
870 2644 979 2718 γὰρ
1001 2645 1208 2718 ἡμέραι
1236 2646 1371 2700 εἰσὶν
1394 2648 1448 2700 αἱ
1477 2647 1675 2719 μεταξὺ
1703 2649 1810 2704 τῶν

229 2749 463 2803 τροπων.

293 2825 563 2897 Φέρονται
614 2826 673 2881 δὲ
714 2828 809 2881 καὶ
856 2828 1055 2893 πάντες
1079 2829 1129 2882 οί
1155 2829 1385 2901 ἀστέρες
1413 2831 1506 2883 ἐπὶ
1532 2829 1809 2903 παραλλή-

227 2912 333 2967 λων
364 2915 592 2970 κύκλων
630 2916 748 2971 καθ’
780 2920 1012 2990 ἑκάστην
1035 2920 1268 2992 ἡμέραν.
1315 2922 1805 2993 Συγκαταγράφον-

223 3024 312 3061 ται
333 3008 390 3061 δὲ
420 3003 577 3064 οὗτοι
608 3012 807 3071 πάντες
831 3013 911 3075 εἰς
934 3012 1030 3083 τὴν
1053 3015 1307 3084 σφαῖραν,
1341 3012 1429 3067 διὰ
1459 3013 1520 3067 τὸ
1548 3014 1683 3085 πρὸς
1707 3013 1807 3084 μὲν

230 3092 387 3157 ἄλλας
416 3097 805 3168 πραγματείας
826 3098 935 3152 τῶν
960 3102 1017 3153 ὲν
1040 3102 1106 3172 τῇ
1129 3101 1450 3174 ἀστρολογίᾳ
1473 3102 1643 3156 πολλά
1666 3122 1729 3157 συ
1737 3123 1804 3175 μ-

222 3180 513 3238 ϐἀλλεσθαι
533 3203 551 3217 θ
586 3186 706 3240 οὐδὲ
733 3188 840 3259 γὰρ
862 3190 1352 3262 καταστερισθῆναι
1378 3192 1599 3247 δυνατὸν
1620 3194 1801 3260 καλῶς

230 3270 322 3340 τὴν
346 3277 588 3347 σφαῖραν
612 3276 739 3330 ἄνευ
772 3279 988 3333 πάντων
1025 3281 1132 3334 τῶν
1175 3282 1531 3354 παραλλήλων
1564 3284 1799 3353 κύκλων,

230 3359 341 3416 οὐδὲ
368 3365 437 3418 τὰ
467 3366 681 3438 μεγέθη
709 3369 818 3423 τῶν
838 3371 1047 3426 νυκτῶν
1071 3373 1291 3428 καὶτῶν
1311 3376 1531 3447 ἡμερῶν
1559 3378 1801 3451 ἀκριϐῶς

226 3451 510 3525 εὑρεθῆναι
580 3457 705 3513 ἄνευ
759 3458 869 3514 τῶν
921 3465 1332 3534 προειρημένων
1376 3466 1621 3522 κύκλων·
1666 3467 1800 3540 πρὸς

232 3541 470 3615 μέντοιγε
515 3548 623 3620 τὴν
666 3551 890 3622 πρώτην
935 3554 1243 3628 εἰσαγωγὴν
1291 3558 1391 3629 τῆς
1443 3560 1800 3631 ἀστρολογίας

231 3634 368 3691 οὐδὲν
398 3640 754 3713 ἀποτέλεσμα
787 3646 1237 3717 προσφερόμενοι,
1267 3649 1329 3702 ού
1358 3652 1797 3723 καταγράφονται

233 3724 287 3779 ὲν
308 3731 370 3800 τῇ
403 3734 632 3806 σφαίρᾳ.
664 3735 724 3788 Oi
749 3735 806 3788 δὲ
838 3736 999 3789 πέντε
1029 3739 1362 3811 παράλληλοι
1389 3742 1598 3809 κύκλοι,
1624 3744 1711 3797 διά
1736 3745 1799 3798 τὸ

234 3817 643 3896 ἀποτελέσματά
662 3844 783 3880 τινα
812 3829 1215 3902 προσφέρεσθαι
1235 3832 1564 3906 διωρισμένα
1592 3838 1672 3900 εἰς
1697 3838 1796 3909 τὴν

235 3909 444 3985 πρώτην
458 3934 481 3968 ε
491 3918 768 3989 ίσαγωγὴν
780 3920 878 3991 τῆς
893 3922 1266 3993 ἀστρολογίας,
1283 3926 1596 3999 κατεγράφη
1604 3945 1701 3982 σαν
1717 3930 1796 3993 εἰς

235 4000 324 4072 τὴν
352 3998 608 4078 σφαῖραν,
625 4010 682 4062 Ὀ
711 4011 807 4081 μὲν
832 4011 940 4083 γὰρ
956 4013 1212 4084 ἀρκτικὸς
1240 4015 1435 4081 κύκλος
1453 3998 1701 4090 ἀφορίζει
1725 4020 1795 4075 τά

230 4091 314 4146 ἀεὶ
344 4094 692 4171 θεωρούμενα
736 4101 844 4155 τῶν
881 4102 1095 4175 ἄστρων
1114 4121 1128 4135 ο
1160 4107 1189 4158 6
1215 4105 1271 4159 δὲ
1298 4105 1505 4179 θερινὸς
1535 4111 1793 4180 τροπικὺς

234 4180 418 4247 κύκλος
448 4186 546 4259 τὴν
574 4189 780 4260 τροπὴν
809 4190 1068 4261 περιέχει,
1093 4194 1186 4246 καὶ
1232 4194 1402 4267 πέρας
1434 4197 1550 4250 ἐστὶ
1577 4199 1672 4271 τῆς
1697 4198 1790 4253 τοῦ

234 4270 373 4359 ἡλίου
407 4277 541 4348 πρὸς
579 4279 777 4351 ἄρκτον
807 4282 1155 4352 μεταϐάσεως
1174 4301 1186 4314 ·
1218 4285 1248 4336 6
1271 4286 1327 4339 δὲ
1357 4270 1665 4359 ἰσημερινός
1693 4288 1790 4343 κύ·-

238 4358 351 4426 κλος
375 4363 473 4429 τὰς
504 4369 794 4440 ἰσημερίας
820 4371 1094 4442 περιέχει⁸
1127 4375 1156 4426 6
1182 4372 1238 4427 δὲ
1274 4358 1578 4450 χειμερινος
1609 4396 1790 4452 τροπι-

1918 1909 2065 1964 tione
2086 1918 2214 1966 sunt
2240 1914 2587 1983 spectabiles.

1985 1999 2193 2055 Circuli
2231 2018 2360 2058 vero
2384 2005 2631 2075 paralleli
2663 2012 2875 2061 tantum
2907 2008 3147 2079 quinqui:
3181 2010 3237 2066 in
3269 2012 3481 2082 sphaera

1914 2091 2341 2162 describuntur,
2393 2098 2539 2167 quod
2591 2115 2701 2155 non
2751 2112 3038 2173 propterea
3091 2101 3146 2159 lit
3208 2109 3365 2176 quasi
3422 2110 3478 2166 in

1913 2184 2118 2239 mundo
2146 2192 2358 2242 tantum
2398 2189 2454 2243 hi
2483 2200 2669 2247 essent
2711 2194 2980 2264 paralleli.
3018 2196 3154 2252 Nam
3187 2201 3267 2255 sol
3303 2203 3481 2295 quati“

1914 2275 2021 2340 die,
2055 2281 2235 2349 quoad
2280 2296 2525 2347 sensum,
2558 2284 2823 2342 describit
2860 2289 3124 2346 circulum
3155 2275 3498 2364 parallelum'

1911 2370 2279 2444 aquinogtiali
2330 2375 2629 2429 secundum
2678 2379 2866 2434 mundi
2904 2383 3334 2442 revolutionem:
3368 2388 3476 2443 ita-

1911 2475 2017 2529 que
2045 2462 2187 2517 inter
2217 2464 2456 2534 trapicos
2495 2468 2733 2525 circulos
2758 2473 2999 2540 paralleli
3029 2477 3221 2531 circuli
3264 2479 3346 2535 bis
3374 2481 3479 2537 £80

1911 2565 1941 2605 a
1971 2553 2086 2609 sole
2115 2553 2532 2628 describuntur;
2561 2567 2644 2615 tot
2680 2563 2828 2617 enim
2854 2563 2974 2621 dies
3008 2575 3135 2622 sunt
3173 2570 3316 2625 inter
3335 2586 3472 2627 cun-

1909 2657 2211 2702 versxones.

1974 2820 2251 2879 Feruntur
2274 2827 2438 2882 etiam
2477 2843 2668 2887 omnes
2693 2832 2866 2889 stella:
2895 2833 2951 2889 in
2982 2835 3205 2892 circulis
3236 2839 3474 2907 paralle-

1905 2912 1974 2969 lis
2003 2916 2267 2985 quotidie.
2300 2917 2683 2978 Verumtamen
2719 2939 2826 2979 non
2860 2942 3048 2982 omnes
3078 2928 3267 2984 circuli
3291 2934 3473 3000 paral-

1904 3005 1994 3060 leli
2016 3007 2071 3061 in
2111 3007 2321 3078 sphaera
2350 3010 2760 3082 describuntur,
2783 3016 2947 3087 idque
2980 3029 3284 3089 propterea,
3321 3023 3469 3093 quod

1903 3096 1970 3150 ad
2017 3097 2154 3154 alios
2205 3101 2422 3170 quidem
2468 3112 2737 3161 tractatus
2792 3110 3192 3166 astronomicos
3236 3112 3469 3168 multum

1905 3187 2233 3257 conducant,
2255 3208 2365 3248 non
2397 3194 2544 3249 enim
2567 3198 2828 3267 possibile
2847 3210 3008 3264 esset,
3036 3202 3220 3260 stellas
3242 3214 3389 3261 recte
3409 3207 3468 3262 in

1902 3278 2118 3347 globum
2152 3284 2491 3340 materialem
2537 3288 2744 3345 referre
2789 3290 2910 3346 sine
2941 3294 3196 3351 omnibus
3243 3297 3470 3355 circulis

1901 3371 2174 3440 parallelis
2201 3393 2214 3428 :
2244 3391 2421 3446 neque
2459 3382 2860 3451 magnitudines
2896 3384 3106 3441 dierum
3132 3399 3186 3443 et
3219 3392 3466 3447 noctium

1900 3470 2156 3519 accurate
2189 3464 2425 3522 inveniri
2454 3469 2574 3525 sine
2600 3473 2876 3542 praedictis
2903 3477 3125 3533 circulis
3148 3482 3463 3551 parallelis;

1900 3554 2017 3620 sed,
2049 3571 2171 3609 cum
2190 3557 2256 3611 ad
2281 3560 2511 3629 primam
2533 3566 2883 3622 astronomiae
2913 3568 3311 3627 institutionem
3341 3575 3468 3629 nul-

1897 3645 2010 3699 lum
2050 3649 2475 3707 emolumentum
2524 3654 2774 3724 afferant,
2827 3675 2935 3715 non
2981 3662 3462 3723 describunturin

1898 3739 2109 3810 sphaera
2133 3759 2146 3795 :
2168 3748 2225 3797 at
2253 3745 2493 3816 quinque
2523 3751 2764 3819 paralleli
2805 3753 3018 3818 circuli,
3044 3771 3116 3839 cf)
3139 3759 3282 3827 quod
3307 3766 3461 3818 certa

1897 3832 2142 3903 quaedam
2178 3837 2544 3893 emolumenta
2574 3842 2639 3895 ad
2672 3843 2903 3912 primam
2929 3832 3277 3904 astronomiae
3305 3851 3461 3908 insti-

1895 3923 2158 3980 tutionem
2189 3924 2437 3993 aﬂ‘erant,
2470 3929 2527 3984 in
2561 3930 2770 4000 sphaera
2799 3943 2927 3990 sunt
2954 3935 3235 4009 descripti.
3275 3940 3458 3997 Arcti-

1894 4029 1993 4070 cus
2036 4015 2180 4070 enim
2212 4018 2451 4091 circulus
2482 4028 2630 4075 astra
2678 4037 2893 4094 semper
2927 4031 3243 4097 apparentia
3270 4030 3454 4087 deter-

1893 4106 2102 4174 mittat;
2136 4108 2357 4165 aestivus
2389 4112 2635 4183 tropicus
2666 4116 2911 4173 circulus
2939 4121 3183 4175 aestivam
3225 4138 3456 4179 conrer-

1892 4199 2102 4256 sionem
2132 4204 2392 4269 continet,
2416 4212 2471 4269 et
2499 4206 2657 4263 limes
2680 4217 2765 4265 est
2807 4211 3077 4268 transitus
3096 4214 3232 4269 solis
3258 4230 3455 4274 versus

1892 4290 2348 4360 septentrionem;
2373 4297 2769 4365 aequinoctialis
2796 4301 3034 4358 circulus
3056 4311 3257 4374 puncta
3281 4309 3452 4378 aequi-

1890 4381 2145 4436 noctialia
2172 4384 2448 4453 continet;
2490 4386 2752 4443 hibernus
2782 4391 3029 4461 tropicus
3059 4394 3302 4453 circulus
3341 4407 3450 4452 ter-

236 4450 323 4516 κὸς
348 4455 540 4524 κύκλος
564 4461 743 4532 τέρμα
768 4463 884 4516 ἐστὶ
912 4466 1011 4535 τῆς
1032 4466 1166 4537 πρὸς
1189 4469 1532 4540 μεσημϐρίαν
1560 4450 1783 4544 προόδου

1909 4471 2072 4527 ninus
2118 4485 2204 4529 est
2246 4489 2572 4546 progressus
2620 4480 2753 4537 solis
2799 4497 2994 4539 versus
3036 4486 3355 4553 meridiem,
3394 4497 3450 4547 et

237 4540 323 4597 ἒπὶ
361 4546 511 4620 ἡλίῳ,
545 4553 639 4606 καὶ
678 4553 777 4625 τὴν
805 4556 1118 4627 χειμερινὴν
1143 4559 1348 4631 τροπὴν
1382 4540 1643 4633 περιέχει·
1677 4566 1704 4617 6
1729 4563 1786 4618 δὲ

1909 4563 2169 4619 iibernam
2194 4569 2610 4626 conversionem
2653 4574 2934 4640 continet;
2969 4581 3309 4637 antarcticus
3336 4583 3451 4638 cir-

238 4631 579 4706 ἀνταρκτικὸς
614 4643 810 4708 κύκλος
835 4646 903 4698 τά
932 4645 1006 4716 μὴ
1034 4646 1382 4720 θεωρούμενα
1416 4631 1786 4725 τῶνγνᾶστρων

240 4723 489 4796 ἀφορίζει.
541 4735 796 4805 Ἔχοντες
844 4732 936 4789 οὖν
974 4738 1243 4807 κεφάλαια
1281 4743 1373 4805 καὶ
1411 4723 1784 4814 ἀποτελέσμα-

238 4826 301 4904 τα
347 4817 619 4891 ὡρισμένα
664 4824 802 4896 πρὸς
857 4826 955 4898 τὴν
1008 4830 1312 4901 εἰσαγωγὴν
1385 4833 1483 4903 τῆς
1532 4833 1783 4904 ἀστρολο-

240 4901 372 4971 γίας,
395 4910 625 4981 εὐλόγως
654 4918 1077 4989 κατεγράφησαν
1109 4922 1188 4984 είς
1213 4920 1309 4993 τὴν
1341 4901 1594 4994 σφαῖραν.

303 4995 415 5051 Τῶν
444 5001 499 5055 δὲ
530 5008 939 5078 προειρημένων
984 5010 1142 5063 πέντε
1179 5013 1536 5085 παραλλήλων
1566 5014 1780 5070 κύκλων

240 5083 269 5135 ὁ
291 5087 381 5156 μὲν
401 5091 649 5163 ἀρκτικὸς
669 5098 864 5162 κύκλος
884 5099 1002 5163 ὅλος
1023 5101 1163 5174 ὑπὲρ
1186 5105 1289 5174 γῆν
1316 5083 1775 5177 ἀπολαμϐάνεται,

302 5236 404 5324 ςὶϐ)
458 5246 598 5324 Τιῑῦν·Δ
641 5250 709 5304 δὲ
762 5255 1219 5324 προειρημένων.
1279 5256 1667 5315 Parallelorum
1720 5261 1774 5316 in

241 5306 433 5400 iphazra
460 5320 726 5400 maximus
752 5306 1291 5400 est:arquiiioctialis;
1320 5340 1636 5384 cancrorum
1666 5347 1776 5400 quo

246 5386 454 5460 flu'sque
475 5386 684 5460 longius
717 5395 784 5446 ab
809 5395 898 5448 illo
920 5386 1144 5456 recedit,
1173 5412 1239 5451 eo
1267 5386 1350 5453 est
1381 5400 1580 5454 minor.
1610 5386 1770 5457 Ratio

245 5455 382 5534 fere.
418 5455 590 5523 quam'
604 5461 802 5534 habent
831 5465 1069 5521 minores
1092 5455 1158 5520 ad
1187 5469 1501 5534 maximum,
1542 5455 1770 5527 investi;

411 5522 471 5578 Et!
507 5531 967 5610 methodo',_quam
1010 5537 1286 5610 attigimus
1317 5522 1460 5610 libro
1481 5522 1763 5610 {nifN'Jt't},

247 5592 398 5681 ἓξ,ξῇ
431 5597 706 5681 Ϊθμίυιξιαᾷ
749 5592 928 5681 sinum
951 5592 1326 5681 co_mpreiiienti
1362 5592 1639 5681 dietantus:
1662 5592 1769 5681 ’ρὲίί

248 5652 400 5748 Erigit
424 5652 706 5747 cujuslibet
718 5652 1245 5748 ,ξίῐὲῖὲίίιξέῇὅὲῖἷὲἰῦ
1251 5652 1400 5732 ἔᾞιί
1408 5652 1642 5748 sai-31;;
1650 5652 1762 5739 υνιῦξ

315 5729 363 5780 ιο
388 5729 612 5795 tropicus
639 5729 854 5798 aestivus
874 5729 1132 5809 gradibus
1155 5746 1225 5799 2t
1249 5729 1764 5824 distiuiEBE‘éiﬁiil

1885 4655 2042 4711 culus
2076 4665 2225 4712 astra
2252 4674 2367 4715 non
2403 4664 2719 4731 apparentia
2763 4666 3112 4735 determinat.
3162 4671 3300 4727 Cum
3342 4673 3447 4745 igi-

1883 4753 1975 4799 tur
2004 4746 2240 4805 haheant
2261 4759 2412 4806 certa
2441 4754 2619 4823 capita
2646 4762 2699 4811 et
2725 4758 3090 4816 emolumenta
3118 4762 3185 4817 ad
3219 4763 3446 4818 institu-

1880 4837 2084 4893 tionem
2110 4843 2474 4909 astronomiaz,
2500 4859 2609 4901 non
2636 4847 2755 4903 sine
2782 4849 2997 4906 ratione
3026 4852 3287 4924 descripti
3317 4862 3446 4910 sunt

1881 4928 1935 4982 in
1956 4929 2188 4999 sphaera.

1950 5020 2095 5076 Inter
2122 5024 2366 5094 quinque
2415 5027 2703 5096 praedictos
2736 5033 3027 5100 parallelos
3058 5034 3316 5100 circulos,
3353 5049 3444 5089 ar-

1879 5114 2055 5171 cticus
2081 5117 2324 5175 circulus
2362 5126 2513 5177 totus
2542 5137 2709 5193 supra
2739 5125 3079 5182 horizontem
3108 5129 3437 5186 desumitur.

1878 5272 2032 5345 tpre;
2069 5268 2524 5348 complementum
2561 5273 2830 5330 distantia!
2856 5285 2939 5332 est
2967 5278 3123 5348 grad.
3155 5277 3244 5341 (ili,
3283 5278 3438 5347 cuius

1877 5333 2031 5419 sinus
2069 5333 2264 5417 91555.
2305 5340 2473 5408 Igitur
2507 5358 2576 5419 ea
2598 5333 3005 5419 propprtioeﬁ
3038 5333 3437 5419 aequinoctialis

1876 5405 1943 5481 ad
1971 5406 2260 5481 trOpicnm,
2301 5405 2421 5481 (iure
2450 5420 2534 5466 est
2556 5405 2779 5481 1ύοοόοη
2797 5418 2863 5470 ad
2893 5405 3229 5479 913555.100
3256 5427 3340 5481 est
3370 5405 3439 5476 it)

1875 5475 1942 5529 ad
1970 5477 2003 5530 9
2045 5477 2284 5531 circiter.
2324 5475 2403 5534 Ita
2437 5481 2678 5540 circulus
2713 5478 2952 5541 arcticus
2984 5475 3139 5542 Arati
3175 5477 3340 5543 distet
3368 5490 3436 5545 ab

1872 5549 2555 5629 aequatur-legradihnsdg,
2589 5568 2621 5629 a
2647 5555 2796 5624 polo,
2830 5558 2921 5629 tu.
2964 5556 3129 5614 Sinus
3167 5559 3435 5629 graduum

1872 5615 1937 5699 ιε
1976 5626 2059 5696 est
2100 5616 2295 5699 7.5471.
2337 5615 2682 5699 Proindeita
2727 5615 2792 5681 se
2830 5627 3013 5699 habet
3040 5615 3440 5699 aequinoctialis

1872 5684 1941 5739 ad
1974 5686 2250 5764 circulum
2284 5689 2426 5764 hunc
2464 5693 2727 5748 arctieum
2764 5696 2844 5749 uti
2888 5684 3198 5752 100000'ad
3228 5684 3437 5764 7567f;

1870 5770 1991 5826 quae
2014 5758 2290 5828 proportio
2317 5759 2426 5814 fere
2455 5771 2540 5817 est
2562 5767 2934 5836 sesquitertia,
2961 5779 3020 5823 ut
3041 5768 3074 5822 4
3106 5770 3174 5824 ad
3204 5769 3256 5823 5.
