3886 6268
421 340 528 395 775

1412 334 1498 388 AD
1538 332 1803 390 EUSEBII
1835 328 2229 388 CHRONICON
2269 327 2632 384 APPENDIX.

3564 332 3680 386 776

421 460 672 518 Estivus
704 459 948 529 tropicus
986 457 1226 514 circulus
1263 457 1317 511 in
1349 456 1488 512 duas
1525 465 1709 527 partes
1737 457 1980 525 inaequa-

2101 453 2188 506 ἰδὲ
2218 451 2425 524 θερινὸς
2451 447 2708 522 τροπικὸς
2756 448 2954 510 κύκλος
2996 447 3073 510 εἰς
3099 446 3191 500 δύο
3223 463 3364 518 μερη
3392 447 3551 502 ἄνισα
3581 450 3679 502 τέ-

421 555 502 608 les
533 558 750 606 secatur
789 527 1182 611 abhorizonte,
1213 556 1266 602 et
1305 557 1646 618 segmentum
1685 547 1864 616 majus
1893 562 1992 601 su-

419 659 516 716 pra
561 653 761 696 terram
811 641 1135 706 desumitur,
1178 640 1358 694 minus
1408 653 1539 694 vero
1579 636 1720 692 infra
1758 645 1986 694 terram.

422 737 492 790 At
524 751 630 789 non
663 751 758 804 per
786 749 975 788 omnes
999 733 1247 803 regiones
1279 742 1333 786 et
1379 731 1543 785 urbes
1588 731 1777 785 eodem
1828 730 1990 784 modo

419 829 643 885 aestivus
666 827 908 897 tropicus
935 826 1178 879 circulus
1205 830 1422 878 secatur
1454 824 1521 877 ab
1553 823 1858 888 horizonte,
1882 823 1987 876 sed

417 922 574 992 juxta
597 920 873 973 climatum
901 918 1249 974 diversitates
1271 917 1546 972 diversum
1577 924 1988 988 segnientorum

421 1027 704 1068 excessum
742 1011 1012 1082 contingit
1049 1011 1287 1076 evenire,
1331 1019 1495 1080 atque
1539 1011 1607 1066 iis
1641 1010 1860 1080 quidem
1895 1009 1987 1080 qui

422 1103 596 1172 magis
629 1103 731 1171 ιο
755 1117 918 1170 quam
961 1117 1078 1164 nos,
1122 1117 1314 1155 versus
1360 1102 1783 1170 septentrionem
1830 1100 1989 1154 habi-

421 1201 560 1258 tant,
592 1193 647 1246 in
682 1202 958 1263 segmenta
988 1193 1158 1264 magis
1183 1193 1464 1261 inaequalia
1494 1193 1561 1246 ab
1590 1193 1870 1246 horizonte
1902 1207 1990 1248 se-

421 1286 534 1340 cari
568 1286 837 1354 tropicum
867 1285 1118 1339 aestivum
1158 1284 1406 1354 contigit.
1438 1283 1501 1337 Et
1537 1285 1751 1338 tandem
1783 1293 1869 1340 est
1902 1300 1990 1339 re-

421 1377 510 1445 gio
541 1376 811 1446 quadam,
849 1377 902 1430 in
942 1391 1046 1445 qua
1078 1383 1226 1429 totus
1264 1376 1486 1429 mstivus
1520 1376 1764 1445 tropicus
1807 1376 1990 1431 circu-

421 1469 508 1523 lus
539 1470 594 1521 llt
623 1483 786 1538 supra
821 1476 1042 1522 terram.
1076 1467 1147 1520 lis
1178 1481 1308 1520 vero
1341 1467 1436 1537 qui
1467 1467 1638 1536 magis
1667 1481 1830 1536 quam
1862 1482 1982 1532 nos,

418 1576 614 1616 versus
637 1559 918 1614 meridiem
943 1559 1214 1624 habitant,
1243 1557 1298 1612 in
1329 1566 1605 1629 segmenta
1644 1559 1826 1613 minus
1859 1559 1987 1612 ina:-

420 1653 603 1722 qualia
631 1653 853 1706 aestixus
875 1651 1122 1722 tropicus
1144 1651 1385 1705 circulus
1409 1651 1476 1704 ab
1499 1651 1782 1705 horizonte
1805 1659 1986 1706 sectus

419 1752 522 1799 est.
554 1742 618 1796 Et
641 1742 859 1797 tandem
893 1752 976 1796 est
1000 1742 1149 1812 regio
1173 1741 1436 1811 quaedam
1474 1757 1667 1796 versus
1709 1741 1984 1796 meridiem

417 1835 580 1892 nobis
611 1835 737 1900 sita,
765 1836 820 1889 in
860 1849 968 1904 qua
1011 1836 1295 1904 mqualiter
1326 1835 1587 1888 dividitur
1615 1835 1838 1889 aestivus
1869 1841 1988 1887 tro-

2096 563 2283 617 μνεται
2323 545 2426 598 ὑπὸ
2471 543 2563 598 τοῦ
2590 541 2888 614 ὁρίζοντος,
2919 541 3014 595 καὶ
3045 541 3106 594 τὸ
3134 540 3232 613 μὲν
3265 540 3448 611 μεῖζον
3472 541 3678 612 τμῆμα

2093 641 2230 713 ὑπὲρ
2274 642 2376 711 γῆν
2432 625 2893 709 ἀπολαμϐάνεται,
2923 638 2985 692 τὸ
3009 637 3064 691 δὲ
3094 637 3394 702 ἕλασσονίτ,
3428 638 3534 691 ὑπὸ
3570 639 3676 709 τὴν

2090 731 2213 800 γῆν.
2253 731 2326 784 Ού
2375 729 2516 783 κατὰ
2555 731 2735 783 πᾶσαν
2774 729 2831 782 δὲ
2859 727 3043 800 χώραν
3087 729 3180 782 καὶ
3219 729 3372 782 πόλιν
3413 728 3616 798 ὁμοίως
3642 729 3676 781 ὁ

2090 823 2298 893 θερινὸς
2324 823 2580 893 τροπικὸς
2612 822 2809 886 κύκλος
2833 822 3096 890 ,τέμνεται
3121 822 3228 873 ὑπὸ
3247 819 3343 872 τοῦ
3376 820 3670 890 ὁρίζοντος,

2089 916 2228 969 ἀλλὰ
2262 915 2412 986 παρὰ
2441 915 2538 979 τὰς
2566 913 2673 967 τῶν
2710 913 2990 984 κλιμάτων
3017 913 3373 983 παραλλαγὰς
3414 913 3677 984 διάφορον

2089 1009 2188 1079 τὴν
2210 1007 2316 1061 τῶν
2344 1005 2644 1078 τμημάτων
2674 1005 2944 1076 ὑπεροχὴν
2973 1005 3257 1075 συμϐαίνει
3284 1004 3548 1073 γίνεσθαι·
3577 1005 3676 1057 καὶ

2087 1103 2200 1163 τοῖς
2234 1100 2328 1171 μὲν
2352 1099 2488 1169 πρὸς
2521 1097 2720 1168 ἄρκτον
2755 1097 2954 1168 μᾶλλον
2987 1097 3141 1167 ἡμῶν
3167 1096 3408 1149 οἰκοῦσιν
3456 1099 3534 1159 είς
3579 1097 3674 1148 ἀν-

2093 1195 2339 1265 ισαίτερα
2364 1194 2505 1266 μέρη
2542 1192 2830 1264 συμϐαίνει
2859 1192 3149 1263 τέμνεσθαι
3180 1192 3272 1245 τὸν
3307 1192 3517 1263 θερινὸν
3562 1193 3674 1246 ύπὺ

2087 1285 2182 1339 τοῦ
2207 1284 2500 1357 ὁρίζοντος.
2533 1284 2643 1337 Καὶ
2678 1283 2850 1355 πέρας
2875 1284 2992 1336 ἐστὶ
3023 1283 3174 1354 χώρα
3211 1301 3314 1348 τις,
3349 1278 3463 1358 ὲνῇ
3493 1283 3617 1346 ὅλος
3645 1287 3674 1338 ὁ

2089 1378 2296 1449 θερινὸς
2349 1376 2607 1447 τροπικὸς
2650 1375 2847 1439 κύκλος
2893 1376 3032 1446 ὑπὲρ
3055 1375 3159 1446 γῆν
3187 1377 3414 1444 γίνεται.
3447 1378 3574 1438 Τοῖς
3618 1377 3675 1429 δὲ

2090 1471 2224 1542 πρὸς
2263 1468 2605 1541 μεσημϐρίαν
2637 1467 2835 1539 μᾶλλον
2867 1467 3102 1521 οἰκοῦσιν
3135 1468 3312 1538 ἡμῶν,
3346 1470 3422 1532 εξς
3457 1469 3672 1522 ἀνισαί-

2087 1580 2220 1633 τερα
2245 1562 2288 1594 ¹⁸
2322 1561 2463 1633 μέρη
2484 1562 2511 1612 ὁ
2532 1559 2740 1629 θερινὸς
2777 1560 3034 1631 τροπικὸς
3075 1559 3272 1623 κύκλος
3299 1561 3405 1613 ὑπὸ
3434 1561 3529 1613 τοῦ
3557 1560 3674 1631 ὀρί-

2089 1652 2271 1716 ζοντος
2296 1653 2580 1724 τέτμηται.
2616 1651 2726 1705 Καὶ
2752 1652 2924 1720 πέρας
2956 1651 3071 1704 ἐστὶ
3101 1651 3252 1723 χώρα
3287 1670 3369 1716 τις
3403 1653 3539 1724 πρὸς
3569 1671 3669 1723 με-

2090 1744 2363 1816 σημϐρίαν
2391 1746 2521 1816 ἡμῖν
2550 1745 2797 1815 κειμένη,
2837 1745 2892 1796 ὲν
3007 1744 3367 1829 διχοτομεξται
3397 1748 3425 1798 ὁ
3457 1745 3668 1816 θερινὸς

2019 1818 2060 1872 Β
2089 1835 2345 1906 τροπικὸς
2374 1834 2570 1898 κύκλος
2602 1834 2708 1888 ὑπὸ
2755 1833 2849 1886 τοῦ
2890 1834 3177 1905 ὁρίζοντος⁹
3214 1818 3447 1888 ἐνταῦθα
3483 1837 3542 1888 δὲ
3577 1836 3666 1888 τέ·-

417 1929 574 2000 picus
604 1929 846 1983 circulus
882 1929 950 1981 ab
979 1927 1269 1982 horizonte
1296 1946 1307 1980 :
1338 1926 1393 1981 in
1420 1928 1524 1981 hoc
1565 1935 1746 1981 autem
1773 1928 1990 1981 climate

2101 1943 2280 1997 μνεται
2309 1925 2500 1988 οὕτως,
2523 1925 2682 1988 ὥστε,
2701 1924 2792 1978 τοῦ
2820 1925 2940 1978 ὅλου
2968 1925 3164 1978 κύκλου
3186 1927 3564 1998 διαιρουμένου
3590 1930 3669 1991 εἰς

420 2027 640 2078 secatur
684 2020 781 2084 ita,
826 2028 884 2073 ut
918 2033 1043 2072 cum
1089 2026 1240 2074 totus
1273 2019 1511 2073 circulus
1549 2019 1602 2072 in
1642 2027 1766 2072 octo
1807 2025 1990 2089 partes

2101 2026 2138 2090 η’
2169 2019 2328 2090 μέρη,
2360 2019 2518 2070 πέντε
2563 2019 2659 2089 μὲν
2691 2019 2951 2089 τμήματα
2991 2018 3130 2089 ὑπὲρ
3159 2018 3260 2088 γῆν
3289 2018 3671 2090 ἀπολαμϐάνε-

418 2113 657 2184 aequales
691 2113 902 2167 divisus
946 2119 1052 2175 est,
1085 2109 1152 2165 de
1187 2110 1274 2166 his
1321 2113 1565 2181 quinque
1598 2119 1782 2179 partes
1825 2124 1990 2181 supra

2101 2110 2234 2174 σθαι,
2265 2111 2390 2181 τρία
2421 2111 2476 2163 δὲ
2509 2110 2614 2163 ὑπὸ
2643 2112 2764 2182 γῆν.
2797 2112 2940 2182 Πρὸς
2965 2112 3021 2164 δὲ
3052 2112 3208 2165 τοῦτο
3234 2113 3294 2165 τὸ
3333 2113 3500 2185 κλίμα
3524 2115 3674 2167 δοκεί

419 2207 759 2261 horizontem
805 2205 1183 2270 desumantur,
1218 2211 1331 2261 tres
1382 2219 1510 2257 vero
1560 2202 1702 2256 infra
1743 2202 1990 2256 horizon-

2101 2202 2182 2254 καὶ
2243 2203 2271 2253 ὁ
2319 2203 2553 2272 ’Ἄρατος
2606 2203 2986 2273 συντεταχέναι
3036 2205 3136 2276 τὴν
3181 2205 3290 2258 τῶν
3331 2207 3671 2276 φαινομένων

420 2305 548 2351 tem.
589 2297 670 2350 Ad
701 2297 804 2350 hoc
847 2297 1009 2350 clima
1041 2296 1255 2351 videtur
1299 2295 1462 2350 etiam
1487 2293 1688 2348 Aratus
1721 2309 1990 2364 apparen-

2101 2294 2492 2364 πραγματείαν.
2519 2295 2652 2365 Περὶ
2679 2294 2788 2365 γὰρ
2814 2295 2907 2349 τοῦ
2940 2296 3149 2368 θερινοῦ
3180 2298 3442 2370 τροπικοῦ
3468 2299 3669 2353 κύκλου

420 2389 617 2442 tiarum
678 2396 967 2442 tractatum
1026 2386 1422 2456 composuisse.
1483 2385 1617 2440 Nam
1669 2385 1759 2440 de‘
1799 2385 1988 2441 aestivo

420 2481 630 2552 tropico
659 2480 867 2534 circulo
895 2479 1192 2542 disserens,
1235 2479 1315 2534 sic
1352 2478 1564 2547 inquit:

421 2589 536 2661 Hoc
567 2592 794 2645 maxime
824 2594 877 2645 in
898 2601 1010 2645 octo
1035 2592 1259 2661 wquales
1290 2601 1466 2660 partes
1493 2592 1680 2656 diviso,

423 2660 625 2714 Earum
665 2664 885 2732 quinque
929 2660 1233 2716 meridianis
1283 2663 1564 2716 volvuntur
1592 2679 1682 2732 per
1717 2677 1987 2730 supremas

1517 2732 1714 2802 [partes
1746 2743 1916 2802 terrae,

423 2801 551 2857 Tres
595 2818 711 2855 vero
758 2802 814 2855 in
852 2801 1214 2870 hemisphwrio
1258 2802 1355 2856 sub
1413 2801 1822 2856 terramsstatis
1869 2801 1988 2854 huic

1360 2871 1503 2943 [sunt
1537 2874 1917 2926 conversiones.

494 3003 574 3060 Ex
595 3005 696 3059 hac
715 3002 984 3058 divisione
1019 3004 1290 3074 sequitur,
1317 3003 1697 3073 longissimum
1726 3004 1868 3058 diem
1895 3003 1994 3058 lio-

421 3114 604 3154 rarum
638 3096 1099 3167 aequinoctialium
1131 3097 1245 3150 fieri
1283 3096 1373 3160 l5,
1409 3104 1627 3151 noctem
1669 3111 1800 3150 vero
1828 3096 1991 3150 hora-

2088 2386 2466 2458 διαλεγόμενός
2499 2405 2662 2460 φησιν
2691 2387 2863 2452 οὕτως

2097 2590 2205 2644 Τοῦ
2234 2589 2350 2659 μὲν
2379 2589 2528 2643 ὅσον
2559 2606 2623 2642 τε
2645 2589 2912 2658 μάλιστα
2953 2588 3027 2642 δι’
3068 2587 3219 2642 ὀκτὼ
3249 2589 3666 2657 μετρηθὲιτος,

2091 2660 2275 2714 Πέντε
2307 2660 2425 2729 μὲν
2461 2659 2946 2728 ἐνδιαστρέφεται
2975 2661 3104 2715 καθ’
3143 2660 3444 2727 ὑπέρτατα
3472 2661 3666 2728 γαίης,

2096 2794 2170 2848 Τὰ
2218 2793 2349 2863 τρία
2398 2792 2449 2846 δ’
2493 2793 2563 2846 ἐν
2599 2793 2825 2862 περάτῃ
2851 2810 2864 2824 ·
2922 2793 3133 2864 θέρειοι
3176 2793 3246 2847 δὲ
3285 2797 3341 2848 οἱ
3385 2795 3670 2920 ἐνερρπαί

3463 2879 3517 2920 ιε
3541 2884 3662 2920 σιν.

3463 2879 3662 2938 [εἰσιν.

2171 2999 2268 3051 Ἐκ
2292 2999 2348 3051 δὲ
2374 2998 2576 3068 ταύτης
2600 2999 2698 3070 τῆς
2725 2999 3037 3067 διαιρέσεως
3055 3000 3356 3070 ἀκολουθεῖ,
3387 3004 3485 3075 τὴν
3519 3006 3669 3074 μεγί-

2093 3107 2223 3160 στην
2267 3091 2480 3162 ἡμέραν
2516 3090 2674 3160 ὡρῶν
2717 3090 3046 3163 ίσημερινῶν
3079 3095 3324 3162 γίνεσθαι
3370 3103 3452 3162 ιε’,
3487 3098 3585 3170 τὴν
3611 3099 3666 3152 δὲ

420 3207 540 3245 rum
586 3188 1048 3261 aequinoctialium
1079 3188 1132 3242 9.
1160 3186 1219 3242 ln
1248 3188 1530 3244 horizonte
1559 3187 1737 3242 Rhodi
1765 3191 1988 3244 aestivus

2101 3178 2258 3231 νύκτα
2279 3179 2436 3250 ὡρῶν
2465 3179 2794 3250 ίσημερινῶν
2811 3181 2876 3235 θ’.
2896 3183 2983 3238 Ἐν
3006 3183 3063 3236 δὲ
3091 3184 3167 3256 τῷ
3192 3186 3334 3239 κατὰ
3361 3187 3542 3240 Ῥόδον
3560 3189 3666 3258 (17)

419 3283 665 3352 tropicus
701 3281 943 3336 circulus
976 3281 1044 3334 ab
1090 3281 1376 3335 horizonte
1419 3281 1498 3335 sic
1531 3289 1617 3336 est
1658 3281 1890 3345 divisus,
1930 3289 1990 3335 ut

420 3389 544 3427 cum
575 3381 720 3428 lotus
761 3373 1004 3428 circulus
1054 3371 1108 3425 in
1135 3371 1206 3425 48
1235 3381 1418 3443 partes
1456 3372 1754 3437 dividatur,
1802 3387 1987 3427 earum

419 3466 488 3520 29
528 3481 691 3536 supra
719 3466 1054 3521 horizontem
1084 3464 1462 3529 desumantur,
1499 3465 1721 3533 reliqua:
1765 3478 1894 3518 vero
1924 3462 1988 3516 l9

423 3552 563 3606 infra
603 3564 825 3608 terram.
878 3553 957 3606 Ex
991 3553 1093 3608 hac
1137 3553 1404 3608 divisione
1448 3554 1696 3624 sequitur
1735 3553 1992 3622 longissi-

422 3660 568 3698 mum
597 3646 737 3699 diem
762 3647 815 3699 in
850 3642 1044 3700 Rhodo
1077 3645 1195 3701 ﬁeri
1224 3646 1486 3700 horarum
1523 3645 1988 3715 aequinoctialium

423 3737 488 3790 14
507 3737 628 3807 1/2,
652 3747 862 3796 noctem
877 3753 1006 3794 vero
1035 3738 1290 3793 horarum
1325 3739 1794 3810 aequinoctialium
1812 3737 1844 3792 9
1865 3737 1987 3807 1/2.

491 3912 907 3983 Equinoctialis
937 3914 1178 3970 circulus
1210 3929 1309 3985 per
1333 3923 1501 3970 totam
1545 3924 1748 3970 terram
1777 3916 1991 3970 habita-

421 4006 583 4060 bilem
624 4007 905 4075 aequaliter
934 4015 1154 4063 secatur
1193 4010 1262 4063 ab
1305 4009 1609 4075 horizonte,
1646 4020 1705 4062 ut
1742 4011 1990 4065 semicir-

423 4098 580 4151 culus
622 4113 784 4168 supra
823 4107 1021 4154 terram
1062 4101 1403 4164 desumatur,
1447 4102 1830 4157 semicirculus
1862 4117 1989 4158 vero

422 4188 562 4242 inira
625 4197 823 4244 terram
855 4209 867 4244 :
896 4191 966 4246 ob
1021 4207 1187 4262 quam
1239 4207 1462 4247 causam
1509 4195 1577 4248 ab
1624 4195 1728 4249 hoc
1781 4195 1990 4252 circulo

421 4281 747 4350 aequinoctia
787 4281 943 4336 ﬁunt.

495 4373 762 4431 Ilibernus
793 4377 1037 4447 trepicus
1075 4377 1317 4434 circulus
1349 4379 1417 4434 ab
1462 4380 1749 4436 horizonte
1784 4382 1864 4437 sic
1905 4399 1993 4438 se-

2095 3273 2326 3342 ὀρίζοντι
2348 3273 2373 3324 ὁ
2400 3271 2608 3341 θερινὸς
2630 3273 2888 3342 τροπικὺς
2917 3276 3115 3341 κύκλος
3149 3279 3254 3331 ὑπὸ
3282 3279 3376 3332 τοῦ
3396 3281 3667 3352 ὁρίζοντκ

2094 3363 2355 3432 τέτμηται
2384 3362 2576 3426 οὕτως,
2617 3363 2788 3432 ὥστε,
2816 3366 2911 3420 τοῦ
2947 3369 3068 3422 ὅλου
3111 3370 3309 3424 κύκλου
3339 3373 3666 3445 διῃρημένου

2096 3457 2174 3517 εἰς
2204 3455 2341 3526 μέρη
2374 3453 2483 3526 μη’,
2519 3455 2585 3508 τὰ
2620 3457 2719 3527 μὲν
2753 3458 2836 3511 κθ’
2861 3462 3122 3532 τμήματα
3148 3464 3287 3536 ὑπὲρ
3309 3466 3397 3518 τὸν
3426 3467 3666 3537 ὁρίζοντα

2096 3545 2589 3616 ἀπολαμϐάνεσθαι,
2626 3548 2694 3601 τὰ
2721 3550 2777 3603 δὲ
2814 3551 2876 3603 ιθ¹
2904 3553 3008 3605 ὑπὸ
3031 3555 3152 3625 γῆν.
3197 3557 3290 3609 Ἐκ
3315 3557 3373 3610 δὲ
3399 3559 3500 3628 τῆς
3532 3560 3665 3612 διαι-

2099 3641 2298 3712 ρέσεως
2343 3642 2546 3714 ταύτης
2594 3645 2875 3699 ἀκολουθεῖ
2911 3645 3008 3714 τὴν
3042 3647 3306 3718 μεγίστην
3355 3650 3573 3722 ἡμέραν
3614 3655 3667 3704 ἐν

2107 3733 2272 3804 Ῥόδῳ
2305 3734 2549 3803 γίνεσθαι
2579 3736 2737 3809 ὡρῶν
2776 3738 3104 3810 ἰσημερινῶν
3137 3740 3255 3804 ιδςη
3290 3740 3390 3812 τὴν
3415 3742 3472 3795 δὲ
3501 3742 3665 3797 νύκτα

2095 3823 2254 3894 ὼρῶν
2287 3827 2619 3898 ἰσημερινῶν
2647 3827 2769 3893 θς”.
2989 3872 2993 3877 .

2177 3917 2235 3970 '0
2267 3917 2324 3970 δὲ
2359 3919 2673 3994 ἰσημερινὺς
2697 3921 2895 3985 κύκλος
2921 3923 3044 3976 καθ’
3066 3924 3192 3996 ὅλην
3220 3926 3318 3998 τὴν
3347 3930 3665 4000 οἰκουμένην

2095 4009 2458 4080 διχοτομεῖται
2485 4011 2589 4064 ὑπὸ
2612 4013 2704 4065 τοῦ
2735 4013 3026 4084 ὁρίζοντος,
3052 4016 3194 4070 ὥστε
3217 4019 3542 4090 ἡμικύκλιον
3575 4023 3664 4092 μὲν

2099 4102 2236 4172 ὑπὲρ
2271 4101 2375 4170 γῆν
2419 4103 2918 4174 ἀπολαμϐάνεσθαι,
2956 4109 3278 4178 ἡμικύκλιον
3306 4111 3363 4165 δὲ
3397 4113 3502 4166 ὑπὸ
3535 4115 3664 4184 γῆνο

2095 4192 2163 4245 δι’
2188 4193 2254 4263 ἢν
2285 4193 2462 4247 αἰτίαν
2493 4193 2596 4246 ύπὸ
2623 4195 2714 4247 τοῦ
2754 4196 2951 4250 κύκλου
3002 4199 3189 4253 τούτου
3213 4203 3266 4254 αἱ
3325 4204 3604 4276 ἰσημερίαι
3628 4207 3664 4239 ¹³

2098 4283 2356 4348 γίνονται.

2182 4379 2238 4435 '0
2265 4379 2320 4430 δὲ
2347 4381 2655 4451 χειμερινὸς
2684 4383 2942 4454 τροπικὸς
2978 4384 3176 4449 κύκλος
3211 4387 3316 4440 ὑπὸ
3341 4388 3434 4440 τοῦ
3475 4390 3671 4461 ὁρίζον-

421 4479 596 4532 caiur,
630 4475 688 4520 ut
715 4469 896 4524 minus
927 4481 1267 4540 segmentum
1300 4470 1364 4527 sil
1407 4489 1573 4544 supra
1600 4484 1800 4530 terram
1834 4493 1990 4531 :ma-

2101 4487 2189 4533 τος
2206 4473 2462 4542 τέμνεται
2485 4472 2676 4539 οὕτως,
2700 4473 2839 4527 ὥστε
2860 4476 2920 4528 τὸ
2948 4477 3047 4546 μὲν
3067 4476 3292 4531 ἔλασσον
3314 4481 3508 4551 τμῆμα
3537 4484 3668 4554 ὑπὲρ

418 4557 512 4626 jus
555 4573 685 4614 vero
731 4558 874 4613 infra
926 4568 1149 4616 terram.
1201 4562 1544 4633 lnaaqualitas
1587 4575 1990 4635 segmentorum

2101 4563 2202 4632 γῆν
2246 4563 2509 4630 γίνεσθαι,
2539 4565 2598 4618 τὸ
2630 4566 2686 4618 δὲ
2719 4566 2900 4636 μεῖζον
2927 4567 3030 4620 ὑπὸ
3064 4569 3181 4640 γῆν,
3233 4569 3294 4622 Ἥ
3331 4571 3389 4625 δὲ
3423 4574 3668 4644 ἀνισότης

422 4648 668 4701 eamdem
689 4647 855 4704 habet
883 4649 1260 4706 diversitatem
1289 4654 1347 4707 in
1367 4654 1620 4708 omnibus
1653 4654 1990 4721 climatibus,

2101 4656 2206 4709 τῶν
2233 4657 2535 4726 τμημάτων
2563 4656 2658 4729 τὴν
2692 4659 2858 4729 αὐτὴν
2884 4658 3234 4730 παραλλαγὴν
3265 4660 3379 4731 ἔχει
3415 4664 3509 4715 ἐπὶ
3539 4667 3668 4718 πάν·

424 4753 546 4808 quae
581 4739 740 4794 ﬁebat
769 4742 934 4795 etiam
977 4744 1030 4796 in
1051 4744 1238 4798 aestivo
1265 4745 1478 4815 trapico
1507 4746 1736 4800 circulo.
1767 4747 1990 4819 Semper

2101 4761 2206 4800 των
2235 4747 2343 4799 τῶν
2370 4748 2670 4818 κλιμάτων,
2693 4749 2815 4819 ἦτις
2836 4750 3042 4818 ἐγίνετο
3071 4753 3164 4804 καὶ
3215 4753 3307 4804 ἐπὶ
3344 4753 3439 4806 τοῦ
3466 4755 3668 4825 θερινού

424 4828 568 4880 enim
591 4828 800 4882 alterna
827 4838 1106 4900 segmenta
1131 4832 1466 4902 tropicorum
1490 4834 1821 4890 circulorum
1851 4837 1990 4892 inter

2101 4838 2364 4908 τροπικοῦ
2412 4838 2634 4894 κύκλου.
2673 4839 2771 4892 Διὰ
2806 4841 3006 4905 παντὸς
3042 4843 3150 4912 γὰρ
3181 4841 3251 4896 τὰ
3278 4845 3507 4911 ἐναλλὰξ
3536 4851 3666 4918 τμὴο

426 4933 486 4971 se
538 4925 665 4972 sunt
713 4920 963 4988 aequalia.
1019 4919 1101 4974 0b
1153 4936 1316 4990 quam
1361 4937 1586 4977 causam
1637 4925 1990 4995 longissimus

2103 4945 2248 4998 ματα
2277 4931 2385 4984 τῶν
2407 4932 2684 5006 τροπικῶν
2711 4933 2924 4988 κύκλων
2962 4934 3049 4988 ἴσα
3070 4935 3320 5007 ἀλλήλοις
3350 4940 3490 4993 ἐστί.
3517 4943 3593 4994 Δι’
3612 4944 3664 5013 ἡκ

426 5007 545 5062 dies
600 5010 824 5080 aequalis
880 5019 964 5064 est
1018 5010 1350 5082 longissimae
1405 5015 1576 5068 nocti.
1647 5016 1990 5076 Antarcticus

2102 5021 2281 5075 αἰτίαν
2311 5024 2344 5094 ἡ
2379 5025 2607 5095 μεγίστη
2650 5024 2833 5096 ἡμέρα
2863 5026 2948 5098 ἴση
2993 5027 3108 5079 ἐστὶ
3135 5031 3201 5099 τῇ
3235 5031 3468 5103 μεγίστῃ
3503 5007 3664 5086 νυκτί.

427 5099 668 5155 circulus
707 5108 857 5156 totus
884 5101 1026 5154 infra
1066 5101 1404 5159 horizontem
1442 5107 1772 5164 occultatur.

2113 5109 2171 5162 ’0
2200 5110 2255 5164 δὲ
2276 5112 2630 5184 ἀνταρκτικὸς
2658 5113 2853 5178 κύκλος
2879 5115 2996 5180 ὅλος
3021 5117 3125 5170 ὑπὸ
3152 5117 3243 5171 τὸν
3274 5099 3528 5190 ὁρίζοντα
3550 5122 3669 5194 κρύ-

2105 5219 2319 5258 πτεται.

501 5276 576 5330 Ex
637 5277 880 5348 quinque
939 5279 1216 5347 praedictis
1272 5283 1548 5352 parallelis
1589 5285 1849 5354 circulis,
1903 5291 1990 5345 alii

2177 5294 2295 5348 Τῶν
2330 5297 2386 5350 δὲ
2423 5301 2832 5373 προειρημένων
2869 5303 3026 5356 πέντε
3058 5304 3413 5374 παραλλῦλων
3441 5303 3668 5369 κύκλων,

519 5431 560 5464 ⁸⁷
575 5453 662 5505 γρ.
698 5436 994 5505 ἐλάχιστον.
1075 5437 1116 5468 ¹⁸
1145 5437 1187 5506 Ῑ.
1225 5438 1385 5494 ἰσαίτ.
1479 5437 1526 5473 ’¹⁹
1561 5459 1651 5510 π).
1691 5427 2019 5514 ἰσημεριναί.

507 5590 610 5663 (Ιῖ)
656 5594 751 5645 Ἐν
785 5593 852 5645 δὲ
881 5592 960 5657 τῷ
998 5593 1148 5647 κατὰ
1185 5593 1408 5648 Ῥόδον.
1446 5595 1582 5650 Cum
1635 5597 1706 5652 sit
1753 5598 1997 5652 maxima

432 5661 548 5715 dies
581 5661 683 5716 Sub
713 5665 967 5732 parallelo
996 5663 1211 5717 Rhodio
1239 5664 1495 5718 horarum
1539 5667 1604 5720 14
1641 5675 1697 5724 et
1729 5667 1994 5730 dimidiae,

435 5743 484 5785 ei
517 5747 620 5784 nox
654 5733 873 5785 minima
899 5733 1155 5786 horarum
1179 5734 1212 5789 9
1241 5743 1295 5788 et
1321 5733 1578 5795 dimidiae.
1611 5737 1845 5793 maxima
1878 5740 1998 5796 dies

2096 5601 2410 5683 semihoras
2459 5604 2684 5660 totidem
2734 5605 2897 5662 habet
2939 5605 3046 5672 29,
3102 5617 3245 5683 quot.
3285 5609 3516 5683 minima
3571 5622 3674 5664 nox

2098 5681 2313 5728 constat
2347 5675 2435 5730 l9.
3116 5675 3133 5678 '
3191 5675 3245 5688 "
3289 5675 3332 5683 '"
3486 5681 3488 5684 '
