3886 6268
107 385 214 438 ’ἷῗῖ
1161 378 1396 435 GEMINI
1439 375 1808 432 ELEMENTA
1865 371 2362 429 ASTRONOMI.-E.
3287 379 3387 432 778

107 505 263 560 τινῶν
304 502 420 575 μὲν
461 501 540 558 τὰ
566 499 768 573 μεγέθη
797 496 919 554 καθ*
959 500 1085 572 ὅλην
1114 497 1210 571 τὴν
1243 498 1570 570 οἰκουμένην
1596 498 1709 550 δια-

1822 509 1951 550 suas
1985 493 2386 564 magnitudines
2417 508 2513 562 per
2551 502 2721 548 totam
2758 503 2961 550 terram
2995 494 3232 550 retinent
3264 510 3388 550 eas-

111 597 254 668 μένει
288 595 364 649 τὰ
396 595 587 659 αὐτὰ,
621 594 781 648 τινῶν
801 593 857 648 δὲ
880 593 950 646 τὰ
971 593 1108 646 αὐτὰ
1146 589 1349 663 μεγέθη
1384 589 1709 660 μεταπίπτει

1822 587 1963 652 dem,
2012 587 2104 640 alii
2143 585 2360 641 easdem
2408 588 2812 657 magnitudines
2845 587 3237 657 mutantjuxta
3282 590 3386 643 ch-

107 686 256 757 παρὰ
268 685 342 738 τὰ
367 685 645 756 κλίματα,
667 684 760 737 καὶ
780 679 862 747 οἷς
880 683 979 754 μὲν
993 682 1256 754 μείζονες,
1269 677 1348 744 οἷς
1363 681 1418 733 δὲ
1431 679 1709 742 ἐλάσσονες

1822 689 1985 744 mata,
2015 690 2069 735 et
2105 681 2228 735 aliis
2267 681 2402 736 locis
2445 681 2703 752 majores,
2748 682 2869 736 aliis
2907 685 3156 736 minores
3183 682 3238 736 hi
3277 680 3389 736 cir-

107 778 153 830 οἰ
172 775 370 829 κύκλοι
391 776 669 844 γίνονται.
702 777 762 828 Οἱ
795 775 892 846 μὲν
910 776 1016 846 γὰρ
1040 773 1308 845 τροπικοί,
1335 773 1426 825 καὶ
1447 773 1474 823 6
1512 773 1702 842 ἰσημε-

1822 775 1928 827 culi
1969 773 2124 828 ﬁunt.
2172 773 2388 845 Tropici
2435 774 2577 830 enim
2645 783 2698 829 et
2735 775 3135 845 mquinoclialis
3175 791 3272 846 per
3306 788 3388 830 to-

115 869 253 939 ρινὺς
296 867 432 920 καθ’
485 867 614 938 ὅλην
650 867 748 938 τὴν
789 866 1112 938 οἰκουμένην
1149 864 1251 918 ἴσοι
1283 864 1388 917 εἰσὶ
1409 867 1519 927 τοῖς
1551 865 1709 932 μεγέ-

1822 874 1926 921 tam
1953 874 2154 922 terram
2196 869 2662 937 magnitudinibus
2708 877 2931 923 manent
2968 870 3153 925 iidem.
3189 871 3259 924 At
3299 886 3388 924 ar-

112 961 289 1015 θεσιν·
337 961 390 1012 οἰ
437 959 502 1014 δὲ
535 959 782 1030 ἀρκτικοί
820 959 1009 1013 κύκλοι
1047 959 1443 1029 μεταπίπτουσι
1467 955 1612 1010 κατὰ
1647 956 1709 1010 τὰ

1822 961 1943 1014 etici
1975 961 2166 1016 circuii
2191 971 2472 1016 mutantur
2499 963 2994 1033 magnitudinibus,
3023 970 3078 1018 et
3103 963 3226 1018 aliis
3249 964 3388 1017 locis

115 1053 321 1126 μεγέθη
340 1071 354 1083 ·
389 1053 499 1106 καὶ
526 1046 607 1116 οἷς
634 1051 733 1122 μὲν
757 1050 1018 1122 μείζονες.
1048 1045 1130 1114 οἷς
1157 1051 1213 1103 δὲ
1236 1050 1516 1110 ἐλάττονες
1543 1048 1709 1117 γίνον-

1822 1054 2079 1124 majores,
2117 1054 2239 1109 aliis
2269 1055 2509 1110 minores
2545 1056 2700 1109 ﬁunt.
2740 1056 2809 1110 lis
2847 1056 2989 1110 enim
3062 1056 3154 1125 qui
3196 1071 3390 1111 versus

111 1161 216 1200 ται.
245 1144 382 1206 Τοῖς
422 1144 534 1213 μὲν
566 1141 673 1214 γὰρ
707 1141 841 1213 πρὸς
869 1143 1067 1213 ἄρκτον
1114 1140 1322 1194 οἰκοῦσι
1365 1139 1610 1212 μείζονες
1658 1140 1708 1192 οί

1822 1146 2244 1217 septentrionem
2288 1148 2558 1210 habitant,
2602 1148 2839 1216 majores
2881 1149 3016 1202 ﬁunt
3044 1151 3236 1206 arctiei
3277 1152 3389 1204 cir-

115 1235 365 1308 άρκτικοὶ
391 1233 596 1287 κύκλοι
619 1233 877 1300 γίνονται·
891 1231 985 1285 τοῦ
1005 1231 1114 1304 γὰρ
1130 1230 1293 1284 πόλου
1316 1231 1709 1301 μετεωρότερον

1822 1239 1965 1293 culi:
1995 1252 2119 1292 cum
2159 1238 2304 1293 enim
2347 1239 2505 1308 polus
2536 1238 2700 1292 altius
2729 1238 2972 1293 elevatus
3007 1248 3250 1310 apparet,
3295 1257 3392 1294 ne-

116 1326 472 1401 φαινομένου,
516 1325 732 1396 ἀνάγκη
767 1327 861 1378 καὶ
897 1324 988 1378 τὸν
1049 1323 1307 1396 ἀρκτικὸν
1361 1322 1578 1388 κύκλον,
1613 1323 1712 1392 ἐφ-

120 1422 426 1492 απτόμενον
459 1417 564 1472 τοῦ
612 1419 904 1490 ὁρίζοντος,
944 1417 1161 1488 μείζονα
1207 1416 1293 1470 ἀεὶ
1327 1415 1524 1486 μᾶλλον
1570 1415 1717 1484 γίνε-

120 1513 264 1567 σθαι·
297 1513 420 1576 τοῖς
455 1511 522 1564 δέ
557 1528 638 1564 τοι
667 1510 803 1582 πρὸς
832 1509 1030 1581 ἄρκτον
1045 1511 1090 1541 ²⁰
1115 1509 1323 1563 οἰκοῦσι
1352 1509 1559 1578 γίνεταί
1583 1525 1714 1562 ποτε

123 1610 148 1660 6
177 1605 390 1678 θερινὸς
434 1604 708 1676 τροπικδς
741 1602 939 1666 κύκλος
977 1602 1268 1675 ἀρκτικός·
1301 1601 1440 1655 ὥστε
1473 1603 1598 1665 τοὺς
1621 1601 1715 1655 δύο

125 1696 349 1760 κύκλους
390 1696 719 1767 ἐφαρμόσαι
757 1693 1025 1765 ἀλλήλοις,
1071 1694 1162 1746 τὸν
1210 1692 1420 1765 θερινὸν
1454 1692 1714 1764 τροπικὸν

131 1789 336 1850 κύκλον,
373 1787 476 1840 καὶ
511 1787 606 1840 τὸν
660 1785 939 1858 ἀρκτικὸν,
980 1785 1074 1838 κικί⁵
1126 1783 1252 1855 μίαν
1302 1783 1488 1838 λαϐεῖν
1537 1781 1710 1847 τάξιν.

129 1881 260 1952 Πρὸς
299 1880 360 1933 δὲ
395 1879 536 1942 τοὺς
569 1869 1008 1950 ἀρκτικωτέρους
1033 1876 1229 1940 τόπους
1258 1875 1351 1930 καὶ
1375 1875 1470 1930 τοῦ
1499 1874 1711 1948 θερινοῦ

133 1973 379 2046 τροπικοῦ
416 1973 630 2027 κύκλου
662 1971 905 2044 μείζονες
942 1973 990 2025 οἰ
1024 1970 1274 2042 άρκτικοὶ
1309 1970 1570 2040 γίνονται.

192 2066 368 2136 Πέρας
394 2064 458 2116 δέ
489 2065 612 2117 ἐστι
640 2081 723 2127 τις
755 2062 906 2134 χώρα
933 2063 1067 2136 πρὸς
1096 2062 1297 2133 ἄρκτον
1318 2062 1568 2133 κειμένη,
1590 2062 1651 2113 ὲν

135 2161 160 2212 6
196 2159 288 2228 μὲν
321 2158 492 2222 πάλος
545 2155 692 2210 κατά
735 2156 978 2228 κορυφὴν
1031 2154 1268 2224 γίνεται’
1299 2157 1328 2207 6
1361 2154 1417 2207 δὲ
1457 2154 1714 2227 ἀρκτικὸς

135 2250 318 2315 κύκλος
355 2250 456 2322 τὴν
488 2249 590 2303 τοῦ
629 2249 900 2321 ὁρίζοντος
925 2249 1110 2319 ἐπέχει
1143 2246 1314 2313 τάξιν,
1349 2247 1444 2300 καὶ
1473 2246 1716 2318 ἐφαρμό-

140 2341 211 2408 ζει
249 2342 394 2414 αὐτῷ
424 2341 576 2395 κατὰ
607 2340 706 2411 τὴν
738 2338 1071 2411 ἐπιστροφὴν
1112 2339 1205 2392 τοῦ
1252 2339 1476 2409 κόσμου,
1513 2337 1607 2390 καὶ
1657 2336 1717 2388 τὸ

137 2433 254 2486 αὐτὸ
309 2431 550 2502 μέγεθος
602 2429 865 2502 λαμϐάνει
916 2428 995 2499 τῷ
1041 2427 1372 2500 ἰσημερινῷ·
1407 2426 1547 2480 ὥστε
1591 2426 1714 2488 τοὺς

142 2527 272 2594 τρεῖς
296 2523 559 2586 κύκλους,
587 2523 678 2575 τὸν
703 2520 983 2592 ἀρκτικὸν,
1019 2520 1113 2572 καὶ
1136 2519 1228 2572 τὸν
1259 2516 1591 2590 ἰσημερινὸν,
1622 2518 1715 2570 καὶ

139 2618 219 2670 τὸν
237 2617 485 2688 ὁρίζοντα
512 2617 618 2686 τὴν
645 2613 810 2685 αὐτὴν
843 2612 996 2678 τάξιν
1030 2613 1123 2666 καὶ
1145 2611 1294 2666 θέσιν
1323 2610 1638 2682 λαμϐάνειν.

203 2708 362 2764 Πάλιν
409 2707 468 2761 δὲ
499 2709 620 2768 τοῖς
652 2703 786 2774 πρὸς
831 2701 1174 2774 μεσημϐρίαν
1217 2699 1376 2772 ἡμῶν
1405 2699 1639 2753 οἰκοῦσιν
1665 2696 1714 2752 οἰ

146 2799 231 2870 μὲν
255 2798 401 2852 πόλοι
422 2797 804 2867 ταπεινότεροι
834 2795 1110 2864 γίνονται·
1147 2795 1196 2846 οἰ
1238 2793 1294 2846 δὲ
1339 2793 1588 2864 ἁρκτικοὶ
1616 2791 1715 2845 κύ-

149 2892 250 2946 κλοι
277 2891 588 2953 ἐλάσσονες.
613 2891 723 2942 Καὶ
764 2889 939 2959 πέρας
968 2886 1084 2940 ἔστι
1127 2884 1281 2959 χώρα
1321 2903 1404 2949 τις
1443 2884 1578 2956 πρὸς
1617 2901 1712 2953 με-

148 2984 402 3058 σημϐρίαν
449 2983 618 3056 ἡμῶν
659 2982 908 3053 κειμένη·
939 2981 1076 3050 αὐτὴ
1107 2979 1164 3033 δέ
1206 2981 1353 3032 ἐστιν
1384 2981 1417 3049 ἡ
1449 2977 1715 3048 λεγομένη

151 3074 240 3126 ὑπὸ
265 3076 352 3128 τὸν
397 3072 740 3146 ἰσημερινὸν,
775 3073 832 3125 ὲν
947 3071 996 3123 οἰ
1028 3069 1126 3140 μὲν
1162 3068 1315 3122 πόλοι
1343 3068 1434 3121 ἐπὶ
1473 3067 1567 3120 τοῦ
1599 3069 1715 3140 ὁρί-

1817 1345 1973 1385 cesse
1998 1339 2082 1387 est
2109 1331 2272 1385 etiam
2313 1332 2576 1385 arctieum
2605 1330 2893 1395 circulum,
2923 1332 3016 1400 qui
3050 1332 3387 1386 horizontem

1818 1421 2057 1491 attingit,
2094 1435 2315 1491 semper
2363 1422 2626 1491 majorem
2679 1422 2835 1487 ﬁeri;
2877 1421 3076 1476 alicubi
3153 1437 3282 1478 vero
3320 1424 3388 1478 iis

1817 1513 1910 1584 qui
1933 1527 2126 1568 versus
2160 1514 2584 1583 septentrionem
2617 1514 2887 1577 habitant,
2921 1515 2967 1568 is
2997 1515 3258 1580 circulus,
3291 1518 3386 1586 qui

1816 1611 1902 1658 est
1929 1603 2151 1658 aestivus
2183 1603 2453 1673 tropicus,
2485 1603 2540 1656 ﬁt
2568 1603 2732 1657 etiam
2765 1605 3026 1668 areticus,
3062 1605 3134 1658 ita
3180 1613 3241 1659 ut
3275 1609 3388 1659 duo

1817 1694 2011 1748 circuli
2068 1694 2173 1750 sibi
2239 1695 2470 1749 invicem
2520 1703 2860 1765 congruant,
2919 1711 3114 1765 nempe
3163 1697 3386 1751 aestivus

1819 1787 2065 1858 tropicus
2103 1787 2368 1851 circulus,
2401 1795 2455 1842 et
2496 1789 2756 1852 areticus,
2793 1804 3072 1860 unumque
3112 1790 3389 1859 accipiant

1817 1879 2004 1937 situm.
2032 1877 2101 1934 At
2126 1894 2322 1935 versus
2354 1879 2471 1934 loca
2503 1880 2676 1950 magis
2701 1880 3144 1950 septentrionalia
3176 1884 3387 1945 ,azstivo

1817 1970 2031 2040 tropico
2060 1969 2291 2034 circulo,
2326 1971 2488 2025 etiam
2513 1970 2750 2040 majores
2783 1970 2918 2025 ﬁunt
2947 1971 3139 2025 circuli
3170 1973 3384 2027 arctici.

1889 2061 2134 2119 Tandem
2161 2069 2244 2116 est
2272 2063 2426 2117 locus
2470 2062 2688 2132 quidam
2727 2077 2925 2118 versus
2960 2064 3383 2132 septentrionem

1815 2150 1976 2215 situs,
2020 2150 2075 2204 in
2103 2165 2212 2221 quo
2245 2151 2405 2221 polus
2434 2150 2491 2205 ﬁt
2519 2153 2825 2220 verticalis;
2853 2154 3090 2210 areticus
3118 2169 3245 2208 vero
3272 2157 3384 2209 cir-

1816 2245 1974 2299 culus
2026 2243 2330 2300 horizontis
2376 2245 2554 2300 locum
2604 2254 2858 2315 occupat,
2916 2245 3075 2316 eique
3131 2251 3385 2318 congruit

1817 2334 2114 2390 secundum
2148 2335 2338 2391 mundi
2370 2336 2806 2400 conversionem,
2856 2346 2911 2391 et
2953 2337 3198 2392 eamdem
3237 2340 3384 2391 acci-

1815 2429 1895 2500 pit
1940 2430 2372 2501 magnitudinem
2420 2445 2545 2486 cum
2594 2431 2986 2501 aequinoctiali,
3043 2436 3117 2486 ita
3165 2441 3225 2487 ut
3269 2446 3383 2490 tres

1816 2522 2032 2583 circuli,
2085 2523 2346 2587 areticus,
2406 2523 2808 2594 aequinoctialis
2855 2529 2910 2579 et
2952 2523 3179 2578 horizon
3229 2542 3386 2580 eum-

1816 2615 1936 2669 dem
1968 2616 2132 2670 situm
2161 2625 2216 2670 et
2248 2616 2485 2686 positum
2523 2615 2813 2687 accipiant.

1890 2705 2104 2763 Rursus
2147 2707 2213 2762 iis
2259 2707 2352 2778 qui
2398 2722 2429 2760 a
2475 2708 2634 2762 nobis
2677 2723 2869 2763 versus
2915 2707 3194 2764 meridiem
3237 2710 3387 2764 habi-

1817 2807 1954 2867 tant,
1984 2800 2092 2870 poli
2122 2799 2257 2854 ﬁunt
2287 2800 2626 2864 humiliores,
2667 2801 2860 2854 arctici
2887 2815 3017 2855 vero
3051 2800 3244 2855 circuli
3281 2802 3388 2855 mi-
3431 2869 3436 2872 _
3493 2818 3495 2820 ·

1817 2909 1998 2948 nores.
2033 2891 2100 2946 Et
2137 2893 2355 2948 tandem
2381 2892 2532 2964 regio
2555 2901 2638 2948 est
2661 2893 2908 2964 quedam
2944 2909 2974 2946 a
3009 2894 3168 2948 nobis
3193 2909 3387 2949 versus

1817 2987 2098 3041 meridiem
2131 2987 2258 3052 sita,
2283 3001 2349 3041 ea
2381 2993 2466 3042 est
2529 3001 2649 3056 quae
2689 2986 3040 3042 dicituresse
3078 2987 3180 3042 sub
3214 2988 3387 3057 aequi-

1817 3078 2064 3142 noctiali,
2107 3078 2162 3132 in
2210 3092 2317 3152 qua
2355 3077 2464 3148 poli
2509 3077 2564 3131 in
2604 3077 2897 3133 horizonte
2949 3080 3384 3138 constituuntur.

151 3166 310 3230 ζοντος
341 3167 610 3234 γίνονται,
641 3166 689 3216 οἰ
717 3163 776 3216 δὲ
806 3160 1059 3234 άρκτικοὶ
1091 3158 1278 3214 κύκλοι
1312 3158 1537 3212 καθόλου
1561 3160 1709 3212 ἀναι-

1822 3171 2006 3226 arctici
2041 3187 2171 3226 vero
2199 3171 2390 3226 circuli
2414 3186 2640 3242 prorsus
2667 3178 2794 3227 sunt
2816 3172 3013 3228 sublati
3051 3191 3064 3226 :
3098 3173 3172 3226 ita
3204 3181 3263 3227 ut
3290 3189 3389 3242 pro

157 3257 368 3328 ροῦνται·
399 3257 550 3311 ὥστε
596 3256 719 3310 ἀντὶ
759 3253 870 3308 τῶν
906 3253 1071 3306 πέντε
1108 3251 1468 3322 παραλλήλων
1499 3249 1714 3303 κύκλων

153 3353 279 3421 τρεῖς
321 3349 702 3422 παραλλήλους
745 3345 1011 3416 γίνεσθαι,
1040 3343 1165 3408 τούς
1192 3360 1252 3395 τε
1299 3343 1590 3414 τροπικοὺς
1621 3341 1716 3395 καὶ

155 3442 232 3493 τὸν
253 3441 582 3514 ἰσημερινόν.
617 3438 715 3492 Διὰ
754 3437 862 3508 γὰρ
887 3436 954 3489 τὰ
981 3433 1353 3508 προειρημένα
1379 3433 1476 3502 οὐχ
1513 3432 1714 3502 ὑπολη-

157 3534 296 3587 πτέον
345 3533 654 3596 καθολικῶς
683 3528 928 3600 γίνεσθαι
969 3529 1094 3591 τοὺς
1135 3527 1294 3579 πέντε
1339 3525 1714 3596 παραλλήλους

157 3625 380 3689 κύκλους,
411 3625 528 3680 ἀλλ’
557 3624 633 3687 ὡς
677 3621 814 3694 πρὸς
856 3621 955 3692 τὴν
981 3617 1255 3691 ἡμετέραν
1298 3617 1621 3686 οἰκουμένην
1653 3615 1714 3668 τὸ

159 3717 334 3788 πλῆθος
379 3718 562 3772 αὐτῶν
601 3713 900 3768 ἐκκεῖσθαι.
936 3712 1058 3765 Εἰσὶ
1091 3710 1200 3782 γάρ
1249 3726 1394 3772 τινες
1423 3708 1710 3779 ὁρίζοντες,

163 3807 212 3858 ἐν
237 3803 308 3871 οἷς
336 3810 480 3882 τρεῖς
527 3808 689 3879 μόνον
722 3804 1056 3876 παράλληλοι
1085 3803 1345 3871 γίνονται.
1455 3793 1458 3797 ’

221 3899 330 3952 Εἱσί
349 3901 404 3954 δὲ
425 3902 672 3971 οἰκήσεις
704 3898 817 3967 (18)
861 3895 954 3949 ἐπὶ
979 3894 1079 3964 τῆς
1119 3893 1244 3963 γῆς,
1275 3885 1350 3945 ὧν
1382 3890 1569 3961 πρώτη
1617 3890 1714 3960 μὲν

161 3987 364 4058 οἴκησις,
396 3989 478 4060 ἐφ’
509 3984 581 4061 ἧς
603 3990 630 4040 6
657 3985 866 4058 θερινὸς
895 3983 1156 4056 τροπικδς
1191 3981 1386 4045 κύκλος
1419 3980 1714 4048 ἐφάπτεται

164 4077 240 4130 τοῦ
291 4080 592 4151 ὁρίζοντος,
622 4079 715 4132 καὶ
763 4077 860 4148 τὴν
897 4073 990 4130 τοῦ
1042 4072 1303 4147 ἀρκτικοῦ
1343 4071 1540 4126 κύκλου
1564 4071 1715 4136 τάξιν

162 4164 434 4238 λαμϐάνει·
471 4171 702 4242 δευτέρα
754 4169 812 4222 δὲ
863 4166 1075 4240 οἴκησις
1120 4168 1154 4238 ὴ
1186 4165 1449 4236 λεγομένη
1474 4163 1586 4217 ὑπὸ
1623 4163 1714 4216 τὸν

165 4259 324 4314 πόλον·
357 4264 514 4336 τρίτη
560 4263 620 4317 δέ
660 4263 808 4314 ἐστιν
847 4261 1076 4332 οἴκησις,
1109 4259 1247 4332 ὑπὲρ
1282 4251 1350 4329 ἦς
1382 4255 1578 4328 μικρὸν
1615 4254 1716 4326 ξμς

167 4353 374 4421 ⁴ιεροιτθεν
416 4357 740 4428 εἰρήκαμεν,
777 4353 872 4406 καὶ
914 4349 1423 4425 προσαγορευομένη
1469 4349 1575 4402 ὑπὸ
1623 4347 1714 4401 τὸν

168 4440 470 4516 ἰσημερινόν.

1816 3261 2060 3332 quinque
2088 3261 2312 3317 circulis
2351 3263 2626 3333 parallelis
2657 3269 2869 3316 tantum
2895 3271 3012 3318 tres
3051 3263 3180 3318 ﬁant
3207 3267 3390 3335 paral-

1817 3354 1928 3421 leli,
1955 3367 2156 3424 nempe
2183 3353 2291 3408 duo
2319 3354 2542 3425 tr0pici,
2568 3361 2622 3410 et
2645 3355 3064 3425 aequinoctialis.
3098 3355 3217 3411 Non
3239 3359 3386 3413 enim

1817 3446 2239 3503 existimandum
2266 3454 2369 3511 est,
2412 3455 2635 3517 propter
2663 3460 2730 3501 ea
2787 3463 2908 3516 qua!
2939 3448 3196 3517 praedicta
3235 3459 3388 3510 sunt.

1817 3540 2203 3594 universaliter
2244 3541 2488 3610 quinque
2521 3555 2643 3596 esse
2669 3541 2957 3611 parallelos
2992 3541 3250 3608 circulos,
3291 3544 3385 3597 sed

1816 3640 2067 3705 respectu
2097 3641 2298 3688 nostrae
2336 3633 2694 3688 habitationis
2744 3633 3150 3688 multitudinem
3195 3649 3385 3689 eorum

1814 3741 1937 3782 esse
1973 3725 2300 3796 expositam.
2353 3723 2492 3779 Sunt
2525 3725 2670 3779 enim
2705 3723 2927 3794 quidam
2968 3724 3302 3790 horizontes,
3337 3729 3410 3800 ιη,

1816 3820 2016 3891 quibus
2043 3824 2257 3874 tantum
2289 3827 2400 3872 tres
2427 3827 2558 3872 sunt
2591 3819 2785 3873 circuli
2812 3817 3078 3888 paralleli.

1883 3911 2030 3966 Sunt
2056 3917 2238 3966 autem
2268 3910 2324 3965 in
2358 3917 2506 3964 terra
2539 3909 2924 3977 habitationes,
2955 3926 3186 3981 quarum
3213 3913 3387 3985 prima

1815 4011 1919 4066 est,
1947 4004 2002 4057 in
2036 4003 2133 4073 ιι
2165 4016 2274 4073 qua
2333 4001 2556 4056 aestivus
2596 4001 2843 4072 tropicus
2889 4003 3132 4060 circulus
3172 4005 3391 4072 attingit

1816 4094 2178 4160 horizontem,
2233 4100 2288 4148 et
2337 4092 2502 4148 situm
2547 4093 2737 4148 arctici
2779 4092 2974 4148 circuli
3023 4093 3260 4165 accipit;
3301 4113 3390 4151 se-

1816 4187 1993 4242 cunda
2025 4195 2112 4243 est
2152 4186 2447 4250 habitatio,
2489 4201 2612 4256 quae
2643 4185 2845 4242 dicitur
2899 4201 3022 4242 esse
3075 4187 3180 4242 sub
3222 4188 3390 4258 polo;

1815 4283 1978 4337 tertia
2014 4287 2100 4337 est
2143 4281 2429 4344 habitatio,
2479 4280 2547 4335 de
2579 4295 2686 4351 qua
2733 4280 2897 4349 paulo
2944 4287 3071 4334 ante
3117 4278 3386 4339 diximus.

1815 4390 1939 4446 quas
1964 4374 2166 4430 dicitur
2194 4389 2316 4430 esse
2349 4375 2454 4430 sub
2477 4372 2869 4444 aequinoctiali.

225 4535 374 4590 Ὅθεν
405 4541 511 4594 οὐδ’
537 4541 572 4610 ἡ
605 4537 754 4606 τάξις
777 4537 883 4591 τῶν
907 4536 1068 4589 πέντε
1103 4533 1460 4606 παραλλῆλων
1493 4531 1706 4584 κύκλων

1883 4528 2038 4584 Unde
2063 4545 2133 4584 ne
2160 4528 2298 4585 ordo
2317 4528 2534 4600 quidem
2561 4528 2805 4600 quinque
2833 4530 3216 4600 parallelorum
3245 4529 3388 4585 idem

168 4625 197 4694 ὴ
222 4628 345 4702 αὐτὴ
372 4633 518 4705 παρὰ
544 4631 706 4686 πᾶσίν
731 4633 877 4684 ἐστιν
895 4645 909 4658 ·
945 4628 1059 4683 ἀλλ’
1093 4629 1152 4679 ὲν
1188 4626 1283 4697 μὲν
1317 4628 1382 4697 τῇ
1408 4623 1530 4678 καθ’
1561 4625 1710 4694 ἡμᾶς

167 4715 428 4794 οἰκουμένῃ
463 4722 675 4794 πρῶτος
726 4720 828 4793 μὲν
869 4717 1189 4788 ὀνομάζεται
1214 4718 1244 4769 6
1273 4715 1552 4788 ἀρκτικὸς,
1587 4713 1710 4767 δεύ-

172 4821 302 4877 τερος
329 4811 381 4864 δὲ
409 4815 436 4866 6
471 4813 676 4886 θερινὸς
708 4809 984 4884 τροπικός,
1011 4809 1192 4880 τρίτος
1221 4807 1276 4861 δὲ
1309 4810 1338 4861 6
1373 4807 1704 4878 ἰσημερινὸς,

173 4897 397 4974 τέταρτος
431 4906 488 4959 δὲ
533 4908 561 4959 6
608 4903 916 4976 χειμερινὸς
961 4899 1243 4972 τροπικὸς,
1288 4898 1538 4969 πέμπτος
1583 4899 1642 4950 δὲ
1680 4900 1709 4950 6

175 4993 515 5067 ἀνταρκτικός.

231 5085 340 5150 Τοῖς
369 5089 420 5142 δὲ
448 5090 578 5162 πρὸς
608 5089 807 5162 ἄρκτον
835 5085 1034 5160 μᾶλλον
1070 5082 1226 5156 ἡμῶν
1253 5082 1458 5137 οἰκοῦσι
1492 5081 1703 5152 γίνεταί

179 5191 286 5229 ποτε
316 5179 512 5250 πρῶτος
551 5182 649 5252 μὲν
678 5182 708 5234 6
741 5179 951 5252 θερινὸς
984 5176 1243 5250 τροπικός
1277 5173 1492 5238 κύκλος,
1524 5172 1707 5227 δεύτε-

181 5280 254 5332 ρος
273 5267 324 5322 δὲ
349 5273 377 5324 6
403 5273 676 5343 ἀρκτικὸς,
702 5272 882 5344 τρίτος
912 5269 968 5323 δὲ
996 5271 1025 5321 ὁ
1073 5265 1406 5339 ἰσημερινός,
1448 5266 1706 5336 τέταρτος

251 5423 292 5454 ⁸⁸
313 5443 396 5493 τρο
428 5429 789 5501 μεσημϐρίαν.

238 5539 334 5610 (18)
361 5545 489 5618 εισι
520 5547 587 5601 δὲ
613 5548 902 5614 οικησεις.
935 5541 1155 5618 Triplex
1195 5539 1457 5618 habitatio
1488 5545 1592 5601 est,
1637 5537 1696 5618 tn

173 5618 260 5672 qua
291 5615 658 5679 parallelorum
691 5611 950 5670 numerus
979 5611 1264 5668 minuitur.
1296 5611 1476 5664 Prima
1507 5618 1612 5671 est,
1641 5611 1698 5663 in

180 5687 268 5756 {illa
288 5684 442 5756 polus
465 5689 742 5743 attollitur
782 5685 1040 5756 gradibus
1077 5681 1302 5736 totidem
1331 5687 1481 5756 quot_
1509 5695 1537 5734 a
1571 5680 1696 5749 polo

189 5750 394 5818 ιτονῑοιιε
413 5755 610 5812 distat:
649 5750 998 5812 unde'arctici
1035 5756 1210 5808 instar
1234 5759 1321 5808 est
1344 5750 1611 5819 tropicus,
1639 5758 1695 5803 et

195 5826 350 5876 Mer.
366 5825 463 5878 loci
500 5829 619 5896 polo
649 5825 854 5880 zodiaci
887 5825 1107 5886 subest,
1135 5838 1200 5879 ac
1230 5821 1488 5878 zodiacus
1523 5821 1694 5876 semel

470 5917 727 5977 Puncta
774 5917 890 5979 Gtt.
939 5915 1112 5975 XIX.

1815 4631 1900 4678 est
1926 4623 2069 4692 apud
2102 4637 2292 4678 onmes
2313 4663 2328 4688 ,
2361 4622 2457 4678 sed
2497 4622 2552 4676 in
2577 4632 2767 4678 nostra
2797 4622 3134 4678 habitatione
3171 4625 3386 4699 primus

1814 4715 2129 4770 nominatur
2185 4713 2428 4768 circulus
2477 4714 2754 4779 areticus,
2833 4714 3108 4771 secundus
3162 4716 3387 4770 aestivus

1813 4807 2097 4876 tropicus,
2154 4806 2348 4860 tertius
2384 4805 2804 4876 aequinoctialis.
2840 4814 3070 4873 quartus
3125 4807 3386 4862 hibernus

1813 4897 2083 4967 tropicus.
2107 4897 2331 4953 auintus
2363 4897 2715 4953 antarcticus.
3106 4904 3110 4908 '

1885 5081 1955 5136 lis
1973 5095 2100 5135 vero
2118 5079 2208 5150 qui
2239 5080 2410 5150 magis
2436 5079 2684 5132 habitant
2714 5095 2905 5135 versus
2934 5079 3381 5150 septentrionem,

1814 5188 1974 5244 quam
2009 5187 2130 5239 nos,
2163 5171 2222 5226 ﬁt
2271 5173 2566 5243 aliquando
2619 5172 2831 5243 primus
2861 5173 3088 5226 aestivus
3136 5171 3382 5242 tropicus

1813 5266 2074 5330 circulus,
2105 5265 2380 5322 secundus
2403 5267 2642 5322 areticus
2665 5305 2682 5331 ,
2718 5268 2914 5322 tertius
2941 5265 3341 5336 mquinoctialis
3365 5303 3384 5327 .

1805 5538 1862 5596 in
1904 5539 1992 5594 die
2025 5537 2328 5594 horizontis
2373 5537 2551 5594 instar
2593 5537 2774 5592 habet.
2825 5533 3076 5592 Secunda
3119 5537 3385 5597 habitatio

1803 5618 1888 5666 est
1909 5611 2000 5665 ubi
2035 5617 2222 5666 vertex
2248 5617 2335 5664 est
2369 5609 2557 5665 mundi
2585 5613 2768 5678 polus.
2805 5609 2937 5664 Nam
2971 5608 3046 5662 ibi
3090 5610 3272 5664 nullus
3297 5623 3384 5668 est

1803 5681 2347 5763 circulusarcticus,
2384 5681 2462 5738 uti
2514 5695 2616 5735 nec
2657 5679 2712 5732 in
2749 5681 2934 5745 tertia,
2965 5693 3093 5749 quas
3138 5682 3385 5750 subjaect

1801 5761 2088 5824 mquaton.
2325 5817 2330 5820 _
3183 5784 3188 5788 ι

3072 5909 3149 5969 S5
