3886 6268
136 353 222 408 τοι
1235 351 1470 408 GEMINI
1513 352 1747 407 ELEMEI

1859 353 1880 404 ι
1919 350 2418 409 ASTRONOMIAZ.

3309 337 3413 420 7's:

137 469 454 534 ιιαστὰσεις
520 468 733 541 ἔχουσιν
772 467 867 521 ἀπ’
903 467 1144 539 ἀλλήλων
1175 469 1222 521 οἱ
1258 469 1444 523 κύκλοι
1465 487 1480 501 °
1535 470 1647 524 ἀλλ’
1681 471 1730 524 οί

1859 486 1936 525 Ias
1967 469 2169 524 habent
2195 483 2225 524 a
2264 483 2324 523 se
2381 465 2612 521 invicem
2669 465 2962 520 distantias
2995 484 3006 518 :
3055 464 3248 533 tropici
3285 479 3413 516 vero

139 564 233 636 μὲν
269 563 555 632 τροπικοὶ
595 561 783 615 κύκλοι
829 561 936 615 ἀπὸ
974 560 1066 614 τοῦ
1108 562 1422 632 ἱσημερινοῦ
1455 563 1594 616 κατά
1627 565 1735 616 πᾶν

138 656 374 723 ἒγκλιμα
398 653 516 724 τὴν
545 653 710 724 αὐτὴν
743 654 1038 707 ἀπόστασιν
1066 652 1276 724 ἔχουσιν
1295 670 1309 683 ·
1339 654 1388 706 οί
1413 653 1470 706 δὲ
1488 657 1738 726 τροπικοὶ

137 744 322 797 κύκλοι
356 744 480 798 ἀπὸ
541 745 648 798 τῶν
680 745 954 816 ἀρκτικῶν
992 745 1053 797 οὐ
1081 745 1180 814 τὴν
1216 746 1384 816 αὐτὴν
1413 746 1594 816 ἔχουσι
1619 747 1737 800 διά-

139 853 325 890 στασιν
380 837 544 889 κατὰ
587 837 795 900 πάντας
835 838 963 900 τοὺς
1011 836 1323 910 ὁρίζοντας,
1367 838 1483 891 ἀλλ’
1531 840 1581 892 oi
1640 839 1738 910 μὲν

139 927 385 991 ἔλασσον,
417 929 477 980 οἱ
507 929 570 982 δὲ
609 928 770 982 πλέον
809 929 1172 1001 διεστήκασιν.

215 1021 465 1092 Ὁμοίως
503 1019 566 1074 δὲ
599 1021 720 1074 οὐδὲ
747 1023 796 1074 oi
841 1022 1092 1093 ἀρκτικοὶ
1120 1022 1228 1075 ἀπὸ
1271 1021 1378 1074 τῶν
1421 1021 1598 1078 πόλων
1640 1024 1740 1095 τὴν

141 1113 259 1184 ίσην
293 1113 624 1167 ἀπόστασιν
671 1113 853 1183 ἔχουσι
896 1113 1037 1168 κατά
1087 1115 1195 1168 πᾶν
1241 1112 1508 1186 ἔγκλιμαο
1543 1114 1659 1169 ἀλλ’
1691 1117 1740 1168 οξ

147 1206 242 1276 μὲν
269 1205 581 1270 ἐλάσσονα,
608 1206 657 1257 οἱ
690 1205 748 1258 δὲ
773 1204 1012 1260 πλείονα.
1046 1205 1505 1277 Καταγράφονται
1556 1205 1741 1277 μέντοι

143 1314 203 1366 γε
225 1297 406 1350 πᾶσαι
439 1298 505 1349 αἱ
539 1295 883 1368 περιφέρειαι
912 1295 1048 1369 πρὸς
1080 1297 1172 1349 τὸν
1205 1298 1263 1350 ὲν
1289 1300 1354 1368 τῇ
1399 1295 1607 1351 Ἑλλάδι
1631 1299 1744 1369 ὁρί-

147 1390 324 1454 ζοντα.

211 1477 312 1531 Διά
339 1476 461 1530 τῶν
517 1477 701 1530 πόλων
727 1477 783 1530 δέ
831 1478 937 1530 είσι
981 1477 1190 1539 κύκλοι,
1218 1481 1266 1532 οί
1306 1479 1410 1533 ὑπό
1441 1497 1602 1534 τινων
1647 1481 1742 1535 κό-

151 1572 320 1642 λουροι
368 1570 936 1644 προσαγορευόμενοι,
986 1566 1067 1636 οἷς
1103 1572 1452 1644 συμϐέϐηκεν
1498 1575 1592 1627 ἐπὶ
1634 1575 1744 1629 τῶν

152 1662 290 1716 ἰδίων
325 1663 712 1734 περιφερειῶν
747 1665 792 1695 ’³
816 1665 940 1728 τοὺς
982 1664 1076 1718 τοῦ
1117 1664 1323 1736 κόσμου
1353 1666 1548 1730 πόλους
1575 1665 1740 1737 ἔχειν.

155 1756 416 1826 Κόλουροι
469 1756 534 1809 δὲ
590 1755 905 1828 κέκληνται,
955 1757 1045 1812 διὰ
1085 1759 1146 1812 τὸ
1205 1759 1345 1832 μέρη
1390 1760 1522 1814 τινὰ·
1565 1760 1745 1814 αὐτῶν

1837 562 2030 617 circuli
2060 561 2127 615 ab
2155 557 2528 630 aequinoctiali
2589 559 2642 611 in
2692 556 2844 611 omni
2893 557 3113 612 climate
3164 556 3409 611 eamdem

1838 655 2039 710 habent
2080 653 2430 720 distantiam;
2475 651 2568 706 sed
2598 650 2791 721 trepici
2824 650 3014 704 circuli
3070 649 3138 704 ab
3191 648 3412 702 arcticis

1837 764 1945 802 non
1967 750 2213 801 eamdem
2242 743 2771 800 habentdistantiam
2799 743 2854 797 in
2871 742 3127 797 omnibus
3152 740 3410 796 horizon-

1837 836 2006 900 tibus,
2042 835 2138 892 sed
2167 835 2260 890 alii
2294 834 2495 900 minus,
2529 833 2623 888 alii
2650 833 2773 903 plus
2808 832 3035 887 distant.

1912 1011 2177 1068 Similiter
2204 1027 2381 1082 neque
2422 1012 2610 1067 arctici
2654 1026 2688 1066 a
2729 1011 2871 1083 polis
2897 1009 3159 1081 aequalem
3211 1008 3415 1066 habent

1841 1110 2157 1165 distantiam
2185 1108 2240 1163 in
2270 1107 2419 1164 omni
2449 1109 2668 1164 climate
2688 1149 2705 1174 ,
2757 1107 2853 1174 sed
2883 1105 2978 1160 alii
3001 1105 3291 1169 minorem,
3321 1103 3411 1157 alii

1842 1200 2127 1270 majorem.
2162 1199 2558 1272 Describuntur
2581 1207 2764 1255 tamen
2795 1213 2987 1254 omnes
3021 1196 3416 1252 circumferen-

1844 1294 1934 1348 tia:
1967 1293 2034 1347 ad
2058 1293 2397 1348 horizontem
2439 1291 2681 1347 Graeciae.

1915 1477 2020 1532 Per
2045 1477 2199 1548 polos
2228 1476 2379 1530 ducti
2410 1474 2604 1530 circuli
2640 1481 2769 1530 sunt
2799 1474 2835 1529 ii
2883 1474 2974 1544 qui
3019 1489 3049 1528 a
3090 1471 3416 1543 quibusdam

1844 1578 2110 1626 vocantur
2137 1569 2328 1632 coluri,
2375 1568 2576 1638 quibus
2631 1566 2894 1637 contingit
2942 1565 2996 1618 iu
3027 1563 3264 1635 propriis
3311 1563 3419 1618 cir—

1846 1662 2220 1718 cumferentiis
2247 1661 2434 1715 mundi
2469 1660 2622 1730 polos
2661 1659 2882 1714 habere.
2912 1656 3192 1712 Vocantur
3238 1666 3418 1713 autem

1845 1756 2044 1819 coluri,
2078 1771 2144 1811 eo
2169 1754 2313 1825 quod
2356 1768 2543 1809 eorum
2573 1759 2756 1822 partes
2804 1753 2996 1822 aliquae
3027 1753 3136 1808 sint
3167 1750 3418 1806 invisibi-

155 1847 444 1919 ἀθεώρητα
493 1848 764 1917 γίνεσθαι.
814 1851 878 1903 Οί
919 1850 1015 1921 μὲν
1045 1850 1154 1923 γὰρ
1187 1851 1361 1906 λοιποὶ
1391 1854 1580 1907 κύκλοι
1606 1857 1746 1908 κατά

1859 1852 1945 1903 les.
1991 1848 2203 1918 Reliqui
2225 1846 2371 1902 enim
2395 1845 2592 1900 circuli
2618 1845 2718 1900 toti
2749 1853 3070 1916 spectantur
3117 1842 3420 1900 secundum

159 1943 248 2014 τὴν
273 1943 662 2015 περιστροφὴν
694 1943 787 1996 τοῦ
830 1943 1034 2015 κόσμου
1067 1944 1176 1998 ὅλοι
1221 1944 1568 2018 θεωροῦνται.
1625 1947 1746 2000 Τῶν

158 2033 210 2087 δὲ
235 2033 524 2106 κολούρων
555 2034 772 2088 κύκλων
819 2035 959 2107 μέρη
1001 2035 1124 2090 τινά
1163 2036 1308 2090 ἐστιν
1341 2036 1649 2110 ἀθεώρητα,
1680 2041 1748 2094 τὰ

165 2126 260 2180 ὑπὸ
280 2127 378 2181 τοῦ
411 2127 786 2199 ἀνταρκτικοῦ
823 2129 929 2181 ὑπὸ
959 2128 1050 2182 τὸν
1084 2129 1335 2200 ὁρίζοντα
1365 2131 1746 2202 ἀπολαμϐανό-

168 2235 314 2288 μενα.
344 2220 668 2291 Γράφονται
698 2219 754 2272 δὲ
785 2214 932 2274 οὗτοι
973 2220 1023 2272 οἰ
1064 2220 1151 2274 διὰ
1182 2221 1291 2275 τῶν
1322 2221 1498 2276 πόλων
1527 2222 1613 2276 διὰ
1639 2223 1746 2276 τῶν

168 2311 433 2382 τροπικῶν
469 2312 571 2365 καὶ
616 2310 945 2383 ίσημερινῶν
991 2312 1253 2383 σημείων,
1288 2313 1380 2366 καιὶ
1427 2315 1507 2377 είς
1535 2314 1577 2366 δ’
1606 2317 1746 2386 μέρη

171 2400 252 2454 ira
272 2401 553 2472 διαιροῦσι
590 2402 682 2456 τὸν
710 2402 797 2455 διά
831 2403 1010 2474 μέσων
1035 2403 1144 2457 τῶν
1174 2402 1378 2468 ζωδίων
1408 2405 1626 2463 κύκλον.

233 2491 392 2557 Λοξδς
435 2491 498 2544 δέ
548 2493 668 2545 ἐστι
695 2492 894 2557 κύκλος
921 2496 950 2548 ό
972 2493 1082 2548 τῶν
1131 2492 1196 2564 ιβ’
1239 2495 1444 2559 ζωδίων
1463 2513 1476 2526 ο
1507 2497 1668 2561 αὐτὸς
1691 2498 1746 2552 δὲ

173 2583 230 2634 ὲκ
254 2588 300 2650 Υ
347 2582 577 2636 κύκλων
612 2583 969 2656 παραλλήλων
1025 2585 1387 2657 συνέστηκεν·
1429 2580 1504 2639 ὧν
1548 2588 1598 2639 οί
1650 2589 1747 2658 μὲν

175 2673 231 2727 τὸ
258 2673 458 2739 πλάτος
487 2676 775 2748 ἀφορίζειν
809 2676 1056 2745 λέγονται
1088 2677 1182 2730 τοῦ
1213 2677 1478 2742 ζωδιακοῦ
1511 2680 1708 2734 κύκλου
1728 2699 1743 2712 ο

173 2767 200 2818 ό
251 2766 305 2820 δὲ
357 2767 448 2822 διὰ
509 2768 694 2839 μέσων
742 2768 849 2824 τῶν
901 2768 1106 2833 ζωδὶων
1153 2769 1414 2825 καλεῖται.
1466 2764 1634 2836 Οὗτος
1691 2774 1747 2825 δὲ

179 2859 463 2928 ὶφάπτεται
489 2861 591 2915 δύο
611 2861 824 2915 κύκλων
863 2861 994 2915 ῐσων
1024 2879 1082 2915 τε
1110 2861 1204 2916 καὶ
1230 2862 1589 2934 παραλλήλων
1607 2881 1620 2894 ·
1651 2864 1746 2918 τοῦ

180 2951 270 3019 μὲν
304 2949 522 3023 θερινοῦ
567 2949 826 3023 τροπικοῦ
859 2949 999 3004 κατά
1030 2950 1128 3021 τὴν
1156 2949 1247 3004 τοῦ
1282 2950 1560 3021 Καρκίνου
1596 2950 1747 3023 πρώ-

181 3057 267 3111 την
308 3046 529 3115 μοῖραν,
567 3044 659 3097 τοῦ
711 3043 768 3097 δὲ
811 3045 1123 3117 χειμερινοῦ
1168 3043 1431 3116 τροπικοῦ
1463 3043 1605 3098 κατά
1649 3044 1750 3114 τὴν

183 3133 265 3186 τοῦ
300 3135 591 3207 Αίγόκερω
641 3135 863 3206 πρώτην
918 3139 1144 3207 μοῖραν·
1193 3135 1284 3189 τὸν
1329 3136 1386 3190 δὲ
1437 3137 1750 3208 ἰσημερινὸν

1849 1940 2036 1996 mundi
2089 1938 2543 2005 conversionem;
2601 1945 2658 1992 at
2717 1937 3030 1992 colurorum
3086 1935 3419 1992 circulorum

1849 2041 2031 2104 partes
2065 2033 2259 2102 aliquae
2287 2039 2417 2089 sunt
2449 2030 2771 2094 invisibiles,
2807 2044 2886 2084 eae
2913 2027 3167 2084 videlicet
3208 2043 3330 2098 quae
3353 2028 3423 2080 ab

1847 2126 2150 2181 antarctico
2177 2125 2280 2181 sub
2320 2125 2601 2179 borizonte
2651 2123 3040 2178 desumuntur.
3094 2119 3424 2176 Scribuntur

1847 2225 2029 2274 autem
2057 2217 2132 2281 hi.
2158 2217 2249 2286 qui
2278 2232 2377 2287 per
2403 2216 2559 2287 polos
2589 2222 2720 2272 sunt
2745 2213 2919 2279 ducti,
2951 2229 3047 2285 per
3075 2220 3277 2284 puncta
3307 2215 3422 2268 sol-

1849 2316 2072 2372 stitialia
2095 2323 2149 2370 et
2169 2312 2592 2385 inquinoctialia,
2615 2319 2670 2368 et
2696 2311 2750 2366 in
2777 2316 3017 2382 quatuor
3039 2316 3220 2378 partes
3247 2321 3426 2378 aequa-

1849 2405 1928 2461 les
1953 2405 2202 2462 dividunt
2225 2405 2554 2475 eclipticam.

1922 2500 2024 2568 12
2059 2498 2327 2569 Obliquus
2358 2504 2536 2552 autem
2563 2504 2648 2554 est
2667 2496 2910 2553 circulus
2938 2497 2984 2553 is
3010 2495 3102 2566 qui
3133 2493 3421 2550 duodecim

1848 2598 1932 2645 est
1961 2594 2260 2660 signorum.
2300 2589 2400 2645 Hic
2434 2605 2561 2645 vero
2587 2606 2655 2646 ex
2690 2591 2869 2644 tribus
2893 2589 3119 2644 circulis
3151 2587 3424 2658 parallelis

1849 2685 2184 2755 compositus
2219 2692 2342 2749 est,
2397 2698 2632 2755 quorum
2692 2683 2748 2736 hi
2797 2682 3020 2753 quidem
3079 2679 3423 2734 latitudinem

1850 2779 2060 2834 zodiaci
2086 2779 2279 2834 circuli
2309 2779 2675 2835 determinare
2717 2777 3015 2843 dicuntur;
3047 2777 3151 2832 iste
3179 2789 3311 2830 vero
3341 2774 3394 2827 di
3413 2805 3427 2813 -

1849 2871 1994 2926 citur
2015 2872 2258 2928 circulus
2287 2887 2384 2942 per
2423 2869 2602 2926 media
2636 2871 2810 2942 signa.
2873 2869 2974 2924 Hic
3023 2868 3240 2939 attingit
3288 2867 3428 2922 duas

1850 2964 2087 3019 circulos
2148 2979 2274 3018 cum
2333 2963 2570 3034 aequales
2605 3005 2620 3029 ,
2687 2973 2801 3017 tum
2851 2962 3188 3034 parallelos:
3232 2975 3427 3030 nempe

1850 3058 2098 3112 aestivum
2132 3057 2420 3127 tropicum
2483 3071 2580 3127 per
2626 3055 2824 3112 Cancri
2878 3056 3112 3125 primam
3171 3061 3423 3126 partem;

1854 3150 2139 3207 hibernum
2183 3164 2312 3204 vero
2361 3149 2635 3219 tropicum
2680 3147 3132 3220 per'Capricorni
3192 3147 3424 3218 primam

183 3223 290 3294 δίχα
311 3226 499 3296 τέμνει
539 3225 680 3280 κατά
709 3225 806 3298 τὴν
831 3227 925 3280 τοῦ
951 3227 1124 3298 Κριοῦ
1157 3226 1378 3298 πρώτην
1410 3231 1623 3298 μοῖραν,
1659 3230 1747 3282 καὶ

1859 3250 2100 3313 partem;
2137 3243 2573 3312 aequinoctialem
2602 3250 2782 3296 autem
2805 3239 3089 3312 aequaliter
3110 3239 3303 3295 dividit
3329 3254 3426 3308 per

185 3317 313 3370 κατὰ
350 3320 446 3388 τὴν
481 3318 584 3371 τοῦ
627 3316 800 3386 Ζυγοῦ
832 3317 1056 3389 πρώτην
1093 3320 1305 3391 μοῖραν.
1357 3318 1431 3370 Τὸ
1459 3317 1515 3371 δὲ
1551 3319 1754 3384 πλάτος

187 3406 288 3460 ἔστι
314 3411 403 3464 τοῦ
429 3410 707 3476 ζωδιακοῦ
746 3410 944 3465 κύκλου
986 3411 1190 3482 μοιρῶν
1233 3410 1320 3481 ιβ’.
1365 3409 1530 3477 Λοξὸς
1563 3412 1620 3464 δὲ
1656 3412 1750 3466 κέ·-

188 3497 363 3570 κληται
385 3503 414 3554 6
440 3502 710 3566 ζωδιακὸς
739 3501 956 3568 κύκλος,
980 3501 1069 3557 διὰ
1096 3501 1158 3556 τὸ
1182 3501 1350 3568 λοξῶς
1377 3500 1597 3572 τέμνειν
1627 3503 1753 3565 τοὺς

189 3592 518 3665 παραλλήλου
531 3611 558 3656 ς
586 3593 838 3658 κύκλους.

257 3704 477 3776 Ὀρίζων
510 3707 572 3761 δέ
607 3708 722 3761 ἐστι
766 3706 964 3771 κύκλος
989 3710 1019 3761 ό
1043 3706 1291 3779 διορίζων
1317 3709 1447 3778 ἡμῖν
1474 3707 1536 3760 τό
1565 3724 1625 3760 τε
1653 3724 1754 3776 φα-

192 3795 331 3866 νερὸν
361 3798 456 3851 καὶ
495 3799 556 3852 τὸ
601 3799 802 3868 ἀφανὲς
845 3800 1008 3870 μέρος
1046 3799 1138 3852 τοῦ
1175 3799 1402 3871 κόσμου,
1429 3801 1524 3853 καὶ
1551 3799 1755 3869 διχοτο-

195 3879 303 3948 μῶν
329 3883 424 3954 τὴν
457 3886 591 3958 ὅλην
627 3889 862 3957 σφαῖραν
907 3887 1000 3939 τοῦ
1031 3886 1237 3958 κόσμου
1257 3903 1273 3918 ο
1311 3887 1451 3940 ὥστε
1489 3888 1755 3959 ἡμισφαί-

200 3984 298 4038 ριον
336 3975 433 4043 μὲν
471 3977 617 4048 ὑπὲρ
679 3977 784 4046 γῆν
842 3977 1319 4048 ἀπολαμϐάνεσθαι
1343 4020 1358 4044 ,
1399 3978 1755 4050 ἡμισφαίριον

195 4057 245 4112 δὲ
294 4062 393 4117 ὑπὸ
438 4067 568 4137 γῆν.
621 4069 741 4120 Εἰσὶ
792 4069 850 4122 δὲ
884 4070 933 4121 οἱ
956 4070 1229 4141 ὁρίζοντες
1269 4071 1384 4136 δύο,
1431 4067 1511 4137 εἷς
1570 4072 1669 4143 μὲν
1725 4073 1754 4124 6

199 4150 455 4224 αἰσθητὸς,
490 4157 680 4229 ἔτερος
711 4158 767 4210 δὲ
795 4161 823 4212 ό
847 4160 988 4232 λόγῳ
1032 4160 1322 4233 θεωρητὸς.
1359 4162 1625 4234 Αἱσθητὸς
1656 4165 1754 4234 μὲν

198 4235 278 4294 οὖν
297 4247 436 4300 ἐστιν
449 4250 647 4322 ὁρίζων
667 4254 696 4304 ό
717 4251 821 4305 ὑπὸ
851 4253 950 4324 τῆς
972 4254 1246 4326 ἡμετέρας
1277 4253 1454 4324 ὅψεως
1484 4273 1752 4328 περιγρα-

199 4333 409 4405 φάμενος
433 4343 576 4397 κατὰ
598 4344 687 4398 τὸν
715 4346 1194 4417 ἀποτερματισμὸν
1209 4348 1307 4418 τῆς
1336 4349 1676 4419 όράσεως,ὂς
1693 4349 1754 4401 οὐ

202 4430 405 4496 μείζονα
415 4437 514 4507 τὴν
532 4437 821 4510 διάμετρον
844 4438 956 4509 ἔχει
981 4440 1207 4494 σταδίων
1229 4440 1273 4511 β’
1293 4457 1306 4471 °
1326 4443 1355 4494 6
1381 4441 1440 4495 δὲ
1460 4442 1605 4514 λόγῳ
1621 4443 1756 4497 θεω-

203 4523 346 4590 ρητδς
369 4527 565 4598 ὁρίζων
597 4532 744 4585 ἐστὶν
768 4535 796 4585 6
815 4533 975 4605 μέχρι
990 4534 1088 4604 τῆς
1110 4532 1218 4587 τῶν
1236 4534 1490 4590 ἀπλανῶν
1509 4535 1754 4607 ἀστέρων

1855 3334 2061 3391 Arietis
2119 3335 2349 3405 primam
2405 3341 2656 3404 partem,
2712 3341 2767 3390 et
2816 3349 2913 3404 per
2964 3332 3143 3388 Libra:
3191 3331 3424 3402 primam

1853 3437 2081 3496 partem.
2129 3425 2384 3481 Latitudo
2411 3427 2622 3482 zodiaci
2662 3433 2748 3481 est
2791 3425 3028 3495 partium
3081 3423 3165 3479 l2.
3219 3422 3428 3477 Dicitur

1855 3517 2112 3573 zodiacus
2140 3516 2382 3573 circulus
2420 3517 2697 3588 obliquus,
2738 3531 2804 3572 eo
2833 3515 2980 3587 quod
3012 3515 3231 3586 oblique
3277 3523 3430 3570 secat

1853 3606 2090 3661 circulos
2114 3607 2420 3676 parallelos.

1927 3697 2164 3755 Horizon
2186 3709 2270 3754 est
2296 3699 2537 3754 circulus
2566 3701 2659 3770 qui
2681 3700 2837 3756 nobis
2867 3699 3152 3770 distinguit
3179 3706 3234 3755 et
3257 3713 3395 3770 appa
3421 3731 3428 3738 -

1857 3799 2066 3846 rentem
2095 3801 2148 3847 et
2170 3806 2278 3846 non
2305 3800 2655 3863 apparentem
2683 3801 2891 3861 partem
2923 3791 3133 3857 mundi,
3165 3799 3220 3846 et
3245 3807 3428 3862 aqua.

1855 3884 1982 3938 liter
2004 3883 2195 3939 dividit
2235 3890 2408 3938 totam
2463 3884 2730 3954 sphaeram
2780 3883 2992 3948 mundi,
3030 3887 3103 3939 ita
3146 3890 3207 3938 ut
3256 3884 3430 3938 hemi—

1856 3975 2147 4046 sphaerium
2180 3992 2347 4047 supra
2377 3984 2581 4032 terram
2608 3977 2952 4042 desumatur,
2981 3975 3427 4046 hemisphaerium

1855 4083 1984 4124 vero
2013 4067 2155 4122 infra
2183 4075 2408 4124 terram.
2434 4067 2576 4124 Sunt
2593 4079 2776 4125 autem
2803 4069 3118 4124 horizontes
3136 4068 3267 4133 duo,
3287 4085 3428 4124 unus

1857 4161 1952 4231 qui
1980 4167 2066 4216 est
2093 4161 2386 4225 sensibilis,
2422 4162 2560 4218 alter
2582 4162 2674 4232 qui
2706 4161 2916 4218 ratione
2943 4162 3261 4233 percipitur.
3293 4160 3428 4216 Sen-

1857 4252 2034 4309 sibilis
2057 4253 2285 4308 horizon
2313 4261 2398 4308 est
2425 4254 2519 4324 qui
2545 4269 2576 4308 a
2616 4260 2806 4309 nostro
2828 4255 2950 4310 vlsu
2977 4253 3309 4308 describitur
3339 4269 3426 4308 sc-

1857 4343 2097 4399 cundum
2141 4345 2648 4400 determinationem
2705 4343 2892 4410 visus,
2957 4344 3051 4414 qui
3111 4358 3222 4398 non
3265 4342 3432 4404 habet

1857 4436 2117 4504 majorem
2169 4437 2494 4490 diametrum
2531 4435 2721 4490 stadiis
2746 4434 2888 4490 2000
2915 4453 2930 4500 ;
2959 4443 3016 4488 at
3048 4435 3294 4502 horizon,
3336 4434 3427 4503 qui

1856 4532 2067 4586 ratione
2098 4529 2394 4599 percipitur
2419 4568 2433 4592 ,
2465 4529 2712 4598 pervenit
2745 4529 2812 4582 ad
2836 4528 3104 4598 sphaeram
3145 4527 3426 4583 stellarum

203 4614 417 4686 σφαίρας
459 4620 682 4693 διήκων,
725 4625 820 4678 καὶ
863 4623 1160 4695 διχοτομῶν
1205 4625 1296 4679 τὸν
1351 4625 1469 4678 ὅλον
1525 4625 1747 4697 κόσμον.

1859 4623 2105 4685 lixarum,
2128 4629 2183 4678 et
2211 4628 2386 4676 totum
2417 4622 2677 4676 mundum
2701 4621 2983 4690 aequaliter
3004 4619 3216 4674 dividit.

263 4706 332 4758 Ού
358 4711 495 4765 κατὰ
521 4715 702 4768 πᾶσαν
731 4715 789 4768 δὲ
818 4715 991 4779 πόλιν,
1015 4717 1110 4770 καὶ
1147 4715 1330 4788 χώραν
1361 4721 1390 4771 6
1418 4718 1580 4782 αὑτός
1608 4720 1756 4772 ἐστιν

201 4789 410 4862 ὁρίζων·
453 4803 588 4857 ἀλλὰ
633 4805 770 4877 πρὸς
814 4807 916 4876 μὲν
960 4806 1060 4878 τὴν
1109 4807 1361 4879 αἴσθησιν
1417 4809 1602 4878 σχεδὸν
1660 4811 1754 4863 ἐπὶ

206 4884 424 4952 σταδίους
469 4901 513 4946 υ*
548 4897 577 4950 6
620 4896 783 4960 αὐτὸς
821 4896 1017 4967 ὁρίζων
1053 4897 1316 4968 διαμένει,
1361 4897 1502 4952 ὥστε
1538 4899 1633 4953 καὶ
1687 4899 1757 4953 τὰ

206 4976 390 5050 μεγέθη
419 4983 524 5039 τῶν
572 4987 814 5059 ἡμερῶν,
861 4989 956 5042 καὶ
991 4988 1050 5041 τὸ
1096 4989 1286 5061 κλίμα,
1321 4991 1416 5045 καὶ
1450 4991 1519 5044 τὰ
1576 4993 1755 5046 πάντα

206 5067 478 5139 φαινόμενα
502 5077 570 5131 τά
597 5079 737 5134 αὐτά
763 5078 1059 5150 διαμένειν.

265 5157 512 5219 Πλειόνων
547 5169 604 5224 δὲ
644 5171 871 5225 σταδίων
903 5173 1202 5242 γινομένων
1233 5174 1375 5228 κατά
1405 5174 1502 5246 τὴν
1533 5177 1750 5248 παραλ-

204 5242 356 5321 λαγὴν
397 5259 492 5328 τῆς
540 5266 824 5334 οἰκήσεως,
874 5265 1057 5337 ἔτερος
1103 5265 1299 5337 ὁρίζων
1354 5242 1560 5335 γίνεται
1613 5242 1747 5340 (20),

210 5341 333 5396 κατὰ
359 5348 416 5400 τὸ
458 5353 622 5424 κλίμα
665 5356 954 5429 διαφέρων,
989 5359 1083 5412 καὶ
1115 5360 1291 5413 πάντα
1336 5361 1404 5413 τὰ
1445 5362 1746 5432 φαινόμενα

271 5497 318 5578 ²²,
339 5519 421 5574 ΥΡ·
452 5509 805 5580 ἡμικυκλίων.

265 5648 374 5742 Σ(ΞΟ)
402 5660 627 5742 Ἕτερος
653 5668 857 5740 ὁρίζων
896 5673 1138 5742 γίνεται.
1162 5668 1237 5723 Ita
1269 5669 1323 5722 in
1354 5667 1728 5742 editis_et_An-

426 5717 617 5810 ευάῖρέ
639 5717 717 5794 οἶ
737 5717 941 5797 nostro.
979 5717 1285 5810 [gerperam
1305 5742 1486 5810 itaque
1516 5738 1727 5810 Salma-

1926 4715 2043 4771 Non
2071 4721 2155 4771 est
2181 4723 2362 4768 autem
2392 4713 2534 4768 idem
2577 4714 2805 4768 horizon
2836 4727 2933 4783 per
2958 4727 3148 4767 omnes
3181 4711 3346 4767 urbes
3375 4721 3428 4764 et

1857 4807 2129 4877 regiones,
2157 4805 2255 4861 sed
2285 4804 2465 4876 quoad
2493 4821 2713 4862 sensum
2737 4803 2849 4860 fere
2869 4805 2922 4858 in
2945 4803 3139 4859 stadiis
3159 4803 3264 4858 400
3283 4802 3425 4858 idem

1859 4899 2082 4953 horizon
2110 4907 2416 4969 permanet,
2438 4900 2512 4952 ita
2555 4907 2614 4952 ut
2655 4907 2710 4953 et
2740 4897 3142 4968 magnitudines
3192 4895 3425 4956 dierum,

1855 5001 1910 5046 et
1934 4992 2116 5057 clima,
2152 5001 2206 5046 et
2236 5005 2427 5046 omnes
2457 4990 2786 5062 apparentia:
2811 4988 3012 5046 eaedem
3049 4996 3424 5058 permaneant.

1927 5172 2064 5228 Cum
2096 5185 2227 5228 vero
2249 5170 2406 5242 plura
2433 5169 2636 5227 fuerint
2673 5168 2849 5224 stadia
2874 5168 3032 5239 juxta
3055 5168 3428 5224 diversitatem

1859 5263 2234 5328 habitationis,
2266 5263 2408 5318 alius
2439 5261 2499 5316 ﬁt
2533 5261 2788 5324 horizon,
2816 5261 3035 5316 climate
3064 5259 3342 5324 ditl'erens,
3372 5266 3428 5313 et

1855 5373 2046 5414 omnes
2086 5355 2416 5428 apparentia:
2443 5362 2744 5409 mutantur.
2776 5351 3168 5409 Verumtamen
3209 5363 3426 5424 oportet

1839 5687 1924 5744 pst
1955 5671 2233 5744 διαφέρον,
2265 5673 2412 5744 quod
2464 5672 2596 5744 etsi
2623 5671 2812 5727 eodem
2843 5674 3112 5737 recurrit,
3155 5681 3334 5728 tamen
3364 5678 3418 5725 et

1837 5741 2070 5810 vulgata:
2101 5741 2320 5799 lectioni
2357 5743 2638 5800 sententia
2681 5749 2901 5797 constat
2937 5753 2992 5800 et
3037 5755 3237 5799 temere
3268 5747 3413 5799 solli-

215 5802 314 5846 “u‘
342 5797 507 5864 (Plin.
537 5806 745 5877 Exerc.,
777 5829 832 5883 p.
862 5812 960 5866 661
996 5801 1066 5882 1))
1087 5797 1371 5876 ὀωειιιιιιῐ,
1399 5797 1500 5864 ’κοὶὶ
1523 5807 1584 5863 τὸ
1611 5808 1727 5862 κλίο

1859 5797 1993 5867 ιὶιουτί
2026 5797 2139 5869 nou
2174 5797 2296 5873 dcer
