3886 6268
458 324 568 409 78$

1515 337 1609 393 AD
1645 333 1915 393 EUSEBII
1951 329 2354 391 CHRONICON
2396 330 2765 388 APPENDIX.

3641 331 3740 393 πει

460 461 834 517 diversitatem
860 454 1239 522 habitationis,
1263 470 1386 527 quae
1418 455 1523 511 i00
1567 454 1743 511 stadia
1779 460 2037 526 superat,

2144 452 2488 524 μεταπίπτει.
2524 454 2616 505 Δεῖ
2650 451 2894 523 μέντοιγε
2943 451 3044 523 τὴν
3087 450 3461 525 παραλλαγὴν
3520 469 3627 528 της
3661 457 3735 511 ol-

460 550 635 622 uccrpi
692 548 993 607 secundum
1046 563 1327 605 accessum
1377 548 1445 603 ad
1501 549 1930 620 septentrionem
1987 554 2042 603 et

462 643 766 700 meridiem.
806 640 942 696 Nam
978 641 1045 696 iis
1072 642 1167 712 qui
1195 641 1442 696 habitant
1495 641 1600 696 sub
1635 640 1829 697 eodem
1861 639 2043 710 paral-

463 735 592 797 lelo,
627 744 683 791 et
729 735 918 792 decem
975 734 1217 791 millibus
1268 734 1573 789 stadiorum
1623 748 1653 787 a
1700 748 1761 789 se
1808 733 2042 788 invicem

462 826 693 891 distant,
717 825 968 880 diversus
991 822 1210 894 quidem
1239 834 1325 880 est
1349 823 1608 904 borizon,
1641 822 1738 877 sed
1764 823 1929 878 clima
1957 829 2042 878 est

463 916 632 982 idem,
657 931 959 988 omnesque
988 917 1324 987 apparentia;
1367 923 1497 972 sunt
1528 916 1754 972 similes.
1787 914 1855 968 At
1885 915 2039 986 prin-

463 1006 628 1076 cipia,
659 1014 714 1061 et
743 1010 878 1063 lines
918 1007 1131 1062 dierum
1163 1021 1273 1062 non
1324 1008 1486 1063 simul
1531 1007 1789 1063 omnibus
1841 1014 2038 1073 erunt,

464 1106 558 1174 qui
581 1104 635 1157 in
661 1102 854 1157 eodem
884 1103 1148 1173 parallelo
1175 1102 1445 1160 habitant.
1471 1101 1785 1159 Secundum
1810 1102 2040 1159 rationis

464 1207 642 1252 autem
664 1203 915 1251 exactum
943 1195 1235 1265 judicium,
1265 1196 1450 1253 statim
1480 1212 1606 1253 cum
1637 1198 1698 1252 ﬁt
1741 1197 1825 1251 vel
1873 1196 2040 1251 mini-

464 1301 588 1342 mus
614 1301 872 1342 accessus
903 1301 1093 1342 versus
1145 1302 1526 1359 quamcunque
1569 1288 1759 1344 mundi
1806 1298 2037 1359 partem,

465 1390 706 1439 mutatur
734 1389 788 1438 et
817 1374 1068 1450 horizon,
1090 1390 1145 1438 et
1166 1383 1348 1449 clima,
1376 1398 1679 1455 omnesque
1703 1385 2040 1455 apparentia

465 1483 594 1532 sunt
626 1475 874 1533 diversae.

532 1655 652 1713 Non
686 1655 1015 1714 describitur
1047 1664 1228 1715 autem
1275 1657 1505 1713 horizon
1534 1658 1589 1713 in
1630 1659 1859 1730 sphaeris
1910 1673 2041 1731 pro-

463 1761 582 1825 pter
609 1755 770 1810 talem
803 1769 1063 1819 causam,
1117 1752 1263 1824 quod
1318 1753 1514 1824 reliqui
1570 1752 1762 1808 circuli
1815 1758 2032 1818 omnes,

462 1860 586 1900 cum
614 1846 855 1903 mundus
886 1847 957 1901 ab
984 1852 1112 1900 ortu
1139 1845 1195 1899 in
1237 1859 1493 1901 occasum
1527 1843 1719 1910 fertur,
1748 1859 1859 1900 una
1904 1859 2037 1899 con—

461 1942 748 1992 vertantur
775 1945 830 1992 et
861 1936 964 2006 ipsi
988 1950 1113 1992 cum
1141 1944 1292 1990 motu
1328 1936 1536 1991 mundi.
1570 1935 1639 1989 At
1667 1934 1894 1990 horizon
1934 1948 2036 1988 na-

462 2035 585 2082 tura
620 2036 704 2084 est
734 2028 1057 2093 immobilis,
1082 2043 1407 2099 semperque
1443 2029 1694 2084 eumdem
1735 2038 1916 2086 servat
1962 2028 2039 2084 si-

463 2132 597 2177 tum.
627 2119 686 2181 Si
714 2121 879 2192 igitur
901 2121 1215 2178 borizontes
1241 2121 1684 2178 describerentur
1706 2122 1760 2176 in
1787 2123 2036 2194 aplizeris,

462 2211 691 2282 spira-ris
721 2211 907 2278 motis,
941 2212 1284 2284 contingeret
1316 2220 1369 2269 et
1399 2213 1742 2268 horizontem
1791 2213 2036 2280 moveri,

460 2311 516 2357 et
544 2302 660 2360 fieri
685 2303 999 2360 verticalem
1024 2323 1038 2360 :
1074 2304 1220 2375 quod
1252 2319 1363 2360 non
1403 2312 1486 2361 est
1516 2305 1892 2376 cogitandum,
1920 2312 2037 2361 est-

461 2410 568 2466 que
597 2395 832 2452 aliemm
869 2412 900 2451 a
928 2395 1180 2453 doctrina
1218 2397 1504 2475 splizerica.
1553 2387 1704 2453 Situs
1731 2406 1915 2453 tamen
1941 2396 2040 2453 ho-

463 2487 692 2545 rizontis
711 2504 780 2545 ex
810 2489 1154 2561 receptaculo
1190 2490 1414 2560 sphaera:
1444 2490 1790 2562 intelligitur.

536 2745 870 2806 Meridianus
898 2757 983 2805 est
1011 2750 1276 2819 circulus,
1315 2752 1410 2823 qui
1443 2768 1539 2825 per
1566 2754 1756 2810 mundi
1786 2755 1945 2827 polos
1985 2764 2041 2813 et

462 2855 559 2913 per
589 2851 847 2912 punctum
873 2843 1135 2901 verticale
1166 2844 1515 2914 describitur,
1542 2847 1610 2903 ad
1639 2864 1801 2918 quem
1837 2850 1929 2905 ubi
1957 2850 2040 2904 sol

464 2933 729 3005 pervenit,
751 2933 1071 2991 medietates
1097 2935 1332 3004 dierum,
1358 2946 1414 2993 et
1442 2939 1764 2998 medictates
1791 2942 2038 2998 noctium

461 3021 643 3077 edicit.
670 3021 766 3080 Est
798 3031 853 3079 et
887 3025 978 3080 bic
1005 3026 1247 3085 circulus
1286 3028 1580 3087 immobilis
1617 3031 1673 3086 in
1703 3033 1945 3100 mundo,
1984 3041 2039 3090 et

460 3114 713 3170 eumdem
740 3116 919 3173 locum
951 3118 1150 3174 retinet
1190 3121 1246 3174 in
1290 3128 1403 3176 tota
1432 3122 1621 3179 mundi
1655 3125 2034 3182 conversione.

462 3201 648 3277 Reque
687 3207 776 3262 hic
803 3209 1044 3266 circulus
1081 3213 1412 3269 describitur
1459 3215 1516 3271 in
1555 3215 1787 3288 sphaeris
1814 3218 2038 3275 stellife-

461 3300 562 3363 ris,
591 3315 657 3355 eo
688 3300 835 3371 quod
863 3308 929 3358 etv
971 3303 1269 3364 immobilis
1308 3308 1415 3376 sit,
1443 3324 1545 3366 nec
1571 3311 1738 3366 ullam
1787 3312 2040 3369 admittat

461 3392 841 3450 mutationem.

530 3658 652 3717 Non
671 3667 760 3718 est
790 3670 969 3718 autem
998 3678 1094 3734 per
1125 3677 1316 3722 omnes
1344 3664 1595 3738 regiones
1620 3672 1675 3722 et
1704 3666 1868 3724 urbes
1891 3665 2038 3724 idem

462 3752 801 3810 meridianus
828 3772 843 3808 :
875 3755 972 3810 sed
995 3754 1176 3826 quoad
1198 3772 1443 3823 sensum,
1474 3757 1588 3815 fere
1613 3758 1682 3813 ad
1714 3757 1890 3815 stadia
1909 3759 2036 3828 300,

462 3843 604 3900 idem
632 3854 911 3916 permanet
949 3846 1325 3905 meridianus:
1376 3850 1559 3921 quoad
1612 3851 1845 3908 rationis
1892 3851 2040 3923 judi-

463 3934 635 4002 clum,
666 3938 849 3993 statim
881 3954 1008 3994 cum
1047 3939 1106 3995 lit
1139 3942 1662 4014 quantuluscunque
1709 3958 2038 4017 progressus

462 4029 549 4084 vel
579 4042 772 4084 versus
804 4031 1092 4097 orientem,
1119 4032 1205 4089 vel
1239 4048 1434 4090 versus
1466 4048 1724 4092 occasum
1745 4075 1762 4100 ,
1810 4037 1951 4093 alius
1979 4036 2039 4091 lit

465 4122 822 4180 meridianus.
891 4124 1025 4178 Nam
1085 4124 1385 4181 secundum
1442 4143 1792 4198 progressum
1845 4145 2039 4187 versus

464 4216 916 4286 septentrionem,
936 4225 990 4271 et
1014 4232 1205 4273 versus
1235 4218 1538 4281 meridiem.
1562 4220 1778 4276 etiamsi
1810 4222 2039 4277 interce-

461 4311 595 4365 dant
627 4309 928 4365 stadiorum
957 4309 1143 4364 decem
1197 4312 1407 4378 millia,
1451 4320 1631 4367 tamen
1665 4313 1807 4368 idem
1855 4323 2041 4372 manet

463 4402 845 4475 meridianus:
888 4402 1189 4458 secundum
1242 4419 1594 4475 progressum
1626 4421 1755 4462 vero
1797 4407 1868 4462 ab
1913 4417 2043 4463 ortu

2144 545 2355 616 κήσεως
2383 542 2482 615 τὴν
2530 542 2671 614 ὑπὲρ
2709 548 2755 596 υ¹
2789 541 2980 597 στάδια
3023 530 3411 615 λαμϐάνεσθαι
3449 545 3604 599 κατὰ
3642 545 3736 620 τὴν

2142 637 2278 709 πρὸς
2323 637 2528 708 ἄρκτον
2569 636 2662 689 καὶ
2701 634 2836 706 πρὸς
2886 635 3234 708 μεσημϐρίαν
3285 635 3566 709 πάροδον.
3618 638 3734 703 Τοῖς

2144 724 2244 797 μὲν
2270 724 2379 797 γὰρ
2406 725 2500 778 ἐπὶ
2524 723 2620 776 τοῦ
2657 723 2823 776 αὐτοῦ
2851 722 3198 795 παραλλήλου
3220 724 3469 789 οἰκοῦσι,
3504 725 3605 779 καὶ
3629 726 3734 780 ἀπὸ

2144 817 2350 889 μυρίων
2380 815 2608 869 σταδίων
2636 816 2993 888 ὑπάρχουσιν,
3026 818 3055 870 6
3086 816 3186 889 μὲν
3212 815 3427 888 ὁρίζων
3478 819 3600 871 ἐστὶ
3623 818 3732 875 διάο

2141 925 2325 981 φορος,
2353 908 2415 962 τὸ
2440 908 2496 962 δὲ
2528 907 2699 979 κλίμα
2730 907 2791 961 τὸ
2818 908 2969 974 αὐτὸ,
2996 908 3089 962 καὶ
3121 909 3299 963 πάντα
3325 909 3406 964 τὰ
3435 911 3734 982 φαινόμενα

2140 1002 2512 1076 παραπλήσια.
2546 1001 2614 1055 Δί
2664 1000 2912 1072 μέντοιγε
2947 1002 3115 1073 ἀρχαὶ
3159 1002 3254 1056 καὶ
3297 1002 3569 1057 τελευταὶ
3628 1004 3729 1058 τῶν

2140 1092 2362 1168 ἡμερῶν
2391 1093 2492 1165 οὐχ
2520 1093 2639 1165 ἅμα
2684 1094 2850 1147 πᾶσιν
2881 1092 3099 1148 ἔσονται
3142 1096 3253 1159 τοῖς
3283 1094 3391 1148 ὲπὶ
3420 1093 3524 1147 τοῦ
3574 1095 3730 1149 αὐτοῦ

2131 1185 2484 1259 παραλλήλου
2529 1185 2771 1241 οίκοῦσιυ
2826 1184 2970 1240 κατὰ
3015 1186 3074 1240 δὲ
3123 1185 3223 1258 τὴν
3266 1186 3420 1260 πρὸς
3459 1187 3557 1241 τὸν
3583 1187 3729 1257 λόγον

2138 1278 2424 1351 ἀκρίϐειαν
2487 1279 2604 1351 ἅμα
2662 1277 2741 1349 τῷ
2801 1277 3120 1349 στιγμιαίαν
3173 1279 3423 1352 πάροδον
3484 1263 3729 1348 γενέσὸαι

2140 1368 2261 1424 καθ’
2295 1368 2572 1423 ὁποιονοῦν
2608 1368 2771 1440 μέρος
2798 1368 2893 1422 τοῦ
2941 1367 3170 1440 κόσμου,
3201 1368 3552 1441 μεταπίπτει
3584 1370 3676 1423 καὶ
3698 1372 3728 1423 ὁ

2139 1461 2356 1535 ὁρίζων,
2401 1461 2496 1516 καὶ
2539 1461 2602 1514 τὸ
2643 1460 2902 1534 ἐγκλιμα,
2939 1462 3034 1515 καὶ
3079 1462 3257 1517 πάντα
3305 1462 3383 1517 τὰ
3434 1463 3729 1534 φαινόμενα

2137 1554 2389 1626 διάφορα.

2210 1648 2285 1702 Ού
2316 1647 2726 1717 κατα-γράφεται
2770 1646 2830 1700 δὲ
2870 1647 2903 1701 6
2934 1647 3132 1720 ὁρίζων
3175 1646 3233 1703 ἓν
3279 1650 3416 1711 ταῖς
3476 1647 3727 1720 σφαίραις

2139 1740 2208 1796 δι’
2242 1739 2421 1795 αἰτίαν
2451 1739 2728 1811 τοιαύτην,
2756 1739 2838 1793 ὅτι
2863 1741 2915 1794 οἱ
2950 1741 3049 1811 μὲν
3076 1739 3252 1793 λοιποὶ
3277 1739 3485 1794 κύκλοι
3510 1741 3720 1806 πάντες,

2139 1829 2439 1902 φερομένου
2470 1828 2565 1884 τοῦ
2601 1829 2808 1902 κόσμου
2846 1831 2941 1884 ἀπ’
2974 1830 3250 1886 ἀνατολῶν
3279 1831 3386 1884 ἐπὶ
3420 1831 3526 1903 τὴν
3558 1830 3721 1894 δύσιν,

2140 1922 2705 1995 συμπεριστρέφονται
2742 1922 2839 1977 καὶ
2889 1922 3045 1976 αὐτοὶ
3089 1921 3210 1994 ἃμα
3261 1924 3335 1994 τῇ
3388 1921 3489 1975 τοῦ
3526 1924 3717 1994 κόσμον

2138 2015 2378 2087 κινήσειο
2412 2015 2442 2067 6
2472 2015 2529 2069 δὲ
2558 2014 2757 2087 ὁρίζων
2784 2016 2903 2068 ἐστὶ
2948 2013 3110 2084 φύσει
3156 2015 3455 2087 ἀκίνητος,
3487 2014 3589 2086 τὴν
3626 2016 3722 2070 αύο

2137 2106 2234 2179 τὴν
2257 2106 2411 2172 τάξιν
2445 2106 2818 2177 διαφυλάττων
2846 2107 2935 2162 διὰ
2962 2107 3185 2171 παντός.
3214 2107 3279 2161 Et
3315 2102 3421 2161 οὖν
3464 2107 3719 2178 κατεγρά-

2139 2215 2300 2269 φοντο
2333 2200 2382 2252 οἱ
2430 2197 2707 2270 ὁρίζοντες
2759 2201 2820 2255 ὲν
2866 2201 2988 2264 ταῖς
3024 2198 3280 2272 σφαίραις
3341 2199 3719 2271 στρεφομένων

2139 2290 2342 2358 αὐτῶν,
2392 2290 2701 2346 συνέϐαινεν
2745 2290 2812 2346 ἂν
2855 2291 2948 2345 τὸν
2992 2291 3246 2362 ὁρίζοντα
3285 2290 3583 2355 κινεῖσθαι,
3629 2290 3713 2345 καὶ

2138 2384 2282 2439 κατὰ
2309 2385 2555 2458 κορυφὴν
2595 2383 2844 2455 γίνεσθαι
2862 2399 2877 2415 ο
2906 2384 3045 2455 ὅπερ
3072 2383 3223 2436 ἐστὶν
3245 2381 3591 2452 ἀδιανόητον,
3631 2381 3714 2433 καὶ

2139 2478 2415 2552 ἀλλότριον
2465 2476 2562 2532 τοῦ
2606 2476 2896 2550 σφαιρικοῦ
2946 2476 3129 2546 λόγου.
3190 2474 3335 2529 Ὑπὸ
3384 2474 3490 2546 μέν
3534 2489 3595 2543 γε
3620 2470 3711 2542 τῆς

2140 2848 2318 2904 πόλων
2359 2849 2581 2905 καὶτοῦ
2631 2851 2773 2905 κατὰ
2810 2850 3055 2923 κορυφὴν
3103 2847 3339 2919 σημείου
3381 2843 3707 2919 γραφόμενος

2143 2938 2362 3014 [κύκλος
2381 2941 2423 3014 ⁸]
2478 2943 2564 3013 ἔφ’
2608 2936 2673 2997 οὗ
2720 2943 3011 3013 γενόμενος
3056 2941 3086 2994 6
3127 2940 3279 3013 ἥλιος
3307 2938 3388 2992 τὰ
3424 2938 3563 3009 μέσα
3608 2931 3704 2986 τῶν

2139 3033 2363 3107 ἡμερῶν
2386 3034 2480 3089 καὶ
2510 3033 2580 3089 τὰ
2610 3033 2752 3106 μέσα
2787 3034 2897 3088 τῶν
2930 3032 3142 3089 νυκτῶν
3181 3034 3446 3086 ποιεῖται.
3478 3028 3583 3083 Καὶ
3621 3018 3702 3079 οὗ.

2138 3145 2231 3193 τος
2275 3128 2334 3183 δέ
2378 3129 2527 3182 ἔστιν
2578 3128 2609 3182 6
2663 3126 2863 3191 κύκλος
2912 3126 3171 3197 ἀκίνητος
3233 3125 3294 3178 ὲν
3366 3121 3449 3194 τῷ
3511 3118 3700 3190 κόσμῳ.

2139 3220 2235 3275 καὶ
2281 3218 2381 3291 τὴν
2426 3218 2596 3291 αὐτὴν
2648 3217 2799 3284 τάξιν
2829 3216 3204 3291 διαφυλάσσων
3247 3215 3306 3268 ὲν
3363 3213 3462 3284 ὅλῃ
3509 3212 3572 3281 τῇ
3617 3206 3701 3261 τοῦ

2138 3313 2343 3383 κόσμου
2392 3313 2749 3384 περιστροφῇ.
2800 3310 2875 3364 Οὐ
2927 3309 3348 3381 καταγράφεται
3392 3306 3451 3360 δὲ
3484 3302 3596 3357 οὐδὲ
3622 3291 3700 3353 οὗ·

2137 3421 2228 3469 τος
2252 3405 2281 3457 ὁ
2306 3402 2504 3468 κύκλος
2532 3404 2590 3458 ὲν
2614 3405 2734 3467 ταῖς
2761 3402 3286 3476 κατηστερισμέναις
3320 3399 3597 3472 σφαίραις.
3622 3393 3700 3449 διὰ

2137 3497 2200 3551 τὸ
2223 3496 2319 3551 καὶ
2348 3496 2606 3566 ἀκίνητος
2630 3488 2794 3561 εἶναι,
2829 3496 2926 3549 καὶ
2952 3494 3221 3567 μηδεμίαν
3248 3489 3590 3564 ἐπιδέχεσθαι
3621 3502 3699 3558 με·

2139 3587 2440 3643 τάπτωσιν.

2208 3681 2285 3733 Οὐ
2316 3678 2460 3735 κατὰ
2491 3680 2672 3734 πᾶσαν
2706 3679 2763 3734 δὲ
2789 3675 2976 3752 χώραν
3006 3679 3103 3734 καὶ
3146 3678 3301 3733 πόλιν
3347 3679 3381 3732 ὁ
3414 3676 3569 3739 αὐτός
3595 3672 3695 3725 ἐστι

2142 3768 2542 3842 μεσημϐρινόςο
2584 3767 2721 3823 ἀλλὰ
2765 3768 2901 3841 πρδς
2947 3768 3044 3841 μιν
3092 3752 3193 3839 τὴν
3240 3767 3497 3839 αισθησιν
3537 3758 3695 3832 σχεδὸν

2138 3861 2233 3913 tri.
2260 3859 2504 3923 σταδίους
2533 3864 2579 3912 τ’
2607 3860 2638 3913 6
2668 3858 2831 3923 αὐτὸς
2862 3856 3239 3931 μεσημϐρινὸς
3269 3857 3545 3929 διαμένει·
3577 3849 3693 3922 πρὸς

2136 3952 2195 4007 δὲ
2220 3951 2318 4024 τὴν
2360 3953 2418 4006 εν
2458 3949 2536 4022 τῷ
2562 3951 2706 4023 λόγῳ
2734 3951 3041 4023 ἀκρίϐειαν,
3071 3952 3188 4021 ἅμα
3216 3949 3295 4022 τῷ
3329 3951 3435 4023 τὴν
3455 3944 3693 4018 τυχοῦσαν

2138 4042 2384 4114 γίνεσθαι
2430 4042 2663 4116 πάροδον
2703 4042 2738 4115 ἢ
2788 4043 2927 4115 πρὸς
2969 4042 3233 4115 ἀνατολὴν
3271 4044 3307 4116 ἢ
3362 4041 3497 4113 πρὸς
3540 4036 3692 4097 δύσιν.

2138 4134 2325 4207 ἕτερος
2373 4133 2581 4204 γίνεται
2636 4134 3023 4206 μεσημϐρινός.
3074 4134 3234 4188 Κατὰ
3295 4133 3397 4205 μὲν
3466 4129 3566 4201 γὰρ
3605 4123 3690 4195 τὴν

2140 4235 2276 4307 πρὸς
2312 4232 2513 4306 ἄρκτον
2546 4232 2802 4305 καὶπρὸς
2835 4231 3181 4305 μεσημϐρίαν
3212 4229 3465 4303 πάροδον,
3490 4224 3577 4281 καὶ
3609 4221 3690 4278 tam

2143 4323 2347 4398 μεταξὺ
2386 4325 2569 4398 μύριοι
2600 4325 2805 4379 στάδιοι
2838 4325 3165 4397 ὑπάρχουσι,
3187 4326 3217 4378 ὁ
3241 4324 3407 4388 αὐτὸς
3438 4321 3579 4395 μένει
3603 4330 3688 4386 με·

2143 4416 2439 4490 σημσρινός
2461 4433 2477 4448 ο
2512 4416 2656 4471 κατὰ
2704 4416 2764 4471 δι
2808 4415 2907 4488 τὴν
2952 4415 3049 4468 ἀπ’
3077 4414 3344 4487 ἀνατολῆς
3387 4412 3517 4486 πρὸς
3557 4406 3687 4463 δύσιν

462 4511 656 4552 versus
675 4511 930 4552 occasum
946 4495 1263 4552 dill‘erentize
1281 4499 1555 4554 exsistunt
1579 4500 2032 4555 meridianorum.

2144 4510 2374 4583 πάροδον
2407 4509 2661 4581 διαφοραὶ
2696 4507 3105 4581 μεσημϐρινῶν.

426 4598 443 4640 τ
531 4589 799 4661 Obliquus
820 4590 982 4645 etiam
1009 4596 1093 4645 est
1124 4591 1367 4646 circulus
1399 4592 1497 4647 viae
1527 4592 1732 4649 lactem.
1766 4592 1868 4648 Hic
1891 4595 2037 4649 enim

463 4683 705 4739 circulus
747 4682 941 4753 majori
985 4681 1274 4739 latitudine
1300 4683 1616 4755 obliquatus
1645 4692 1748 4749 est,
1782 4702 1948 4757 quam
1979 4693 2040 4740 ut

463 4776 608 4832 inter
637 4779 877 4847 tropicos
906 4777 1276 4840 contineatur.
1303 4787 1358 4833 et
1380 4780 1720 4849 compositus
1742 4790 1915 4837 estex
1960 4790 2042 4839 te-

463 4869 673 4924 nuitate
706 4868 1010 4925 nebulosa:
1044 4869 1195 4925 solus
1238 4870 1404 4925 etiam
1465 4870 1554 4925 bic
1605 4871 1664 4926 in
1724 4873 1932 4930 mundo
1956 4882 2041 4931 est

462 4960 820 5031 conspicuus.
854 4959 988 5030 Ejus
1034 4961 1267 5017 latitudo
1296 4978 1407 5017 non
1447 4969 1534 5019 est
1577 4963 1837 5020 distincta
1866 5006 1883 5030 ,
1940 4968 2034 5023 sed

464 5052 765 5109 secundum
797 5053 933 5108 alias
982 5061 1166 5124 partes
1206 5054 1297 5109 bic
1345 5055 1587 5111 circulus
1618 5065 1703 5114 est
1733 5057 1919 5123 latior,
1946 5074 2036 5116 se-

461 5142 703 5205 cundum
738 5145 875 5200 alias
915 5146 1216 5215 angustior.
1250 5145 1333 5201 Ob
1368 5161 1532 5217 quam
1562 5162 1786 5204 causam
1818 5150 1873 5205 in
1913 5151 2037 5221 plu-

464 5235 622 5294 rimis
671 5236 904 5307 spliaris
950 5251 1019 5292 ne
1053 5237 1387 5294 describitur
1418 5239 1636 5309 quidem
1689 5242 1792 5296 via:
1852 5242 2041 5299 lactea;

464 5328 727 5386 circulus.
761 5327 860 5385 Est
891 5336 946 5385 et
987 5329 1077 5384 bic
1107 5346 1253 5386 unus
1282 5331 1642 5387 maximorum
1677 5334 2035 5391 circulorum.

466 5417 684 5474 Maximi
716 5418 863 5474 enim
909 5419 964 5473 in
1007 5419 1236 5491 spbmris
1285 5420 1544 5476 dicuntur
1581 5422 1774 5478 circuli
1825 5424 1900 5479 illi
1946 5426 2041 5496 qui

466 5510 610 5566 idem
665 5527 792 5567 cum
840 5512 1058 5584 sphaera
1099 5512 1306 5569 habent
1346 5524 1616 5570 centrum.
1670 5514 1813 5572 Sunt
1851 5525 2037 5576 autem

533 5666 582 5699 ²⁸
608 5683 699 5738 rp.
740 5667 801 5721 ού
838 5665 1189 5739 κεχώρισται.

2209 4602 2375 4669 Λοξδς
2395 4601 2453 4655 δέ
2481 4603 2597 4656 ἐστι
2613 4601 2811 4665 κύκλος
2832 4601 2925 4656 καὶ
2942 4603 2971 4656 6
2987 4599 3082 4655 τοῦ
3110 4600 3397 4670 γάλακτος.
3421 4588 3575 4655 οὗτος
3602 4587 3682 4660 μὲν

2144 4692 2343 4766 μείζων
2364 4693 2555 4748 πλάτει
2585 4693 2875 4759 λελόξωται
2903 4693 3013 4747 τῶν
3042 4691 3318 4766 τροπικῶν
3360 4686 3578 4746 κύκλων.
3606 4695 3684 4733 συ⁶

2140 4783 2367 4855 νέστηκε
2393 4784 2452 4836 δὲ
2484 4785 2550 4838 ὲκ
2582 4782 2984 4858 βραχυμερείας
3011 4782 3409 4854 νεφελοειδοῡς⁸
3440 4777 3528 4834 καί
3559 4773 3681 4825 ἐστιν

2141 4877 2201 4930 ὲν
2228 4874 2308 4948 τῷ
2348 4877 2539 4948 κόσμῳ
2574 4878 2733 4948 μόνος
2786 4868 3080 4950 θεωρητός.
3129 4875 3245 4948 Οὐχ
3289 4875 3510 4949 ὥρισται
3555 4866 3596 4898 ’³
3632 4860 3678 4914 δὶ

2142 4968 2309 5025 αὐτοῦ
2340 4972 2401 5024 τδ
2436 4969 2660 5034 πλάτος,
2687 4969 2822 5024 ἀλλὰ
2864 4969 3004 5024 κατὰ
3048 4968 3145 5041 μέν
3177 4986 3301 5023 τινα
3352 4966 3484 5040 μέρη
3506 4951 3678 5014 πλατύο

2139 5062 2298 5134 τερὸς
2330 5064 2466 5121 ἐστι.
2499 5062 2637 5118 κατὰ
2655 5062 2712 5116 δέ
2731 5079 2853 5116 τινα
2874 5063 3204 5135 στενότερος.
3225 5061 3303 5117 Δι’
3334 5062 3512 5133 ἥντινα
3530 5048 3677 5135 αἰτίαν

2141 5131 2217 5207 ἒν-
2240 5156 2360 5218 ταῖς
2391 5153 2671 5218 πλείσταις
2697 5154 2956 5227 σφαίραις
2974 5131 3103 5208 οὐδὲ*
3127 5131 3523 5225 καταγράφεται
3545 5144 3570 5195 6
3597 5131 3673 5227 τοῖν

2138 5244 2409 5314 γάλακτος
2425 5244 2643 5311 κύκλος.
2667 5247 2820 5301 Ἐστι
2913 5247 3007 5300 καὶ
3025 5241 3178 5309 οὗτος
3191 5244 3300 5299 τῶν
3335 5240 3582 5314 μεγίστων
3605 5225 3678 5281 κύ·

2140 5337 2304 5391 κλῶν’
2315 5338 2562 5409 μέγιστοι
2574 5339 2682 5409 γὰρ
2694 5341 2752 5393 ὲν
2769 5338 3022 5410 σφαίραις
3038 5338 3283 5407 λέγονται
3299 5328 3528 5391 κύκὶόιοί
3541 5318 3674 5376 thab—

2142 5430 2207 5483 τὸ
2223 5430 2450 5503 κέντρον
2479 5432 2692 5503 ἔχοντες
2728 5435 2787 5505 τῇ
2807 5432 3032 5503 σφαίρᾳ.
3051 5432 3173 5486 Εἰσὶ
3189 5430 3245 5484 δὲ
3272 5430 3501 5502 μέγιστοι
3516 5411 3672 5512 κύκξοι

2144 5523 2317 5579 ἔπτάο
2355 5525 2687 5598 ἰσημερινδς,
2730 5524 3013 5592 ζωδιακὸς,
3060 5523 3156 5578 καὶ
3195 5523 3226 5577 6
3266 5521 3354 5578 διὰ
3387 5517 3549 5593 μέσων
3580 5512 3670 5559 των

536 5785 647 5857 (2i)
710 5783 846 5839 Ὑπὸ
894 5785 1009 5856 μέν
1059 5801 1130 5857 τε
1180 5785 1290 5856 τῆς
1334 5786 1763 5858 σφαιροθήκης.
1817 5788 1948 5861 Leg.
2007 5790 2138 5851 ἀπό.
