3886 6268
159 329 259 386 789
1177 333 1412 392 GEMINI
1451 334 1770 390 ELEMENT

1876 331 2366 390 ASTRONOMLE.
3331 328 3432 387 790

160 447 396 513 γίνεται·
468 447 650 520 ἑτέρα
693 449 748 503 δὲ
790 449 1070 523 τρίμηνος,
1103 454 1159 506 ὲν
1191 448 1224 528 ᾖ
1262 455 1368 508 ἀπὸ
1413 453 1506 508 τοῦ
1552 452 1764 526 θερινοῦ

1876 452 2168 508 trimestris
2218 451 2358 514 dies,
2395 449 2451 503 in
2484 462 2592 518 qua
2639 447 2708 502 ab
2736 447 2923 502 aestivo
2949 445 3161 517 tropico
3190 445 3256 500 ad
3285 444 3434 499 hori-

158 536 422 608 τροπικοῦ
453 540 561 593 ἐπὶ
602 541 692 594 τὸν
722 541 968 614 ὁρίζοντα
998 546 1238 617 καταντᾷ
1259 563 1270 575 ⁸
1298 548 1391 599 καὶ
1431 547 1609 600 πάντα
1633 546 1757 600 τοῦ-

1876 549 2081 597 tontem
2133 539 2434 596 descendit.
2496 539 2674 608 Atque
2717 537 2864 591 omni
2894 535 2997 590 hoc
3048 543 3290 605 tempore
3336 549 3434 604 per

158 649 243 684 τον
273 631 369 684 τὸν
402 633 620 704 χρόνον
653 635 795 690 κατὰ
825 639 950 702 τοὺς
983 638 1124 710 ὑπὲρ
1151 640 1254 710 γῆν
1285 641 1516 704 κύκλους
1549 643 1759 715 παραλ-

1876 635 2103 694 circulos
2147 633 2461 706 parallelos,
2503 630 2598 702 qui
2641 637 2770 684 sunt
2819 643 2984 698 supra
3027 638 3250 690 terram,
3294 625 3436 680 ferc—

158 722 352 793 ληλους
385 724 786 798 ὲνεχθήσεται.
837 731 985 784 Ἐπεὶ
1013 731 1069 784 δὲ
1103 731 1386 802 συμϐαίνει
1419 733 1518 804 τὴν
1547 734 1767 806 οἴκησιν-

1876 739 1976 784 tur.
2020 728 2160 784 Cum
2207 741 2337 784 vero
2393 726 2674 794 contingat
2729 723 2871 776 hanc
2926 719 3320 774 habitationem
3377 718 3433 773 in

160 815 361 886 ταύτην
390 818 456 870 ἐν
490 820 646 893 μέσῃ
694 824 759 892 τῇ
793 823 1174 896 κατεψυγμένη
1212 825 1306 878 καὶ
1344 826 1584 898 ἀοικήτῳ
1616 825 1760 900 ζώνῃ

1876 821 2043 876 media
2090 817 2288 891 frigida
2346 826 2508 888 atque
2561 813 2900 871 inhabitabili
2948 827 3084 872 zona
3135 826 3277 876 esse,
3338 825 3434 865 ne-

161 907 454 979 ὑπάρχειν,
494 910 722 980 ἀνάγκη
751 911 838 965 διὰ
875 913 1074 977 παντὸς
1099 917 1285 983 νέφεσι
1321 916 1642 986 κατέχεσθαι
1669 917 1760 970 τὸν

1876 927 2021 968 resse
2067 917 2152 968 est
2208 925 2426 981 semper
2469 907 2685 964 nebulis
2726 905 2986 976 occupari
3028 905 3231 967 locum,
3277 909 3332 957 et
3376 902 3448 955 in.

163 1000 343 1064 τόπον,
387 1003 493 1055 καὶ
543 1003 642 1056 ὲπί
684 1005 815 1058 πολὺ
865 1005 1027 1076 βάθος
1067 1007 1227 1079 ἀέρος
1268 1010 1651 1081 συνεστηκέναι
1691 1012 1760 1066 τὰ

1876 1017 2062 1073 magna
2091 1001 2234 1057 aeris
2262 1000 2636 1073 profunditate
2665 999 2897 1054 nebulas
2927 997 3255 1052 constitutas
3285 1009 3432 1060 esse,

163 1091 315 1161 νέφη,
335 1093 439 1145 καὶ
468 1093 554 1165 μὴ
580 1094 837 1149 δύνασθαι
858 1097 954 1162 τὰς
976 1097 1070 1151 τοῦ
1092 1099 1243 1170 ἡλίου
1259 1100 1432 1169 αὐγάς
1454 1101 1766 1156 διακόπτειν

1876 1110 1967 1150 nec
1992 1110 2153 1166 posse
2186 1094 2319 1150 solis
2352 1092 2536 1149 radios
2574 1092 2803 1148 nebulas
2839 1091 2959 1146 illas
2983 1090 3251 1160 dissipare
3283 1109 3297 1143 :
3333 1088 3436 1142 ita-

165 1183 228 1237 τὰ
267 1183 443 1254 νέφη·
497 1184 651 1240 ὥστε
699 1188 933 1256 εὐλόγως
976 1190 1146 1243 νύκτα
1179 1192 1224 1222 ⁸⁸
1258 1192 1346 1245 διὰ
1379 1193 1578 1256 παντὸς
1625 1189 1762 1247 εἰναι

1876 1203 1972 1258 que
2022 1197 2448 1243 consentaneum
2503 1193 2588 1241 est
2637 1200 2854 1256 semper
2911 1182 3052 1254 apud
3103 1182 3252 1252 ipsos
3313 1192 3436 1235 esse

164 1275 286 1342 παρ’
317 1273 521 1338 αὐτοῖς
556 1276 768 1341 σκότος.
803 1278 971 1332 Ὅταν
997 1281 1095 1351 μὲν
1121 1281 1230 1354 γὰρ
1257 1283 1400 1355 ὑπὲρ
1425 1283 1527 1354 γῆν
1544 1283 1764 1358 ὑπάρχῃ

1876 1277 2044 1332 noctis
2102 1277 2376 1332 tenebras.
2443 1272 2579 1330 Cum
2635 1275 2781 1330 enim
2817 1289 2982 1344 supra
3032 1281 3235 1328 terram
3273 1268 3437 1327 fuerit

166 1370 192 1419 ὁ
215 1367 391 1436 ἥλιος,
437 1369 648 1435 σκότος
675 1372 792 1424 ἐστὶ
818 1375 945 1444 παρ’
969 1374 1151 1438 αὐτοῖς
1177 1374 1264 1429 διὰ
1288 1375 1387 1447 τὴν
1420 1377 1765 1448 παχυμερίαν

1876 1370 1972 1434 sol,
2026 1369 2264 1424 tenebrae
2317 1379 2448 1424 sunt
2496 1366 2638 1438 apud
2690 1368 2838 1438 ipsos
2863 1373 3084 1436 propter
3125 1364 3435 1420 crassittem

168 1461 270 1513 τῶν
301 1462 496 1530 νεφῶν
520 1481 537 1496 ο
573 1465 699 1518 ὃταν
727 1465 784 1518 δὲ
813 1464 918 1518 ὑπὸ
960 1465 1051 1519 τὸν
1073 1465 1324 1538 ὁρίζοντα
1359 1471 1388 1522 ὁ
1418 1469 1569 1537 ἥλιος
1595 1465 1652 1544 ᾗ,
1677 1469 1764 1524 διὰ

1876 1459 2226 1524 nebularum;
2255 1473 2382 1512 cum
2433 1473 2563 1514 vero
2594 1455 2733 1512 inl‘ra
2763 1456 3102 1510 horizontem
3137 1455 3217 1510 sol
3249 1453 3436 1521 fuerit,

173 1552 265 1624 τὴν
285 1555 537 1626 φυσικὴν
568 1557 817 1628 ἀνάγκην
844 1558 938 1626 νύξ
969 1559 1083 1612 ἐστι
1118 1563 1247 1631 παρ’
1279 1562 1457 1625 αὑτοῖς
1479 1579 1492 1591 ·
1517 1561 1656 1616 ὥστε
1676 1562 1764 1615 διὰ

175 1646 370 1709 παντὸς
425 1647 745 1716 ἀφώτιστον
785 1650 965 1705 αὑτῶν
1015 1648 1152 1706 εἶναι
1195 1652 1294 1723 τὴν
1327 1652 1559 1723 οἴκησιν.
1593 1652 1764 1706 Τοῦτο

175 1732 283 1798 οὖν,
317 1737 480 1808 φησι,
513 1737 581 1791 τὸ
611 1739 898 1810 λεγόμενόν
929 1743 1074 1795 ἐστιν
1101 1742 1206 1796 ὑπὸ
1231 1742 1323 1796 τοῦ
1363 1743 1584 1816 ποιητοῦ
1604 1761 1621 1778 ·

930 1855 1071 1909 οὑὄέ
1104 1859 1235 1910 ποτ’
1265 1859 1487 1923 αὐτοὺς

319 1919 569 1988 Ἠέλιος
601 1922 836 1993 φαέθων
855 1924 1220 1995 ἐπιδέρκεται
1248 1919 1624 1983 ἀκτίνεσσιν.

239 2034 300 2086 Εἰ
335 2033 438 2104 μὲν
486 2030 589 2089 οὖν
639 2035 810 2090 ταῦτα
855 2036 1167 2109 ἐνθυμεῖται
1197 2041 1225 2093 ό
1271 2041 1536 2112 Ὅμηρος,
1584 2039 1770 2112 ἕτερος

181 2123 310 2176 Ictu)
363 2123 532 2193 λόγος
548 2142 570 2155 ’λ
599 2126 681 2178 ὃτι
722 2125 779 2179 δέ
813 2127 918 2179 εἰσι
950 2128 1104 2180 τόποι
1134 2129 1296 2192 τινὲς,
1342 2129 1442 2199 τῆς
1472 2128 1575 2200 γῆς
1614 2147 1771 2198 σφαι-

182 2215 411 2286 ροειδοῦς
436 2218 821 2290 ὑπαρχούσης,
841 2217 1054 2288 ἔχοντες
1072 2219 1141 2272 τὰ
1163 2220 1535 2292 προειρημένα
1562 2221 1767 2294 μεγέθη

181 2306 281 2360 τῶν
309 2309 546 2380 ἡμερῶν
570 2310 706 2382 πρὸς
735 2309 958 2381 ἄλληλα,
981 2309 1138 2379 δῆλον
1169 2312 1262 2364 ἀπ’
1290 2311 1462 2382 αὐτῆς
1487 2312 1586 2384 τῆς
1613 2314 1771 2382 σφαί-

184 2416 293 2469 ρας.
327 2401 472 2466 Τοὺς
517 2401 771 2472 μέντοιγε
814 2403 1013 2466 τόπους
1046 2403 1266 2467 τούτους
1298 2405 1586 2476 ἀοικήτους
1630 2402 1770 2458 εἶναι

186 2490 462 2560 συμϐαίνει
493 2492 592 2546 διὰ
634 2492 732 2564 τὴν
768 2493 861 2547 τοῦ
895 2494 1100 2566 ψύχους
1139 2495 1470 2567 ὑπερϐολήν.
1506 2496 1592 2550 Ἐν
1625 2497 1767 2569 μέσῃ

185 2582 283 2650 γὰρ
311 2585 528 2636 κεῖνται
564 2586 632 2654 τῇ
661 2586 1050 2659 κατεψυγμένη
1081 2585 1244 2659 ζώνῃ.

263 2672 559 2727 Ἀνάπαλιν
587 2673 643 2727 δὲ
669 2678 784 2738 τοῖς
806 2676 942 2745 πρὸς
975 2676 1322 2747 μεσημϐρίαν
1354 2675 1594 2730 οἰκοῦσιν
1621 2676 1772 2730 ἐλάσ-

189 2780 326 2828 σονες
352 2766 441 2820 ἀεὶ
476 2767 708 2839 μᾶλλον,
745 2769 839 2822 καὶ
877 2768 1162 2833 ἐλάσσονες
1195 2771 1249 2822 αἰ
1272 2770 1472 2842 ἡμέραι
1494 2771 1765 2839 γίνονται⁶

191 2857 307 2928 παρ’
334 2845 414 2922 οἷς
448 2861 562 2930 μὲν
591 2861 652 2914 ιδ’
686 2860 848 2932 ὡρῶν
881 2859 1212 2933 ἰσημερινῶν
1240 2863 1273 2932 ἡ
1316 2860 1548 2933 μεγίστη
1588 2861 1769 2934 ἡμέρα

189 2951 412 3017 γίνεται,
450 2955 594 3023 παρ’
624 2947 704 3016 οἷς
726 2954 783 3006 δὲ
816 2960 882 3023 ιγ’
907 2955 973 3007 ’⁷.

254 3043 426 3116 Πέρας
468 3045 530 3099 δέ
566 3048 680 3098 ἐστι
708 3045 861 3118 χώρα
895 3063 980 3110 τις
1015 3045 1151 3118 πρὸς
1179 3045 1530 3118 μεσημϐρίαν
1571 3045 1770 3118 μᾶλλον

1868 1560 2087 1622 prOpter
2119 1550 2424 1606 naturalem
2464 1549 2845 1605 necessitatem
2873 1563 2980 1602 nox
3011 1555 3096 1603 est
3123 1547 3266 1617 apud
3298 1560 3434 1602 eos:

1871 1644 1943 1697 ita
1968 1650 2027 1697 ut
2060 1657 2276 1712 semper
2307 1656 2498 1698 eorum
2527 1639 2795 1696 habitatio
2820 1639 3028 1695 lumine
3070 1647 3276 1697 careat.
3323 1638 3437 1695 Hoc

1870 1736 2057 1806 igitur,
2091 1735 2287 1807 inquit,
2317 1744 2402 1791 est
2445 1734 2578 1789 illud
2607 1733 2751 1806 quod
2783 1748 2815 1788 a
2853 1741 3012 1804 poeta
3039 1732 3260 1788 dicitur:

2321 1867 2482 1919 neque
2509 1867 2744 1921 unquam
2781 1865 2869 1904 eos

2223 1921 2319 1977 Sol
2365 1918 2640 1992 splendens
2677 1922 2866 1990 aspicit
2899 1918 3085 1974 radiis.

1940 2034 2022 2089 An
2054 2035 2222 2105 igitur
2248 2034 2364 2090 haec
2404 2035 2604 2106 c0gitet
2650 2031 2940 2096 Homerus,
3001 2029 3106 2084 alia
3151 2035 3270 2084 esto
3314 2042 3439 2082 ora-

1867 2125 1981 2192 tio;
2035 2124 2180 2195 quod
2208 2132 2389 2180 autem
2424 2125 2536 2180 sint
2571 2124 2689 2178 loca
2719 2122 2990 2194 quzedam,
3025 2135 3150 2174 cum
3186 2130 3330 2173 terra
3365 2117 3440 2173 sit

1870 2217 2116 2288 globosa,
2172 2231 2295 2287 quae
2339 2215 2628 2287 praedictas
2677 2211 3080 2284 magnitudines
3108 2209 3321 2265 dierum
3362 2210 3440 2262 in-

1871 2318 1954 2364 ter
2011 2323 2070 2364 se
2103 2309 2360 2373 habeant,
2405 2305 2755 2363 manifestum
2814 2313 2900 2360 est
2941 2321 3009 2359 ex
3063 2304 3180 2374 ipsa
3213 2302 3440 2373 sphaera

1871 2401 2061 2472 ﬁgura.
2107 2399 2253 2456 Loca
2293 2408 2444 2455 certe
2489 2400 2603 2453 haec
2642 2398 3023 2454 inhabitabilia
3071 2412 3196 2452 esse
3219 2396 3440 2452 contin-

1868 2493 1946 2565 git
2006 2501 2227 2565 pr0pter
2263 2491 2488 2564 frigoris
2516 2507 2826 2549 excessum.
2864 2489 3004 2546 Sunt
3049 2491 3194 2545 enim
3232 2491 3334 2544 sita
3383 2489 3440 2542 in

1871 2588 2048 2643 media
2088 2603 2226 2642 zona
2276 2585 2494 2657 frigida.

1937 2683 2143 2737 Contra
2181 2694 2318 2736 vero
2351 2679 2420 2734 iis
2453 2678 2547 2749 qui
2595 2692 2788 2732 versus
2840 2675 3123 2731 meridiem
3171 2674 3439 2740 habitant,

1870 2773 2111 2830 minores
2143 2789 2358 2844 semper
2384 2779 2440 2828 et
2466 2773 2643 2827 adhuc
2671 2773 2912 2826 minores
2941 2769 3075 2823 fmnt
3106 2768 3252 2833 dies;
3296 2766 3439 2838 apud

1869 2870 2006 2925 alios
2032 2869 2252 2941 quidem
2280 2869 2597 2939 longissima
2625 2866 2744 2922 dies
2771 2873 2857 2921 est
2888 2865 3147 2919 horarum
3197 2863 3441 2933 aequino-

1868 2962 2117 3018 ctialium
2151 2962 2240 3027 14,
2271 2961 2416 3032 apud
2447 2959 2584 3015 alios
2611 2959 2700 3014 l5.

1941 3049 2186 3106 Tandem
2243 3056 2327 3106 est
2359 3050 2509 3120 regio
2547 3049 2794 3119 quaedam
2834 3046 3010 3117 magis
3046 3045 3206 3101 nobis
3248 3060 3441 3101 versus

194 3134 335 3204 ἡμῶν
375 3138 636 3207 κειμένη,
678 3137 944 3210 λεγομένη
989 3137 1092 3190 ὑπὸ
1123 3137 1214 3191 τὸν
1254 3137 1600 3210 ἰσημερινόν
1637 3140 1694 3192 ὲν

1876 3143 2156 3199 meridiem
2190 3143 2322 3207 sita,
2357 3157 2479 3213 quae
2515 3141 2719 3197 dicitur
2761 3156 2883 3196 esse
2921 3139 3026 3194 sub
3053 3135 3438 3208 mquinoctiali,

196 3227 240 3277 οἰ
271 3226 365 3296 μὲν
399 3229 556 3283 πόλοι
603 3230 702 3283 ἐπὶ
725 3229 816 3284 τοῦ
861 3231 1134 3302 ὁρίζοντος
1172 3231 1493 3284 πίπτουσιν·
1538 3231 1671 3303 ὀρθὴ
1711 3231 1770 3284 δὲ

197 3316 506 3374 καθίσταται
550 3323 584 3392 ἡ
618 3320 713 3375 τοῦ
747 3323 955 3393 κόσμου
1007 3327 1232 3395 σφαῖρα.
1275 3322 1689 3395 Διχοτομοῦνται
1715 3323 1773 3377 δὲ

203 3407 387 3474 πάντες
419 3415 469 3464 οἰ
506 3411 843 3484 παράλληλοι
873 3414 1059 3468 κύκλοι
1089 3416 1138 3468 οἰ
1171 3416 1509 3486 γραφόμενοι
1541 3416 1645 3469 ὑπὸ
1676 3415 1771 3468 τοῦ

198 3501 336 3571 ἡλίου
380 3505 522 3558 κατὰ
553 3506 602 3538 ³⁸
634 3507 732 3577 τὴν
775 3506 870 3560 τοῦ
901 3506 1111 3578 κόσμου
1155 3508 1448 3579 γινομένην
1480 3524 1771 3580 περιστρο-

203 3595 313 3664 φὴν.
340 3599 414 3650 Δι’
439 3598 508 3670 ἢν
537 3599 717 3653 αἰτίαν
747 3600 1006 3672 ἰσημερία
1032 3600 1124 3655 διὰ
1147 3601 1347 3666 παντός
1375 3602 1490 3655 ἐστι
1518 3603 1648 3673 παρ’
1677 3601 1772 3655 αὑ-

198 3691 316 3752 τοῖς.
369 3691 445 3744 Οὐ
491 3691 605 3765 γὰρ
643 3694 772 3764 παρ’
802 3694 968 3764 ἄλλην
1014 3694 1136 3749 τινὰ
1204 3695 1380 3750 αἰτίαν
1425 3698 1458 3767 ἡ
1518 3695 1773 3767 ἀνισότης

199 3778 391 3844 γίνεται
438 3783 550 3837 τῶν
588 3784 832 3856 ἡμερῶν,
861 3785 994 3840 ἀλλὰ
1025 3787 1175 3858 παρὰ
1208 3787 1270 3840 τὸ
1306 3786 1517 3859 ἔξαρμα
1547 3785 1642 3841 τοῦ
1673 3787 1773 3840 πό-

201 3867 313 3920 λουο
351 3871 379 3924 ὃ
407 3872 472 3945 δὴ
510 3874 758 3929 καλεῖται
793 3874 1030 3946 ἐγκλιμα
1060 3877 1154 3930 τοῦ
1202 3877 1428 3948 κόσμου.
1479 3875 1772 3949 Συμϐαἰνει

202 3960 297 4032 γὰρ
317 3963 402 4016 διὰ
426 3965 519 4020 τὸν
550 3967 934 4038 μετεωρισμδν
948 3967 1042 4021 τοῦ
1075 3968 1239 4022 πόλου
1273 3969 1381 4022 τῶν
1415 3969 1511 4040 μὲν
1539 3969 1646 4022 ἀπὸ
1676 3969 1772 4022 τοῦ

206 4053 505 4129 ἰσημερινοῦ
542 4061 702 4131 μέχρι
740 4059 837 4114 τοῦ
869 4060 1084 4132 θερινοῦ
1119 4061 1379 4132 τροπικοῦ
1415 4062 1772 4134 γραφομένων

202 4142 399 4200 κύκλων
449 4151 673 4218 μείζονα
719 4152 821 4222 μὲν
851 4153 1118 4223 τμήματα
1167 4152 1308 4224 ὑπὲρ
1349 4153 1452 4223 γῆν
1502 4153 1770 4221 γίνεσθαι,

206 4233 444 4292 ἐλάττονα
472 4242 531 4294 δὲ
564 4242 669 4295 ὑπὸ
699 4243 832 4313 γῆνο
859 4243 967 4298 τῶν
992 4243 1049 4296 δὲ
1073 4243 1181 4298 ἀπὸ
1205 4244 1296 4297 τοῦ
1328 4244 1639 4316 ἰσημερινοῦ
1674 4243 1772 4316 μέ-

205 4341 286 4396 χρι
328 4329 418 4384 τοῦ
468 4335 780 4405 χειμερινοῦ
831 4334 1091 4406 τροπικοῦ
1136 4330 1500 4408 γραίρομένων
1556 4334 1773 4390 κύκλων

207 4417 444 4475 ἐλάττονα
491 4426 589 4496 μὲν
629 4428 895 4497 τμήματα
928 4425 1069 4498 ὑπὲρ
1097 4427 1201 4497 γῆν
1243 4427 1512 4496 γίνεσθαι,
1551 4428 1774 4499 μείζονα

1873 3234 1928 3289 in
1966 3248 2074 3304 qua
2105 3233 2213 3304 poli
2245 3233 2434 3287 mundi
2474 3232 2530 3286 in
2575 3231 2861 3286 horizonte
2889 3239 3189 3300 ponuntur,
3228 3228 3442 3298 sphaera

1873 3334 2055 3381 autem
2087 3325 2274 3379 mundi
2308 3332 2456 3379 recta
2502 3325 2861 3380 constituitur
2901 3344 2913 3379 :
2949 3324 3231 3394 aequaliter
3262 3331 3440 3376 autem

1873 3425 2131 3474 secantur
2173 3431 2365 3471 omnes
2403 3415 2649 3486 paralleli
2685 3415 2901 3479 circuli,
2939 3416 3029 3486 qui
3061 3413 3443 3468 describuntur

1871 3525 1902 3563 a
1926 3510 2040 3566 sole
2069 3509 2368 3566 secundum
2391 3508 2767 3581 quotidianam
2797 3509 2985 3563 mundi
3009 3507 3442 3563 conversionem.

1871 3599 2048 3666 Quam
2085 3600 2158 3656 ob
2201 3615 2424 3656 causam
2475 3600 2618 3672 apud
2659 3615 2756 3656 eos
2797 3615 3015 3672 semper
3072 3606 3156 3654 est
3203 3596 3444 3668 aequino-

1871 3693 2063 3748 ctium.
2124 3692 2244 3748 Non
2289 3693 2434 3748 enim
2469 3701 2694 3765 propter
2748 3692 2909 3747 aliam
2967 3691 3258 3763 quamdam
3313 3704 3444 3743 cau-

1873 3799 1991 3839 sam
2043 3785 2263 3841 exsistit
2325 3783 2539 3841 dierum
2606 3784 2982 3854 inaequalitas,
3045 3783 3152 3838 nisi
3224 3788 3446 3852 propter

1872 3876 1982 3947 poli
2043 3877 2468 3943 exultationem,
2515 3892 2637 3948 quae
2687 3877 2876 3931 mundi
2925 3884 3153 3930 vocatur
3217 3875 3446 3929 inclina-

1873 3969 1976 4022 tio.
2052 3967 2246 4023 Evenit
2317 3968 2461 4024 enim
2540 3974 2765 4038 propter
2834 3965 2945 4037 poli
3022 3965 3442 4027 exaltationem,

1871 4076 2061 4116 eorum
2102 4061 2436 4116 circulorum
2499 4061 2592 4130 qui
2643 4059 2710 4113 ab
2749 4059 3114 4130 aequinoctiali
3160 4071 3334 4128 usque
3375 4057 3443 4110 ad

1872 4151 2117 4207 mstivum
2141 4153 2411 4222 tropicum
2437 4150 2843 4217 describuntur,
2875 4152 3082 4220 majora
3109 4149 3324 4220 quidem
3353 4163 3446 4203 su-

1873 4258 1970 4314 pra
2009 4251 2214 4300 terram
2263 4259 2384 4301 esse
2432 4253 2737 4315 segmenta,
2797 4244 3011 4298 minora
3067 4253 3245 4297 autem
3300 4239 3446 4296 infra

1872 4345 2075 4392 terram
2107 4355 2121 4390 :
2157 4352 2347 4392 eorum
2379 4353 2532 4402 vero,
2558 4337 2653 4407 qui
2691 4337 2760 4390 ab
2777 4335 3142 4407 aequinoctiali
3169 4335 3234 4390 ad
3263 4335 3446 4390 biber-

1875 4445 2003 4483 num
2036 4429 2307 4500 tropicum
2360 4429 2766 4495 describuntur,
2802 4433 3013 4482 minora
3058 4436 3331 4498 segmenta
3363 4426 3446 4481 in-

205 4509 256 4562 δὲ
281 4511 377 4566 ὑπὸ
411 4518 537 4589 γῆν.
571 4519 740 4573 Ὅπου
781 4519 837 4572 δὲ
867 4523 913 4573 οἰ
946 4519 1097 4572 πόλοι
1131 4520 1224 4573 ἐπὶ
1253 4507 1358 4574 ’τοῦ
1388 4521 1658 4592 ὁρίζοντος
1683 4521 1770 4573 πί-

1876 4521 1957 4574 fra
1989 4529 2192 4576 terram
2243 4521 2380 4587 ﬁeri,
2429 4522 2639 4592 majora
2674 4537 2804 4576 vero
2855 4536 3018 4591 supra
3061 4527 3284 4575 terram.
3343 4516 3444 4574 Ubi

213 4617 432 4673 πτουσιν,
460 4611 854 4684 ἀναιρουμένου
878 4609 973 4665 τοῦ
997 4611 1168 4665 αἰτίου
1193 4612 1294 4683 τῆς
1318 4613 1635 4684 ἀνισότητος
1662 4613 1772 4666 τῶν

213 4693 412 4768 ἡμερῶν
432 4702 609 4770 (τοῦτο
635 4705 692 4757 δὲ
721 4699 790 4775 ἦν
819 4705 880 4757 τὸ
913 4703 1191 4774 ἔγκλιμα),
1224 4703 1460 4772 εὐλόγως
1486 4703 1771 4776 συμϐαίνει

215 4784 484 4864 ἰσημερίαν
508 4791 646 4849 εἶναι
670 4795 761 4850 διὰ
791 4797 990 4860 παντὸς
1025 4799 1154 4868 παρ’
1186 4797 1394 4860 αὐτοῖς.
1426 4797 1642 4861 Πάντας
1674 4797 1772 4867 μὲν

213 4878 308 4950 γὰρ
337 4885 457 4949 τοὺς
499 4888 730 4952 κύκλους
767 4890 795 4941 ὁ
821 4888 970 4958 ἥλιος
998 4888 1287 4959 ἰσοχρόνως
1325 4889 1769 4961 περιστρέφεται,

214 4975 444 5044 καὶτοὺς
485 4983 750 5053 μείζονας,
786 4985 881 5036 καὶ
922 4983 1046 5047 τοὺς
1076 4983 1391 5047 ἐλάσσονας,
1415 4981 1502 5036 διὰ
1539 4983 1600 5036 τὸ
1641 4981 1770 5053 περί

215 5078 324 5118 τινα
355 5070 572 5139 μένοντα
605 5077 969 5145 σημεῖα,τοὺς
983 5074 1196 5140 πόλους,
1215 5075 1460 5144 γίνεσθαι
1490 5074 1587 5146 τὴν
1619 5092 1770 5148 περι-

218 5162 436 5232 στροφὴν
456 5164 545 5218 τοῢ
563 5167 784 5237 κόσμου.
810 5167 970 5219 Ὥστε
990 5166 1064 5238 μὴ
1076 5167 1224 5238 παρὰ
1245 5167 1314 5220 τὰ
1333 5166 1534 5238 μεγέθη
1551 5166 1659 5220 τῶν
1675 5167 1771 5220 κύ-

218 5246 366 5314 κλων,
386 5253 518 5310 ἀλλὰ
533 5257 680 5329 παρὰ
694 5258 791 5330 τὴν
807 5259 1095 5330 ἀνισότητα
1116 5259 1222 5314 τῶν
1246 5259 1569 5331 τμημάτων,
1587 5253 1662 5314 ὧν
1678 5260 1772 5329 φέο

225 5353 361 5404 ρεται
374 5346 400 5397 ὁ
410 5347 553 5417 ἥλιος
567 5350 671 5403 ὑπὸ
682 5350 804 5420 γῆν,
823 5351 918 5404 καὶ
939 5350 1080 5422 ὑπὲρ
1094 5351 1218 5422 γῆν,
1235 5351 1332 5422 τὴν
1348 5352 1637 5423 ἀνισότητα
1665 5351 1776 5405 τῶν

222 5429 422 5501 ἡμερῶν
433 5438 687 5506 γίνεσθαι.
702 5443 764 5494 Δί
781 5442 1025 5513 μέντοιγε
1043 5441 1412 5514 παραυξήσεις
1422 5443 1531 5496 τῶν
1549 5443 1780 5515 ἡμερῶν

227 5517 306 5569 καὶ
334 5523 434 5576 τῶν
465 5529 668 5583 νυκτῶν
699 5532 799 5583 οὐκ
831 5533 967 5585 εἰσὶν
999 5533 1057 5585 ὲν
1090 5532 1224 5585 πᾶσι
1257 5534 1372 5596 τοῖς
1400 5531 1611 5597 ζωδίοις
1634 5531 1767 5599 ἴσαι,

226 5607 346 5664 ἀλλὰ
376 5618 497 5688 περί
543 5619 638 5691 μὲν
674 5621 742 5675 τὰ
776 5621 1009 5692 τροπικὰ
1052 5624 1250 5694 σημεῖα
1273 5625 1465 5696 μικραί
1492 5625 1770 5692 παντελῶς

296 5769 336 5800 ³⁸
375 5789 455 5842 γρ.
490 5777 697 5842 νυκτός.

808 5783 849 5813 ’⁷
884 5796 972 5845 πρ.
1007 5786 1102 5846 ις’.
1182 5780 1226 5812 ’³
1256 5798 1346 5851 γρ.
1379 5781 1546 5856 παρὰ.

1869 4628 2000 4669 vero
2028 4615 2135 4685 poli
2169 4614 2360 4670 mundi
2388 4615 2442 4668 in
2477 4615 2760 4670 horizonte
2783 4615 2996 4684 jacent,
3020 4628 3182 4668 causa
3207 4612 3444 4681 inaequa-

1821 4747 1824 4750 .
1869 4704 2042 4760 litatis
2086 4704 2300 4760 dierum
2347 4705 2584 4770 sublata,
2627 4720 2749 4775 quae
2790 4713 2873 4759 est
2908 4704 3188 4758 inclinatio
3232 4703 3442 4764 mundi.

1868 4795 2048 4850 evenit
2083 4803 2141 4849 ut
2199 4797 2586 4867 aequinoctium
2632 4795 2772 4866 apud
2815 4810 2911 4850 eos
2940 4795 3009 4851 sit
3041 4809 3280 4864 semper.
3315 4791 3447 4848 0m-

1868 4902 1966 4942 ncs
1999 4887 2144 4940 enim
2181 4887 2418 4942 circulos
2447 4887 2737 4958 parallelos
2771 4887 2853 4942 sol
2895 4885 3197 4957 aequalibus
3235 4892 3446 4955 tempo-

1869 4978 2022 5032 ribus
2067 4985 2343 5049 peragrat,
2379 4995 2504 5033 cum
2549 4979 2805 5049 majores,
2841 4985 2955 5034 tum
3008 4978 3270 5040 minores,
3320 4990 3447 5045 pro-

1876 5081 2060 5140 pterea
2092 5071 2240 5140 quod
2271 5072 2418 5126 circa
2455 5072 2558 5126 lixa
2587 5081 2789 5143 puncta
2826 5087 3020 5142 nempe
3049 5072 3203 5141 polos
3231 5069 3440 5131 mundi,

1875 5164 1970 5217 ﬁat
1999 5164 2287 5218 conversio
2322 5164 2532 5219 mundi.
2566 5163 2752 5235 Itaque
2783 5181 2892 5220 non
2927 5174 3148 5236 propter
3173 5163 3445 5232 magnitu-

1871 5258 2028 5311 dines
2071 5257 2429 5324 circulorum,
2483 5257 2580 5313 sed
2621 5266 2844 5329 propter
2875 5257 3298 5328 inaequalitatem
3356 5269 3444 5309 εει

1871 5357 2236 5421 gmentorum,
2295 5352 2352 5405 in
2412 5352 2612 5421 quibus
2671 5352 2753 5407 sol
2817 5350 2985 5406 fertur
3034 5350 3176 5406 infra
3218 5357 3441 5413 terram,

1868 5449 1923 5495 et
1987 5455 2153 5510 supra
2230 5452 2467 5508 terram,
2529 5445 2586 5498 ﬁt
2647 5443 2984 5514 inaequalitas
3039 5442 3272 5498 dierum.
3348 5439 3442 5495 ln-

1867 5543 2145 5590 crementa
2227 5551 2357 5592 vero
2426 5536 2635 5593 dierum
2701 5545 2756 5592 et
2824 5538 3063 5592 noctium
3131 5550 3240 5590 non
3315 5538 3442 5590 sunt

1869 5627 1926 5684 in
1989 5627 2248 5685 omnibus
2310 5628 2483 5701 signis
2541 5629 2808 5702 aequalia,
2877 5628 2973 5686 sed
3035 5631 3180 5685 circa
3235 5626 3441 5698 tropica
