3886 6268
455 281 540 336 791
1439 301 1530 353 AD
1571 301 1839 358 EUSEBll
1873 301 2270 367 CHRONICON
2307 305 2674 365 APPENDIX.

3621 307 3713 366 κει

453 402 646 461 puncta
701 401 926 457 omnino
975 413 1102 459 sunt
1153 423 1319 479 parva
1405 421 1568 483 atque
1639 415 1982 472 insensibilia

2125 419 2217 471 καὶ
2249 421 2639 495 ἀνεπαίσθητοι
2667 434 2910 493 γινονται
2929 439 2944 453 ⁸
2974 421 3114 475 ὥστε
3155 421 3366 493 σχεδδν
3391 421 3482 492 ἐφ’
3509 421 3711 494 ἡμέρας

450 486 548 556 15
581 487 658 542 ita
689 499 747 543 ut
776 493 890 548 fere
934 511 1108 568 usque
1139 502 1206 556 ad
1260 502 1379 558 dies
1427 506 1783 578 quadraginta
1825 509 2014 564 eadem

449 581 764 650 magnitudo
815 585 1024 644 dierum
1080 601 1133 646 et
1191 597 1434 650 noctium
1501 608 1834 668 permaneat.
1877 598 2016 654 Nam

448 681 495 724 et
547 677 836 742 accedens,
888 689 942 736 et
993 699 1186 742 rursus
1239 688 1528 747 discedens
1554 694 1638 748 sol
1699 709 1729 748 a
1788 694 2015 765 tropicis

448 767 681 831 punctis,
721 769 898 849 efﬁcit.
938 772 1286 834 insensibiles
1321 782 1636 838 secundum.
1671 783 2017 842 latitudinem

449 868 724 926 accessus,
751 869 810 914 ut
842 855 1231 924 convenienter.
1256 887 1432 944 usque
1457 874 1524 929 ad
1555 876 1870 946 prmdictam
1896 878 2015 933 die-

449 963 562 1002 rum
587 953 1020 1022 multitudinem,
1044 964 1224 1030 quoad
1261 981 1505 1033 sensum,
1539 969 1864 1024 solismora
1902 970 2012 1024 ﬁat.

447 1040 616 1105 Quam
648 1045 718 1100 ob
751 1063 974 1104 causam
1003 1061 1056 1106 et
1089 1056 1311 1111 maximi
1337 1066 1528 1126 aestus,
1563 1067 1620 1116 et
1654 1063 1890 1117 maxima
1917 1063 2016 1117 fri-

446 1148 573 1194 gora
619 1149 742 1204 post
781 1143 1171 1201 conversiones
1214 1146 1370 1204 ﬁunt.
1431 1149 1576 1206 Cum.
1620 1153 1766 1208 enim
1814 1154 1900 1210 bis
1947 1155 2015 1209 ad

447 1227 691 1284 eumdem
740 1231 916 1287 locum
973 1239 1201 1293 accedat
1241 1242 1525 1310 continue,
1572 1255 1627 1302 et
1661 1248 2014 1304 insensibiles

446 1319 607 1374 faciat
647 1338 924 1394 accessus,
964 1337 1017 1385 et
1045 1347 1321 1401 recessus,
1355 1341 1747 1397 convenienter
1794 1355 2014 1414 propter

444 1428 646 1469 moram
665 1418 718 1472 in
737 1433 845 1476 uno
873 1422 1156 1481 locovnunc
1184 1435 1439 1495 aestuum,
1465 1449 1613 1489 nunc
1636 1433 1858 1507 frigoris
1889 1437 2014 1493 erli-

444 1506 516 1559 cit
546 1506 907 1569 intensionem
925 1534 939 1570 :
956 1515 1061 1572 hoc
1083 1527 1264 1579 autem
1287 1522 1451 1577 etiam
1469 1540 1534 1579 ex
1552 1506 1918 1596 gnomonibus
1931 1538 2014 1584 est

443 1599 818 1660 manifestum.
859 1603 994 1660 Nam
1034 1610 1356 1668 extremitas
1397 1616 1606 1671 umbra:
1642 1618 1703 1672 in
1744 1633 2014 1689 gnomone

443 1686 552 1744 fere
579 1690 645 1746 ad
675 1692 790 1748 dies
813 1697 1174 1770 quadraginta
1197 1713 1481 1772 permanet
1505 1707 1558 1762 in
1583 1686 1814 1779 tropicis
1829 1711 2007 1766 lineis.

2121 516 2173 578 μθ
2218 509 2327 580 (~25)
2354 512 2416 564 τὸ
2442 512 2574 566 αὐτὸ
2613 511 2843 584 μέγεθος
2887 511 2992 566 τῶν
3036 513 3266 584 ἡμερῶν
3317 510 3422 565 καὶ
3472 512 3584 564 τῶν
3630 533 3713 568 νυ·

2119 600 2261 654 κτῶν
2293 602 2584 674 διαμένειν.
2616 604 3130 676 Προσπορευάμενός
3153 623 3215 658 τε
3251 604 3402 674 γὰρ,
3446 605 3541 658 καὶ
3564 606 3708 662 πάλιν

2116 693 2419 766 ἀποχωρῶν
2429 696 2538 750 ἀπὸ
2549 695 2822 769 τροπικῶν
2835 713 2898 768 ση
2909 695 3090 766 μείων,
3111 697 3357 768 ἀδήλους
3374 699 3611 749 ποιεῖται
3622 699 3709 764 τὰς

2120 787 2262 840 κατὰ
2301 787 2501 852 πλάτος
2524 790 2791 862 παρόδους
2811 807 2824 820 ο
2851 789 2993 843 ὥστε
3021 789 3269 858 εὐλόγως
3303 791 3405 842 ἐπὶ
3443 789 3506 842 τὸ
3534 806 3707 861 προει-

2118 879 2352 950 ρημένον
2378 881 2582 953 πλῆθος
2609 883 2716 936 τῶν
2757 882 2977 955 ἡμερῶν
3021 882 3300 952 ἐπιμονὴν
3347 880 3428 944 ὡς
3461 881 3598 952 πρὸς
3629 881 3707 934 αἴ-

2119 972 2308 1044 σθησιν
2369 975 2496 1046 περί
2548 975 2642 1030 τὸν
2691 975 2853 1028 τόπον
2901 973 3144 1043 γίνεσθαι
3192 973 3284 1044 τῷ
3346 971 3509 1043 ἡλίῳ.
3544 973 3618 1025 Δι’
3645 973 3706 1043 ἢν

2115 1065 2293 1118 αἰτίαν
2322 1067 2417 1121 καὶ
2438 1067 2508 1121 τὰ
2533 1068 2764 1138 μέγιστα
2785 1065 3042 1138 καύματα
3069 1063 3263 1120 καὶτὰ
3298 1063 3546 1134 μέγιστα
3571 1062 3706 1134 ψύχη

2115 1159 2256 1212 κατὰ
2287 1160 2384 1223 τὰς
2433 1161 2640 1232 τροπὰς
2687 1161 2895 1230 γίνεται
2933 1157 3063 1230 (26).
3103 1160 3194 1222 Δὶς
3259 1156 3380 1228 γὰρ
3427 1156 3590 1221 αὐτὸς
3624 1158 3704 1212 τὸν

2114 1247 2274 1300 αὐτὸν
2313 1248 2452 1303 κατά
2487 1249 2556 1302 τὸ
2600 1249 2821 1318 συνεχὲς
2864 1245 3345 1318 ἐπιπορευόμενος,
3385 1245 3578 1310 τόπον,
3621 1248 3704 1299 καὶ

2114 1338 2214 1403 τὰς
2246 1340 2562 1411 προσόδους,
2593 1341 2687 1394 καὶ
2715 1341 2813 1404 τὰς
2848 1340 3228 1410 ἀποχωρήσεις
3268 1336 3496 1407 ἀδήλως
3531 1337 3701 1419 ποιού-

2117 1449 2305 1504 μενος,
2327 1433 2564 1502 εὐλόγως
2595 1437 2660 1487 ἐκ
2689 1434 2790 1504 τῆς
2835 1432 2972 1506 πρὸς
3002 1432 3097 1486 ἕνα
3120 1431 3294 1484 τόπον
3323 1429 3598 1500 ἐπιμονῆς
3621 1432 3703 1483 ὁτὲ

2117 1525 2214 1595 μὲν
2262 1524 2375 1578 τῶν
2423 1525 2742 1596 καυμάτων,
2790 1526 2879 1578 ὁτὲ
2937 1525 2994 1578 δὲ
3041 1523 3146 1577 τοῦ.
3187 1522 3413 1594 ψύχους
3467 1522 3698 1577 ἐπίτασιν

2113 1621 2367 1674 ποιεῖται.
2395 1617 2671 1690 Πρόδηλον
2694 1617 2750 1671 δὲ
2785 1616 2942 1671 τοῦτο
2975 1617 3070 1669 καὶ
3108 1618 3174 1669 ὲκ
3211 1614 3332 1667 τῶν
3377 1614 3698 1684 ὡρολογίων.

2114 1709 2187 1761 Τὸ
2218 1707 2330 1780 γὰρ
2373 1708 2542 1780 ἀκρον
2592 1708 2704 1780 τῆς
2729 1707 2825 1762 τοῦ
2858 1705 3137 1778 γνώμονος
3181 1707 3354 1768 σκιᾶς
3400 1704 3584 1776 σχεδὸν
3618 1706 3695 1774 ἐφ’

442 1779 546 1835 Sed
575 1783 720 1839 circa
745 1793 1436 1862 utrumqueacquinoctium
1453 1814 1648 1872 magna
1672 1800 2005 1858 incrementa

2111 1773 2322 1871 ἡμέρας
2344 1801 2410 1871 μ’
2443 1773 2692 1872 ἐπιμένει
2724 1803 2842 1864 ταῖς
2872 1773 3160 1872 τροπικαῖς
3209 1773 3533 1869 γραμμαίς.
3574 1799 3694 1870 Περὶ

440 1873 645 1927 dierum
682 1875 854 1946 ﬁunt,
874 1887 936 1934 ut
967 1886 1416 1952 sequensdiesa
1451 1891 1794 1960 praecedente
1827 1894 2007 1948 sensi-

439 1963 619 2019 hillter
651 1970 841 2025 variet.
875 1970 1048 2038 Quam
1070 1975 1140 2030 ob
1160 1992 1386 2037 causam
1416 1983 1473 2036 in
1499 1982 1798 2056 horologiis
1830 1994 2009 2044 extre—

438 2053 599 2113 mitas
617 2060 886 2119 umbraain
906 2080 1176 2135 gnomone
1186 2069 1854 2142 abaequinoctialicirculo
1868 2093 2010 2147 quo-

437 2144 569 2202 tidie
583 2151 1366 2218 sensibileseﬂicitdistantias.
1387 2161 1678 2220 Est'autem
1704 2144 2008 2237 causa:inaa-

436 2240 710 2308 qualitatis
748 2253 802 2300 et
827 2248 1154 2308 incrementi
1189 2254 1406 2310 dierum
1453 2258 1750 2328 obliquitas
1793 2262 2007 2318 zodiaci

435 2327 896 2408 circu~li..Attingit
914 2340 1058 2394 enim
1079 2343 1320 2414 tr0picos
1349 2327 1609 2414 circulos,
1630 2357 1684 2403 et
1698 2348 1764 2403 ad
1782 2352 2006 2406 multam

435 2420 832 2494 longitudinem
886 2439 1176 2491 contactus
1208 2450 1331 2496 sese
1365 2440 1610 2495 extendit
1643 2460 1655 2495 :
1684 2451 1743 2496 ut
1773 2444 1828 2497 in
1875 2445 2008 2500 mul-

434 2512 505 2566 tis
537 2513 673 2572 locis
704 2533 869 2588 parva
895 2521 969 2576 sit
997 2523 1262 2580 distantia
1308 2542 1340 2581 a
1383 2529 1591 2585 circulo
1625 2533 1857 2603 tropico.
1926 2533 2006 2587 Ex

433 2607 536 2699 hoc
564 2611 729 2666 etiam
766 2617 1016 2686 sequitur
1047 2620 1126 2691 [ut
1161 2623 1391 2678 mutatio
1435 2635 1848 2696 segmentorum
1907 2645 2004 2684 su-

432 2715 530 2769 pra
561 2711 784 2774 terram,
817 2708 870 2762 in
914 2712 1116 2781 quibus
1147 2715 1229 2768 sol
1262 2713 1458 2781 fertur,
1506 2731 1670 2788 parva
1719 2728 1887 2791 atque
1921 2721 2007 2774 in-

432 2795 861 2866 sensibilis'tiat,
893 2801 947 2856 in
977 2804 1187 2860 circulo
1215 2817 1397 2862 autem
1425 2811 1799 2882 aequinoctiali
1828 2815 1888 2866 ﬁt
1917 2828 2006 2869 se-

430 2888 553 2941 ctio.
595 2889 807 2946 zodiaci
851 2894 1045 2951 circuli
1098 2907 1153 2954 et
1198 2901 1600 2971 aequinoctialis
1635 2923 1647 2958 :
1685 2919 1715 2958 a
1762 2906 2006 2960 sectione

429 2981 717 3038 inclinatio
739 3002 937 3044 versus
968 2996 1260 3062 utramque
1310 3003 1520 3064 partem
1560 3011 1824 3068 magnam.
1856 2999 2003 3053 acci-

2108 1891 2164 1944 δὲ
2193 1891 2291 1960 τὰς
2335 1892 2624 1964 ἰσημερίας
2663 1891 2929 1962 ἑκατέρας
2962 1891 3196 1962 μεγάλαι
3236 1891 3299 1943 αἱ
3332 1888 3692 1963 παραυξὴσεις

2108 1980 2213 2034 τῶν
2242 1983 2461 2056 ἡμερῶν
2504 1983 2782 2051 γίνονταιδ
2825 1981 2966 2034 ὥστε
3023 1981 3122 2052 τὴν
3174 1980 3456 2052 ἐχομένην
3499 1980 3690 2051 ἡμέραν

2106 2073 2208 2143 τῆς
2252 2075 2676 2147 προηγουμένης,
2719 2073 2992 2147 αἰσθητῶς
3040 2073 3483 2146 παραλλάσσειν.
3518 2073 3591 2124 Δι’
3632 2073 3693 2144 ἣν

2107 2166 2285 2220 αἰτίαν
2314 2170 2372 2222 ἐν
2407 2171 2520 2232 τοῖς
2548 2167 2858 2240 ὡρολογίοις
2883 2167 2946 2220 τὸ
2974 2168 3140 2238 ἄκρον
3167 2167 3276 2237 τῆς
3306 2165 3406 2220 τοῦ
3429 2166 3686 2236 γνώμονος

2110 2266 2268 2328 σκιᾶς
2291 2263 2399 2316 ἀπὸ
2417 2261 2508 2315 τοῦ
2540 2260 2854 2334 ἰσημερινοῦ
2883 2260 3085 2317 κύκλου
3116 2260 3393 2333 αἰσθητὰς
3424 2259 3544 2312 καθ’
3566 2258 3682 2330 ὴμέ-

2111 2376 2207 2429 ραν
2240 2356 2338 2420 τὰς
2373 2355 2702 2418 ἀποστάσεις
2727 2357 2976 2409 ποιεῖται.
3013 2354 3172 2408 Αἰτία
3211 2353 3273 2406 δέ
3320 2355 3440 2408 ἐστι
3481 2353 3574 2422 τῆς
3599 2353 3689 2405 ἁν-

2109 2448 2351 2520 ισότητος
2378 2446 2592 2516 καὶτῆς
2610 2443 2719 2498 τῶν
2743 2444 2962 2517 ἡμερῶν
2992 2441 3401 2516 παραυξὴσεως
3429 2442 3460 2512 ἡ
3485 2440 3684 2512 λοξότης

2107 2539 2201 2594 τοῦ
2241 2536 2503 2604 ζωδιακοῦ
2542 2536 2763 2590 κύκλου.
2797 2534 2918 2588 Τῶν
2970 2534 3068 2606 μὲν
3116 2533 3228 2605 γὰρ
3283 2532 3560 2604 τροπικῶν
3597 2531 3680 2584 κύ-

2108 2633 2249 2686 κλων
2277 2631 2598 2700 ἐφάπτεται,
2629 2628 2726 2683 καὶ
2765 2627 2861 2680 ἐπὶ
2908 2627 3041 2680 πολὺ
3089 2627 3272 2699 μῆκος
3299 2624 3414 2696 (27)
3452 2626 3484 2696 ἡ
3517 2622 3681 2695 ἑπαφὴ

2105 2721 2392 2776 διατείνει·
2427 2719 2568 2773 ὥστε
2603 2721 2660 2772 ὲν
2696 2717 2876 2788 πολλῷ
2908 2717 3058 2786 τόπῳ
3102 2716 3311 2789 μικρὰν
3349 2716 3459 2768 ἀπὸ
3483 2713 3570 2767 τοῦ
3597 2713 3674 2766 θε-

2111 2812 2256 2884 ρινοῦ
2285 2810 2548 2883 τροπικοῦ
2591 2809 2689 2880 τὴν
2732 2807 3032 2862 ἀπόστασιν
3073 2805 3351 2875 γίνεσθαι.
3397 2802 3675 2857 Ἀκολουθεὶ

2105 2906 2161 2958 δὲ
2191 2903 2368 2973 τούτῳ
2403 2903 2497 2957 καὶ
2544 2901 2644 2972 τὴν
2679 2899 3034 2971 παραλλαγὴν
3079 2897 3187 2951 τῶν
3242 2897 3567 2969 τμημάτων,
3610 2889 3678 2949 ὧν.

2107 2999 2246 3070 ὑπὲρ
2282 2998 2383 3068 γῆν
2415 2997 2640 3069 φέρεται
2669 2997 2697 3048 ὁ
2729 2994 2882 3065 ἡλιος
2904 3036 2919 3060 ,
2947 2992 3147 3064 μικρὰν
3175 2991 3276 3045 καὶ
3302 2989 3674 3058 ἀνεπαίσθητον

428 3073 515 3142 pit.
532 3074 600 3128 ab
625 3078 994 3146 aequinoctiali
1024 3082 1366 3142 distantiam.
1403 3083 1483 3140 Ex
1518 3089 1621 3141 hoc
1651 3088 1901 3158 sequitur.
1944 3096 2003 3146 ut

2107 3092 2371 3162 γίνεσθαι.
2405 3091 2525 3144 Ἐπὶ
2547 3091 2602 3144 δὲ
2627 3087 2722 3143 τοῦ
2747 3085 3288 3159 ἰσημερινούκύκλου
3318 3085 3460 3163 τομὴ
3485 3086 3678 3186 γίνεται

428 3162 593 3218 etiam
623 3180 821 3238 magna
845 3168 1059 3247 dierum
1095 3171 1188 3226 ﬁat
1223 3175 1474 3242 mutatio,
1506 3184 1727 3247 propter
1755 3194 2005 3251 segmen-

429 3263 610 3310 torum
638 3273 950 3327 excessum,
1005 3263 1061 3317 in
1089 3265 1288 3334 quibus
1319 3266 1402 3322 sol
1455 3267 1628 3323 fertur
1660 3286 1826 3341 supra
1866 3272 2009 3328 hori-

429 3357 668 3404 zontem.
695 3351 931 3423 Propter
962 3355 1105 3410 hanc
1147 3365 1328 3412 autem
1375 3373 1597 3415 causam
1643 3362 1788 3416 circa
1837 3364 2006 3434 tropi-

430 3454 527 3494 cos
583 3443 820 3500 circulos
861 3461 1028 3515 parva
1068 3455 1232 3519 atque
1276 3451 1620 3508 insensibilia
1665 3455 2002 3512 incrementa

429 3530 644 3585 dierum
691 3541 746 3588 et
789 3537 1031 3591 noctium
1078 3539 1460 3611 perficiuntur,
1495 3551 1549 3598 et
1608 3541 1722 3601 fere
1755 3547 2001 3602 eamdem

429 3623 789 3681 mutationem
823 3627 1027 3684 habent
1059 3631 1398 3688 incrementa
1426 3651 1439 3688 :
1471 3642 1531 3689 ut
1562 3635 1822 3691 diurnum
1854 3621 2002 3692 circa

429 3713 816 3782 aequinoctium
863 3720 1257 3776 incrementum
1321 3723 1435 3780 fere
1493 3727 1758 3798 nonagies
1788 3728 1860 3782 sit
1887 3745 2004 3784 ma-

423 3803 518 3874 jus
547 3805 743 3862 diurno
806 3810 953 3865 circa
1006 3816 1397 3872 conversiones
1464 3818 1824 3875 incremento.
1891 3819 1999 3876 Ea-

427 3894 551 3948 dem
585 3904 667 3952 est
691 3900 828 3955 ratio
854 3909 907 3954 et
939 3903 991 3956 in
1015 3904 1228 3960 diurnis
1278 3915 1333 3960 et
1373 3908 1430 3961 in
1482 3909 1804 3964 menstruis.
1853 3908 2001 3969 Sem-

427 4001 524 4055 per
547 3989 690 4042 enim
716 4000 979 4060 quantum
1008 3994 1125 4050 dies
1150 4005 1404 4066 augetur,
1445 4003 1656 4053 tantum
1695 4000 1861 4054 etiam
1887 4016 2000 4059 nox

429 4080 717 4138 minuitur.
747 4083 912 4138 Fiunt
940 4085 1086 4140 enim
1119 4087 1236 4143 dies
1260 4088 1518 4144 noctibus
1550 4089 1785 4162 majores
1813 4092 1871 4164 in
1902 4108 1998 4150 sex

427 4172 624 4243 signis,
647 4175 851 4243 Ariete,
882 4176 1087 4242 Tauro,
1121 4178 1388 4246 Geminis,
1433 4180 1672 4247 Cancro,
1709 4182 1911 4252 Leone,
1944 4194 1999 4240 et

428 4261 671 4336 Virgine,
718 4269 811 4338 qui
852 4271 1231 4328 semicirculus
1277 4273 1490 4328 zodiaci
1536 4289 1566 4327 a
1621 4277 1796 4348 prima
1846 4286 1998 4349 parte

424 4349 627 4407 Arietis
658 4369 832 4424 usque
863 4357 930 4410 ad
979 4358 1316 4413 tricesimam
1353 4372 1575 4437 partem
1629 4362 1868 4437 Virginis
1912 4375 1997 4422 est

2105 3184 2200 3238 τοῦ
2238 3182 2503 3248 ζωδιακοῦ
2538 3181 2740 3234 κύκλου
2775 3183 2912 3253 πρὸς
2957 3182 3049 3236 τὸν
3101 3179 3455 3252 ἰσημερινόν·
3495 3176 3593 3231 ἀπὸ
3620 3176 3670 3228 δὲ

2105 3275 2204 3345 τῆς
2222 3276 2395 3345 τομῆς
2428 3272 2670 3340 ἔγκλισις
2697 3273 2782 3343 ἐφ’
2813 3272 3051 3344 ἑκάτερα
3087 3271 3335 3343 μεγάλην
3360 3265 3664 3339 λαμϐάνει¹⁹

2105 3365 2383 3422 διάστασιν
2421 3362 2529 3416 ἀπὸ
2582 3362 2675 3416 τοῦ
2730 3362 3068 3436 ἰσημερινοῦ·
3103 3360 3396 3417 ἀκολουθεῖ
3433 3359 3488 3412 δὲ
3516 3355 3667 3424 τούτῳ

2105 3456 2199 3510 καὶ
2222 3452 2576 3527 παραλλαγὴν
2619 3453 2728 3506 τῶν
2767 3453 2992 3525 ἡμερῶν
3037 3453 3284 3525 μεγάλην
3317 3449 3552 3522 γίνεσθαι
3589 3446 3668 3500 διὰ

2104 3544 2200 3615 τὴν
2237 3544 2344 3598 τῶν
2390 3546 2694 3617 τμημάτων
2731 3546 3025 3617 ὑπεροχὴν,
3075 3539 3149 3598 ὧν
3189 3546 3420 3618 φέρεται
3467 3543 3496 3594 ό
3535 3540 3664 3609 ἥλιος

2105 3636 2245 3708 ὑπὲρ
2270 3636 2394 3710 γῆν.
2436 3637 2534 3694 Διά
2563 3636 2618 3690 δὲ
2668 3638 2767 3709 τὴν
2813 3638 2992 3692 αἰτίαν
3033 3638 3238 3709 ταύτην
3275 3639 3404 3708 περὶ
3442 3634 3535 3705 μὲν
3557 3648 3658 3704 τρο-

2103 3731 2295 3791 πικοὺς
2330 3728 2563 3793 κύκλους
2595 3730 2788 3800 μικραὶ
2822 3731 2916 3784 καὶ
2947 3729 3336 3801 ἀνεπαίσθητοι
3370 3729 3427 3782 αἱ
3472 3741 3659 3794 παραυ-

2103 3820 2288 3891 ξήσεις
2315 3820 2424 3875 τῶν
2456 3821 2680 3894 ἡμερῶν
2723 3821 2817 3875 καὶ
2863 3821 2970 3876 τῶν
3025 3821 3235 3874 νυκτῶν
3293 3817 3658 3877 ἐπιτελοῦνται,

2102 3913 2195 3966 καὶ
2231 3913 2414 3986 σχεδὸν
2437 3914 2538 3985 τὴν
2573 3915 2743 3985 αὐτὴν
2767 3913 3122 3985 παραλλαγὴν
3156 3913 3372 3985 ἔχουσιν
3394 3915 3447 3966 αἱ
3468 3924 3654 3980 παραυ-

2102 4005 2324 4078 ξήσεις·
2362 4005 2504 4060 ὥστε
2553 4007 2653 4077 τὴν
2711 4006 3017 4080 ἡμερησίαν
3066 4007 3194 4079 περὶ
3247 4007 3348 4079 τὴν
3397 4004 3655 4076 ἰσημερίαν

2100 4096 2442 4170 παραύξησιν
2515 4097 2701 4167 σχεδὸν
2775 4098 3330 4170 ὲνενηκονταπλάσιον
3389 4093 3520 4149 εἶναι
3568 4093 3692 4162 τῆς,

2100 4188 2408 4261 ἡμερησίας
2460 4192 2588 4260 περὶ
2631 4189 2841 4262 τροπὰς
2884 4191 3300 4264 παραυξὴσεως.
3340 4187 3400 4245 ’0
3431 4189 3484 4242 δὲ
3512 4184 3649 4245 αὐτὸς

2098 4265 2255 4349 λόγος
2308 4282 2402 4334 καὶ
2464 4282 2558 4334 ἐπὶ
2606 4281 2715 4334 τῶν
2760 4284 3080 4357 ἡμερησίων
3129 4285 3221 4337 καὶ
3275 4284 3366 4337 ἐπὶ
3414 4279 3514 4334 τῶν
3559 4293 3648 4346 μη·

2098 4371 2284 4424 νιαίων
2319 4371 2383 4426 ”.
2419 4372 2531 4425 Ἀεὶ
2573 4371 2681 4444 γάρ
2704 4373 2827 4426 ὅσον
2853 4375 2887 4445 ἡ
2912 4374 3092 4446 ἡμέρα
3124 4373 3410 4454 παραύξει,
3457 4365 3646 4422 τοσοῦτο

427 4444 681 4500 barealis.
715 4445 932 4505 Rursus
956 4459 1146 4507 noctes
1168 4453 1362 4510 diebus
1393 4463 1521 4510 sunt
1552 4457 1786 4528 majores
1817 4461 1874 4514 in
1909 4476 1997 4517 re-

2107 4462 2195 4515 καὶ
2220 4463 2252 4532 ἡ
2284 4461 2380 4527 νὺξ
2409 4461 2683 4533 μειοῦται.¹
2709 4444 2950 4518 Γίνονται
2978 4444 3086 4536 γάρ
3115 4444 3372 4534 μείζονες
3393 4464 3445 4516 αἰ
3470 4457 3645 4530 ἡμέρας

426 4536 587 4607 liquis
611 4538 805 4608 signis,
839 4540 1024 4611 Libra,
1057 4543 1308 4615 Scorpio,
1345 4546 1657 4618 Sagittario,
1703 4552 1994 4622 Capricor-

421 4646 522 4695 no,
555 4629 797 4702 Aquario
845 4644 900 4690 et
941 4633 1214 4706 Piscibus,
1253 4640 1345 4710 qui
1378 4655 1574 4697 rursus
1617 4642 2000 4706 semicirculus.

493 4788 539 4820 ”
579 4808 668 4860 γρ.
702 4791 1102 4862 λαμϐάνουσαν.
1156 4795 1276 4865 “f.
1315 4798 1599 4867 νυχιαίωνλ

491 4947 602 5028 (ξε)
644 4949 824 5028 ’ξΩοςτε
873 4951 1100 5028 σχεδργ
1142 4952 1584 5028 ἡμέραςμ.
1643 4954 1894 5028 Scaliger
1942 4959 2007 5014 in-

420 5017 574 5073 Notis
608 5019 675 5074 ad
708 5017 992 5075 librum'nt
1029 5017 1253 5086 Manilii,
1286 5017 1566 5078 rerba'il'la
1590 5034 1761 5094 poetae
1792 5017 1815 5083 ἶ

530 5109 749 5182 Statque
780 5129 882 5166 uno
903 5125 1097 5168 natura
1131 5115 1268 5181 loco,
1297 5115 1615 5186 paulumque
1636 5119 1892 5187 quiescit;

419 5203 490 5257 ad
534 5219 596 5258 ea
647 5205 834 5268 refert,
873 5221 993 5272 qua:
1047 5206 1151 5261 hoc
1201 5208 1325 5261 loco
1350 5205 1611 5264 Geminus
1655 5210 1723 5266 de
1761 5211 1997 5266 solstitio

2098 4555 2207 4608 τῶν
2239 4555 2446 4610 νυκτῶν
2477 4559 2535 4610 ὲν
2582 4555 2645 4622 ἓξ
2668 4557 2897 4623 ζωδίοις,
2925 4559 3098 4630 Χριῷ,
3142 4559 3360 4630 Ταύρῳ,
3402 4552 3639 4622 Διδύμοις»

2101 4649 2384 4730 Καρκίνψ,
2425 4648 2636 4716 Λέοντι,
2673 4650 2967 4731 Παρθένῳ·
3010 4651 3146 4726 ὅπερ
3205 4645 3516 4723 ἡμικύκλιον
3561 4635 3638 4691 τοῦ

2102 4961 2251 5016 velut
2299 4963 2564 5033 generale»
2587 4962 2859 5034 quoddam
2898 4975 3108 5022 natura
3160 4967 3424 5038 iustitium
3467 4952 3632 5016 indici-

2101 5043 2225 5086 llll':

2112 5125 2255 5196 [uno
2277 5125 2408 5194 riget
2432 5126 2602 5182 omnis
2629 5142 2775 5196 ager,
2791 5126 3032 5182 clausum
3061 5147 3226 5191 mare,
3243 5127 3443 5185 condita
3458 5127 3624 5176 castra.

2109 5191 2222 5248 Nec
2260 5191 2488 5248 tolerant
2520 5191 2718 5255 medias
2752 5197 2944 5257 hiemes
2970 5199 3240 5258 horrentia
3269 5215 3415 5253 saxa.

421 5275 685 5340 proximis
739 5263 1020 5332 mensibus
1073 5285 1278 5338 narrat,
1320 5263 1603 5332 nimirum,
1642 5263 1717 5336 ιιι.⁷
1762 5263 2000 5337 circiter

2107 5263 2329 5335 Statque
2363 5281 2465 5319 uno
2493 5276 2688 5321 natura
2711 5268 2844 5330 loco,
2876 5271 3192 5341 paulumque
3211 5268 3434 5341 quiescit.

420 5344 539 5418 dies
577 5359 715 5418 pene
765 5347 1047 5418 immotum
1074 5348 1128 5401 in
1172 5349 1383 5418 tropico
1431 5350 1639 5404 circulo
1691 5352 1996 5408 consistere

421 5415 588 5487 solem
610 5415 700 5487 ib;
725 5415 862 5487 πρὸς
886 5417 1154 5487 αἴσθησιν.
1184 5415 1289 5472 Sed
1314 5419 1548 5474 alienant
1578 5421 1632 5476 id
1655 5431 1740 5477 est
1759 5438 1789 5476 a
1815 5431 1996 5478 mente

421 5483 781 5562 Man_ilii,_qui_‘
801 5487 868 5541 de
897 5483 1126 5543 hiberno
1157 5498 1397 5560 tempore
1428 5490 1690 5562 loquitur,
1724 5507 1820 5562 per
1847 5494 1993 5562 quod

421 5555 589 5629 maria
622 5555 985 5624 clauduntur;
1023 5573 1122 5613 nec
1166 5555 1283 5613 non'
1305 5567 1447 5614 terra
1482 5555 1596 5629 ipsa
1623 5555 1816 5626 {minus
1850 5555 1993 5618 ultro

418 5625 665 5702 citroque
703 5630 1136 5702 commeantibus
1169 5640 1333 5698 patet.
1361 5625 1522 5685 Certe
1545 5639 1766 5702 propter
1797 5633 2008 5689 hiemis

416 5695 827 5751 inclementiam
869 5701 1024 5752 tectis
1063 5695 1186 5754 sese
1231 5702 1510 5756 continent
1545 5695 1829 5765 homines,
1875 5711 1930 5757 et
1959 5721 1988 5758 a

419 5766 577 5823 bellis
627 5768 936 5833 abstinent;
989 5785 1052 5823 ac
1098 5769 1198 5826 sub
1236 5771 1467 5842 pellibus
1519 5771 1812 5831 hiemant:
1865 5774 1988 5832 ideo

2174 5355 2286 5437 (2,6)
2319 5357 2482 5411 κατά
2526 5358 2632 5426 τὰς
2660 5360 2882 5428 τροπὰς
2923 5361 3165 5432 γίνεται.
3216 5359 3504 5437 Legendum
3555 5351 3621 5402 es!

2319 5500 2426 5554 Καὶ
2460 5500 2568 5576 ἐπὶ,
2601 5500 3004 5576 πολὺμῆκοςη
3035 5503 3240 5576 Nempe
3289 5503 3360 5565 ὡς
3399 5484 3618 5576 τιρὸςιφξ

2099 5567 2311 5637 σθησιν,
2346 5579 2412 5642 Aut
2445 5571 2608 5641 paulo
2637 5567 3192 5642 anle'di'xit.Alioqui
3225 5575 3279 5629 in
3309 5585 3408 5628 uno
3442 5569 3614 5642 “illi”?

2092 5631 2394 5766 Eugile
2433 5631 2734 5699 contactus.
2773 5645 2882 5700 ille.
2924 5643 3067 5702 Vide
3097 5631 3446 5716 Hipparchum
3477 5631 3553 5687 lib.
3578 5631 3610 5688 i.

2133 5725 2166 5763 ιι
2231 5751 2242 5764 .
2278 5752 2296 5766 .
2403 5751 2416 5764 .
