3886 6268
152 320 246 376 793

1202 313 1442 372 GEMINI
1483 311 1853 368 ELEMENTA
1883 311 2388 369 'ASTRONOMIE.

3310 305 3424 367 ⁸1οό

154 431 413 501 ζωδιακοῦ
450 432 668 487 κύκλου
711 435 818 487 ἀπὸ
867 451 1088 505 πρωτης
1140 430 1332 504 μοίρας
1365 429 1536 506 Κριοῦ
1588 429 1750 501 μέχρι

1875 428 2063 484 zodiaci
2097 446 2126 483 a
2151 431 2327 501 prima
2351 437 2505 501 parte
2532 428 2708 484 Librae
2739 443 2911 499 usque
2950 427 3019 482 ad
3049 426 3292 483 Piscium
3320 435 3426 482 tri-

155 523 433 596 Ηαρθένου
495 513 703 596 μοίρας
726 523 770 576 λ’
818 523 1022 596 βόρειόν
1061 526 1197 579 ἐστι.
1247 521 1414 576 Πάλιν
1453 523 1507 574 αι
1558 519 1750 582 νύκτες

163 618 251 672 τῶν
288 615 528 688 ἡμερῶν
569 616 812 686 μείζονες
862 618 953 670 ἐπὶ
1003 620 1116 681 τοῖς
1159 611 1609 684 ἀπολειπομένοις
1648 611 1751 677 ζω-

156 710 296 770 δίοις,
326 707 524 779 Ζυγῷ,
554 709 827 781 Σκορπίῳ,
856 707 1078 782 Τοξότῃ,
1108 707 1410 778 Αίγόκερῳ,
1458 701 1747 774 ’Υδροχόῳ,

166 799 395 873 ἰχθύσιν
419 817 430 829 ·
469 802 622 875 ὅπερ
670 802 829 856 πάλιν
876 802 1198 875 ἡμικύκλιον
1245 801 1338 855 τοῦ
1362 795 1624 864 ζωδιακοῦ
1658 795 1754 849 κύ-

1853 520 2118 578 cesimam
2166 529 2374 592 partem
2412 521 2670 576 australis
2707 530 2810 576 est.
2854 521 3253 575 incrementum
3290 534 3422 574 vero

1850 611 2063 668 dierum
2116 612 2175 667 ﬁt
2206 629 2238 668 a
2265 615 2438 685 prima
2462 621 2615 684 parte
2634 611 2952 684 Capricorni
2979 609 3046 666 ad
3069 609 3420 665 Geminorum

1850 705 2186 760 tricesimam
2248 713 2498 777 partem:
2533 706 2678 778 quod
2722 704 3007 762 dimidium
3073 711 3158 758 est
3211 699 3422 756 zodiaci

1850 799 2063 854 circuli.

159 897 276 947 κλου
307 893 420 947 ἀπὸ
449 893 642 963 Ζυγοῢ
683 895 904 966 πρώτης
975 895 1167 967 μοίρας
1211 893 1405 964 μέχρις
1461 888 1680 960 ’ἰχθύων
1728 888 1922 962 μοίρας
1961 889 2003 944 λ’
2042 892 2214 946 νότιόν
2258 893 2395 946 ἐστι.
2436 891 2786 963 Παραύξησις
2823 887 2880 943 82-:
2912 891 3147 961 ᾖμερων
3214 886 3426 954 γίνεται

163 992 258 1046 ἀπ’)
304 988 542 1062 πρώτης
621 991 814 1064 μοίρας
846 992 1124 1064 Αἰγόκερω
1173 992 1334 1064 μέχρι
1362 988 1607 1060 Διδύμων
1653 985 1845 1057 μοίρας
1881 991 2240 1062 τριακοστῆς*
2279 991 2414 1062 ὅπερ
2462 990 2608 1044 ἐστὶν
2647 987 2969 1061 ἡμικύκλιον
3008 985 3100 1039 τοῦ
3155 979 3427 1048 ζωδιακοῦ

162 1083 375 1138 κύκλου.

195 1177 204 1186 ’
236 1175 369 1228 Ἀπὸ
401 1175 463 1229 δὲ
494 1175 605 1246 τῆς
651 1176 858 1248 τροπῆς
895 1177 1208 1248 χειμερινῆς
1237 1176 1396 1248 μέχρι
1420 1171 1629 1247 τροπῆς
1666 1170 1753 1225 θε-

165 1267 307 1340 ρινῆς
336 1266 702 1340 παραύξησις
761 1266 982 1338 ήμερῶν
1031 1265 1256 1336 γίνεται.
1303 1265 1649 1339 Παραύξησις
1694 1264 1752 1318 δὲ

168 1357 364 1413 νυκτῶν
395 1358 620 1428 γίνεται
651 1361 758 1414 ἀπὸ
793 1359 1066 1433 Καρκίνου
1108 1357 1328 1433 πρώτης
1371 1357 1561 1430 μοίρας
1593 1357 1752 1428 μέχρι

168 1452 384 1516 Τοξότου
417 1452 628 1524 μοίρας
665 1450 729 1519 λ’,
773 1452 1082 1525 ὅπερεὲστὶν
1119 1451 1440 1524 ἡμικύκλιον
1473 1450 1632 1505 πάλιν
1659 1451 1750 1505 τοῦ

171 1543 423 1608 ζωδιακοῦ
460 1544 675 1598 κύκλου
714 1544 822 1599 ἀπὸ
851 1543 1059 1615 τροπῆς
1099 1543 1317 1616 θερινῆς
1359 1543 1519 1616 μέχρι
1544 1543 1752 1616 τροπῆς

172 1638 501 1710 χειμερινῆς.

231 1728 382 1792 Τινὲς
425 1731 530 1800 μὲν
567 1725 664 1785 οὖν
718 1731 1072 1804 διελάμϐανον
1119 1731 1376 1804 μεγίστας
1411 1729 1622 1803 ἡμέρας
1664 1728 1751 1797 γί·’

176 1820 347 1874 νεσθαι
379 1821 440 1873 ἐν
469 1823 744 1894 Καρκίνῳ
763 1840 776 1853 ’
818 1825 1052 1896 ἐπείπερ
1083 1826 1139 1879 αἱ
1169 1824 1376 1898 θεριναὶ
1418 1823 1675 1894 τροπικαὶ
1701 1824 1756 1875 ἐν

177 1912 245 1984 τῷ
270 1915 664 1987 προειρημένῳ
694 1916 868 1989 ζωδίῳ
900 1918 1139 1986 γίνονται
1158 1934 1172 1948 ·
1205 1917 1464 1989 μεγίστας
1487 1916 1544 1968 δὲ
1560 1915 1758 1978 νύκτας

179 2004 303 2061 εἶναι
329 2010 386 2061 ὲν
419 2009 736 2082 Αίγόκερῳ,
762 2010 882 2063 ἐπεὶ
911 2013 966 2064 αί
988 2011 1294 2082 χειμεριναὶ
1313 2007 1513 2079 τροπαὶ
1531 2006 1760 2073 ὲνΑἰγό·

181 2115 312 2170 κερῳ
336 2099 589 2167 γίνονται
611 2116 626 2129 ο
657 2100 1030 2172 παραπλήσιόν
1059 2118 1111 2154 τι
1153 2099 1432 2163 ποιοῦντες
1460 2098 1762 2168 ἁμάρτημα

181 2190 250 2259 τῷ
270 2191 360 2243 ἐπὶ
384 2190 494 2244 τῶν
524 2191 827 2261 συζυγιῶν.
853 2193 916 2245 Ei
942 2193 1038 2264 μὲν
1067 2190 1175 2262 γὰρ
1195 2194 1250 2245 ἐν
1269 2191 1408 2253 ὅλοις
1427 2192 1536 2252 τοῖς
1551 2187 1760 2251 ζωδίοις

185 2283 406 2351 ἐγίνοντο
426 2285 662 2356 τροπαὶ,
694 2280 762 2356 ἦν
793 2283 860 2338 ἂν
895 2283 1092 2356 ἀληθὲς
1122 2284 1182 2336 τὸ
1216 2281 1636 2355 προειρημένον·
1667 2279 1762 2332 νῦν

185 2374 233 2426 δὲ
261 2374 327 2428 τὰ
364 2376 464 2446 μὲν
510 2376 762 2448 τροπικὰ
800 2379 1005 2447 σημεῖα
1041 2376 1182 2446 λόγῳ
1226 2374 1477 2445 θεωρητά
1516 2375 1632 2425 ἐστι
1656 2389 1669 2401 ·
1701 2370 1762 2424 τὸ

186 2463 238 2518 δὲ
265 2465 376 2518 ὅλον
407 2466 611 2531 ζῴδιον
637 2467 697 2520 τὸ
717 2466 810 2521 τοῦ
842 2467 1117 2538 Καρκίνου
1151 2467 1248 2538 τὴν
1273 2466 1439 2536 αὐτὴν
1464 2465 1763 2519 ἀπόστασιν

190 2557 286 2628 ἔχει
315 2559 420 2612 ἀπὸ
451 2559 550 2613 τοῦ
577 2559 794 2631 θερινοῦ
816 2560 1074 2632 τροπικοῦ
1107 2560 1335 2631 σημείου
1358 2561 1472 2622 τοῖς
1488 2557 1760 2628 Διδύμοις,

193 2653 278 2705 καὶ
303 2653 405 2706 ὑπὸ
432 2654 546 2706 τῶν
592 2652 774 2707 αὐτῶν
816 2654 1178 2726 παραλλήλων
1225 2651 1762 2723 ὲμπεριλαμϐόινεται

196 2743 413 2810 κύκλων,
444 2748 540 2800 καὶ
573 2749 640 2801 ὲκ
670 2747 762 2801 τοῦ
795 2746 958 2802 αὑτοῦ
989 2747 1156 2800 τόπου
1186 2746 1285 2816 τὴν
1307 2743 1566 2815 ἀνατολὴν
1597 2746 1765 2798 ποιεῖ-

196 2854 293 2902 ται,
311 2839 403 2891 καὶ
423 2841 504 2903 είς
539 2841 635 2894 τὸν
666 2840 828 2893 αὐτὸν
867 2838 1028 2893 τόπον
1051 2839 1149 2910 τὴν
1185 2837 1358 2892 δύσιν.
1390 2837 1510 2890 Είσὶ
1542 2835 1651 2908 γάρ
1674 2836 1766 2889 ἀλ-

199 2929 360 3001 λήλοις
415 2932 560 2986 κατὰ
615 2932 896 3000 συζυγίαν.
943 2931 1034 2984 Διὸ
1083 2929 1148 3001 δὴ
1192 2930 1282 2982 καὶ
1313 2928 1382 2982 τὰ
1428 2927 1632 2999 μεγέθη
1654 2928 1764 2982 τῶν

198 3023 399 3094 ἡμερῶν
451 3025 550 3079 καὶ
609 3024 721 3078 τῶν
751 3022 959 3078 νυκτῶν
991 3024 1082 3077 ίσα
1127 3023 1274 3076 ἐστὶν
1313 3023 1370 3074 ὲν
1392 3019 1643 3091 Διδύμοις
1671 3021 1766 3075 καὶ

187 3116 457 3188 οΚαρκίνῳ.
495 3118 611 3171 Καὶ
647 3116 757 3187 γὰρ
791 3119 847 3170 ἐν
877 3119 988 3180 τοῖς
1024 3115 1335 3187 ὡρολογίοις
1379 3114 1440 3168 τὸ
1468 3114 1634 3186 ἄκρον
1665 3113 1766 3184 τῆς

202 3207 282 3261 τοῦ
309 3208 582 3280 ῃώμονος
638 3211 796 3272 σκιᾶς
825 3208 924 3272 τὰς
975 3207 1143 3272 αὐτὰς
1188 3207 1389 3278 γράφει
1418 3203 1683 3277 γραμμὰς
1709 3207 1767 3259 έν

205 3299 301 3360 τοῖς
339 3300 760 3372 προειρημένοις
799 3298 1031 3364 ζωδίοις.
1087 3299 1144 3352 '0
1175 3297 1233 3351 δὲ
1282 3295 1444 3358 αὐτὸς
1490 3297 1646 3366 λόγος
1674 3296 1768 3351 καὶ

208 3390 414 3444 ἐπὶτῶν
448 3391 782 3464 χειμερινῶν
813 3391 1052 3462 τροπῶν.
1101 3389 1233 3444 Οὐδὲ
1270 3391 1378 3460 γὰρ
1415 3390 1500 3442 ἐπ’
1547 3388 1768 3442 ἐκείνων

210 3483 520 3554 ὑποληπτέον
552 3488 613 3539 ὲν
651 3485 758 3556 ὅλῳ
801 3484 880 3556 τῷ
925 3484 1208 3555 Αίγόκερῳ
1268 3483 1529 3554 μεγίστας
1571 3481 1766 3544 νύκτας

211 3577 426 3643 γίνεσθαι
447 3595 461 3611 ’
499 3580 619 3633 ἀλλ’
653 3579 712 3632 ἐν
746 3597 798 3632 τι
834 3581 1059 3651 σημεῖον
1097 3578 1239 3649 λόγῳ
1269 3576 1563 3649 θεωρητόν,
1597 3575 1627 3628 ὃ
1657 3591 1772 3627 κοι-

213 3668 287 3722 νόν
307 3673 442 3726 ἐστιν
471 3672 759 3742 Αίγόκερω
784 3673 876 3724 καὶ
901 3669 992 3724 τοῦ
1027 3670 1274 3736 Τοξότου,
1297 3669 1397 3740 τὴν
1429 3668 1600 3739 αὐτὴν
1630 3667 1768 3722 ἀπό-

215 3776 382 3816 στασιν
413 3764 524 3834 ἔχει
572 3764 683 3819 ἀπὸ
731 3765 826 3817 τοῦ
867 3762 1128 3836 τροπικοῦ
1169 3761 1478 3834 χειμερινοῦ
1519 3761 1768 3832 σημείου,

216 3854 295 3906 καὶ
327 3855 424 3909 ὑπὸ
463 3859 574 3910 τῶν
617 3855 795 3911 αὐτῶν
838 3854 1197 3929 παραλλήλων
1233 3853 1771 3925 ἐμπεριλαμϐάνεταί

216 3944 428 4012 κύκλων,
463 3951 558 4004 καὶ
583 3949 730 4004 ἔστιν
760 3949 1008 4019 ἀλλήλοις
1039 3947 1180 4001 κατά
1209 3946 1471 4015 συζυγίαν
1490 3964 1504 3978 ο
1535 3945 1656 4002 ὅθεν
1679 3947 1772 4000 καὶ

219 4036 276 4094 τὰ
301 4041 492 4114 μεγέθη
525 4041 637 4096 τῶν
659 4040 884 4114 ἡμερῶν
916 4041 1009 4094 καὶ
1036 4039 1244 4094 νυκτῶν
1274 4039 1365 4092 ῐσα
1403 4038 1551 4092 ἐστὶν
1577 4040 1634 4093 ὲν
1671 4040 1774 4094 Το-

219 4127 332 4203 ξθτῃ
379 4135 470 4187 καὶ
522 4135 831 4204 Αίγόκερῳ.
880 4131 1124 4185 Καθόλου
1165 4130 1222 4182 δὲ
1275 4131 1376 4184 ὅσα
1421 4129 1528 4183 τῶν
1569 4129 1773 4195 ζωδίων

221 4223 345 4276 κατά
381 4225 636 4296 συζυγίαν
682 4225 930 4297 ἀλλήλοις
968 4224 1238 4295 ὑπάρχει,
1281 4222 1450 4276 ταῦτα
1495 4221 1566 4275 τά
1610 4220 1774 4287 ζώδια

225 4313 328 4378 ἴσας
352 4319 557 4390 ἡμέρας
600 4319 695 4373 καὶ
725 4317 924 4380 νύκτας
951 4317 1216 4388 περιέχει.
1250 4316 1503 4369 Ἔσονται
1541 4309 1634 4367 οὖν
1663 4313 1774 4367 ἴσαι

225 4405 406 4478 ἡμέραι
433 4411 488 4462 ὲν
512 4410 763 4481 Διδύμοις
794 4410 887 4463 καί¹
909 4409 1188 4480 Καρκίνῳ,
1210 4406 1408 4479 Ταύρῳ
1439 4405 1535 4459 καὶ⁹
1559 4405 1770 4468 Λέοντι,

1927 1166 2012 1222 Ab
2065 1167 2294 1224 hiberna
2324 1167 2684 1223 conversione
2742 1182 2916 1238 usque
2958 1165 3026 1220 ad
3065 1167 3308 1222 aestivam
3363 1166 3424 1222 iit

1858 1257 2070 1315 dierum
2126 1261 2574 1326 incrementum,
2619 1259 2712 1316 sed
2753 1260 2993 1314 noctium
3027 1259 3426 1315 incrementum

1859 1347 1918 1404 lit
1971 1365 2001 1404 a
2031 1349 2227 1405 Cancri
2243 1341 2424 1422 prima
2452 1359 2606 1423 parte
2635 1367 2808 1421 usque
2845 1349 2910 1404 ad
2949 1349 3225 1422 Sagittarii
3257 1350 3428 1405 trice-

1859 1439 2053 1497 simam
2093 1449 2325 1512 partem,
2357 1442 2451 1512 qui
2480 1456 2673 1498 rursus
2698 1439 3079 1495 semicirculus
3111 1448 3195 1494 est
3218 1439 3428 1495 zodiaci

1869 1530 1938 1586 ab
1966 1532 2154 1588 aestiva
2183 1533 2542 1590 conversione
2575 1546 2749 1603 usque
2775 1531 2844 1586 ad
2879 1531 3184 1589 hibernam.

1931 1747 2188 1802 Nonnulli
2223 1747 2389 1819 igitur
2421 1758 2745 1819 putaverunt
2777 1746 3124 1817 longissimas
3159 1746 3276 1800 dies
3311 1745 3430 1801 fieri

1861 1840 1915 1894 in
1948 1839 2162 1895 Cancro
2205 1859 2218 1895 :
2260 1840 2530 1910 siquidem
2563 1843 2762 1895 aestiva:
2789 1841 3177 1894 conversiones
3206 1839 3261 1891 in
3282 1837 3432 1892 dicto

1861 1933 2020 2004 signo
2048 1932 2229 1990 (iant:
2262 1942 2454 1990 noctes
2495 1949 2621 1988 vero
2672 1933 2937 1988 maximas
2981 1932 3092 1986 lieri
3148 1931 3201 1984 in
3242 1930 3432 2000 Capri-

1861 2038 2050 2086 corno,
2095 2037 2220 2078 cum
2266 2023 2502 2078 hiberna:
2547 2021 2933 2078 conversiones
2970 2019 3100 2073 flant
3123 2019 3178 2073 in
3237 2018 3432 2089 Capri-

1861 2131 2053 2171 corno.
2090 2115 2208 2182 Qua
2267 2116 2324 2170 in
2371 2131 2431 2171 re
2478 2115 2659 2170 simile
2712 2114 3059 2169 committunt
3102 2118 3341 2166 erratum
3381 2110 3434 2165 ei

1865 2205 2012 2276 quod
2043 2205 2398 2260 committunt
2431 2205 2487 2260 in
2533 2205 2868 2278 syzigiis.‘Si
2911 2205 3053 2260 enim
3098 2203 3153 2257 in
3193 2203 3321 2258 totis
3358 2201 3436 2258 si-

1863 2297 1987 2367 gnis
2027 2297 2221 2354 lierent
2245 2298 2660 2362 conversiones,
2693 2304 2842 2352 esset
2872 2311 3058 2351 verum
3093 2295 3238 2365 quod
3273 2292 3436 2348 modo

1863 2389 2068 2443 dictum
2111 2395 2245 2444 est:
2280 2394 2337 2440 at
2373 2403 2520 2444 nunc
2547 2398 2748 2458 puncta
2797 2387 3005 2458 tropica
3053 2387 3261 2441 ratione
3308 2393 3438 2442 sunt

1863 2479 2302 2550 contemplabilia
2327 2497 2342 2546 ;
2373 2487 2543 2534 totum
2567 2495 2697 2535 vero
2724 2480 2937 2550 signum
2960 2478 3157 2534 Cancri
3190 2476 3436 2532 eamdem

1864 2571 2180 2628 distantiam
2217 2571 2379 2624 habet
2418 2571 2487 2626 ab
2538 2571 2728 2626 aestivo
2775 2570 2982 2640 tropico
3026 2575 3228 2639 puncto
3271 2583 3436 2638 quam

1863 2664 2097 2730 Gemini,
2129 2672 2181 2719 et
2211 2664 2278 2719 ab
2301 2663 2491 2719 iisdem
2526 2662 2801 2734 parallelis
2835 2662 3057 2718 circulis
3081 2660 3440 2731 comprehcno

1865 2755 2048 2823 ditur;
2082 2764 2136 2809 et
2165 2772 2231 2811 ex
2255 2756 2444 2811 eodem
2479 2755 2599 2810 loco
2626 2761 2804 2809 ortum
2834 2754 2985 2818 facit,
3014 2764 3066 2808 et
3099 2754 3153 2808 in
3183 2751 3437 2808 eumdem

1865 2850 2045 2904 locum
2099 2849 2230 2903 facit
2268 2863 2546 2904 occasum.
2586 2847 2724 2902 Sunt
2770 2849 2917 2902 enim
2969 2847 3083 2901 haec
3127 2846 3282 2917 signa
3333 2845 3440 2901 sibi

1867 2939 2100 2995 invicem
2139 2939 2439 2995 secundum
2476 2938 2774 3010 syzygiam,
2816 2953 2912 2992 seu
2955 2936 3435 2990 combinationem.

1866 3031 2230 3100 Quamobrem
2286 3034 2449 3088 etiam
2499 3030 2900 3101 magnitudines
2963 3029 3174 3084 dierum
3228 3037 3284 3083 et
3342 3044 3441 3083 no-

1793 3163 1836 3220 C
1873 3124 2044 3178 ctium
2073 3125 2314 3194 aequales
2345 3131 2474 3179 sunt
2504 3123 2558 3176 in
2591 3117 2836 3177 Geminis
2870 3129 2923 3176 et
2950 3120 3182 3176 Cancro.
3229 3117 3441 3174 Etenim

1871 3217 1927 3272 in
1954 3216 2251 3287 horologiis
2280 3216 2596 3282 extremitas
2623 3212 2828 3268 umbrae
2844 3213 2897 3266 in
2929 3227 3199 3282 gnomone
3221 3210 3441 3266 easdem

1871 3309 2044 3366 lineas
2073 3309 2338 3365 describit
2368 3309 2423 3363 in
2453 3307 2616 3363 dictis
2665 3306 2858 3377 signis.
2918 3304 3120 3359 Eadem
3171 3310 3256 3359 est
3301 3302 3444 3358 ratio

1871 3401 2034 3455 etiam
2065 3400 2119 3454 in
2153 3399 2401 3476 hibernis
2433 3398 2910 3454 conversionibus.
2962 3395 3148 3464 Neque
3189 3396 3334 3450 enim
3384 3394 3443 3448 in

1873 3492 1982 3547 illis
2011 3491 2310 3563 putandum
2335 3502 2418 3548 est
2446 3491 2501 3546 in
2546 3500 2660 3546 toto
2713 3489 3048 3560 Capricorno
3093 3487 3444 3558 longissimas

1873 3585 1990 3640 ﬁeri
2023 3593 2256 3640 noctes:
2291 3585 2386 3640 sed
2438 3600 2607 3638 unum
2657 3581 2877 3653 aliquod
2923 3589 3184 3652 punctum
3233 3579 3448 3634 ratione

1875 3677 2291 3748 intelligendum
2334 3692 2625 3732 commune
2662 3683 2746 3732 est
2787 3675 3125 3745 Capricorno
3172 3679 3227 3728 et
3265 3670 3446 3742 Sagit-

1871 3770 2013 3824 tario
2049 3789 2064 3825 :
2096 3777 2272 3825 totum
2296 3785 2425 3826 vero
2473 3770 2688 3841 signum
2733 3768 3077 3839 Capricorni,
3123 3773 3177 3822 ct
3229 3766 3446 3836 signum

1876 3862 2156 3935 Sagittarii
2209 3863 2454 3919 eamdem
2504 3863 2707 3923 habent
2762 3860 3080 3917 distantiam
3129 3859 3195 3914 ab
3218 3859 3446 3913 hiberno

1874 3957 2081 4027 tropico
2108 3965 2330 4026 puncto,
2356 3964 2409 4010 et
2439 3957 2507 4011 ab
2528 3955 2719 4012 iisdem
2746 3954 3020 4026 parallelis
3051 3953 3274 4008 circulis
3303 3966 3446 4006 com-

1873 4046 2307 4118 prehenduntur,
2335 4046 2548 4116 sibique
2585 4045 2815 4099 invicem
2845 4051 2972 4100 sunt
3019 4041 3320 4098 secundum
3343 4041 3447 4112 ιϐ

1875 4141 2172 4213 syzygiam,
2201 4155 2299 4196 seu
2333 4137 2815 4195 combinationem.
2840 4135 2995 4192 Unde
3033 4135 3197 4190 etiam
3239 4133 3445 4204 magni-

1877 4234 2095 4289 tudines
2134 4233 2345 4288 dierum
2377 4239 2432 4287 et
2460 4231 2702 4286 noctium
2744 4229 2982 4299 aaqualcs
3016 4235 3144 4282 sunt
3179 4226 3235 4280 in
3259 4224 3438 4294 Sagit-

1877 4326 2021 4379 tario
2045 4333 2100 4380 et
2131 4323 2489 4394 Capricorno.
2529 4318 2939 4379 ‘Universaliter
2969 4328 3172 4385 autem,
3222 4331 3342 4387 quae
3368 4315 3445 4369 si-

1877 4430 1978 4484 gna
2011 4416 2154 4469 inter
2194 4430 2255 4470 se
2312 4421 2440 4469 sunt
2493 4410 2790 4467 secundum
2833 4408 3130 4480 syzygiam,
3182 4421 3246 4462 ea
3292 4407 3445 4476 signa

226 4497 362 4569 Κριῷ
391 4503 480 4556 καὶ
506 4502 788 4576 Παρθένῳ,
831 4500 1024 4572 Ἰχθύσι
1047 4501 1142 4555 καὶ
1170 4499 1347 4571 Ζυγῷ,
1388 4499 1657 4571 Ὑδροχόῳ
1681 4497 1765 4551 καὶ

1879 4508 2117 4577 aequales
2156 4506 2360 4562 habent
2387 4505 2505 4561 dies
2528 4511 2582 4560 et
2600 4512 2809 4558 noctes.
2833 4501 3007 4555 Erunt
3028 4500 3192 4572 igitur
3208 4498 3447 4567 aequales

229 4587 476 4665 Σκορπίῳ,
505 4587 786 4666 Δίγόκερῳ
814 4595 908 4647 καὶ
932 4593 1153 4665 Τοξότη-

293 4851 390 4905 Τοῦ
419 4854 473 4908 δὲ
501 4857 702 4930 κόσμου
742 4856 1112 4928 σφαιροειδοῦς
1158 4855 1512 4928 ὑπάρχοντος,
1557 4853 1649 4907 καὶ
1692 4870 1777 4906 κι-

235 4943 468 5014 νουμένου
505 4949 674 5021 φορὰν
726 4949 1012 5019 ἐγκύκλιον
1041 4949 1134 5002 ἀπ’
1186 4945 1448 5016 ἀνατολῆς
1477 4945 1569 4998 ἐπὶ¹
1604 4944 1774 5008 δύσιν,

239 5034 497 5102 συμϐαίνει
532 5041 743 5096 ᾶπαντα
767 5041 835 5095 τά
892 5043 985 5095 ἐπὶ
1033 5041 1134 5110 τῆς
1186 5037 1417 5110 σφαίρας
1456 5039 1654 5108 σημεῖα
1685 5037 1779 5088 ἐπὶ

240 5127 568 5202 παραλλήλων
601 5134 812 5188 κύκλων
857 5131 1135 5205 φέρεσθαι.
1178 5128 1269 5194 Ἐξ
1317 5122 1378 5182 οὗ
1409 5128 1658 5201 φανερὸν,
1696 5129 1780 5182 δτι

241 5219 323 5269 καὶ
347 5221 531 5288 πάντες
563 5226 611 5278 οἱ
647 5225 873 5296 ἀστέρες
919 5226 1011 5278 ἐπὶ
1047 5221 1400 5295 παραλλήλων
1432 5219 1644 5274 κύκλων
1679 5219 1779 5290 τὴν

245 5305 434 5381 κίνησιν
461 5318 754 5373 ποιοῦνται.
781 5317 879 5372 Διά
900 5316 1055 5370 τοῦτο
1081 5315 1139 5369 δὲ
1163 5314 1256 5368 καὶ
1286 5315 1350 5368 ὲκ
1384 5314 1475 5367 τοῦ
1497 5311 1658 5366 αὐτοῦ
1691 5313 1780 5364 τό-

245 5415 336 5454 που
369 5407 554 5474 πάντες
576 5413 624 5464 οἱ
651 5410 905 5474 ἀπλανεῖς
931 5409 1158 5480 ἀστέρες
1186 5405 1552 5470 ἀνατέλλουσι,
1578 5407 1673 5459 καὶ
1700 5406 1781 5467 εἰς

249 5494 328 5548 τὸν
353 5501 500 5555 αὐτὸν
531 5507 688 5561 τόπον
714 5505 958 5559 δύνουσιν
977 5520 990 5530 ·
1023 5501 1222 5572 ὁμοίως
1252 5499 1309 5554 δὲ
1355 5500 1450 5552 καὶ
1489 5499 1538 5551 οἱ
1576 5495 1782 5569 παράλ-

249 5583 379 5654 ληλοι
417 5595 596 5651 κύκλοι
635 5601 699 5651 ἐκ
735 5596 828 5650 τοῦ
870 5593 1032 5649 αὐτοῦ
1073 5594 1238 5646 τόπου
1281 5590 1646 5658 ἀνατέλλουσι,
1688 5590 1782 5645 καὶ

255 5677 329 5740 εἰς
350 5681 432 5736 υδν
455 5687 604 5744 αὐτὸν
625 5691 784 5744 τόπον
817 5689 1080 5744 δύνουσιν.

325 5769 383 5826 '0.
404 5774 456 5829 δὲ
487 5779 587 5834 τῶν
615 5781 817 5847 ζωδίων
851 5779 1067 5845 κύκλος,
1109 5776 1258 5843 λοξὸς
1289 5775 1363 5833 ὢν
1395 5777 1460 5847 τῇ
1495 5774 1629 5845 πρὸς
1661 5775 1787 5839 τοὺς

1875 4598 1994 4653 dies
2028 4598 2081 4650 in
2103 4595 2349 4651 Geminis
2377 4603 2431 4650 et
2479 4593 2712 4657 Cancro,
2751 4593 2807 4647 in
2841 4591 3024 4646 Tauro
3057 4596 3113 4645 et
3147 4587 3346 4654 Leone,
3390 4587 3447 4642 in

1877 4687 2059 4742 Ariete
2089 4695 2143 4742 et
2173 4683 2419 4756 Virgine,
2447 4681 2502 4738 in
2534 4682 2786 4739 Piscibus
2813 4688 2868 4737 et
2892 4679 3078 4744 Libra,
3115 4679 3172 4734 in
3199 4677 3446 4748 Aquario

1875 4789 1932 4837 et
1961 4779 2210 4851 Scorpio,
2252 4779 2310 4834 in
2339 4778 2682 4849 Capricorno
2703 4782 2760 4830 et
2784 4771 3098 4844 Sagittario.

1947 4873 2084 4928 Cum
2125 4879 2307 4928 autem
2329 4872 2566 4927 mundus
2605 4872 2677 4926 sit
2699 4867 3024 4939 sphaericus,
3071 4874 3125 4921 et
3169 4871 3449 4920 moveatur

1878 4973 2032 5020 motu
2065 4963 2325 5019 circulari
2354 4962 2424 5017 ab
2444 4970 2570 5016 ortu
2593 4960 2660 5016 ad
2675 4973 2961 5023 occasum,
2988 4956 3168 5012 evenit
3189 4963 3250 5011 ut
3265 4957 3449 5011 omnia

1878 5062 2082 5128 puncta
2137 5055 2193 5109 in
2235 5053 2449 5123 sphaera
2489 5053 2545 5108 in
2601 5051 2878 5124 parallelis
2914 5049 3137 5106 circulis
3182 5048 3446 5107 ferantur.

1878 5147 1958 5205 Ex
1986 5161 2098 5219 quo
2143 5145 2529 5209 manifestum;
2558 5143 2704 5215 quod
2745 5143 2910 5200 etiam
2952 5154 3142 5197 omnes
3179 5140 3348 5195 stellae
3391 5141 3446 5195 in

1878 5240 2153 5312 parallelis
2181 5238 2406 5294 circulis
2440 5247 2647 5292 motum
2674 5235 2896 5291 faciant.
2916 5233 3087 5300 Quam
3123 5234 3192 5288 ob
3225 5248 3448 5288 causam

1878 5332 2042 5389 etiam
2064 5329 2256 5386 eodem
2277 5343 2341 5384 ex
2381 5327 2501 5382 loco
2533 5341 2724 5381 omnes
2751 5325 2921 5381 stella:
2948 5323 3066 5380 lixae
3092 5323 3365 5387 oriuntur,
3397 5330 3452 5378 et
3507 5311 3511 5314 ’

1881 5424 1938 5480 in
1969 5421 2220 5478 eumdem
2251 5421 2427 5475 locum
2453 5418 2710 5473 occidunt
2743 5437 2756 5472 :
2795 5415 3046 5473 similiter
3067 5425 3244 5471 autem
3267 5423 3320 5470 et
3348 5429 3450 5486 pa-

1886 5517 2066 5574 ralleli
2096 5513 2293 5570 circuli
2319 5527 2385 5567 ex
2415 5511 2610 5568 eodem
2639 5512 2759 5568 loco
2794 5511 3067 5577 oriuntur,
3111 5517 3168 5565 et
3202 5509 3260 5564 in
3298 5523 3453 5564 eum-

1881 5612 2004 5668 dem
2028 5609 2208 5664 locum
2240 5604 2516 5661 occidunt.

1963 5768 2029 5822 At
2058 5763 2340 5838 zodiacus,
2377 5776 2498 5818 cum
2533 5762 2602 5818 sit
2636 5759 2891 5834 obliquus
2925 5758 3031 5818 situ
3053 5761 3117 5816 ad
3140 5756 3450 5830 parallelos.
