3886 6268
423 342 531 395 795

1424 343 1517 395 Al)
1557 338 1832 396 EUSEBll
1873 339 2272 396 CIIRONICON
2315 336 2678 397 APPENDIX.

3613 336 3705 394 795

426 469 533 508 non
566 452 726 506 habet
756 467 945 508 omnes
991 459 1174 522 partes
1217 469 1281 508 ex
1337 453 1528 509 eodem
1580 455 1704 508 loco
1736 453 1998 520 orientes,

2118 452 2479 526 παραλλήλους
2495 453 2658 518 θέσει,
2677 453 2739 506 ού
2761 453 2932 506 πάντα
2950 450 3059 522 ἔχει
3080 451 3144 504 τὰ
3168 451 3324 522 μέρη
3350 451 3416 502 ἐκ
3435 449 3531 502 τοῦ
3550 451 3703 507 αὑτοῦ

426 561 526 601 nec
580 547 634 600 in
674 544 927 600 eumdem
996 545 1176 598 locum
1251 545 1562 601 occidentes
1600 565 1612 600 :
1649 544 2003 614 quamobrem

425 653 601 707 neque
622 635 910 690 duodecim
939 637 1090 706 signa
1113 651 1178 690 ex
1204 635 1395 690 eodem
1437 637 1561 690 loco
1589 636 1866 699 oriuntur,
1910 651 2006 689 ne-

424 746 530 798 que
554 729 606 782 in
634 727 882 782 eumdem
915 727 1094 780 locum
1129 727 1410 781 occidunt.
1450 726 1584 781 Nam
1617 727 1670 780 in
1721 727 2005 780 latitudine

425 819 686 872 zodiacus
716 818 960 872 circulus
991 825 1147 872 ortus
1177 825 1230 871 et
1255 831 1486 871 occasus
1519 815 1708 870 efficit.
1755 814 1849 868 Est
1904 830 2006 868 au-

427 923 534 965 tem
567 911 801 965 latitudo
845 919 1002 965 ortus
1035 911 1156 979 ejus
1187 911 1570 965 semicirculus
1599 926 1628 963 a
1656 910 1829 979 prima
1853 917 2006 978 parte

425 1001 624 1056 Cancri
659 1003 892 1068 oriente,
923 1018 1096 1070 usque
1140 1002 1206 1056 ad
1253 1003 1482 1072 primam
1527 1001 1845 1072 Capricorni
1889 1017 2008 1072 par-

425 1104 536 1150 tem
569 1096 976 1153 ascendentem.
1027 1095 1243 1162 Quanta
1294 1097 1440 1150 enim
1490 1103 1575 1150 est
1622 1096 1675 1148 in
1723 1094 2008 1150 horizonte

427 1187 638 1242 zodiaci
672 1187 981 1252 circulatio,
1017 1202 1136 1257 qua:
1181 1194 1268 1240 est
1321 1186 1462 1239 inter
1497 1185 1596 1240 hos
1641 1186 1780 1252 dies,
1819 1193 2008 1241 tantus

429 1286 512 1332 cst
548 1279 848 1334 secundum
906 1279 1248 1333 latitudinem
1294 1293 1621 1348 progressus
1677 1279 1902 1332 zodiaco
1952 1280 2006 1333 in

429 1371 736 1425 ltorizontc.
769 1369 865 1425 His
887 1385 1128 1442 congrua
1157 1371 1321 1424 etiam
1351 1369 1556 1425 Aratus
1586 1369 1849 1436 ostendit,
1881 1385 2007 1424 cum

431 1462 511 1517 sic
537 1463 712 1532 inquit
745 1481 757 1516 :

465 1671 534 1746 λιι
571 1667 653 1720 hic
706 1677 910 1746 tantu‘m
942 1682 1132 1746 aquam
1168 1664 1366 1746 Oceani
1405 1667 1620 1746 transit,

467 1739 738 1803 Quantum
773 1754 803 1789 a
832 1735 1164 1804 Capricorno
1190 1738 1388 1790 oriente
1412 1739 1642 1792 maxime

2104 545 2268 599 τόπου
2301 545 2675 607 ἀνατέλλοντα,
2698 546 2792 598 καὶ
2821 547 2900 607 εἰς
2934 544 3024 596 τὸν
3051 543 3213 597 αὑτὸν
3244 542 3424 594 τόπον
3453 539 3701 596 δύνοντα·

2104 637 2171 690 δι’
2200 637 2265 708 ἢν
2293 638 2470 691 αἰτίαν
2504 637 2624 690 οὐδὲ
2667 637 2738 690 τά
2781 636 2846 706 ιβ’
2877 635 3040 700 ζώδια
3078 635 3140 688 ὲκ
3185 633 3292 687 τοῦ
3343 632 3516 686 αὑτοῦ
3551 635 3702 688 τόπου

2106 728 2406 791 ἀνατέλλει,
2430 731 2524 782 καὶ
2557 731 2636 793 εἰς
2657 729 2747 782 τὸν
2786 728 2945 783 αὐτὸν
2974 729 3135 781 τόπον
3168 727 3349 780 δύνει.
3399 727 3492 777 Ἐν
3520 725 3702 781 πλάτει

2105 819 2214 892 γάρ
2240 823 2268 874 ὁ
2291 817 2553 884 ζωδιακὸς
2584 819 2782 884 κύκλος
2811 821 2911 882 τὰς
2945 818 3207 882 ἀνατολὰς
3246 819 3350 871 καὶ
3387 817 3490 881 τὰς
3533 817 3701 884 δύσεις

2109 915 2359 966 ποιεῖται.
2393 914 2548 965 Ἔστι
2573 913 2631 966 δὲ
2668 913 2727 965 τὸ
2778 911 2976 976 πλάτος
3017 911 3178 964 αὐτοῦ
3215 911 3325 981 τῆς
3353 910 3620 982 ἀνατολῆς
3645 913 3700 967 τὸ

2107 1005 2213 1059 ἀπὸ
2239 1006 2330 1058 τοῦ
2357 1006 2635 1077 Καρκίνου
2671 1004 2892 1077 πρώτης
2937 1006 3130 1076 μοίρας
3169 1001 3587 1072 ἀνατελλούσης
3614 1007 3698 1074 μέ-

2105 1115 2227 1169 χρις
2244 1099 2525 1171 Λίγόκερω
2560 1097 2779 1171 πρώτης
2815 1096 3005 1168 μοίρας
3032 1095 3484 1168 ἀναφερομένης.
3521 1095 3694 1166 Ἦλίκη

2107 1190 2215 1261 γάρ
2249 1191 2394 1242 ἐστιν
2426 1190 2538 1260 (28)
2567 1192 2598 1260 ἡ
2644 1188 2843 1260 μεταξὺ
2876 1172 2986 1242 τῶν
3032 1189 3258 1260 ἡμερῶν
3305 1187 3520 1240 τούτων
3555 1204 3695 1259 περι-

2109 1280 2250 1351 φορὰ
2287 1280 2476 1334 τούτου
2512 1281 2605 1334 ἐπὶ
2647 1281 2740 1334 τοῦ
2785 1280 3075 1351 ὁρίζοντος,
3123 1278 3444 1350 τηλικαύτη
3501 1279 3693 1350 ἐστὶνὴ

2109 1374 2251 1428 κατὰ
2274 1374 2472 1437 πλάτος
2498 1373 2730 1446 πάροδος
2773 1373 2864 1426 ἐπὶ
2897 1373 2989 1426 τοῦ
3029 1374 3310 1444 ὁρίζοντος
3347 1371 3428 1443 τῷ
3461 1373 3703 1445 ζωδιακῷ

2109 1466 2312 1538 κύκλῳ.
2341 1466 2564 1529 Τούτοις
2588 1466 2644 1519 δὲ
2678 1463 2978 1536 συμφώνως
3012 1465 3104 1518 καὶ⁴
3135 1467 3164 1519 ὁ
3189 1465 3256 1516 Ἀ
3268 1482 3443 1535 ρατος
3472 1464 3694 1534 ἀποφαίο

2110 1578 2261 1614 νεται
2284 1559 2457 1629 λέγων
2485 1558 2656 1622 οὓτως
2675 1576 2691 1589 ·

2110 1673 2308 1741 Αὐτὰρ
2354 1673 2440 1740 ὅγ’
2487 1670 2782 1726 Ὠκεανοῖο
2834 1671 3022 1726 τόσον
3063 1671 3500 1741 παραμείϐεται
3537 1670 3696 1740 ὕδωρ,

2116 1740 2349 1798 Ὀσάον
2392 1742 2873 1810 ἀπἈὶγοκερῆος
2913 1740 3348 1811 ἀνερχομένοιο
3381 1740 3642 1811 μάλιστα

466 1806 838 1881 AdCancrurn
861 1809 1114 1861 orientem
1158 1807 1381 1860 volvitur
1411 1823 1428 1881 ξ
1455 1817 1718 1881 quantum
1748 1807 1976 1881 undique

2118 1815 2411 1881 Καρκίνον
2435 1815 2520 1877 είς
2559 1806 2806 1866 ἀνιόντα
2831 1806 3175 1866 κυλίνδεται
3194 1830 3207 1843 ·
3238 1806 3451 1866 ὅσσον
3476 1809 3694 1881 ἁπάντη

468 1879 655 1936 Oriens
685 1880 938 1944 continet,
961 1887 1164 1930 tantum
1185 1887 1323 1931 certe
1342 1877 1544 1948 quidem
1559 1878 1686 1932 alibi
1707 1877 1966 1935 occidens.

500 1990 667 2046 Iuliis
697 1990 841 2046 enim
881 1990 1204 2044 determinat
1257 2005 1606 2060 progressum
1652 1990 1863 2045 zodiaci
1896 1992 2004 2045 cir-

429 2080 562 2144 culi,
588 2097 751 2152 quem
797 2079 926 2133 facit.
969 2077 1271 2133 secundum
1322 2079 1662 2134 latitudinem
1709 2081 1763 2134 in
1801 2092 1926 2134 ortu
1949 2087 2006 2134 et

429 2191 634 2232 occasu
666 2193 680 2230 :
713 2174 877 2243 idque
907 2179 1276 2242 congruenter
1308 2172 1710 2227 mathematicis
1745 2179 1800 2227 et
1830 2187 2001 2242 appa-

431 2269 639 2322 rentiaa.
680 2267 830 2320 Talis
861 2281 985 2320 cmn
1029 2266 1100 2320 sit
1133 2265 1420 2318 inclinatio
1460 2263 1690 2328 zodiaci,
1737 2263 2007 2334 contingit

429 2365 594 2419 etiam
649 2361 1106 2423 dodecatemoria,
1175 2358 1280 2414 etsi
1339 2358 1713 2429 magnitudine
1774 2359 2005 2429 aequalia

431 2463 579 2522 sunt,
609 2463 791 2509 tamen
823 2452 1183 2522 inaequalibus
1232 2451 1571 2520 temporibus
1618 2457 1774 2505 ortus
1823 2458 1877 2505 et
1915 2461 2008 2504 uc-

430 2561 593 2616 casus
633 2546 832 2602 facere.
887 2545 1017 2611 Qua:
1043 2546 1188 2598 enim
1245 2559 1368 2597 cum
1430 2543 1688 2598 zodiacus
1727 2543 1784 2596 lit
1825 2550 2009 2599 rectus

431 2649 610 2695 ortum
635 2637 866 2700 faciunt,
900 2637 989 2691 illa
1022 2638 1178 2704 signa
1199 2636 1254 2690 in
1286 2636 1526 2690 maximo
1557 2644 1800 2706 tempore
1822 2645 2004 2690 ortum

430 2739 486 2800 et
507 2715 774 2786 occasum
810 2729 1039 2784 faciunt.
1074 2728 1241 2783 Recta
1274 2729 1420 2782 enim
1452 2727 1518 2782 ad
1543 2728 1878 2782 horizontem
1919 2742 2013 2780 ca-

433 2826 590 2890 dunt,
618 2831 677 2877 ut
706 2821 1005 2878 secundum
1032 2820 1458 2890 unumquodque
1478 2829 1740 2890 punctum
1785 2818 1876 2872 fiat
1907 2834 2003 2874 or-

435 2923 526 2971 tus
589 2913 749 2986 signi,
805 2921 967 2983 atque
1022 2911 1144 2966 ideo
1186 2927 1440 2981 magnum
1490 2919 1704 2982 tempus
1753 2921 1906 2966 ortus
1957 2917 2013 2965 et

435 3023 664 3063 occasus
685 3012 1057 3062 consumatur.
1081 3005 1212 3071 Quae
1240 3020 1368 3060 vero
1389 3019 1515 3058 cum
1541 3002 1797 3057 zodiacus
1827 3001 1893 3055 ad
1911 3001 2011 3055 ho-

435 3100 701 3154 rizontem
742 3096 801 3150 fit
841 3095 1096 3165 obliquus
1133 3102 1312 3149 ortum
1371 3092 1613 3157 faciunt,
1668 3091 1760 3146 illa
1799 3091 2011 3145 minore

2118 1880 2444 1942 Ἄντέλλων
2472 1882 2695 1952 ἐπέχει,
2723 1885 2952 1936 τόσσον
2989 1901 3057 1952 γε
3083 1883 3203 1952 μὲν
3229 1881 3460 1936 ἄλλοθι
3487 1880 3685 1936 δύνων.

2186 1996 2274 2048 Ἐν
2299 1993 2408 2066 γὰρ
2430 1994 2638 2057 τούτοις
2663 1993 2760 2066 τὴν
2798 1993 3031 2065 πάροδον
3072 1994 3332 2064 ἀφορίζει
3369 1991 3467 2046 τού
3511 1992 3690 2057 ζωδια-

2105 2088 2202 2142 κοῦ
2237 2087 2456 2150 κύκλου,
2483 2090 2549 2160 ἣν
2594 2091 2828 2140 ποιεῖται
2858 2085 2999 2139 κατὰ
3045 2085 3250 2151 πλάτος
3305 2087 3403 2139 ἐπὶ
3437 2086 3530 2156 τῆς
3568 2087 3684 2137 ἀνα-

2106 2181 2264 2252 τολῆς
2297 2180 2391 2233 καὶ
2437 2180 2538 2250 τῆς
2577 2178 2782 2240 δύσεως
2810 2177 3116 2248 συμφώνως
3146 2181 3262 2243 τοῖς
3298 2177 3692 2249 μαθηματικοῖς

2107 2274 2202 2325 καὶ
2235 2272 2312 2342 τῷ
2345 2272 2670 2342 φαινομένῳ.
2701 2270 2968 2342 Τοιαύτης
2992 2271 3049 2324 δὲ
3073 2271 3174 2340 τῆς
3199 2270 3508 2339 ἐγκλίσεως
3532 2270 3686 2338 ὑπαρ-

2109 2364 2308 2435 χούσης
2336 2363 2430 2416 τοῦ
2467 2362 2735 2427 ζωδιακοῦ
2780 2362 3002 2427 κύκλου,
3041 2363 3337 2434 συμϐαίνει
3382 2362 3477 2414 καὶ
3507 2361 3571 2414 τὰ
3599 2361 3685 2414 δω-

2109 2453 2480 2524 δεκατημόρια
2514 2453 2603 2505 ίσα
2632 2453 2761 2505 ὄντα
2786 2453 2928 2506 κατὰ
2959 2453 3020 2506 τὸ
3053 2452 3287 2524 μέγεθος
3333 2452 3539 2515 ἀνίσοις
3572 2452 3680 2523 χρό-

2109 2563 2220 2609 νοις
2245 2545 2344 2608 τάς
2366 2544 2631 2608 ἀνατολὰς
2655 2545 2750 2598 καὶ
2773 2545 2870 2608 τὰς
2895 2545 3075 2611 δύσεις
3102 2544 3402 2599 ποιεῖσθαι.
3433 2545 3568 2598 Ὅσα
3599 2546 3690 2614 μὲν

2111 2635 2220 2707 γὰρ
2271 2636 2433 2708 ὀρθοῦ
2478 2638 2800 2709 γιγνομένου
2855 2638 2948 2692 τοῦ
3007 2635 3272 2703 ζωδιακοῦ
3325 2636 3559 2697 κύκλου.
3597 2634 3688 2704 τὴν

2110 2729 2373 2801 ἀνατολὴν
2401 2733 2656 2795 ποιεῖται,
2684 2734 2866 2784 ἐκεῖνα
2888 2731 2958 2784 τά
2979 2729 3144 2795 ζὼδια
3164 2733 3221 2783 ὲν
3246 2729 3492 2799 πλείστῳ
3515 2727 3552 2759 ³¹
3572 2727 3679 2798 χρό-

2111 2840 2187 2892 νῳ
2210 2823 2310 2893 τὴν
2345 2822 2607 2895 ἀνατολὴν
2647 2826 2742 2877 καὶ
2782 2825 2882 2894 τὴν
2906 2823 3059 2876 δύσιν
3089 2825 3353 2876 ποιεῖται.
3403 2818 3560 2890 Ὀρθά
3585 2819 3680 2888 γὰρ

2113 2913 2266 2985 παρὰ
2289 2914 2384 2968 τὸν
2414 2915 2664 2986 ὁρίζοντα
2715 2916 3086 2988 παραπίπτειο
3118 2913 3258 2967 ὥστε
3311 2911 3435 2966 καθ’
3470 2910 3524 2963 ἓν
3562 2911 3675 2962 ἕκα-

2116 3023 2238 3060 στον
2257 3009 2480 3077 σημεῖον
2507 3007 2600 3060 τοῦ
2625 3006 2814 3072 ζωδίου
2835 3006 2933 3078 τὴν
2953 3005 3216 3077 ἀνατολὴν
3236 3003 3486 3074 γίνεσθαι
3504 3019 3518 3032 ο
3539 3001 3614 3055 διὰ
3627 2999 3675 3051 δὲ

2115 3099 2272 3153 τοῦτο
2291 3099 2456 3153 πολὺν
2479 3100 2668 3171 χρόνον
2684 3099 3065 3154 ἀναλίσκεσθαι
3093 3099 3190 3170 τῆς
3207 3097 3476 3166 ἀνατολῆς
3495 3095 3578 3147 καὶ
3591 3091 3692 3160 τῆςδ

437 3202 680 3262 tempore
709 3191 980 3244 oriuntur.
1034 3187 1172 3242 Nam
1208 3187 1374 3243 etiam
1408 3186 1564 3256 signa
1602 3185 1822 3255 obliqua
1870 3183 2006 3238 inci-

2118 3190 2343 3255 5'3crewg'
2383 3192 2482 3246 ὅσα
2516 3192 2572 3244 δὲ
2595 3192 2823 3261 πλαγίου
2869 3191 3151 3262 γινομένου
3183 3190 3276 3243 τοῦ
3301 3185 3560 3254 ζωδιακοῦ
3588 3183 3670 3238 κύ·

438 3288 574 3342 dunt
597 3286 650 3339 in
684 3284 1043 3345 horizontem,
1069 3289 1129 3335 ut
1158 3279 1455 3336 secundum
1492 3279 1692 3333 multas
1720 3277 1857 3332 alias
1891 3288 2009 3348 par-

437 3389 522 3436 tes
548 3377 909 3434 simulortum
944 3373 1166 3438 faciant,
1199 3381 1360 3441 atque
1393 3369 1516 3425 ideo
1550 3370 1789 3424 velocem
1826 3376 2008 3423 ortum

437 3471 718 3539 contingat
747 3467 882 3522 fieri.
918 3463 1072 3520 Unde
1098 3463 1262 3520 etiam
1291 3461 1424 3517 illud
1479 3460 1625 3532 quod
1682 3458 1826 3530 apud
1870 3460 2009 3514 Ara-

437 3569 553 3616 tum
585 3559 821 3623 dicitur,
866 3558 1130 3628 quaeritur
1163 3553 1437 3626 quomodo
1468 3560 1522 3607 et
1565 3553 1621 3607 in
1674 3552 2009 3622 longissimis

438 3653 718 3716 noctibus,
749 3659 803 3707 et
833 3651 887 3705 in
919 3649 1280 3710 brevissimis,
1311 3663 1406 3702 sex
1433 3647 1588 3716 signa
1627 3646 1906 3707 oriantur,
1954 3654 2011 3701 et

441 3763 537 3801 sex
565 3746 848 3807 occidant,
889 3759 1013 3798 cum
1052 3741 1296 3796 noctium
1346 3739 1638 3795 diversitas
1674 3739 1745 3792 sit
1788 3752 2003 3808 magna.

445 3839 583 3894 Dicit
604 3850 783 3893 autem
815 3837 896 3891 sic
926 3837 1128 3922 Aratus
1161 3855 1173 3889 :

2112 3283 2240 3337 κλου
2261 3325 2275 3345 ,
2331 3285 2467 3355 πρὸς
2514 3284 2604 3338 τὸν
2659 3283 2907 3357 ὁρίζοντα
2962 3284 3059 3356 τὴν
3109 3283 3382 3353 ἀνατολὴν
3434 3280 3671 3337 ποιεῖται,

2115 3380 2300 3432 ἐκεῖνα
2333 3379 2390 3432 ὲν
2423 3377 2662 3432 ἐλάττονι
2697 3379 2872 3450 χρόνῳ
2900 3377 3328 3449 ἐπαναφέρεται.
3360 3373 3560 3439 Πλάγια
3583 3368 3674 3440 γὰρ

2111 3470 2456 3543 παραπίπτει
2492 3471 2588 3524 καὶ
2630 3471 2699 3524 τὰ
2736 3471 2900 3536 ζώδια
2948 3469 3082 3542 πρὸς
3113 3470 3203 3522 τὸν
3242 3467 3492 3538 ὁρίζοντα
3516 3479 3528 3492 ’
3553 3461 3670 3514 ὥστε

2111 3563 2232 3616 κατ’
2263 3561 2397 3616 ἄλλα
2428 3561 2599 3615 πολλὰ
2633 3562 2773 3632 μέρη
2806 3561 2921 3632 ἅμα
2964 3562 3063 3632 τὴν
3104 3559 3371 3630 ἀνατολὴν
3411 3551 3665 3609 ποιεῖσθαι.

2111 3652 2210 3707 Διά
2240 3653 2296 3707 δὲ
2337 3654 2498 3708 τοῦτο
2543 3654 2639 3707 καὶ
2698 3655 2922 3724 ταχεῖαν
2963 3652 3062 3725 τὴν
3111 3651 3376 3722 ἀνατολὴν
3417 3641 3670 3717 συμϐαίνει

2113 3743 2376 3812 γίνεσθαι.
2409 3743 2571 3798 Ὅθεν
2615 3744 2709 3798 καὶ
2749 3744 2809 3798 τὸ
2852 3745 2981 3818 παρ’
3027 3745 3238 3816 Ἀράτῳ
3285 3741 3565 3811 λεγόμενον
3588 3735 3668 3802 ξη-

2112 3837 2304 3898 τεῖται,
2350 3835 2466 3898 πῶς
2510 3835 2604 3890 καὶ
2649 3837 2707 3888 ἐν
2754 3839 2874 3901 ταῖς
2927 3836 3299 3908 μακροτάταις
3358 3829 3473 3896 νυξὶ
3512 3826 3594 3880 καὶ
3621 3825 3668 3874 δν

443 3934 561 3994 ταῖς
630 3921 992 4000 βραχυτάταις
1045 3928 1104 3994 ἓξ
1142 3927 1590 3998 δωδεκατημόρια
1633 3926 1932 3989 ἀνατέλλει,
1969 3929 2060 3982 καὶ
2123 3930 2182 3995 ἓξ
2229 3932 2408 3997 δύνει,
2470 3933 2569 4004 τῆς
2620 3933 2976 4005 παραλλαγῆς
3031 3934 3140 3988 τῶν
3191 3930 3403 3987 νυκτῶν
3461 3921 3668 3999 μεγάλης

445 4026 811 4098 ὑπαρχούσης.
872 4025 938 4080 Ἦ
989 4026 1097 4098 γὰρ
1155 4025 1386 4096 μεγίστη
1440 4023 1535 4091 νὺξ

443 4134 616 4182 ουτως
633 4134 646 4147 ·

1090 4235 1324 4291 ....omni
1349 4235 1402 4288 in
1437 4243 1607 4288 nocte.

486 4304 589 4359 Sea:
613 4323 816 4374 semper
843 4307 1092 4360 occidunt
1124 4305 1452 4359 duodecimae
1479 4314 1654 4371 partes
1682 4303 1873 4358 circuli

488 4376 723 4432 Totidem
753 4379 998 4431 oriuntur
1030 4393 1046 4432 :
1084 4379 1136 4432 in
1163 4386 1367 4430 tantam
1393 4377 1774 4447 longitudinem
1794 4375 1988 4444 quavis

523 4535 564 4566 "
603 4553 693 4606 γρ.
733 4535 960 4587 πλείονι.

1598 4024 1697 4095 τῆς
1744 4023 2029 4095 ἐλαχίστης
2086 4027 2341 4099 ὑπερέχει
2409 4028 2557 4101 ὥρας
2613 4029 2930 4101 ίσημερινάς
2992 4028 3076 4093 ιζ’.
3151 4029 3310 4098 Λέγει
3357 4025 3413 4080 δὲ
3465 4019 3668 4088 Ἄρατος

2129 4273 2141 4285 .
2224 4271 2237 4284 .
2319 4270 2334 4286 .
2414 4270 2428 4283 .
2510 4270 2522 4280 .
2606 4269 2618 4283 .
2694 4227 2862 4296 πάσῃ
2892 4227 2960 4281 δὲ
2985 4225 3278 4281 ἐπὶνυκτί
3316 4223 3428 4293 (29)

2129 4299 2240 4364 Ἐξ
2259 4301 2347 4355 ἀεὶ
2375 4301 2631 4354 δύνουσι
2669 4298 3040 4364 δυωδεκὰδες
3065 4299 3334 4364 κύκλοιο,

2131 4356 2352 4426 Τόἁσαι
2371 4371 2421 4424 δ’
2445 4369 2836 4426 ἀντέλλουσι·
2863 4356 3048 4424 τόσον
3067 4368 3118 4420 δ’
3145 4365 3243 4420 ἐπὶ
3260 4363 3453 4434 μῆκος
3471 4356 3661 4418 ἑκάστη

529 4642 638 4714 (9.8)
682 4645 888 4711 Ἢλίκη
935 4643 1045 4712 γάρ
1081 4643 1270 4696 ἐστιν.
1324 4639 1652 4714 ttor_izontis_
1686 4653 1873 4714 arcum
1914 4635 2023 4714 _de-
2051 4639 2098 4695 D
2126 4638 2238 4713 net.
2270 4629 2385 4683 Hoc
2407 4629 2552 4714 enim
2579 4627 2804 4714 circulis
2839 4627 3094 4714 omnibus;
3140 4617 3658 4714 maxinjis‘cgjlffgﬁo

453 4708 662 4774 scribit.
705 4715 797 4783 qui
848 4708 1298 4784 inter'punctum
1339 4712 1572 4764 ortivum
1613 4708 1928 4784 Capricorni
1957 4723 2020 4761 ac

453 4785 648 4840 Cancri
698 4781 1054 4854 interceptus
1086 4793 1190 4837 est.
1223 4781 1409 4854 Itaque
1452 4782 1725 4852 περιφορά
1765 4781 2024 4854 idenrest

455 4857 600 4927 quod
628 4849 971 4928 περιφέρεια.
1003 4852 1108 4928 sed
1138 4869 1242 4907 vox
1263 4849 1453 4928 τούτου
1465 4849 1846 4928 _eiipungenda
1871 4849 2024 4928 vitle-

459 4919 570 4987 t'ur,
605 4919 711 4994 pro'
737 4919 842 4996 qua
884 4925 936 4996 in
975 4925 1164 4979 codice
1201 4924 1366 4978 veteri
1399 4919 1816 4996 roﬁeo‘legitur,
1854 4919 2025 4996 nihilo

460 4990 768 5064 sinceriusf
797 4995 902 5049 Sed
936 4996 1082 5048 Arati
1120 5010 1330 5055 versus,
1354 4995 1445 5062 qui
1477 4994 1544 5046 ab
1584 4991 1813 5046 Gemino
1845 4990 2025 5044 decla-

459 5075 673 5130 rantur,
727 5066 1102 5120 obscurissimi
1156 5073 1314 5130 sunt;
1360 5072 1419 5117 ut
1467 5063 1646 5116 minus
1699 5063 1956 5115 miremur
2001 5073 2031 5130 a

463 5128 706 5196 Theone,
732 5138 846 5191 sive
869 5136 1197 5191 scholiorum
1222 5128 1486 5194 miScella,
1503 5144 1555 5188 et
1578 5133 1646 5186 ab
1663 5132 1865 5186 Avieno
1890 5128 2032 5184 haud

462 5209 597 5264 satis
635 5207 935 5262 intellectas
971 5206 1159 5261 fuisse.
1207 5205 1298 5259 Sic
1349 5206 1491 5260 enim
1534 5204 1830 5273 explicant,
1865 5198 2034 5273 quasi

464 5279 568 5333 hoc
601 5281 797 5332 Aratus
841 5277 942 5332 sibi
993 5277 1149 5342 velit;
1181 5275 1519 5329 tantumdem
1571 5270 1636 5328 ei;
1688 5273 1781 5326 illo
1828 5270 2034 5324 circulo

466 5363 632 5418 supra
683 5356 883 5402 terram
917 5347 986 5401 ab
1029 5348 1238 5401 oriente
1288 5345 1624 5418 Capricorno
1662 5344 1727 5397 ad
1770 5344 2031 5418 orientem

467 5412 651 5487 patere
689 5419 985 5480 Cancrum,
1010 5425 1271 5487 quautam
1320 5412 1422 5487 sub
1450 5424 1593 5468 terra
1640 5423 1722 5469 est
1763 5430 1792 5487 a
1822 5412 2036 5487 Cancro

469 5483 534 5542 ad
557 5490 968 5558 Capricornum.
1000 5483 1077 5541 lta
1105 5486 1312 5540 Theon.
1345 5483 1540 5540 Festus
1562 5493 1740 5539 autem
1764 5483 2031 5537 Avienus:

545 5601 644 5656 Ille
681 5613 852 5657 autem
887 5601 1082 5658 Oceani
1118 5611 1324 5654 tantum
1353 5598 1616 5654 descendit
1649 5599 1700 5651 in
1732 5577 1929 5668 (τίμιον,

546 5672 812 5740 Quantum
843 5691 874 5727 α
903 5672 1124 5732 εωηιιεο
1159 5671 1323 5725 distat
1355 5673 1559 5726 Cancro
1587 5668 1965 5738 Capricornus.

475 5765 604 5831 Quae
636 5767 903 5821 sententia
941 5765 1224 5836 nugatoria
1258 5772 1364 5832 est,
1411 5778 1585 5834 neque
1624 5760 1692 5816 ad
1732 5775 1844 5818 rem
1875 5761 2040 5832 perti-

2125 4702 2217 4773 qui
2248 4701 2526 4769 aequaliter
2557 4700 2624 4753 ab
2653 4697 3282 4773 liori_zonte’div_i_dt_i_ntur.
3317 4696 3426 4773 lino
3453 4688 3658 4773 inspira:

2130 4761 2189 4826 ra
2229 4761 2377 4826 recta
2405 4785 2694 4824 commune
2729 4769 2780 4822 id
2799 4775 2879 4822 est
2903 4767 3174 4838 parallelis
3211 4761 3656 4838 oninibus.Ar_atlIs

2129 4851 2307 4896 autem
2322 4841 2596 4910 peculiare
2607 4839 2816 4910 aliquid
2838 4830 3062 4910 zodiaco
3075 4837 3282 4910 circulo
3301 4833 3530 4887 versibus
3550 4830 3658 4910 iisce

2130 4897 2448 4982 complexus
2471 4920 2572 4966 est.
2603 4909 2682 4964 Ne
2707 4897 2902 4972 inulta,
2922 4909 3099 4982 ὅσσον,
3118 4915 3172 4961 et
3187 4907 3378 4982 τόσσον
3401 4897 3653 4982 secundum

2131 4968 2496 5044 latitudinem,
2531 4988 2590 5034 ut
2619 4987 2836 5040 vocant,
2870 4968 3122 5040 ortivam,
3155 4979 3268 5031 sive
3304 4973 3439 5029 κατά
3469 4968 3651 5044 πλάτος.

2135 5070 2243 5108 non
2270 5053 2412 5106 κατὰ
2451 5040 2624 5123 μῆκος
2655 5050 3061 5123 intelligendum
3097 5057 3200 5110 est,
3242 5055 3302 5123 ut
3339 5047 3484 5100 docet
3507 5040 3652 5123 (ictui:

2129 5129 2258 5178 'nus.
2309 5115 2585 5189 Quantum
2619 5122 2693 5174 ait
2743 5115 3087 5174 intervallum
3119 5132 3204 5171 ρει
3248 5117 3388 5170 inter
3414 5115 3649 5189 punctum

2136 5173 2464 5254 ἱίἆιῖίκοῖιῐξζζ
2476 5173 2524 5246 ‘5
2540 5173 2659 5260 quo
2690 5173 3057 5260 Capricornus
3087 5189 3365 5260 oritur,_et
3394 5173 3511 5260 illud
3537 5173 3652 5260 utlflf

2135 5245 2618 5319 Caaééi‘éibmiht
2662 5245 2825 5324 facii,
2859 5269 3063 5314 tantam
3098 5245 3307 5312 oriendi
3348 5245 3650 5324 occidendit'f

2139 5311 3076 5393 ἱιῐιῖὼιὶὸδίξιὼξζέε
3111 5311 3318 5383 tantum
3345 5324 3571 5398 spatium.
3597 5311 3651 5398 ib

2137 5388 2375 5469 Oceano,
2404 5403 2454 5456 id
2484 5411 2568 5458 est
2606 5403 2889 5456 horizonte
2918 5388 3173 5455 attollens
3217 5413 3357 5460 sese.
3377 5388 3653 5461 complecti-

2142 5483 2249 5535 tur,
2282 5475 2640 5543 similiterque
2668 5473 2942 5543 occidens.
2999 5539 3025 5543 _
3078 5539 3104 5543 _
3149 5540 3181 5543 __
3229 5541 3237 5543 _

2215 5531 2325 5616 (29)
2364 5543 2534 5612 Πάσῃ
2555 5531 2627 5597 δὲ
2652 5543 2749 5597 ἐπὶ
2771 5542 2963 5616 νυκτί.
2994 5539 3048 5616 Si
3073 5531 3652 5616 Solinianum_exgrc_ig:

2143 5593 2323 5672 torem
2353 5593 2964 5682 εἱῐιξὲέιιὲέξὶὶάραιέιίί
3001 5593 3239 5675 Aratus,
3267 5610 3371 5682 qui
3396 5593 3649 5682 δυῳδεκξξίξ

2143 5687 2282 5743 dixit
2322 5701 2422 5756 pro
2476 5672 2796 5756 duodecima
2844 5691 3027 5753 parte,
3070 5672 3219 5756 cum
3245 5672 3315 5756 sit
3341 5672 3650 5756 duode‘nartlg

2146 5725 2462 5829 ῖιςξέίδίιῖ..
2476 5725 3041 5812 “sirenarum
3067 5725 3516 5824 ῑεάξτέιλῑιῑῖιιιιω
3535 5725 3649 5808 ψυά
