3886 6268
152 296 259 349 797

1275 306 1517 365 GEMINI
1549 307 1923 364 ELEMENT-A
1959 309 2463 368 ASTRONOML‘E.

3384 313 3494 371 793

502 417 913 498 τετᾴνιξσται,
948 419 1098 498 ᾆσον
1121 420 1201 498 .τέ
1228 436 1348 498 περ,
1370 422 1559 498 ἥμισυ
1587 425 1809 498 κύκλοι

1938 425 2065 498 Nox
2092 444 2293 498 semper
2334 437 2412 482 est
2446 435 2685 498 extensa,
2706 437 2958 495 quantam
2988 427 3236 483 medietas
3268 428 3454 482 circuli

166 472 601 553 Ἀβχομένης
635 472 1002 557 ἀπὸννὺκῖνόξ
1033 472 1503 562 ἂείρἐτὰῗῠέιέἓὸῐ

243 600 626 672 Ἀπορεῖται
651 603 736 676 δὴ,
765 604 881 670 πῶς
903 608 997 660 καὶ
1019 609 1077 660 ὲν
1095 610 1216 672 ταῖς
1243 608 1612 680 μακροτάταις
1638 611 1734 664 καὶ
1758 612 1816 665 ὲν

153 691 281 754 ταῖς
347 690 778 763 βραχυτάταις
830 697 981 762 νυξὶν
1026 699 1348 770 ἡμικύκλιον
1397 702 1492 756 τοῦ
1546 703 1811 769 ζωδιακοῦ

158 782 378 837 κύκλου
421 787 541 839 καὶ
606 788 912 856 ἀνατέλλει,
960 790 1056 845 καὶ
1104 791 1271 848 δύνει.
1316 793 1530 849 Γίνεται
1568 794 1626 849 δὲ
1659 794 1817 850 τοῦτο

157 873 251 927 διὰ
277 873 390 946 τὴν
433 876 724 945 ἔγκλισιν
753 879 851 935 τοῦ
895 880 1164 946 ζωδιακοῦ
1199 884 1421 941 κύκλου.
1454 886 1555 941 Διά
1582 886 1691 959 γὰρ
1717 888 1815 960 τὴν

161 965 454 1039 λοξότητα
487 971 561 1025 ὲν
599 971 815 1038 ἀνίσοις
855 974 1066 1048 χρόνοις
1093 976 1395 1043 ἀνατέλλει,
1439 980 1534 1033 καὶ
1575 977 1718 1032 δύνει
1745 979 1815 1033 τὰ

160 1060 260 1114 τοῦ
292 1061 620 1125 ζωδιακοῦ
658 1065 1262 1142 [κύκλου1λὴμικύκλια.
1286 1071 1685 1127 Ταπεινοτάτου
1712 1072 1813 1145 μὲν

164 1153 277 1225 γὰρ
304 1153 485 1219 ὖντος
512 1157 636 1213 τοῦ
687 1161 952 1226 ζωδιακοῦ
1000 1161 1198 1218 κύκλου
1246 1165 1384 1237 πρὸς
1421 1164 1512 1219 τὸν
1540 1164 1811 1238 ὁρίζοντα,

164 1246 311 1318 ὅπερ
355 1249 925 1325 γίνεταιτΔίγόκερω
959 1254 1182 1327 πρώτης
1214 1256 1407 1328 μοίρας
1449 1256 1814 1328 μεσουρανού-

171 1356 297 1411 σης,
332 1343 601 1413 ταχεῖαν
642 1348 854 1400 ποείται
879 1346 979 1417 τὴν
1008 1346 1272 1420 ἀνατολὴν
1296 1346 1358 1400 τὸ
1391 1346 1714 1419 ἡμικύκλιον
1750 1345 1811 1400 τὸ

167 1432 278 1485 ἀπὸ
302 1431 413 1485 τοῦ
435 1434 644 1507 Κριοῦ
670 1436 890 1508 πρώτης
914 1437 1108 1510 μοίρας
1126 1437 1287 1509 μέχρι
1307 1438 1585 1510 Παρθένου
1615 1439 1811 1510 μοίρας

173 1521 239 1576 λ’.
276 1522 551 1590 Πλάτων
586 1526 707 1598 γὰρ
735 1527 1072 1599 παραπίπτει
1099 1527 1252 1600 παρά
1290 1527 1382 1582 τὸν
1409 1528 1676 1601 ὁρίζοντα,
1714 1530 1810 1583 καὶ

174 1614 357 1669 πολλὰ
401 1617 572 1691 μέρη
614 1612 735 1690 ἅμα
765 1620 864 1694 τὴν
893 1620 1155 1692 ἀνατολὴν
1185 1623 1439 1676 ποιεῖται.
1486 1620 1805 1694 ὐρθοτάτου

177 1706 236 1762 δὲ
258 1708 427 1774 δντος
455 1710 570 1765 τοῦ
608 1710 877 1777 ζωδιακοῦ
894 1711 1116 1776 κύκλου,
1137 1712 1274 1786 ὅπερ
1300 1712 1510 1783 γίνεται
1527 1714 1802 1787 Καρκίνου

178 1800 417 1873 πρώτης
477 1803 703 1876 μοίρας
765 1804 1203 1877 μεσουρανούσης
1227 1783 1254 1869 ,ν
1288 1808 1512 1877 ταχεῖαν
1572 1783 1805 1860 ποιεῖται
1833 1783 1879 1838 Β

180 1893 278 1967 τὴν
316 1894 625 1969 ἀνατολὴν
649 1896 711 1951 τὸ
732 1897 1055 1970 ἡμικύκλιον
1083 1897 1146 1951 τὸ
1188 1897 1298 1952 ἀπὸ
1322 1897 1417 1952 τοῦ
1458 1898 1628 1968 Ζυγού
1662 1896 1808 1970 πρώ-

178 2003 281 2057 της
315 1987 542 2058 μοίρας
575 1988 779 2063 μέχρις
819 1988 1037 2062 Ἰχθύων
1069 1989 1260 2061 μοίρας
1286 1991 1366 2044 λΜ
1397 1989 1519 2043 ὅθεν
1546 1990 1602 2042 ὲν
1629 1987 1805 2059 πολλῷ

183 2078 365 2151 χρόνῳ
392 2078 505 2151 τὴν
546 2081 838 2151 ἀναφορὰν
880 2083 1131 2136 ποιεῖται.
1178 2080 1431 2151 Εύλόγως
1479 2077 1570 2134 οὖν
1616 2082 1709 2134 καὶ
1748 2083 1805 2133 ὲν

183 2174 304 2234 ταῖς
331 2176 712 2245 χειμεριναῖς
740 2173 858 2239 νυξὶ
886 2173 981 2228 καὶ
1020 2175 1078 2228 ὲν
1121 2176 1242 2238 ταῖς
1282 2173 1520 2247 θεριναῖς
1550 2172 1609 2239 ἒξ
1636 2173 1802 2239 ζώδια

190 2264 512 2331 ἀνατέλλει,
553 2267 661 2319 καὶ
700 2264 760 2332 ἒξ
800 2265 968 2331 ζώδια
1007 2265 1165 2320 δύνει.
1226 2267 1290 2320 Oi
1342 2266 1450 2339 γὰρ
1499 2266 1807 2320 ἀνατολικοὶ

189 2357 398 2429 χρόνοι,
445 2357 573 2412 τῶν
622 2358 830 2423 ζωδίων
866 2357 997 2412 ἴσων
1036 2357 1206 2411 όντων
1255 2356 1397 2411 κατά
1447 2357 1509 2410 τὸ
1555 2355 1804 2428 μέγεθος,

193 2449 367 2503 ἀνισοι
405 2448 675 2516 γίνονται
703 2446 847 2503 κατά
870 2448 997 2512 τοὺς
1030 2448 1276 2519 χρόνους.
1314 2447 1424 2501 Καὶ
1467 2449 1525 2500 ὲν
1561 2446 1660 2517 μὲν
1687 2449 1807 2510 ταῖς

192 2543 551 2613 χειμεριναῖς
581 2539 709 2606 νυξὶ
735 2539 803 2594 τὰ
836 2539 1185 2611 πολυχρόνιον
1227 2538 1521 2609 ποιούμενα
1549 2536 1644 2610 τὴν
1671 2537 1805 2591 ἀνα-

195 2631 354 2705 τολὴν
381 2630 771 2704 ἀναφέρεταιι
798 2632 855 2685 ἐν
895 2629 953 2683 δὲ
977 2631 1098 2693 ταῖς
1149 2628 1386 2700 θεριναῖς
1435 2626 1554 2693 νυξὶ
1599 2626 1672 2682 τὰ
1709 2644 1809 2682 τα-

197 2728 345 2795 χεῖαν
378 2725 711 2796 ποιούμενα
739 2724 837 2797 τὴν
871 2722 1136 2794 ἀνατολὴν
1175 2722 1477 2777 ἀνατέλλει.
1745 2787 1749 2799 1

266 2817 332 2873 Οἱ
370 2819 477 2890 μὲν
520 2813 630 2871 οὖν
660 2817 873 2888 ἀρχαῖοι
913 2814 1167 2885 καθάπερ
1204 2814 1297 2868 επὶ
1325 2814 1435 2867 τῶν
1470 2812 1612 2867 κατὰ
1641 2810 1808 2875 συζυ-

201 2910 324 2979 γίαν
357 2910 587 2976 ζῳδίων
624 2909 937 2981 ἠγνόησαν,
968 2905 1141 2970 οὕτως
1188 2906 1284 2960 καὶ
1328 2906 1388 2959 ὲν
1417 2907 1528 2969 τοῖς
1564 2903 1810 2958 ἀνατολι-

206 3006 318 3068 κοῖς
343 3004 575 3075 χρόνοις
615 3002 722 3056 τῶν
748 3001 955 3068 ζωδίων
977 2999 1298 3072 διήμαρτον.
1343 2998 1808 3071 Ὑποστησάμενοι

1985 497 2031 550 Α
2057 497 2208 551 nocte
2229 499 2504 565 incipiente
2530 497 2791 551 attollitur
2816 514 2974 568 supra
3004 509 3218 554 terram.

1992 609 2284 668 Dubitatur
2318 612 2433 682 jam
2463 611 2741 683 quomodo
2777 612 2942 668 etiam
2976 612 3029 667 in
3068 613 3404 685 longissimis
3429 625 3489 671 et

1917 704 1973 759 in
1998 704 2338 761 brevissimis
2358 706 2612 761 noctibus
2635 704 3022 762 semicirculus
3044 708 3251 762 zodiaci
3273 716 3327 761 et
3342 707 3490 761 oria-

1914 805 2006 851 tur
2043 803 2098 851 et
2126 796 2360 852 occidat.
2408 795 2495 851 Fit
2531 803 2711 851 autem
2741 798 2869 867 .hoc
2914 806 3134 869 prOpter
3180 799 3490 853 inclinatio-

1913 904 2042 945 nem
2068 889 2301 945 zodiaci.
2330 886 2466 944 Nam
2494 896 2715 961 propter
2744 889 3141 961 obliquitatem,
3173 891 3227 945 in
3278 896 3497 961 tempo-’

1915 982 2071 1038 ribus
2117 981 2479 1053 inaequalibus
2498 983 2751 1038 oriuntur
2778 991 2831 1038 et
2856 983 3116 1038 occidunt
3148 983 3355 1038 zodiaci
3400 999 3491 1039 se-

1912 1073 2204 1129 micirculi.
2235 1072 2370 1127 Nam
2419 1087 2542 1128 cum
2569 1073 2829 1128 zodiacus
2862 1074 2964 1144 17
3000 1074 3239 1129 circulus
3265 1087 3349 1130 est
3382 1074 3489 1128 hu-

1913 1165 2181 1221 millimus
2211 1165 2279 1220 ad
2302 1165 2665 1231 horizontem,
2716 1165 2861 1236 quod
2897 1166 2959 1220 lit-
2997 1180 3118 1220 cum
3166 1166 3488 1238 Capricorni

1913 1256 2088 1328 prima
2116 1272 2244 1328 pars
2279 1255 2513 1312 medium
2553 1254 2676 1310 caeli
2722 1262 2889 1320 tenet,
2939 1255 3179 1310 velocem
3222 1256 3354 1312 facit
3397 1274 3490 1312 or-

1909 1355 2026 1403 tum
2059 1348 2437 1404 semicirculus
2493 1347 2586 1419 qui
2630 1356 2716 1403 est
2756 1348 2826 1401 ah
2866 1345 3080 1402 Arietis.
3106 1347 3280 1418 prima
3332 1358 3489 1419 parte

1910 1454 2086 1510 usque
2107 1437 2176 1493 ad
2197 1436 2436 1507 Virginis
2465 1444 2673 1508 partem
2702 1436 3056 1493 tricesimam.
3092 1436 3225 1492 Nam
3268 1438 3490 1510 obliqua

1909 1531 2058 1588 cadit
2097 1530 2165 1585 ad
2200 1531 2560 1599 horizontem,
2613 1538 2668 1586 et
2710 1530 2765 1585 in
2807 1530 3002 1586 multis
3038 1530 3287 1602 partibus
3326 1530 3489 1587 simul

1907 1637 2087 1683 ortum
2120 1625 2269 1681 facit.
2310 1624 2446 1680 Cum
2500 1640 2630 1680 vero
2687 1624 2944 1680 zodiacus
2989 1632 3075 1679 est
3113 1623 3486 1691 rectissimus,

1906 1717 2053 1788 quod
2088 1716 2311 1782 iit,cum
2338 1715 2511 1785 prima
2544 1730 2673 1785 pars
2702 1713 2896 1769 Cancri
2948 1713 3188 1769 medium
3235 1713 3359 1768 εωιί
3402 1721 3487 1769 ιε-

1908 1818 2023 1877 net,
2051 1809 2294 1865 velocem
2316 1806 2447 1863 facit
2467 1817 2650 1863 ortum
2681 1816 2737 1863 et
2754 1807 3136 1863 semicirculus
3190 1805 3284 1876 qui
3330 1815 3414 1863 est
3457 1822 3487 1860 ιι

1909 1900 2088 1955 Librae
2131 1899 2307 1971 prima
2346 1907 2501 1970 parte
2530 1913 2703 1968 usque
2751 1897 2817 1952 ad
2860 1897 3101 1953 Piscium
3140 1905 3347 1961 partem
3391 1896 3487 1951 tri-

1906 1992 2162 2048 cesimam
2193 2009 2206 2045 :
2239 1991 2385 2046 unde
2423 1991 2478 2045 in
2500 1990 2659 2059 longo
2677 1997 2920 2059 tempore
2942 1997 3135 2044 ortum
3155 1988 3304 2044 facit.
3345 1987 3491 2044 Con-

1905 2082 2190 2139 venienter
2217 2079 2384 2150 igitur
2410 2091 2462 2134 et
2499 2079 2551 2134 in
2583 2078 2828 2133 hibernis
2850 2078 3140 2143 noctibus,
3161 2085 3216 2133 et
3258 2078 3312 2132 in
3342 2077 3508 2133 aesti-

1906 2173 2010 2237 vis,
2054 2188 2150 2228 sex
2175 2171 2330 2244 signa
2363 2172 2636 2237 oriuntur,
2660 2177 2715 2225 et
2736 2185 2828 2225 sex
2871 2171 3024 2241 signa
3048 2171 3324 2226 occidunt.
3351 2169 3487 2224 Nam

1906 2265 2080 2321 ortiva
2130 2272 2410 2336 tempora.
2466 2264 2569 2320 etsi
2634 2264 2790 2335 signa
2833 2263 3010 2334 quoad
3062 2263 3488 2335 magnitudinem

1908 2367 2035 2413 sunt
2062 2358 2313 2428 aequalia,
2368 2356 2504 2411 ﬁunt
2545 2357 2831 2428 inaequalia
2878 2356 3179 2413 secundum
3220 2363 3486 2425 tempora.

1908 2450 1974 2505 Et
1995 2451 2215 2520 quidem
2234 2452 2289 2507 in
2329 2451 2575 2507 hibernis
2616 2452 2873 2507 noctibus
2919 2465 2982 2505 ea
3032 2451 3189 2521 signa
3236 2451 3490 2505 oriuntur

1907 2556 2028 2612 quae
2063 2541 2279 2595 tardum
2312 2540 2518 2596 faciunt
2544 2550 2767 2610 ortum;
2813 2541 2868 2595 in
2898 2540 3102 2597 restivis
3141 2542 3398 2599 noctibus
3422 2555 3489 2598 ea

1907 2630 2161 2684 oriuntur
2188 2630 2342 2701 signa
2362 2646 2482 2701 qua:
2507 2631 2744 2687 velocem
2778 2630 2988 2694 iaciunt
3022 2641 3226 2687 ortum.

1978 2826 2202 2884 Veteres
2232 2826 2429 2899 igitur,
2466 2827 2923 2898 quemadmodum
2973 2843 3083 2884 non
3125 2837 3275 2885 recte
3326 2830 3489 2885 inteb-

1908 2918 2159 2976 lexerunt
2205 2920 2360 2991 signa
2397 2908 2814 2984 combinatoria,
2848 2920 2930 2976 sic
2977 2921 3140 2976 etiam
3184 2920 3241 2975 in
3295 2922 3488 2978 ortivis

1910 3009 2249 3082 temporibus
2277 3010 2559 3080 signorum
2598 3019 2938 3066 erraverunt.
2972 3011 3109 3067 Cum
3144 3012 3291 3067 enim
3342 3028 3487 3083 prie-

207 3094 313 3167 γὰρ
339 3094 652 3167 ὀρθότατον
691 3088 831 3148 εἶναι
863 3093 955 3146 τὸν
996 3091 1256 3156 ζωδιακὸν
1285 3090 1504 3156 κύκλον,
1531 3092 1807 3163 Καρκίνου

1915 3100 2337 3183 supposuissent
2362 3100 2646 3156 zodiacum
2674 3101 2939 3156 circulum
2969 3110 3085 3157 tum
3113 3102 3484 3158 rectissimum

213 3186 436 3260 πρώτης
480 3187 687 3260 μοίρας
736 3186 1211 3258 μιεσουρανούσης⁸
1266 3186 1388 3241 ἐπεὶ
1436 3184 1577 3242 κατὰ
1626 3184 1812 3239 τοῦτον

212 3279 300 3334 τὸν
346 3282 549 3353 καιρὸν
597 3279 879 3335 ἀνατέλλει
922 3279 1019 3351 μὲν
1069 3280 1280 3349 Ζυγός,
1312 3278 1458 3332 δύνει
1498 3278 1555 3331 δὲ
1601 3278 1771 3349 Κριός
1796 3294 1811 3309 ο

220 3372 578 3444 ἀπεφήναντο
603 3372 665 3426 ὲν
696 3371 934 3442 πλείστῳ
964 3370 1062 3442 μὲν
1094 3370 1272 3443 χρόνῳ
1288 3370 1597 3425 ἀνατέλλειν
1620 3370 1812 3439 Ζυγδν,

216 3463 272 3515 ἐν
304 3461 554 3535 πλείστῳ
599 3463 660 3517 δὲ
691 3462 869 3534 χρόνῳ
902 3460 1078 3515 δύνειν
1121 3462 1312 3532 Κριόν.
1352 3461 1521 3516 Πάλιν
1563 3461 1685 3515 ἐπεὶ
1714 3478 1814 3515 τα-

224 3555 540 3621 πεινότατος
574 3557 789 3626 γίνεται
821 3556 851 3607 ό
881 3555 990 3609 τῶν
1021 3553 1228 3619 ζωδίων
1269 3553 1490 3618 κύκλος,
1534 3554 1816 3624 Αίγόκερω

227 3643 446 3719 πρώτης
490 3648 695 3721 μοίρας
732 3646 1206 3718 μεσουρανούσης,
1243 3646 1385 3700 κατά
1414 3645 1603 3701 τοῦτον
1635 3645 1814 3699 δὲ.τδν

223 3737 408 3809 καιρὸν
443 3738 740 3793 ἀνατέλλει
774 3739 874 3809 μὲν
905 3739 1097 3811 Κριὸς,
1125 3737 1269 3793 δύνει
1294 3738 1352 3792 δὲ
1378 3737 1549 3807 Ζυγός
1572 3754 1583 3765 ·
1612 3738 1818 3809 ἀπεφὴο

226 3843 376 3883 ναντο
419 3831 525 3901 μὲν
573 3831 808 3903 τάχιστα
854 3830 1167 3885 ἀνατέλλειν
1208 3829 1410 3902 Κριὸν,
1447 3829 1713 3902 ἐλαχίστῳ
1756 3830 1814 3884 δὲ

230 3921 402 3993 χρόνῳ
420 3922 610 3977 δύνειν
634 3922 827 3993 Ζυγόν.
852 3922 1023 3976 Πάλιν
1052 3922 1176 3976 ἐπεὶ
1206 3921 1377 3993 μέσην
1408 3920 1651 3990 ἔγκλισιν
1677 3921 1816 3994 λαμ-

233 4011 379 4071 ϐάνει
398 4017 428 4069 ό
458 4016 575 4070 τῶν
604 4015 812 4080 ζῳδίων
840 4015 1039 4079 κύκλος
1061 4013 1199 4087 πρὸς
1231 4013 1323 4068 τὸν
1350 4014 1620 4086 ὁρίζοντα,
1640 4013 1813 4087 Κριοῦ

234 4105 451 4180 πρώτης
499 4109 695 4180 μοίρας
743 4105 1217 4180 μεσουρανούσης,
1256 4105 1352 4160 καὶ
1382 4104 1557 4174 Ζυγοῦ
1591 4104 1813 4177 πρώτης

240 4197 425 4271 μοίρας
460 4200 933 4274 μεσουρανούσης’
956 4198 1234 4254 ἀνατέλλει
1264 4197 1362 4270 μὲν
1388 4198 1690 4270 Καρκίνος,
1719 4197 1813 4251 δύ-

233 4303 313 4341 νει
343 4289 402 4344 δὲ
434 4292 781 4366 Αἱγόκερως·
819 4290 961 4345 ὥστε
999 4291 1161 4362 μέσον
1192 4289 1384 4362 χρόνον
1422 4290 1520 4361 τῆς
1553 4288 1813 4361 ἀνατολῆς

239 4374 374 4447 ἔχειν
405 4381 706 4455 Καρκίνον,
737 4384 833 4437 καὶ
870 4381 1033 4454 μέσον
1064 4382 1255 4455 χρόνον
1288 4382 1389 4454 τῆς
1415 4381 1619 4447 δύσεως
1651 4382 1813 4451 Αἰγό-

1911 3205 2055 3256 εεεε,
2091 3205 2215 3246 cum
2245 3189 2445 3246 Cancri
2489 3190 2664 3261 prima
2706 3206 2835 3261 pars
2873 3190 3110 3245 medium
3147 3191 3274 3246 cmli
3320 3200 3488 3246 tene-

1912 3291 2030 3349 ret;
2073 3297 2308 3352 cumque
2360 3282 2464 3337 hoc
2516 3288 2760 3353 tempore
2790 3283 3000 3338 oriatur
3026 3281 3226 3349 Libra,
3271 3283 3488 3340 occidat

1912 3366 2108 3423 Aries:
2143 3367 2270 3424 inde
2322 3376 2632 3425 statuerunt
2693 3370 3013 3441 longissimo
3057 3379 3302 3443 tempore
3350 3375 3487 3430 oriri

1913 3457 2154 3524 Libram,
2187 3465 2241 3514 et
2273 3459 2593 3530 longissimo
2645 3467 2888 3531 tempore
2931 3462 3185 3519 occidere
3220 3464 3484 3521 Arietem.

1915 3547 2130 3606 Rursus
2152 3546 2277 3605 cum
2306 3550 2645 3608 humillimus
2680 3552 2772 3607 fiat
2800 3554 3084 3619 zodiacus,
3115 3556 3290 3626 prima
3336 3566 3489 3629 parte

1913 3643 2238 3714 Capricorni
2260 3640 2484 3699 tenente
2516 3644 2753 3700 medium
2795 3647 2949 3712 coeli,
2980 3656 3033 3702 et
3087 3647 3192 3703 hoc
3238 3656 3487 3720 tempore

1913 3735 2128 3791 oriatur
2152 3734 2333 3799 Aries,
2366 3734 2529 3790 Libra
2563 3737 2780 3792 occidat
2810 3757 2824 3793 :
2861 3746 3171 3795 statuerunt
3199 3741 3482 3798 celerrime

1915 3828 2052 3895 oriri
2090 3828 2355 3894 Arietem,
2399 3839 2455 3884 et
2485 3830 2773 3886 celerrimo
2803 3838 3049 3903 tempore
3104 3834 3355 3890 occidere
3396 3834 3490 3890 Li-

1914 3920 2095 3976 bram.
2125 3917 2340 3975 Rursus
2377 3934 2500 3974 cum
2529 3920 2761 3976 mediam
2785 3922 3192 3979 inclinationem
3230 3925 3489 3981 zodiacus

1915 4019 2030 4065 tum
2058 4008 2128 4064 ad
2162 4009 2500 4065 horizontem
2531 4011 2778 4083 accipiat,
2815 4028 2939 4068 cum
2962 4016 3148 4084 prima
3174 4030 3303 4085 pars
3332 4016 3492 4073 Arie~

1916 4104 1989 4159 tis
2013 4103 2252 4158 medium
2283 4102 2405 4158 caeli
2438 4115 2690 4172 occupat,
2721 4112 2773 4159 et
2803 4102 2980 4160 Librae
3004 4121 3131 4176 pars
3155 4107 3329 4179 prima
3373 4122 3489 4163 me-

1920 4193 2073 4248 dium
2106 4191 2232 4248 εωῙὶ
2263 4199 2433 4255 ιεηει,
2462 4193 2676 4247 oriatur
2703 4202 2884 4249 autem
2931 4192 3143 4250 Cancer
3169 4203 3225 4250 et
3275 4195 3490 4250 accidat

1918 4285 2294 4355 Capricornus
2335 4302 2350 4340 :
2389 4290 2699 4339 statuerunt
2752 4285 2936 4356 igitur,
2987 4286 3224 4341 medium
3272 4295 3488 4357 tempus

1919 4383 2075 4432 ortus
2102 4376 2303 4432 habere
2332 4376 2623 4442 Cancrum,
2652 4386 2707 4432 et
2738 4377 2976 4432 medium
3006 4388 3217 4451 tempus
3254 4394 3487 4436 occasus

239 4484 427 4542 κερων·
455 4474 622 4529 πάλιν
641 4474 698 4529 δὲ
718 4474 913 4547 Χηλῶν
935 4475 1396 4547 μεσουρανουσῶν,
1428 4475 1589 4546 μέσον
1616 4475 1807 4547 χρόνον

1915 4470 2342 4540 Capricornum;
2377 4485 2569 4525 rursus
2600 4467 2783 4524 Chelis
2815 4470 3051 4526 medium
3101 4471 3223 4528 cmli
3254 4472 3492 4537 tenenti-

242 4561 335 4633 τῆς
358 4565 625 4640 ἀνατολῆς
657 4566 769 4634 ἕξει
791 4569 1123 4642 Αίγόκερως,
1159 4570 1253 4624 καὶ
1298 4568 1458 4639 μέσον
1485 4567 1584 4639 τῆς
1615 4567 1817 4632 δύσεως

244 4655 426 4727 χρόνον
453 4661 749 4733 Καρκίνος.
799 4661 864 4716 Ἦ
896 4661 952 4715 δὲ
978 4661 1213 4733 τοσαύτη
1247 4661 1460 4724 ἔκθεσις
1490 4660 1597 4715 τῶν
1623 4662 1816 4717 ἀνατο-

246 4741 402 4801 λικῶν
440 4752 651 4823 χρόνων
701 4751 855 4824 παρά
895 4755 1007 4817 τοῖς
1054 4752 1300 4824 ἀρχαίοις
1345 4752 1463 4806 ἐστὶ
1517 4753 1817 4825 διημαρτη-

251 4836 398 4909 μένη.
440 4842 595 4898 Ἐπεὶ
631 4844 742 4917 γὰρ
776 4845 997 4916 Δίδυμοι
1042 4844 1137 4898 καὶ
1182 4845 1456 4916 Καρκίνος
1501 4844 1601 4917 τὴν
1647 4844 1816 4916 αὐτὴν

251 4922 481 4994 ἔγκλισιν
532 4932 746 5005 ἔχουσιν
795 4934 854 4987 ὲν
894 4932 973 5004 τῷ
1017 4931 1264 5003 ξωδιακῷ
1313 4931 1499 5002 κύκλῳ
1543 4930 1678 5004 πρὸς
1724 4929 1815 4984 τὸν

252 5015 521 5089 ὁρίζοντα,
553 5026 645 5079 καὶ
673 5026 774 5095 τὴν
808 5025 978 5095 αὐτὴν
1010 5024 1309 5078 ἀπόστασιν
1337 5023 1445 5077 ἀπὸ
1473 5020 1567 5076 τοῦ
1601 5020 1814 5092 θερινοῦ

263 5163 572 5249 Strabonem
596 5177 689 5249 lib.
725 5193 787 5249 ιι,
815 5177 1177 5249 ἑξηκοντάδας
1199 5190 1299 5246 pro
1330 5176 1438 5230 alia
1465 5191 1598 5249 voce
1617 5175 1812 5246 depra-

263 5247 379 5318 t‘ata
409 5245 616 5318 restitui
659 5248 882 5318 iubens,
901 5245 1293 5318 'sexagesimas
1323 5246 1816 5318 partesinterpre-

265 5312 646 5402 ξῇῑὲιξεξὶιτᾘος
660 5312 795 5373 'vero
824 5312 1285 5402 Salmasiustpag:
1311 5312 1444 5402 6'64).
1458 5315 1609 5402 rideo
1632 5312 1816 5402 repre-

268 5374 462 5462 hendit,
496 5388 635 5462 quod
676 5403 739 5442 ea
773 5390 997 5462 notione
1035 5374 1382 5462 scribendum
1418 5374 1811 5462 ἒξηκοστάδας,

272 5451 314 5498 si
343 5451 551 5518 quidem
575 5456 884 5529 ἐξηκοντάς,
911 5458 1107 5529 inquit,
1133 5466 1219 5514 est
1264 5451 1674 5529 sexagenarius,
1704 5473 1813 5529 non

274 5529 392 5612 Bais
414 5527 776 5612 sexagesima;
807 5535 946 5612 sicut
973 5528 1137 5592 δεκάς
1169 5527 1514 5611 ιιοημιεεὶιιιε
1538 5542 1684 5612 pars,
1718 5528 1815 5583 sed

274 5585 840 5671 decuria._Secundum
880 5599 985 5671 hoc
1018 5585 1430 5668 grammaticum
1469 5585 1816 5671 interdictum

278 5659 623 5738 Vadimonium
673 5669 839 5738 Arato
882 5659 1124 5735 dicetur;
1158 5684 1261 5723 nec
1298 5660 1555 5723 recusare
1589 5668 1811 5738 poterit,

278 5733 401 5785 cuin
431 5733 496 5790 ad
516 5735 749 5795 tribunal
784 5736 1036 5797 Salmasii
1066 5733 1192 5795 reus
1220 5739 1437 5806 citetur,
1476 5733 1623 5809 quod
1650 5733 1813 5793 suae;

1916 4560 2038 4627 bus,
2062 4559 2300 4616 medium
2345 4569 2560 4631 tempus
2587 4572 2741 4616 ortus
2770 4560 2990 4617 habebit
3016 4561 3403 4632 Capricornus,
3432 4574 3488 4618 et

1916 4651 2155 4707 medium
2214 4659 2430 4723 tempus
2476 4667 2710 4708 occasus
2742 4653 2971 4710 Cancer.
3016 4653 3165 4711 Talis
3216 4655 3487 4726 expositio

1915 4742 2217 4797 ortivorum
2258 4750 2561 4812 temporum
2608 4742 2753 4815 apud
2798 4754 3010 4801 veteres
3052 4744 3185 4801 falsa
3212 4753 3316 4802 est.
3348 4745 3487 4802 Cum

1916 4836 2062 4889 cnim
2096 4833 2307 4890 Gemini
2343 4841 2398 4889 et
2429 4833 2640 4890 Cancer
2678 4837 2925 4892 eamdem
2984 4838 3219 4894 habeant
3252 4839 3487 4894 inclina-

1916 4926 2120 4980 tionem
2174 4926 2228 4980 in
2255 4926 2484 4981 zodiaco
2510 4926 2579 4981 ad
2628 4926 2988 4994 horizontem,
3017 4930 3372 5000 eamdemque
3397 4930 3451 4985 di
3470 4961 3487 4972 -

1921 5019 2182 5076 stantiam
2208 5018 2276 5074 ab
2291 5019 2478 5074 aestivo
2503 5020 2713 5091 tropico
2742 5020 2919 5093 signo,
2953 5029 3008 5078 et
3034 5023 3248 5079 dierum
3277 5023 3487 5095 magni-

1916 5172 2085 5244 κάδας
2114 5173 2397 5244 scripserit
2433 5190 2533 5244 pro
2570 5175 2963 5240 δωδεκατάδας.
3006 5176 3080 5234 Ut
3117 5178 3262 5235 enim
3301 5180 3371 5233 ab
3397 5193 3485 5243 eo,

1916 5243 2074 5321 q_uod_
2117 5252 2202 5321 est
2230 5243 2554 5321 ’éﬁnxoo’rdg,
2584 5245 2810 5321 deﬂecti
2838 5249 2950 5321 yult
2990 5248 3089 5321 τὴν
3132 5247 3486 5321 ὲξηκοστάδα,

1916 5315 1997 5370 sic
2027 5315 2094 5390 ab
2117 5314 2361 5390 δέκατος,
2375 5319 2479 5390 ,γει
2503 5316 2804 5390 δωδέκατος
2834 5314 3068 5390 formare
3097 5314 3366 5390 oportebit
3400 5314 3487 5373 δεὲ

1916 5380 2184 5460 κατάδας,
2235 5387 2320 5460 vel
2369 5386 2760 5460 δωδεκατάδας.
2819 5389 2998 5459 Apage
3060 5380 3161 5446 bas
3209 5390 3482 5460 ineptias:

1914 5454 2073 5531 τούτο
2119 5455 2536 5531 νομοθετούντός
2575 5458 2693 5531 ἐστι
2732 5454 3167 5531 τοῖςίόνόμασιν,
3208 5454 3315 5514 οὐκ
3352 5460 3488 5531 ἁλη-

1917 5524 2198 5600 θεύοντος,
2214 5534 2276 5580 ιιι
2307 5542 2431 5581 cum
2458 5526 2800 5600 Nazianzeno
2844 5524 3058 5600 loquar.
3089 5524 3371 5586 Postremo
3398 5524 3487 5586 vel

1919 5594 2117 5650 Strabo
2167 5596 2284 5671 ipse
2335 5598 2666 5671 correctoris
2713 5594 2984 5671 licentiam
3034 5602 3294 5665 refrenat,
3343 5602 3486 5671 apud

1917 5681 2077 5746 quem
2129 5667 2318 5746 paucis
2364 5674 2488 5746 post
2527 5667 2618 5722 illa
2654 5669 2924 5743 versibus,
2971 5671 3080 5729 τῶν
3118 5667 3487 5742 ὲξηκοντάδων

1921 5735 2242 5794 recabulum
2276 5735 2487 5809 legitur.
