3886 6268
340 316 444 375 ⁸209
490 349 494 354 ’
1346 319 1439 373 AD
1477 313 1746 370 EUSEBll
1796 306 2190 368 CHRO’NICON
2230 305 2589 363 APPENDiX.
3539 291 3668 351 800

335 433 560 488 tudine:
581 432 911 501 aequales,et
931 434 1148 490 Cancro
1178 435 1452 490 mediante
1483 436 1537 488 in
1566 435 1725 498 coelo,
1761 433 1907 486 oria-

2020 424 2268 497 τροπικοῦ
2297 424 2558 496 σημείου,
2592 423 2685 480 καὶ
2717 420 2786 474 τά
2817 418 3023 491 μεγέθη
3068 417 3173 473 τῶν
3202 412 3472 490 ἡμερῶν
3511 413 3656 464 ῐσα·

336 535 426 578 tur
449 523 608 586 Libra
637 543 650 578 :
685 525 740 579 in
770 527 1116 600 temporibus
1139 529 1438 599 aqualibus
1471 530 1723 585 oriuntur
1749 527 1908 600 Virgo

2020 518 2104 569 καὶ
2138 515 2380 588 Διδύμων
2413 517 2512 588 μὲν
2544 510 3015 586 μεσουρανούντων
3052 510 3346 565 ἀνατέλλει
3401 501 3659 600 Παρθέο

333 625 390 672 et
418 616 599 672 Libra.
888 595 908 600 '
1202 595 1221 599 _
1844 595 1864 600 ν
2008 627 2097 673 νος
2116 626 2137 640 α
2162 610 2436 682 Καρκίνου
2463 609 2520 662 δὲ
2558 604 3036 679 μεσουρανοῦντος,
3063 603 3364 657 ἀνατέλλει
3408 595 3617 665 Ζυγός
3635 609 3651 624 ⁶

2009 705 2066 755 ὲν
2099 701 2196 772 ίσῳ
2226 702 2403 774 χρόνῳ
2424 700 2777 755 ἀνατέλλουσι
2805 699 2885 751 Πα
2896 697 3076 767 ρθένος
3103 697 3199 750 καὶ
3229 693 3466 763 Ζυγός.

406 797 654 872 Cumque
705 804 1053 862 rectissimus
1109 804 1202 859 ﬁat
1250 803 1543 872 zodiacus,
1584 805 1826 862 Geminis
1854 814 1909 862 et

2079 797 2191 850 Καὶ
2231 795 2353 848 ἐπεὶ
2381 795 2667 868 ὀρθότατος
2696 793 2904 862 γίνεται
2934 794 2969 844 6'
2989 791 3096 844 τῶν
3125 787 3344 854 ζωδίων
3386 782 3664 846 κύκλος,

336 890 554 946 Cancro
604 893 841 948 medium
877 895 1002 950 coeli
1042 896 1388 961 tenentibus,
1423 897 1746 968 longissimo
1771 906 1908 953 tem-

2020 887 2244 959 Διδύμου
2270 887 2363 942 καὶ
2403 887 2679 959 Καρκίνου
2726 883 3222 958 μεσουρανούντων,
3256 884 3324 936 ὲν
3361 878 3653 947 πλείστῳ

338 998 473 1054 pore
500 985 756 1040 oriuntur
783 985 948 1059 Virgo
967 995 1021 1041 et
1045 987 1231 1056 Libra,
1250 1000 1304 1044 et
1330 1003 1439 1043 non
1472 997 1683 1044 tantum
1701 988 1901 1054 Chela,

2020 982 2187 1052 χρόνῳ
2220 979 2564 1034 ἀνατέλλουσι
2589 978 2862 1051 Παρθένος
2890 978 2982 1031 καὶ
3004 975 3195 1044 Ζυγὸς,
3219 977 3320 1029 καὶ
3346 973 3425 1027 οὐ
3462 970 3651 1041 μόνον

339 1081 399 1126 ut
432 1082 643 1130 veteres
674 1077 1062 1147 opinabantur.

2020 1074 2067 1126 αἱ
2102 1072 2300 1144 Χηλαὶ,
2329 1072 2579 1146 καθάπερ
2611 1074 2658 1125 οἱ
2684 1073 2900 1143 ἀρχαῖοι
2919 1069 3297 1140 διελάμϐανον.

406 1164 622 1223 Rursus
657 1183 780 1223 cum
814 1169 1143 1242 Sagittarius
1172 1180 1224 1226 et
1253 1171 1624 1244 Capricornus
1657 1177 1902 1232 eamdem

2077 1166 2246 1220 Πάλιν
2280 1164 2337 1218 δὲ
2378 1163 2500 1218 ἐπεὶ
2528 1162 2764 1234 Τοξότης
2803 1161 2898 1216 καὶ
2925 1161 3238 1234 Αἰγόκερως
3272 1160 3392 1232 τὴν
3447 1156 3648 1228 αὐτὴν

337 1257 574 1313 habeant
614 1261 681 1315 ad
730 1261 1065 1319 horizontem
1123 1266 1564 1334 inclinationem,
1616 1275 1672 1324 et
1728 1268 1909 1340 Sagit-

2020 1258 2249 1328 ἔγκλισιν
2281 1257 2462 1328 ἔχουσι
2501 1255 2638 1327 πρὸς
2672 1254 2762 1308 τὸν
2788 1251 3035 1324 ὁρίζοντα
3055 1293 3071 1318 ,
3096 1252 3190 1306 καὶ
3221 1252 3490 1316 Τοξότου
3530 1264 3646 1319 με·

334 1351 481 1404 tario
510 1353 747 1408 medium
772 1355 898 1409 caeli
931 1364 1150 1412 tenente
1173 1361 1424 1413 oriantur
1452 1359 1660 1426 Pisces,
1692 1361 1908 1416 occidat

2020 1349 2429 1423 σουρανοῦντος,
2471 1345 2849 1401 ἀνατέλλουσιν
2888 1343 3092 1415 ’ἰχθύες
3115 1385 3131 1410 ,
3164 1344 3312 1397 δύνει
3355 1342 3448 1397 δὲ’,
3466 1340 3640 1433 [It-19.-

337 1437 543 1512 Virgo:
577 1443 916 1512 Capricorno
955 1447 1195 1501 medium
1231 1449 1356 1503 caeli
1403 1460 1729 1521 occupante,
1757 1451 1906 1505 oria-

2020 1441 2160 1507 Bévog
2182 1458 2196 1473 ⁸
2237 1441 2518 1513 Αἱγόκερω
2554 1439 2611 1492 δὲ
2643 1437 3102 1510 μεσουρανοῦντος
3123 1475 3138 1501 ,
3171 1434 3483 1490 ἀνατέλλει
3526 1434 3644 1507 μὲν

337 1543 430 1587 tur
479 1534 657 1599 Aries,
707 1537 921 1592 occidat
954 1538 1140 1606 Libra,
1176 1540 1378 1612 ﬁatque
1415 1542 1757 1599 humillimus
1814 1558 1908 1598 zo-

2020 1533 2197 1605 Κριδς,
2232 1532 2377 1586 δύνει
2419 1531 2476 1585 δὲ
2522 1531 2729 1599 Ζυγὸς,
2758 1531 2852 1583 καὶ
2891 1529 3098 1597 γίνεται
3138 1528 3573 1590 ταπεινότατος
3606 1528 3640 1579 6

335 1624 552 1687 tliacus,
583 1639 706 1679 cum
760 1625 1093 1697 Sagittarius
1143 1638 1198 1686 et
1245 1631 1616 1701 Capricornus
1669 1634 1724 1688 in
1765 1634 1906 1689 cmlo

2020 1625 2115 1680 τῶν
2161 1625 2364 1690 ζωδίων
2398 1623 2624 1687 κύκλος,
2665 1623 2890 1690 Τοξότου
2938 1624 3032 1676 καὶ
3069 1623 3358 1696 Δίγόκερω
3399 1637 3641 1692 μεσου-

338 1714 580 1770 iuediant
614 1733 630 1770 :
683 1719 739 1773 in
797 1718 1124 1778 brevissimo
1154 1730 1402 1796 tempore
1451 1725 1708 1781 occidunt
1737 1725 1905 1797 Virgo

2020 1719 2345 1790 ρανούντων·
2375 1723 2432 1772 έν
2461 1717 2727 1789 έλαχξστῳ
2749 1717 2923 1789 χρόνῳ
2954 1717 3165 1771 δύνουσι
3188 1716 3496 1788 Παρθένος
3527 1716 3635 1770 καὶ

331 1804 593 1862 etLibra.
1270 1779 1326 1796 IV
1380 1779 1395 1782 ⁷
1504 1779 1539 1780 δέ
1758 1779 1894 1797 ηυγ

2020 1779 2201 1881 ὶυγός.

403 1896 620 1956 Rursus
654 1917 784 1958 vero
815 1919 939 1958 cum
963 1904 1212 1964 Piscibus
1244 1909 1481 1964 medium
1514 1911 1638 1965 coeli
1671 1911 1904 1966 tenenti-

2081 1904 2250 1958 Πάλιν
2295 1904 2351 1958 δὲ
2399 1905 2519 1957 ἐπεὶ⁵
2561 1903 2778 1974 Ἰχθύων
2821 1903 3302 1975 μεσουρανούντων
3361 1903 3627 1958 ἀνατέλ-

333 1989 438 2046 bus
479 1993 728 2049 oriantur
757 1995 1010 2053 Gemini:
1046 2000 1232 2056 Ariete
1284 2002 1519 2057 medium
1567 2004 1690 2058 coeli
1741 2018 1905 2058 occu-

2020 1997 2162 2050 λουσι
2214 1997 2477 2068 Δίδυμοι,
2543 1996 2716 2068 Κριοῦ
2783 1997 3242 2069 μεσουρανοῦντος
3306 1996 3625 2052 ἀνατέλ>ει

334 2090 499 2150 punle
547 2088 760 2142 oriatur
807 2089 1020 2146 Cancer
1053 2111 1066 2146 :
1099 2092 1350 2150 Piscibus
1380 2111 1510 2150 vero
1535 2103 1588 2150 et
1620 2096 1804 2150 Ariete
1848 2095 1904 2149 in

2020 2090 2282 2161 Καρκίνος
2309 2130 2324 2151 ,
2371 2088 2588 2160 Ἰχθύων
2629 2090 2687 2144 δὲ
2728 2090 2822 2144 καὶ
2865 2089 3036 2163 Κριοῦ
3081 2080 3636 2162 μεσουρανούντωνον

331 2177 475 2233 ctelo
525 2181 916 2251 tuediantibus,
970 2185 1202 2240 mediam
1253 2187 1659 2244 inclinationem
1710 2188 1906 2244 habeat

333 2269 594 2328 zodiacus
629 2292 641 2328 :
678 2275 914 2331 medium
968 2279 1135 2349 igitur
1172 2289 1388 2351 tempus
1423 2289 1576 2337 ortus
1621 2283 1904 2338 continent

332 2356 549 2416 Gemini
589 2371 644 2418 et
673 2363 902 2433 Cancer,
940 2366 1272 2440 Sagittarius
1297 2387 1426 2428 vero
1459 2382 1514 2428 et
1538 2373 1907 2445 Capricornus

332 2466 582 2508 occasus.

2014 2181 2185 2253 μέσην
2215 2182 2455 2251 ἔγκλισιν
2489 2182 2602 2253 ἔχει
2635 2184 2664 2236 6
2703 2182 2966 2248 ζωδιακὸς
2991 2183 3222 2249 κύκλος·
3261 2185 3438 2256 μέσον
3495 2184 3620 2254 ἄρα

2011 2273 2198 2344 χρόνον
2221 2275 2318 2345 τῆς
2346 2273 2610 2344 ἀνατολῆς
2639 2274 2950 2346 περιέχουσι
2977 2274 3198 2346 Δίδυμοι
3237 2275 3334 2329 καὶ
3378 2274 3634 2346 Καρκιο-

2011 2384 2122 2432 νος,
2145 2366 2350 2432 δύσεως
2378 2367 2438 2421 δὲ
2465 2367 2699 2438 Τοξότης
2725 2367 2819 2421 καὶ
2835 2367 3165 2439 Αίγόκερως.

407 2543 672 2603 Similiter
726 2566 873 2618 cum,
908 2551 1132 2624 Virgine
1160 2567 1213 2610 et
1247 2555 1432 2613 Chelis
1483 2557 1721 2613 medium
1777 2557 1903 2612 ειειί

332 2641 670 2705 tenentibus,
695 2645 928 2699 mediam
961 2647 1376 2704 inclinationem
1411 2649 1668 2706 zodiacus
1703 2649 1904 2706 habere

332 2733 572 2798 dicatur,
603 2742 658 2788 et
691 2733 916 2807 Virgine
973 2740 1210 2794 medium
1257 2742 1380 2795 cmli
1421 2752 1663 2805 tenente,
1694 2743 1906 2797 oriatur

335 2825 689 2897 sagittarius,
723 2830 978 2892 occidant
1009 2830 1222 2887 Gemini
1245 2851 1259 2899 ;
1280 2834 1464 2890 Chelis
1489 2851 1618 2891 vero
1639 2837 1762 2892 coeli
1791 2851 1908 2892 me-

335 2918 487 2974 dium
537 2923 935 2991 occupantibus
983 2925 1193 2980 oriatur
1239 2925 1650 2997 Capricornus,
1689 2929 1904 2984 occidat

334 3008 568 3074 Cancer,
605 3014 841 3068 medium
901 3023 1115 3086 tempus
1160 3018 1438 3076 habebunt
1469 3030 1624 3076 ortus
1671 3019 1906 3092 Sagitta-

337 3209 448 3250 cer.

410 3285 488 3341 Ex
517 3287 602 3344 his
630 3290 980 3346 manifestum
1013 3297 1264 3365 estquod
1296 3311 1359 3350 ea
1390 3296 1542 3366 signa
1581 3312 1701 3368 qua!
1732 3312 1910 3368 aequa-

338 3378 466 3436 liter
495 3395 525 3434 a
558 3384 777 3452 punctis
812 3386 1039 3454 tropicis
1069 3398 1123 3442 et
1172 3389 1648 3458 aequinoctialibus
1677 3389 1905 3458 distant,

337 3473 634 3542 aequalibus
667 3477 1008 3545 temporibus
1039 3479 1287 3533 oriuntur
1314 3487 1368 3534 et
1396 3481 1670 3548 occidant;
1708 3488 1907 3536 etcum

339 3565 487 3618 omni
521 3575 680 3620 nocte
698 3582 793 3621 sex
831 3568 990 3638 signa
1016 3569 1270 3624 oriantur
1292 3570 1346 3624 in
1376 3571 1526 3626 horis
1553 3570 1640 3634 12,
1676 3578 1730 3625 et
1757 3570 1908 3625 omni

337 3656 427 3712 die
457 3673 550 3712 sex
582 3659 736 3729 signa
767 3662 1018 3715 oriantur
1046 3663 1100 3716 in
1137 3661 1288 3718 horis
1334 3661 1417 3727 i2,
1452 3662 1802 3718 manifestum
1825 3670 1910 3718 est

339 3746 487 3815 quod
516 3756 570 3802 et
602 3750 658 3803 in
690 3751 853 3807 die'et
884 3752 941 3806 in
973 3763 1131 3808 nocte
1159 3753 1226 3808 i2
1253 3755 1405 3824 signa
1441 3756 1693 3808 oriantur
1721 3755 1775 3809 in
1811 3755 1912 3810 ho-

338 3842 418 3896 ris
442 3837 534 3904 24,
568 3846 622 3894 et
649 3856 816 3896 unum
868 3844 1084 3914 signum
1114 3845 1169 3900 in
1210 3845 1245 3899 2
1274 3845 1426 3900 horis
1467 3845 1766 3900 secundum
1799 3862 1912 3901 me-

340 3934 494 3988 dium
524 3939 744 3989 ortuum
778 3943 1014 4005 tempus.
1055 3936 1119 3992 Et
1152 3952 1344 3993 rursus
1387 3952 1512 3991 cum
1567 3938 1715 3991 omni
1749 3946 1912 3994 nocte

342 4041 437 4080 sex
460 4027 616 4095 signa
665 4028 919 4081 oriantur
951 4029 1002 4081 in
1040 4028 1190 4084 horis
1218 4029 1307 4093 i2,
1347 4027 1697 4084 manifestum
1728 4040 1812 4085 est
1844 4045 1912 4085 ex

341 4116 560 4182 iisdem,
590 4119 735 4188 quod
777 4134 944 4174 unum
990 4123 1204 4192 signum
1239 4122 1295 4175 in
1329 4122 1545 4178 duabus
1580 4123 1730 4179 horis
1764 4123 1913 4178 occi-

341 4210 457 4273 dat,
481 4219 533 4265 et
567 4209 635 4263 i2
666 4212 820 4282 signa
851 4213 1120 4277 oriantur,
1142 4220 1195 4267 ct
1212 4213 1466 4269 occidant
1492 4216 1546 4270 in
1578 4215 1729 4270 horis
1750 4215 1914 4286 aequi-

342 4301 670 4358 noctialibus
701 4303 804 4368 24,
840 4313 894 4359 et
923 4305 1165 4359 omnium
1201 4307 1479 4377 signorum
1512 4317 1724 4378 tempus
1757 4315 1912 4362 ortus

341 4403 397 4450 et
438 4411 692 4462 occasus,
747 4398 911 4453 simul
963 4407 1266 4470 sumptum,
1299 4400 1371 4456 sit
1412 4402 1623 4471 aequale
1678 4399 1908 4470 tempori

2091 2549 2326 2620 Ὁμοίως
2345 2548 2402 2602 δὲ
2434 2549 2555 2603 ἐπεὶ
2577 2548 2852 2620 Παρθένου
2879 2514 2972 2602 καὶ
2997 2548 3189 2622 Χηλῶν
3219 2565 3616 2623 μεσουρανου-

2013 2644 2121 2698 σῶν
2143 2644 2316 2716 μέσην
2347 2644 2586 2712 ἔγκλισιν
2616 2643 2757 2714 ἔχειν
2779 2643 2992 2713 λέγεται
3020 2647 3047 2698 6
3073 2644 3337 2709 ζωδιακὸς
3363 2644 3601 2710 κύκλος,

2011 2737 2104 2789 καὶ
2120 2736 2394 2808 Παρθένου
2422 2735 2881 2808 μεσουρανούσης,
2901 2736 3176 2790 ἀνατέλλει
3206 2735 3305 2808 μὲν
3324 2736 3598 2808 Τοξότης,

2010 2830 2224 2884 δύνουσι
2255 2831 2312 2884 δὲ
2357 2831 2576 2902 Δίδυμοι
2599 2847 2614 2861 °
2650 2831 2845 2902 Χηλῶν
2877 2832 2932 2886 δὲ
2977 2833 3425 2904 μεσουρανουσῶν
3457 2833 3608 2886 ἀνα-

2009 2923 2184 2977 τέλλει
2215 2924 2546 2996 Αἰγόκερως,
2573 2922 2718 2977 δύνει
2749 2924 2806 2978 δὲ
2848 2925 3148 2997 Καρκίνος·
3188 2924 3352 2995 μέσον
3393 2923 3602 2995 χρόνον

2011 3015 2320 3089 περιέξουσι
2361 3015 2464 3086 τῆς
2510 3015 2772 3088 ἀνατολῆς
2822 3016 3054 3087 Τοξότης
3096 3016 3190 3070 καὶ
3247 3017 3612 3087 Αἰγόκερως,

339 3103 456 3158 rius
483 3111 538 3159 et
566 3103 966 3176 Capricornus,
1002 3124 1236 3167 occasus
1270 3127 1399 3168 vero
1442 3110 1655 3168 Gemini
1679 3122 1734 3170 et
1762 3114 1905 3171 Can-

2020 3111 2107 3182 τῆς
2137 3110 2195 3163 δὲ
2220 3110 2426 3174 δύσεως
2454 3109 2676 3182 Δίδυμοι
2708 3110 2802 3164 καὶ
2830 3110 3143 3182 Καρκίνος-ι

2090 3293 2185 3347 Ἐκ
2213 3292 2269 3346 δὲ
2299 3293 2501 3347 τούτων
2529 3293 2780 3365 φανερὸν,
2815 3293 2896 3347 ὅτι
2926 3293 2995 3346 τὰ
3023 3294 3135 3346 ῐσον
3177 3292 3450 3362 ἀπέχοντα
3477 3290 3612 3346 τῶν

2007 3383 2305 3458 τροπικῶν,
2335 3385 2431 3440 καὶ
2451 3384 2559 3438 τῶν
2585 3385 2919 3457 ίσημερινῶνέ
2938 3383 3174 3456 σημείων
3198 3384 3255 3436 ἐν
3283 3382 3383 3454 ἴσῳ
3408 3385 3591 3454 χρόνῳ

2009 3477 2322 3542 ἀνατέλλει,
2353 3478 2448 3531 καὶ
2495 3477 2681 3531 δύνει·
2733 3478 2828 3531 καὶ
2874 3478 2995 3531 ἐπεὶ
3045 3478 3102 3532 ὲν
3142 3475 3291 3549 πάσῃ
3326 3477 3489 3530 νυκτὶ
3529 3475 3608 3541 ἐξ,

2011 3569 2177 3636 ζώδια
2219 3568 2498 3624 ἀνατέλλει
2544 3572 2602 3623 ὲν
2641 3569 2810 3641 ὥραις
2845 3569 2931 3635 ιϐ’,
2968 3568 3218 3640 φανερὸν,
3258 3569 3340 3622 ὅτι
3385 3569 3484 3622 καὶ
3529 3567 3604 3621 ὲν-

2011 3661 2194 3733 ἡμέρᾳ
2231 3662 2326 3714 καὶ
2365 3661 2517 3714 νυκτὶ
2555 3659 2621 3714 ιϐ’
2653 3659 2819 3725 ζῶδια
2861 3659 3137 3715 ἀνατέλλει
3179 3663 3237 3715 ὲν
3281 3660 3453 3732 ὥραις
3483 3659 3564 3715 κδ’
3570 3703 3585 3720 .

2011 3753 2071 3806 τί,
2098 3753 2154 3806 δὲ
2183 3753 2240 3806 ἓν
2283 3751 2469 3818 ζὼδιον
2502 3751 2780 3806 ἀνατέλλει
2825 3753 2882 3805 ὲν
2927 3751 3076 3805 δυσὶν
3104 3751 3274 3824 ὥραις
3307 3752 3448 3806 κατὰ
3490 3751 3608 3808 τδνς

2016 3847 2179 3916 μέσον
2207 3846 2317 3900 τῶν
2340 3846 2613 3901 ἀνατολῶν
2641 3847 2852 3919 χρόνον.
2883 3847 2992 3900 Καὶ
3021 3845 3180 3901 πάλιν
3207 3847 3327 3899 ἐπεὶ
3349 3849 3406 3899 ἐν
3433 3847 3611 3919 πάσῃ,

2011 3942 2167 3995 νυκτὶ
2201 3938 2260 4006 ἓξ
2305 3939 2469 4006 ζὼδια
2503 3939 2648 3994 δύνει
2684 3942 2740 3994 ὲν
2780 3939 2948 4012 ὥραις
2994 3937 3080 4005 ιϐ’,
3120 3939 3350 4010 φανερὸν
3383 3941 3451 3992 ὲκ
3474 3937 3584 3991 τῶν

2013 4033 2190 4088 αὐτῶν
2213 4074 2227 4098 ,
2258 4033 2338 4086 ὅτι
2386 4032 2447 4086 τὸ
2477 4032 2535 4084 ἓν
2573 4030 2759 4098 ζῶδιον
2801 4034 2858 4085 ὲν
2897 4032 3048 4086 δυσὶν
3089 4031 3259 4104 ὥραις
3292 4029 3459 4095 δύνέι,
3488 4030 3584 4084 καὶ

2015 4127 2080 4180 ιϐ’
2109 4126 2272 4192 ζώδια
2301 4125 2578 4180 ἀνατέλλει
2621 4125 2717 4178 καὶ
2757 4125 2902 4179 δύνει
2937 4125 2996 4177 ἐν
3029 4119 3200 4195 ὥραις
3243 4125 3584 4195 ίσημεριναῖς

2011 4219 2090 4274 κδ’
2113 4240 2127 4251 ·
2166 4220 2260 4273 καὶ
2287 4220 2502 4274 πάντων
2534 4220 2641 4273 τῶν
2674 4218 2877 4283 ζωδίων
2904 4221 2932 4272 6
2967 4219 3367 4290 συναμφότερος
3393 4217 3602 4288 χρόνοςν

2012 4315 2110 4386 τῆς
2141 4314 2406 4384 ἀνατολῆς
2452 4315 2544 4368 καὶ
2575 4315 2674 4385 τῆς
2706 4311 2909 4377 δύσεῶς
2949 4315 3097 4367 ἐστιν
3141 4313 3254 4377 ἴσος
3295 4313 3453 4384 ὡρῶν
3500 4314 3582 4365 ισ-

2011 4406 2289 4479 ημερινῶν
2337 4407 2446 4461 κδ’·
2481 4406 2575 4461 καὶ
2626 4406 2725 4460 ὅσα
2781 4405 2878 4476 μὲν
2929 4404 3038 4458 τῶν
3077 4403 3280 4469 ξωδίων
3312 4405 3372 4457 ὲν
3429 4402 3604 4457 πλει-..

344 4487 600 4544 horarum
661 4491 1118 4560 aequinoctialium
1141 4491 1231 4556 24,
1290 4501 1347 4548 et
1393 4493 1538 4563 quod
1573 4506 1909 4562 quacunque

2020 4519 2122 4572 οτῳ
2147 4502 2324 4573 χρόνῳ
2351 4499 2649 4565 ἀνατέλλει,
2684 4500 2741 4554 ὲν
2774 4497 3039 4569 ἐλαχίστῳ
3072 4499 3245 4569 χρόνῳ
3275 4496 3420 4551 δύνει
3444 4513 3458 4529 ·
3483 4497 3599 4551 δσαλ

343 4582 499 4652 signa
537 4582 856 4653 longissimo
884 4591 1129 4654 tempore
1154 4584 1429 4648 oriuntur,
1471 4599 1534 4639 ea
1586 4584 1911 4640 brevissimo

343 4681 588 4744 tempore
627 4674 881 4730 occidant
921 4689 936 4729 :
970 4692 1091 4748 quae
1120 4693 1247 4732 vero
1302 4677 1632 4733 brevissimo
1666 4683 1912 4748 tempore

342 4766 627 4832 oriuntur,
656 4782 720 4822 ea
750 4768 1070 4840 longissimo
1099 4780 1341 4840 tempore
1375 4771 1645 4826 occidant.

881 4905 988 4975 18
1014 4904 1244 4961 CAPUT
1295 4905 1384 4964 Vl.

941 5019 1019 5076 De
1054 5022 1342 5077 mensibus.

414 5158 617 5216 Mensis
647 5166 731 5215 est
777 5171 991 5230 tempus
1043 5174 1076 5214 a
1130 5159 1520 5229 conjunctione
1574 5157 1641 5214 ad
1688 5158 1915 5230 conjun-

348 5251 611 5315 ctionem,
645 5260 738 5305 aut
764 5267 794 5306 a
825 5250 1125 5321 plenilunio
1155 5250 1223 5306 ad
1262 5251 1642 5322 plenilunium.
1673 5249 1768 5307 Est
1812 5266 1914 5305 au-

345 5352 457 5398 teni
484 5345 830 5414 conjunctio,
855 5359 979 5399 cum
1007 5343 1061 5397 in
1086 5344 1274 5398 eadem
1323 5353 1478 5415 parte
1506 5343 1710 5399 fuerint
1742 5343 1822 5398 sol
1859 5353 1915 5399 et

347 5437 477 5490 luna
517 5452 530 5488 :
563 5437 706 5508 quod
737 5436 794 5490 ﬁt
812 5437 960 5493 circa
987 5435 1326 5491 tricesimum
1358 5435 1501 5490 diem
1536 5435 1698 5491 lunae.
1730 5433 1915 5490 Pleni-

348 5528 558 5582 Iunium
601 5529 825 5597 dicitur,
861 5543 985 5584 cum
1049 5529 1180 5584 luna
1232 5528 1534 5584 secundum
1585 5529 1914 5584 diametrum

417 5705 528 5777 (30)
549 5708 686 5779 Μήν
708 5709 839 5762 ἐστι
867 5710 1103 5779 χρόνος.
1135 5708 1357 5764 Sextum
1382 5709 1487 5763 hoc
1509 5716 1671 5779 caput
1703 5707 1914 5764 Gemini

345 5775 516 5845 longe
556 5775 917 5835 utilissimum
959 5787 1063 5846 est,
1105 5793 1166 5834 ac
1208 5775 1629 5847 pulcherrimum
1671 5779 1737 5836 ad
1788 5779 1914 5837 anni

2012 4592 2068 4648 δὲ
2093 4595 2151 4647 ὲν
2174 4594 2438 4666 ἐλαχίστῳ
2473 4594 2647 4666 χρόνῳ
2670 4591 3019 4664 ἀναφέρεται,
3044 4592 3100 4645 ὲν
3136 4591 3374 4662 πλείστῳ
3408 4588 3604 4662 χρόνῳ.

2011 4685 2184 4744 δύνει.

2534 4907 2926 4964 ΚΕΦΑΛΑῙΟΝ
2964 4905 3057 4975 cr.

2599 5021 2736 5091 Περὶ
2763 5021 2994 5092 μηνῶν.

2083 5161 2208 5232 Μήν
2235 5161 2351 5214 ἐστι
2385 5159 2575 5231 χρόνος
2605 5156 2714 5229 (50)
2753 5157 2860 5211 ἀπὸ
2903 5157 3121 5210 συνόδου
3153 5157 3244 5210 ἐπὶ
3283 5156 3518 5222 σύνοδον,
3545 5156 3576 5227 ἢ

2013 5248 2122 5302 ἀπὸ
2149 5248 2482 5320 πανσελήνου
2521 5247 2614 5300 ἐπὶ
2658 5246 3004 5316 πανσέληνον.
3055 5247 3208 5300 Ἐστι
3257 5246 3315 5300 δὲ
3368 5245 3583 5310 σύνοδος·

2019 5338 2138 5409 μὲν,
2172 5339 2298 5392 ὃταν
2328 5339 2384 5391 ὲν
2415 5339 2481 5408 τῇ
2525 5337 2660 5406 αὐτῇ
2699 5336 2861 5407 μοίρᾳ
2907 5336 3129 5406 γένηται
3166 5337 3195 5388 6
3233 5335 3383 5406 ἥλιος
3421 5336 3516 5390 καὶ
3546 5336 3580 5404 ἡ

2016 5429 2212 5502 σελήνη
2237 5447 2250 5460 ·
2279 5429 2421 5483 τοῦτ’
2455 5429 2569 5483 ἐστι
2598 5430 2725 5503 περὶ
2748 5429 2848 5501 τὴν
2873 5428 3138 5501 τριακάδα
3163 5427 3411 5500 σελήνης.
3442 5430 3582 5483 Hav-

2017 5521 2238 5593 σέληνος
2276 5522 2333 5575 δὲ
2362 5519 2574 5590 λέγεται
2602 5559 2617 5584 ,
2646 5521 2772 5574 ὅταν
2809 5521 2844 5591 ἡ
2874 5520 3068 5592 σελήνη
3112 5519 3252 5574 κατά
3295 5519 3582 5591 διάμετρον

2019 5703 2193 5762 Graeci
2225 5713 2279 5760 et
2331 5702 2491 5757 Attici
2547 5702 2745 5758 veteris
2796 5701 3021 5756 formam
3067 5699 3465 5770 explicandam.
3509 5698 3595 5754 Eo

2019 5791 2119 5837 nos
2156 5775 2239 5832 usi
2271 5789 2459 5832 sumus
2491 5773 2695 5844 passim
2725 5772 2814 5827 lib.
2852 5787 2867 5828 ι
2901 5779 2953 5826 et
2983 5785 3022 5826 η
3051 5769 3128 5825 De
3156 5773 3325 5826 αντη.
3358 5780 3513 5838 temp.
