3886 6268
478 330 599 388 41.03

1518 330 1608 384 AD
1648 327 1920 387 EUSEBII
1963 324 2364 385 CllllONlCON
2402 324 2766 381 APPENDIX.

3643 332 3733 388 8N

476 443 769 499 .vilumum
793 418 1123 513 appellatur;
1161 444 1214 497 in
1243 458 1350 516 qua
1370 457 1501 498 vero
1526 444 1614 499 die
1640 443 1942 499 secundam
1974 442 2043 498 fa.

2162 441 2346 514 ἡμέρᾳ⁸
2395 440 2491 514 τὴν
2527 440 2782 513 δευτέραν
2807 443 2971 511 φασιν
3004 443 3266 505 ποιεῖται,
3295 440 3565 515 δευτέραν
3594 461 3738 519 προς.

501 536 579 589 cit
606 535 1024 606 apparitionem.
1056 550 1174 590 eam
1199 534 1494 590 secundam
1544 535 1727 589 lunam
1766 542 2063 603 vocarunt;

495 627 891 698 apparitionem
939 627 1101 689 lunae,
1130 642 1251 697 quae
1279 627 1425 681 circa
1468 624 1708 682 medium
1752 627 1957 682 mensis
1986 627 2063 691 lit,

472 718 567 772 ab
596 719 715 788 ipso
743 719 1322 790 eventu,16txop1;v£av,
1349 718 1403 772 id
1425 726 1508 772 cst
1535 719 1880 773 medietatem
1914 734 2067 773 men-

495 810 574 865 sis
599 810 974 872 nominarunt,
1011 825 1077 865 ac
1124 810 1435 864 summatim
1464 825 1655 866 omnes
1700 810 1819 866 dies
1853 826 1883 864 a
1925 812 2066 866 luna

472 900 990 958 illuminationibus
1018 902 1465 958 denominarunt.
1511 901 1671 958 Unde
1698 903 1863 959 etiam
1900 904 2064 958 trice-

494 995 688 1050 simam
716 994 920 1049 mensis
950 995 1255 1059 diem,cum
1283 995 1473 1049 ultima
1497 995 1589 1059 sit,
1625 995 1696 1050 ab
1728 996 1846 1065 ipso
1868 1006 2063 1051 eventu

475 1090 739 1144 ~triacada
779 1097 1066 1143 vocarunt.
1102 1086 1200 1143 llis
1239 1094 1617 1142 consentanea
1659 1089 1822 1143 etiam
1865 1090 2063 1143 Aratus

492 1183 551 1238 in
612 1183 1068 1254 appellationibus
1116 1180 1333 1237 dierum
1395 1181 1755 1246 demonstrat,
1802 1196 1925 1236 cum
1974 1181 2063 1237 sic

493 1274 669 1346 inquit
697 1290 713 1329 :

491 1383 682 1457 Emme
711 1387 871 1449 vides.
909 1404 1026 1441 cum
1047 1401 1211 1457 parva
1234 1382 1486 1457 carnibus
1522 1382 1649 1436 luna

504 1455 714 1526 Vesperi
739 1453 1066 1526 apparuerit,
1091 1454 1372 1510 crescentis
1402 1453 1553 1506 deat

490 1522 689 1581 Mensis
729 1522 991 1598 (signum)
1028 1526 1147 1580 inde
1192 1541 1309 1578 cum
1342 1526 1544 1594 primus
1572 1522 1822 1592 splendor
1853 1525 2056 1608 ali/[un-

494 1664 561 1716 Ut
592 1663 832 1717 umbram
858 1664 1047 1727 faciat,
1068 1663 1241 1717 tendit
1265 1660 1337 1714 ad
1362 1672 1609 1732 quartum
1632 1664 1792 1720 diem.
1862 1595 2054 1669 [duum

490 1734 621 1789 Octo
655 1734 767 1789 dies
803 1736 857 1788 in
888 1733 1058 1789 medio
1089 1734 1212 1789 orbe
1249 1732 1464 1787 luminis
1496 1736 1824 1790 medietatem
1860 1738 2054 1804 mensis

1592 1804 1731 1879 [tota
1755 1805 1889 1879 facie
1918 1809 2049 1879 (55).
2088 1818 2130 1876 Β

486 1871 700 1940 Semper
721 1883 897 1929 autem
925 1874 1031 1928 alio
1066 1883 1294 1944 tempore
1315 1876 1452 1930 alias
1483 1871 1680 1943 frontes
1714 1871 1981 1933 inclinans

488 1945 717 2010 Dixerit,
746 1955 910 2013 quota
934 1948 1127 2000 mensis
1155 1963 1354 2001 aurora
1381 1949 1847 2002 circumvolvatur.

488 2083 681 2154 191:1
726 2084 811 2140 his
866 2084 1010 2139 enim
1049 2083 1335 2161 perspicue
1376 2085 1556 2156 inquit
1588 2085 1661 2141 ab
1703 2085 2056 2142 illuminatio—

482 2175 647 2231 nibus
671 2175 814 2230 lunae
839 2175 1232 2246 appellationes
1260 2176 1473 2233 dierum
1500 2177 1881 2233 denominatas
1909 2195 2052 2235 esse.

484 2265 660 2336 Hujus
699 2267 843 2336 quod
870 2267 1168 2322 secundum
1220 2268 1402 2323 lunam
1437 2277 1693 2325 accurate
1723 2270 1840 2326 dies
1880 2268 2053 2325 Graeci

484 2368 671 2430 agant,
727 2369 1103 2428 argumentum
1133 2367 1217 2415 est
1256 2359 1382 2424 hoc,
1428 2360 1576 2432 quod
1635 2361 1768 2417 solis
1820 2362 2054 2433 eclipses

484 2455 616 2504 nam
649 2451 702 2504 in
736 2449 999 2517 triacade,
1019 2450 1124 2505 hoc
1169 2457 1255 2505 est
1279 2450 1368 2505 die
1390 2450 1685 2506 tricesima.
1718 2448 1874 2505 Tunc
1907 2451 2050 2505 enim

477 2543 607 2598 luna
635 2543 986 2615 conjungitur
1010 2558 1135 2598 cum
1170 2543 1305 2604 sole.
1333 2550 1388 2599 et
1410 2544 1464 2599 in
1494 2544 1683 2599 eodem
1715 2543 1887 2615 gradu
1919 2559 2053 2598 con-

478 2636 742 2692 stituitur.
779 2635 945 2690 Lunae
976 2650 1104 2689 vero
1133 2635 1364 2706 eclipses
1422 2634 1747 2706 contingant
1794 2649 1857 2691 ea
1896 2642 2054 2690 nocte

480 2742 603 2798 quae
627 2726 801 2781 tendit
834 2726 900 2779 ad
933 2724 1279 2779 medietatem
1309 2726 1535 2782 mensis.
1574 2724 1731 2780 Tunc
1777 2726 1921 2780 enim
1967 2742 2053 2781 se-

476 2815 716 2870 cundum
746 2814 1069 2870 diametrum
1096 2816 1223 2869 luna
1257 2814 1357 2870 soli
1385 2814 1713 2886 opponitur,
1756 2821 1811 2868 et
1860 2814 2053 2869 incidit

474 2906 529 2958 in
571 2903 817 2957 umbram
844 2912 1023 2959 teme.
1045 2904 1182 2959 Cum
1212 2905 1377 2976 igitur
1391 2913 1445 2959 et
1466 2904 1593 2959 anni
1613 2914 1865 2960 accurate
1882 2921 2052 2976 agm-

478 3002 569 3049 tur
597 2994 895 3050 secundum
931 2996 1099 3050 solem
1121 3035 1136 3060 ,
1171 3004 1225 3051 et
1253 3011 1471 3052 menses
1506 3006 1561 3051 et
1603 2997 1721 3053 dies
1747 2998 2048 3053 secundum

471 3087 693 3155 lunam,
738 3097 866 3142 tunc
894 3095 1088 3158 putant
1122 3087 1294 3143 Graeci
1335 3103 1394 3144 se
1420 3088 1719 3145 secundum
1745 3089 1926 3160 patria
1962 3106 2049 3144 sa-

2163 533 2501 605 ηγόρευσαν·
2531 532 2629 604 τὴν
2659 532 2715 585 δὲ
2752 532 2893 586 κατὰ
2924 531 3087 604 μέσον
3112 529 3205 585 τοῦ
3239 532 3421 602 μηνὸς
3467 536 3737 607 γινομένην

2168 624 2329 694 φάσιν
2358 624 2456 695 τῆς
2490 622 2716 695 σελήνης
2749 624 2856 677 ἀπὸ
2875 623 3039 677 αὐτοῦ
3066 623 3156 677 τοῦ
3184 622 3592 694 συμϐαίνοντος
3613 626 3732 698 διχο-

2158 717 2367 789 μηνίαν
2391 716 2674 771 ἐκάλεσαν.
2711 718 2820 771 Καὶ
2845 716 3073 770 καθόλου
3099 716 3158 770 δὲ
3188 717 3383 779 πάσας
3408 715 3513 780 τὰς
3546 719 3734 789 ἡμέρας

2156 810 2274 865 -ὰπὸ
2289 811 2399 865 τῶν
2418 812 2518 882 τῆς
2546 810 2775 883 σελήνης
2796 809 3089 882 φωτισμῶν
3109 809 3579 882 προσωνόμασαν.
3595 812 3732 867 Ὅθεν

2161 904 2257 957 καὶ
2276 904 2375 975 τὴν
2402 902 2730 975 τριακοστὴν
2753 902 2845 957 τοῦ
2877 904 3043 975 μηνὸς
3064 904 3286 975 ἡμέραν
3325 904 3569 974 ἐσχάτην
3592 899 3733 959 οὖσαν

2163 996 2271 1049 ἀπὸ
2292 974 2457 1049 αυτοῦ
2482 995 2576 1048 τοῦ
2600 974 2985 1065 συμβαίνοντος
3006 997 3281 1067 τριακάδα
3306 996 3598 1051 ἐκάλεσαν.
3624 998 3733 1053 Τού-

2162 1105 2275 1153 τοις
2301 1089 2357 1142 δὲ
2388 1088 2696 1153 ἀκολούθως
2734 1089 2829 1143 καὶ
2860 1091 2889 1142 ό
2924 1090 3157 1160 ’Ἄρατος
3187 1090 3289 1142 ἐπὶ
3333 1088 3450 1143 τῶν
3487 1106 3733 1161 προσηγο-

2160 1179 2296 1252 ριῶν
2327 1180 2436 1234 τῶν
2463 1179 2685 1253 ἡμερῶν
2709 1180 3092 1251 ἀποφαίνεται,
3116 1180 3299 1251 λέγων
3328 1179 3541 1244 οὕτως·

2166 1405 2288 1474 Οὐχ
2315 1400 2516 1472 ὀρθίας,
2552 1404 2725 1475 ὀλίγη
2746 1404 2864 1473 μὲν
2897 1403 3043 1457 ὅταν
3073 1401 3629 1475 κεράεσσι-σελήνη

2169 1473 2534 1541 Ἕσπερόθεν
2567 1473 2867 1544 φαίνηται.
2907 1474 3255 1542 ἀεξομένοιο
3291 1473 3575 1527 διδάσκει

2159 1545 2382 1614 Μηνὸς,
2410 1545 2507 1599 ὅτε
2534 1542 2745 1614 πρώτη
2763 1545 3159 1599 ἀποκίὼηαται
3184 1544 3458 1599 αὐτόθεν
3477 1542 3646 1614 αὐγὴ,

2153 1680 2396 1735 *Οσσον
2421 1679 2757 1733 ἐπισκιάειν
2786 1679 2885 1732 ἐπὶ
2922 1679 3204 1747 τέτρατον
3222 1675 3395 1746 ἦμαρ
3424 1677 3615 1732 ἰοῦσα.

2171 1750 2344 1804 Ὀκτὼ
2362 1750 2412 1803 δ’
2433 1752 2502 1805 ἐν
2521 1750 2755 1819 διχάσει
2770 1767 2786 1780 '
2811 1749 2868 1802 δι
2870 1750 3106 1820 χόμηνα
3121 1749 3190 1803 δὲ
3210 1749 3403 1803 παντὶ
3427 1748 3715 1818 προσώπῳ.

2156 1886 2278 1940 Alei
2303 1885 2354 1940 δ’
2383 1885 2643 1941 ἄλλοθεν
2671 1886 2835 1942 ἄλλα
2859 1886 3336 1954 παρακλίνουσα
3362 1886 3603 1952 μέτωπα

2152 1958 2320 2026 Εἵρῃ,
2348 1958 2643 2027 ἀποσταίη
2669 1958 2863 2027 μηνός
2896 1956 3311 2027 περιτέλλεται
3343 1956 3490 2025 ἠώς.

2132 2070 2257 2123 ’κἜν
2283 2069 2391 2142 γὰρ
2419 2068 2626 2133 τούτοις
2654 2069 2838 2140 σαφῶς
2864 2086 3028 2139 φησιν
3060 2070 3124 2122 ἐκ
3156 2068 3271 2123 τῶν
3302 2067 3600 2137 φωτισμῶν
3632 2068 3714 2137 τῆς

2153 2163 2386 2235 σελήνης
2429 2163 2527 2229 τὰς
2573 2164 2943 2235 προσηγορίας
2982 2162 3092 2217 τῶν
3141 2162 3375 2235 ἡμερῶν
3425 2163 3713 2232 κατωνομά⁸

2159 2255 2300 2308 σθαι.
2333 2252 2438 2308 Τοῦ
2478 2255 2533 2308 δέ
2563 2255 2705 2308 κατὰ
2737 2254 2967 2325 σελήνην
2997 2253 3150 2323 ἄγειν
3184 2252 3443 2324 ἀκριϐῶς
3470 2252 3566 2316 τὰς
3602 2252 3716 2323 ἡμέ-

2158 2363 2259 2419 ρας
2293 2346 2644 2418 παράδειγμὰ
2670 2347 2784 2400 ἐστι
2812 2344 2873 2399 τδ
2894 2346 2993 2409 τὰς
3023 2345 3120 2416 μὲν
3140 2344 3234 2399 τοῦ
3278 2343 3442 2416 ἡλίου
3472 2344 3710 2415 ἐκλείψεις

2152 2438 2402 2507 γίνεσθαι
2429 2442 2494 2511 τῇ
2538 2438 2810 2510 τριακάδι.
2845 2439 2980 2491 Τότε
3011 2437 3120 2510 γὰρ
3148 2436 3432 2491 συνοδεύει
3463 2437 3496 2507 ἡ
3542 2436 3708 2507 σελήνη

2152 2530 2232 2603 τῷ
2262 2531 2416 2603 ἡλίῳ,
2450 2532 2544 2585 καὶ
2584 2531 2727 2585 κατά
2763 2530 2862 2603 τὴν
2902 2531 3070 2602 αὐτὴν
3111 2534 3311 2602 μοῖραν
3355 2530 3579 2598 γίνεται.
3619 2529 3709 2591 Τὰς

2152 2622 2210 2675 δὲ
2234 2623 2334 2692 τῆς
2378 2622 2606 2694 σελήνης
2645 2622 2915 2693 ἐκλείψεις
2941 2622 3098 2676 νυκτὶ
3138 2625 3202 2695 τῇ
3249 2620 3497 2693 φερούσῃ
3534 2620 3709 2690 είςτὴν

2145 2716 2491 2788 διχομηνίαν.
2535 2716 2667 2769 Τότε
2699 2715 2807 2788 γὰρ
2835 2716 2979 2770 κατὰ
3006 2713 3307 2786 διάμετρον
3335 2713 3540 2783 γίνεται
3568 2713 3598 2783 ἡ
3631 2728 3703 2763 σε-

2153 2809 2285 2880 λήνη
2310 2808 2388 2879 τῷ
2408 2808 2562 2879 ἡλίῳ,
2597 2809 2691 2862 καὶ
2717 2809 2979 2881 ἐμπίπτει
3011 2810 3091 2871 είς
3117 2807 3177 2860 τὸ
3202 2806 3311 2876 τῆς
3343 2805 3449 2876 γῆς
3474 2802 3702 2871 σκίασμα.

2149 2902 2327 2964 ’Ὀταν
2375 2897 2467 2956 οὖν
2515 2901 2610 2955 καὶ
2652 2902 2704 2954 οἱ
2747 2900 2985 2955 ἐνιαυτοὶ
3027 2899 3275 2971 ἀκριϐῶς
3324 2899 3559 2967 ἄγωνται
3601 2896 3700 2949 καθ’

2150 2995 2321 3065 ἥλιον,
2361 2993 2455 3047 καὶ¹
2495 2994 2542 3047 οί
2591 2993 2781 3064 μῆνες,
2816 2993 2909 3046 καὶ
2950 2994 3008 3046 αἱ
3037 2993 3242 3064 ἡμέραι
3295 2991 3441 3053 κατὰ
3483 2989 3698 3060 σελήνην,

2149 3088 2268 3142 τότε
2300 3084 2606 3158 νομίζωσιν
2644 3087 2693 3139 oi
2726 3086 2985 3158 ’Έλληνες
3023 3086 3163 3140 κατὰ
3198 3086 3273 3140 τὰ
3317 3086 3518 3157 πάτρια
3543 3084 3695 3139 θύειν·

472 3181 756 3248 criﬁcare;
790 3180 893 3236 hoc
931 3187 1111 3235 autem
1161 3188 1245 3236 est
1282 3180 1474 3237 iisdem
1523 3183 1861 3252 temporibus
1918 3189 2043 3238 anni

2149 3178 2306 3233 τοῦτο
2331 3178 2375 3232 δ’
2404 3179 2520 3231 ἐστὶ
2544 3176 2686 3232 κατὰ
2716 3179 2840 3241 τοὺς
2864 3178 3059 3242 αὐτοὺς
3094 3179 3328 3250 καιροὺς
3358 3178 3451 3232 τοῦ
3486 3166 3698 3230 ἐνιαυτοῦ

468 3273 658 3327 eadem
689 3272 957 3328 sacriﬁcia
993 3272 1099 3329 diis
1125 3288 1529 3330 consummare.
1582 3274 1762 3345 Atque
1806 3273 2046 3347 Egyptii

469 3363 691 3434 quidem
715 3364 1051 3420 contrariam
1085 3363 1290 3421 Graecis
1318 3372 1373 3421 et
1397 3367 1723 3422 sententiam
1753 3374 1807 3422 et
1847 3382 2047 3438 pr0po-

468 3455 635 3511 situm
659 3454 984 3512 habuerunt.
1002 3454 1187 3526 Neque
1203 3458 1345 3512 enim
1364 3472 1537 3513 annos
1554 3465 1722 3528 agunt
1744 3458 2043 3514 secundum

467 3548 661 3609 solem,
682 3562 858 3618 neque
882 3563 1100 3605 menses
1121 3554 1176 3604 et
1197 3548 1316 3605 dies
1343 3549 1647 3604 secundum
1692 3550 1877 3605 lunam
1899 3591 1913 3611 .
1947 3552 2043 3607 sed

470 3640 691 3710 propria
726 3639 960 3710 quadam
996 3642 1206 3696 ratione
1244 3650 1371 3696 sunt
1402 3641 1507 3697 usi.
1540 3639 1747 3697 Volunt
1775 3643 1921 3697 enim
1946 3658 2040 3698 sa-

465 3730 671 3786 criﬁcia
693 3730 799 3787 diis
826 3730 943 3786 ﬁeri
963 3746 1075 3786 non
1105 3733 1406 3787 secundum
1445 3731 1588 3788 idem
1622 3739 1838 3804 tempus
1871 3735 2040 3802 anni;

466 3825 561 3880 sed
594 3839 657 3879 ea
688 3839 785 3894 per
832 3839 1023 3880 omnes
1050 3824 1179 3878 anni
1218 3825 1552 3894 quadrantes
1581 3825 1682 3893 ire,
1727 3831 1780 3880 et
1822 3824 1936 3882 ﬁeri
1974 3843 2037 3882 ex

466 3914 659 3969 aestivo
692 3912 833 3970 festo
858 3923 912 3969 et
947 3911 1326 3977 liibernum,et
1354 3914 1689 3977 autumnale,
1706 3923 1760 3969 et
1787 3930 2038 3972 vernum.

464 4006 651 4076 Agunt
679 4008 825 4062 enim
881 4022 1084 4062 annum
1129 4006 1339 4062 dierum
1386 4005 1527 4068 565,
1570 4006 1860 4062 duodecim
1895 4008 2039 4062 enim

465 4113 685 4155 menses
710 4108 878 4169 agunt
909 4099 980 4154 30
1034 4098 1266 4164 dierum,
1296 4109 1350 4154 et
1382 4099 1626 4169 quinque
1669 4099 1788 4156 dies
1816 4108 2039 4170 epactas

468 4191 695 4246 addunt.
723 4190 826 4246 Sed
859 4189 1218 4260 quadrantem
1249 4190 1399 4245 illum
1421 4190 1527 4246 diei
1567 4207 1676 4246 non
1707 4191 2038 4251 intercalant

466 4290 688 4353 propter
716 4282 1026 4352 praedictam
1068 4297 1328 4349 causam;
1368 4290 1427 4338 ut
1455 4283 1712 4340 videlicet
1759 4285 1867 4342 illis
1898 4286 2034 4343 festa

464 4375 785 4444 anticipent.
827 4373 960 4429 Nam
981 4375 1037 4429 in
1063 4385 1298 4445 quatuor
1329 4376 1489 4432 annis
1519 4392 1631 4432 uno
1672 4377 1761 4433 die
1791 4377 2033 4451 ASgyptii

461 4467 722 4521 deﬁciunt
750 4484 781 4522 a
815 4467 950 4534 sole,
982 4468 1037 4521 in
1053 4466 1124 4522 ιο
1157 4468 1317 4522 anuis
1343 4468 1532 4524 decem
1553 4466 1748 4525 diebus
1778 4468 2032 4525 deficient

461 4566 683 4628 propter
713 4574 917 4619 annum
976 4560 1128 4616 solis.
1163 4558 1352 4630 Itaque
1392 4561 1558 4616 etiam
1587 4561 1808 4617 totidem
1838 4561 2032 4619 diebus

460 4650 760 4720 anticipant
789 4650 947 4715 festa,
965 4659 1026 4706 ut
1050 4667 1119 4706 ne
1133 4652 1454 4722 contingant
1478 4651 1780 4707 secundum
1813 4654 2032 4708 eosdem

459 4742 793 4813 quadrantes
823 4743 973 4798 anni.
1001 4744 1061 4798 In
1102 4744 1271 4809 annis
1294 4759 1424 4798 vero
1461 4744 1565 4799 120
1615 4753 1897 4801 menstrua
1927 4748 2033 4803 erit

459 4836 718 4901 varietas,
748 4836 1090 4906 respiciendo
1121 4851 1245 4891 cum
1270 4836 1335 4891 ad
1368 4852 1569 4892 annum
1600 4838 1734 4894 solis
1755 4879 1771 4904 ,
1810 4849 1924 4895 tum
1962 4840 2031 4895 ad

461 4927 589 4982 anni
612 4927 964 4997 quadrantes.
989 4927 1359 4994 Quamobrem
1386 4938 1629 4983 erratum
1678 4931 1833 4996 illud,
1880 4932 2027 5002 quod

460 5020 602 5092 apud
626 5019 845 5075 Graecos
885 5019 1285 5084 circumfertur,
1322 5036 1449 5075 cum
1495 5030 1723 5092 propter
1768 5025 2028 5093 temporis

458 5112 850 5183 longitudinem
897 5113 1283 5183 approbatione
1333 5113 1556 5184 dignum
1613 5115 1684 5169 sit
1734 5114 2027 5181 habitum,

457 5189 620 5258 etiam
651 5203 718 5257 ad
750 5215 935 5259 nostra
967 5218 1139 5272 usque
1167 5213 1409 5273 tempora
1455 5219 1554 5274 pro
1587 5221 1716 5262 vero
1757 5209 2025 5262 creditura

457 5292 577 5349 fuit.
601 5294 799 5350 Putant
824 5297 966 5352 enim
991 5296 1211 5368 plurimi
1256 5293 1568 5354 Graecorum
1597 5298 1653 5353 in
1699 5298 1897 5355 festum
1928 5297 2036 5355 lsi-

464 5498 467 5501 .
525 5450 570 5481 ⁸³
604 5468 694 5522 rp.
722 5458 853 5523 ρκε’.

468 5636 471 5641 ν
525 5600 635 5677 (33)
671 5607 724 5663 Id
755 5616 835 5663 est
864 5609 1074 5678 integro
1104 5608 1236 5664 orbe
1261 5607 1468 5678 lucens,

527 5676 638 5747 (54)
679 5682 743 5731 Ol
780 5678 897 5747 μὲν·
933 5676 1042 5748 γὰρ
1073 5680 1397 5748 Αἰγύπτιοι.
1428 5676 1527 5733 llic
1559 5678 1714 5733 locus
1747 5677 2013 5735 Soiiniani

454 5750 899 5804 commentatoris
926 5749 1154 5820 castigat
1185 5764 1448 5817 errorem,
1485 5749 1579 5820 qui
1613 5766 1815 5805 annum
1848 5749 2017 5822 Ᾰίεγο

2147 3272 2247 3336 τὰς
2270 3271 2438 3335 αὐτὰς
2465 3270 2655 3334 θυσίας
2676 3272 2787 3333 τοῖς
2819 3269 2960 3334 θεοῖς
2988 3252 3381 3326 συντελεῖσθαι.
3408 3270 3470 3323 Ol
3498 3270 3588 3340 μὲν
3608 3266 3696 3336 γὰρ

2145 3362 2432 3433 Αἰγύπτιοι
2472 3362 2583 3432 (5i)
2622 3361 2722 3432 τὴν
2754 3362 3001 3416 ἐναντίαν
3043 3361 3299 3433 διάληψιν
3340 3361 3435 3415 καὶ
3475 3359 3696 3432 πρόθεσιν

2144 3456 2412 3527 ἐσχήκασι
2455 3455 2569 3517 τοῖς
2615 3452 2890 3522 Ἕλλησιν.
2936 3451 3073 3507 Οὔτε
3115 3452 3223 3525 γὰρ
3277 3454 3407 3516 τοὺς
3453 3450 3693 3509 ἐνιαυτοὺς

2144 3547 2206 3616 ἄη
2218 3565 2339 3601 ουσι
2368 3545 2491 3600 καθ’
2519 3545 2692 3615 ἡλιον,
2723 3544 2846 3599 οὔτε
2878 3546 3008 3607 τοὺς
3048 3545 3224 3616 μῆνας
3252 3546 3355 3598 καὶ
3384 3543 3481 3607 τὰς
3513 3541 3693 3614 ἡμέρας

2145 3636 2286 3690 κατὰ
2314 3634 2411 3706 τὴν
2457 3636 2686 3705 σελήνην
2705 3650 2718 3664 ·
2766 3634 2879 3687 ἀλλ’
2914 3635 3020 3706 ἰδίᾳ
3046 3635 3153 3687 τινὶ
3195 3633 3492 3688 ὑποστάσει
3523 3646 3691 3702 κεχρηο

2147 3728 2296 3800 μένοι
2331 3726 2457 3781 εἰσί.
2498 3726 2789 3780 Βούλονται
2823 3726 2932 3799 γὰρ
2959 3727 3057 3790 τὰς
3092 3726 3287 3790 θυσίας
3320 3728 3430 3790 τοῖς
3476 3724 3602 3787 θεοῖς
3628 3723 3687 3793 μὴ

2142 3820 2286 3875 κατὰ
2314 3820 2406 3874 τὸν
2432 3819 2594 3874 αὐτὸν
2633 3819 2820 3891 καιρὸν
2858 3819 2951 3872 τοῦ
2992 3819 3237 3874 ἐνιαυτοῦ
3271 3818 3547 3889 γίνεσθαι·
3575 3813 3685 3869 ἀλλὰ

2141 3911 2230 3965 διὰ
2257 3910 2446 3965 πασῶν
2469 3909 2577 3964 τῶν
2598 3909 2693 3964 τοῦ
2720 3908 2963 3963 ἐνιαυτοῦ
2985 3909 3145 3982 ὡρῶν
3170 3910 3403 3964 διελθεῖν
3422 3926 3434 3939 ·
3457 3909 3544 3963 καὶ
3566 3907 3686 3975 γίνε-

2142 4007 2267 4061 σθαι
2296 4007 2395 4079 τὴν
2420 4005 2637 4078 θερινὴν
2676 4005 2865 4078 ἑορτὴν
2891 4006 2986 4060 καὶ
3032 4008 3372 4080 χειμερινὴν,
3402 4006 3491 4060 καὶ
3528 4003 3681 4073 φθινο-

2140 4100 2418 4171 πωρινὴν,
2471 4098 2567 4153 καὶ
2613 4100 2855 4171 ἐαρινήν.
2904 4099 3131 4167 Ἀγουσι
3178 4099 3288 4171 γὰρ
3339 4098 3428 4152 τὸν
3474 4092 3681 4149 ἐνιαυτὸν

2139 4192 2361 4266 ἡμερῶν
2412 4193 2740 4265 τριακοσίων
2790 4190 3052 4264 ἐξήκοντα
3102 4192 3265 4246 πέντε
3289 4209 3308 4225 ·
3362 4190 3554 4245 δώδεκα
3591 4186 3677 4254 γὰρ

2141 4286 2319 4357 μῆνας
2363 4284 2556 4354 ἄγουσι
2604 4283 3103 4360 τριακονθημέρους
3155 4285 3249 4338 καὶ
3291 4285 3449 4339 πέντε
3497 4276 3678 4351 ἡμέρας

2136 4377 2422 4445 ἐπάγουσι.
2456 4377 2530 4430 Τὸ
2562 4375 2617 4430 δὲ
2647 4376 2772 4448 α’]δν
2803 4376 2902 4430 οὐκ
2930 4376 3196 4447 ἐπάγουσι
3217 4376 3307 4430 διὰ
3337 4376 3433 4447 τὴν
3457 4383 3675 4442 προειρη-

2142 4468 2307 4540 μένην
2356 4466 2533 4521 αἰτίαν
2555 4508 2570 4530 ,
2604 4468 2692 4521 ῐνα
2732 4468 2917 4531 αὐτοῖς
2952 4468 3385 4533 ἀναποδίζωνται
3420 4468 3472 4519 αἱ
3498 4456 3671 4533 ἑορταί.

2148 4561 2236 4613 Ἐν
2268 4557 2376 4631 γὰρ
2398 4561 2510 4623 τοῖς
2537 4558 2578 4611 δ’
2613 4557 2756 4612 ἔτεσι
2786 4560 2883 4630 μιᾷ
2903 4559 3088 4632 ἡμέρᾳ
3119 4559 3404 4633 ὑστεροῦσι
3437 4553 3571 4627 παρά
3598 4550 3671 4604 τὸν

2135 4651 2333 4723 ἥλιον-³
2361 4654 2418 4704 ἐν
2465 4650 2523 4703 δέ
2557 4653 2668 4713 τοῖς
2713 4656 2764 4722 μ’
2803 4650 2946 4704 ἐτεσι
2999 4656 3029 4703 ι’
3072 4652 3309 4724 ἡμέραις
3353 4648 3669 4720 ὑστερήσουσι

2134 4741 2286 4815 παρὰ
2334 4742 2425 4796 τὸν
2467 4740 2560 4795 τοῦ
2592 4741 2742 4812 ἡλίου
2776 4742 3020 4797 ἐνιαυτόν
3046 4760 3059 4773 ⁸
3100 4743 3243 4798 ὥστε
3274 4743 3366 4798 καὶ
3418 4737 3668 4795 τοσαύταις

2134 4835 2365 4908 ἡμέραις
2407 4831 2817 4898 ἀναποδίζουσιν
2847 4836 2901 4890 al
2931 4835 3134 4906 ἑορταὶ,
3175 4835 3313 4910 πρὸς
3351 4834 3410 4889 τὸ
3442 4833 3510 4903 μὴ
3551 4827 3668 4895 γίνε-

2133 4927 2256 4980 σθαι
2286 4925 2425 4980 κατὰ
2446 4925 2546 4990 τὰς
2570 4925 2740 4990 αὐτὰς
2781 4925 2931 4998 ὥρας
2956 4925 3050 4980 τοῦ
3084 4926 3351 4981 ἐνιαυτοῦ.
3386 4925 3465 4979 Ἐν
3499 4920 3550 4974 δὲ
3574 4917 3664 4974 τοῖς

2132 5026 2213 5094 ρκ’
2243 5020 2287 5051 ⁸³
2311 5019 2455 5074 ἔτεσι
2483 5021 2730 5090 μηνιαίον
2758 5017 2909 5072 ἔσται
2943 5019 3006 5072 τὸ
3053 5018 3419 5090 παράλλαγμα
3448 5014 3531 5069 καὶ
3554 5005 3663 5079 πρὸς

2128 5113 2218 5167 τὸν
2244 5111 2340 5165 τοῦ
2381 5111 2533 5183 ἡλίου
2564 5110 2826 5175 ἐνιαυτὸν,
2859 5112 2955 5165 καὶ
3003 5111 3140 5184 πρὸς
3181 5111 3281 5176 τὰς
3321 5107 3454 5164 κατὰ
3483 5103 3538 5157 τὸ
3564 5099 3658 5158 ἔτος

2133 5205 2303 5278 ὥρας.
2330 5206 2407 5258 Δι’
2438 5206 2503 5276 ἢν
2532 5204 2709 5258 αἰτίαν
2737 5205 2833 5259 καὶ
2860 5205 2922 5256 τὸ
2951 5204 3378 5276 περιφερόμενον
3399 5197 3658 5271 ἁμάρτημα

2134 5297 2289 5371 παρὰ
2324 5299 2433 5362 τοῖς
2479 5297 2734 5370 Ἕλλησιν
2774 5297 2840 5352 ἐκ
2885 5296 3095 5352 πολλῶν
3138 5298 3346 5370 χρόνων
3394 5282 3656 5362 παραδοχῆς

2120 5610 2364 5692 ptiacum
2392 5611 2464 5664 ita
2491 5611 2777 5692 contexuit
2798 5652 2812 5674 .
2846 5619 2904 5667 ut
2950 5621 3145 5684 prseter
3189 5612 3306 5668 dies
3333 5616 3513 5667 eccm
3533 5597 3652 5653 hom

2124 5697 2216 5736 sex
2240 5689 2534 5750 quotannis
2566 5689 2958 5740 inscrerentur.
