3886 6268
466 326 568 384 807

539 441 760 498 Veteres
782 441 946 512 igitur
965 441 1199 512 agebant
1219 456 1442 500 menses
1483 443 1554 498 '50
1585 443 1796 499 dierum
1821 463 1835 510 ;
1875 461 2030 502 men-
2061 455 2108 509 Α

467 549 555 592 ses
585 543 764 590 autem
797 533 1146 588 intercalares
1196 542 1419 606 propter
1467 552 1668 590 annum
1717 537 1870 592 solis.
1897 537 2032 592 Cum

467 635 647 681 autem
682 641 777 696 per
807 626 1177 696 apparentiam
1221 627 1405 681 statim
1431 629 1633 684 veritas
1665 629 2036 701 deprehende-

465 727 636 779 retur,
689 733 754 772 eo
810 717 954 788 quod
989 717 1107 773 dies
1148 726 1204 773 et
1231 734 1445 775 menses
1481 736 1586 774 non
1645 722 2037 792 responderent

465 811 642 875 lunae,
678 812 806 863 anni
855 825 985 865 vero
1033 825 1141 863 non
1180 821 1543 881 congruerent
1571 827 1692 867 cum
1744 814 1880 878 sole,
1910 814 2036 868 hinc

463 901 778 971 quaerebant
801 900 1104 970 periodum,
1133 915 1254 968 qua:
1271 901 1323 953 in
1347 900 1506 955 annis
1525 903 1883 971 responderet
1907 903 2032 969 soli,

465 991 521 1046 in
560 991 841 1045 mensibus
875 1006 1002 1044 vero
1025 997 1078 1042 et
1127 990 1322 1045 diebtts
1368 991 1529 1044 lunae.
1561 992 1816 1048 Contiuet
1853 1003 2033 1048 autem

463 1083 628 1153 hujus
652 1081 858 1153 periodi
894 1090 1109 1153 tempus
1150 1083 1394 1151 integros
1425 1098 1661 1149 menses,
1691 1093 1748 1141 et
1794 1086 2035 1154 integros

461 1177 601 1244 dies,
636 1185 690 1232 et
733 1179 971 1249 integros
1001 1192 1192 1231 annos.
1227 1176 1464 1231 Primam
1516 1172 1696 1233 autem
1729 1181 2033 1233 constitue-

459 1279 586 1325 runt
621 1271 902 1340 periodum
938 1270 1308 1332 octaeteridis,
1347 1286 1470 1340 qua:
1525 1271 1772 1326 continet
1820 1285 2034 1326 menses

460 1363 678 1434 quidem
721 1362 810 1426 99,
856 1363 909 1417 in
964 1363 1163 1433 quibus
1215 1362 1574 1420 intercalares
1638 1378 1856 1417 menses
1905 1371 2034 1417 sunt

461 1463 599 1521 tres,
629 1456 744 1510 dies
774 1471 902 1511 vero
921 1455 1084 1517 2922,
1126 1462 1179 1510 et
1219 1470 1391 1510 annos
1437 1463 1582 1510 octo.
1620 1454 2033 1510 Constituerunt

460 1555 638 1602 autem
669 1547 997 1603 octaeterida
1023 1548 1127 1606 hoc
1176 1545 1336 1600 modo
1363 1545 1532 1601 :Cum
1561 1546 1705 1601 enim
1738 1561 1915 1602 annus
1944 1560 2036 1601 so-

460 1639 591 1694 laris
616 1640 685 1693 sit
711 1640 918 1695 dierum
949 1639 1188 1708 δεδιχι,
1209 1654 1385 1694 annus
1420 1654 1547 1694 vero
1577 1639 1786 1694 lunaris
1819 1638 1889 1694 sit
1917 1636 2034 1694 die-

461 1745 584 1784 rum
613 1731 737 1794 554,
775 1738 1104 1800 acceperunt
1126 1746 1431 1794 excessum,
1464 1745 1572 1801 quo
1609 1729 1823 1786 excedit
1855 1745 2032 1785 annus

1486 327 1576 380 AD
1616 326 1881 384 EUSEBII
1912 326 2309 384 CHBONICON
2350 324 2707 382 APPENDIX.

3629 328 3716 377 θοις

2209 449 2270 502 οε
2303 449 2400 520 μὲν
2428 441 2520 500 οὖν
2569 446 2782 517 ἀρχαῖοι
2834 443 2960 507 τοὺς
2996 443 3169 514 μῆνας
3215 439 3717 513 τριακονθημέρους

2138 539 2300 616 ἦγον·
2329 541 2452 605 τοὺς
2487 539 2544 592 ὅέ
2575 533 2900 609 ἐμϐολίμους
2943 537 3068 606 παρ’
3099 534 3379 589 ἐνιαυτόν.
3417 533 3636 603 Ταχέως
3670 537 3720 590 ὁὶ

2135 632 2247 687 ὑπὸ
2283 629 2378 684 τοῦ
2424 627 2748 699 φαινομένου
2783 625 3143 696 ἐλεγχομένης
3190 625 3300 693 τῆς
3345 623 3605 693 ἀληθείας
3643 626 3718 679 διὰ

2139 725 2200 777 τὸ
2244 722 2342 786 τὰς
2375 721 2587 793 ἡμέρας
2621 719 2712 772 καὶ
2761 718 2887 780 τοὺς
2943 715 3249 786 μῆναςέμὴ
3305 717 3616 783 συμφωνεῖν
3658 720 3715 789 τῇ

2142 817 2360 889 σελήνῃ,
2381 817 2507 878 τοὺς
2532 815 2575 866 δ’
2607 813 2888 874 ἐνιαυτοὺς
2915 809 2988 882 μὴ
3015 812 3255 880 στοιχεῖν
3283 806 3367 878 τῷ
3391 807 3547 878 ἡλίῳ.
3572 809 3714 861 Ὅθεν

2139 910 2361 981 ἐζήτουν
2392 908 2436 940 ³⁸
2477 905 2744 977 περίοδον,
2788 905 2906 974 ἦτις
2950 901 3092 955 κατὰ
3135 902 3241 972 μὲν
3277 901 3412 962 τοὺς
3458 902 3715 965 ἐνιαυτοὺς

2140 1000 2216 1070 τῷ
2242 999 2375 1069 ἡλίῳ
2420 996 2793 1068 συμφωνήσει,
2841 992 2982 1047 κατὰ
3016 992 3073 1046 δὲ
3107 993 3239 1054 τοὺς
3281 989 3466 1060 μῆνας
3516 988 3604 1042 καὶ
3627 989 3711 1054 τὰς

2136 1088 2349 1159 ἡμέρας
2375 1091 2440 1159 τῇ
2471 1086 2685 1159 σελήνῃ.
2717 1085 2966 1157 Περιέχει
2988 1083 3043 1137 δὲ
3073 1085 3102 1136 ό
3123 1083 3229 1152 τῆς
3256 1081 3519 1151 περιόδου
3545 1084 3712 1152 χρόνος

2139 1177 2292 1240 ὅλους
2326 1176 2524 1247 μῆνας,
2558 1177 2650 1228 καὶ
2681 1175 2806 1238 ὅλας
2839 1174 3071 1246 ἡμέρας,
3103 1175 3198 1228 καὶ
3232 1172 3400 1235 ὅλους
3429 1172 3706 1236 ἐνιαυτούς.

2140 1268 2359 1340 Πρῶτον
2391 1269 2448 1321 δὲ
2488 1270 2878 1338 συνεστήσαντο
2905 1269 3002 1338 τὴν
3033 1267 3290 1339 περίοδον
3332 1265 3437 1336 τῆς
3475 1266 3711 1335 ὀκταετη-

2141 1358 2302 1429 ρὶδος,
2336 1360 2458 1429 ἥτις
2493 1360 2735 1431 περιέχει
2769 1361 2867 1431 μὲν
2899 1360 3077 1430 μῆνας
3103 1357 3211 1426 ιιιθ’,
3239 1360 3303 1411 ἐν
3330 1351 3417 1421 οἷς
3445 1357 3707 1429 ἐμϐόλιμοι

2137 1457 2207 1518 γ’,
2235 1451 2448 1522 ἡμέρας
2493 1451 2551 1505 δὲ
2592 1451 2760 1523 βλκβ’,
2790 1452 2883 1523 ετη
2911 1453 2969 1505 δέ
2997 1459 3066 1523 η’.
3093 1450 3520 1523 Συνεστήσαντο
3547 1451 3601 1504 δέ
3625 1453 3708 1521 τὴν

2136 1542 2490 1614 ὀκταετηρίδα
2518 1543 2610 1597 τὸν
2661 1543 2859 1616 τρόπον
2911 1543 3119 1596 τοῦτον
3165 1541 3332 1597 Ἐπεὶ
3382 1541 3492 1612 γὰρ
3534 1543 3561 1594 ό
3603 1543 3705 1595 καθ’

2136 1633 2286 1704 ἥλιον
2313 1635 2557 1698 ἐνιαυτὸς
2583 1635 2803 1707 ἡμερῶν
2829 1637 2943 1688 ἐστι
2965 1633 3092 1701 τξέ,
3111 1639 3158 1687 α’
3161 1633 3268 1706 [δ’.
3292 1637 3323 1687 ό
3338 1634 3396 1686 δέ
3415 1633 3554 1686 κατὰ
3571 1633 3705 1703 σεληο

2137 1741 2233 1795 νην
2267 1725 2505 1788 ἐνιαυτός
2534 1728 2681 1779 ἐστιν
2717 1726 2938 1797 ἡμερῶν
2963 1726 3089 1790 τνδθ,
3121 1725 3323 1778 ἔλαϐον
3366 1723 3465 1794 τὴν
3493 1723 3700 1794 ὑπερϐο-

462 1823 659 1879 solaris
683 1838 880 1876 annum
909 1823 1179 1878 lunarem.
1200 1822 1470 1879 Excessus
1496 1833 1673 1878 autem
1708 1821 1798 1876 hic
1817 1830 1900 1877 est
1923 1821 2024 1876 die-

2132 1813 2229 1886 λὴν
2263 1814 2328 1885 ἠν
2361 1815 2616 1887 ὑπερέχει
2645 1817 2672 1868 ὁ
2699 1816 2821 1869 καθ’
2848 1816 2997 1887 ἥλιον
3042 1815 3293 1878 ἐνιαυτὸς
3335 1815 3434 1866 τοῦ
3466 1815 3597 1866 κατὰ
3629 1831 3699 1866 σι-

461 1936 581 1975 rum
631 1921 688 1975 ll
726 1919 846 1991 ιχι.
892 1917 949 1974 Si
1000 1919 1162 1989 igitur
1225 1919 1524 1973 secundum
1566 1919 1750 1972 lunam
1808 1931 2035 1986 agamus

458 2027 697 2074 menses.
728 2011 782 2065 in
833 2027 975 2065 anno
1017 2011 1332 2066 deﬁciemus
1376 2011 1446 2065 ab
1493 2025 1638 2065 anno
1665 2010 1796 2065 solis
1842 2009 2035 2066 diebus

459 2100 519 2156 il
551 2101 674 2172 1/4.
707 2100 1079 2166 Quaesirerunt
1103 2101 1284 2172 igitur,
1307 2101 1522 2172 quoties
1546 2101 1600 2156 hi
1634 2101 1751 2156 dies
1777 2101 2038 2171 multipli-

455 2193 562 2248 cati
579 2192 810 2248 efﬁciam
835 2195 1072 2260 integros
1103 2194 1219 2248 dies
1241 2202 1294 2248 et
1325 2194 1566 2260 integros
1597 2208 1836 2248 menses.
1855 2193 2035 2270 octies

453 2299 584 2354 ergo
611 2285 942 2355 multiplicati
971 2286 1206 2341 elliciunt
1250 2287 1491 2357 integros
1532 2285 1648 2341 dies
1683 2294 1737 2340 et
1789 2266 2035 2355 integros

455 2391 670 2431 menses
686 2393 701 2442 ;
719 2377 832 2431 dies
846 2375 1060 2447 quidem
1079 2377 1167 2440 90.
1188 2393 1402 2433 menses
1420 2392 1544 2433 vero
1561 2385 1692 2431 tres.
1715 2373 1771 2430 Si
1793 2376 1956 2446 igitur
1978 2376 2033 2429 in

453 2468 760 2536 annojuxta
774 2471 941 2524 solem
958 2470 1239 2525 deﬁcimus
1255 2471 1447 2526 diebus
1469 2470 1523 2524 ll
1547 2469 1665 2540 ιλιι,
1685 2468 2031 2524 manifestum

451 2569 538 2615 est
558 2562 699 2630 quod
720 2562 771 2615 in
790 2571 915 2616 octo
935 2564 1092 2617 annis
1115 2564 1428 2620 deﬁciemus
1453 2563 1607 2632 juxta
1639 2563 1806 2618 solem
1836 2561 2029 2615 diebus

452 2651 544 2718 90,
565 2654 655 2723 qui
679 2662 805 2709 sunt
833 2671 1049 2710 menses
1075 2663 1204 2712 tres.
1239 2657 1410 2723 Quam
1428 2657 1497 2711 ob
1515 2671 1735 2711 causam
1758 2655 1811 2708 in
1836 2653 2026 2724 quavis

453 2745 780 2800 octaeteride
813 2753 922 2800 tres
944 2757 1178 2817 aguntur
1206 2763 1422 2804 menses
1451 2747 1824 2807 intercalares.
1859 2743 2030 2798 utde-

455 2831 630 2888 fectus
667 2835 759 2904 qui
801 2835 856 2888 ﬁt
890 2836 1120 2908 singulis
1175 2838 1332 2893 annis
1361 2852 1391 2891 a
1435 2836 1580 2900 sole,
1633 2835 1937 2905 repleatur,
1971 2838 2026 2887 et

454 2937 646 2980 rursus
683 2941 712 2978 a
739 2927 998 2998 principio
1021 2970 1035 2991 ,
1078 2944 1202 2983 eum
1248 2936 1374 2984 octo
1427 2929 1554 2982 anni
1583 2926 1786 2982 fuerint
1828 2924 2022 2995 elapsi,

456 3011 596 3068 festa
629 3029 934 3088 congruant
967 3021 1033 3075 ad
1075 3021 1290 3076 easdem
1329 3021 1455 3075 anni
1495 3025 1864 3090 tempestates.
1909 3015 2024 3070 Hoc

453 3107 599 3161 enim
631 3124 752 3164 eum
778 3112 853 3175 lit,
879 3113 1146 3168 sacriﬁcia
1175 3113 1281 3168 diis
1317 3128 1531 3184 semper
1561 3111 1914 3182 perﬁcientur
1962 3108 2019 3163 in

454 3200 645 3258 iisdem
675 3209 800 3262 anni
831 3209 1263 3279 tempestatibus.

533 3467 643 3532 1am
675 3487 804 3528 vero
827 3487 949 3527 cum
969 3487 1183 3528 menses
1215 3473 1585 3537 intercalares,
1612 3481 1873 3543 quantum
1901 3470 2015 3527 lieri
2048 3474 2094 3538 ο

452 3573 789 3639 poterat,-ex
820 3581 975 3636 aequo
1020 3567 1354 3620 collocarent
1399 3564 1595 3637 (neque
1642 3565 1784 3620 enim
1827 3579 2022 3635 exspe-

453 3657 711 3713 ctandum
763 3665 901 3720 erat,
955 3656 1130 3712 donec
1171 3669 1449 3714 menstrua
1496 3659 1646 3714 ﬁeret
1690 3659 1919 3712 variatio
1955 3656 2023 3711 ad

451 3752 843 3822 apparentiam,
889 3766 1066 3820 neque
1089 3751 1246 3819 juxta
1277 3753 1510 3807 solarem
1557 3767 1778 3807 cursum
1810 3752 2020 3822 integer

455 3843 660 3898 mensis
681 3849 797 3896 erat
820 3844 1283 3914 antevertendus),
1321 3844 1392 3899 ob
1418 3860 1537 3901 eam
1584 3860 1806 3899 causam
1847 3845 2022 3899 inter-

453 3936 665 3990 calares
716 3949 931 3988 menses
958 3934 1363 3990 constituerunt
1417 3937 1501 4006 agi
1550 3935 1604 3990 in
1647 3935 1809 3990 tertio
1842 3949 2020 3999 anno,

451 4034 508 4082 et
537 4027 751 4097 quinto,
773 4035 827 4081 et
860 4035 1083 4092 octavo;
1129 4026 1269 4082 duos
1318 4027 1534 4097 quidem
1565 4043 1802 4095 menses,
1853 4029 2023 4083 intero

448 4117 613 4188 jectis
642 4116 856 4172 duobus
884 4117 1041 4170 annis
1061 4132 1074 4167 :
1096 4122 1262 4169 unum
1298 4131 1426 4170 vero
1457 4131 1723 4180 mensem,
1749 4130 1858 4169 uno
1883 4116 2016 4168 dun-

452 4220 602 4267 taxat
635 4227 778 4266 anno
803 4211 1146 4280 interposito.
1171 4207 1316 4263 Nihil
1359 4217 1539 4264 autem
1583 4208 1768 4274 refert,
1801 4207 2016 4264 etiamsi

451 4305 509 4361 in
540 4305 663 4360 aliis
692 4304 849 4359 annis
876 4303 1121 4358 eamdem
1161 4301 1574 4373 dispositionem
1607 4300 2016 4356 intercalarium

453 4397 718 4456 mensium
750 4393 948 4466 aliquis
975 4393 1196 4450 faceret.
1238 4393 1432 4464 Agitur
1465 4402 1643 4449 autem
1677 4392 1888 4447 lunaris
1919 4406 2020 4444 an-

454 4503 556 4546 nus
583 4488 793 4544 dierum
835 4487 938 4543 554
959 4507 971 4543 :
992 4503 1150 4559 quam
1168 4486 1237 4544 ob
1263 4503 1482 4544 causam
1511 4494 1841 4558 putaverunt
1868 4501 2022 4540 men-

553 4601 599 4635 ³⁸
630 4603 670 4670 f.
701 4600 945 4656 ἐντεῦθεν

519 4691 630 4764 (37)
669 4694 746 4745 Δι’
779 4692 858 4760 ἢν
881 4693 1095 4746 αἰτίαν.
1122 4690 1643 4764 ΔηίιηοὼὊι-ῑεηόιιε
1679 4690 1766 4764 hic
1797 4699 1879 4746 est
1903 4705 2017 4744 emo

447 4762 773 4819 boliutorum
829 4767 1097 4817 mensium
1155 4765 1292 4817 situs
1353 4762 1406 4814 iu
1463 4762 1821 4820 octaeteride,
1871 4777 2009 4830 quos

2139 1905 2322 1978 λήνην.
2339 1906 2458 1960 Εἰσὶ
2489 1907 2546 1960 δὲ
2571 1909 2774 1978 ἡμέραι
2797 1915 2862 1961 ια’
2880 1907 3027 1978 α’[δν.
3045 1905 3171 1960 Ἐὰν
3195 1906 3314 1978 ἄρα
3329 1904 3472 1959 κατὰ
3496 1904 3697 1977 σελήνην

2136 1995 2358 2068 ἄγωμεν
2409 1998 2534 2060 τοὺς
2583 1997 2757 2068 μῆνας
2808 2000 2865 2050 ἐν
2911 1997 2990 2068 τῷ
3042 1996 3306 2067 ἐνιαυτῷ,
3355 1997 3696 2067 ὑστερήσομεν

2133 2089 2348 2162 ἡμέρας
2374 2091 2523 2161 παρὰ
2549 2091 2640 2143 τὸν
2663 2091 2756 2144 τοῦ
2793 2091 2943 2162 ἡλίου
2971 2091 3216 2145 ἐνιαυτὸν
3242 2089 3446 2153 ιαάγδ
3462 2127 3481 2145 .
3500 2088 3694 2160 Ἐζήτη-

2137 2196 2234 2234 σαν
2255 2177 2348 2234 οὖν
2385 2180 2614 2245 ποσάκις
2641 2182 2802 2235 αὐταὶ
2839 2184 2894 2236 αί
2921 2183 3125 2254 ἡμέραι
3153 2180 3691 2235 πολυπλασιασθεῇςαι

2133 2272 2484 2328 ἀποτελοῦσιν
2515 2275 2643 2338 ὅλας
2669 2274 2882 2348 ἡμέρας
2910 2277 3003 2328 καὶ
3026 2275 3182 2339 ὅλους
3220 2275 3423 2347 μῆνας.
3466 2273 3690 2336 Ὀκτάκες

2133 2362 2224 2420 οὖν
2247 2365 2791 2420 πολυπλασιασθεῖσαι
2822 2366 3175 2420 ἀποτελοῦσιν
3215 2365 3350 2429 ὅλας
3373 2364 3581 2436 ἡμέρας
3613 2365 3689 2414 καὶ

2132 2457 2285 2520 ὅλους
2323 2457 2522 2528 μῆνας·
2555 2457 2764 2529 ἡμέρας
2812 2458 2908 2529 μὲν
2937 2455 3007 2526 ι’,
3041 2457 3219 2528 μῆνας
3267 2457 3328 2510 δὲ
3357 2458 3523 2526 τρεῖς.
3559 2455 3688 2508 Ἐπεί

2131 2544 2224 2602 οὖν
2253 2551 2309 2601 ἐν
2345 2549 2423 2620 τῷ
2451 2549 2676 2621 ἐνιαυτῷ
2709 2550 2858 2621 παρὰ
2898 2550 2987 2603 τὸν
3014 2550 3164 2621 ἥλιον
3203 2549 3541 2621 ὑστεροῦμεν
3569 2547 3686 2617 ἠμέ-

2134 2659 2233 2713 ρας
2256 2640 2322 2697 ια’
2338 2649 2380 2696 α’
2383 2643 2483 2714 [δ’.
2500 2661 2631 2713 φανε
2640 2645 2749 2714 ρὸν,
2769 2645 2847 2697 ὅτι
2877 2647 2934 2698 ὲν
2950 2647 3060 2708 τοῖς
3076 2649 3123 2713 η’
3140 2643 3321 2696 ἐτεσιν
3345 2642 3538 2712 ὑστερή
3547 2656 3684 2709 σομεν

2131 2734 2281 2806 παρὰ
2307 2733 2396 2788 τὸν
2417 2735 2566 2805 ἥλιον
2587 2736 2800 2808 ἡμέρας
2819 2741 2890 2803 ιβ,
2926 2737 3090 2807 αἴπερ
3117 2738 3225 2789 είσὶ
3253 2735 3422 2806 μῆνες
3448 2732 3514 2802 γ’.
3538 2733 3605 2784 Δι’
3627 2733 3682 2800 ἣν

2130 2829 2306 2880 αἰτίαν
2344 2829 2463 2881 καθ’
2505 2829 2740 2901 ἑκάστην
2773 2830 3126 2901 ὁκταετηρίδα
3156 2831 3330 2900 τρεῖς
3359 2829 3567 2897 ἄγονται
3595 2824 3682 2894 μῆ·

2128 2936 2217 2982 νες
2249 2919 2549 2991 ἐμϐόλιμοι,
2583 2922 2670 2975 ἵνα
2700 2923 2760 2975 τὸ
2789 2922 2908 2976 καθ’
2946 2923 3176 2976 ἕκαστον
3213 2921 3462 2976 ἐνιαυτὸν
3487 2917 3678 2990 γινόμε-

2127 3027 2215 3063 νον
2249 3010 2512 3083 ἔλλειμμα
2541 3014 2675 3085 πρὸς
2704 3015 2795 3068 τὸν
2821 3015 2969 3086 ἥλιον
3000 3015 3396 3089 ἀναπληρωθῇ,
3425 3015 3513 3066 καὶ
3539 3009 3677 3063 πάλιν

2128 3103 2185 3170 ἐξ
2219 3104 2411 3175 ἀρχῆς.
2448 3104 2761 3161 διελθόντων
2803 3108 2912 3162 τῶν
2951 3115 2999 3181 η’
3045 3109 3206 3175 ἐτῶν,
3259 3104 3605 3179 συμφωνῶσιν
3631 3103 3676 3154 σί

2119 3199 2301 3270 ἑορταὶ
2346 3199 2481 3271 πρὸς
2525 3201 2622 3266 τὰς
2656 3202 2825 3267 αὑτὰς
2857 3203 3026 3275 ὧρας.
3072 3205 3366 3276 Γινομένου
3401 3203 3456 3257 δὲ
3491 3201 3673 3262 τούτου,

2125 3291 2180 3342 at
2199 3289 2376 3343 θυσίαι
2399 3295 2509 3356 τοῖς
2536 3293 2675 3358 θεοῖς
2697 3294 2786 3348 διὰ
2806 3296 3004 3359 παντὸς
3042 3296 3538 3368 ἐπιτελεσθήσονται
3556 3293 3674 3346 κατὰ

2126 3383 2223 3447 τὰς
2249 3387 2414 3451 αὑτὰς
2443 3387 2587 3461 ὥρας
2609 3388 2701 3444 τοῦ
2729 3391 2994 3445 ἐνιαυτοῦ.

2199 3479 2335 3551 Ἤδη
2396 3481 2644 3552 μέντοιγε
2687 3484 2812 3546 τοὺς
2857 3483 3187 3554 ἐμϐολίμους
3232 3479 3570 3547 διατάξαντες
3607 3477 3670 3540 ὡς

2122 3565 2190 3642 ἦν
2224 3572 2568 3644 ἐνδεχόμενον
2608 3575 2839 3646 μάλιστα
2875 3576 2941 3630 δι’
2975 3576 3088 3629 ἴσου
3114 3592 3128 3607 ·
3165 3575 3293 3629 οῦτε
3339 3574 3444 3645 γὰρ
3479 3569 3668 3642 περιμέ-

2124 3674 2234 3710 νειν
2263 3657 2360 3722 δεῖ,
2395 3660 2498 3724 ἕως
2533 3656 2594 3716 οὗ
2627 3665 2870 3732 μηνιαῖον
2903 3664 3126 3734 γένηται
3163 3663 3528 3736 παράλλαγμα
3553 3658 3666 3729 τεβῖ

2123 3751 2183 3804 τὸ
2211 3753 2550 3823 φαινόμενον,
2581 3753 2703 3807 οὔτε
2735 3754 3138 3826 προλαμϐάνειν
3171 3755 3325 3828 παρὰ
3362 3755 3450 3808 τὸν
3473 3749 3666 3823 ἡλιακὺν

2123 3843 2320 3916 δρόμον
2369 3845 2510 3916 μῆνα
2551 3845 2668 3898 ὅλον
2693 3862 2706 3876 ·
2757 3847 2824 3900 δι’
2866 3847 2932 3917 ἥν
2975 3847 3154 3902 αἰτίαν
3200 3850 3330 3912 τοὺς
3374 3842 3663 3916 ἐμϐολίμους

2127 3935 2300 4008 μῆνας
2327 3936 2518 4002 ἔταξαν
2539 3939 2765 4007 ἄγεσθαι
2793 3941 2850 3993 ἐν
2869 3939 2945 4011 τῷ
2965 3940 3131 4012 τρίτῳ
3157 3940 3290 4008 ἔτει,
3318 3938 3409 3994 καὶ
3440 3937 3660 4006 πέμπτῳο

2124 4029 2218 4080 καὶ
2241 4028 2410 4099 ὀγδόῳ
2429 4047 2443 4061 ι
2473 4029 2567 4084 δύο
2597 4031 2695 4101 μὲν
2736 4031 2911 4101 μῆνας
2941 4032 3140 4103 μεταξὺ
3180 4032 3276 4086 δύο
3309 4029 3445 4084 ἐτῶν
3467 4023 3660 4080 πιπτόνο

2121 4136 2248 4185 των,
2280 4121 2374 4174 ἕνα
2401 4122 2458 4175 δὲ
2491 4121 2693 4194 μεταξὺ
2717 4125 2834 4187 ἐνὸς
2855 4123 3101 4179 ἐνιαυτοῦ
3125 4125 3419 4197 ἀγομένου.
3441 4117 3589 4175 Οὐδὲν
3613 4115 3658 4166 δὲ

2123 4211 2387 4284 διαφέρει,
2417 4213 2510 4267 ἐὰν
2547 4216 2640 4270 καλ¹
2679 4217 2736 4270 ἐν
2781 4216 2961 4282 ἄλλοις
2997 4217 3144 4272 ἔτεσι
3180 4217 3282 4290 τὴν
3314 4213 3474 4284 αὑτὴν
3499 4208 3656 4265 διάτα-

2125 4301 2203 4365 ξιν
2226 4301 2332 4354 τῶν
2367 4303 2675 4376 ἐμϐολίμων
2711 4306 2896 4378 μηνῶν
2930 4307 3222 4379 ποιήσηταί
3257 4324 3358 4370 τις.
3387 4295 3655 4372 ’Δγεταιδδ

2121 4397 2150 4448 ό
2181 4397 2322 4449 κατὰ
2375 4398 2604 4471 σελήνην
2653 4401 2898 4464 ἐνιαυτὸς
2943 4401 3163 4473 ἡμερῶν
3205 4401 3310 4455 τνδ¹
3335 4417 3348 4430 ·
3398 4399 3462 4452 δι’
3493 4396 3552 4464 ἣν
3587 4391 3654 4442 αἱ·

2120 4487 2238 4541 τίαν
2271 4489 2383 4561 (57)
2417 4491 2683 4546 ὑπέλαϐον
2729 4489 2868 4548 εἶναι
2916 4493 3009 4545 τὸν
3065 4491 3206 4546 κατὰ
3261 4491 3482 4559 σελήνην
3530 4481 3651 4554 μῆνα

2121 4691 2310 4766 eodem
2335 4692 2388 4746 in
2419 4707 2562 4748 anno
2585 4737 2600 4756 .
2635 4695 2728 4750 sed
2761 4695 3019 4766 paulatim
3051 4692 3391 4766 dispensatos
3413 4696 3524 4766 esse
3543 4677 3648 4766 ςτοξς

2121 4761 2449 4844 ἐμϐολίμορς
2495 4753 2811 4821 asserebant
2842 4785 2870 4844 ςΔ
2910 4753 3364 4844 quemadmodum
3388 4753 3642 4844 δῧξξῗξῗξξ

447 4835 796 4907 anno_tertio.
825 4833 1037 4907 quinto,
1072 4842 1130 4907 et
1158 4841 1356 4907 octavo
1387 4833 1734 4907 itttcrealatos
1758 4821 2003 4907 esse-do-
2038 4821 2090 4882 Ι)
2113 4821 2329 4904 egregie
2370 4821 2744 4907 demonstrat;
2781 4821 2872 4907 qui
2923 4821 3141 4906 quidem
3179 4836 3410 4907 scriptor
3430 4829 3638 4907 _pr9l§l?j

443 4914 550 4960 cet.
575 4902 732 4959 Falso
764 4899 892 4973 ergo
935 4901 1260 4964 Macrobius,
1291 4911 1344 4957 ct
1370 4911 1494 4956 ante
1528 4901 1671 4955 hunc
1701 4899 1920 4956 Solinus
1948 4903 2003 4958 in

445 4975 552 5030 fine
573 4976 920 5028 uctaeteridis
949 4983 1058 5028 tres
1098 4976 1299 5028 solidos
1333 4987 1547 5026 menses
1576 4981 1727 5026 extra
1756 4977 2001 5027 ordinem

447 5046 746 5100 inculcatas
784 5058 812 5095 a
844 5043 1047 5099 Graecis
1077 5055 1326 5099 asserunt
1356 5062 1368 5098 :
1407 5043 1480 5096 ita
1521 5054 1579 5095 ut
1621 5059 1793 5098 nonus
1828 5059 2004 5099 annus

445 5115 860 5186 quadringentis
889 5122 942 5186 et
975 5124 1206 5186 quatuor
1249 5115 1439 5167 diebus
1481 5113 1866 5186 explicaretur,
1900 5115 2003 5167 hoc

445 5184 531 5241 est
559 5185 852 5254 nonaginta
880 5185 946 5238 ad
986 5185 1288 5254 ordinarios
1310 5199 1496 5237 cccmv
1522 5184 1806 5250 adjunctus
1843 5199 2004 5253 cape-

445 5265 546 5311 ret.
583 5253 863 5324 Nunqttam
901 5256 969 5308 ita
1008 5253 1178 5308 Graeci
1219 5270 1418 5324 annum
1453 5269 1608 5308 suum
1659 5255 2000 5309 ordinarunt.

446 5326 632 5393 Itaque
660 5323 1022 5396 παράκουσμα
1052 5325 1195 5378 istud
1227 5333 1310 5379 est
1356 5323 1562 5396 Soliui;
1608 5340 1766 5393 quem
1803 5335 2004 5396 temere

447 5395 750 5452 assectatus
787 5403 871 5450 est
908 5395 1233 5450 Macrobius.
1275 5396 1410 5450 Cum
1455 5395 1597 5450 enim
1631 5396 1846 5464 legisset
1889 5395 1998 5458 ille,

447 5465 504 5519 in
559 5467 886 5521 octaeteride
941 5464 1125 5519 Graeca
1189 5480 1401 5520 menses
1467 5481 1589 5520 esse
1649 5465 2000 5521 intercalares

447 5543 590 5597 tres,
624 5539 739 5591 sive
790 5538 884 5600 ita,
936 5544 1176 5591 vertente
1225 5535 1552 5590 octaeteride
1581 5535 1805 5590 totidem
1848 5542 1999 5588 extra

445 5606 689 5676 ordinem
724 5607 1016 5676 imputatos
1045 5623 1165 5661 esse
1211 5621 1422 5661 menses
1454 5605 1798 5676 ἐμϐολίμους,
1836 5615 1996 5674 puta-

443 5675 522 5747 yjt
548 5675 756 5747 ἀθρόως
787 5675 839 5731 et
884 5680 936 5732 in
986 5677 1233 5747 eumdem
1268 5675 1495 5730 auuum’
1527 5692 1648 5732 esse
1685 5685 1994 5747 congestos.

445 5738 781 5814 Veranium
824 5748 900 5803 ita
944 5746 1274 5813 scribebant,
1332 5763 1439 5802 non
1487 5747 1674 5817 utique
1723 5738 1905 5815 simul,
1942 5753 1998 5804 et

2113 4891 2221 4958 non
2245 4891 2580 4960 Vetustatem
2628 4891 2814 4972 modo:
2855 4891 2958 4963 sed.
2997 4922 3156 4960 usum
3209 4891 3638 4972 etiiiutjbctriuef

2114 4974 2298 5042 hujus.
2331 4991 2394 5028 ae
2421 4959 3027 5041 scientiampsexcentis
3047 4959 3264 5031 iSolinis
3296 4985 3359 5026 ac
3387 4959 3637 5022 Maerobiit

2114 5046 2714 5170 an(geretgilliliLSolinianus
2759 5119 3160 5184 commentator
3193 5112 3482 5184 tSalmas.._
3513 5098 3629 5184 Ρίδξιυ

2111 5189 2324 5259 eaJercit.
2376 5201 2429 5254 p.
2474 5183 2537 5259 i9
2576 5183 2624 5259 _B
2652 5193 2705 5259 et
2735 5183 2798 5251 ϐ)
2847 5183 2901 5236 in
2931 5174 3302 5259 descriptione
3333 5174 3622 5259 illaﬁmfff-

2112 5257 2247 5310 nica:
2287 5253 2714 5317 interealationis
2751 5269 2856 5307 non
2888 5255 3180 5309 convenire
3212 5253 3522 5308 Macrobium
3560 5253 3628 5290 m-

2111 5333 2191 5380 ter
2221 5333 2274 5381 et
2304 5326 2548 5379 Solinum
2576 5345 2589 5380 :
2623 5325 2764 5394 quod
2810 5323 3031 5379 Solinus
3073 5340 3216 5377 anno
3255 5319 3625 5394 n01t0_llllel;l7:}:

2109 5379 2250 5449 latos
2335 5411 2456 5450 esse
2497 5464 2500 5465 ν
2535 5379 2814 5465 scripserit
2881 5409 3094 5448 menses
3153 5403 3296 5454 tres.
3355 5379 3624 5465 sive}???

2108 5448 2450 5535 nonaginta:—
2473 5448 2586 5532 ριὶί
2616 5448 2754 5518 ὠιιιο
2791 5482 2925 5519 nono
2967 5465 3197 5518 restituti
3241 5448 3503 5535 ὲῄῑσὶςᾴαηι

2106 5522 2512 5606 quadringentos
2565 5536 2920 5605 quadraginta
2963 5545 3212 5604 quatuor,
3368 5522 3622 5606 lberali-5”?

2107 5587 2524 5677 saansaan.
2553 5587 2689 5661 5....
2714 5587 2798 5660 id"
2813 5587 2959 5660 dicat
2976 5587 3120 5677 'gsse
3141 5587 3454 5677 perfectum.
3495 5587 3622 5677 uel]?

2107 5676 2249 5751 inter
2290 5666 2384 5751 eos
2430 5666 2739 5751 discordia;
2787 5693 2961 5751 neque
2996 5666 3218 5731 Soliu'us
3246 5666 3615 5751 ρι’ἵηρξρίξνξξᾞ

2104 5749 2235 5806 noni
2293 5745 2673 5804 intercalatum
2726 5735 2888 5806 'csse'
2917 5747 3108 5816 docet,
3181 5735 3303 5802 eu'm
3359 5735 3423 5794 id'
3457 5735 3615 5788 octavo
