3886 6268
404 363 514 425 819

1402 363 1749 419 APPENDIX
1789 363 1881 417 AD
1919 362 2190 419 EUSEBll
2228 363 2646 421 CHRONICON.

477 479 598 536 Non
627 491 842 549 semper
874 482 1057 532 autem
1099 477 1156 533 in
1186 477 1378 534 diebus
1427 479 1671 549 ejusdem
1730 480 1969 536 nominis

2149 482 2223 535 Οὐ
2249 482 2336 536 διὰ
2364 481 2565 546 παντὸς
2607 481 2662 535 δὲ
2687 484 2743 535 ὲν
2784 482 2903 543 ταῖς
2936 478 3250 550 όμωνύμοις
3283 480 3535 551 ἡμέραις
3553 487 3676 550 τοὺς

405 572 628 630 easdem
663 570 1134 640 conﬁgurationes
1168 571 1297 626 luna
1331 571 1512 637 eﬁicit,
1550 575 1645 630 sed
1696 575 1752 628 in
1785 575 1969 631 diver-

405 666 487 722 sis
547 663 741 718 diebus
799 662 1101 717 secundum
1150 662 1573 735 inaequalitatem
1602 675 1805 722 motus.
1841 667 1974 723 Cum

407 754 557 809 enim
613 751 901 806 celerrima
929 758 1035 815 est,
1067 766 1291 823 apparet
1329 755 1457 810 luna
1510 754 1708 810 falcata
1742 758 1862 828 ipso
1889 758 1977 815 die

404 841 712 909 novilunii;
771 858 894 897 cum
951 843 1289 908 tardissima,
1338 844 1426 900 die
1475 847 1657 910 tertio,
1686 855 1740 902 et
1794 856 1976 904 manet

408 933 611 989 falcata
645 932 919 988 interdum
954 949 1127 1002 usque
1150 936 1218 989 ad
1259 935 1401 990 diem
1454 939 1705 1007 quintum
1739 957 1754 1000 ;
1810 941 1976 994 inter-

410 1031 540 1086 dum
573 1044 698 1084 cum
735 1028 1043 1083 tardissima
1064 1036 1360 1099 est,usque
1388 1031 1453 1084 ad
1476 1031 1765 1101 septimum
1797 1033 1973 1095 diem;

406 1121 690 1177 dimidiata
724 1119 982 1184 edicitur,
1013 1137 1140 1177 cum
1167 1130 1253 1177 est
1283 1124 1646 1187 velocissima,
1679 1126 1824 1179 circa
1847 1140 1973 1180 sex-

408 1222 559 1279 tum;
625 1228 751 1268 cum
803 1213 1140 1277 tardissima,
1197 1215 1346 1269 circa
1416 1224 1704 1282 octavum;
1749 1217 1975 1287 gibbosa

408 1306 663 1370 efﬁcitur,
695 1289 930 1361 cum‘est
961 1307 1267 1371 celerrima,
1303 1307 1448 1361 circa
1481 1307 1749 1361 decimum
1782 1326 1799 1375 ;
1849 1324 1973 1362 cum

410 1408 496 1456 est
546 1399 881 1464 tardissima,
912 1399 1058 1454 circa
1096 1400 1194 1467 l5;
1227 1401 1388 1470 plena
1419 1400 1683 1464 redditur,
1718 1416 1840 1455 cum
1891 1409 1976 1455 est

407 1491 714 1556 celerrima,
779 1489 925 1544 circa
985 1490 1085 1556 13;
1151 1505 1275 1544 cum
1324 1491 1656 1554 tardissima,
1690 1492 1835 1545 circa
1867 1491 1972 1558 l7;

405 1582 639 1651 gibbosa
670 1580 933 1643 secundo,
965 1595 1087 1634 cum
1123 1590 1204 1635 est
1240 1581 1548 1641 celerrima,
1588 1580 1646 1635 ﬁt
1693 1581 1840 1635 circa
1882 1581 1971 1645 18,

403 1685 527 1725 cum
563 1671 897 1734 tardissima,
932 1671 1078 1725 circa
1107 1671 1209 1735 22;
1239 1670 1521 1725 dimidiata
1557 1671 1821 1737 secundo,
1849 1688 1972 1727 cum

401 1769 488 1815 est
526 1762 834 1825 celerrima,
863 1762 1013 1816 circa
1042 1761 1133 1824 21,
1160 1778 1285 1819 cum
1311 1762 1646 1829 tardissima,
1699 1764 1847 1819 circa
1874 1764 1967 1832 25;

2084 573 2281 637 αὐτοὺς
2341 572 2755 644 σχηματισμοὺς
2808 575 2840 642 ἡ
2888 570 3083 642 σελήνη
3113 569 3403 624 ἀποτελεῖ.
3452 571 3594 626 Ἀλλ’
3618 575 3675 629 ἑν

2087 664 2364 736 διαφόροις
2412 664 2648 735 ἡμέραις
2690 664 2828 716 κατὶι
2878 663 2975 733 τὴν
3016 661 3345 732 ἀνωμαλίαν
3390 663 3495 733 τῆς
3529 670 3674 737 κινή-

2084 773 2241 820 σεως.
2276 757 2517 829 Ταχίστη
2548 757 2645 825 μὲν
2672 756 2783 826 γὰρ
2812 755 3061 824 φαίνεται
3086 757 3119 825 ἡ
3152 755 3365 825 σελήνη
3393 756 3674 827 μηνοειδὴς

2082 853 2147 921 τῇ
2196 849 2490 920 νουμηνίᾳ·
2550 848 2853 919 βραδυτάτη
2907 847 2963 899 δὲ
3002 849 3067 917 τῇ
3124 846 3315 919 τρίτῃ.
3358 847 3478 899 Καὶ
3529 848 3671 917 μένει

2086 940 2392 1012 μηνοειδὴς,
2425 941 2515 993 ότὲ
2565 939 2665 1011 μὲν
2690 940 2734 970 ⁸⁰
2758 939 2861 1002 ἓως
2882 940 2980 1009 τῆς
3010 937 3298 1009 πέμπτης,
3333 936 3431 989 ὁτὲ
3469 938 3528 990 δὲ
3551 938 3671 1009 βρα-

2079 1032 2326 1097 δύτατον,
2353 1032 2458 1096 ἓως
2493 1032 2592 1103 τῆς
2631 1030 2895 1101 ἑϐδόμης’
2928 1029 3203 1100 διχότομος
3238 1029 3303 1082 δὲ
3337 1028 3555 1096 γίνεται
3578 1047 3669 1082 τα-

2081 1123 2237 1194 χίστη
2268 1125 2367 1195 μὲν
2398 1125 2527 1195 περὶ
2575 1124 2675 1193 τὴν
2724 1122 2911 1193 ἕκτην,
2964 1120 3278 1191 βραδυτάτη
3314 1120 3376 1173 δὲ
3411 1121 3543 1189 περί⁵
3578 1120 3672 1190 τὴν

2081 1213 2270 1284 ὀγδόην
2295 1230 2309 1244 ·
2354 1213 2698 1284 ἀμφίκυρτος
2743 1212 2800 1265 δὲ
2841 1211 3049 1279 γίνεται
3110 1211 3241 1281 περὶ
3299 1209 3409 1280 τὴν
3440 1209 3669 1280 δεκάτην

2081 1305 2331 1375 ταχίστη,
2398 1302 2703 1374 βραδυτάτη
2735 1303 2792 1355 δὲ
2832 1302 2960 1373 περὶ
2982 1302 3079 1373 τὴν
3114 1306 3207 1369 ιγ”
3235 1299 3587 1369 πανσέληνος
3615 1300 3667 1354 δὲ

2082 1396 2287 1462 γίνεται
2311 1395 2538 1464 ταχίστη
2576 1396 2672 1465 μὲν
2703 1394 2831 1465 περὶ
2861 1393 2958 1464 τὴν
2994 1400 3082 1462 ιγ’,
3112 1390 3512 1464 βραδυτάτηδὲ
3545 1393 3666 1465 περὶ

2080 1488 2179 1559 τὴν
2216 1486 2296 1551 ιζ’.
2367 1486 2731 1558 Ἀμφίκυρτος
2795 1486 2851 1538 δὲ
2886 1488 2948 1538 τὸ
2990 1484 3266 1555 δεύτερον,
3300 1484 3541 1555 ταχίστη
3576 1484 3666 1556 μὲν

2082 1578 2365 1633 ἀνατέλλει
2396 1579 2522 1650 περὶ
2555 1578 2652 1649 τὴν
2700 1585 2789 1649 ιη’,
2828 1576 3131 1650 βραδυτάτη
3165 1577 3222 1631 δὲ
3255 1578 3398 1650 περὶ
3434 1578 3533 1649 τὴν
3565 1577 3661 1649 κβ’.

2081 1670 2370 1740 Διχότομος
2399 1669 2457 1722 δὲ
2513 1669 2721 1736 γίνεται
2755 1668 2816 1720 τὸ
2841 1667 3089 1740 δεύτερον
3131 1669 3374 1739 ταχίστη
3417 1669 3520 1738 μὲν
3543 1670 3662 1742 περὶ

2081 1761 2178 1833 τὴν
2229 1762 2418 1815 εἰκάδα
2475 1763 2568 1815 καὶ
2614 1761 2775 1833 μίαν,
2837 1761 3140 1834 βραδυτάτη
3189 1762 3248 1816 δὲ
3299 1763 3436 1832 περὶ
3458 1762 3555 1834 τὴν
3582 1765 3653 1817 εἰ·

405 1851 600 1907 falcata
650 1850 892 1906 secundo
925 1851 1004 1915 ﬁt,
1036 1836 1159 1907 cum
1194 1862 1280 1907 est
1316 1854 1628 1918 celerrima,
1684 1856 1832 1909 circa
1860 1855 1932 1910 25
1955 1897 1970 1922 ,

2080 1855 2217 1909 κάδοι
2266 1857 2358 1909 καὶ
2388 1856 2578 1927 τρίτην
2605 1873 2617 1886 ·
2656 1856 2940 1927 μηνοειδὴς
2976 1855 3033 1908 δὲ
3056 1856 3269 1924 γίνεται
3295 1856 3362 1909 τὸ
3385 1856 3652 1927 δεύτερον,

403 1942 530 1994 c'um
582 1948 665 1996 est
720 1940 1056 2005 tardissima,
1108 1944 1253 1997 circa
1278 1942 1368 1997 26.
1403 1942 1600 1999 Totum
1624 1952 1803 1999 autem
1837 1952 1972 1999 tem-

402 2049 507 2103 pus
540 2042 880 2088 menstruum
915 2042 1001 2089 est
1031 2035 1241 2090 dierum
1277 2036 1347 2091 29
1375 2037 1478 2106 1/2
1535 2037 1663 2107 l/3.
1702 2036 1795 2090 Est
1825 2038 1971 2092 enim

404 2123 611 2178 mensis
640 2130 854 2193 tempus
880 2139 911 2177 a
942 2125 1333 2193 conjunctione
1383 2127 1448 2180 ad
1486 2126 1928 2196 conjunctionem
1954 2144 1969 2193 ;

404 2230 435 2266 ιι
467 2213 768 2283 plenilunio
791 2213 859 2267 ad
882 2214 1264 2284 plenilunium,
1311 2217 1628 2287 conjunctio
1681 2228 1859 2274 autem
1888 2227 1970 2274 est

403 2311 615 2375 tempus
656 2298 723 2359 in
788 2321 896 2375 quo
949 2307 1031 2361 sol
1081 2314 1135 2362 et
1166 2307 1583 2364 lunaineodem
1640 2309 1813 2378 gradu
1839 2325 1970 2364 con-

403 2416 430 2454 s
460 2399 730 2455 ituuntur.
762 2398 920 2466 Quod
948 2402 1215 2471 contingit
1254 2401 1341 2456 die
1368 2400 1436 2455 50
1464 2401 1690 2457 mensis.

1025 2596 1254 2653 CAPUT
1291 2596 1428 2652 Vlll.

940 2689 1027 2743 De
1071 2692 1252 2760 eclipst'
1292 2693 1440 2746 solis.

477 2799 622 2855 Solis
661 2799 895 2869 eclipses
942 2798 1079 2854 ﬁunt
1134 2815 1197 2855 ex
1245 2800 1571 2871 interpositu
1643 2800 1804 2857 lunae.
1834 2798 1972 2856 Cum

404 2893 553 2945 enim
612 2893 696 2948 sol
754 2892 1008 2962 superius
1032 2892 1258 2956 feratur,
1292 2894 1420 2948 luna
1449 2893 1701 2957 inferius,
1750 2909 1874 2948 cum
1915 2897 1973 2948 in

401 2982 592 3037 eodem
621 2983 793 3053 gradu
822 2982 1023 3037 fuerint
1056 2985 1138 3037 sol
1168 2993 1222 3038 et
1256 2984 1380 3038 luna
1413 2985 1515 3040 sub
1557 2986 1725 3040 solem
1748 2986 1972 3041 subiens

401 3076 507 3128 ista
535 3073 706 3127 ofﬁcit
722 3074 892 3129 radiis
926 3075 1079 3137 solis,
1113 3076 1204 3145 qui
1240 3075 1308 3130 ad
1340 3092 1438 3131 nos
1468 3077 1741 3132 feruntur.
1771 3077 1971 3143 Quam—

403 3167 593 3220 obrem
653 3181 723 3220 ne
773 3166 1061 3220 dicendum
1090 3168 1307 3236 quidem
1347 3178 1453 3232 est,
1485 3183 1577 3223 eas
1610 3169 1827 3238 proprie
1849 3184 1971 3224 esse

404 3259 659 3327 eeiipses,
716 3258 812 3313 sed
865 3258 1328 3329 interpositiones.
1373 3258 1508 3313 Nam
1561 3261 1694 3315 solis
1752 3260 1969 3330 quidem

403 3352 555 3405 nulla
589 3365 720 3419 pars
751 3365 987 3421 unquam
1020 3351 1273 3417 deﬁciet;
1307 3351 1465 3407 nobis
1528 3367 1659 3407 vero
1699 3354 1815 3422 ipse
1853 3353 1974 3407 red-

404 3444 553 3498 ditur
583 3443 872 3499 invisibilis
925 3452 1147 3513 propter
1178 3444 1544 3500 incursionem
1586 3446 1748 3499 lunae.
1798 3444 1970 3512 Quam

404 3538 476 3589 ob
535 3551 757 3589 causam
820 3551 891 3590 ne
932 3537 1170 3604 aequales
1221 3536 1439 3606 quidem
1496 3553 1689 3592 rursus
1740 3538 1971 3617 eclipses

406 3628 579 3695 ﬁmt;
621 3629 715 3683 sed
746 3629 1048 3684 secundum
1075 3630 1351 3687 climatum
1384 3629 1719 3685 differentias
1764 3646 1972 3700 magnae

405 3720 752 3775 diversitates
793 3720 929 3775 ﬁunt
998 3721 1148 3775 circa
1212 3721 1613 3793 magnitudines
1657 3723 1968 3790 eclipsium.

406 3812 608 3866 Eodem
640 3813 786 3867 enim
843 3822 1089 3881 tempore
1140 3814 1263 3869 aliis
1311 3823 1456 3869 totus
1495 3813 1679 3868 deﬁcit
1707 3815 1822 3880 sol;
1849 3814 1971 3869 aliis

407 3904 675 3960 medietas
716 3905 887 3969 solis;
925 3907 1047 3961 aliis
1085 3907 1265 3960 minor
1323 3922 1451 3975 pars
1486 3907 1812 3973 medietate;
1848 3907 1971 3961 aliis

407 3997 555 4050 nulla
589 4012 716 4066 pars
746 3997 970 4052 omnino
1006 3998 1138 4053 solis
1184 3998 1415 4052 deﬁcere
1444 3998 1678 4053 videtur.
1710 3997 1844 4052 Nam
1876 4000 1970 4068 qui

406 4089 653 4142 habitant
709 4089 762 4142 in
797 4089 1183 4158 perpendiculo
1230 4089 1659 4158 interpositionis
1689 4090 1850 4154 illum,
1885 4090 1970 4144 his

401 4186 555 4234 totus
590 4181 670 4232 sol
704 4179 1108 4246 absconditur;
1149 4181 1241 4249 qui
1301 4195 1427 4233 vero
1474 4188 1627 4233 extra
1681 4181 1971 4250 perpendi-

404 4270 589 4325 culum
641 4278 851 4340 partem
891 4272 1127 4340 aliquam
1167 4272 1605 4340 interpositionis
1629 4271 1852 4333 habent,
1900 4272 1970 4327 iis

404 4377 535 4434 pars
565 4363 749 4432 aliqua
775 4363 908 4417 solis
942 4362 1173 4417 deﬁcere
1227 4363 1475 4428 videtur;
1521 4364 1617 4434 qui
1642 4380 1768 4417 vero
1795 4365 1971 4418 omni-

402 4470 474 4509 no
503 4461 654 4509 extra
694 4453 1161 4523 iuterpositionem
1212 4453 1480 4519 habitant,
1527 4454 1615 4510 his
1656 4454 1803 4512 nulla
1844 4468 1970 4522 pars

2072 1946 2300 2017 ταχίστη
2353 1945 2451 2016 μὲν
2481 1946 2607 2017 περὶ
2634 1945 2732 2017 τὴν
2764 1947 2951 2000 εἰκάδα
3002 1948 3097 2000 καὶ
3123 1946 3417 2026 πέμπτην,
3464 1945 3649 2016 βραδυ-

2075 2038 2211 2109 τάτη
2243 2037 2300 2090 δὲ
2328 2037 2455 2109 περί⁵
2481 2038 2577 2107 τὴν
2615 2038 2805 2091 εἰκάδα
2830 2039 2924 2092 καὶ
2956 2038 3141 2108 ἕκτην.
3177 2037 3235 2091 Ὀ
3264 2037 3327 2090 δὲ
3357 2038 3469 2100 πᾶς
3496 2056 3643 2109 μηνι-

2074 2132 2189 2193 αῖος
2205 2129 2390 2200 χρόνος
2406 2130 2626 2201 ἡμερῶν
2642 2132 2757 2182 ἐστι
2773 2131 2850 2183 κθ¹
2867 2130 2972 2201 αίβ
2987 2131 3114 2200 αίγ·
3133 2130 3251 2183 ἔστι
3263 2128 3379 2200 γάρ
3399 2130 3509 2200 μὴν
3524 2129 3643 2200 χρό-

2075 2238 2164 2284 νος
2192 2221 2301 2275 ἀπὸ
2322 2221 2542 2274 συνόδου
2565 2224 2645 2285 εἰς
2669 2223 2906 2287 σύνοδον,
2941 2223 3049 2276 ἀπὸ
3065 2223 3167 2292 τῆς
3196 2222 3542 2291 πανσελήνου
3559 2219 3644 2275 ἐπὶ

2075 2315 2171 2385 τὴν
2204 2315 2554 2386 πανσέληνον·
2591 2315 2802 2380 σύνοδος
2827 2316 2886 2370 δέ
2908 2319 3023 2370 ἐστι
3051 2317 3262 2388 χρόνος,
3297 2318 3358 2369 ὲν
3450 2317 3477 2368 ό
3501 2314 3638 2386 ἧλιος

2076 2407 2168 2461 καὶ
2198 2409 2231 2478 ἡ
2260 2408 2454 2480 σελήνη
2484 2409 2541 2460 ἐν
2569 2412 2634 2480 τῇ
2665 2411 2801 2482 αὐτῇ
2837 2410 3001 2482 μοίρᾳ
3020 2412 3286 2479 γίνονται.
3310 2413 3488 2484 Ὅπερ
3518 2426 3642 2480 συμο

2072 2500 2249 2554 ϐαίνει
2272 2502 2339 2571 τῇ
2365 2500 2636 2572 τριακάδι.

2600 2612 2987 2677 ΚΕΦΑΛΑΙΟΝ
3031 2613 3112 2668 H'.

2480 2704 2617 2771 Περί
2665 2705 2990 2772 ἐκλείψεως
3024 2705 3221 2772 ἡλίου.

2144 2816 2209 2868 Αἰ
2235 2815 2328 2868 τοῦ
2356 2814 2504 2887 ἡλίου
2537 2814 2805 2885 ἐκλείψεις
2854 2813 3094 2882 γίνονται
3135 2818 3261 2868 κατ’
3320 2814 3635 2888 ἐπιπρόσθη-

2078 2922 2161 2961 σιν
2185 2906 2432 2977 σελήνης.
2452 2905 2868 2979 Μετεωροτέρου
2894 2906 3003 2978 γὰρ
3030 2908 3337 2979 φερομένου
3363 2906 3456 2960 τοῦ
3472 2906 3626 2976 ἡλίου,

2073 2998 2459 3068 ταπεινοτέρας
2488 2998 2543 3051 δὲ
2592 2999 2691 3068 τῆς
2729 2996 2986 3069 σελήνης,
3013 2999 3140 3051 ὅταν
3176 2997 3325 3052 κατὰ
3355 2998 3452 3069 τὴν
3479 2997 3631 3066 αὐτὴν

2077 3093 2268 3162 μοῖραν
2283 3091 2502 3164 γένηται
2536 3094 2563 3143 ό
2590 3091 2737 3162 ἥλιος
2759 3090 2850 3145 καὶ
2872 3093 2906 3162 ἡ
2941 3091 3157 3163 σελήνη,
3181 3091 3630 3163 ύποτροχάσασαὴ

1999 3196 2041 3252 C
2078 3181 2273 3253 σελήνη
2297 3181 2374 3252 τῷ
2397 3182 2531 3253 ἡλίῳ
2554 3182 2899 3254 ἀντιφράττει
2923 3185 3042 3246 ταῖς
3068 3183 3175 3236 ἀπὸ
3194 3183 3292 3237 τοῦ
3321 3183 3468 3254 ἡλίου
3492 3199 3633 3252 φερο-

2079 3274 2269 3345 μέναις
2301 3275 2490 3341 αὐγαῖς
2518 3274 2651 3345 πρὸς
2684 3275 2849 3344 ἡμᾶς.
2886 3275 3084 3345 Διόπερ
3107 3275 3230 3327 οὐδὲ
3258 3275 3447 3345 ῥητέον
3479 3272 3627 3334 αὐτάς

2073 3366 2277 3435 κυρίως
2309 3366 2596 3435 ἐκλείψεις,
2646 3366 3225 3437 ά).λ“ὲπιπροσθὴσεις,
3263 3366 3372 3419 ’1ὀῦ
3414 3365 3509 3436 μὲν
3535 3363 3629 3436 γάρ

2078 3456 2225 3526 ἡλίου
2285 3456 2406 3510 οὐδὲ
2463 3457 2520 3509 ἓν
2557 3457 2719 3527 μέρος
2762 3457 3013 3510 οὐδέποτε
3076 3457 3351 3527 ἐκλείψει⁸
3410 3457 3534 3527 ἡμῖν
3576 3452 3625 3507 δὲ

2075 3549 2382 3620 ἀθεώρητος
2410 3550 2615 3617 γίνεται
2648 3549 2736 3602 διὰ
2792 3549 2887 3619 τὴν
2919 3549 3317 3620 ὲπιπρόσθησιν
3361 3549 3457 3618 τῆς
3485 3546 3623 3615 σελή-

2074 3657 2191 3711 νης.
2216 3641 2293 3692 Δι’
2320 3640 2385 3710 ἡν
2405 3640 2580 3694 αἰτίαν
2608 3641 2714 3693 οὐδ’
2750 3639 2858 3693 ῐσαι
2893 3640 3052 3694 πάλιν
3078 3630 3442 3711 αι’ὲκλείψεις
3466 3639 3623 3707 γίνον-

2074 3748 2163 3783 ται
2189 3749 2202 3761 ο
2224 3731 2359 3784 ἀλλὰ
2392 3732 2529 3785 κατὰ
2557 3731 2652 3794 τὰς
2681 3732 2788 3784 τῶν
2812 3732 3087 3803 κλιμάτων
3118 3732 3385 3804 διαφορὰς
3412 3728 3619 3803 μεγάλαι

2076 3822 2420 3893 παραλλαγαὶ
2438 3822 2675 3890 γίνονται
2702 3841 2766 3875 πε
2777 3823 2828 3894 pi.
2856 3822 2926 3876 τὰ
2956 3824 3159 3895 μεγέθη
3192 3825 3306 3877 τῶν
3329 3821 3612 3891 ἐκλείψεων.

2072 3912 2225 3966 Κατὰ
2262 3913 2369 3985 γὰρ
2390 3914 2479 3966 τόν
2501 3915 2660 3967 αὑτὸν
2689 3916 2877 3985 χρόνον
2908 3915 3015 3984 (45)
3046 3910 3127 3978 οἷς
3163 3916 3263 3986 μὲν
3293 3916 3409 3979 ὅλος
3433 3916 3460 3967 ό
3488 3913 3617 3984 ἥλιος

2072 4003 2331 4067 ἐκλείπει,
2348 3999 2427 4068 οἷς
2440 4005 2496 4058 δὲ
2508 4007 2568 4059 τὸ
2583 4006 2771 4076 ἣμισυ,
2786 4002 2865 4070 οἷς
2880 4007 2934 4059 δὲ
2954 4006 3014 4058 τὸ
3028 4007 3249 4061 ἔλαττον
3264 4008 3356 4062 τοῦ
3373 4005 3589 4077 ἡμίσεως
3600 4018 3612 4031 ⁸

2070 4091 2151 4159 οἷς
2167 4096 2221 4148 δὲ
2234 4096 2329 4167 τὴν
2353 4097 2527 4169 ἀρχὴν
2554 4098 2707 4151 οὐδὲν
2725 4098 2888 4170 μέρος
2903 4098 2997 4151 τοῦ
3015 4099 3167 4169 ἡλίου
3183 4097 3485 4159 ἐκλελοιπὸς
3498 4094 3615 4147 θεω-

2078 4191 2266 4259 Ρεῖται.
2301 4189 2453 4241 Ὅσοι
2482 4190 2577 4261 μὲν
2599 4189 2706 4261 γὰρ
2733 4191 2873 4244 κατὰ
2894 4190 3118 4244 κάθετον
3150 4192 3358 4246 οἰκοῦσι
3391 4190 3482 4260 τῆς
3512 4189 3615 4239 επι-

2074 4282 2446 4351 ποοσθὴσεως,
2472 4282 2681 4346 τούτοις
2709 4284 2828 4347 ὅλος
2850 4283 3159 4357 ἀθεώρητος
3178 4286 3385 4355 γίνεται
3411 4284 3437 4334 ό
3470 4279 3615 4350 ἥλιος·

2072 4376 2185 4435 τοῖς
2215 4373 2271 4427 δὲ
2307 4375 2410 4439 ἔξω
2454 4375 2618 4446 μέρος
2644 4393 2697 4428 τι
2731 4376 2830 4445 τῆς
2864 4378 3312 4449 ὲπιπροσθὴσεως
3339 4376 3508 4445 έχουσι
3536 4367 3616 4440 μὲ-

2082 4482 2169 4535 ρος
2198 4483 2254 4518 τι
2282 4465 2376 4518 τοῦ
2420 4464 2570 4535 ἡλίου
2621 4465 2930 4531 ἐκλελοιπὸς
2978 4469 3232 4538 βλέπεται
3252 4484 3266 4498 ⁸
3316 4468 3423 4529 τοῖς
3451 4463 3501 4517 δὲ
3530 4458 3618 4522 ἔξω

404 4546 538 4600 solis
594 4544 798 4599 deficit.
856 4544 1011 4612 Quod
1062 4554 1242 4600 autem
1272 4548 1575 4603 secundum
1628 4548 1972 4615 interiectum

2080 4533 2381 4628 όλοσχερῶς
2409 4533 2507 4628 τῆς
2547 4533 2991 4630 ὲπιπροσθὴσεως
3025 4559 3263 4614 οἰκοῦσιν
3298 4558 3441 4612 οὐδὲν
3478 4552 3618 4624 μέρος

402 4636 549 4691 lunze
574 4638 655 4693 sol
683 4638 925 4701 deﬁciat,
972 4639 1271 4694 maximum
1312 4648 1399 4695 est
1428 4648 1831 4708 argumentum,
1862 4654 1972 4692 non

404 4729 521 4783 ﬁeri
546 4731 599 4782 in
642 4731 747 4782 alio
770 4730 858 4784 die
895 4731 1151 4800 eclipses,
1201 4731 1308 4786 nisi
1345 4739 1555 4785 tantum
1591 4732 1645 4785 in
1669 4731 1970 4793 tricesimo,

352 4878 355 4883 ί
400 4836 524 4874 cum
559 4823 684 4875 luna
711 4823 1061 4892 conjungitur
1086 4839 1211 4877 cum
1236 4824 1389 4890 sole;
1423 4834 1475 4879 et
1508 4825 1633 4878 hinc
1682 4823 1822 4877 idem
1881 4838 1972 4877 co-

400 4915 686 4977 gnoscitur
710 4955 723 4974 ,
748 4914 892 4983 quod
929 4929 1028 4983 pro
1050 4916 1260 4971 ratione
1287 4916 1531 4969 locorum
1568 4916 1971 4987 magnitudines

402 5002 690 5072 eclipsium
720 5006 872 5057 ﬁant.

492 5246 537 5279 “’
571 5248 613 5316 f.
643 5248 735 5301 ὁτὲ
762 5247 861 5318 μὲν
886 5247 1132 5320 ταχίστη,
1162 5256 1216 5303 et
1248 5263 1369 5304 mox
1402 5249 1704 5322 βραδυτάτη

472 5401 585 5474 (45)
623 5403 788 5460 Κατὰ
815 5405 933 5529 (Td!)
966 5405 1077 5460 τὸν
1101 5404 1289 5461 αὐτόν
1315 5407 1558 5490 χρόνον.
1581 5408 1849 5490 .Totusne
1897 5409 1981 5463 sol

476 5474 695 5529 quando
744 5477 809 5528 de
832 5486 989 5529 Ictat.
1045 5492 1113 5529 an
1168 5492 1296 5529 pars
1351 5493 1471 5529 eius
1524 5479 1704 5529 ahaua
1765 5493 1981 5529 semper

402 5474 695 5543 aliquando
740 5474 989 5549 deﬁciat,
1045 5492 1113 5531 an
1168 5474 1471 5547 pars’iejus
1524 5479 1704 5549 aliqua
1765 5493 1982 5549 semper

397 5556 663 5619 emergat,
703 5547 1015 5619 obducique
1052 5553 1317 5619 nequeat,
1366 5563 1480 5603 non
1527 5547 1669 5603 inter
1704 5547 1978 5619 principes

399 5614 542 5690 artis
571 5616 717 5669 illius
748 5618 1027 5690 convenit.
1059 5614 1193 5670 Nam
1227 5624 1386 5690 ajtate
1418 5627 1603 5690 nostra
1629 5614 1815 5690 Tycha
1849 5614 1976 5673 Bra-

403 5684 543 5739 heus
579 5687 797 5757 negavit
818 5686 888 5739 ab
917 5686 1068 5749 luna,
1093 5688 1391 5757 quamlibet
1414 5689 1646 5757 dejecta,
1673 5684 1845 5745 totum
1871 5690 1976 5749 oli-

405 5755 621 5810 scurari
661 5770 822 5826 posse
863 5757 994 5812 solis
1032 5755 1251 5826 orbem;
1290 5772 1352 5814 ac
1396 5755 1691 5815 diametros
1731 5770 1974 5830 aspecta-

2084 4648 2177 4700 τοῦ
2205 4648 2357 4719 ἡλίου
2416 4648 2725 4713 ἐκλελοιπὸς
2782 4650 3084 4723 θεωρεῖται.
3129 4652 3249 4706 Ὅτι
3282 4651 3338 4705 δὲ
3381 4644 3508 4703 κατὰ
3533 4642 3615 4711 τὴν

2086 4736 2477 4809 ὲπιπρόσθησιν
2541 4740 2638 4809 τῆς
2684 4738 2907 4811 σελήνης
2939 4743 2967 4793 ό
2997 4740 3147 4810 ἥλιος
3192 4740 3444 4799 ἐκλείπει,
3481 4731 3610 4804 μέγι-

2083 4842 2207 4878 στον
2259 4827 2556 4898 τεκμήριον
2606 4828 2667 4880 τὺ
2698 4828 2771 4899 μὴ
2822 4827 3065 4896 γίνεσθαι
3104 4832 3162 4882 ὲν
3187 4829 3320 4901 ἄλλῃ
3344 4824 3508 4896 ἡμέρᾳ
3531 4816 3611 4878 τὰς

2081 4916 2370 4987 ἐκλείψεις.
2396 4916 2507 4970 ἀλλ’
2538 4919 2594 4971 ὲν
2634 4922 2697 4990 τῇ
2721 4924 3012 4992 τριακοστῇ
3050 4922 3227 4992 μόνον,
3260 4922 3345 4975 ὅτε
3376 4909 3607 4970 συνοδεύει

2082 5008 2113 5071 ἠ
2149 5009 2342 5069 σελήνη
2371 5007 2449 5078 τῷ
2477 5008 2634 5080 ἡλίῳ,
2678 5011 2768 5063 καὶ
2800 5012 2865 5063 ὲκ
2894 5011 2986 5065 τοῦ
3018 5013 3153 5083 πρὸς
3191 5012 3344 5081 λόγον
3367 5008 3464 5061 τῶν
3482 5000 3607 5071 οἱκίΓ

2081 5118 2214 5150 σεοοιν
2241 5105 2309 5153 τά
2344 5100 2549 5171 μεγέθη
2583 5102 2690 5154 τῶν
2723 5101 3014 5172 ἐκλείψεων
3054 5102 3315 5173 γίνεσθαι.

2088 5410 2237 5487 biles
2258 5412 2403 5487 luna:
2435 5413 2674 5466 minores
2706 5412 2762 5467 in
2786 5416 3043 5487 sytygiis,
3071 5431 3234 5487 quam
3266 5392 3602 5487 solamina»!1

2089 5482 2286 5536 stituit.
2323 5480 2536 5553 Pugnat
2564 5487 2743 5538 autem
2774 5480 2842 5540 ei
2876 5480 3103 5542 adverso
3137 5496 3368 5544 veterum
3397 5480 3596 5553 auctori-

2086 5558 2204 5629 tas;
2254 5548 2780 5629 tunréxperimenta
2827 5556 2943 5629 ipsa
2990 5573 3306 5629 magnorum
3345 5548 3594 5629 artiﬁcum;

2086 5613 2581 5695 VideKepleru'm,
2615 5624 2793 5693 capite
2828 5613 2862 5681 8
2895 5613 3111 5695 Optich
3134 5626 3490 5695 astronomicw.
3520 5613 3594 5667 ιιδὶ

2086 5692 2334 5768 pluribus
2347 5694 2618 5768 exemplis
2638 5692 2914 5768 approba}
2942 5692 3115 5753 solem
3150 5694 3593 5768 aliquaudo_totunt

2082 5758 2242 5832 posse
2270 5758 2699 5833 deﬁcere,‘quod'
2722 5758 2819 5821 "hic
2862 5764 3122 5825 Geminus
3158 5758 3338 5826 noster
3383 5758 3590 5818 adimat,
