3886 6268
862 483 1256 537 ΚΕΦΑΔΔΙΟΝ
1300 481 1378 536 Θ’.

646 600 789 668 Περὶ
820 598 1149 668 ἐκλείψεως
1180 598 1291 667 τῆς
1315 599 1606 669 σελήνης.

360 708 447 762 ΔΙ.
483 711 608 781 τῆς
640 712 873 783 σελήνης
897 711 1169 783 ἐκλείψεις
1197 712 1436 780 γίνονται
1466 710 1608 765 κατά
1632 712 1731 783 τὴν
1760 711 1838 774 είς
1862 710 1924 762 τὸ

280 801 586 874 σκίασμα
624 805 727 877 τῆς
766 806 872 876 γῆς
911 805 1191 876 ἔμπτωσιν
1223 807 1321 876 τῆς
1367 806 1614 878 σελήνης.
1655 803 1923 875 Καθάπερ

276 893 410 964 γὰρ
451 899 574 952 καὶ
608 898 677 951 τὰ
696 897 859 951 λοιπά
884 897 992 951 τῶν
1021 897 1308 968 σωμάτων,
1335 896 1679 970 φωτιζόμεγα
1697 895 1801 949 ὑπὸ
1826 892 1921 948 τοῦ

276 982 497 1055 ἡλίου,
547 989 712 1052 σκιὰς
738 988 1056 1055 ἀποϐάλλει,
1091 989 1232 1043 οὕτω
1256 990 1351 1043 καὶ
1384 991 1416 1060 ἡ
1448 989 1545 1059 γῆ,
1580 988 1921 1060 φωτιζομένη

279 1072 408 1157 ὑπὸ
460 1076 578 1130 τοῦ
622 1076 796 1148 ἡλίου,
845 1078 1003 1133 σκιὰν
1051 1078 1363 1132 ἀποϐάλλει.
1400 1079 1509 1132 Καὶ
1540 1078 1638 1150 ἡδη
1678 1079 1925 1150 μέντοιγε

276 1164 386 1218 διὰ
421 1166 500 1219 τὸ
535 1167 773 1239 μέγεθος
790 1169 889 1240 τῆς
914 1170 1017 1240 γῆς
1039 1170 1304 1243 εἰλικρινῆ
1332 1170 1617 1242 συμϐαίνει
1643 1170 1741 1243 τὴν
1766 1171 1924 1225 σκιὰν

282 1251 458 1310 εἶναι
488 1259 602 1312 καὶ
633 1259 873 1330 βαθεῖαν.
901 1262 1070 1315 Ὅταν
1092 1257 1185 1315 οὖν
1215 1261 1358 1315 κατὰ
1389 1262 1680 1334 διάμετρον
1700 1262 1923 1334 γένηται

284 1348 325 1417 ἡ
368 1348 607 1423 σελήνη
631 1350 709 1423 τῷ
738 1352 895 1424 ἡλίῳ,
920 1353 1042 1407 τότε
1064 1353 1159 1408 καὶ
1183 1354 1245 1407 τὸ
1270 1355 1513 1426 σκίασμα
1534 1356 1631 1424 τῆς
1660 1356 1764 1427 γῆς
1784 1355 1925 1409 κατά

285 1439 635 1515 διάμετρον
665 1445 874 1513 γίνεται
907 1445 986 1517 τῷ
1011 1446 1166 1518 ἡλίῳ.
1192 1446 1353 1501 Ὅθεν
1387 1449 1420 1518 ἡ
1457 1447 1653 1519 σελήνη
1683 1464 1929 1501 ταπεινο·

288 1533 460 1606 τέρα
495 1539 779 1609 φερομένη
809 1538 905 1592 τοῦ
933 1541 1285 1612 σκιάσματος,
1307 1541 1542 1610 εὐλόγως
1566 1540 1826 1612 ἐμπίπτει
1846 1542 1926 1605 είς

292 1627 370 1681 τὸ
405 1630 679 1700 σκίασμα
697 1630 798 1700 τῆς
819 1632 945 1701 γῆς.
987 1634 1097 1686 Ἀεὶ¹
1117 1633 1173 1687 δὲ
1193 1634 1254 1688 τὸ
1275 1634 1544 1706 ἐμπίπτον
1567 1636 1737 1705 αὐτῆς
1762 1636 1925 1707 μέρος

288 1722 397 1785 είς
427 1722 503 1776 τὺ
537 1722 786 1794 σκίασμα
817 1724 916 1794 τῆς
943 1726 1047 1796 γῆς
1075 1725 1381 1795 ἀφώτιστον
1407 1728 1615 1796 γίνεται
1631 1726 1724 1780 τοῦ
1743 1727 1918 1799 ἡλίου,

1369 368 1609 425 GEMINI
1647 363 2021 424 ELEMENTA
2060 356 2551 419 ASTRONOMIE.

1944 485 1993 542 Α

3489 357 3594 414 823

2561 474 2667 546 25
2703 472 2933 531 CAPUT
2988 472 3076 531 ix.

2514 589 2592 644 De
2631 588 2910 658 eclipsibus
2948 590 3113 643 luna’.

2093 702 2263 761 Luna
2293 705 2528 776 eclipses
2566 705 2705 760 ﬁunt
2735 703 3038 761 secundum
3072 702 3424 758 incidentiam
3455 702 3597 758 luna

2025 799 2082 855 in
2113 800 2367 855 umbram
2414 805 2596 853 terra.
2629 795 3103 865 Quemadmodum
3129 795 3274 850 enim
3305 801 3361 851 et
3388 796 3597 864 reliqua

2023 907 2280 963 corpora,
2324 906 2453 947 cum
2490 906 2521 944 a
2552 892 2668 947 sole
2707 890 3105 953 illuminantur,
3153 886 3379 941 umbras
3426 886 3596 956 proji-

2024 986 2198 1047 ciunt,
2250 985 2332 1039 sic
2379 984 2545 1038 etiam
2593 991 2777 1047 terra,
2826 995 2952 1035 cum
3000 995 3033 1034 a
3070 978 3188 1034 sole
3236 977 3596 1040 illuminatur,

2022 1076 2244 1147 projicit
2288 1075 2562 1130 umbram.
2608 1073 2673 1127 Et
2709 1079 2857 1128 certe
2896 1071 3011 1141 jam
3058 1077 3283 1140 propter
3323 1068 3595 1138 magnitu-

2024 1169 2209 1224 dinem
2262 1176 2425 1224 terra
2462 1165 2753 1237 contingit,
2793 1165 3044 1219 umbram
3088 1162 3209 1231 ejus
3248 1159 3597 1217 manifestam

2022 1267 2079 1315 et
2133 1258 2459 1329 profundam
2509 1273 2651 1314 esse.
2693 1258 2829 1311 Cum
2876 1255 3041 1325 igitur
3083 1254 3210 1307 luna
3255 1251 3356 1308 soli
3394 1251 3598 1305 diame-

2025 1352 2238 1407 traliter
2290 1351 2622 1421 opponitur,
2684 1356 2816 1403 tunc
2893 1362 3108 1417 quoque
3177 1355 3338 1400 terra
3406 1342 3599 1398 umbra

2023 1443 2414 1499 diametraliter
2469 1442 2763 1513 opponitur
2833 1439 2959 1495 soli.
3034 1436 3186 1494 Unde
3241 1437 3408 1500 luna,
3472 1448 3598 1489 cum

2023 1535 2254 1592 inferius
2296 1533 2503 1590 feratur
2545 1548 2709 1605 quam
2760 1531 2989 1599 umbra,
3045 1528 3358 1586 necessario
3408 1527 3600 1581 incidit

2024 1630 2084 1685 in
2128 1630 2380 1684 umbram
2435 1634 2617 1684 terra.
2662 1626 2888 1696 Semper
2931 1632 3115 1678 autem
3158 1637 3290 1693 pars
3318 1620 3460 1691 ejus,
3488 1634 3598 1690 qua

2025 1722 2083 1777 in
2125 1719 2376 1776 umbram
2423 1729 2586 1774 terra
2631 1717 2843 1782 incidit,
2879 1732 2991 1771 non
3034 1714 3379 1770 illuminatur
3417 1728 3448 1766 a
3484 1713 3600 1768 sole

294 1811 411 1865 διὰ
448 1814 563 1886 τὴν
583 1815 979 1886 ἐπιπρόσθησιν
1007 1818 1105 1888 τῆς
1136 1819 1256 1890 γῆς.
1283 1818 1414 1871 Τότε
1440 1820 1549 1891 γὰρ
1583 1820 1675 1873 ἐπὶ
1699 1819 1798 1891 τῆς
1828 1819 1923 1873 αὐ-

2032 1820 2246 1884 propter
2274 1813 2730 1869 intercursionem
2760 1818 2938 1864 terra.
2970 1805 3125 1863 Tunc
3152 1808 3309 1863 enim
3323 1807 3380 1862 in
3409 1806 3600 1862 eadem

297 1903 427 1972 τῆς
462 1904 687 1969 εὐθείας
715 1905 925 1973 γίνεται
951 1910 979 1960 ὁ
1004 1906 1153 1978 ἥλιος
1176 1909 1270 1961 καὶ
1290 1910 1322 1979 ἡ
1345 1909 1435 1980 γῆ,
1467 1910 1561 1963 καὶ
1587 1909 1648 1963 τὸ
1681 1909 1925 1980 σκίασμα

2032 1907 2172 1962 linea
2215 1914 2366 1962 recta
2405 1906 2821 1963 constituuntur
2852 1903 2955 1968 sol,
3004 1912 3173 1970 terra,
3206 1902 3400 1958 umbra
3443 1908 3600 1955 terra

306 1999 429 2069 τῆς
466 1999 600 2069 γῆς,
634 2001 730 2054 καὶ
761 2002 795 2071 ἡ
830 2000 1049 2072 σελήνη.
1086 2002 1162 2054 Δι’
1203 2002 1269 2073 ἢν
1308 2002 1487 2057 αἰτίαν
1527 2002 1647 2056 οὐδὲ
1684 2003 1924 2072 γίνονται

2032 2006 2080 2055 et
2105 1999 2254 2054 luna.
2291 1998 2466 2065 Quam
2494 1999 2566 2054 ob
2594 2013 2819 2055 causam
2846 2014 2915 2054 ne
2951 1998 3089 2053 ﬁunt
3120 1995 3341 2068 quidem
3369 1993 3600 2063 eclipses

307 2089 617 2162 ἐκλείψεις
649 2092 748 2163 τῆς
786 2093 1018 2164 σελήνης
1064 2096 1123 2148 ἐν
1164 2094 1298 2166 ἄλλῃ
1344 2094 1561 2167 ἡμέρᾳ,
1611 2093 1724 2147 ἀλλ’
1766 2096 1823 2147 ἐν
1855 2096 1921 2165 τῇ

2032 2093 2172 2146 luna
2210 2092 2267 2146 in
2311 2092 2427 2145 alio
2462 2090 2570 2157 die,
2603 2091 2708 2146 nisi
2751 2090 2808 2146 in
2836 2089 3159 2160 pleuilunio.
3188 2087 3345 2142 Tune
3383 2086 3533 2141 enim
3570 2099 3602 2138 θ

310 2179 651 2256 διχομηνίᾳ.
689 2184 823 2237 Τότε
854 2184 964 2257 γὰρ
996 2184 1138 2239 κατὰ
1178 2186 1470 2258 διάμετρον
1511 2185 1719 2255 γίνεται
1759 2188 1791 2257 ἡ
1833 2202 1923 2239 σε·

315 2269 482 2344 λὴνη
526 2272 606 2343 τῷ
638 2274 789 2345 ἡλίῳ.
840 2275 1085 2329 Γίνονται
1119 2276 1366 2346 μέντοιγε
1398 2277 1567 2329 πᾶσαι
1604 2278 1658 2329 αί
1688 2275 1788 2345 τῆς
1832 2292 1923 2328 σε·

322 2362 515 2435 λὴνης
555 2364 824 2436 ἐκλείψεις
864 2365 996 2420 ἴσαι·
1035 2370 1092 2421 αί
1132 2369 1229 2439 μὲν
1265 2369 1374 2439 γὰρ
1406 2366 1832 2440 ἐπιπροσθήσεις
1868 2368 1926 2421 αἰ

321 2457 627 2527 γινόμεναι
655 2460 713 2511 ἐν
741 2460 861 2521 ταῖς
890 2457 985 2511 τοῦ
1015 2458 1165 2529 ἡλίου
1188 2458 1460 2528 ἐκλείψεσι
1487 2458 1642 2531 παρά
1656 2459 1754 2523 τὰς
1776 2461 1927 2531 οἰκή-

328 2565 460 2614 σεις
487 2549 736 2621 διάφοροι
769 2549 1031 2619 γίνονται,
1066 2551 1133 2604 δι’
1160 2552 1227 2623 ἢν
1257 2553 1438 2606 αἰτίαν
1479 2553 1574 2606 καὶ
1611 2551 1681 2605 τά
1719 2551 1924 2624 μεγέθη

330 2639 453 2693 τῶν
481 2640 780 2710 ἐκλείψεων
803 2641 1035 2714 διάφορα
1063 2642 1290 2711 γίνεται·
1318 2644 1374 2695 αἱ
1401 2642 1459 2695 δὲ
1492 2641 1801 2713 ἐμπτώσεις
1829 2643 1927 2714 τῆς

337 2732 579 2805 σελήνης
602 2737 684 2798 είς
704 2734 765 2787 τὸ
791 2734 1036 2807 σκίασμα
1070 2737 1181 2789 ίσαι
1209 2738 1380 2790 πᾶσαι
1408 2736 1645 2805 γίνονται
1668 2736 1810 2790 κατὰ
1828 2736 1928 2808 τὴν

338 2826 514 2896 αὐτὴν
540 2824 803 2896 ἔκλειψιν.
842 2827 981 2899 Ἤδη
1011 2828 1259 2898 μέντοιγε
1294 2829 1353 2881 οὐ
1387 2828 1473 2882 διὰ
1499 2829 1698 2893 παντὸς
1723 2830 1786 2882 τὸ
1816 2827 1928 2883 ἴσον

340 2918 590 2972 ἐκλείπει
611 2919 710 2991 τῆς
735 2920 984 2993 σελήνης.
1013 2921 1182 2976 Ὅταν
1203 2921 1312 2994 γὰρ
1333 2921 1419 2976 διά
1442 2922 1606 2993 μέσου
1634 2921 1726 2976 τοῦ
1756 2921 1930 2976 ἐκλειο

344 3011 541 3065 πτικοῦ
568 3014 602 3083 ἡ
642 3012 840 3086 σελήνη
869 3012 966 3085 τὴν
991 3014 1225 3084 πάροδον
1254 3014 1497 3085 ποιῆται,
1536 3015 1633 3087 ὅλη
1666 3017 1928 3087 ἐμπίπτει

343 3103 427 3166 εἰς
459 3105 522 3157 το
567 3106 812 3174 σκίασμα
844 3106 946 3177 τῆς
978 3108 1101 3179 γῆς’
1147 3107 1290 3162 ὥστε
1331 3111 1627 3178 ἀναγκαῖον
1669 3111 1765 3164 καὶ
1800 3111 1928 3180 ὅλην

346 3196 516 3266 αὐτὴν
546 3197 840 3252 ἐκλείπειν.
883 3177 1053 3253 Ὅταν
1080 3199 1138 3253 δὲ
1172 3200 1491 3273 παράψηται
1519 3201 1612 3255 τοῦ
1654 3177 1926 3273 σκιάσμα-

2032 3200 2214 3271 aliqua
2268 3202 2411 3257 luna
2472 3200 2656 3257 dclicit

345 3304 458 3355 τος,
495 3289 660 3361 μέρος
687 3307 743 3344 τι
772 3292 871 3362 τῆς
908 3291 1134 3363 σελήνης
1157 3290 1417 3345 ἐκλείπει’
1447 3291 1562 3346 ἔστι
1585 3292 1643 3345 δὲ
1665 3293 1727 3346 τὸ
1753 3292 1929 3347 ἐκλει-

348 3381 541 3434 πτικὸν
577 3382 748 3453 αὐτῆς
792 3383 995 3455 μοιρῶν
1026 3382 1138 3437 δύο.
1192 3384 1280 3437 Ἐν
1311 3384 1421 3457 γὰρ
1447 3384 1624 3456 τούτῳ
1663 3385 1742 3457 τῷ
1781 3385 1932 3458 τόπῳ

348 3472 532 3535 πάσας
555 3472 655 3536 τὰς
676 3472 949 3543 ἐκλείψεις
978 3472 1263 3545 συμϐαίνει
1290 3475 1388 3545 τῆς
1414 3475 1642 3546 σελήνης
1663 3474 1927 3543 γίνεσθαι.

2024 2182 2294 2239 diametro
2322 2183 2453 2238 luna
2487 2182 2783 2252 opponitur
2820 2183 2948 2240 soli.
2983 2180 3370 2237 Verumtamen
3410 2192 3599 2233 omnes

2026 2278 2169 2331 luna
2191 2276 2425 2346 eclipses
2457 2275 2595 2331 ﬁunt
2619 2276 2892 2347 aequales;
2928 2291 3055 2330 nam
3082 2274 3447 2337 incursiones.
3479 2288 3601 2344 qua

2026 2369 2084 2423 in
2118 2369 2248 2424 solis
2288 2369 2584 2439 eclipsibus
2618 2367 2774 2435 ﬁunt,
2806 2376 3028 2439 propter
3057 2368 3177 2422 loca
3205 2366 3601 2421 habitationum

2027 2459 2256 2517 diversa
2324 2461 2655 2527 efﬁciuntur,
2715 2462 2785 2517 ob
2842 2461 2899 2515 id
2971 2461 3135 2515 etiam
3198 2456 3600 2529 magnitudines

2025 2554 2314 2624 eclipsium
2361 2554 2627 2609 solarium
2672 2553 2902 2609 diversa
2940 2552 3246 2607 redduntur
3291 2566 3305 2603 :
3359 2558 3415 2603 at
3460 2549 3603 2603 luna

2030 2645 2343 2702 incidentia
2370 2648 2429 2701 in
2460 2648 2711 2702 umbram
2746 2646 2883 2701 ﬁunt
2928 2661 3120 2702 omnes
3149 2643 3389 2715 aequales
3417 2646 3474 2697 in
3505 2657 3600 2698 ea-

2029 2737 2152 2792 dem
2185 2738 2398 2808 eclipsi.
2448 2738 2570 2792 Jam
2614 2754 2746 2794 vero
2791 2753 2904 2793 non
2953 2752 3171 2807 semper
3203 2735 3432 2807 aqualis
3471 2748 3601 2804 pars

2029 2831 2174 2886 luna
2237 2831 2440 2887 deﬁcit.
2496 2831 2635 2887 Cum
2683 2830 2829 2887 enim
2887 2845 2983 2902 per
3034 2829 3274 2884 medium
3333 2827 3602 2883 circulum

2030 2925 2526 2995 eciipticum'luna
2584 2924 2885 2981 transitum
2935 2923 3090 2988 facit,
3139 2930 3255 2978 tota
3306 2920 3498 2975 incidit
3543 2920 3602 2974 in

2032 3016 2281 3070 umbram
2335 3024 2517 3072 terra.
2563 3017 2758 3088 Itaque
2804 3015 3179 3070 necessarium
3222 3021 3328 3077 est,
3374 3020 3436 3068 ut
3484 3012 3603 3082 ipsa

2033 3116 2148 3163 tota
2203 3108 2440 3166 deﬁciat.
2501 3109 2639 3165 Cum
2703 3123 2832 3165 vero
2885 3108 3106 3178 attingit
3152 3108 3425 3172 umbram,
3474 3122 3602 3178 pars

2712 3218 2728 3256 :
2786 3216 2914 3272 pars
2969 3207 3151 3256 autem
3209 3199 3423 3262 circuli,
3481 3215 3603 3269 qua

2031 3292 2217 3347 lunam
2251 3293 2485 3349 deﬁcere
2510 3293 2667 3358 facit,
2693 3300 2778 3348 est
2805 3296 3036 3348 duorum
3067 3292 3358 3363 graduum.
3403 3290 3462 3345 In
3496 3291 3601 3345 hoc

2030 3387 2175 3441 enim
2218 3387 2340 3442 loco
2369 3401 2563 3442 omnes
2594 3386 2830 3456 eclipses
2861 3386 3005 3441 luna
3040 3386 3310 3456 contingit
3342 3383 3479 3440 ﬁeri.
3525 3383 3602 3439 Ex

2030 3475 2119 3531 his
2142 3477 2490 3532 manifestum
2519 3486 2620 3542 est,
2645 3476 2792 3547 quod
2823 3477 2964 3532 luna
2991 3477 3222 3547 eclipses
3242 3475 3376 3530 ﬁant
3407 3488 3604 3530 secun-

362 3563 457 3616 Ἐκ
482 3563 543 3617 δὲ
571 3563 777 3618 τούτων
804 3567 1056 3637 φανερὸν,
1091 3567 1175 3620 ὅτι
1204 3568 1263 3619 αί
1286 3566 1390 3636 τῆς
1411 3567 1640 3638 σελήνης
1664 3567 1926 3636 ἐκλείψεις

2032 3569 2161 3625 dum
2194 3568 2547 3624 incidentiam
2593 3569 2648 3622 iu
2693 3569 2946 3623 umbram
2991 3575 3190 3633 terra;
3225 3583 3352 3623 nam
3390 3566 3604 3622 ratione

350 3655 591 3722 γίνονται
624 3656 764 3711 κατὰ
793 3656 893 3728 τὴν
921 3659 1004 3721 εις
1028 3656 1088 3710 τὸ
1112 3657 1353 3730 σκίασμα
1380 3657 1480 3727 τῆς
1504 3658 1607 3728 γῆς
1627 3658 1926 3730 ἔμπτωσιν·

352 3748 488 3819 πρὸς
512 3748 668 3816 λόγον
694 3748 804 3820 γὰρ
841 3749 942 3821 τῆς
979 3749 1120 3803 κατὰ
1148 3750 1350 3815 πλάτος
1379 3753 1647 3823 κινήσεως
1673 3751 1776 3822 τῆς
1796 3754 1828 3822 ἡ
1838 3769 1932 3823 με-

356 3839 542 3912 ρησίου
577 3840 679 3911 τῆς
713 3840 942 3913 σελήνης
974 3841 1043 3895 τὰ
1085 3842 1288 3914 μεγέθη
1327 3840 1437 3896 τῶν
1469 3842 1763 3912 ἐκλείψεων
1792 3843 1929 3915 σύμ-

355 3949 509 4000 φωνα
537 3934 765 4002 γίνεταιο
806 3935 898 3987 καὶ
928 3936 986 3988 ἐν
1016 3933 1197 3998 ἄλλαις
1231 3935 1464 4007 ἡμέραις
1504 3935 1565 3988 οὐ
1598 3936 1837 4004 γίνονται
1873 3937 1931 3990 αί

352 4022 451 4094 τῆς
479 4023 710 4095 σελήνης
735 4023 1027 4093 ἐκλείψεις,
1060 4023 1199 4094 πλὴν
1229 4025 1287 4076 ὲν
1315 4026 1380 4095 τῇ
1406 4024 1718 4096 διχομηνίᾳ.

892 4138 1290 4192 ΚΕΦΑΛΑΙΟΝ
1334 4140 1390 4193 I'.

353 4252 473 4306 Ὅτι
500 4254 613 4323 τὴν
636 4255 920 4307 ἐναντίαν
943 4252 1024 4319 τῷ
1047 4254 1254 4333 κός-μῳ
1280 4254 1527 4320 κίνησιν
1550 4256 1604 4307 οί
1626 4253 1929 4323 πλάνητες

966 4337 1296 4377 ποιουνται.

437 4439 494 4492 ’0
525 4439 729 4511 κόσμος
757 4441 985 4495 κινεῖται
1016 4438 1187 4511 φορὰν
1217 4438 1503 4508 ἐγκύκλιον
1540 4439 1634 4492 ἀπ’
1664 4437 1928 4511 ἀνατολης

2029 3662 2213 3719 diurni
2242 3670 2425 3717 motus
2448 3662 2590 3718 luna
2612 3662 2914 3719 secundum
2942 3662 3285 3716 latitudinem
3315 3661 3451 3715 ﬁunt
3470 3674 3603 3715 con-

2030 3769 2181 3825 grua
2228 3754 2517 3824 eclipsium
2559 3755 2996 3825 magnitudines,
3030 3761 3085 3809 et
3129 3752 3188 3807 in'
3236 3751 3360 3807 aliis
3407 3751 3603 3809 diebus

2031 3861 2140 3903 non
2166 3845 2301 3901 ﬁunt
2330 3846 2550 3903 lunares
2583 3848 2838 3919 eclipses,
2873 3848 2980 3903 nisi
3006 3846 3062 3901 in
3092 3846 3417 3917 plenilunio.

2654 4137 2884 4194 CAPUT
2918 4137 2987 4193 Χ.

2070 4249 2224 4317 Quod
2254 4253 2584 4308 contrarium
2618 4252 2813 4307 mundo
2852 4261 3049 4307 motum
3081 4251 3307 4320 planam:
3345 4248 3564 4317 faciant.

2099 4442 2335 4497 Mundus
2378 4447 2630 4492 movetur
2661 4442 2813 4488 motu
2845 4431 3109 4489 circulari
3150 4431 3217 4486 ab
3247 4437 3371 4486 ortu
3413 4430 3482 4485 ad
3512 4444 3606 4485 oc-

353 4531 444 4584 ἐπὶ
478 4529 648 4584 δύσιν.
686 4531 841 4584 Ὅσοι
884 4530 994 4602 γὰρ
1032 4530 1097 4584 ἂν
1132 4528 1239 4583 τῶν
1269 4530 1510 4601 ἀστέρων
1542 4529 1683 4601 μετὰ
1707 4530 1806 4600 τὴν
1830 4529 1925 4582 τοῦ

2033 4553 2246 4594 casum.
2278 4534 2413 4590 Nam
2458 4546 2797 4603 quaecunque
2828 4529 3000 4585 stellae
3030 4535 3156 4599 post
3189 4526 3323 4582 solis
3351 4539 3607 4581 occasum

354 4622 503 4694 ἡλίου
531 4622 681 4677 δύσιν
717 4623 854 4695 πρὸς
879 4625 945 4694 τῇ
973 4623 1203 4694 ἀνατολῇ
1234 4620 1572 4694 θεωρηθῶσι,
1602 4621 1928 4694 προϐαινού-

355 4732 452 4787 σης
483 4715 583 4786 τῆς
607 4715 821 4781 νυκτὸς,
855 4712 1307 4786 μετεωριζόμενοι
1337 4713 1533 4785 μᾶλλον
1555 4714 1641 4766 ἀεὶ
1667 4712 1927 4784 καὶιμᾶλ-

352 4802 442 4855 λον
478 4800 825 4875 θεωροῦνται·
867 4800 984 4856 εἶτα
1012 4802 1298 4874 βλέπονται
1328 4803 1465 4875 πρὸς
1495 4805 1562 4874 τῇ
1595 4804 1927 4875 μεσουρανὴ-

356 4911 452 4949 σει·
476 4894 875 4967 προϐαινούσης
903 4895 959 4947 δὲ
984 4895 1084 4965 τῆς
1117 4894 1328 4959 νυκτὸς,
1355 4895 1767 4968 ἀποκλινόμενοι
1792 4897 1925 4970 πρὸς

351 4987 447 5060 τὴν
487 4987 639 5042 δύσιν
680 4991 729 5042 οἱ
772 4988 924 5041 αὐτοὶ
953 4988 1178 5058 ἀστέρες
1214 4987 1564 5060 θεωροῦνταιο
1617 4991 1711 5044 καὶ
1754 4991 1925 5062 πέρας

350 5082 597 5145 δύνοντες
632 5079 888 5153 ὁρῶνται·
937 5080 1031 5133 καὶ
1073 5080 1230 5134 τοῦτο
1275 5079 1669 5152 καθ’μέκάστην
1716 5082 1925 5153 ἡμέραν

351 5175 441 5228 ἐπὶ
466 5173 684 5227 πάντων
718 5172 960 5245 ἀστέρων
982 5172 1211 5241 γίνεται.
1240 5173 1403 5225 Ὥστε
1432 5173 1682 5247 φανερὸν,
1705 5174 1786 5227 ὅτι
1806 5174 1925 5236 ὅλος

349 5269 375 5319 ό
409 5265 615 5337 κόσμος
648 5265 784 5317 πᾶσι
821 5268 932 5328 τοῖς
976 5264 1061 5333 ἔρρ’
1100 5262 1290 5316 ἑαυτοῦ
1338 5263 1527 5335 μέρεσι
1569 5267 1799 5318 κινεῖται
1831 5267 1924 5319 καὶ

347 5358 441 5411 ἀπ’
472 5356 735 5427 ἀνατολῆς
767 5357 858 5409 ἐπὶ
899 5356 1069 5409 δύσιν.
1109 5355 1231 5408 Ὅτι
1272 5355 1327 5408 δὲ
1367 5354 1652 5424 ἐγκύκλιον
1692 5359 1924 5410 ποιεῖται

347 5449 443 5519 τὴν
477 5447 783 5519 προφορὰν,
815 5447 1079 5520 πρόδηλον
1108 5449 1172 5499 ἐκ
1196 5447 1290 5501 τοῦ
1315 5447 1523 5512 πάντας
1544 5449 1668 5514 τοὺς
1691 5450 1924 5520 ἀστέρας

348 5542 412 5592 ἐκ
442 5539 535 5593 τοῦ
563 5540 727 5593 αὐτοῦ
755 5540 921 5593 τόπου
944 5538 1275 5603 ἀνατέλλειν,
1309 5540 1402 5593 καὶ
1431 5542 1511 5604 είς
1540 5540 1631 5595 τὸν
1657 5541 1816 5595 αὐτὸν
1839 5542 1924 5595 τό-

349 5649 449 5685 πον
479 5632 676 5686 δύνειψ
733 5631 812 5685 ἔτι
857 5633 947 5685 καὶ
992 5632 1080 5686 διὰ
1110 5632 1217 5685 τῶν
1258 5632 1525 5706 διόπτρων
1560 5632 1923 5706 θεωρούμενοι

351 5723 551 5785 πάντες
593 5723 644 5774 οἱ
693 5723 919 5793 ἀστέρες
970 5723 1246 5792 φαίνονται
1294 5722 1581 5792 ἐγκύκλιον
1613 5726 1922 5798 ποιούμενοι

349 5818 447 5888 τὴν
481 5819 692 5889 κίνησιν
725 5818 818 5890 ὅλῃ
851 5820 916 5889 τῇ
945 5821 1261 5890 περιαγωγῇ
1290 5817 1397 5873 τῶν
1425 5819 1711 5891 διόπτρων.

2034 4629 2100 4685 ad
2147 4635 2328 4684 ortum
2372 4622 2818 4694 conspiciuntur,
2882 4621 2966 4675 lia
3029 4618 3360 4690 procedente
3412 4623 3603 4683 nocte,

2034 4719 2208 4789 magis
2238 4715 2518 4785 magisque
2552 4728 2768 4782 semper
2792 4711 2995 4767 elevari
3023 4717 3379 4780 spectantur;
3412 4706 3610 4764 deinde

2034 4810 2289 4864 videntur
2319 4809 2373 4862 in
2405 4806 2588 4862 medio
2613 4806 2760 4860 cali.
2791 4803 3181 4874 Pi-Ogrediente
3212 4811 3392 4857 autem
3421 4811 3605 4865 nocte,

2034 4900 2310 4957 declinare
2364 4900 2430 4954 ad
2486 4913 2746 4954 occasum
2793 4896 2996 4952 eadem
3041 4895 3212 4951 stella
3245 4894 3518 4959 videntur,
3554 4900 3610 4948 et

2035 4992 2253 5046 tandem
2278 4989 2530 5045 occidere
2573 4997 2906 5059 spectantur.
2939 4987 3119 5058 Atque
3146 4987 3249 5041 hoc
3274 4985 3521 5056 quotidie
3553 4985 3608 5039 in

2034 5086 2291 5142 omnibus
2335 5085 2393 5138 ﬁt
2438 5082 2633 5139 stellis.
2684 5081 2873 5152 itaque
2913 5079 3268 5136 manifestum
3309 5086 3415 5142 est,
3461 5077 3607 5147 quod

2034 5184 2182 5233 totus
2216 5175 2453 5231 mundus
2495 5190 2617 5230 cum
2655 5175 2911 5229 omnibus
2954 5173 3071 5229 suis
3105 5170 3356 5242 partibus
3388 5183 3609 5251 movea-

2032 5278 2143 5331 tur,
2170 5278 2224 5324 et
2250 5267 2466 5337 quidem
2504 5267 2573 5321 ab
2605 5276 2728 5320 ortu
2758 5280 2951 5322 versus
2981 5279 3263 5319 occasum.
3292 5260 3447 5328 Quod
3478 5274 3609 5316 vero

2033 5360 2358 5414 circularem
2413 5355 2580 5410 faciat
2625 5363 2859 5415 motum,
2890 5364 2958 5409 ex
3004 5369 3070 5409 eo
3104 5352 3455 5406 manifestum
3495 5355 3603 5413 est,

2032 5451 2178 5522 quod
2223 5466 2414 5506 omnes
2465 5448 2636 5503 stella
2667 5464 2730 5502 ex
2762 5446 2951 5502 eodem
2987 5445 3108 5500 loco
3145 5443 3415 5506 oriuntur,
3453 5449 3508 5498 et
3549 5444 3609 5498 in

2032 5540 2284 5611 eumdem
2350 5540 2526 5594 locum
2597 5537 2901 5604 occidant;
2959 5543 3221 5607 praterea
3290 5535 3455 5589 etiam
3512 5548 3610 5604 per

2033 5631 2247 5704 dioptra
2305 5647 2496 5686 omnes
2546 5630 2715 5686 stella
2755 5635 3014 5700 spectata
3072 5627 3326 5682 videntur
3377 5626 3588 5682 circula

2034 5741 2147 5781 rem
2190 5731 2397 5782 motum
2432 5722 2612 5780 facere
2637 5722 2692 5777 in
2723 5730 2834 5780 tota
2867 5720 3330 5778 circumductioue
3364 5717 3608 5790 dioptro-

2030 5834 2172 5876 rum.
