3886 6268
243 3725 255 3734 “
336 3730 614 3786 stellarum
659 3731 889 3788 lixarum
944 3741 1236 3804 conspecta
1299 3732 1461 3789 fuerit
1516 3735 1662 3800 luna,
1732 3744 1890 3789 nocte

348 318 457 375 823

423 429 490 484 At
535 430 619 486 sol
669 430 736 485 ab
792 444 993 485 occasu
1048 445 1240 487 versus
1288 438 1469 486 ortum
1535 431 1709 486 fertur
1761 437 1909 483 motu
1938 432 1984 488 Α

349 521 626 577 contrario
663 521 888 577 mundo.
931 520 1046 577 Hoc
1090 521 1440 578 manifestum
1482 530 1565 577 est
1613 536 1678 577 ex
1718 522 1911 583 stellis.

349 630 471 683 qua:
506 623 634 669 ante
674 613 844 669 solent
885 614 1157 667 oriuntur.
1184 612 1320 668 Nam
1363 628 1698 684 quaecunque
1741 612 1918 667 stellte'

351 713 479 760 ante
509 713 691 759 ortum
722 705 855 760 solis
883 713 1135 774 spectatae
1165 704 1369 760 fuerint
1392 706 1528 761 oriri
1553 712 1679 759 ante
1719 705 1909 771 solem,

350 799 432 852 lue
460 796 817 865 sequentibus
857 796 1111 852 noctibus
1144 796 1518 867 tempestivius
1555 796 1912 865 conspiciun-

349 900 438 943 tur
493 889 625 943 oriri
669 896 797 943 ante
848 888 1041 952 solem,
1090 897 1253 958 atque
1291 889 1395 943 hoc
1444 888 1502 942 lit
1554 887 1815 943 continuo
1855 889 1911 942 in

346 976 603 1032 omnibus
637 976 907 1032 noctibus.
940 974 1095 1031 Unde
1136 976 1490 1033 manifestum
1533 987 1637 1042 est,
1678 976 1824 1048 quod
1854 977 1910 1031 in

346 1070 740 1140 consequentia
780 1070 937 1140 signa
977 1069 1060 1124 sol
1108 1070 1388 1140 procedat,
1438 1085 1564 1125 cum
1607 1070 1677 1126 ab
1710 1085 1911 1126 occasu

346 1177 539 1217 versus
577 1170 755 1216 ortum
800 1170 1081 1217 moveatur
1118 1172 1311 1217 contra
1356 1163 1543 1217 mundi
1579 1171 1806 1217 motum.
1852 1161 1909 1217 Si

343 1270 475 1309 vero
504 1255 572 1309 ab
600 1263 724 1309 ortu
759 1270 951 1310 versus
990 1270 1246 1310 occasum
1290 1254 1523 1311 ferretur
1553 1257 1658 1320 sol,
1697 1270 1912 1325 semper

345 1347 687 1417 contingeret
731 1362 826 1402 eas
867 1347 1075 1412 stellas,
1112 1362 1233 1417 quae
1272 1346 1427 1417 prius
1457 1348 1756 1410 orirentur,
1803 1348 1908 1402 mi—

347 1438 493 1493 nime
525 1453 805 1508 apparere.
849 1438 984 1494 Nam
1025 1440 1081 1493 in
1128 1440 1498 1495 antecedentia
1536 1440 1807 1496 transiens
1836 1441 1910 1495 si-

1343 317 1684 373 APPENDIX
1718 316 1810 371 AD
1850 314 2126 405 EUSEBII
2158 315 2571 374 CHRUNICON.
3516 310 3629 405 εει

2099 431 2157 482 '0
2208 431 2454 502 μέντοιγε
2495 431 2645 501 ἥλιος
2684 429 2793 483 ἀπὸ
2825 429 3028 493 δύσεως
3069 428 3158 482 ἐπὶ
3189 427 3288 500 τὴν
3330 426 3630 494 ἀνατολὴν

2025 525 2247 595 φέρεται
2284 525 2613 587 ὑπεναντίως
2646 524 2722 595 τῷ
2748 523 2955 594 κόσμῳ.
2988 522 3156 576 Τοῦτο
3185 522 3255 575 δέ’
3282 523 3419 585 ἐστι
3450 534 3627 587 φανε-

2027 620 2118 688 ρὸν
2167 621 2232 672 ἐκ
2282 618 2388 671 τῶν
2438 616 2938 688 προανατελλόντων
2984 615 3230 687 ἀστέρων
3272 613 3381 668 τοῦ
3432 596 3641 683 ήλίουί

2021 713 2181 764 Ὅσοι
2200 710 2308 783 γὰρ
2330 710 2395 764 ἀν
2419 711 2525 780 πρὸ
2543 711 2642 779 τῆς
2663 709 2755 763 τοῦ
2775 709 2927 781 ἡλίου
2956 708 3215 779 ἀνατολῆς
3236 704 3627 778 θεωρηθῶσιν

2019 801 2248 872 ἀστέρες
2273 800 2804 872 προανατεταλκότες
2840 799 2933 853 τοῦ
2963 800 3135 866 ἡλίου,
3163 802 3220 855 ὲν
3243 801 3376 862 ταῖς
3409 798 3627 868 ἐχομέ-

2017 908 2137 955 ναις
2166 890 2314 958 νυξὶν
2340 890 2664 961 ὲνωρότερον
2690 890 3215 960 προανατεταλκότες
3236 886 3619 960 θεωροῦντας

2019 984 2111 1036 καὶ
2141 982 2298 1036 τοῦτο
2324 983 2532 1051 γίνεται
2567 981 2707 1034 κατά
2745 978 2805 1034 τὸ
2846 980 2975 1051 ἑξῆς
3004 982 3096 1035 ἐπὶ
3123 981 3315 1035 πασῶν
3351 979 3479 1033 τῶν
3523 997 3621 1031 νυ-

2020 1076 2180 1130 κτῶν.
2225 1074 2316 1141 Ἐξ
2348 1071 2407 1130 οὑ
2452 1075 2701 1146 φανερὸν,
2735 1076 2816 1129 ὅτι
2857 1077 2936 1140 είς
2972 1073 3040 1127 τὰ
3076 1071 3317 1144 ἑπόμενα
3350 1072 3480 1124 τῶν
3508 1071 3623 1134 ζωρ-

2016 1164 2144 1218 δίων
2171 1167 2199 1217 ὁ
2227 1164 2379 1236 ἥλιος
2416 1164 2898 1237 μεταϐαίνει,·ἀπὸ
2938 1164 3141 1227 δύσεως
3187 1166 3273 1217 ἐπ’
3320 1161 3622 1232 ἀνατολὴν

2022 1254 2334 1325 κινούμενος
2368 1256 2700 1319 ὑπεναντίως
2730 1255 2808 1326 τῷ
2839 1255 3049 1327 κόσμῳ.
3082 1257 3144 1308 Εἰ
3179 1254 3237 1308 δέ
3260 1271 3328 1324 γε
3358 1252 3486 1307 ἀπὸ
3514 1251 3622 1321 τῆς

2015 1346 2278 1418 ἀνατολῆς
2300 1348 2392 1400 ἐπὶ
2417 1346 2515 1419 τὴν
2540 1326 2689 1401 δύσιν
2708 1326 2980 1419 ὲφέρετοδ
3002 1347 3170 1418 ἥλιος,
3192 1348 3278 1401 ἀεὶ
3304 1345 3453 1410 τοὺς
3479 1360 3619 1415 προ-

2015 1437 2398 1502 ανατέλλοντας
2427 1439 2661 1510 ἀστέρας
2692 1439 3035 1510 ἀθεωρήτους
3061 1438 3127 1492 ἀν
3159 1434 3297 1492 εἶναι
3338 1436 3619 1491 συνέϐαιο

344 1543 471 1598 gna,
525 1529 755 1584 debebat
807 1544 901 1586 eas
961 1529 1078 1586 suis
1127 1529 1297 1586 radiis
1353 1532 1691 1597 obscurare;
1741 1531 1895 1586 stella

2015 1545 2122 1580 νεν.
2148 1528 2243 1591 Εἰς
2259 1526 2366 1599 γάρ
2385 1527 2456 1580 τά
2479 1527 2861 1599 προηγούμενα
2883 1528 3218 1598 μεταϐαίνων
3236 1530 3418 1600 μέρη,
3444 1526 3617 1597 ὤφει-

342 1621 512 1685 enim,
563 1637 689 1675 cum
748 1635 917 1691 prope
973 1622 1141 1677 solem
1194 1624 1418 1687 fuerint,
1477 1639 1582 1678 non
1635 1622 1895 1689 videntur,

2014 1620 2103 1673 λεν
2135 1619 2507 1690 ἀποκρύπτειν
2535 1621 2732 1683 αὑτοὺς
2759 1623 2876 1683 ταῖς
2912 1620 3069 1684 ἰδίαις
3104 1620 3321 1687 αὑγαῖςο
3359 1620 3461 1673 ἀεὶ
3496 1619 3613 1690 γὰρ

344 1722 527 1783 utpote
550 1729 580 1767 a
604 1714 717 1770 sole
747 1714 1074 1770 obscurata).
1102 1714 1172 1769 At
1196 1716 1298 1770 hoc
1326 1732 1435 1771 non
1461 1719 1518 1770 ﬁt
1552 1737 1565 1771 :
1590 1717 1686 1771 sed
1716 1718 1895 1777 stellae,

2014 1714 2061 1765 οἱ
2083 1711 2223 1764 κατά
2240 1709 2331 1764 τὸν
2356 1710 2504 1781 ήλιον
2527 1711 2798 1782 γινόμενοι
2823 1711 3053 1782 ἀστέρες
3079 1709 3384 1782 ἀθεώρητοι
3414 1709 3608 1781 ὑπάρα-

340 1822 463 1875 quae
498 1806 649 1876 prius
679 1806 954 1871 oriuntur,
991 1808 1349 1877 sequentibus
1398 1808 1651 1863 noctibus
1694 1823 1895 1878 semper

2009 1820 2184 1873 χουσι,
2212 1803 2642 1873 καταυγούμενοι
2669 1803 2772 1857 ὑπὸ
2796 1803 2888 1858 τοῦ
2916 1803 3087 1875 ἡλίου.
3118 1802 3232 1857 Νῦν
3258 1804 3317 1856 δὲ
3342 1803 3411 1855 οὑ
3442 1802 3604 1871 γίνε-

342 1896 515 1964 magis
543 1896 824 1966 magisque
854 1898 923 1951 ab
948 1905 1069 1951 ortu
1094 1898 1408 1953 distantiam
1437 1899 1634 1954 habere
1659 1908 1895 1969 spectan-

2007 1914 2098 1951 ται
2130 1897 2307 1950 τοῦτο’
2352 1895 2466 1950 ἀλλ’
2503 1897 2551 1948 οἱ
2597 1895 3082 1966 προανατέλλοντες
3111 1895 3344 1965 ἀστέρες
3374 1896 3443 1947 ἐν
3476 1896 3605 1955 ταῖς

340 1995 432 2041 tur
467 2005 479 2040 :
514 1987 587 2041 ita
624 1997 682 2042 ut
725 2000 1009 2044 menstruo
1041 1997 1283 2060 tempore
1313 1998 1486 2045 totum
1530 1992 1746 2061 signum
1779 2005 1895 2045 con-

2008 1990 2290 2061 ὲχομέναις
2314 1989 2432 2054 νυξὶ
2463 1989 2642 2042 πλεῖον
2673 1989 2759 2042 ἀεὶ
2791 1989 2886 2041 καὶ
2920 1988 3099 2041 πλεῖον
3127 1987 3236 2041 ἀπὸ
3259 1987 3366 2056 τῆς
3396 1988 3603 2040 ἀνατο-

340 2079 664 2135 stellationis
705 2089 832 2134 ante
883 2082 1052 2136 solem
1091 2083 1322 2146 oriatur,
1357 2083 1500 2152 quod
1543 2082 1695 2154 prius
1740 2080 1895 2137 radiis

2005 2083 2103 2155 λῆς
2132 2081 2430 2151 ἀπέχοντες
2467 2080 2740 2152 διάστημα
2778 2078 3126 2151 θεωροῦνταν
3161 2078 3300 2132 ὥστε
3348 2079 3600 2150 μηνιαὶῳ

340 2172 474 2227 solis
526 2172 906 2228 occultabatur
960 2191 973 2227 :
1033 2187 1248 2242 semper
1293 2173 1439 2227 enim
1484 2173 1617 2228 illud
1668 2174 1895 2243 signum,

2005 2172 2181 2244 χρόνῳ
2207 2170 2394 2237 ζώδιον
2417 2171 2536 2231 ὅλον
2558 2171 2973 2241 προανατέλλειν
2999 2171 3093 2224 τοῦ
3121 2170 3270 2241 ἡλίου
3297 2172 3361 2225 τὸ
3383 2171 3595 2240 πρότε-

342 2264 488 2333 quod
533 2265 704 2320 solem
751 2263 1019 2335 sequitur,
1049 2280 1081 2318 a
1109 2265 1224 2320 sole
1260 2263 1317 2318 lit
1352 2264 1644 2327 invisibile,
1689 2272 1895 2335 propter

2010 2281 2101 2335 ρον
2134 2264 2381 2334 ὑπάρχον
2411 2263 2470 2315 ἐν
2502 2264 2623 2326 ταῖς
2650 2262 2845 2330 αὐγαῖς
2882 2259 2974 2313 τοῦ
3015 2260 3183 2331 ἡλίου.
3230 2261 3347 2313 Ἀεὶ
3374 2260 3496 2331 γὰρ
3533 2260 3596 2313 τὸ

344 2354 528 2411 radios
558 2355 698 2410 solis
730 2374 744 2410 :
777 2355 909 2409 illud
931 2372 1081 2420 vero,
1102 2356 1245 2426 quod
1273 2357 1526 2426 praecedit
1553 2357 1745 2420 solem.
1768 2373 1895 2413 con-

2009 2355 2105 2424 μὲν
2149 2353 2412 2424 ἑπόμενον
2443 2351 2631 2417 ζώδιον
2657 2352 2759 2405 ὑπὸ
2790 2349 2884 2404 τοῦ
2925 2350 3075 2421 ἡλίου
3117 2348 3433 2421 ἀθεώρητόν
3468 2351 3590 2402 ἐστι

314 2446 589 2517 .spicitur.
655 2446 713 2502 In
781 2456 1063 2503 menstruo
1127 2455 1308 2503 autem
1379 2457 1622 2518 tempore
1691 2449 1895 2519 signum

2004 2446 2087 2499 διὰ
2110 2444 2210 2508 τὰς
2247 2444 2421 2513 αὑγάς
2458 2444 2551 2497 τοῦ
2588 2444 2762 2513 ἡλίου·
2794 2443 2853 2496 τὸ
2885 2442 2942 2494 δὲ
2974 2440 3381 2513 προηγούμενον
3413 2437 3589 2492 αὑτοῦ

339 2556 574 2609 sequens
607 2557 821 2611 semper
845 2552 930 2596 est
961 2542 1252 2607 invisibile,
1273 2558 1399 2597 cum
1427 2544 1506 2597 sol
1537 2543 1605 2597 ad
1639 2542 1691 2597 id
1719 2550 1895 2597 trans.

2004 2539 2301 2611 θεωρεῖται.
2349 2538 2437 2591 Ἐν
2467 2538 2524 2590 δὲ
2548 2537 2627 2606 τῷ
2660 2535 2891 2608 μηνιαίῳ
2914 2535 3088 2606 χρόνῳ
3117 2533 3203 2587 ἀεὶ
3231 2533 3292 2585 τὸ
3328 2533 3432 2609 μὲν
3464 2531 3590 2584 ἑπό-

338 2642 427 2686 cat
455 2648 471 2699 ;
502 2634 815 2703 praecedens
856 2649 984 2689 vero
1027 2635 1262 2706 signum,
1307 2650 1432 2689 cum
1478 2635 1644 2689 distat
1670 2635 1895 2688 duorum

2006 2647 2164 2703 μενον
2195 2630 2381 2695 ζώδιον
2417 2626 2726 2699 ἀθεώρητον
2762 2626 2992 2694 γίνεται,
3045 2623 3471 2695 μεταϐαίνοντος
3506 2624 3588 2684 είς

341 2728 622 2796 signorum
664 2728 866 2797 spatio,
912 2729 1283 2798 conspicitur;
1330 2740 1492 2799 atque
1538 2729 1643 2784 hoc
1677 2729 1733 2782 in
1764 2728 1895 2783 duo-

2004 2723 2130 2777 αὑτὸ
2161 2720 2254 2776 τοῦ
2286 2719 2458 2791 ἡλίουο
2490 2719 2553 2773 τὸ
2581 2718 2637 2771 δὲ
2670 2715 3078 2788 προηγούμενον
3111 2713 3303 2778 ζώδιον
3334 2714 3436 2767 δύο
3470 2712 3582 2777 ξω-

340 2817 517 2873 dccim
548 2819 721 2890 signis
755 2834 968 2889 semper
999 2820 1077 2874 ﬁt.
1113 2819 1156 2873 E
1181 2820 1381 2890 quibus
1413 2819 1761 2875 manifestum
1792 2827 1895 2885 est,

2004 2815 2125 2867 δίων
2142 2814 2415 2883 διάστημα
2439 2809 2743 2882 ἀφεστηκὸς
2765 2808 3038 2880 βλέπεταυ
3065 2809 3159 2862 καὶ
3178 2807 3334 2861 τοῦτο
3353 2806 3453 2859 ἐπὶ
3470 2804 3582 2858 τῶν

336 2909 446 2979 26
460 2910 604 2978 quod
631 2911 734 2973 sol,
762 2926 886 2964 cum
913 2919 1103 2965 contra
1132 2911 1320 2965 mundi
1349 2921 1552 2966 motum
1585 2910 1814 2975 feratur,
1843 2911 1895 2965 in

2004 2906 2065 2976 ιβ’
2092 2904 2293 2971 ζωδίων
2318 2903 2404 2957 διά
2429 2903 2625 2965 παντὸς
2655 2901 2881 2969 γίνεται.
2929 2899 3017 2964 Ἐξ
3038 2892 3113 2952 ὧν
3144 2899 3399 2970 φανερὸν,
3432 2899 3518 2951 ὅτι
3549 2900 3580 2951 6

337 3002 747 3069 consequentia,
781 3011 834 3057 et
867 3017 977 3057 non
1019 3004 1077 3057 in
1117 3004 1487 3059 antecedentia
1534 3004 1690 3075 signa
1721 3014 1895 3059 trans-

2004 2998 2168 3069 ἥλιος,
2215 2995 2547 3058 ὑπεναντίως
2584 2992 2661 3060 τῷ
2689 2993 2877 3063 κόσμῳ
2904 2991 3217 3062 κινούμενος
3240 2992 3322 3055 είς
3347 2990 3418 3043 τὰ
3449 2989 3577 3043 ἐπό-

337 3092 471 3146 itum
505 3092 686 3146 faciat.

2004 3108 2137 3162 μενα
2163 3089 2272 3143 τῶν
2303 3087 2524 3152 ζωδίων,
2551 3086 2644 3140 καὶ
2675 3086 2775 3139 οὑκ
2802 3086 2882 3149 εἰς
2903 3085 2972 3139 τά
2995 3084 3382 3156 προηγούμενα
3404 3086 3573 3136 ποιεῖ-

2001 3202 2088 3238 ται
2120 3184 2220 3254 τήν
2245 3180 2560 3252 μετάϐασιν.

2082 3274 2460 3345 Ἐκᾶηλότερον
2481 3275 2538 3327 δὲ
2563 3274 2654 3326 ἐπὶ
2676 3272 2776 3342 τῆς
2805 3270 3030 3341 σελήνης
3052 3270 3333 3341 θεωρεῖται
3352 3271 3386 3339 ἡ
3411 3268 3566 3337 κίνη-

2001 3384 2105 3430 σιςο
2140 3368 2232 3421 καὶ
2264 3366 2372 3437 γὰρ
2402 3366 2538 3437 αὑτὴ
2571 3364 2901 3427 ὑπεναντίως
2939 3363 3018 3434 τῷ
3056 3363 3245 3431 κόσμῳ
3280 3362 3563 3432 θεωρεῖται

2000 3461 2106 3514 ἀπὸ
2135 3460 2338 3521 δύσεως
2361 3459 2447 3527 ἐπ’
2475 3457 2739 3527 ἀνατολὴν
2767 3457 3077 3526 κινουμένηο
3109 3454 3265 3508 τοῦτο
3290 3454 3347 3506 δὲ
3376 3455 3433 3505 ὲν
3465 3453 3562 3524 μιᾷ

1999 3555 2156 3609 νυκτὶ
2196 3552 2420 3607 δύναται
2471 3550 2980 3621 καταλαμϐάνεσθαι
3021 3548 3110 3603 διὰ
3156 3549 3254 3618 τῆς
3297 3545 3559 3618 ὁράσεως,

1998 3646 2495 3719 ἐπιμαρτυροῦντος
2526 3644 2620 3696 τοῦ
2656 3643 2999 3713 φαινομένου.
3045 3642 3212 3694 Ὅταν
3255 3638 3367 3709 γὰρ
3415 3635 3561 3706 παρά

1993 3758 2114 3794 τινα
2145 3739 2253 3792 τῶν
2290 3738 2541 3792 ἀπλανῶν
2574 3737 2817 3808 ἀστέρων
2847 3732 3092 3805 θεωρηθῇ
3122 3734 3154 3804 ή
3185 3731 3405 3802 σελήνη,
3433 3745 3560 3800 προ-

1996 3831 2286 3901 ϐαινούσης
2318 3830 2416 3901 τῆς
2450 3830 2641 3892 νυκτὸς
2667 3828 2956 3896 ἀφίσταται
2989 3824 3096 3879 ἀπὸ
3125 3821 3218 3879 τοῦ
3259 3839 3557 3895 παρατετη-

1998 3942 2061 3995 ρη
2070 3922 2231 3994 μένου
2260 3923 2485 3992 ἀστέρος
2506 3922 2642 3992 πρὸς
2666 3919 2947 3990 ἀνατολὴν,
2970 3919 3063 3972 καὶ
3086 3920 3114 3970 ὁ
3136 3917 3310 3987 ἀστὴρ
3330 3917 3439 3969 ἀπὸ
3460 3916 3555 3983 τῆς

1995 4016 2221 4086 σελήνης
2255 4015 2389 4084 πρὸς
2419 4013 2589 4066 δύσιν·
2621 4012 2714 4066 καὶ
2759 4011 3016 4075 πολλάκις
3042 4011 3099 4062 ὲν
3124 4009 3221 4081 ὅλῃ
3244 4011 3311 4079 τῇ
3341 4007 3494 4061 νυκτὶ
3519 4009 3551 4076 ἡ
3618 4080 3625 4091 ι

1994 4106 2185 4178 σελήνη
2231 4108 2395 4177 μοίρᾳ
2415 4107 2457 4136 ⁸⁸
2489 4106 2597 4158 ἀπὸ
2628 4104 2722 4158 τοῦ
2764 4103 3285 4175 παρατετηρημένω
3333 4101 3552 4170 ἀστέρος

405 3272 747 3331 Manifestius
795 3281 974 3330 autem
1031 3274 1085 3329 in
1128 3276 1255 3330 luna
1308 3275 1643 3345 conspicitur
1690 3282 1890 3329 motus.

334 3360 470 3416 Nam
500 3373 554 3419 et
586 3363 702 3433 ipsa
733 3373 923 3421 contra
946 3375 1151 3421 motum
1180 3367 1366 3421 mundi
1392 3368 1459 3421 ab
1488 3382 1686 3422 occasu
1704 3382 1893 3421 versus

336 3463 513 3511 ortum
561 3457 774 3513 videtur
820 3459 1074 3514 moveri:
1112 3458 1217 3513 boc'
1258 3467 1436 3513 autem
1488 3459 1546 3512 in
1585 3474 1689 3513 una
1733 3468 1894 3513 nocte

337 3558 514 3617 potest
561 3550 889 3619 deprehendi
928 3566 1024 3620 per
1071 3551 1356 3615 visionem,
1407 3566 1533 3606 cum
1579 3551 1889 3621 apparentia

335 3641 706 3695 testimonium
763 3643 1015 3712 praebeat.
1064 3640 1201 3696 Cum
1254 3642 1398 3697 enim
1456 3641 1598 3712 apud
1654 3642 1887 3711 aliquam

332 3822 662 3891 procedente
681 3823 847 3880 distat
876 3824 944 3879 ab
973 3825 1062 3879 illa
1091 3827 1374 3882 observata
1406 3826 1562 3881 stella
1587 3828 1653 3880 ad
1682 3833 1885 3888 ortum,

332 3923 388 3967 ct
421 3914 576 3968 stella
606 3915 698 3968 illa
744 3930 774 3968 a
815 3916 940 3969 luna
978 3917 1043 3970 ad
1076 3932 1331 3972 occasum
1360 3934 1373 3978 ;
1420 3933 1484 3970 ac
1514 3933 1655 3987 saepe
1688 3919 1742 3971 in
1774 3924 1884 3971 tota

332 4012 490 4059 nocte
540 4006 668 4060 luna
712 4006 882 4076 gradu
933 4007 1003 4061 ab
1050 4006 1139 4060 illa
1182 4008 1467 4062 observata
1515 4009 1671 4063 stella
1722 4008 1888 4063 distat

332 4094 400 4150 ad
428 4103 605 4150 ortum
623 4136 638 4160 ,
665 4097 738 4151 ita
770 4106 828 4151 ut
854 4098 909 4151 in
939 4113 1046 4152 una
1068 4105 1224 4152 nocte
1249 4106 1523 4168 spectetur
1552 4110 1729 4153 motus
1750 4115 1884 4152 con-

334 4186 533 4240 trarius
569 4186 788 4240 mundo.
830 4186 946 4241 Non
985 4189 1128 4242 enim
1172 4189 1238 4242 ad
1277 4191 1655 4246 antecedentes
1698 4191 1885 4246 stellas

329 4278 590 4346 procedit,
627 4280 721 4334 sed
749 4279 817 4334 ad
851 4290 1266 4351 consequentes.
1654 4286 1662 4294 '

392 4541 590 4599 Dicunt
632 4558 810 4603 autem
864 4550 1106 4619 quidam,
1159 4551 1328 4606 solem
1377 4551 1443 4606 ad
1492 4551 1881 4622 consequentia

323 4635 476 4706 signa
509 4639 796 4693 transitum
829 4639 1026 4703 facere,
1054 4649 1108 4697 et
1141 4642 1322 4695 lunam
1345 4642 1634 4698 similiter:
1667 4659 1883 4698 verum;

322 4737 502 4781 tamen
551 4744 648 4783 eos
688 4746 798 4785 non
842 4732 1052 4786 moveri
1081 4739 1273 4786 contra
1301 4734 1600 4801 mundum;
1631 4734 1726 4789 sed
1744 4744 1884 4803 ‘pro-

321 4825 443 4884 pter
475 4820 872 4888 magnitudines
903 4824 1146 4892 superari
1184 4839 1279 4879 eos
1305 4840 1337 4877 a
1359 4824 1570 4894 splnera
1602 4826 1881 4880 stellarum

319 4912 718 4978 inerrantium;
764 4913 941 4969 videri
986 4924 1167 4970 autem
1211 4917 1368 4972 nobis
1400 4917 1455 4971 in
1494 4918 1882 4987 consequentia

318 5002 472 5071 signa
521 5004 809 5059 transitum
855 5005 1005 5059 illum
1049 5007 1161 5061 ﬁeri
1208 5008 1364 5076 juxta
1406 5017 1611 5064 motum
1664 5018 1883 5065 contra-

317 5091 457 5146 rium
486 5110 500 5159 ;
537 5096 630 5149 sed
663 5095 768 5151 hoc
813 5112 924 5151 non
952 5112 1073 5153 esse
1094 5114 1314 5164 verum;
1345 5109 1398 5154 ct
1438 5100 1567 5156 ferri
1607 5104 1798 5168 solem,
1826 5110 1880 5157 et

317 5185 498 5240 lunam
526 5188 595 5242 ab
615 5197 761 5254 ortu,
793 5204 982 5245 versus
1009 5206 1264 5247 occasum
1294 5209 1308 5257 ;
1342 5194 1436 5247 sed
1468 5210 1591 5248 cum
1622 5210 1881 5264 superen-

318 5286 405 5332 tur
450 5294 482 5333 a
533 5283 757 5345 mundo,
815 5291 1103 5353 antequam
1151 5284 1416 5340 circulum
1471 5292 1775 5357 peragrent,
1820 5288 1876 5341 in

316 5375 781 5443 consequentibus
843 5377 1017 5449 signis
1081 5380 1338 5449 Spectari.
1392 5381 1628 5436 Utuntur
1690 5390 1874 5437 autem

315 5460 533 5528 quidam
575 5474 629 5519 et
681 5467 785 5520 bac
825 5468 1202 5525 similitudine.
1234 5469 1291 5524 Si
1339 5473 1481 5526 enim
1526 5474 1744 5545 aliquis,
1790 5476 1875 5530 in-

314 5550 543 5621 quiunt,
597 5556 953 5613 constitueret
1023 5574 1278 5616 cursores
1337 5562 1626 5619 duodecim
1684 5565 1872 5623 eadem

370 5727 414 5763 “
520 5732 584 5801 τῇ
613 5732 765 5784 νυκτὶ
812 5735 844 5803 ἡ
889 5738 1068 5807 μοῖρα.

1989 4200 2252 4253 διίσταται
2279 4200 2417 4271 πρὸς
2446 4199 2728 4269 ἀνατολήν·
2757 4197 2896 4251 ὥστε
2928 4199 2986 4249 ὲν
3021 4197 3116 4267 μιᾷ
3147 4196 3299 4248 νυκτὶ
3333 4193 3547 4265 θεωρεῖ-

1894 4328 1898 4333 ι
1993 4290 2116 4345 σθαι
2147 4292 2246 4361 τὴν
2277 4291 2598 4345 ὑπεναντίαν
2639 4290 2849 4359 κίνησιν
2891 4287 2969 4359 τῷ
2995 4287 3202 4358 κόσμῳ.
3229 4286 3304 4339 Οὑ
3340 4284 3450 4356 γάρ
3475 4285 3546 4346 είς

1988 4385 2115 4447 τοὺς
2138 4383 2577 4456 προηγουμένους
2608 4382 2843 4454 ἀστέρας
2864 4380 3164 4452 προϐαίνει,
3194 4378 3309 4433 ἀλλ’
3328 4379 3408 4442 είς
3428 4379 3543 4440 τοὺς

1913 4483 1958 4538 D
1991 4473 2305 4544 ἑπομένους.

2054 4565 2286 4632 Λέγουσι
2319 4563 2376 4617 δέ
2417 4580 2559 4627 τινες
2594 4564 2673 4627 εἰς
2719 4564 2816 4633 μὲν
2858 4562 2926 4616 τά
2969 4561 3204 4633 ἑπόμενα
3244 4560 3411 4628 ζώδια
3450 4560 3541 4629 τὴν

1986 4658 2282 4727 μετάϐασιν
2312 4655 2551 4725 γίνεσθαι
2583 4655 2661 4726 τῷ
2690 4656 2821 4727 ἡλίῳ
2853 4656 2946 4709 καὶ
2968 4658 3032 4726 τῇ
3058 4655 3271 4727 σελήνῃ·
3309 4655 3384 4727 μὴ
3422 4655 3539 4727 μέν-

1981 4766 2127 4817 τοιγε
2156 4750 2490 4813 ὑπεναντίως
2520 4751 2713 4812 αὐτοὺς
2755 4749 3018 4802 κινεῖσθαι
3058 4748 3133 4820 τῷ
3171 4750 3378 4819 κόσμῳ,
3412 4749 3540 4803 ἀλλά

1981 4841 2069 4894 διὰ
2089 4840 2159 4894 τά
2189 4840 2391 4911 μεγέθη
2423 4840 2808 4895 ὑπολείπεσθαι
2831 4843 3024 4904 αὐτοὺς
3042 4841 3140 4912 τῆς
3163 4840 3271 4894 τῶν
3292 4842 3539 4895 ἀπλανῶν

1979 4933 2224 5005 ἀστέρων
2258 4934 2511 5005 σφαίρας
2539 4933 2712 4987 δοκεῖν
2741 4933 2797 4986 δὲ
2827 4936 2956 5005 ἡμῖν
2976 4936 3056 4998 είς
3082 4934 3151 4987 τά
3175 4935 3416 5005 ἑπόμενα
3434 4934 3536 4988 τῶν

1981 5020 2186 5085 ζωδίων
2217 5022 2315 5093 τὴν
2355 5023 2649 5093 μετάϐασιν
2680 5023 2923 5093 γίνεσθαι
2972 5025 3114 5078 κατὰ
3150 5027 3250 5097 τὴν
3296 5024 3534 5080 ἐναντίαν

1980 5112 2210 5184 κίνησινο
2239 5113 2396 5168 τοῦτο
2416 5113 2472 5167 δὲ
2498 5114 2571 5185 μὴ
2602 5110 2740 5168 εἶναι
2760 5115 2972 5184 ἀληθὲς,
3000 5114 3134 5170 ἀλλά
3160 5114 3415 5185 φέρεσθαι
3441 5116 3532 5186 μὲν

1976 5205 2125 5276 ἥλιον
2158 5206 2251 5259 καὶ
2287 5205 2513 5276 σελήνην
2547 5205 2640 5260 ἀπ’
2672 5205 2931 5277 ἀνατολῆς
2977 5208 3067 5260 ἐπὶ
3097 5207 3276 5260 δύσιν·
3300 5225 3529 5261 κατατα-

1976 5295 2274 5363 χουμένους
2303 5294 2360 5347 δὲ
2386 5295 2489 5347 ὑπὸ
2521 5294 2614 5348 τοῦ
2651 5296 2855 5365 κόσμου
2904 5297 3008 5368 πρὸ
3038 5296 3132 5349 τοῦ
3159 5297 3356 5351 κύκλον
3388 5314 3529 5368 περι-

1973 5383 2216 5455 δραμεῖν,
2241 5386 2297 5437 ὲν
2312 5388 2422 5448 τοῖς
2447 5387 2728 5457 ἑπομένοις
2752 5371 2958 5451 ζωδίοῖς
2987 5387 3323 5458 θεωρεῖσθαι.
3348 5386 3528 5459 Χρῶιῖ-

1973 5491 2061 5528 ται
2092 5474 2150 5528 δέ
2187 5493 2326 5539 τινες
2367 5478 2459 5529 καὶ
2497 5477 2575 5545 τῷ
2614 5476 2917 5548 ὁμοιώματι
2960 5477 3147 5549 τούτῳ.
3191 5479 3252 5532 Εἰ
3285 5480 3394 5549 γάρ
3426 5496 3523 5543 τις,

1975 5566 2157 5635 each,
2190 5567 2529 5638 ὑπεστήσατο
2558 5566 2775 5640 δρομεῖς
2811 5568 2875 5639 ιβ’
2908 5569 3004 5641 ί“σῳ
3028 5569 3178 5641 τάχει
3201 5569 3524 5641 χρωμένους,
