3886 6268
96 343 190 399 825

1166 344 1400 402 GEMINI
1439 342 1808 400 ELEMENTA
1842 341 2336 402 ASTRONOMIE.

3251 348 3354 405 826

98 465 184 519 καὶ
204 458 596 532 ποιουμένους
621 460 712 513 ἐπὶ
741 458 939 514 κύκλου
962 461 1060 531 τὴν
1086 460 1323 533 κίνησιν,
1342 458 1458 517 εἶτα
1491 462 1690 533 μέντοι·

1797 460 2070 517 celeritate
2110 468 2345 522 utentes.
2381 469 2437 517 et
2488 462 2750 522 facientes
2782 465 2838 520 in
2871 466 3077 522 circulo
3124 475 3356 532 motun.

101 574 154 625 γε
183 552 344 609 ἄλλον
373 552 517 607 τινὰ
561 553 662 606 ἕνα
693 552 1015 624 βραδύτερον
1044 555 1101 607 ὲν
1131 554 1315 617 αὑτοῖς
1350 553 1686 625 κινούμενον,

99 646 276 718 ὁμοίαν
305 644 368 699 δὲ
398 644 513 716 τὴν
544 647 760 718 κίνησιν
790 645 974 710 αὐτοῖς
996 646 1315 719 ποιούμενον
1342 647 1434 701 ἐπὶ
1464 645 1684 701 κύκλου*

99 740 229 808 όόξει
258 738 387 809 μὲν,
427 738 1128 810 περικαταλαμϐανόμενος
1144 738 1210 801 ⁸³,
1237 740 1316 802 είς
1342 738 1411 792 τά
1449 739 1691 809 ἑπόμενα

104 829 479 903 μεταϐαίνειν,
536 831 643 884 οὑκ
686 829 837 883 ἔσται
875 830 932 884 δὲ
971 830 1130 884 τοῦτο
1165 831 1258 884 ἐπὶ
1286 830 1384 901 τῆς
1412 829 1687 900 ἀληθείας·

99 921 204 975 ἀλλ’
235 920 451 991 ὁμοίως
509 921 705 984 αὑτοῖς
751 920 1069 991 κινούμενος
1110 920 1200 975 διὰ
1244 921 1345 992 τὴν
1386 921 1691 992 βραδυτῆτα

102 1014 229 1079 δόξει
260 1014 342 1077 εἰς
386 1012 673 1066 τάναντία
715 1012 1001 1068 κινεῖσθαι.
1040 1011 1210 1065 Τοῦτο
1247 1012 1309 1085 δὴ
1350 1013 1445 1067 καὶ
1475 1012 1567 1065 ἐπὶ
1596 1010 1689 1064 τοῦ

102 1107 240 1177 ήλίου
265 1106 363 1158 καὶ
406 1106 515 1158 ἐπὶ
546 1106 652 1177 τῆς
690 1105 921 1176 σελήνης
961 1104 1381 1176 συμϐεϐηκέναι.
1429 1102 1552 1156 Ἐπὶ
1582 1101 1691 1172 7&9

105 1200 163 1253 τά
192 1195 333 1252 αὑτά
368 1196 528 1267 μέρη
564 1196 871 1268 κινούμενοι
900 1195 978 1268 τῷ
1005 1197 1210 1269 κόσμῳ,
1238 1195 1328 1250 διὰ
1359 1195 1458 1267 τὴν
1492 1194 1689 1266 βραδυ-

67 1292 76 1299 ”
104 1292 227 1358 τῆτα
264 1291 347 1353 εἰς
388 1288 465 1343 τὰ
507 1290 763 1359 ἑπόμενα
792 1289 1184 1361 ὑποφέρονται*
1218 1288 1464 1359 καθάπερ
1492 1287 1562 1341 τά
1598 1287 1691 1340 ἐπὶ

108 1383 203 1437 τῶν
242 1381 523 1452 ποταμῶν
577 1381 999 1454 καταφερόμενα
1036 1380 1215 1443 πλοῖα,
1245 1380 1688 1451 προκαταταχού-

110 1493 231 1547 μενα
259 1474 368 1529 ὑπὸ
390 1473 495 1528 τοῦ
523 1478 824 1545 ῥεύματος,
852 1474 1000 1528 δοκεῖ
1016 1476 1095 1538 είς
1114 1473 1182 1528 τά
1205 1474 1380 1528 ὀπίσω
1406 1471 1686 1527 κινεῖσθαι*

111 1567 252 1621 τοῦτο
278 1565 338 1620 δέ
368 1582 514 1635 φασι
538 1567 641 1620 καὶ
666 1568 760 1622 ἐπὶ
778 1566 872 1622 τοῦ
894 1566 1069 1638 ήλίου,
1101 1567 1193 1622 καὶ
1221 1570 1314 1623 ἐπὶ
1341 1569 1440 1639 τῆς
1464 1568 1690 1640 σελήνης

114 1659 445 1731 συμϐαίνειν.

1791 555 1986 611 deinde
2024 571 2153 611 vero
2189 555 2353 608 alium
2391 556 2677 624 quemdam
2703 558 2844 613 inter
2870 558 3018 628 ipsos
3052 559 3265 615 tardius
3293 576 3352 615 se

1793 654 2125 710 moventem,
2158 655 2212 702 et
2239 653 2420 702 tamen
2451 647 2520 704 iis
2552 648 2787 704 similem
2816 658 3022 704 motum
3052 651 3112 705 in
3141 650 3351 705 circulo

1792 737 2080 794 facientem
2118 758 2131 792 :
2161 736 2436 793 videbitur
2462 739 2681 808 quidem
2706 740 2774 805 is,
2803 755 2927 795 cum
2953 741 3348 804 anteveniatur,

1790 827 1848 882 in
1905 827 2295 897 consequentia
2345 828 2602 898 transire,
2651 845 2838 885 verum
2895 846 2962 885 ex
3009 832 3087 887 rei
3125 831 3353 887 veritate

1790 920 1896 976 hoc
1927 936 2034 975 non
2065 922 2167 976 erit
2192 936 2208 987 ;
2240 918 2335 974 sed
2372 936 2495 975 cum
2530 922 2781 978 similiter
2810 930 2973 992 atque
3004 923 3103 993 ipsi
3132 939 3352 979 movea-

1790 1018 1901 1075 tur,
1933 1020 2115 1068 tamen
2151 1023 2372 1084 propter
2408 1013 2720 1070 tarditatem
2749 1014 3020 1071 videbitur
3049 1016 3104 1071 in
3134 1025 3351 1072 contra-

1789 1103 1868 1158 ria
1906 1104 2130 1160 moveri.
2164 1104 2341 1175 Atque
2380 1104 2485 1160 hoc
2527 1105 2668 1161 idem
2704 1115 2759 1162 et
2799 1106 2855 1161 in
2898 1108 3031 1174 sole,
3054 1116 3109 1164 et
3135 1108 3190 1163 in
3223 1094 3352 1164 luna

1789 1194 2123 1266 contingere.
2161 1196 2297 1251 Cum
2331 1196 2475 1252 enim
2510 1213 2702 1253 versus
2741 1199 2958 1255 easdem
2999 1207 3182 1271 partes
3226 1216 3348 1255 cum

1791 1286 1994 1341 mundo
2035 1297 2376 1351 moveantur,
2428 1297 2648 1360 propter
2693 1291 3006 1347 tarditatem
3055 1292 3110 1346 in
3158 1307 3351 1348 cons:-

1788 1378 2009 1448 quentia
2041 1377 2268 1434 inferius
2302 1378 2552 1435 feruntur
2580 1399 2594 1435 :
2631 1381 3086 1451 quemadmodum
3113 1383 3347 1454 navigia,

1788 1481 1910 1536 quae
1939 1467 1995 1521 in
2027 1466 2207 1524 fluviis
2228 1467 2574 1535 deferuntur,
2605 1485 2730 1525 cum
2760 1486 2790 1524 a
2817 1469 2963 1524 ﬂuxu
3000 1478 3346 1540 superantur,

1789 1557 2044 1614 videntur
2067 1565 2213 1614 retro
2239 1558 2389 1615 ferri.
2423 1559 2536 1615 lloc
2568 1568 2747 1616 autem
2783 1561 3033 1632 inquiunt
3060 1569 3114 1616 et
3144 1561 3198 1615 in
3236 1561 3350 1617 sole

1788 1659 1844 1706 et
1870 1649 1927 1705 in
1958 1650 2086 1705 luna
2118 1652 2451 1723 contingere.

171 1771 312 1843 Δῦτη
345 1771 407 1826 δὲ
460 1772 498 1844 ἠ
534 1771 670 1837 δόξα
702 1771 807 1826 ὑπὸ
840 1770 1048 1825 πολλῶν
1089 1772 1389 1842 φιλοσόφων
1428 1772 1689 1845 εἰρημένη

1860 1763 1930 1818 At
1981 1764 2099 1819 haec
2143 1763 2350 1835 opinio,
2408 1765 2511 1820 etsi
2564 1780 2595 1818 a
2647 1764 2834 1820 multis
2884 1763 3219 1835 philosophis
3263 1771 3349 1820 est

115 1863 434 1935 ἀσύμφωνος
469 1864 600 1917 ἔστι
638 1866 756 1927 τοῖς
797 1865 1162 1935 φαινομένοις
1195 1866 1245 1918 εἰ
1272 1864 1382 1936 γὰρ
1412 1865 1531 1919 καθ’
1560 1863 1689 1919 ὑπό-

117 1955 274 2024 λειψιν
297 1953 609 2016 ἐκινοῦντο,
641 1955 1195 2027 ὑποφερομένων-τῶν
1223 1957 1487 2028 σωμάτων
1510 1957 1598 2010 διὰ
1619 1955 1689 2010 τὰ

120 2046 327 2117 μεγέθη,
354 2045 469 2100 ἔδει
505 2045 656 2100 κατά
681 2047 1055 2118 παραλλήλους
1092 2047 1324 2111 κύκλους
1351 2048 1451 2120 τήν
1482 2047 1690 2102 ὑπόλει-

121 2136 201 2205 ψιν
220 2136 489 2206 γίνεσθαιο
525 2136 788 2208 καθάπερ
822 2138 916 2192 καὶ¹
945 2139 993 2191 οἱ
1018 2138 1275 2201 ἀπλανεῖς
1299 2137 1526 2209 ἀστέρες
1548 2137 1686 2192 πάν-

121 2245 198 2292 τες
216 2229 306 2282 ἐπὶ
330 2226 710 2299 παραλλήλων
734 2228 948 2283 κύκλων
972 2229 1246 2301 φέρονται,
1275 2228 1364 2282 διά
1383 2229 1444 2283 τὺ
1475 2229 1570 2282 καὶ
1590 2230 1687 2299 τὴν

125 2319 204 2373 τοῦ
235 2320 440 2390 κόσμου
472 2320 657 2391 φοράν
681 2319 969 2387 ἐγκύκλιον
995 2316 1134 2374 εἶναι
1177 2320 1272 2374 ἀπ’
1308 2321 1567 2391 ἀνατολῆς
1594 2320 1687 2374 ἐπὶ

126 2411 275 2467 δύσιν.
308 2412 448 2464 Νυνὶ
490 2411 555 2465 δὲ
594 2410 696 2480 οὐχ
733 2410 1111 2465 ὑπολείπονται
1148 2410 1290 2464 κατά
1316 2410 1688 2482 παραλλήλους

130 2501 356 2564 κύκλους⁵
395 2502 516 2556 ἀλλ’
545 2505 579 2557 ὁ
632 2502 731 2573 μὲν
778 2502 951 2573 ἥλιος,
990 2502 1084 2555 ἐπὶ
1124 2501 1217 2556 τοῦ
1251 2502 1340 2557 διὰ
1374 2503 1553 2573 μέσων
1577 2502 1687 2556 τῶν

133 2593 315 2654 ζωδίων
343 2593 552 2647 κύκλου
580 2593 921 2664 κινούμενος,
955 2594 1070 2665 ἅμα
1100 2596 1193 2648 καὶ
1210 2594 1308 2665 τὴν
1330 2593 1473 2648 κατά
1489 2593 1688 2659 πλάτος

135 2682 341 2753 πάροδον
361 2687 612 2737 ποιεῖται
645 2684 752 2738 ἀπὸ
771 2684 987 2757 τροπῶν
1020 2686 1112 2739 ἐπὶ
1141 2684 1365 2755 τροπάς*
1395 2685 1470 2747 ὡς
1498 2684 1587 2749 ἂν,
1610 2681 1688 2738 οἷο

137 2791 237 2842 μαι,
272 2774 403 2839 ιδίας
435 2776 804 2848 ὑπαρχούσης
836 2774 985 2846 αὑτῴ
1014 2777 1111 2846 τῆς
1147 2777 1428 2847 κινήσεως,
1457 2777 1556 2846 τῆς
1586 2775 1685 2846 μὲν

138 2865 212 2917 ἀπ’
233 2862 497 2938 ἀνατολῆς
513 2868 615 2920 ἐπὶ
639 2866 811 2931 δύσιν,
839 2871 938 2938 τῆς
973 2865 1030 2919 δὲ
1071 2865 1179 2919 ἀπὸ
1210 2864 1415 2928 δύσεως
1439 2865 1526 2917 ἐπ’
1551 2866 1685 2918 ἀνα-

137 2954 289 3027 τολήν·
330 2959 363 3027 ή
406 2957 465 3011 δὲ
499 2958 703 3029 σελήνη
748 2959 805 3011 ὲν
836 2958 943 3029 ὅλῳ
969 2957 1048 3029 τῷ
1074 2956 1264 3011 πλάτει
1294 2954 1388 3009 τοῦ
1422 2953 1685 3018 ζωδιακοῦ

140 3046 314 3102 κύκλου
337 3051 436 3119 τὴν
465 3050 710 3124 πάροδον
734 3053 985 3104 ποιεῖται.
1013 3048 1176 3103 Οὐδὲν
1200 3047 1257 3101 δὲ
1278 3046 1387 3100 τῶν
1410 3045 1530 3100 καθ’
1557 3045 1687 3100 ὑπό-

1787 1853 1952 1918 dicta,
2006 1861 2186 1910 tamen
2229 1871 2337 1911 non
2389 1855 2640 1925 congruit
2697 1870 2819 1910 cum
2870 1856 3247 1925 apparentiis;
3301 1856 3346 1909 si

1787 1944 1930 2000 enim
1948 1945 2103 2014 juxta
2128 1946 2438 2015 hujusmodi
2470 1947 2807 2001 relictionem
2833 1957 3199 2011 moverentur,
3222 1963 3346 2002 cum

1787 2049 2015 2103 corpora
2050 2037 2140 2090 illa
2181 2037 2411 2093 inferius
2453 2044 2794 2102 moveantur,
2826 2046 3049 2108 propter
3078 2039 3349 2109 magnitu-

1789 2126 2004 2181 tudines
2042 2128 2328 2197 Oportebat
2366 2129 2422 2182 in
2463 2128 2734 2199 parallelis
2775 2128 2997 2184 circulis
3042 2128 3183 2183 hanc
3222 2130 3349 2185 reli-

1787 2219 2021 2274 ctionem
2056 2221 2171 2275 ﬁeri
2199 2239 2213 2289 ;
2244 2222 2702 2290 quemadmodum
2739 2231 2793 2278 et
2839 2225 3005 2280 stella:
3043 2223 3347 2293 inerrantes

1787 2326 1976 2368 omnes
2019 2316 2074 2368 in
2126 2315 2402 2384 parallelis
2444 2316 2668 2373 circulis
2726 2316 2977 2372 feruntur
3026 2334 3040 2370 :
3091 2335 3157 2374 eo
3201 2317 3348 2388 quod

1786 2414 1841 2460 et
1893 2404 2082 2459 mundi
2156 2413 2337 2461 motus
2397 2416 2483 2463 est
2531 2409 2814 2463 circularis
2862 2410 2931 2465 ab
2982 2416 3105 2464 ortu
3154 2424 3347 2465 versus

1785 2514 2061 2555 occasum.
2083 2499 2152 2554 At
2174 2514 2283 2555 non
2310 2500 2691 2570 relinquuntur
2712 2500 2766 2554 in
2791 2500 3064 2571 parallelis
3085 2501 3307 2555 circulis
3331 2518 3345 2565 ;

1786 2591 1882 2646 sed
1913 2591 1993 2646 sol
2025 2605 2149 2645 cum
2186 2591 2239 2644 in
2271 2591 2479 2646 circulo
2513 2607 2609 2661 per
2642 2591 2818 2646 media
2849 2592 3001 2661 signa
3031 2602 3348 2648 transeunte

1784 2688 2089 2745 moveatur,
2112 2682 2274 2737 simul
2304 2684 2469 2737 etiam
2515 2684 2815 2738 secundum
2856 2683 3192 2738 latitudinem
3218 2682 3350 2737 facit

1785 2781 1993 2829 motum
2019 2789 2051 2827 a
2079 2774 2315 2830 solstitio
2356 2774 2424 2829 ad
2467 2775 2758 2830 solstitium
2793 2790 2806 2826 :
2843 2774 3007 2845 quod,
3041 2783 3101 2829 ut
3132 2773 3345 2843 opinor,

1785 2866 2039 2935 pr0prins
2066 2865 2117 2921 ei
2151 2866 2222 2920 sit
2252 2876 2430 2922 motus
2460 2866 2550 2921 hic
2591 2868 2658 2923 ab
2688 2876 2812 2923 ortu
2843 2883 3033 2924 versus
3058 2881 3346 2932 occasum;

1787 2956 1878 3010 ille
1920 2957 1990 3011 ab
2040 2971 2242 3013 occasu
2288 2974 2483 3015 versus
2526 2968 2746 3025 ortum;
2782 2960 2907 3014 luna
2957 2973 3083 3014 vero
3133 2959 3185 3011 in
3232 2964 3346 3010 tota

1786 3045 2071 3102 latitudine
2115 3047 2324 3103 zodiaci
2372 3047 2563 3103 circuli
2611 3055 2813 3103 motum
2854 3047 3001 3102 facit.
3044 3044 3188 3100 Nihil
3219 3061 3348 3100 vero

140 3137 289 3208 λειψιν
325 3140 754 3212 ὑποφερομένων
785 3140 902 3210 ἅμα
941 3137 1161 3192 δύναται
1190 3135 1332 3190 κατά
1362 3136 1562 3199 πλάτος
1594 3152 1681 3189 κι-

1789 3151 1970 3190 eorum
2012 3152 2134 3207 quae
2172 3138 2471 3192 secundum
2506 3137 2841 3192 relictionem
2874 3135 3141 3198 feruntur,
3186 3135 3348 3191 simul

141 3230 339 3285 νεῖσθαι*
377 3233 495 3286 ἀλλ’
525 3232 736 3302 ὀφείλει
768 3230 910 3286 κατά
932 3230 1029 3302 τὴν
1050 3228 1144 3283 τοῦ
1171 3230 1374 3301 κόσμου
1401 3228 1570 3300 φορὰν
1591 3226 1689 3297 τὴν

149 3322 400 3394 amatory
445 3322 746 3379 ποιεῖσθαι.
804 3322 1040 3392 Ἐλέγχει
1084 3320 1140 3374 δὲ
1182 3321 1281 3392 τὴν
1319 3319 1477 3387 δόξαν
1519 3318 1689 3390 ψευδῆ

144 3414 462 3485 ὑπάρχουσαν
494 3415 734 3487 μάλιστα
768 3414 984 3468 πάντων
1014 3414 1048 3482 ή
1073 3413 1201 3484 περὶ
1223 3413 1347 3474 τοὺς
1370 3411 1532 3463 πέντε
1557 3410 1691 3464 πλά-

146 3521 285 3573 νητας
324 3507 562 3578 ἀστέρας
607 3506 841 3576 κίνησις·
888 3506 1080 3558 ἐκεῖνοι
1103 3502 1211 3573 γὰρ
1240 3502 1329 3555 ὁτὲ
1354 3502 1451 3572 μὲν
1476 3501 1689 3555 ὑπολεί-

149 3613 311 3649 πονται
335 3597 443 3652 τῶν
483 3597 746 3653 ἀπλανῶν
775 3595 1043 3667 ἀστέρων,
1074 3594 1163 3648 ὁτὲ
1198 3593 1254 3646 δὲ
1301 3590 1685 3663 προηγοῦνται·

148 3686 220 3739 ὁτὲ
255 3688 307 3741 δὲ
347 3690 485 3744 κατὰ
527 3691 663 3753 τοὺς
691 3688 886 3751 αὑτοὺς
920 3685 1156 3757 ἀστέρας
1213 3683 1493 3755 μένουσινσ
1545 3683 1594 3735 οἱ
1634 3681 1691 3734 δὲ

150 3783 228 3831 καὶ
267 3781 550 3836 καλοῦνται
601 3779 910 3853 στηριγμοί.
965 3776 1229 3846 Τοιαύτης
1256 3774 1313 3828 δὲ
1341 3772 1692 3844 ὑπαρχούσης

153 3869 260 3938 περὶ
292 3872 480 3936 αὑτοὺς
523 3872 631 3940 τῆς
670 3871 962 3939 κινήσεως,
1009 3865 1258 3938 φανερὸν,
1298 3864 1381 3916 ὅτι
1414 3863 1447 3931 ἡ
1489 3861 1581 3914 ἐπὶ
1624 3859 1693 3913 τὰ

155 3960 363 4032 ἑπόμενα
409 3964 712 4035 μετάϐασις
748 3962 810 4015 οὑ
851 3959 1054 4029 γίνεται
1105 3957 1247 4012 κατά
1279 3953 1578 4023 ὑπόλειψιψ
1605 3951 1691 4005 διὰ

157 4056 327 4119 παντὸς
356 4058 462 4128 γάρ
497 4058 565 4113 ἂν
594 4054 961 4111 ὑπελείποντο.
998 4052 1133 4105 Νυνὶ
1158 4050 1215 4103 δὲ
1237 4048 1340 4102 ἰδία
1370 4047 1453 4110 τίς
1484 4048 1630 4099 ἐστιν
1656 4045 1690 4114 ή

156 4147 264 4216 περὶ
294 4148 517 4205 ἕκαστον
561 4146 932 4220 σφαιροποιία,
970 4143 1092 4198 καθ’
1123 4143 1189 4214 ῆν
1224 4141 1352 4195 ποτὲ
1386 4140 1482 4211 μὲν
1519 4140 1597 4202 εἰς
1623 4135 1689 4190 τὰ

159 4235 368 4307 ἑπόμενα
386 4241 803 4311 ρμεταϐαἱνουσι,
838 4238 969 4291 ποτὲ
993 4237 1051 4290 δὲ
1082 4237 1162 4298 είς
1194 4235 1261 4288 τά
1283 4228 1686 4303 προηγούμενα,

158 4330 268 4381 ποτε
286 4331 340 4384 δὲ
366 4333 732 4403 στηρίζουσιν.
761 4330 915 4385 Οὕτω
932 4328 996 4399 δὴ
1028 4328 1121 4380 καὶ
1142 4326 1268 4394 περὶ
1287 4324 1377 4377 τὸν
1400 4321 1570 4392 ἥλιον.
1596 4322 1690 4373 καὶ

160 4418 267 4487 περὶ
286 4419 377 4491 τὴν
408 4421 636 4493 σελήνην
665 4420 772 4473 ἰδία
799 4418 884 4481 τίς
912 4419 1026 4470 ἐστι
1059 4415 1152 4469 καὶ
1196 4411 1570 4485 προαιρετική,
1596 4410 1689 4463 καὶ

161 4509 280 4564 κατὰ
304 4512 456 4581 φύσιν
489 4517 525 4586 ή
554 4516 682 4584 περὶ
711 4512 910 4574 πλάτος
935 4509 1169 4580 κίνησις,
1199 4505 1321 4559 καθ’
1358 4504 1425 4575 ἢν
1469 4502 1577 4556 ἀπὸ
1602 4501 1692 4555 δύ-

164 4615 277 4666 σεως
295 4603 375 4656 ἐπ’
397 4606 657 4676 ἀνατολὴν
692 4603 995 4674 κινούμενοι
1018 4602 1118 4670 τὴν
1152 4599 1292 4654 κατά
1318 4597 1518 4660 πλάτος
1551 4596 1693 4667 πάρ-

150 4690 259 4745 ὀδῦν
287 4694 571 4750 ποιοῦνται.
604 4697 728 4749 Ὀτι
768 4693 826 4746 δὲ
870 4694 931 4746 οὑ
975 4690 1237 4746 δύνανται·
1257 4686 1377 4742 καθ’
1415 4683 1694 4753 ὑπόλειψιν

165 4783 230 4843 εἰς
248 4782 310 4837 τὰ
338 4786 574 4858 ἑπόμενα
598 4788 705 4839 τῶν
727 4784 931 4849 ζωδίων
953 4782 1052 4854 τὴν
1080 4779 1375 4852 μετάϐασιν
1402 4775 1691 4840 ποιεῖσθαι,
1728 4774 1737 4789 ⁸

167 4876 368 4946 φανερὸν
393 4880 484 4932 καὶ
515 4880 582 4934 ὲκ
609 4878 702 4933 τοῦ
734 4879 810 4950 μὴ
835 4875 1094 4944 ἀνάλογον
1124 4874 1235 4936 τοῖς
1261 4870 1532 4942 μεγέθεσι,
1561 4866 1694 4939 μηδὲ

168 4964 260 5026 τοῖς
289 4966 622 5041 ἀποστήμασι
651 4971 751 5033 τάς
792 4967 1118 5039 μεταϐάσεις
1161 4962 1423 5032 γίνεσθαι.
1475 4962 1539 5013 Et
1584 4957 1694 5030 7&9

167 5051 240 5107 διὰ
258 5057 321 5110 τὰ
343 5062 538 5133 μεγέθη
564 5063 670 5115 τῶν
697 5061 960 5132 σωμάτων
988 5056 1339 5128 ὑπεφέροντο,
1364 5050 1693 5124 βραδυτέραν

173 5140 358 5210 ἔχοντες
378 5149 482 5203 τῶν
500 5152 753 5206 ἀπλανῶν
773 5151 1016 5222 ἀστέρων
1044 5148 1274 5218 κίνησιν,
1305 5145 1410 5198 ἔδει
1437 5143 1693 5210 ἀνάλογον

171 5233 265 5294 τοῖς
295 5238 532 5305 μεγέθεσι
569 5243 663 5296 καὶ
707 5244 817 5303 τοῖς
863 5239 1209 5308 ἀποστήμασι
1244 5234 1343 5299 τὰς
1385 5232 1693 5302 ὑπολείψεις

176 5320 403 5385 γίνεσθαι·
431 5331 502 5402 μὴ
522 5334 801 5404 γινομένου
823 5332 878 5385 δὲ
893 5330 1103 5392 τούτου,
1123 5329 1333 5398 ἀνάγκη
1355 5328 1531 5396 λέγειν
1554 5325 1696 5380 κατά

174 5410 311 5477 φύσιν
332 5417 458 5476 εἶναι
481 5429 587 5490 τοῖς
611 5424 975 5496 πλανωμένοις
1000 5422 1230 5493 ἀστῆρσι
1249 5421 1348 5491 τὴν
1373 5418 1695 5474 ὑπεναντίαν

169 5501 376 5575 κίνησιν.
410 5514 542 5586 Ἤδη
574 5516 864 5588 μέντοιδιά
907 5516 1001 5586 τὴν
1037 5514 1164 5567 ἰδίαν
1208 5511 1435 5567 ἑκάστου
1475 5527 1694 5567 σωαιοο-

265 5730 303 5764 ⁸³
330 5733 365 5801 Ῑι
392 5742 752 5817 προκαταλαμ.

1788 3234 1967 3297 potest
2012 3229 2306 3284 secundum
2360 3230 2698 3286 latitudinem
2753 3231 3002 3295 moveri;
3054 3226 3147 3283 sed
3190 3226 3348 3281 debet

1788 3320 2088 3373 secundum
2126 3319 2311 3375 mundi
2345 3331 2551 3375 motum
2587 3320 2924 3376 relictionem
2962 3319 3109 3373 illam
3147 3317 3347 3373 facere.

1787 3410 2079 3467 Convincit
2122 3421 2301 3469 autem
2341 3413 2482 3469 hanc
2523 3414 2855 3485 Opinionem,
2905 3411 3047 3482 quod
3091 3410 3223 3467 falsa
3253 3411 3348 3473 sit,

1789 3505 2023 3559 maxime
2071 3504 2315 3559 omnium
2357 3512 2535 3561 motus
2578 3505 2818 3575 quinque
2859 3504 3236 3574 planetarum;
3269 3501 3348 3555 illi

1788 3594 1931 3647 enim
1963 3593 2235 3649 interdum
2262 3595 2643 3665 relinquuntur
2667 3595 2735 3649 ab
2761 3594 3127 3649 inerrantihus
3155 3591 3346 3658 stellis,

1789 3681 2060 3737 interdum
2098 3685 2410 3753 praecedunt
2454 3700 2591 3753 eas;
2632 3683 2904 3740 interdum
2949 3683 3090 3754 apud
3129 3680 3346 3737 easdem

1789 3775 1977 3832 stellas
2027 3784 2249 3832 manent
2299 3797 2313 3832 :
2364 3793 2486 3847 quae
2533 3779 2696 3833 etiam
2752 3777 3017 3832 stationes
3062 3784 3346 3830 vocantur.

1790 3863 1938 3921 Talis
1967 3881 2092 3921 cum
2136 3876 2315 3925 motus
2352 3870 2424 3923 sit
2470 3870 2835 3944 planetarum,
2862 3866 3208 3922 manifestum
3241 3871 3344 3928 est,

1792 3959 1933 4027 quod
1981 3960 2248 4016 transitus
2277 3962 2332 4015 in
2361 3963 2746 4032 consequentia
2779 3978 2889 4017 non
2922 3962 3015 4016 ﬁat
3049 3958 3347 4016 secundum

1789 4050 2142 4107 relictionem.
2178 4052 2405 4123 Semper
2433 4056 2578 4108 enim
2621 4054 2778 4123 quasi
2816 4069 2846 4107 a
2882 4060 3033 4123 tergo
3082 4050 3349 4119 relinque-

1787 4140 2042 4196 retur.At
2062 4158 2205 4197 nunc
2229 4145 2494 4213 cujusque
2511 4154 2591 4199 est
2613 4145 2830 4214 propria
2851 4144 3093 4212 quaedam
3115 4141 3347 4210 sphaera,

1790 4234 2088 4288 secundum
2135 4249 2298 4303 quam
2344 4250 2493 4290 nunc
2535 4235 2592 4288 in
2643 4232 3035 4302 consequentia
3095 4228 3344 4290 tendunt,

1788 4338 1935 4378 nunc
1969 4324 2022 4377 in
2058 4322 2454 4390 antecedentia,
2487 4338 2634 4377 nunc
2673 4338 2803 4377 vero
2842 4330 2969 4377 sunt
3005 4318 3343 4375 stationales.

1795 4414 1886 4471 Sic
1921 4417 2086 4487 igitur
2115 4423 2169 4470 et
2196 4415 2328 4470 solis
2382 4421 2436 4470 et
2467 4416 2607 4470 lunae
2652 4414 2904 4484 proprius
2931 4418 3015 4467 est
3047 4410 3263 4479 aliquis,
3292 4412 3351 4463 et

1793 4509 2079 4570 electivus,
2104 4513 2160 4562 et
2200 4508 2467 4563 naturalis
2512 4507 2811 4563 secundum
2855 4502 3193 4558 latitudinem
3230 4518 3347 4557 mo-

1793 4611 1879 4659 tus
1904 4620 1918 4669 ;
1955 4603 2253 4659 secundum
2283 4616 2442 4674 quem
2473 4615 2594 4655 cum
2624 4599 2692 4654 ab
2718 4612 2916 4654 occasu
2945 4610 3138 4651 versus
3169 4601 3347 4648 ortum

1791 4696 2098 4753 moventur,
2128 4689 2293 4744 simul
2341 4688 2492 4742 illum
2536 4686 2836 4742 latitudinis
2884 4693 3089 4740 motum
3117 4683 3345 4737 faciunt.

1791 4779 1947 4847 Quod
1994 4796 2122 4836 vero
2164 4796 2271 4835 non
2314 4781 2522 4849 possint
2567 4777 2865 4834 secundum
2909 4776 3242 4831 relictionem
3293 4774 3348 4828 in

1790 4870 2178 4941 consequentia
2224 4871 2380 4941 signa
2414 4883 2756 4940 progressum
2797 4868 2996 4932 facere,
3027 4866 3191 4921 etiam
3222 4865 3348 4919 hinc

1790 4971 1875 5018 est
1907 4961 2252 5018 manifestum
2282 4960 2427 5032 quod
2462 4977 2569 5016 non
2595 4968 2958 5031 congruenter
2986 4974 3108 5014 cum
3136 4958 3347 5028 magni-

1793 5055 2103 5119 tudinibus,
2169 5070 2347 5123 neque
2402 5067 2526 5108 cum
2583 5051 2862 5108 distantiis
2914 5050 2970 5105 hi
3022 5064 3349 5120 progressus

1793 5144 1944 5199 ﬁant.
1979 5144 2034 5199 Si
2077 5144 2221 5199 cnim
2265 5154 2482 5213 propter
2527 5141 2927 5212 magnitudines
2951 5154 3240 5209 corporum
3268 5139 3350 5192 in-

1793 5236 1960 5293 ferius
1992 5244 2358 5299 moverentur,
2385 5250 2510 5289 cum
2541 5234 2773 5288 habeant
2805 5232 3095 5287 tardiorem
3141 5237 3348 5286 motum

1790 5344 1952 5398 quam
1987 5328 2156 5383 stellae
2186 5325 2510 5389 inerrantes,
2542 5325 2823 5394 oportebat
2843 5329 3201 5392 congruenter
3223 5335 3348 5375 cum

1792 5418 2257 5491 magnitudinibus
2282 5426 2336 5473 et
2365 5434 2488 5473 cum
2522 5417 2797 5474 distantiis
2834 5416 3144 5471 relictiones
3188 5412 3301 5468 ﬁeri
3332 5428 3349 5479 ;

1791 5512 1895 5568 hoc
1939 5527 2059 5568 cum
2108 5526 2214 5565 non
2250 5512 2364 5579 tiat,
2410 5524 2636 5566 necesse
2680 5517 2763 5565 est
2813 5508 3013 5571 dicere,
3046 5505 3346 5564 secundum
