3886 6268
492 318 603 379 827
1517 318 1861 374 APPE‘NDIX
1892 316 1981 370 AD
2022 313 2293 370 EUSEBII
2330 315 2740 374 CHBONICON.
3685 307 3773 364 828

497 428 750 488 naturam
799 448 922 493 esse
973 435 1282 491 errantibus
1313 435 1488 490 stellis
1535 435 1870 488 contrarium
1909 434 2105 489 illuml

2211 430 2343 484 οιίαν
2373 432 2659 504 διαφόρους
2711 427 3019 501 συμϐέϐηκε
3065 425 3175 491 τὰς
3239 420 3600 494 μεταϐάσεις
3644 418 3774 488 γίνε-

497 532 726 581 motum.
743 522 861 577 Jam
888 532 1034 580 certe
1058 533 1278 596 propter
1302 527 1571 597 propriam
1597 527 1863 597 cujusque
1891 527 2063 598 sphas-
2167 520 2309 577 σθαι.

498 632 618 675 ram
649 619 917 689 contingit
944 618 1192 675 diversos
1220 620 1335 675 ﬁeri
1369 636 1713 691 progressus.

1027 741 1134 811 27
1164 739 1392 795 CAPUT
1448 739 1538 794 x1.

923 853 1001 909 De
1029 854 1229 909 ortibus
1264 863 1315 908 et
1356 854 1644 910 occasibus.

574 966 807 1023 Mundus
846 983 970 1022 cum
1013 976 1261 1022 movetur
1306 969 1375 1022 ab
1403 978 1526 1022 ortu
1564 984 1753 1024 versus
1788 982 2065 1034 occasum,

2685 741 3077 796 ΚΕΦΑΛΑΙΟΝ
3108 740 3230 793 IA'.

2500 859 2639 926 Περὶ
2669 853 2979 911 ἀνατολῶν
3005 855 3101 907 καὶ
3137 846 3452 918 δυσμῶν.

2251 975 2310 1027 '0
2348 975 2573 1043 κόσμος,
2621 971 2937 1042 κινούμενος
2986 971 3082 1023 ἀπ’
3126 963 3439 1033 ἀνατολῆς
3486 960 3583 1012 ἐπὶ
3619 961 3765 1024 δύσιν,

503 1058 593 1113 die
611 1066 666 1112 et
685 1070 843 1113 nocte
864 1059 1170 1114 restituitur
1192 1062 1259 1114 ab
1282 1068 1404 1114 ortu
1424 1076 1613 1115 versus
1633 1068 1810 1114 ortum
1829 1081 1841 1115 :
1859 1061 1912 1114 in
1940 1076 2071 1116 con-

2214 1065 2355 1137 μέρα
2398 1065 2493 1118 καὶ
2531 1064 2688 1116 νυκτὶ
2736 1061 3174 1116 ἀποκαθίσταται
3232 1056 3341 1110 ἀπ’
3400 1052 3669 1123 ἀνατολῆς
3695 1054 3768 1105 ἐπ’

505 1149 764 1203 versione
810 1159 991 1204 autem
1045 1150 1233 1203 mundi
1277 1165 1467 1205 omnes
1502 1151 1673 1205 stellae
1721 1150 1967 1220 quotidie
2019 1157 2073 1205 et

2211 1156 2458 1226 νατολὴν.
2499 1156 2587 1209 Ἐν
2610 1155 2665 1207 δὲ
2701 1158 2767 1225 τῇ
2802 1152 2894 1207 τοῦ
2931 1154 3135 1223 κόσμου
3178 1149 3558 1220 περιστροφῇ
3592 1148 3761 1209 πάντες

507 1243 764 1295 oriuntur
793 1252 848 1296 et
894 1241 1178 1297 occidunt.
1213 1241 1279 1295 Et
1314 1250 1470 1297 ortus
1498 1243 1716 1312 quidem
1746 1252 1829 1299 est
1859 1241 2074 1313 appari-

2211 1250 2222 1301 ί
2255 1250 2480 1318 ἀστέρες
2510 1247 2630 1300 καθ’
2655 1246 2888 1316 ἑκάστην
2908 1247 3117 1317 ἡμέραν
3151 1244 3266 1298 καὶ
3300 1238 3665 1293 ἀνατέλλουσι
3690 1242 3760 1290 καὶ

511 1334 587 1387 tio
613 1349 779 1403 supra
809 1334 1147 1388 horizontem
1175 1353 1189 1400 ;
1220 1350 1451 1390 occasus
1480 1350 1609 1389 vero
1651 1345 1735 1389 cst
1760 1334 2071 1397 occultatio,

2211 1338 2406 1392 ύνουσι.
2446 1338 2553 1389 Καὶ
2578 1336 2722 1389 ἔστιν
2751 1334 2980 1406 ἀνατολὴ
3012 1335 3106 1405 μὲν
3140 1334 3180 1403 ἡ
3221 1330 3361 1385 καθ’
3385 1329 3629 1397 ἑκάστην
3656 1329 3764 1397 ἡμέ-

512 1442 634 1495 qua:
678 1427 924 1495 quotidie
970 1428 1028 1480 ﬁt
1085 1427 1229 1480 infra
1283 1428 1645 1481 horizontem.
1692 1426 1864 1480 Aliter
1894 1433 2074 1479 autem

2214 1446 2277 1482 αν
2322 1428 2579 1498 γινομένη
2618 1428 2753 1499 πρὸς
2781 1427 2871 1480 τὸν
2914 1427 3162 1497 ὁρίζοντα
3223 1423 3412 1491 φάσις
3444 1419 3524 1454 ⁸³·
3555 1420 3694 1482 δύσις
3717 1419 3762 1472 δι

510 1518 768 1572 dicuntur
810 1518 1051 1589 ὲπιτολὴ,
1099 1517 1192 1570 καὶ
1225 1518 1443 1589 κρύψις,
1478 1518 1531 1571 id
1580 1526 1665 1572 cst
1692 1517 1978 1587 apparitio,
2022 1522 2077 1571 et

2243 1516 2362 1596 καθ’
2394 1518 2626 1586 ἑκάστην
2670 1515 2881 1588 ἡμέραν
2922 1515 3184 1586 γινομένη
3227 1511 3347 1565 ὑπὸ
3401 1509 3499 1562 τὸν
3541 1509 3759 1579 ὁρίζοντα

512 1611 839 1676 occultatio;
882 1626 1004 1680 qua:
1046 1612 1293 1664 nonnulli
1338 1627 1402 1664 ex
1435 1611 1736 1680 ignorantia
1778 1609 2078 1665 secundum

2211 1609 2394 1681 p'ii'ftg.
2429 1607 2638 1670 ’Ἄλλως
2687 1608 2744 1660 δὲ
2784 1606 3031 1674 λέγονται
3084 1602 3360 1658 ὲπιτολαὶ
3406 1602 3507 1654 καὶ
3539 1600 3756 1669 κρύψεις,

511 1697 763 1752 eumdem
791 1714 1013 1753 sensum
1047 1708 1241 1769 putant
1275 1701 1402 1754 dici.
1435 1699 1528 1753 Est
1555 1711 1735 1753 autem
1758 1713 1953 1768 magna
1975 1697 2080 1752 dif-

2179 1700 2399 1767 agévcoc
2423 1700 2742 1767 ἀγνοοῦντες
2774 1697 2915 1751 κατά
2936 1697 3033 1767 τὴν
3064 1695 3245 1766 αὐτὴν
3284 1693 3510 1747 ἔννοιαν
3540 1691 3753 1761 ὑπολαμ-

516 1791 746 1846 ferontia
792 1792 936 1846 inter
979 1793 1243 1862 ἀνατολήν
1289 1802 1341 1847 et
1381 1793 1654 1862 ἐπιτολήν.
1699 1790 1948 1861 Ἀνατολὴ
1995 1798 2081 1845 est.
2111 1773 2153 1827 Β
2184 1795 2403 1848 δάνουσι
2438 1793 2708 1861 λέγεσθαι.
2736 1792 2962 1860 Μεγάλη
2995 1790 3051 1843 δέ
3080 1793 3203 1844 ἐστι
3239 1786 3496 1856 διαφορά
3527 1785 3756 1854 ἀνατολῆς

515 1890 672 1937 ortus
712 1882 822 1945 ille,
858 1882 925 1938 de
968 1884 1208 1952 quojam
1247 1882 1451 1937 dictum
1489 1890 1593 1936 est.
1639 1880 1707 1936 At
1737 1881 1955 1952 ὲπιτολή
2000 1888 2083 1935 est

517 1974 610 2027 illa
655 1972 723 2027 ad
757 1973 1096 2028 horizontem
1137 1974 1426 2043 apparitio,
1458 1988 1580 2043 quae
1609 1973 1917 2027 desumitur
1960 1986 2085 2026 cum

518 2062 776 2117 distantia
812 2077 843 2115 a
888 2062 1024 2119 sole.
1061 2061 1259 2116 Eadem
1292 2062 1595 2116 ditfcrentia
1628 2069 1711 2117 est
1739 2062 1878 2116 inter
1905 2062 2083 2127 δύσιν,

521 2152 576 2206 id
618 2158 702 2206 est
742 2166 1018 2217 occasum,
1063 2160 1118 2207 et
1161 2151 1380 2222 κρύψιν,
1415 2151 1469 2205 id
1517 2160 1603 2207 est
1645 2152 2080 2206 occultationem.

519 2245 693 2299 Aliter
724 2245 869 2298 enim
908 2245 1109 2297 dicitur
1150 2244 1319 2308 δύσις,
1366 2258 1620 2307 occasus,
1661 2245 1754 2313 qui
1794 2252 1878 2298 est
1910 2245 2091 2313 quoti-

522 2335 684 2388 diana
742 2334 888 2389 infra
942 2335 1278 2389 horizontem
1338 2336 1631 2390 occultatio
1681 2355 1694 2390 :
1758 2336 1914 2391 aliter
1960 2351 2089 2391 vero

521 2426 741 2498 κρύψις,
775 2427 829 2480 id
857 2435 940 2481 est
972 2427 1267 2481 occultatio
1330 2444 1453 2497 quae
1493 2428 1552 2482 lit
1585 2429 1750 2484 simul
1788 2439 1845 2485 et
1891 2429 1961 2484 ad
1991 2430 2089 2483 ho-

522 2520 789 2575 rizontem
813 2529 866 2574 et
891 2519 958 2573 ad
979 2521 1173 2577 solem.
1648 2591 1658 2601 _

596 2611 734 2666 Sunt
768 2620 948 2666 autem
975 2609 1246 2681 cujusque
1270 2612 1440 2667 stellae
1467 2622 1620 2668 ortus
1654 2613 1790 2679 duo;
1826 2614 1918 2667 alii
1946 2615 2090 2669 enim

524 2699 782 2754 dicuntur
820 2701 1097 2764 matutini,
1133 2701 1227 2758 alii
1268 2703 1585 2770 vespertini.
1615 2702 1911 2759 Matutinus
1940 2712 2094 2759 ortus

528 2802 633 2858 est,
664 2808 787 2846 cum
829 2793 991 2847 simul
1024 2808 1147 2847 cum
1184 2794 1302 2849 sole
1344 2795 1556 2850 oriente
1589 2795 1745 2849 stella
1774 2795 1957 2864 aliqua
1985 2796 2096 2849 ori-

530 2895 642 2950 tur,
674 2894 867 2955 estque
894 2885 1083 2940 eodem
1112 2894 1355 2956 tempore
1394 2886 1449 2941 in
1482 2887 1785 2942 horizonte.
1819 2886 2096 2959 Vesperti-

531 2991 638 3030 nus
672 2982 826 3030 ortus
850 2984 955 3040 est,
988 2991 1112 3030 cum
1148 2976 1265 3030 sole
1295 2975 1579 3030 occidente
1613 2977 1790 3030 oritur
1818 2976 1974 3032 stella
1997 2976 2098 3031 ali-

530 3082 641 3138 qua
672 3067 835 3124 simul
865 3067 919 3121 in
958 3068 1244 3122 horizonte
1268 3068 1588 3121 constituta.

606 3224 991 3299 Matutinorum
1026 3252 1080 3300 et
1111 3244 1545 3315 vespertinorum
1581 3254 1800 3300 ortuum
1826 3249 1944 3302 dum
1973 3258 2103 3305 sunt

536 3337 880 3394 differentiae.
935 3338 1042 3392 Alii
1086 3338 1232 3394 enim
1273 3353 1463 3392 eorum
1512 3339 1627 3393 veri
1667 3339 1961 3409 dicuntur;
2008 3342 2102 3396 alii

539 3442 887 3503 apparentes.
920 3432 1042 3486 Veri
1074 3446 1199 3486 cum
1226 3433 1388 3488 simul
1425 3448 1615 3488 revera
1647 3435 1806 3488 stella
1834 3436 2017 3505 aliqua
2046 3437 2103 3491 in

539 3525 826 3580 horizonte
856 3527 1153 3580 constituta
1181 3526 1376 3590 oritur,
1407 3527 1521 3581 sole
1546 3528 1755 3583 oriente
1783 3547 1795 3582 :
1832 3537 1994 3598 atque
2017 3529 2106 3584 hic

539 3624 719 3685 ortus,
750 3633 858 3673 non
893 3617 1109 3673 videtur
1140 3626 1361 3689 propter
1394 3619 1578 3673 radios
1624 3620 1777 3675 solis.
1815 3619 1872 3675 In
1915 3620 2106 3678 diebus

541 3719 720 3765 autem
747 3712 990 3781 proxime
1018 3712 1373 3781 sequentibus
1402 3713 1506 3774 sol,
1536 3727 1660 3766 cum
1698 3721 1886 3766 contra
1919 3713 2105 3768 mundi

544 3811 752 3858 motum
803 3813 1110 3867 moveatur,
1148 3804 1346 3858 transit
1384 3803 1441 3857 in
1481 3806 1912 3874 consequentia;
1953 3806 2106 3863 stella

546 3910 676 3950 vero
713 3901 926 3947 tantum
971 3895 1149 3948 oritur
1201 3901 1327 3949 ante
1387 3897 1580 3958 solem,
1622 3903 1885 3964 quantum
1926 3897 2007 3951 sol
2054 3897 2109 3951 in

551 3987 943 4058 consequentia
965 3986 1245 4042 transierit
1278 3987 1333 4040 in
1355 3986 1553 4042 diurno
1576 3995 1837 4058 tempore.
1862 3987 2108 4044 Nondum

551 4090 734 4134 tamen
765 4087 945 4147 potest
992 4076 1227 4147 spectari
1276 4083 1433 4131 ortus
1479 4078 1648 4144 astri;
1685 4079 1863 4133 adhuc
1900 4080 2045 4133 enim
2080 4094 2110 4133 a

551 4171 669 4226 sole
710 4171 1056 4225 obscuratur.
1096 4167 1308 4222 Rursus
1338 4183 1469 4222 vero
1512 4170 1566 4222 in
1613 4169 1701 4224 die
1740 4169 1984 4239 proxime
2028 4186 2112 4226 se-

550 4263 739 4333 quenti
769 4262 853 4317 sol
875 4261 930 4315 in
961 4262 1351 4330 consequentia
1377 4260 1623 4328 transiit;
1658 4262 1815 4316 stella
1838 4278 1967 4317 vero
2002 4270 2117 4317 tan-

549 4364 667 4411 tum
703 4355 878 4409 oritur
909 4361 1037 4408 ante
1066 4353 1256 4416 solem,
1280 4360 1542 4423 quantum
1574 4352 1655 4406 sol
1679 4352 1735 4406 in
1759 4352 1970 4408 duobus
2003 4353 2117 4408 die-

2184 1887 2278 1940 καὶ¹
2320 1885 2594 1954 ἐπιτολῆς.
2641 1883 2898 1954 Ἀνατολὴ
2945 1883 3043 1953 μὲν
3086 1882 3203 1953 γάρ
3247 1882 3413 1934 ἐστιν
3447 1882 3482 1950 ἡ
3525 1896 3751 1950 προειρη-

2187 1979 2319 2050 μένη
2340 1996 2354 2010 ο
2389 1977 2607 2047 έπιτολὴ
2628 1978 2684 2029 δὲ
2713 1978 2745 2047 ἡ
2768 1975 3022 2046 γινομένη
3054 1973 3193 2045 πρὸς
3217 1973 3324 2025 τὸν
3350 1970 3599 2041 ὁρίζοντα
3619 1971 3753 2038 φάσις

2189 2066 2327 2138 μετὰ
2358 2067 2458 2136 τῆς
2504 2066 2640 2138 πρὸς
2671 2066 2759 2118 τὸν
2791 2064 2939 2136 ἡλιον
2975 2062 3351 2126 ἀποστάσεως
3400 2059 3746 2129 ἀπολαμϐανοο

2189 2157 2346 2227 μένη.
2391 2158 2448 2209 '0
2476 2156 2532 2209 δὲ
2555 2156 2713 2220 αὐτὸς
2738 2155 2895 2224 λόγος
2922 2157 3016 2209 καὶ
3043 2156 3134 2207 ἐπὶ
3162 2155 3275 2225 τῆς
3300 2151 3536 2213 δύσεως,
3568 2151 3652 2204 καὶ
3675 2152 3749 2203 ἐπὶ

2186 2247 2286 2317 τῆς
2311 2247 2582 2320 κρύψεως.
2621 2247 2829 2310 Ἀλλως
2865 2247 2962 2317 μὲν
2993 2246 3101 2317 γὰρ
3133 2246 3375 2313 λέγεται
3406 2242 3559 2306 δύσις
3587 2245 3617 2312 ἡ
3645 2242 3742 2295 καθ’

2190 2340 2424 2410 ἑκάστην
2451 2339 2666 2410 ἡμέραν
2701 2339 2959 2410 γινομένη
2992 2339 3094 2391 ὑπὸ
3124 2338 3227 2391 τὸν
3267 2336 3530 2406 ὁρίζοντα
3558 2333 3744 2405 κρὺψις,

2189 2434 2363 2497 ἄλλως
2393 2433 2448 2486 δὲ
2479 2436 2510 2504 ἡ
2544 2435 2799 2505 γινομένη
2831 2433 3028 2504 κρύψις
3069 2432 3211 2503 πρὸς
3244 2431 3345 2483 τὸν
3376 2425 3619 2499 ὁρίζοντα
3650 2424 3739 2495 ἅμα

2191 2529 2398 2582 καὶτὸν
2423 2527 2591 2598 ἥλιον.

2263 2621 2383 2675 Εἰσὶ
2414 2620 2472 2674 δὲ
2515 2621 2645 2691 περὶ
2682 2620 2909 2672 ἕκαστον
2933 2617 3042 2670 τῶν
3079 2616 3340 2687 ἀστέρων
3377 2609 3610 2666 ἐπιτολαί
3634 2608 3731 2660 δύο·

2193 2715 2248 2766 at
2279 2712 2375 2784 μὲν
2406 2710 2512 2783 γάρ
2557 2710 2734 2763 αὐτῶν
2761 2709 3006 2778 λέγονται
3041 2707 3291 2770 έωθιναὶ,
3321 2707 3380 2758 αί
3415 2703 3473 2756 δὲ
3507 2700 3733 2770 ἑσπέριαι.

2194 2804 2303 2858 Καί
2336 2807 2482 2857 ἐστιν
2505 2801 2616 2873 ἑῴα
2649 2803 2745 2874 μὲν
2784 2801 3025 2873 ἐπιτολὴ,
3055 2803 3184 2855 ὅταν
3219 2800 3343 2871 ἄμα
3384 2796 3460 2867 τῷ
3487 2795 3608 2866 ἡλίῳ
3632 2796 3732 2848 ἀνα-

2194 2896 2427 2951 τέλλοντι
2463 2895 2819 2965 συνανατέλλῃ
2845 2912 2932 2957 τις
2954 2894 3145 2965 ἀστὴρ,
3177 2875 3331 2946 κατὰ
3349 2891 3443 2943 τὸν
3467 2888 3614 2951 αὐτὸν
3635 2885 3734 2956 χρό-

2196 3006 2285 3042 νον
2322 2988 2605 3058 γινόμενος
2643 2986 2736 3039 ὲπὶ
2768 2984 2860 3038 τοῦ
2911 2984 3185 3056 ὁρίζοντος
3214 2999 3229 3013 υ
3285 2978 3515 3050 ὲσπερία
3547 2977 3588 3029 δ’
3614 2976 3730 3028 ἐστὶν

2200 3080 2440 3152 ὲπιτολὴ,
2466 3082 2593 3133 ὅταν
2621 3078 2714 3132 τοῦ
2739 3077 2892 3148 ἡλίου
2927 3076 3173 3137 δύνοντος
3204 3071 3468 3142 ὲπιτέλλῃ
3492 3086 3570 3131 τις
3594 3065 3730 3134 ἀστὴρ

2203 3170 2319 3241 ἅμα
2344 3169 2484 3223 κατὰ
2506 3168 2595 3221 τὸν
2622 3168 2870 3240 ὁρίζοντα
2894 3166 3204 3235 γενόμενος.

2271 3262 2390 3314 Τῶν
2418 3261 2474 3314 δὲ
2502 3259 2650 3331 ἑῴων
2682 3260 2777 3313 καὶ
2803 3259 2911 3311 τῶν
2941 3259 3213 3329 ἑσπερίων
3240 3251 3501 3310 ὲπιτολῶν
3521 3246 3728 3318 διαφοραί

2203 3361 2307 3412 εἰσι
2333 3356 2445 3410 δύο.
2479 3356 2545 3407 At
2581 3354 2676 3426 μὲν
2707 3351 2812 3424 γὰρ
2847 3348 3025 3406 αὐτῶν
3058 3348 3314 3419 ἀληθιναὶ
3345 3346 3593 3413 λέγονται,
3620 3341 3666 3392 σί
3683 3336 3726 3390 δὲ

2205 3449 2558 3520 φαινόμεναι·
2598 3444 2847 3516 ἀληθιναὶ
2886 3444 3004 3513 μὲν,
3043 3442 3171 3495 ὅταν
3206 3440 3330 3510 ἅμα
3364 3437 3482 3492 κατ’
3518 3430 3727 3520 ἀλήθειαν

2206 3542 2299 3595 ἐπὶ
2327 3539 2420 3594 τοῦ
2460 3538 2730 3609 ὁρίζοντος
2765 3534 3056 3604 γενόμενος
3089 3531 3474 3590 ἀνατέλλοντος
3496 3522 3580 3577 τοῦ
3606 3519 3720 3591 ἡλίου

2206 3629 2566 3700 ωνανατέλλῃ
2587 3645 2670 3691 τις
2702 3627 2904 3697 ἀστήρ·
2949 3624 3086 3694 αὕτη
3125 3624 3182 3676 δὲ
3204 3624 3240 3693 ἡ
3274 3618 3489 3687 ἐπιστολὴ
3524 3610 3722 3681 ἀθεώρη.

2204 3738 2297 3784 τος
2322 3719 2527 3788 γίνεται
2553 3716 2641 3769 διὰ
2665 3715 2764 3779 τὰς
2791 3713 2965 3783 αὑγάς
2993 3712 3087 3767 τοῦ
3117 3712 3294 3784 ἡλίου.
3335 3710 3423 3764 Ἐν
3445 3707 3498 3761 δὲ
3514 3706 3618 3765 ταῖς
3634 3703 3721 3769 ἑχο-

2212 3813 2399 3884 μέναις
2424 3809 2657 3881 ἡμέραις
2690 3810 2717 3861 ό
2751 3806 2849 3878 μὲν
2877 3805 3048 3876 ἡλιος,
3076 3803 3413 3864 ὑπεναντίως
3442 3795 3717 3866 κινούμενος,

2209 3906 2288 3966 είς
2310 3901 2377 3955 τὰ
2405 3901 2644 3971 ἑπόμενα
2676 3897 2987 3969 μεταϐαίνει
3002 3913 3016 3927 ⁸
3039 3898 3068 3948 ὁ
3090 3896 3147 3948 δὲ
3174 3895 3354 3966 ἀστὴρ
3375 3889 3600 3945 τοσοῦτον
3616 3899 3716 3954 προ-

2210 3993 2485 4048 ανατέλλει
2530 3990 2622 4044 τοῦ
2660 3989 2834 4061 ἡλίου,
2868 3989 3065 4041 ὁπόσον
3090 3988 3118 4039 ό
3143 3986 3297 4057 ἡλιος
3329 3987 3407 4049 εἰς
3436 3980 3502 4034 τά
3529 3976 3715 4046 ἑπόμενα

2215 4083 2420 4156 μεταϐῇ
2470 4084 2527 4135 ὲν
2558 4081 2636 4151 τῷ
2675 4080 2965 4152 ἡμερησίῳ
2996 4079 3191 4149 χρόνῳ.
3228 4076 3396 4130 Οὔπω
3422 4073 3581 4144 μέντοι
3598 4065 3715 4119 δύνα-

2212 4193 2299 4229 ται
2323 4173 2663 4246 θεωρηθῆναι
2694 4173 2727 4241 ἡ
2761 4170 2853 4224 τοῦ
2880 4171 3077 4241 ἄστρου
3109 4169 3329 4239 ὲπιτολή
3348 4185 3361 4199 ο
3390 4162 3533 4218 ἔτιδὲ
3562 4172 3713 4211 καταυ-

2215 4271 2388 4337 γεῖται
2437 4245 2548 4320 ὕπὸ
2590 4265 2685 4319 τοῦ
2729 4265 2899 4335 ἡλίου.
2929 4262 3096 4316 Πάλιν
3141 4262 3197 4315 δὲ
3228 4265 3287 4316 ἐν
3318 4259 3413 4331 μὲν
3450 4257 3508 4325 τῇ
3535 4245 3711 4321 ἐχομένῃ

2217 4361 2400 4432 ἡμέρᾳ
2418 4361 2447 4412 ὁ
2473 4359 2568 4429 μὲν
2597 4358 2747 4428 ἡλιος
2766 4358 2844 4419 είς
2863 4354 2932 4408 τὰ
2953 4355 3194 4426 ἑπόμενα
3216 4352 3410 4423 μετέϐη
3428 4364 3442 4379 ⁸
3469 4348 3494 4400 ὁ
3509 4344 3557 4398 δὲ
3580 4338 3710 4432 ἀστὴρ

552 4451 659 4506 bus
687 4463 1011 4520 progressus
1051 4446 1173 4501 fuit.
1204 4445 1265 4500 In
1293 4446 1488 4501 diebus
1520 4444 1716 4500 deinde
1744 4447 2002 4500 continuo
2027 4460 2105 4501 se-

2216 4431 2467 4507 τοσοῦτον
2492 4449 2880 4521 προανατέλλει
2902 4446 2996 4500 τοῦ
3024 4446 3194 4518 ἡλίου,
3216 4446 3338 4499 ὅσον
3368 4443 3394 4495 ό
3411 4440 3544 4511 ἡλιος
3560 4436 3607 4486 ὲν
3624 4431 3710 4489 ταῖς

554 4542 848 4613 quentibus
869 4540 1023 4596 stella
1048 4553 1263 4607 semper
1291 4539 1462 4608 magis
1489 4537 1772 4608 magisque
1800 4538 2117 4608 tempestive

557 4643 682 4688 ante
712 4633 882 4687 solem
922 4631 1129 4697 oriens,
1165 4644 1289 4684 cum
1328 4637 1538 4683 tantum
1577 4637 1809 4699 praeorta
1838 4628 2025 4696 fuerit,
2059 4638 2118 4684 ut

556 4724 694 4780 astri
720 4733 875 4779 ortus
917 4729 1213 4792 spectetur,
1243 4736 1366 4775 cum
1398 4721 1576 4789 ipsum
1614 4720 1795 4776 radios
1827 4721 1959 4776 solis
1986 4719 2122 4776 effu—

560 4818 717 4888 gerit,
752 4824 881 4870 tunc
910 4815 1114 4870 dicitur
1153 4815 1309 4870 stella
1341 4814 1457 4868 haac
1496 4816 1820 4868 matutinum
1853 4830 2120 4884 apparen-

561 4920 671 4964 tem
701 4916 881 4963 ortum
912 4906 1114 4962 facere.
1153 4906 1325 4973 Quam
1354 4907 1424 4960 ob
1452 4922 1671 4961 causam
1698 4907 1858 4961 etiam
1886 4907 1939 4961 in
1968 4909 2124 4962 tabu-

564 5002 633 5055 lis
680 5006 1002 5071 apparentes
1050 5009 1321 5054 astrorum
1362 5007 1516 5054 ortus
1560 4999 1958 5069 praedicuntur;
1998 5015 2123 5054 nam

563 5093 683 5149 veri
726 5101 881 5148 ortus
922 5098 1051 5147 sunt
1097 5090 1417 5155 invisibiles,
1465 5100 1629 5160 atque
1676 5090 2124 5146 inobservabiles.

564 5188 636 5242 At
668 5194 992 5256 apparentes
1023 5191 1199 5244 ortus,
1231 5190 1285 5238 et
1324 5183 1712 5252 przedicuntur,
1743 5194 1797 5236 et
1830 5183 2127 5239 observan-

565 5287 677 5334 tur.
704 5278 900 5333 Eadem
931 5291 1123 5331 rursus
1141 5276 1303 5329 etiam
1334 5282 1419 5329 est
1442 5275 1582 5329 ratio
1607 5276 1661 5327 in
1692 5275 2012 5343 vespertinis
2042 5289 2131 5328 or-

569 5370 736 5424 tibus.
769 5366 978 5421 Etenim
1010 5365 1200 5419 horum
1227 5364 1346 5418 duae
1374 5371 1503 5418 sunt
1534 5363 1850 5418 dill‘erentiae
1883 5383 1895 5417 :
1935 5364 2130 5419 horum

570 5460 716 5513 cnim
742 5458 835 5513 alii
867 5456 1126 5511 dicuntur
1158 5455 1294 5519 veri,
1347 5455 1436 5508 alii
1477 5463 1823 5525 apparentes.
1856 5453 1981 5513 Veri
2011 5455 2133 5525 qui-

575 5548 717 5612 dem,
758 5560 881 5601 cum
926 5546 1085 5600 simul
1134 5561 1278 5611 vere,
1313 5544 1611 5599 secundum
1650 5546 2023 5613 pmcisionem
2056 5561 2135 5599 ra-

671 5724 715 5756 “
740 5742 826 5793 πρ.
866 5726 899 5794 ἡ
921 5725 1058 5793 ὑπὲρ
1087 5724 1172 5777 τὸν
1205 5723 1451 5792 ὁρίζοντα
1499 5723 1819 5793 φανέρωσις-

2217 4544 2368 4598 δυσὶν
2414 4543 2647 4614 ἡμέραις
2704 4538 3052 4611 μετεκινήθη.
3110 4538 3199 4591 Ἐν
3246 4537 3304 4591 δὲ
3345 4535 3453 4596 ταῖς
3489 4522 3707 4614 ἐχομέναις

2221 4611 2567 4706 ἡμέραιςάέὶ
2593 4630 2688 4684 τοῦ
2715 4630 2941 4701 ἀστέρος
2967 4628 3295 4700 ὲνωρότερον
3333 4622 3512 4697 μᾶλλον
3544 4613 3617 4669 καὶ
3650 4611 3706 4706 ἓν·

2221 4726 2390 4798 ωρότε
2400 4741 2487 4795 ρον
2510 4720 3016 4794 προανατέλλοντος,
3047 4719 3173 4771 ὅταν
3195 4716 3436 4770 τοσοῦτον
3450 4696 3704 4798 προανᾳτθο

2223 4794 2311 4888 λη,
2335 4794 2474 4868 ὥστε
2495 4812 2831 4884 θεωρηθῆναι
2852 4811 2951 4882 τὴν
2977 4809 3072 4863 τοῦ
3103 4809 3301 4880 ἄστρου
3330 4800 3565 4868 ἐπιτολὴν,
3586 4794 3704 4888 sime:

2226 4876 2484 4976 φέυγότος
2512 4876 2677 4958 auset";
2727 4876 2825 4967 τὰς
2858 4876 3029 4971 αθγάς
3053 4899 3145 4955 τοῦ
3184 4876 3351 4970 ἡλίου,
3376 4894 3481 4950 τότε
3505 4876 3699 4976 λέγεταιδ

2226 4971 2400 5071 ἀστῆρ
2431 4992 2584 5061 οὗτος
2627 4996 2763 5068 ἑῴαν
2792 4995 3121 5066 φαινομένην
3150 4991 3392 5063 ἐπιτολὴν
3426 4971 3698 5070 πεποιῆσθαι.

2228 5094 2302 5144 Δι’
2322 5092 2387 5162 ἡν
2406 5091 2581 5144 αἰτίαν
2596 5091 2688 5142 καὶ
2710 5091 2765 5141 ὲν
2792 5091 2902 5150 τοῖς
2920 5085 3260 5156 ψηφίσμασιν
3274 5085 3329 5137 at
3349 5074 3695 5167 cpatvépevattu:

2230 5151 2442 5253 ἄστρων
2466 5181 2708 5235 ὲπιτολαὶ
2729 5151 3112 5251 προλέγονται,
3122 5177 3217 5231 καὶ
3239 5163 3631 5253 παρατηροῦπαξς
3657 5151 3697 5200 Ὁ

2229 5277 2285 5331 δὲ
2300 5245 2458 5339 αυτὸς
2487 5275 2640 5342 λόγος
2668 5245 2880 5327 καὶ-ἐπὶ
2898 5245 3005 5325 τῶν
3037 5270 3304 5342 ἐσπερίων
3319 5245 3537 5320 έπιτολῶν

2232 5369 2341 5422 Καὶ
2364 5365 2471 5437 γὰρ
2493 5340 2696 5418 τοότων
2725 5364 2976 5432 διαφοραί
3002 5366 3105 5416 εἰσι
3129 5340 3221 5415 δύο
3239 5380 3250 5393 ·
3278 5362 3332 5415 αἱ
3359 5357 3445 5428 μὲν
3465 5348 3550 5418 γὰρ
3562 5340 3693 5437 fuit?”

2234 5423 2484 5528 ἀληθιναὶ
2511 5455 2778 5524 λέγονται,
2809 5423 2864 5508 αἱ
2887 5423 2962 5507 ’δὲ
2996 5423 3579 5528 φαινόμεναιίάληθιγαὶ
3606 5423 3687 5528 lli”:

2235 5510 2366 5600 sui»
2387 5544 2498 5615 ἅμα
2520 5510 2638 5599 κάτ’
2659 5510 2933 5616 ἀλήθειαν,
2954 5510 3049 5595 τοι
3077 5510 3226 5612 ἡλίου
3251 5510 3485 5595 δύνοντος,
3514 5510 3690 5580 metu
