3886 6268
138 339 278 395 ⁸829

1210 370 1216 375 ·
1250 344 1488 401 GEMINI
1526 339 1901 401 ELEMENTA
1936 342 2424 406 ASTRONOMIE.

3340 358 3449 416 850

144 482 253 529 ηις
277 464 507 537 ἀστὴρ,
534 466 652 537 ἃμα
684 467 962 539 γινόμενος
992 467 1086 520 ἐπὶ
1111 466 1204 521 τοῦ
1233 467 1505 538 ὁρίζοντος
1528 464 1664 538 πρὸς
1682 466 1781 538 τὴν

1890 466 2069 535 tionis,
2099 471 2255 527 stella
2285 473 2469 542 aliqua
2500 473 2552 526 in
2604 474 2883 531 horizonte
2929 478 3224 533 constituta
3254 478 3446 544 oritur,

153 559 328 616 κατὰ
360 559 470 613 τὸν
499 559 659 629 λόγον
700 559 1000 631 ἀκρίϐειαν.
1030 560 1142 613 Καὶ
1168 551 1326 613 αὗται
1356 560 1414 613 δὲ
1449 560 1505 612 αἱ
1543 558 1782 612 ἑπιτολαὶ

152 650 511 724 ἀθεώρητοι
540 653 779 721 γίνονται
807 652 896 706 διὰ
923 653 1023 716 τὰς
1065 653 1237 720 αὐγὰς
1265 652 1359 705 τοῦ
1391 651 1561 723 ἡλίου.
1611 652 1696 703 Ἐν
1725 650 1781 705 δὲ

151 746 300 807 ταῖς
338 745 487 817 ἑξῆς
515 746 752 817 ἡμέραις
775 744 863 798 διὰ
884 745 982 815 τὴν
1011 744 1104 798 τοῦ
1125 745 1276 816 ἡλίου
1305 744 1617 816 μετάϐασιν,
1656 760 1779 797 συν-

152 838 533 907 αιρουμένοά
567 836 662 890 τοῦ
704 837 838 907 πρὸς
867 836 957 889 τδν
993 837 1194 906 ἀστέρα
1235 837 1612 907 διαστήματος,
1647 852 1779 905 προ-

153 928 493 981 ανατέλλει
530 928 632 998 μὲν
665 928 769 999 πρὸ
807 928 907 998 τῆς
929 927 1023 981 τοῦ
1057 927 1204 998 ἡλίου
1237 927 1459 991 δύσεως,
1490 926 1569 979 ἔτι
1600 926 1655 979 δὲ
1678 926 1781 978 ὑπὸ

154 1018 267 1073 τοῦ
302 1020 482 1090 ἡλίου
526 1022 967 1093 καταυγούμενος
999 1019 1306 1091 ἀθεώρητὸς
1337 1023 1502 1072 ἐστιν.
1537 1020 1703 1073 Ὅταν
1724 1020 1780 1072 δὲ

162 1111 331 1182 μετὰ
390 1112 496 1184 τὴν
542 1112 638 1166 τοῦ
663 1112 813 1183 ἡλίου
858 1112 1007 1165 δύσιν
1046 1112 1259 1184 πρῶτος
1293 1110 1645 1181 ἐκπεφευγὼς
1685 1109 1781 1174 τὰς

159 1204 374 1272 αὐγὰς
416 1205 509 1258 τοῦ
545 1204 696 1276 ἡλίου
727 1204 997 1276 θεωρηθῇ,
1030 1205 1152 1258 τότε
1193 1204 1407 1272 λέγεται
1451 1202 1783 1273 φαινομένην

157 1296 319 1349 ἐστ-ε
328 1299 469 1369 ρίαν
495 1297 748 1368 ἐπιτολὴν
771 1298 1119 1368 πεποιῆσθαι.
1166 1296 1252 1349 Ἑν
1274 1296 1330 1348 δὲ
1355 1298 1473 1359 ταῖς
1498 1294 1783 1365 ἐχομέναις

160 1390 302 1455 νυξὶ
340 1390 759 1462 μετεωρότερος
791 1389 877 1442 ἀεὶ
917 1388 1113 1458 μᾶλλον
1151 1389 1243 1441 καὶ
1276 1387 1471 1459 μᾶλλον
1516 1387 1777 1456 φαίνεται.

261 1480 525 1550 Ὁμοίως
555 1479 611 1532 δὲ
642 1481 734 1533 καὶ
755 1480 863 1532 τῶν
895 1479 1097 1532 δύσεων
1124 1479 1378 1549 διαφοραὶ
1399 1479 1645 1547 λέγονται
1667 1478 1777 1531 δύο·

165 1574 232 1625 αἱ
269 1572 396 1642 μὲν
420 1572 532 1644 γὰρ
560 1571 739 1625 αὐτῶν
774 1570 902 1642 ὲῷαί
939 1571 1097 1633 εἰσιν,
1137 1574 1193 1625 αἱ
1224 1571 1278 1623 δὲ
1306 1571 1576 1641 ἑσπέριαι.
1620 1568 1782 1639 Ἐᾧαι

171 1664 289 1734 μὲν
312 1659 425 1717 οὖν
450 1663 697 1733 λέγονται
725 1662 926 1727 δύσεις,
957 1664 1083 1716 ὅταν
1112 1663 1204 1716 τοῦ
1230 1663 1379 1734 ἡλίου
1407 1662 1782 1726 ἀνατέλλοντος

167 1753 328 1825 δύνῃ
367 1771 456 1818 τις
482 1755 685 1826 ac;qu-
714 1755 942 1825 ἑσπερία
984 1753 1039 1806 δὲ
1073 1754 1222 1817 δύσις
1259 1753 1494 1822 λέγεται,
1526 1754 1652 1807 ὃταν
1688 1752 1782 1805 τοῦ

172 1845 354 1914 ἡλίου
395 1845 645 1908 δύνοντος
676 1846 1152 1919 συγκαταφέρηταί
1183 1864 1266 1907 τις
1308 1845 1481 1917 ἀστὴρ
1507 1845 1622 1916 ἅμα
1641 1845 1785 1913 γινό-

178 1954 373 2008 μενος
426 1938 534 1990 ύπὸ
578 1939 667 1991 τὸν
699 1939 966 2010 ὁρίζοντα.
1002 1941 1122 1992 Εἰσὶ
1164 1939 1219 1992 δὲ
1251 1941 1357 1993 τῶν
1400 1938 1548 2008 ἑῴων
1582 1939 1783 1992 δύσεων

175 2030 464 2102 διαφοραὶ
504 2031 617 2086 δύο.
649 2033 712 2085 Αἱ
739 2031 835 2102 μὲν
861 2033 968 2103 γάρ
1002 2033 1136 2085 εἰσιν
1168 2031 1435 2102 ἀληθιναὶ,
1476 2032 1530 2084 αἱ
1569 2030 1625 2084 δὲ
1660 2048 1783 2099 φαι-

180 2125 429 2194 νόμεναι
450 2142 465 2155 ο
492 2125 740 2197 ἀληθιναὶ
767 2125 887 2195 μὲν,
910 2127 1035 2179 ὅταν
1064 2127 1159 2178 ἐπὶ
1185 2125 1279 2177 τού
1299 2124 1569 2196 ὁρίζοντος
1594 2124 1786 2192 γένωνο

181 2232 281 2268 ται
313 2217 347 2269 ὃ
380 2233 446 2269 τε
485 2217 634 2286 ἥλιος
665 2217 759 2269 καὶ
781 2219 809 2269 ὁ
835 2217 1006 2289 ἀστὴρ
1026 2217 1208 2270 δύνων.
1238 2211 1405 2271 Αὗται
1430 2217 1485 2269 δὲ
1522 2217 1577 2268 αἱ
1606 2215 1784 2278 δύσεις

184 2307 517 2381 ἀθεώρητοι
551 2308 788 2377 γίνονται
824 2312 911 2364 διά
943 2310 1042 2375 τὰς
1066 2309 1240 2379 αὐγὰς
1269 2309 1362 2362 τοῦ
1395 2308 1564 2380 ἡλίου.
1592 2310 1781 2361 Φαινο-

188 2400 350 2471 μένη
376 2401 436 2454 δέ
474 2405 622 2456 ἑστιν
646 2403 753 2472 ἑῴα
774 2402 941 2467 δύσις,
966 2403 1091 2456 ὅταν
1115 2402 1220 2473 πρὸ
1237 2402 1335 2473 τῆς
1357 2400 1449 2454 τοῦ
1478 2400 1629 2471 ἡλίου
1656 2401 1785 2454 ἀνα-

186 2490 372 2560 τολῆς
403 2493 465 2546 τὸ
492 2492 716 2564 ἔσχατον
759 2493 929 2548 δύνων
966 2495 995 2546 ὁ
1033 2493 1208 2565 ἀστὴρ
1243 2491 1511 2566 θεωρηθῇ.
1554 2492 1785 2564 Ὁμοίως

187 2581 249 2634 δὲ
287 2584 396 2636 καὶ
426 2585 519 2637 ἐπὶ
542 2585 644 2638 τῶν
676 2585 942 2657 ἑσπερίων
962 2584 1166 2638 δύσεων
1194 2587 1248 2638 αἱ
1270 2584 1520 2656 διαφοραί
1540 2585 1644 2636 είσι
1670 2582 1779 2635 δύο.

191 2673 264 2725 Δί
298 2673 411 2743 μὲν
446 2672 552 2745 γὰρ
579 2673 758 2727 αὐτῶν
795 2676 930 2727 εἰσιν
954 2675 1223 2744 ἀληθιναὶ,
1261 2676 1317 2727 αἱ
1343 2675 1401 2727 δὲ
1428 2673 1743 2743 φαινόμεναι
1765 2689 1778 2702 ⁸

192 2764 489 2836 ἀληθιναὶ,
529 2766 655 2819 ὅταν
686 2766 1114 2839 ἀπαραλλάκτως
1144 2766 1234 2819 ἐπὶ
1272 2766 1366 2819 τοῦ
1389 2765 1659 2835 ὁρίζοντος
1687 2765 1782 2833 γέ-

196 2874 371 2928 νηται
390 2860 420 2912 ὁ
450 2859 599 2928 ἥλιος
624 2861 718 2912 καὶ
740 2862 768 2912 ὁ
789 2860 962 2931 ἀστὴρ
983 2860 1281 2932 ἀμφότεροι
1307 2858 1549 2921 δύνοντες
1568 2874 1581 2887 ·
1608 2856 1780 2911 ἀθεώ-

201 2967 372 3023 ρητοι
397 2950 455 3004 δὲ
484 2955 576 3006 καὶ
611 2945 770 3005 αὗται
796 2953 852 3007 αἱ
882 2952 1061 3016 δύσεις
1095 2936 1333 3021 γίνονται
1363 2951 1448 3005 διὰ
1477 2949 1575 3014 τὰς
1610 2949 1783 3018 αύγάς

198 3041 308 3096 τοῦ
348 3042 532 3112 ἡλίου·
567 3044 886 3114 φαινόμεναι
917 3044 974 3097 δέ
996 3045 1130 3097 εἰσιν
1154 3043 1402 3115 ἑσπέριαι
1431 3043 1631 3106 δύσεις,
1655 3045 1783 3096 ὅταν

1885 562 2000 617 sole
2035 564 2336 619 occidente.
2370 564 2546 634 Atque
2574 565 2626 618 bi
2661 575 2818 622 ortus
2852 576 2977 623 sunt
3006 568 3303 623 invisibiles
3323 582 3449 637 pro-

1884 660 2004 720 pter
2029 652 2214 708 radios
2255 654 2408 707 solis.
2438 652 2494 707 ln
2524 654 2717 710 diebus
2755 670 2885 709 vero
2915 655 3291 724 sequentibus,
3323 669 3446 708 cum

1885 755 2105 813 propter
2134 745 2267 799 solis
2292 760 2641 815 progressum
2672 747 2932 801 distantia
2961 747 3081 816 ejus
3110 762 3140 800 a
3166 746 3322 802 stella
3353 747 3449 799 mi.

1882 843 2106 902 nuatur,
2157 837 2314 892 stella
2352 838 2568 907 quidem
2615 839 2790 892 oritur
2836 847 2963 892 ante
3006 838 3137 892 solis
3167 852 3445 901 occasum,

1885 927 2062 981 adhuc
2089 935 2270 983 tamen
2303 942 2333 981 a
2358 930 2472 984 sole
2501 929 2793 983 obscurata
2832 928 3121 985 invisibilis
3170 937 3289 985 est:
3322 942 3447 982 cum

1885 1033 2012 1071 vero
2054 1028 2177 1087 post
2216 1020 2349 1074 solis
2385 1035 2637 1075 occasum
2681 1022 2913 1090 primum
2945 1027 3238 1089 conspecta
3283 1018 3448 1073 fuerit

1883 1108 2139 1177 elTugisse
2176 1111 2358 1166 radios
2390 1113 2544 1176 solis,
2577 1119 2706 1167 tunc
2740 1112 2944 1166 dicitur
2971 1119 3316 1183 apparentem
3351 1128 3446 1167 ve-

1884 1197 2189 1265 spertinum
2235 1208 2412 1253 ortum
2457 1199 2655 1256 facere.
2686 1203 2745 1254 In
2789 1203 3140 1271 sequentibus
3186 1217 3317 1256 vero
3345 1216 3446 1256 no-

1883 1288 2063 1342 ctibus
2111 1305 2323 1361 semper
2361 1292 2534 1362 magis
2575 1294 2853 1365 magisque
2900 1295 3148 1349 sublimis
3196 1300 3445 1365 apparet.

1956 1490 2220 1547 Similiter
2248 1493 2411 1548 etiam
2446 1510 2738 1549 occasuum
2769 1495 2889 1549 duae
2915 1495 3169 1549 dicuntur
3196 1494 3448 1551 differen-

1887 1584 2004 1639 tiae:
2041 1587 2233 1640 borum
2262 1586 2404 1640 enim
2433 1587 2523 1640 alii
2556 1595 2685 1641 sunt
2712 1587 2986 1653 matutini,
3016 1589 3104 1640 alii
3128 1588 3446 1656 vespertini,

1885 1677 2138 1731 matutini
2174 1693 2405 1734 occasus
2439 1679 2717 1744 dicuntur,
2754 1696 2876 1734 cum
2915 1681 3029 1735 sole
3069 1679 3276 1734 oriente
3302 1680 3450 1733 occi-

1886 1767 1964 1821 dit
1997 1768 2153 1822 stella
2186 1769 2387 1837 aliqua.
2425 1769 2633 1823 Dicitur
2663 1773 3006 1840 vespertinus
3037 1785 3286 1835 occasus,
3321 1784 3448 1824 cum

1889 1860 2003 1914 sole
2051 1860 2336 1915 occidente
2388 1862 2551 1915 simul
2596 1862 2776 1932 aliqua
2823 1864 2977 1917 stella
3025 1861 3269 1918 defertur
3306 1859 3449 1916 infra

1884 1948 2242 2003 horizontem.
2301 1950 2439 2004 Sunt
2480 1959 2659 2006 autem
2713 1953 3118 2006 matutinorum‘
3153 1966 3448 2008 occasuum

1885 2039 2205 2094 differentia:
2246 2040 2384 2095 duze.
2419 2042 2522 2094 Alii
2558 2043 2700 2097 enim
2732 2053 2860 2097 sunt
2899 2042 3037 2107 veri,
3070 2043 3158 2096 alii
3189 2058 3450 2113 apparen-

1884 2141 1966 2186 tes
1995 2151 2008 2185 :
2035 2132 2147 2185 veri
2181 2132 2422 2201 quidem.
2455 2149 2578 2186 cum
2625 2133 2786 2188 simul
2827 2134 2880 2188 in
2917 2134 3199 2188 borizonte
3243 2133 3449 2188 consti-

1883 2224 1986 2278 tuti
2031 2223 2231 2278 fuerint
2269 2234 2323 2279 et
2369 2226 2451 2279 sol
2509 2234 2562 2280 et
2614 2226 2807 2293 stella;
2857 2227 2937 2281 sol
2983 2225 3199 2295 quidem
3240 2225 3444 2290 oriens,

1883 2316 2039 2370 stella
2069 2332 2199 2371 vero
2238 2316 2515 2373 occidens.
2553 2317 2617 2372 Ili
2664 2325 2842 2372 autem
2873 2334 3102 2374 occasus
3146 2318 3447 2375 invisibiles

1885 2414 2014 2462 sunt
2045 2416 2266 2478 pr0pter
2287 2408 2469 2463 radios
2494 2409 2662 2477 solis;
2692 2425 2959 2479 apparens
2997 2425 3125 2464 vero
3147 2409 3448 2463 matutinus

1885 2514 2116 2554 occasus
2158 2508 2262 2564 est,
2295 2516 2416 2554 cum
2448 2509 2571 2555 ante
2610 2502 2742 2556 solis
2771 2511 2947 2555 ortum
2980 2508 3255 2571 postremo
3293 2500 3449 2557 stella

1886 2598 2168 2657 Spectatur
2201 2591 2474 2646 occidere.
2511 2590 2773 2645 Similiter
2820 2591 3007 2670 etiam-
3034 2591 3087 2644 in
3126 2591 3450 2661 vespertinis

1886 2682 2176 2736 occasibus
2220 2681 2341 2737 duae
2375 2690 2504 2737 sunt
2535 2682 2874 2737 differentiae.
2918 2681 3024 2734 Alii
3068 2681 3211 2735 enim
3257 2696 3446 2736 eorum

1886 2782 2015 2826 sunt
2051 2775 2183 2837 veri,
2219 2775 2309 2827 alii
2336 2781 2679 2844 apparentes.
2712 2773 2837 2827 Veri
2868 2772 3107 2842 quidem,
3139 2788 3260 2827 cum
3287 2771 3449 2826 ambo

1886 2866 2107 2934 penitus
2154 2866 2206 2920 in
2250 2866 2534 2921 borizonte
2576 2865 2862 2920 constituti
2900 2856 3125 2926 fuerint,
3174 2869 3229 2917 et
3276 2863 3358 2916 sol
3395 2870 3451 2917 et

1886 2957 2044 3013 stella
2075 2958 2235 3011 ambo
2269 2956 2601 3011 occidentes.
2642 2955 2951 3011 invisibiles
2981 2961 3109 3009 sunt
3134 2962 3188 3008 et
3211 2953 3265 3007 bi
3297 2967 3452 3007 occa-

1887 3064 1983 3104 sus
2014 3056 2233 3118 propter
2260 3047 2444 3102 radios
2476 3048 2628 3104 solis.
2648 3051 2984 3117 Apparenles
3013 3053 3190 3100 autem
3220 3059 3451 3099 occasus

146 3174 149 3183 .
206 3132 355 3204 μετά
404 3133 500 3203 τὴν
534 3133 625 3186 τοῦ
675 3133 827 3203 ἡλίου
875 3132 1024 3186 δύσιν
1072 3132 1432 3204 ἑπικαταδύνῃ
1479 3149 1563 3196 τις
1607 3132 1782 3204 ἀστὴρ

1890 3139 2186 3209 vespertini
2218 3147 2365 3205 sunt,
2396 3154 2519 3192 cum
2552 3147 2676 3209 post
2703 3139 2812 3208 28
2833 3137 2966 3193 solis
3005 3151 3263 3191 occasum
3305 3136 3454 3189 insu~

202 3222 289 3294 τῷ
316 3224 482 3295 ἡλίῳ,
518 3223 887 3295 θεωρούμενος
917 3226 1004 3294 ὑφ’
1040 3224 1214 3295 ἡμῶν.
1250 3224 1370 3278 Τῶν
1398 3225 1498 3295 μὲν
1524 3218 1616 3277 οὖν
1638 3222 1786 3294 ἑῴων

208 3316 480 3370 ὲπιτολῶν
519 3317 613 3373 καὶ
642 3316 845 3370 δύσεων
875 3317 1136 3387 πρότερον
1168 3317 1402 3384 γίνονται
1433 3318 1487 3369 αἱ
1516 3315 1785 3386 ἀληθιναὶ,

209 3406 445 3479 ὓστερον
465 3408 522 3461 δὲ
550 3411 605 3461 at
635 3409 982 3479 φαινόμεναι’
1010 3407 1121 3461 τῶν
1148 3407 1205 3461 δὲ
1228 3408 1496 3480 ἑσπερίων
1525 3406 1786 3460 ὲπιτολῶν

208 3515 270 3552 τε
295 3499 397 3551 καὶ
419 3498 621 3552 δύσεων
646 3499 906 3571 πρότερον
935 3501 1177 3569 γίνονται
1206 3500 1261 3552 αἱ
1279 3499 1616 3568 φαινόμεναι,
1640 3496 1789 3550 ὔστε-

215 3608 309 3663 ρον
336 3590 397 3644 δὲ
434 3593 492 3644 αί
525 3591 794 3661 ἀληθιναί.
830 3590 970 3661 Ἐῴα
998 3591 1099 3664 μὲν
1121 3590 1339 3661 ἑπιτολὴ
1368 3589 1476 3644 ἀπὸ
1506 3589 1664 3659 ἑῴας,
1694 3590 1788 3641 καὶ

213 3684 454 3754 ἑσπερία
488 3683 710 3754 ὲπιτολὴ
736 3684 841 3738 ἀπὺ
868 3673 1128 3755 ἑσπερίας
1148 3682 1420 3754 ἐπιπολῆς,
1445 3684 1538 3735 καὶ
1563 3680 1786 3735 καθόλου

215 3777 327 3828 πᾶν
355 3774 419 3828 τὸ
450 3776 637 3845 ὅμοιον
668 3770 804 3837 εἶδος
835 3774 940 3828 ἀπὸ
966 3773 1058 3829 τοῦ
1087 3774 1274 3845 ὁμοίου
1299 3773 1494 3838 εἴδους,
1522 3774 1653 3826 πᾶσι
1677 3776 1788 3837 τοῖς

212 3869 439 3937 ἄστροις
475 3865 541 3919 δι’
573 3864 816 3919 ἐνιαυτοῦ
857 3866 1098 3935 γίνεταιο
1135 3866 1164 3919 ὁ
1199 3864 1304 3937 γὰρ
1344 3865 1513 3934 ἥλιος,
1558 3865 1788 3937 ἐνιαυτῷ

213 3955 442 4011 διελθὼν
462 3957 553 4011 τὸν
572 3956 830 4021 ζωδιακὸν
859 3954 1078 4020 κύκλον,
1103 3954 1263 4009 πάλιν
1290 3955 1429 4009 κατά
1449 3956 1571 4021 τοὺς
1595 3956 1788 4019 αὐτοὺς

214 4047 457 4120 ἀστέρας
484 4047 711 4115 γίνεται.

297 4227 444 4299 Ἐῴα
475 4227 533 4281 δὲ
562 4224 785 4298 ἑπιτολὴ
824 4227 930 4281 ἀπὸ
962 4226 1224 4297 ἑσπερίας
1261 4222 1514 4296 ἑπιτολῆς
1544 4226 1654 4287 τοῖς
1687 4223 1787 4293 μὲν

213 4321 310 4373 hri.
337 4318 435 4373 τοῦ
481 4317 747 4382 ζωδιακοῦ
783 4317 981 4372 κύκλου
1010 4318 1278 4389 κειμένοις
1325 4316 1542 4388 ἄστροις
1574 4315 1639 4369 δι’
1666 4317 1788 4383 ἑξα-

217 4413 392 4482 μήνου
421 4411 653 4479 γίνεται,
686 4411 779 4463 καὶ
805 4409 914 4480 ἑῴα
943 4409 1094 4474 δύσις
1122 4410 1230 4463 ἀπὸ
1264 4410 1521 4481 ἑσπερίοις
1548 4408 1751 4473 δύσεως
1769 4427 1782 4439 ·

1876 3247 1986 3301 -per
2012 3231 2213 3286 occidit
2239 3232 2419 3302 aliqua
2452 3232 2608 3286 stella
2638 3238 2930 3300 conspecta
2960 3246 2988 3283 a
3016 3228 3193 3284 nobis.
3226 3228 3305 3287 Ex
3333 3243 3450 3291 ma-

1890 3321 2082 3376 tutinis
2113 3322 2277 3390 igitur
2300 3323 2510 3378 ortibus
2531 3329 2585 3375 et
2613 3322 2920 3397 occasibus,
2953 3321 2989 3373 ii
3022 3319 3113 3388 qui
3150 3317 3448 3379 sunt‘vcri,

1889 3413 2043 3483 prius
2078 3412 2244 3480 fiunt;
2275 3413 2369 3483 qui
2413 3420 2757 3483 apparentes,
2794 3412 3087 3481 posterius.
3120 3408 3198 3462 Ex
3230 3421 3452 3478 vesper-

1890 3507 2023 3562 tinis
2060 3522 2188 3562 vero
2220 3507 2433 3561 ortibus
2470 3513 2525 3560 et
2554 3504 2842 3559 occasibus
2876 3504 2934 3565 ii,
2974 3503 3064 3573 qui
3112 3511 3239 3557 sunt
3282 3514 3452 3571 appa-

1888 3605 2093 3663 rentes,
2131 3598 2284 3667 prius
2317 3597 2488 3663 fiunt;
2529 3595 2623 3667 qui
2650 3596 2785 3659 veri,
2833 3596 3124 3666 posterius.
3152 3595 3452 3650 Matutinus

1889 3687 2104 3758 quidem
2140 3694 2296 3742 Ortus
2318 3697 2443 3757 post
2470 3688 2816 3751 matutinum,
2846 3692 2899 3740 et
2922 3686 3264 3755 vespertinus
3295 3694 3451 3739 ortus

1890 3784 2013 3848 post
2046 3777 2417 3846 vespertinum
2444 3783 2623 3831 ortum
2651 3796 2662 3829 :
2692 3784 2745 3830 et
2770 3777 2823 3829 in
2858 3791 3069 3837 summa
3094 3774 3272 3830 omnis
3305 3773 3452 3828 simi-

1890 3869 1957 3924 lis
1993 3871 2201 3939 species
2234 3882 2264 3920 a
2309 3868 2474 3923 simili
2516 3867 2697 3938 specie
2724 3869 2977 3922 omnibus
3020 3867 3183 3922 astris
3225 3882 3322 3935 per
3352 3882 3452 3919 an-

1888 3975 2018 4014 num
2057 3960 2355 4029 contingit;
2390 3959 2473 4013 sol
2497 3960 2641 4013 enim
2679 3973 2861 4012 annuo
2900 3966 3139 4029 tempore
3167 3949 3448 4011 zodiacum

1889 4051 2156 4111 circulum
2186 4064 2506 4121 peragrans,
2540 4065 2735 4105 rursus
2779 4048 2845 4103 ad
2877 4048 3093 4104 easdem
3128 4049 3316 4103 stellas
3355 4063 3447 4104 ac-

1888 4144 2051 4199 cedit.

1962 4235 2260 4291 Matutinus
2293 4242 2449 4290 ortus
2483 4249 2514 4288 a
2542 4232 2854 4304 vespertino
2885 4240 3008 4286 ortu
3040 4231 3105 4287 iis
3140 4232 3303 4287 astris
3331 4247 3451 4301 qua:

1890 4330 1943 4383 in
1975 4327 2199 4382 zodiaco
2220 4337 2348 4383 sunt
2371 4327 2496 4388 sita,
2523 4341 2616 4395 per
2636 4331 2897 4379 semestre
2917 4330 3132 4392 tempus
3152 4322 3450 4394 contingit;

1891 4421 2019 4475 item
2074 4420 2377 4474 matutinus
2430 4432 2658 4472 occasus
2692 4432 2721 4470 a
2767 4415 3082 4487 vespertino
3120 4428 3352 4482 occasu;
3398 4425 3454 4469 at

215 4506 331 4568 τοῖς
362 4505 420 4558 δὲ
452 4504 809 4575 βορειοτέροις
846 4500 939 4556 τοῦ
984 4501 1247 4567 ζωδιακοῦ
1282 4502 1480 4556 κύκλου
1517 4504 1784 4574 κειμένοις

1892 4511 1960 4567 iis
1991 4511 2180 4576 astris,
2212 4527 2334 4581 qua:
2362 4518 2514 4565 extra
2546 4508 2830 4563 zodiacum
2861 4525 3053 4564 versus
3082 4508 3303 4563 boream
3328 4516 3454 4563 sunt

223 4595 441 4666 ιὶσκτροις
468 4594 579 4666 ἑῴα
610 4595 706 4664 μὲν
737 4593 956 4666 ἑπιτολὴ
994 4594 1102 4647 ἀπὸ
1142 4594 1398 4666 ἑσπερίοις
1428 4594 1678 4665 ἑπιτολῆς
1700 4595 1786 4648 διὰ

222 4684 465 4747 πλείονος
487 4685 676 4755 χρόνου
706 4683 738 4754 ἢ
774 4682 1124 4754 ἑξαμηνιαίου
1163 4684 1404 4750 γίνεται·
1439 4686 1550 4748 τοῖς
1573 4683 1628 4736 δὲ
1655 4684 1787 4754 πρὸς

216 4775 569 4848 μεσημϐρίαν
598 4775 868 4846 κειμένοις
891 4774 985 4828 τοῦ
1011 4774 1270 4839 ζωδιακοῦ
1306 4774 1503 4829 κύκλου
1533 4774 1642 4845 ἑῴα
1668 4777 1789 4828 ἑπι-

226 4865 349 4940 coll}
390 4868 498 4922 ἀπὸ
529 4868 787 4941 ἑσπερίας
815 4868 1064 4939 ἑπιτολῆς
1102 4869 1169 4922 δι’
1195 4868 1472 4932 ἐλάττονος
1507 4868 1539 4940 ἦ
1585 4867 1788 4939 ἐξαμη-

227 4959 394 5015 διαίου
442 4959 634 5032 χρόνου
675 4959 901 5028 γίνεται.
949 4960 1008 5013 Ὀ
1034 4958 1090 5011 δὲ
1132 4958 1439 5022 πλεονάζων
1465 4959 1655 5030 χρόνος
1694 4958 1785 5011 τοῦ

218 5051 494 5121 ἑξαμήνου
519 5051 619 5105 οὐκ
650 5050 766 5105 ἔστι
786 5053 919 5104 πᾶσι
947 5053 1058 5114 τοῖς
1085 5050 1304 5123 ἄστροις
1323 5050 1644 5122 ὡρισμένος,
1673 5049 1785 5102 ἀλλ’

217 5136 301 5207 οἷς
329 5143 430 5209 μὲν
477 5142 695 5208 πλείων,
728 5138 811 5206 οἷς
848 5142 904 5195 δὲ
941 5141 1194 5196 ἐλάττων.
1232 5143 1356 5205 Τοῖς
1399 5142 1456 5195 δὲ
1497 5143 1604 5214 γὰρ
1651 5143 1785 5213 πρὸς

222 5234 423 5304 ἄρκτον
459 5232 546 5286 ἀεὶ
574 5231 774 5303 μᾶλλον
816 5230 1090 5303 κειμένοις
1121 5230 1321 5284 πλείων
1348 5232 1435 5284 ἀεὶ
1468 5233 1562 5284 καὶ
1587 5231 1786 5285 πλείων

219 5329 249 5380 ὁ
272 5326 461 5397 χρόνος
496 5324 723 5393 γίνεται,
746 5323 833 5378 διὰ
866 5324 927 5377 τὸ
969 5321 1190 5394 μείζονα
1215 5325 1475 5395 τμήματα
1507 5324 1645 5393 ὑπὲρ
1681 5324 1785 5395 γῆν

221 5417 481 5492 φέρεσθαι
510 5419 623 5482 τοῖς
656 5415 703 5449 ⁸⁸
734 5417 821 5470 ἀεὶ
854 5416 1054 5486 μᾶλλον
1092 5415 1228 5487 πρὸς
1259 5417 1458 5488 ἄρκτον
1491 5414 1781 5487 κειμένοις.

222 5509 343 5572 Τοῖς
374 5507 432 5562 δὲ
454 5508 590 5579 πρὸς
620 5506 961 5580 μεσημϐρίαν
1008 5508 1207 5577 μᾶλλον
1231 5508 1496 5578 κειμένοις
1540 5509 1625 5561 ἀεὶ
1655 5509 1787 5577 μᾶλ-

221 5597 307 5652 λον
344 5607 440 5652 και
482 5597 680 5669 μᾶλλον
714 5598 947 5654 ἐλάττων
980 5600 1008 5651 ὁ
1052 5598 1238 5671 χρόνος
1269 5599 1496 5667 γίνεταιθ
1534 5599 1785 5655 ἐλάττονα

383 5780 428 5852 Ῑ.
465 5777 613 5843 τούς,
653 5788 705 5835 et
739 5782 1041 5851 κειμένους.

1896 4605 2021 4668 sita,
2048 4603 2350 4658 matutinus
2382 4610 2534 4657 ortus
2580 4616 2610 4654 a
2647 4601 2955 4669 vespertino
2993 4609 3116 4655 ortu
3151 4617 3247 4671 per
3276 4599 3454 4670 majus

1895 4704 2111 4765 tempus
2135 4708 2296 4763 quam
2341 4702 2601 4748 semestre
2633 4692 2932 4762 contingit;
2990 4693 3152 4747 astris
3178 4708 3308 4746 vero
3344 4691 3451 4754 his,

1894 4803 2017 4858 quae
2046 4795 2197 4840 extra
2228 4784 2507 4839 zodiacum
2555 4798 2747 4837 versus
2773 4783 3053 4837 meridiem
3084 4784 3262 4853 posita
3302 4792 3450 4848 sunt,

1895 4878 2197 4931 matutinus
2222 4883 2376 4929 ortus
2397 4891 2427 4927 a
2461 4873 2773 4943 vespertino
2805 4882 2927 4927 ortu
2952 4888 3046 4943 per
3073 4873 3293 4928 brevius
3316 4882 3454 4928 tem—

1896 4984 2019 5038 pus,
2051 4983 2213 5038 quam
2257 4976 2542 5030 semestre,
2580 4965 2865 5037 contingit.
2900 4965 3137 5036 Tempus
3178 4980 3308 5020 vero
3340 4980 3456 5019 ma-

1887 5063 1981 5131 jus
2018 5061 2268 5116 semestri
2306 5074 2412 5113 nou
2446 5066 2530 5113 est
2558 5058 2814 5113 omnibus
2840 5057 3004 5111 astris
3025 5056 3326 5122 definitum,
3359 5054 3456 5110 sed

1895 5157 2021 5211 aliis
2052 5155 2437 5226 longius,.aliis
2460 5152 2703 5208 brevius.
2726 5151 2859 5206 Nam
2886 5151 2953 5206 iis
2985 5151 3147 5205 astris
3175 5165 3295 5220 quae
3324 5164 3457 5205 sem-

1896 5263 1990 5317 per
2009 5248 2183 5316 magis
2206 5246 2484 5315 magisque
2514 5258 2706 5299 versus
2733 5241 3155 5313 septentrionem
3178 5249 3304 5295 sunt
3327 5238 3454 5301 sita,

1895 5353 2110 5407 semper
2143 5351 2362 5406 quoque
2389 5335 2564 5405 majus
2592 5334 2882 5402 majusque
2912 5343 3126 5401 tempus
3156 5331 3453 5402 contingit:

1893 5445 1959 5484 eo
1996 5427 2142 5498 quod
2174 5442 2388 5497 semper
2415 5426 2623 5495 majora
2648 5434 2926 5495 segmenta
2950 5439 3113 5494 supra
3151 5431 3349 5478 terram
3377 5420 3456 5476 fe-

1901 5530 2094 5574 rantur
2122 5518 2192 5575 iis
2226 5534 2345 5589 quae
2369 5533 2580 5587 semper
2612 5516 2782 5586 magis
2820 5530 3009 5569 versus
3038 5511 3454 5583 septentrionem

1895 5623 2019 5670 sunt
2041 5613 2237 5685 posita.
2262 5611 2327 5667 At
2359 5611 2425 5666 iis
2455 5609 2614 5665 astris
2642 5625 2761 5687 quas.
2808 5623 2997 5664 versus
3031 5605 3306 5663 mendiem
3342 5619 3457 5658 ma-
