3886 6268
522 348 628 409 ’851

1552 351 1893 409 APPENDIX
1933 312 2026 407 Al)
2055 345 2325 406 EUSEBII
2364 348 2781 407 CHRONICON.

3675 344 3763 402 828

529 477 613 547 gis
639 473 937 539 declinant,
967 488 1182 544 semper
1217 473 1389 544 magis
1417 474 1701 544 magisque
1725 474 1945 530 brevius
1970 490 2091 530 eve-

2208 468 2308 542 γάρ
2339 470 2408 525 τὰ
2435 472 2696 542 τμήματα
2727 469 2868 541 ὑπὲρ
2913 464 3018 536 γῆν
3062 465 3325 538 φέρονται
3378 462 3433 518 οἰ
3477 463 3610 535 πρὸς
3648 483 3761 536 μιτ-

531 568 615 622 nit
658 578 899 637 tempus;
942 567 1113 622 stellae
1165 566 1310 621 enim
1361 582 1553 623 versus
1596 565 1877 621 meridiem
1911 567 2100 637 positae

531 660 785 716 feruntur
813 660 868 714 in
903 659 1209 715 minoribus
1234 659 1528 730 segmentis
1569 675 1737 730 supra
1772 668 1994 715 terram.

601 753 804 809 Contra
835 752 905 806 iis
930 752 1108 807 stellis
1131 767 1253 822 quae
1283 760 1436 806 extra
1463 752 1749 808 zodiacum
1779 769 1972 809 versus
2004 753 2103 808 bo-

528 859 683 900 ream
714 852 843 898 sunt
877 842 1016 905 sitae,
1060 851 1277 914 tempus
1323 840 1457 897 illud
1491 844 1674 900 minus
1714 850 1799 900 est
1829 845 2099 913 semestri,

529 934 677 1006 quod
710 944 794 990 est
826 950 856 987 a
887 936 1154 990 matutino
1199 951 1402 991 occasu
1438 952 1612 1005 usque
1636 937 1706 991 ad
1730 940 2100 1007 vespertinum

532 1036 737 1084 ortum.
779 1027 852 1083 lis
877 1042 1004 1082 vero
1043 1026 1239 1090 stellis,
1277 1043 1399 1097 qua;
1429 1043 1621 1083 versus
1666 1028 1946 1084 meridiem
1975 1039 2102 1086 sunt

532 1121 746 1193 positae,
782 1120 963 1189 majus
993 1120 1246 1175 semestri
1287 1126 1373 1175 est
1416 1128 1631 1190 tempus
1654 1120 1810 1189 illud,
1840 1121 1984 1192 quod
2017 1129 2103 1178 est

534 1215 566 1265 a
602 1212 870 1265 matutino
915 1226 1114 1266 occasu
1161 1226 1336 1280 usque
1378 1210 1444 1266 ad
1484 1212 1853 1282 vespertinum
1897 1221 2099 1268 ortum.

537 1296 787 1358 varietas
813 1310 991 1357 autem
1017 1310 1326 1372 temporum
1360 1303 1651 1373 respondet
1674 1304 1953 1360 distantiis
1974 1305 2103 1360 stel-

535 1392 710 1446 larum
744 1407 773 1445 a
812 1391 1034 1446 zodiaco
1071 1391 1300 1458 circulo,
1345 1392 1644 1446 secundum
1697 1401 2101 1463 segmentorum

517 1484 873 1550 varietatem,
907 1498 1029 1554 qua
1061 1498 1227 1554 supra
1246 1490 1451 1539 terram
1475 1485 1543 1539 ab
1564 1483 1845 1539 horizonte
1876 1483 2102 1538 interci-

534 1576 775 1645 piuntur.
1182 1574 1185 1578 ’

603 1688 789 1745 Stellis
829 1689 897 1746 iis
925 1705 1047 1760 qua:
1090 1690 1147 1744 in
1180 1689 1407 1745 zodiaco
1464 1690 1674 1746 circulo
1712 1696 1841 1747 sunt
1872 1690 1991 1746 sitae
2028 1687 2105 1745 si—

2201 582 2233 635 η
2242 563 2440 635 μόρίαν
2465 563 2691 632 ἀστέρες
2716 561 2975 632 κείμενοι.

2281 762 2572 819 Ἀνάπαλιν
2596 760 2654 815 δὲ
2668 762 2781 824 τοῖς
2800 758 2938 830 πρὸς
2953 759 3150 830 ἄρκτον
3171 755 3465 826 κειμένοις
3484 753 3577 807 τοῦ
3596 752 3759 819 ζωδια-

2200 857 2296 911 κοῦ
2316 855 2515 908 κύκλου
2541 851 2778 906 ἐλάττων
2799 849 2916 902 ἐστὶ
2941 847 3130 919 χρόνος
3150 846 3439 917 ἑξαμήνου
3469 844 3499 896 ὁ
3526 845 3627 897 ἀπὸ
3645 847 3757 914 ἑῴας

2199 947 2403 1008 δύσεως
2450 943 2640 1015 μέχρις
2682 940 2942 1012 ὲσπερίας
2989 937 3285 1007 ὲπιτολῆςο
3322 935 3373 967 ⁸⁵
3406 937 3521 998 τοῖς
3562 934 3616 988 δὲ
3649 937 3758 1007 πρὸς

2204 1035 2551 1109 μεσημϐρίαν
2575 1032 2776 1086 πλείων
2799 1034 2828 1085 ὁ
2859 1031 3047 1102 χρόνος
3068 1028 3354 1100 ἑξαμήνου
3392 1027 3502 1080 ἀπὸ
3532 1026 3661 1097 ἑῴας
3682 1030 3755 1082 δύ-

2202 1144 2339 1192 σεως
2378 1126 2568 1198 μέχρις
2624 1122 2883 1194 ὲσπερίας
2929 1120 3199 1191 ὲπιτολῆς.
3248 1119 3321 1172 Ἦ
3360 1118 3423 1172 δὲ
3470 1118 3753 1190 παραλλαγὴ

2202 1217 2308 1272 τῶν
2346 1216 2552 1289 χρόνων
2578 1212 2886 1276 ἀκολούθως
2912 1211 3121 1279 γίνεται
3139 1211 3266 1272 ταῖς
3296 1207 3631 1280 προστάσεσι
3660 1215 3754 1273 ταῖς

2201 1309 2309 1363 ἀπὺ
2338 1306 2433 1360 τοῦ
2472 1301 2739 1369 ζωδιακοῦ
2774 1301 2975 1355 κύκλου
3021 1299 3162 1353 κατά
3185 1298 3294 1370 τὴν
3340 1296 3457 1349 τῶν
3492 1299 3753 1367 τμημάτων

2203 1397 2560 1470 παραλλαγὴν
2609 1393 2717 1447 τῶν
2762 1392 2904 1466 ὑπὲρ
2947 1390 3052 1462 γῆν
3091 1388 3632 1461 ἀπολαμϐανομένων
3672 1389 3750 1442 ὑπὸ

2201 1488 2296 1544 τοῦ
2328 1486 2621 1560 ὁρίζοντος.

2272 1695 2399 1759 Τοῖς
2430 1693 2487 1747 δὲ
2535 1690 2629 1746 ἐπὶ
2660 1688 2753 1744 τοῦ
2794 1687 3058 1755 ζωδιακοῦ
3105 1687 3313 1742 κύκλου
3360 1684 3625 1758 κειμένοις
3659 1687 3748 1757 ἅμα

522 1781 644 1835 ‘mul
676 1781 944 1852 contingit
978 1781 1285 1836 matutinus
1332 1788 1489 1837 ortus
1540 1788 1595 1836 et
1628 1781 1972 1846 vespertinus
2005 1796 2099 1836 oc-

2208 1788 2408 1857 γίνεται
2440 1784 2550 1856 ἑῴα
2598 1780 2819 1853 ὲπιτολὴ
2855 1780 2950 1835 καὶ
2996 1780 3229 1854 έσπερία
3278 1777 3458 1842 δύσις,
3491 1780 3581 1832 καὶ
3619 1781 3745 1834 πάλιν

530 1886 713 1935 casus,
749 1879 805 1926 et
836 1888 1030 1929 rursus
1082 1873 1244 1928 simul
1278 1873 1580 1928 matutinus
1620 1889 1849 1930 occasus
1920 1881 1973 1929 et
2005 1889 2091 1928 ve-

532 1964 810 2035 spertinus
838 1972 1015 2021 ortus.
1064 1964 1312 2035 Reliquis
1344 1965 1510 2020 astris
1555 1981 1667 2020 non
1698 1965 1861 2020 simul
1903 1965 2100 2035 praedi-

531 2064 634 2113 ctae
664 2059 874 2129 species
904 2058 1292 2131 perﬁciuntur;
1325 2060 1420 2114 sed
1456 2059 1539 2114 ha:
1565 2060 1775 2113 variant
1800 2059 2099 2113 secundum

531 2154 796 2220 tempora,
837 2166 961 2205 cum
987 2151 1157 2207 stella:
1181 2151 1418 2206 habeant
1447 2151 1771 2206 circularem
1801 2156 2008 2205 motum
2032 2150 2101 2205 ab

524 2250 656 2297 'ortu
686 2259 877 2300 versus
907 2260 1189 2301 occasum.
1232 2245 1363 2312 Quae
1401 2247 1548 2301 enim
1591 2261 1783 2302 eorum
1826 2256 2099 2302 astrorum

533 2335 637 2391 sita
670 2343 798 2391 sunt
831 2339 886 2392 in
919 2337 1129 2393 circulo
1160 2340 1556 2409 aequinoctiali,
1603 2339 1868 2410 aqualem
1897 2338 2100 2393 habent

516 2432 756 2483 cursum
806 2444 972 2500 supra
1008 2437 1236 2495 terram,
1268 2437 1323 2486 et
1358 2431 1499 2486 infra
1540 2440 1775 2499 terram;
1820 2430 2100 2501 aequaliter

532 2517 676 2572 enim
709 2526 928 2574 secatur
954 2521 1357 2591 aequinoctialis
1394 2522 1638 2577 circulus
1666 2521 1735 2575 ah
1770 2520 2052 2575 horizonte
2082 2536 2096 2574 :

532 2623 653 2677 quae
705 2623 836 2662 vero
891 2616 1040 2663 astra
1086 2617 1240 2665 extra
1288 2610 1723 2678 aequinoctialem
1776 2624 1968 2665 versus
2009 2609 2101 2663 ho-

516 2713 680 2776 ‘ream
710 2708 837 2755 sunt
865 2701 989 2768 sita,
1023 2701 1139 2755 haec
1165 2701 1358 2769 majori
1386 2708 1629 2772 tempore
1660 2700 1909 2756 feruntur
1935 2714 2101 2769 supra

517 2793 920 2858 horizontem,
972 2795 1186 2850 minore
1246 2804 1491 2865 tempore
1539 2793 1681 2848 infra
1738 2794 2097 2849 horizontem.

532 2883 787 2940 Omnium
844 2887 989 2942 enim
1035 2887 1369 2942 circulorum
1449 2887 1504 2940 in
1549 2887 1750 2956 quibus
1810 2896 2102 2943 moventur

534 2978 842 3035 inerrantes
879 2980 1071 3043 stellae,
1128 2982 1337 3048 majora
1382 2986 1659 3049 segmenta
1701 2995 1867 3048 supra
1898 2986 2096 3034 terram

533 3071 956 3141 intercipiuntur
984 3072 1052 3126 ab
1080 3071 1387 3137 horizonte,
1417 3071 1630 3126 minora
1664 3087 1793 3127 vero
1823 3071 1961 3126 infra
1990 3080 2100 3126 ter-

2207 1879 2322 1950 ἅμα
2353 1875 2464 1948 ὲῴα
2487 1875 2638 1939 δύσις
2667 1874 2760 1929 καὶ
2789 1872 3017 1944 ὲσπερία
3056 1871 3303 1941 ὲπιτολή.
3340 1871 3469 1935 Τοῖς
3496 1869 3555 1925 ἃ
3576 1871 3745 1935 λοιπῷ

2206 1970 2424 2040 ἄστροις
2458 1967 2556 2037 ούχ
2595 1965 2711 2036 ἅμα
2742 1963 2810 2017 τά
2853 1960 3227 2034 προειρημένα
3265 1959 3388 2028 εῖδη
3429 1960 3737 2014 ἐπιτελεῖται·

2206 2058 2341 2112 ἀλλά
2362 2056 2667 2112 διαλλάσσει
2695 2053 2834 2107 κατά
2859 2053 2986 2116 τοὺς
3025 2051 3275 2122 χρόνους,
3307 2050 3422 2104 τῶν
3443 2051 3665 2122 ἀστέρων
3683 2068 3744 2104 κιο

2207 2152 2479 2222 νουμένων
2522 2147 2810 2217 ἐγκύκλιον
2852 2145 3023 2217 φορὰν
3052 2142 3159 2198 ἀπὸ
3192 2142 3477 2198 ἀνατολῶν
3500 2145 3584 2196 ἐπὶ
3602 2142 3735 2196 δύσιν.

2209 2242 2350 2295 Ὅσα
2385 2240 2483 2311 μὲν
2508 2233 2600 2292 οὖν
2630 2237 2808 2292 αὐτῶν
2837 2235 2930 2288 ἐπὶ
2959 2233 3051 2287 τοῦ
3083 2234 3410 2306 ἰσημερινοῦ
3445 2234 3628 2287 κύκλου
3651 2238 3737 2287 κεῖ-

2205 2351 2317 2398 ται,
2348 2333 2440 2385 τὸν
2475 2330 2586 2385 ἴσον
2609 2330 2808 2402 δρόμον
2840 2326 2979 2398 ὑπὲρ
3008 2324 3112 2396 γῆν
3141 2328 3376 2397 φέρεται
3404 2326 3496 2379 καὶ
3526 2326 3620 2378 ὑπὸ
3636 2326 3730 2395 γῆν·

2206 2425 2563 2495 διχοτομεῖται
2616 2421 2723 2493 γὰρ
2750 2422 2778 2474 ὁ
2812 2420 3122 2493 ἰσημερινός
3158 2420 3364 2484 κύκλος
3410 2417 3512 2471 ύπδ
3547 2416 3628 2470 τοῦ
3651 2416 3735 2487 6ρί-

2208 2516 2390 2581 ζοντος
2410 2532 2424 2546 ο
2455 2516 2554 2568 ὅσα
2577 2514 2633 2567 δὲ
2680 2513 2786 2567 τῶν
2815 2513 3031 2586 ἄστρων
3073 2513 3210 2584 πρὸς
3250 2512 3453 2584 ἄρκτον
3488 2513 3642 2564 κεῖται
3662 2509 3731 2563 rei

2211 2606 2525 2679 ἰσημερινοῦ
2568 2604 2788 2669 κύκλου,
2816 2604 2990 2656 ταῦτα
3036 2602 3263 2657 πλείονα
3294 2604 3394 2673 μὲν
3419 2600 3595 2671 χρόνον
3629 2598 3733 2667 ύτὲρ

2206 2699 2312 2768 γῆν
2341 2698 2583 2770 φέρεται,
2630 2697 2887 2753 ἐλάττονα
2914 2697 2971 2750 δὲ
2999 2697 3103 2750 ὑπὸ
3130 2697 3260 2768 γῆν.
3301 2696 3521 2750 Πάντων
3549 2693 3641 2764 γὰρ
3656 2692 3726 2744 ιώ-

2209 2790 2371 2853 κλων,
2404 2789 2524 2844 καθ’
2546 2782 2621 2843 ὧν
2646 2789 2899 2860 φέρονται
2923 2790 2971 2841 οἰ
3000 2787 3262 2852 ἀπλανεῖς
3286 2786 3530 2858 ἀστέρες,
3557 2783 3731 2854 μείζονα

2211 2883 2310 2953 μὲν
2339 2883 2604 2953 τμήματα
2633 2880 2774 2952 ὑπὲρ
2802 2880 2907 2949 γῆν
2945 2879 3393 2949 ἀπολαμϐάνεται
3425 2875 3524 2929 ὑπὸ
3552 2873 3629 2927 τοῦ
3646 2873 3729 2942 ὀρε-

2209 2973 2409 3038 ζοντος,
2451 2973 2707 3026 ἐλάττονα
2736 2971 2791 3024 δὲ
2826 2971 2932 3024 ὑπὸ
2964 2971 3086 3042 γῆν,
3112 2970 3199 3024 διά
3234 2970 3298 3023 τὸ
3322 2968 3527 3039 ἕξαρμα
3561 2964 3638 3018 τοῦ
3660 2963 3730 3015 πό-

2207 3064 2319 3119 λου.
2358 3066 2497 3118 Ὅσα
2546 3065 2603 3118 δὲ
2626 3063 2734 3117 τῶν
2785 3061 3000 3136 ἄστρων
3032 3064 3166 3136 πρὸς
3216 3062 3554 3134 μεσημϐρίαν
3594 3062 3725 3111 κεῖται

533 3179 675 3225 ram,
696 3170 917 3233 propter
939 3163 1295 3219 elevationem
1322 3163 1460 3233 poli;
1486 3179 1607 3233 quae
1630 3179 1759 3218 vero
1781 3171 1929 3219 astra
1944 3173 2095 3218 extra

2208 3154 2291 3211 τοῦ
2316 3156 2625 3228 ἰσημερινοῦ
2654 3155 2875 3217 κύκλου,
2905 3155 3156 3210 ἐλάττονα
3186 3157 3286 3227 μὲν
3310 3154 3477 3226 φορὰν
3516 3151 3634 3220 ὑπὲρ
3652 3150 3727 3218 γῆν

532 3252 970 3323 asquinoctialem
1019 3268 1212 3309 versus
1249 3253 1531 3309 meridiem
1594 3260 1723 3310 sunt
1788 3254 1989 3325 posita,
2040 3243 2104 3308 ea

534 3346 802 3400 minorem
854 3345 1056 3401 habent
1106 3353 1312 3400 motum
1365 3360 1531 3416 supra
1574 3352 1797 3412 terram,
1843 3345 2103 3414 majorem

536 3435 681 3491 infra
726 3444 952 3492 terram.
1006 3437 1222 3491 Rursus
1273 3437 1418 3491 enim
1462 3436 1735 3494 australes
1782 3436 1995 3498 circuli,
2047 3437 2103 3490 in

535 3529 739 3600 quibus
760 3529 1064 3584 inerrantes
1094 3528 1266 3583 stella:
1285 3528 1556 3590 feruntur,
1583 3527 1794 3581 minora
1824 3534 2103 3597 segmenta

535 3621 737 3676 habent
774 3622 940 3688 supra
986 3627 1214 3683 terram,
1257 3619 1465 3689 majora
1497 3617 1643 3672 infra
1685 3627 1910 3674 terram.
1955 3617 2104 3674 Talis

535 3727 658 3766 cum
688 3711 759 3767 sit
785 3717 986 3772 motus,
1024 3711 1394 3767 inerrantibus
1437 3710 1626 3774 astris,
1672 3711 1852 3767 evenit
1909 3721 1965 3766 ut
1993 3725 2103 3766 non

536 3799 720 3853 omnia
772 3814 895 3868 qua:
937 3799 1099 3854 simul
1139 3800 1396 3854 oriuntur
1447 3799 1612 3855 simul
1639 3800 1799 3855 etiam
1830 3799 2102 3866 occidant,

537 3889 630 3945 sed
662 3905 727 3943 ex
759 3889 824 3945 iis
860 3904 980 3959 qum
1009 3889 1167 3945 simul
1197 3893 1447 3947 oriuntur
1484 3907 1546 3946 ea
1594 3906 1716 3960 quae
1760 3890 1934 3961 magis
1975 3899 2105 3948 sunt

537 3974 799 4036 australia
849 3997 1066 4051 semper
1099 3983 1251 4052 prius
1286 3982 1564 4046 occidant,
1608 3998 1674 4037 eo
1714 3983 1859 4052 quod
1891 3983 2103 4038 minora

538 4080 817 4143 segmenta
867 4072 1103 4128 habeant
1136 4090 1303 4145 supra
1343 4081 1580 4139 terram;
1633 4074 1890 4129 similiter
1928 4090 2104 4144 neque

535 4179 598 4218 ea
620 4179 739 4233 quae
771 4164 934 4220 simul
966 4166 1244 4231 occidunt,
1288 4165 1449 4221 simul
1499 4164 1661 4218 etiam
1705 4164 1976 4229 oriuntur,
2008 4166 2104 4221 sed

535 4269 602 4308 ex
633 4254 699 4309 iis
729 4269 793 4308 ea
822 4269 942 4324 quae
970 4262 1098 4309 sunt
1132 4254 1304 4325 magis
1337 4255 1600 4319 horealia,
1637 4257 1788 4326 prius
1827 4256 2101 4318 oriuntur,

535 4360 601 4398 eo
620 4346 764 4414 quod
785 4344 924 4399 infra
943 4345 1283 4400 horizontem
1305 4345 1517 4399 minora
1540 4346 1778 4401 habeant
1800 4357 2099 4416 segmenta.

536 4432 752 4492 Rursus
792 4452 968 4507 neque
1001 4452 1067 4493 ea
1095 4454 1216 4507 quae
1253 4438 1405 4508 prius
1426 4438 1699 4499 oriuntur,
1740 4437 1902 4492 etiam
1949 4438 2099 4507 prius

537 4524 831 4592 occidunt;
869 4502 964 4581 sed
1004 4502 1473 4594 quasdam-corum
1500 4542 1621 4596 quae
1652 4526 1806 4596 prius
1827 4502 2097 4593 oriuntur,
2134 4502 2176 4557 θ

539 4617 702 4670 simul
725 4617 883 4671 etiam
919 4616 1207 4683 occidunt;
1249 4616 1495 4686 quaedam
1530 4632 1658 4671 vero
1689 4616 1979 4686 posterius.
2012 4614 2100 4669 Si-

538 4708 739 4763 militer
785 4724 975 4764 eorum
1020 4724 1141 4779 quae
1186 4709 1338 4778 prius
1377 4708 1653 4773 occidunt,
1699 4707 1943 4778 quaedam
1996 4724 2101 4767 non

538 4802 791 4855 oriuntur
838 4801 1013 4872 prius,
1064 4800 1157 4856 sed
1207 4799 1371 4854 simul
1420 4799 1671 4854 oriuntur
1723 4806 1777 4853 et
1811 4796 2100 4863 occidunt,

508 4886 644 4948 ‘alia
670 4893 847 4963 prius,
898 4891 1003 4946 alia
1039 4891 1332 4962 posterius.
1386 4889 1715 4945 Mentionem
1766 4887 1894 4942 facit
1927 4897 1980 4944 et
2014 4888 2104 4942 ho-

538 4999 659 5037 rum
695 4999 760 5039 ex
788 4991 940 5053 parte
969 4980 1189 5045 Aratus,
1227 4996 1351 5035 cum
1376 4979 1456 5034 sic
1486 4977 1663 5048 inquit
1706 4995 1719 5030 :

542 5095 647 5150 Sed
676 5110 877 5164 semper
903 5094 1111 5149 Taurus
1142 5094 1368 5164 velocior
1394 5092 1593 5160 Auriga

544 5165 609 5220 In
644 5160 867 5231 alteram
893 5174 1096 5235 partem
1126 5162 1455 5227 descendere,
1491 5163 1608 5215 licet
1641 5160 1802 5215 simul
1829 5161 2099 5217 ascendat.

612 5280 666 5336 In
697 5281 784 5337 his
828 5281 976 5336 enim
1013 5279 1211 5349 inquit,
1263 5276 1503 5331 Taurum
1544 5275 1707 5331 simul
1741 5288 1865 5329 cum
1904 5275 2103 5345 Auriga

540 5380 746 5436 ortum,
780 5371 935 5441 prius
984 5376 1164 5423 tamen
1199 5367 1468 5423 occidere.
1502 5363 1587 5418 Fit
1624 5372 1804 5419 autem
1839 5364 1941 5417 hoc
1989 5381 2106 5433 pro-

545 5472 663 5533 pter
694 5469 1095 5533 segmentorum
1137 5474 1443 5522 excessum,
1473 5457 1529 5510 in
1559 5456 1756 5526 quibus
1801 5472 1965 5527 supra
2007 5467 2106 5511 ter-

545 5568 684 5615 ram,
726 5559 783 5611 ct
831 5549 973 5605 infra
1019 5558 1219 5605 terram
1267 5550 1571 5603 inerrantes
1620 5547 1789 5603 stella:
1836 5548 2100 5604 feruntur.

550 5641 776 5713 Propter
833 5642 972 5696 hanc
1035 5648 1215 5695 autem
1266 5640 1532 5709 Sphaeram
1588 5655 1693 5694 non
1745 5638 1924 5693 omnia
1959 5647 2104 5695 astra

581 5773 623 5805 “
655 5772 781 5828 Βίης
808 5772 1070 5829 desuntin
1100 5771 1390 5826 releribus.

2208 3250 2452 3321 φέρεται,
2481 3247 2699 3302 πλείονα
2721 3248 2778 3301 δὲ
2808 3249 2913 3301 ὑπὸ
2942 3248 3063 3319 γῆν.
3088 3246 3261 3301 Πάλιν
3287 3246 3396 3316 γὰρ
3414 3244 3515 3297 τῶν
3535 3241 3720 3298 κύκλων,

2206 3341 2326 3394 καθ’
2359 3336 2434 3395 ὧν
2487 3341 2740 3413 φέρονται
2772 3342 2818 3394 οἱ
2857 3340 3114 3402 ἀπλανεῖς
3159 3338 3395 3410 ἀστέρες
3427 3338 3471 3389 οἱ
3509 3334 3589 3399 ἐπὶ
3626 3346 3722 3401 μεσ-

2202 3432 2443 3504 ημϐρίαν
2474 3433 2733 3503 κείμενοι,
2783 3430 3041 3484 ἐλάττονα
3076 3430 3173 3501 μὲν
3218 3431 3477 3500 τμήματα
3504 3425 3622 3493 ὑπὲρ
3644 3420 3720 3489 γῆν

2204 3524 2404 3595 ἔχουσι,
2444 3523 2664 3594 μείζονα
2702 3521 2758 3574 δὲ
2790 3520 2897 3574 ὑπὸ
2926 3521 3048 3591 γῆν.
3092 3519 3364 3589 Τοιαύτης
3385 3516 3440 3569 δὲ
3467 3514 3615 3586 φορᾶς
3635 3510 3717 3569 toi;

2204 3617 2498 3671 ἀπλανέσιν
2528 3616 2746 3687 ἄστροις
2778 3613 3149 3684 ὑπαρχούσης,
3178 3610 3461 3683 συμϐαίνει
3491 3605 3556 3677 μὴ
3581 3604 3714 3657 πάντα

2204 3710 2271 3764 τά
2327 3709 2443 3779 ἅμα
2505 3707 2860 3762 ἀνατέλλοντα
2910 3706 3003 3759 καὶ
3036 3706 3151 3776 ἄμα
3210 3703 3408 3764 δύνειν,
3472 3696 3588 3753 ἀλλά
3635 3691 3715 3745 τῶν

2204 3802 2319 3873 ἅμα
2367 3799 2760 3855 ἀνατελλόντων
2790 3800 2876 3852 ἀεὶ
2917 3798 2984 3852 τά
3017 3797 3154 3869 πρὸς
3188 3792 3526 3867 μεσημϐρίαν
3560 3784 3712 3875 μᾶλλόν

2202 3893 2380 3948 αύτῶν
2425 3892 2651 3963 κείμενα
2708 3892 2969 3963 πρότερον
3031 3889 3227 3955 δύνειν,
3294 3887 3382 3942 διὰ
3412 3884 3469 3937 τὸ
3511 3880 3709 3934 ἐλάττονα

2202 3987 2462 4058 τμήματα
2516 3985 2656 4055 ὑπὲρ
2688 3984 2792 4053 γῆν
2848 3982 3142 4055 φέρεσθαι·
3189 3981 3390 4052 ὁμοίως
3428 3976 3480 4030 δὲ
3527 3970 3625 4024 οὐδὲ
3654 3964 3707 4058 ντὶ

2204 4057 2320 4148 ἅμα
2360 4076 2582 4131 δύνοντα
2610 4075 2725 4146 ἅμα
2773 4075 2867 4128 καὶ
2899 4073 3198 4136 ἀνατέλλει,
3239 4071 3375 4126 ἀλλὰ
3411 4069 3474 4121 τὰ
3499 4063 3610 4135 πρὸς
3638 4057 3708 4121 ἄν

2202 4186 2327 4224 κτον
2350 4168 2528 4223 αὐτῶν
2562 4167 2758 4239 μᾶλλον
2791 4167 3019 4237 κείμενα
3050 4166 3315 4237 πρότερον
3346 4157 3609 4217 ἀνατέλλει,
3641 4148 3705 4239 6ιά

2200 4263 2260 4316 τὸ
2290 4262 2544 4315 ἐλάττονα
2568 4238 2848 4330 τμήματα
2890 4258 2995 4311 ὑπὸ
3026 4258 3130 4328 γῆν
3178 4254 3451 4327 φέρεσθαι.
3496 4246 3633 4301 Πάλιν
3662 4238 3703 4291 δὲ

2200 4355 2319 4409 οὐδὲ
2348 4354 2417 4407 τὰ
2450 4354 2711 4426 πρότερον
2753 4351 3111 4406 ἀνατέλλοντα
3151 4352 3247 4404 καὶ
3285 4348 3532 4434 πρότερον
3561 4337 3699 4434 δύνεις

2203 4443 2336 4497 ἀλλὰ
2371 4443 2493 4497 τινὰ
2527 4444 2624 4513 μὲν
2659 4443 2765 4495 τῶν
2799 4442 3058 4513 πρότερον
3094 4439 3474 4493 ἀνατελλόντων
3510 4430 3604 4499 ἅμα
3632 4430 3700 4475 xz".

2202 4535 2366 4598 δύνει,
2402 4535 2522 4588 τινὰ
2547 4534 2603 4587 δὲ
2638 4533 2883 4604 ὕστερον.
2920 4532 3153 4603 Ὁμοίως
3177 4532 3233 4585 δὲ
3262 4530 3352 4584 καὶ
3376 4525 3475 4579 τῶν
3493 4520 3697 4591 πρότερον

2200 4625 2460 4679 δυνόντων
2493 4623 2615 4678 τινὰ
2666 4623 2763 4695 μὲν
2804 4625 2866 4677 ού
2901 4621 3308 4695 προανατέλλει,
3351 4616 3457 4673 ἀλλ’
3493 4611 3590 4683 ἅμα
3624 4604 3696 4675 μὲν

2201 4717 2478 4772 ἀνατέλλει
2510 4720 2604 4771 καὶ
2633 4717 2798 4784 δύνει,
2827 4716 2895 4770 τὰ
2923 4717 3019 4787 μὲν
3046 4716 3327 4787 πρότερον,
3350 4712 3412 4765 τὰ
3436 4709 3485 4761 δὲ
3504 4704 3689 4769 ὕστερον·

2202 4808 2546 4880 Μνημονεύει
2576 4808 2632 4862 δὲ
2663 4808 2980 4863 καὶτούτων
3010 4809 3104 4867 ἐπὶ
3135 4806 3300 4862 ποσὸν
3337 4804 3544 4873 Ἀρατος
3564 4791 3692 4858 λέγων

2200 4898 2372 4964 οὕτως
2390 4917 2404 4930 ·

2214 5101 2365 5155 Ἀλλ’
2390 5099 2503 5153 αἰεὶ
2548 5098 2765 5166 Ταῦρος
2789 5095 3260 5168 προφερέστερος
3300 5090 3631 5168 Ἠνιόχριοηι,

2592 5150 2936 5237 ﬂamini,
2971 5150 3278 5235 Βμηλῦσίᾖ
3324 5150 3680 5229 περ’ἆνελθώνυ

2284 5277 2370 5330 Ἑν
2398 5276 2506 5348 γὰρ
2525 5275 2729 5339 τούτοις
2754 5275 2914 5346 φησὶν
2935 5275 3050 5345 ἅμα
3077 5274 3166 5328 τὸν
3198 5272 3397 5344 Ταῦρον
3414 5264 3479 5337 τῷ
3514 5253 3681 5348 Ἧνιδὶίξ⁶
3746 5326 3753 5335 ε

2202 5367 2554 5422 ἁνατείλαντα
2590 5367 2850 5439 πρότερον
2887 5365 3081 5419 δύνειν.
3117 5364 3323 5427 Γίνεται
3353 5360 3401 5413 δὲ
3430 5353 3547 5409 οὕτω
3572 5335 3682 5409 παρά

2200 5460 2299 5530 τὴν
2322 5459 2429 5514 τῶν
2456 5457 2757 5531 τμημάτων
2783 5446 3073 5530 ὑπεροχὴν,
3096 5450 3170 5512 ὧν
3196 5457 3328 5527 ὑπὲρ
3349 5452 3439 5520 γῆν
3465 5441 3675 5530 φέροντα-ξι

2204 5554 2298 5606 καὶ
2331 5552 2434 5606 ὑπὸ
2465 5553 2569 5624 γῆν
2598 5554 2646 5605 οἰ
2672 5551 2929 5613 ἀπλανεῖς
2957 5550 3202 5621 ἀστέρες.
3236 5532 3330 5601 Διά
3356 5543 3407 5597 δὲ
3432 5537 3515 5606 τὴν
3544 5538 3676 5624 τοιαζ

2203 5661 2300 5714 την
2339 5632 2713 5715 σφαιροποιίαν
2747 5644 2804 5696 ού
2837 5642 3020 5696 πάντα
3052 5642 3119 5695 τὲ
3151 5642 3319 5712 ἄστρα
3341 5625 3569 5691 ἀνατέλλει
3590 5605 3677 5667 καθ’
