3886 6268
86 297 191 351 853

80 417 338 485 ἑκάστην
372 388 616 469 νύκτα·
651 417 784 472 ἀλλά
821 419 942 474 τινὰ
978 420 1076 492 μὲν
1109 420 1385 474 ἀνατέλλει
1431 421 1527 473 καὶ
1565 420 1729 486 δύνει,

85 507 208 559 τινὰ
238 503 303 560 δὲ
328 507 666 563 ἀνατέλλει
693 513 812 582 μὲν,
841 512 903 565 οὐ
933 511 1079 566 δύνει
1107 512 1194 566 δέ·
1225 512 1262 567 ἀ
1287 513 1343 567 δὲ
1370 512 1483 566 οὔτ’
1503 514 1728 567 ἀνατέλ-

87 602 188 663 lat,
225 595 366 652 οὔτε
418 598 634 653 δύνει·
668 601 803 656 ἀλλὰ
838 602 909 656 τά
944 603 1043 673 μὲν
1068 604 1446 677 ἀρκτικώτερα
1481 602 1727 675 κείμενα,

88 689 357 760 μετέωρα.
417 692 769 764 ὑπάρχοντα
808 694 947 764 μετὰ
986 693 1084 766 τὴν
1109 694 1203 747 τοῦ
1228 695 1379 767 ἡλίου
1421 694 1594 762 δύσιν,
1623 695 1730 767 πρὸ

85 782 184 851 τῆς
217 779 322 834 τοῦ
358 781 549 853 ἡλίου
599 783 863 855 ἀνατολῆς
898 784 980 837 ἔτι
1022 785 1400 858 μετεωρότεροι
1442 785 1726 855 φαίνεται⁶

86 874 153 926 τὰ
192 874 254 927 δὲ
300 875 849 949 μεσημϐρινῶτερα
908 877 1139 948 κείμενα
1185 876 1296 932 οὔτ’
1349 877 1725 943 ἀνατέλλοντα,

91 964 214 1018 οὔτε
240 964 504 1019 δύνοντα
536 966 835 1039 θεωρεῖται
855 984 869 998 '
903 966 1038 1022 ἀλλά
1084 968 1261 1024 πάντα
1281 967 1373 1022 τὸν
1404 970 1502 1040 τῆς
1535 969 1729 1033 νυκτὸς

92 1055 285 1126 χρόνον
309 1056 432 1108 ὑπὸ
466 1057 597 1127 γῆν
617 1060 894 1130 φέρονται.
927 1059 1087 1113 Ὅθεν
1112 1060 1207 1114 καί
1225 1078 1347 1115 τινα
1374 1048 1488 1114 τῶν
1513 1061 1728 1133 ἄστρων

96 1147 404 1218 ἁμφιφανῆ
476 1148 768 1215 καλεῖται,
828 1149 1082 1222 καθάπερ
1130 1152 1225 1205 καὶ
1270 1154 1299 1205 ὁ
1364 1153 1724 1225 Ἀρκτοῦρος’

97 1240 235 1309 μετά
268 1240 392 1311 γὰρ
438 1242 565 1312 τὴν
608 1240 703 1293 τοῦ
739 1239 891 1312 ἡλίου
932 1240 1083 1295 δύσιν
1114 1242 1402 1308 πλεονάκις
1444 1244 1726 1317 θεωρεῖται

93 1332 262 1385 δύνων
286 1347 355 1385 τε
397 1333 467 1386 ὲν
526 1334 609 1404 τῇ
660 1332 796 1404 αὐτῇ
836 1333 1010 1401 νυκτὶ,
1056 1335 1148 1388 καὶ
1192 1336 1602 1407 προανατέλλων
1633 1337 1726 1391 τοῦ

97 1425 242 1495 ἡλίου
279 1425 576 1494 φαίνεται
612 1427 679 1479 ⁵⁸.
709 1427 787 1479 Δι’
814 1426 882 1496 ἢν
905 1426 1084 1481 αἰτίαν
1120 1429 1365 1482 καλεῖται
1387 1428 1723 1501 ἀμφιφανὴς,

97 1518 174 1570 δτι
202 1516 303 1570 καὶ
325 1517 433 1586 ἀφ’
469 1517 735 1589 ἑσπέρας
756 1517 949 1584 δύνων,
974 1520 1068 1573 καὶ
1092 1518 1394 1573 ἀνατέλλων
1422 1521 1480 1574 ὲν
1501 1523 1564 1591 τῇ
1586 1520 1724 1591 αὐτῇ

100 1610 250 1662 νυκτὶ
289 1608 645 1678 θεωρεῖται.
664 1609 745 1663 Τά
770 1609 825 1664 δὲ
852 1612 1098 1665 ἐναντίαν
1129 1612 1241 1684 ἔχει
1267 1612 1437 1679 τάξιν,
1463 1613 1564 1667 ὅσα
1591 1629 1726 1684 προ·

102 1698 240 1752 δύνει
273 1698 384 1770 μὲν
422 1699 547 1770 τῆς
571 1699 670 1753 τοῦ
693 1701 846 1772 ἡλίου
878 1701 1099 1769 δύσεως,
1124 1703 1470 1757 ὲπανατέλλει
1501 1704 1559 1757 δὲ
1590 1703 1727 1776 μετά

102 1787 195 1855 τὴν
225 1783 324 1837 τοῦ
361 1787 539 1856 ἡλίου
585 1788 889 1861 ἀνατολήν·
923 1789 1063 1844 ὥστε
1096 1791 1219 1845 καθ’
1253 1793 1382 1864 ὅλην
1427 1793 1523 1865 τὴν
1552 1794 1723 1848 νύκτα

108 1878 178 1950 μὴ
209 1877 603 1949 θεωρηθῆναι
644 1881 766 1953 μήτ’
802 1883 1181 1949 ἀνατέλλοντα,
1228 1887 1363 1957 μήτε
1405 1885 1658 1941 δύνοντα·
1685 1888 1722 1943 ἀ

108 1970 452 2039 δὴμκαλοῦσί
510 1989 672 2036 τινες
727 1974 1108 2041 νυκτιδιέξοδα.
1155 1979 1230 2031 Οὺ
1265 1979 1405 2032 κατὰ
1458 1979 1637 2033 πάντα
1667 1980 1724 2034 δὲ

110 2060 292 2131 κιιρὸν
343 2060 545 2114 ταῦτα
598 2062 776 2116 πάντα
803 2064 874 2117 τά
916 2065 1180 2138 ἰδιώματα
1206 2068 1335 2137 περ).
1364 2069 1491 2133 τοὺς
1528 2070 1723 2133 αὐτοὺς

114 2151 344 2222 ἀστέρας
383 2152 649 2223 ὑπάρχει
671 2170 686 2184 θ
720 2153 859 2207 ἀλλὰ
885 2157 1014 2228 περὶ
1042 2158 1142 2222 τὰς
1175 2159 1268 2212 τοῦ
1302 2160 1451 2230 ἡλίου
1485 2162 1723 2233 μεταϐά-

116 2259 222 2306 σεις
265 2243 607 2297 ἀλλοιοῦται
648 2246 743 2298 καὶ
773 2244 844 2299 τὰ
892 2248 1019 2319 περὶ
1065 2249 1163 2312 τὰς
1198 2251 1483 2316 ἀνατολὰς,
1513 2253 1607 2307 καὶ
1654 2253 1723 2307 τὰ

120 2352 178 2387 πε
184 2334 238 2403 ρὶ
266 2335 371 2398 τὰς
399 2334 627 2399 δύσεις.

682 2471 1080 2526 ΚΕΦΑΛΑΙΟΝ
1118 2473 1219 2528 IB'.

554 2583 703 2653 Περὶ
727 2580 844 2639 τῶν
866 2585 939 2640 ἐν
966 2585 1044 2657 γῆ
1078 2587 1294 2648 ζωνῶν.

201 2696 265 2749 Ἦ
308 2697 419 2767 τῆς
474 2697 787 2769 συμπάσης
843 2698 950 2768 γῆς
996 2699 1323 2770 ἐπιφάνεια,
1376 2705 1717 2778 σφαιροειδὴς

129 2791 465 2862 ὑπάρχουσα,
510 2790 808 2861 διαιρεῖται
840 2792 920 2855 είς
952 2791 1126 2856 ζώνας
1164 2794 1358 2847 πέντεο
1394 2789 1469 2849 ὧν
1495 2794 1587 2848 δύο
1621 2797 1720 2866 μὲν

137 2882 185 2934 αἱ
233 2883 363 2953 περὶ
402 2883 542 2945 τοὺς
573 2881 793 2944 πόλους,
843 2880 1171 2954 πορρώτατα
1222 2883 1280 2937 δὲ
1325 2885 1574 2954 κείμεναι
1618 2885 1720 2956 τῆς

133 2971 214 3025 τοῦ
239 2973 392 3043 ἡλίου
427 2973 706 3044 παρόδου,
735 2971 1144 3043 κατεψυγμέναι
1173 2974 1441 3043 λέγονται,
1475 2976 1568 3029 καὶ
1600 2976 1718 3029 ἀοί-

137 3078 277 3132 κητοι
303 3063 395 3115 διὰ
419 3063 486 3116 τὸ
517 3064 727 3134 ψύχος·
761 3062 1108 3136 ἀφορίζονται
1147 3064 1205 3117 δὲ
1255 3064 1361 3117 ὑπὸ
1382 3065 1491 3119 τῶν
1527 3066 1717 3137 ἀρκτι-

137 3153 237 3204 κῶν
262 3153 402 3220 πρὸς
442 3155 583 3219 τοὺς
630 3155 852 3218 πόλουςο
882 3157 938 3209 ai
978 3155 1035 3208 δὲ
1071 3154 1274 3210 τούτων
1316 3157 1461 3229 ἑξῆς,
1504 3157 1714 3229 συμμέ-

140 3259 266 3312 τρως
299 3244 357 3298 δὲ
398 3244 668 3317 κείμεναι
701 3246 840 3319 πρὸς
869 3246 966 3318 τὴν
1005 3245 1100 3299 τοῦ
1143 3247 1296 3319 ἡλίου
1339 3248 1591 3321 πάροδον,
1627 3248 1716 3301 εὖ-

139 3351 311 3405 κρατοι
339 3338 681 3393 καλοῦνται·
708 3340 1056 3411 ἀφορίζονται
1098 3342 1156 3395 δὲ
1186 3343 1345 3396 αὐταὶ
1376 3343 1483 3395 ὑπὸ
1517 3342 1626 3397 τῶν
1655 3344 1715 3396 ὲν

140 3425 209 3497 τῷ
234 3428 421 3501 κόσμῳ
450 3431 739 3503 ἀρκτικῶν
782 3433 880 3486 καὶ
923 3433 1200 3504 τροπικῶν
1237 3434 1472 3497 κύκλων,
1510 3433 1712 3505 μεταξὺ

142 3519 375 3589 κείμεναι
401 3522 616 3576 αὐτῶν.
661 3524 725 3576 Ἦ
773 3524 831 3577 δὲ
874 3524 1043 3595 λοιπὴ
1085 3525 1222 3596 μέση
1251 3524 1360 3578 τῶν
1384 3526 1713 3597 προειρημέ-

144 3628 256 3677 νων,
292 3616 524 3687 κειμένη
561 3616 623 3669 δὲ
657 3618 748 3670 ὑπ’
790 3618 960 3689 αὐτὴν
995 3617 1094 3690 τὴν
1134 3618 1228 3671 τοῦ
1262 3618 1413 3689 ἡλίου
1456 3619 1707 3689 πάροδον,

144 3702 534 3779 διακεκαυμένη
582 3708 863 3763 καλεῖται·
916 3709 1276 3781 διχοτομεῐται
1324 3710 1382 3763 δὲ
1426 3709 1562 3781 αὐτὴ
1606 3709 1711 3763 ὑπὸ

148 3792 230 3845 τοῦ
261 3795 316 3847 ὲν
345 3801 413 3870 τῇ
449 3802 523 3870 γῇ
565 3799 881 3871 ἰσημερινοῦ
924 3801 1145 3866 κύκλου,
1174 3802 1232 3866 ὃς
1272 3805 1444 3856 κεῖται
1481 3801 1585 3854 ὑπὸ
1621 3802 1710 3854 τὸν

149 3884 198 3933 ἐν
238 3887 311 3958 τῷ
347 3890 546 3962 κόσμῳ
596 3892 909 3964 ἰσημερινὸν
955 3892 1170 3947 κύκλον.
1201 3893 1321 3946 Τῶν
1345 3893 1402 3946 δὲ
1432 3892 1711 3964 εὐκράτων

152 3975 231 4031 δύο
268 3979 451 4045 ζωνῶν
498 3984 604 4057 τὴν
641 3984 848 4056 βόρειον
891 3985 995 4039 ὑπὸ
1040 3986 1147 4041 τῶν
1195 3987 1253 4039 ὲν
1296 3989 1361 4057 τῇ
1410 3986 1532 4040 καθ’
1565 3988 1711 4059 ἡμᾶς

151 4072 421 4146 οἰκουμένῃ
463 4073 734 4128 οἰκεῖσθαι
780 4074 1144 4146 συμϐέϐηκεν,
1184 4076 1277 4130 ἐπὶ
1321 4077 1421 4148 μὲν
1452 4077 1512 4130 τὸ
1539 4081 1710 4150 μῆκος

154 4155 297 4214 ὦσαν
338 4163 414 4227 ὡς
449 4163 681 4234 ἔγγιστα
714 4166 843 4237 περὶ
871 4167 1004 4221 δέκα
1031 4168 1296 4243 μυριάδας
1339 4168 1586 4235 σταδίων,
1616 4169 1709 4223 ἐπὶ

152 4249 197 4303 δὲ
224 4253 280 4306 τὸ
307 4254 508 4321 πλάτος
541 4257 619 4321 ὡς
651 4257 878 4327 ἔγγιστα
901 4259 960 4314 τὸ
988 4260 1180 4331 ἥμισυ.

615 4367 623 4375 ’
655 4395 877 4450 ΚΕΦΔΛ
887 4398 1048 4451 AION
1089 4398 1183 4453 ην.

676 4513 817 4580 Περὶ
858 4510 1167 4579 οἰκήσεων.

219 4610 329 4669 Τῶν
367 4617 423 4673 δὲ
469 4622 566 4674 ἐπὶ
616 4622 720 4694 γῆς
771 4622 1163 4676 κατοικούντων
1215 4624 1263 4676 oi
1318 4623 1416 4694 μὲν
1465 4621 1711 4691 λέγονται

167 4704 400 4774 σύνοικοι,
426 4714 475 4767 οἱ
509 4712 566 4767 δὲ
599 4714 886 4787 περίοικοι,
916 4716 964 4769 oi
991 4715 1047 4768 δὲ
1097 4714 1353 4778 ἄντοικοι,
1381 4716 1429 4767 οἱ
1462 4715 1519 4767 δὲ
1560 4714 1709 4767 ἀντί-

165 4794 324 4860 ποδες.
345 4800 586 4858 Σύνοικοι
610 4804 709 4877 μὲν
745 4802 838 4861 οὖν
868 4809 1004 4860 εἰσιν
1034 4808 1085 4859 οἱ
1126 4806 1255 4878 περὶ
1294 4805 1387 4860 τὸν
1428 4806 1591 4860 αὐτὸν
1618 4805 1710 4860 τό·

169 4903 255 4940 πον
282 4895 376 4964 τῆς
407 4896 574 4968 αὐτῆς
611 4897 789 4971 ζώνης
822 4899 1229 4964 κατοικοῦντες·
1266 4901 1531 4973 περίοικοι
1565 4901 1622 4954 δὲ
1660 4904 1709 4956 oi

169 4977 217 5028 iv
240 4982 301 5052 τῇ
335 4983 467 5057 αὐτῇ
502 4987 646 5063 ζώνῃ
676 4989 860 5062 κύκλῳ
891 4990 1292 5062 περιοικοῦντες
1312 5009 1325 5022 ·
1372 4992 1608 5049 ἀντοικοι
1653 4993 1712 5046 δὲ

171 5067 211 5118 δι
232 5070 285 5123 ὲν
307 5076 371 5144 τῇ
401 5077 535 5151 αὑτῇ
567 5082 727 5153 νοτίῳ
754 5080 897 5154 ζώνῃ
929 5082 1033 5136 ὑπὸ
1071 5083 1130 5135 τὸ
1176 5084 1310 5138 αὐτὸ
1355 5086 1712 5158 ἡμισφαίριον

170 5162 549 5231 κατοικοῦντεςο
581 5170 862 5234 ἀντίποδες
894 5171 951 5224 δὲ
988 5171 1038 5224 οἱ
1076 5172 1135 5225 ἐν
1166 5174 1230 5243 τῇ
1263 5172 1422 5243 νοτίῳ
1465 5171 1611 5245 ζώνῃ
1653 5173 1713 5227 ἐν

171 5246 237 5338 τῷ
269 5250 430 5327 ἑτέρῳ
466 5259 807 5335 ἡμισφαιρίῳ
836 5262 1212 5328 κατοικοῦντες
1235 5264 1376 5318 κατά
1410 5264 1509 5338 τὴν
1541 5264 1712 5336 αὐτὴν

177 5336 436 5417 διάμετρον
455 5354 690 5425 κείμενοι
715 5359 780 5427 τῇ
808 5355 929 5409 καθ’
954 5358 1100 5427 ἡμᾶς
1128 5346 1422 5429 οἰκουμένῃ
1442 5336 1475 5388 ’ί
1505 5356 1586 5411 διὸ
1616 5357 1712 5411 κέ-

181 5430 382 5505 κληνται
405 5440 696 5510 ἀντίποδες.
730 5447 953 5500 Πάντων
995 5445 1105 5517 γὰρ
1145 5445 1254 5500 τῶν
1287 5446 1496 5518 βαρέων
1529 5448 1619 5500 ἐπὶ
1650 5448 1712 5501 τὸ

184 5521 380 5598 κέντρον
409 5538 777 5605 συννευόντων,
806 5539 893 5594 διὰ
921 5538 980 5593 τὸ
1005 5539 1094 5594 ἐπὶ
1130 5538 1292 5611 μέσον
1318 5534 1457 5594 εἶναι
1485 5540 1583 5611 τὴν
1613 5557 1710 5610 φο-

248 5723 288 5755 ⁸⁶
316 5711 398 5797 rp.
428 5731 689 5803 βλέπεται.
738 5766 745 5770 <

1204 278 1443 356 'GEMINI
1484 298 1857 354 ELEMENTA
1894 299 2391 358 ΑδτιιοΝοΜιιε.

1737 4466 1785 4522 ι)

3287 303 3391 358 854

1759 425 1808 482 Α
1834 420 2090 475 oriuntur
2116 422 2262 476 omni
2299 431 2490 489 nocte;
2527 422 2622 478 sed
2652 422 2900 493 quaedam
2933 421 3187 475 oriuntur
3213 427 3269 475 et
3298 436 3412 477 (ιε--

1830 515 2021 568 cidunt
2048 533 2061 568 :
2091 515 2339 584 quaedam
2365 530 2496 571 vero
2522 518 2777 571 oriuntur
2802 513 3043 584 quidem,
3071 527 3178 567 non
3214 521 3396 568 tamen

1827 603 2085 658 occidunt
2119 606 2406 675 :quaedam
2468 621 2598 661 vero
2647 620 2823 674 neque
2875 604 3168 666 oriuntur’,
3219 616 3396 669 neque

1828 696 2124 765 occidunt;
2177 698 2271 753 sed
2315 713 2401 765 ea,
2431 715 2553 769 qtae
2602 699 2775 765 magis
2816 704 2945 752 sunt
2984 695 3243 760 borealia,
3271 710 3396 748 cum

1830 785 1943 841 sint
1972 787 2231 841 sublimia
2260 795 2384 858 post
2418 790 2551 845 solis
2575 803 2859 850 occasum,
2897 794 3023 841 ante
3052 786 3187 840 solis
3212 794 3396 839 ortum

1826 874 2005 929 adhuc
2035 877 2354 933 sublimiora
2396 887 2691 948 apparent;
2722 893 2844 949 quae
2879 891 3011 932 vero
3053 882 3182 929 sunt
3225 874 3397 943 magis

1826 965 2240 1036 29australia,
2288 984 2352 1024 ea
2389 985 2566 1040 neque
2612 970 2766 1033 oriri,
2812 984 2990 1038 neque
3030 966 3285 1022 occidere
3322 964 3398 1018 vi-

1827 1059 2025 1114 dentur
2054 1079 2067 1115 :
2093 1060 2189 1116 sed
2212 1076 2309 1130 per
2333 1076 2496 1115 omne
2526 1061 2706 1116 noctis
2729 1069 2944 1131 tempus
2975 1060 3079 1113 sub
3113 1057 3403 1112 borizonto

1824 1148 2097 1206 feruntur.
2132 1150 2286 1207 Unde
2315 1151 2560 1222 quaedam
2595 1159 2869 1208 astrorum
2891 1156 3155 1205 vocantur
3188 1148 3274 1202 bis
3298 1160 3396 1216 ap-

1824 1247 2096 1313 parentia,
2123 1244 2267 1299 sicut
2296 1253 2350 1300 ct
2379 1245 2686 1311 Arcturus;
2723 1251 2846 1314 post
2888 1242 3021 1299 solis
3052 1242 3195 1296 enim
3229 1254 3394 1295 occa-

1824 1348 1945 1389 sum
1971 1349 2115 1405 saepe
2143 1335 2356 1390 videtur
2375 1345 2427 1391 et
2455 1335 2711 1391 occidere
2753 1334 2942 1391 eadem
2973 1339 3153 1397 nocte,
3189 1338 3243 1387 et
3267 1337 3395 1386 ante

1824 1424 1992 1481 solem
2015 1426 2170 1482 oriri.
2196 1425 2368 1493 Quam
2396 1428 2466 1481 ob
2493 1440 2714 1482 causam
2739 1434 2965 1481 vocatur
2988 1424 3075 1480 bis
3097 1435 3391 1494 apparens,

1823 1517 1969 1587 quod
1998 1526 2052 1573 et
2076 1532 2107 1572 a
2138 1534 2366 1588 vespera
2390 1518 2663 1583 occidere,
2697 1526 2751 1575 et
2780 1517 2913 1573 oriri
2936 1517 2991 1571 in
3020 1514 3208 1571 eadem
3236 1523 3395 1569 nocte

1825 1617 2120 1678 spectetur.
2162 1610 2280 1664 Alia
2329 1625 2461 1665 vero
2504 1610 2748 1665 ordinem
2785 1610 2986 1665 habent
3031 1609 3390 1670 contrarium,

1826 1718 1948 1772 quae
1991 1704 2250 1758 occidunt
2295 1714 2419 1760 ante
2468 1705 2601 1760 solis
2648 1719 2928 1770 occasum,
2975 1703 3231 1758 oriuntur
3261 1716 3393 1757 vero

1755 1779 1797 1834 Β
1822 1803 1946 1865 post
1978 1796 2112 1851 Solis
2141 1804 2344 1858 ortum,
2385 1797 2458 1850 ita
2494 1806 2554 1850 ut
2594 1812 2692 1867 per
2718 1804 2887 1850 totam
2916 1804 3134 1850 noctem
3165 1809 3274 1849 non
3316 1794 3394 1846 vi-

1820 1887 2054 1942 deantur
2079 1903 2258 1957 neque
2286 1889 2443 1955 oriri,
2470 1903 2646 1957 neque
2667 1888 2952 1952 occidere;
2983 1902 3105 1957 qua:
3136 1885 3391 1940 nonnulli

1819 1984 2017 2031 vocant
2052 1977 2435 2043 νυκτιδιέξοδα.
2473 1979 2528 2035 id
2567 1987 2653 2035 est
2690 1987 2855 2033 noctu
2889 1979 2999 2033 late
3027 1976 3388 2047 expatiantia.

1821 2065 1939 2121 Non
1980 2068 2129 2122 omni
2159 2075 2340 2123 autem
2382 2076 2627 2139 tempore
2675 2083 2866 2145 omnes
2906 2069 2989 2123 ba:
3027 2067 3390 2140 praprietates

1820 2158 1969 2211 circa
2024 2158 2243 2214 easdem
2300 2160 2488 2215 stellas
2539 2160 2834 2225 eveniunt,
2891 2160 2986 2215 sed
3048 2160 3198 2213 circa
3257 2157 3391 2214 solis

1820 2250 2086 2307 transitus
2115 2252 2399 2306 variantur
2424 2267 2486 2308 ea
2514 2268 2635 2323 qua:
2663 2251 2731 2307 ad
2763 2261 2938 2319 ortus,
2967 2258 3022 2307 et
3041 2266 3162 2323 quae
3192 2250 3261 2305 ad
3289 2264 3388 2306 oc-

1821 2355 1986 2397 casus
2017 2348 2290 2412 spectant.

2399 2474 2451 2544 ,C
2461 2475 2641 2533 APUT
2679 2475 2793 2532 XII.

2318 2587 2397 2643 De
2434 2591 2583 2643 zonis
2619 2589 2678 2644 in
2718 2597 2881 2644 terra.

1888 2700 2083 2760 Totius
2110 2712 2269 2761 terrae
2297 2704 2640 2774 superﬁcies,
2679 2718 2808 2758 cum
2853 2703 2925 2758 sit
2956 2701 3205 2773 globosa,
3246 2700 3399 2757 divi--

1817 2794 1966 2850 ditur
2002 2796 2058 2851 in
2112 2796 2356 2866 quinque
2396 2811 2564 2853 zonas
2598 2811 2611 2847 :
2647 2810 2876 2865 quarum
2913 2795 3054 2855 dum,
3095 2807 3216 2863 quae
3258 2799 3387 2848 sunt

1817 2888 1965 2942 eirea
1991 2888 2149 2958 polos
2178 2895 2233 2942 et
2267 2887 2584 2958 longissime
2627 2888 2746 2943 sitae
2779 2901 2809 2940 a
2855 2886 2991 2942 solis
3033 2886 3248 2946 itinere,
3287 2882 3387 2937 fri-

1818 2979 1957 3049 gidae
1981 2980 2261 3047 dicuntur,
2294 2986 2460 3049 atque
2501 2978 2887 3034 inhabitabiles
2911 2985 3150 3049 .propter
3188 2977 3382 3046 frigus.

1819 3068 2264 3126 Determinantur
2296 3078 2479 3125 autem
2515 3084 2545 3124 a
2579 3069 2806 3126 circulis
2828 3070 3048 3125 arcticis
3070 3084 3267 3125 versus
3288 3083 3386 3138 po-

1818 3161 1937 3227 los;
1966 3177 2118 3217 zona>
2146 3177 2277 3218 vero
2329 3177 2452 3232 quae
2485 3161 2574 3218 his
2607 3170 2736 3216 sunt
2778 3162 3058 3232 proximae,
3095 3170 3148 3216 et
3179 3160 3388 3216 medio-

1816 3254 1985 3309 criter
2010 3255 2203 3325 positae
2235 3254 2303 3309 ad
2339 3255 2475 3310 solis
2501 3268 2810 3318 accessum,
2840 3261 3158 3324 temperata:
3187 3268 3387 3309 vocan-

1812 3349 1939 3435 ‘tur;
1973 3341 2411 3398 determinantur
2431 3353 2610 3398 autem
2645 3344 2730 3398 ba:
2759 3357 2789 3396 a
2826 3342 3049 3398 circulis
3084 3326 3139 3396 in
3178 3342 3386 3398 mundo

1815 3431 2037 3490 arcticis
2063 3442 2116 3490 et
2134 3435 2519 3506 tropicis,cum
2541 3433 2685 3489 inter
2699 3449 2796 3489 eos
2813 3433 2925 3487 sint
2964 3434 3101 3488 sitm.
3133 3431 3381 3503 Reliqua,

1815 3542 1935 3596 quae
1958 3536 2043 3581 est
2068 3526 2244 3581 media
2289 3527 2696 3596 prmdictarum,
2738 3532 2792 3580 et
2817 3525 2922 3579 sita
2963 3526 3066 3580 sub
3098 3524 3218 3597 ipso
3248 3525 3385 3579 solis

1815 3630 2063 3674 accessu.
2088 3616 2295 3671 torrida
2314 3623 2561 3682 vocatur;
2587 3624 2750 3687 atque
2769 3617 2883 3671 haec
2904 3632 2934 3670 a
2951 3616 3197 3671 terrestri
3215 3615 3386 3686 aequi-

1813 3707 2036 3762 noctiali
2065 3708 2350 3777 aequaliter
2391 3716 2631 3770 secatur,
2682 3707 2775 3776 qui
2806 3707 2947 3761 situs
2975 3713 3059 3761 est
3090 3706 3194 3761 sub
3222 3721 3385 3760 muu-

1812 3798 1956 3852 dano
1982 3798 2348 3869 aequinoctiali
2383 3797 2607 3853 circulo.
2640 3795 2721 3853 Ex
2742 3797 3058 3868 temperatis
3080 3794 3384 3851 zunisdua-

1821 3891 1924 3946 bus
1953 3904 2072 3944 eam
2115 3904 2237 3959 qua:
2263 3899 2346 3945 est
2373 3890 2564 3954 borea,
2587 3904 2817 3961 quaeque
2847 3903 2877 3943 a
2906 3888 3380 3952 nobisbabitatur,

1810 3982 2078 4053 contingit
2130 3981 2390 4047 habitari,
2446 3997 2571 4037 cum
2615 3983 2673 4036 in
2709 3981 3104 4052 longitudinem
3150 3981 3222 4037 sit
3268 3980 3384 4036 fere

1810 4072 2019 4128 100000
2091 4073 2416 4140 stadiorum,
2468 4073 2527 4129 in
2579 4072 2923 4128 latitudinem
2984 4071 3100 4128 fere
3150 4070 3381 4127 dimidio

1808 4173 2041 4223 constet.

2390 4389 2639 4448 CAPUT‘
2652 4387 2792 4446 XIII.

2326 4503 2406 4559 De
2430 4503 2865 4558 habitationibus.

1878 4619 2081 4675 Eorum
2117 4619 2208 4690 qui
2250 4617 2306 4673 in
2343 4625 2490 4672 terra
2518 4615 2788 4680 habitant,
2827 4612 2920 4667 alii
2945 4611 3206 4667 dicuntur
3249 4627 3378 4683 syn-

1808 4713 1934 4779 ceci,
1977 4712 2068 4766 alii
2100 4710 2344 4782 perimci,
2376 4708 2469 4762 alii
2500 4710 2722 4770 antaeci,
2771 4706 2862 4759 alii
2886 4704 3193 4774 antipodes.
3235 4701 3380 4774 Syn-

1811 4806 1916 4861 (eci
1956 4805 2123 4875 igitur
2160 4809 2290 4858 sunt
2316 4800 2410 4872 qui
2445 4801 2593 4856 circa
2631 4798 2881 4854 eumdem
2915 4798 3094 4851 locum
3133 4795 3378 4866 ejusdem

1811 4911 1961 4951 zona:
1987 4894 2269 4959 habitant;
2317 4891 2727 4962 perimci-vero,
2775 4888 2871 4958 qui
2912 4888 2969 4942 in
3006 4887 3194 4942 eadem
3240 4898 3378 4940 zona

1810 4990 1864 5044 in
1899 4987 2128 5042 circuitu
2154 4982 2652 5047 circumhabitant;
2681 4980 2882 5034 antmci
2915 4993 3067 5043 vero,
3097 4977 3261 5047 quiin
3290 4992 3379 5032 ea-

1810 5081 1933 5136 dem
1977 5077 2204 5133 australi
2239 5090 2377 5130 zona
2414 5074 2518 5130 sub
2558 5072 2749 5128 eodem
2788 5070 3170 5140 hemisphaerio
3223 5068 3380 5124 habi-

1809 5180 1960 5238 tant;
1997 5169 2286 5239 antipodes
2314 5180 2467 5229 vero,
2489 5165 2581 5236 qui
2619 5163 2674 5218 in
2706 5163 2934 5218 australi
2957 5178 3094 5218 zona
3128 5162 3184 5215 in
3207 5160 3381 5215 altero

1813 5260 2195 5332 hemisphaerio
2233 5258 2502 5323 habitant,
2545 5255 2846 5312 secundum
2900 5255 3144 5310 eamdem
3181 5253 3379 5308 diame-

1810 5365 1953 5412 trum
1976 5354 2139 5426 positi
2161 5367 2286 5407 cum
2301 5349 2582 5406 babitabili
2607 5357 2792 5404 nostra
2824 5356 3003 5415 terra;
3022 5345 3377 5418 quamobrem

1808 5446 1989 5503 vocati
2011 5439 2459 5512 suntantipodes.
2479 5437 2621 5494 Cum
2641 5437 2789 5492 enim
2822 5439 3005 5492 omnia
3034 5436 3222 5507 gravia
3246 5447 3378 5489 ver-

1811 5556 1907 5599 sus
1929 5544 2178 5596 centrum
2222 5540 2468 5607 vergant,
2493 5546 2559 5589 eo
2589 5529 2735 5603 quod
2782 5545 2978 5586 versus
3024 5526 3260 5585 medium
3302 5524 3378 5583 sit
