3886 6268
523 296 626 351 835

1538 293 1883 349 APPENDIX
1920 294 2011 346 AD
2050 292 2315 349 EUSEBII
2351 294 2765 352 CHRONICON.

523 419 703 470 motus
736 425 1047 482 corporum,
1082 413 1128 466 si
1177 411 1245 465 ab
1289 410 1469 480 aliqua
1519 412 1850 467 habitatione
1892 425 2069 465 earuu

2187 411 2288 482 ρὰν
2318 412 2427 465 τῶν
2455 413 2738 483 σωμάτων,
2770 412 2865 466 ἐὰν
2899 414 3007 467 ἀπό
3032 431 3174 478 τινος
3218 413 3503 485 οἰκήσεως
3540 411 3648 467 τῶν
3681 414 3759 468 ἐπὶ

522 516 644 571 quas
691 508 821 553 sunt
855 502 910 555 iii
954 509 1145 555 nostro
1195 501 1328 555 orbe
1367 502 1649 556 habitabili
1717 503 1786 557 ad
1835 512 2085 558 centrum

519 599 683 646 terra:
712 590 1043 660 adjungatur
1074 592 1254 661 aliqua
1281 599 1451 655 recta,
1503 602 1557 645 et
1585 591 1938 662 producatur,
1971 600 2085 645 tum

521 683 576 738 hi
602 683 691 753 qui
707 689 848 736 'sunt
871 683 1033 751 positi
1065 684 1366 737 secundum
1390 684 1782 737 extremitatem
1825 682 2085 738 diametri

520 774 576 828 in
608 774 829 827 australi
884 788 1020 827 zona
1066 773 1200 827 ﬁunt
1235 774 1518 843 antipodes
1546 789 1733 829 eorum
1770 776 1864 844 qui
1907 774 1961 828 in
1989 775 2087 829 bo-

518 865 654 919 reali
685 879 821 918 zona
853 865 1120 918 habitant.

589 954 858 1009 Dividitur
886 964 1064 1009 autem
1108 964 1296 1011 nostra
1331 966 1476 1011 terra
1519 957 1835 1012 habitabilis
1875 958 1927 1011 in
1972 965 2085 1013 tres

519 1056 719 1118 partes,
769 1047 975 1112 Asiam,
1030 1046 1327 1117 Europam,
1376 1047 1625 1117 Lybiam.
1685 1048 1858 1119 Duplo
1904 1056 2084 1103 autem

518 1140 693 1208 major
722 1149 805 1194 est
833 1139 945 1193 fere
993 1138 1277 1207 longitudo
1325 1139 1641 1194 habitabilis
1696 1148 1858 1194 terrae
1899 1139 2084 1193 latitu-

519 1230 646 1284 dine
675 1249 689 1283 :
717 1245 881 1300 quam
918 1229 990 1284 ob
1041 1244 1263 1284 causam
1300 1231 1394 1299 qui
1439 1239 1835 1286 consentaneas
1887 1229 2084 1284 rationi

518 1331 678 1377 terrae
725 1322 1123 1392 descriptiones
1173 1322 1491 1385 instituunt,
1543 1324 1809 1393 oblongas
1866 1324 2083 1378 tabulas

519 1413 816 1479 adhibent;
848 1413 991 1483 quod
1035 1412 1316 1482 longitudo
1365 1414 1530 1484 duplo
1561 1416 1633 1470 sit
1684 1416 1857 1484 major
1909 1416 2085 1470 latitu-

518 1506 665 1561 dine.
693 1506 796 1572 Qui
831 1522 958 1561 vero
985 1515 1144 1561 terra:
1200 1507 1599 1576 descriptiones
1630 1508 1861 1562 rotunda
1911 1508 2081 1577 ﬁgura

517 1596 746 1661 faciunt,
782 1598 1010 1652 multum
1043 1600 1303 1653 aberrant
1334 1614 1365 1652 a
1406 1614 1565 1665 vero;
1595 1599 1822 1668 aequalis
1849 1600 1992 1654 enim
2026 1600 2084 1653 ﬁt

516 1688 799 1758 longitudo
856 1688 1165 1751 latitudini;
1217 1689 1360 1757 quod
1431 1696 1631 1742 natura
1679 1702 1788 1742 non
1853 1690 2078 1759 patitur.

2186 506 2252 573 τῇ
2281 503 2403 557 καθ’
2432 506 2577 575 ἡμᾶς
2599 507 2889 577 οἰκουμένῃ
2917 508 3011 560 ἐπὶ
3040 507 3101 559 τὸ
3126 507 3367 578 κέντρον
3392 505 3499 575 τῆς
3527 506 3628 575 γῆς
3654 506 3758 558 ἑπι-

2187 592 2382 665 ζευχθῇ
2417 612 2501 658 τις
2533 595 2735 661 εὐθεῖα,
2766 597 2860 650 καὶ
2913 598 3173 670 ἐκϐληθῇ,
3207 600 3262 651 οἱ
3314 595 3468 650 κατὰ
3508 596 3571 649 τὸ
3610 597 3758 670 πέρας

2186 683 2424 753 κείμενοι
2454 684 2553 755 τῆς
2592 684 2881 757 διαμέτρου
2910 689 2968 739 ὲν
3003 691 3072 759 τῇ
3106 686 3275 756 νοτίῳ
3310 685 3466 758 ζώνῃ
3501 686 3758 752 ἀντίποδες

2185 775 2423 843 γίνονται
2446 776 2554 831 τῶν
2582 778 2639 831 ἐν
2664 782 2729 849 τῇ
2755 778 2948 851 βορείῳ
2975 779 3121 853 ζώνῃ
3142 779 3582 834 κατοικούντων.

2255 959 2551 1028 Διαιρεῖται
2602 956 2660 1008 δὲ
2713 958 2745 1026 ὴ
2796 955 2916 1010 καθ’
2946 957 3091 1027 ἡμᾶς
3140 952 3454 1024 οἰκουμένη
3506 952 3586 1015 είς
3634 952 3751 1026 μέρη

2183 1047 2330 1117 τρία,
2377 1046 2579 1110 Ἀσίαν,
2610 1045 2900 1117 Εὐρώπην,
2931 1045 3158 1117 Λιϐύην.
3200 1044 3515 1098 Διπλάσιον
3546 1042 3601 1095 δέ
3629 1046 3752 1096 ἐστιν

2162 1137 2258 1201 ,ὡς
2285 1137 2512 1205 ἔγγιστα
2543 1137 2603 1189 τὸ
2631 1138 2803 1208 μῆκος
2832 1138 2933 1207 τῆς
2972 1138 3311 1208 οἰκουμένης
3352 1132 3454 1187 τοῦ
3506 1134 3748 1199 πλάτους·

2182 1228 2249 1280 δι’
2279 1228 2344 1298 ἢν
2382 1228 2560 1281 αίτίαν
2605 1230 2652 1281 οἱ
2683 1228 2822 1281 κατὰ
2858 1227 3013 1295 λόγον
3052 1229 3372 1299 γράφοντες
3400 1226 3501 1289 τὰς
3528 1242 3748 1298 γεωγρα-

2184 1321 2309 1390 φίας
2339 1321 2397 1372 ὲν
2426 1319 2606 1384 πίναξι
2638 1320 2906 1391 γράφουσι
2935 1322 3359 1393 παραμήκεσιν,
3389 1318 3470 1381 ὼς
3501 1318 3748 1372 διπλάσιον

2182 1408 2321 1465 εἶναι
2347 1413 2408 1465 τὸ
2435 1412 2607 1483 μῆκος
2638 1412 2730 1465 τοῦ
2764 1413 3017 1479 πλάτους.
3044 1416 3106 1466 Οί
3151 1413 3211 1466 δὲ
3259 1411 3609 1482 στρογγύλας
3634 1414 3747 1481 γράρ

2183 1520 2371 1572 φοντες
2399 1506 2499 1567 τὰς
2527 1506 2876 1575 γεωγραφίας
2918 1505 3050 1559 πολὺ
3091 1505 3189 1575 τῆς
3232 1502 3509 1575 ἀληθείας
3539 1503 3640 1556 εισι
3666 1521 3746 1557 πτ-

2181 1593 2511 1664 πλανημένοι
2533 1610 2545 1622 ·
2586 1595 2698 1647 ἴσον
2743 1594 2851 1665 γὰρ
2880 1594 3088 1662 γίνεται
3119 1594 3179 1647 τὸ
3210 1594 3400 1664 μῆκος
3432 1594 3511 1662 τῷ
3545 1592 3740 1647 πλάτει·

2181 1683 2317 1755 ὅπερ
2344 1685 2442 1737 οὐκ
2472 1683 2616 1737 ἐστιν
2644 1686 2702 1737 ὲν
2733 1686 2798 1756 τῇ
2823 1684 3001 1753 φύσει.
3045 1683 3290 1754 Ἀνάγκη
3338 1680 3439 1737 οὖν
3480 1683 3553 1754 μὴ
3589 1687 3745 1757 τηρεῖ·

514 1774 751 1831 Necesse
784 1777 951 1846 igitur
978 1786 1084 1840 est,
1116 1784 1175 1830 ut
1217 1792 1328 1830 non
1371 1787 1656 1832 serventur
1696 1777 2069 1832 distantiarum

2185 1775 2306 1829 σθαι
2351 1774 2448 1838 τὰς
2486 1777 2577 1828 ἐπὶ
2614 1775 2995 1846 διαστημάτων
3023 1776 3382 1847 συμμετρίας
3412 1776 3518 1838 τὰς
3552 1775 3607 1829 ὲν
3642 1780 3740 1839 ταις

514 1868 951 1922 mensurationes
1007 1868 1063 1921 in
1112 1868 1367 1923 rotundis
1424 1869 1915 1939 descriptionibus.
1983 1868 2081 1924 Se-

513 1967 791 2029 gmentum
819 1962 963 2013 enim
994 1960 1267 2030 quoddam
1289 1968 1373 2015 est
1404 1962 1631 2031 sphaerae
1650 1976 1778 2031 pars
1809 1970 1969 2016 terrae
1983 1962 2083 2016 lia-

514 2047 707 2112 bitata,
735 2062 857 2119 qua:
887 2048 1276 2119 longitudinem
1305 2049 1471 2120 duplo
1501 2051 1662 2105 habet
1695 2051 1957 2119 majorem
2000 2052 2081 2105 la-

514 2140 762 2205 titudine,
779 2139 921 2210 quod
941 2148 1277 2210 segmentum
1305 2158 1412 2197 non
1431 2149 1610 2212 potest
1637 2142 1882 2197 abseindi
1900 2143 2079 2197 circu-

514 2232 728 2286 lariter.
764 2232 1019 2286 Dimenso
1045 2241 1225 2287 autem
1253 2235 1488 2288 maximo
1505 2234 1713 2288 circulo
1741 2234 2077 2304 30eorum,

514 2326 606 2393 qui
631 2331 759 2377 sunt
782 2323 835 2376 in
868 2332 1014 2377 terra
1043 2323 1343 2378 secundum
1375 2325 1736 2379 meridianum
1782 2325 1994 2388 mundi,
2022 2333 2079 2379 et

513 2416 733 2470 invento
765 2414 1066 2485 myriadum
1097 2416 1187 2480 25,
1213 2417 1598 2473 etstadiorum
1619 2416 1760 2471 2000
1780 2435 1795 2480 ;
1814 2416 2079 2471 diametro

512 2522 642 2561 vero
672 2507 974 2579 myriadum
1005 2506 1058 2569 8,
1093 2513 1146 2561 et
1194 2508 1499 2561 stadiorum
1542 2506 1878 2572 “5;diviso
1895 2515 2077 2561 autem

512 2599 813 2654 meridiano
837 2599 1047 2653 circulo
1084 2600 1138 2652 in
1177 2607 1356 2668 partes
1377 2599 1469 2663 60,
1511 2607 1738 2653 vocatur
1784 2615 1952 2654 unum
1990 2616 2077 2655 se-

513 2699 788 2760 gmentum
807 2692 1223 2761 sexagesimum,
1256 2691 1401 2760 quod
1429 2699 1515 2745 est
1534 2691 1694 2745 4200.
1722 2690 1778 2745 Si
1819 2692 1964 2746 enim
1994 2692 2078 2745 di-

512 2780 773 2834 viduntur
799 2780 869 2834 25
890 2780 1185 2849 myriades,
1216 2792 1269 2833 et
1294 2782 1436 2835 2000
1472 2781 1646 2837 stadia
1676 2781 1730 2835 in
1766 2791 1949 2850 partes
1984 2782 2075 2846 60,

512 2870 573 2923 ﬁt
604 2873 996 2942 sexagesimum
1026 2872 1187 2926 4200.
1216 2869 1497 2928 Distantia:
1517 2874 1683 2942 igitur
1728 2875 1869 2928 inter
1910 2891 2078 2932 zonas

513 2963 617 3018 hoc
646 2968 803 3017 modo
829 2973 957 3018 sunt
982 2964 1240 3020 deﬁnitae.
1275 2964 1616 3035 Frigidarum
1656 2967 1873 3037 quidem
1913 2984 2081 3023 zona-

513 3071 635 3109 rum
658 3056 886 3110 duarum
914 3058 1142 3111 latitudo
1176 3058 1465 3127 utriusque
1496 3072 1683 3111 earum
1723 3065 1808 3113 est
1848 3074 2074 3131 sexage-
2099 3096 2145 3159 Ο

512 3147 777 3201 simorum
810 3147 866 3214 6,
892 3163 1011 3217 qua:
1039 3155 1165 3201 sunt
1193 3148 1367 3202 stadia
1402 3148 1613 3215 25200;
1651 3158 2072 3219 temperatarum

511 3252 642 3292 vero
671 3254 932 3292 zonarum
962 3240 1189 3293 latitudo
1221 3239 1505 3309 utriusque
1537 3254 1723 3293 earum
1752 3248 1835 3295 est
1857 3257 2074 3312 sexage-

513 3330 776 3384 simorum
805 3331 859 3393 5,
896 3347 1015 3401 quae
1053 3331 1257 3386 faciunt
1279 3331 1451 3385 stadia
1479 3331 1684 3398 21000;
1717 3333 1935 3388 torrida!
1974 3349 2070 3388 zo-

512 3434 596 3473 nae.
627 3418 853 3473 latitudo
880 3426 963 3475 est
1003 3421 1463 3489 sexagesimorum
1498 3419 1551 3476 8.
1584 3420 1769 3490 Itaque
1802 3422 1872 3478 ab
1900 3425 2071 3492 aequi-

512 3510 730 3565 noctiali
769 3526 960 3567 versus
1005 3519 1290 3581 utramque
1327 3519 1535 3581 partem
1576 3528 1750 3583 usque
1796 3515 1862 3569 ad
1903 3516 2071 3585 tr0pi-

510 3618 607 3657 cos
636 3611 763 3658 sunt
785 3604 1120 3673 sexagesima
1147 3603 1201 3665 4,
1254 3618 1374 3673 qua:
1413 3601 1617 3657 faciunt
1657 3604 1832 3659 stadia
1873 3605 2065 3660 16800.

511 3692 652 3747 Sunt
677 3694 843 3763 igitur
888 3708 918 3745 a
947 3692 1070 3763 polo
1115 3692 1209 3761 qui
1258 3699 1342 3746 est
1371 3692 1426 3745 in
1459 3700 1622 3758 terra,
1663 3694 1756 3762 qui
1796 3695 1934 3749 situs
1985 3704 2069 3750 est

579 3828 622 3858 "
645 3827 749 3881 Pro
779 3834 875 3880 υιε⁹
899 3834 1005 3882 vel.
1039 3826 1201 3881 habet
1228 3825 1288 3879 δ’.

581 3961 690 4035 (Η)
741 3963 1309 4033 Ἀναμεμετρημένου
1343 3965 1410 4019 δὲ
1450 3967 1553 4020 τοῦ
1583 3967 1890 4035 μεγίστου.
1936 3969 2067 4022 Era-

509 4034 790 4087 tosthenea
817 4043 899 4087 est
931 4036 1041 4088 haec
1077 4036 1342 4089 dimensio
1374 4037 1593 4089 maximi
1632 4034 1847 4102 circuli,
1877 4046 1936 4091 ut
1965 4054 2065 4091 au-

507 4112 625 4156 ctor
654 4112 737 4157 est
783 4104 977 4176 Strabo
1025 4105 1131 4176 lii),
1156 4122 1215 4163 ιι,
1256 4113 1309 4158 et
1337 4104 1544 4158 Plinius
1578 4106 1668 4158 lib.
1699 4123 1756 4167 ιι,
1789 4123 1909 4176 cap.
1941 4109 2062 4173 108,

506 4188 669 4241 quam
702 4174 1004 4227 stadiorum
1037 4175 1250 4229 252000
1288 4190 1601 4229 mensuram
1637 4174 1878 4230 Romana
1911 4194 2063 4232 com-

508 4245 789 4312 putatione
846 4244 978 4299 dicit
1028 4243 1240 4299 efﬁcere
1286 4246 1597 4305 trecenties,
1651 4254 1704 4299 et
1746 4247 2063 4314 quindecies

504 4320 733 4384 centena
764 4314 929 4366 millia
966 4329 1245 4381 passuum,
1293 4315 1434 4384 quod
1469 4324 1533 4384 et,
1556 4331 1743 4368 verum
1783 4330 1885 4370 εει.
1928 4318 2060 4371 Nam

506 4382 742 4436 stadium
784 4397 921 4437 cxxv
960 4384 1211 4451 passibus
1241 4382 1472 4438 constat.
1512 4383 1746 4438 Proinde
1771 4387 1816 4439 si
1847 4387 2059 4443 252000

2181 1866 2529 1936 στρογγύλοις
2571 1867 2962 1938 γεωγραφίαις.
3011 1868 3225 1938 Ἔκτμη
3234 1867 3320 1937 μά
3378 1884 3434 1920 τι
3485 1866 3591 1937 γάρ
3643 1869 3740 1921 ἔστι

2181 1954 2411 2024 σφαίρας
2463 1955 2524 2007 τὸ
2557 1955 2871 2025 οἰκούμενον
2924 1956 3090 2028 μέρος
3135 1958 3236 2027 τῆς
3287 1957 3399 2028 γῆς
3425 1996 3441 2019 ,
3489 1956 3739 2011 διπλάσιον

2179 2044 2298 2115 ἕχον
2336 2046 2397 2097 τὸ
2443 2045 2616 2116 μῆκος
2653 2046 2746 2099 τοῦ
2781 2047 3034 2113 πλάτους,
3079 2049 3218 2119 ὅπερ
3257 2049 3325 2101 ού
3363 2049 3584 2102 δύναται
3625 2048 3736 2102 ἁπο-

2176 2136 2596 2208 τερματίζεσθαι
2626 2138 2829 2210 κύκλῳ.
2872 2140 3435 2211 Ἀναμεμετρημένου
3465 2139 3520 2193 δὲ
3544 2137 3628 2193 τοῦ
3654 2158 3732 2211 με·

2178 2230 2364 2296 γίστου
2392 2228 2502 2299 (44)
2531 2230 2731 2284 κύκλου
2778 2231 2887 2285 τῶν
2927 2232 2985 2285 ὲν
3035 2235 3102 2304 τῇ
3156 2236 3229 2303 γῇ
3279 2231 3431 2285 κατὰ
3472 2233 3562 2284 τὸν
3591 2233 3642 2284 ὲν
3669 2232 3731 2302 τῷ

2176 2320 2367 2391 κόσμῳ
2414 2321 2800 2393 μσημὸρινὸν,
2857 2324 2951 2376 καὶ
2997 2324 3307 2396 εὑρημένου
3366 2322 3630 2395 μυριάδων
3666 2328 3726 2376 κε’

2178 2413 2271 2465 καὶ
2300 2414 2526 2467 σταδίων
2549 2415 2617 2484 β,
2649 2416 2744 2485 τῆς
2767 2415 3054 2488 διαμέτρου
3088 2417 3375 2489 μυριάδων
3408 2415 3479 2487 η’,
3506 2417 3596 2468 καὶ
3622 2415 3727 2467 ord-

2176 2500 2301 2555 δίων
2330 2504 2509 2555 υιε¹⁸⁷·
2556 2503 2931 2576 διαιρουμένου
2984 2523 3043 2558 τε
3105 2505 3197 2559 τοῦ
3241 2502 3721 2577 μεσημϐρινοῦμό)

2178 2590 2375 2645 κύκλου
2403 2595 2482 2657 εἰς
2513 2595 2651 2666 μέρη
2678 2594 2741 2661 ξ’,
2773 2595 3014 2650 καλεῖται
3039 2597 3099 2650 τὸ
3124 2596 3182 2651 ἒν
3196 2597 3403 2668 τμῆμα
3434 2595 3721 2667 ἑξηκοστόν

2175 2680 2205 2734 δ
2241 2682 2446 2750 γίνεται
2482 2684 2571 2747 ,δσθ
2605 2686 2812 2739 στάδια.
2859 2688 2981 2739 Ἐὰν
3026 2685 3134 2758 γάρ
3181 2685 3521 2759 μερισθῶσιν
3567 2687 3616 2738 αί
3658 2682 3719 2737 κε’

2179 2774 2435 2844 μυριάδες
2469 2776 2563 2829 καὶ⁵
2608 2776 2676 2830 τὰ
2724 2776 2785 2847 ,β’
2811 2777 2998 2830 στάδια
3048 2781 3125 2841 εἰς
3170 2778 3317 2849 μέρη
3364 2777 3426 2842 ξ’,
3459 2775 3719 2846 γίνεταιτὸ

2178 2865 2462 2935 ἑξηκοστὸν
2514 2868 2739 2921 σταδίων
2777 2869 2884 2940 ,δσκ
2916 2870 3100 2921 Ἔστιν
3140 2866 3236 2921 οὖν
3285 2868 3357 2922 τά
3407 2865 3598 2938 μεταξὺ
3628 2864 3714 2917 τῶν

2178 2957 2358 3022 ζωνῶν
2390 2959 2730 3031 διαστήματα
2769 2962 2953 3016 τοῦτον
2987 2962 3355 3033 άφωρισμένα
3400 2963 3489 3014 τὸν
3525 2961 3713 3030 1:96am.

2176 3050 2296 3103 Τῶν
2325 3051 2423 3121 μὲν
2446 3053 2869 3125 κατεψυγμένων
2898 3054 3081 3119 ζωνῶν
3116 3054 3210 3108 δύο
3235 3055 3301 3107 τὸ
3334 3052 3531 3115 πλάτος
3553 3051 3711 3105 ἑκατέ-

2180 3158 2278 3212 ρας
2339 3144 2515 3196 αὐτῶν
2562 3145 2865 3215 ἐξηκοττῶν
2920 3146 2995 3212 ς’,
3040 3146 3183 3217 ἆπερ
3247 3146 3360 3199 είσὶ
3409 3144 3597 3198 στάδιοι
3633 3143 3711 3213 μὲν

2177 3240 2321 3296 ,κεσ’·
2345 3236 2451 3289 τῶν
2472 3238 2527 3291 δὲ
2555 3239 2834 3312 εύκράτων
2853 3240 2946 3294 δύο
2967 3240 3149 3305 ζωνῶν
3170 3240 3232 3293 τὸ
3259 3240 3461 3302 πλάτος
3480 3236 3708 3307 ἑκατέρας

2177 3327 2352 3379 αὐτῶν
2376 3328 2680 3399 ἐξηκοστῶν
2707 3338 2767 3395 ε’,
2799 3331 2837 3385 ἃ
2869 3331 3076 3399 γίνεται
3110 3331 3317 3386 στάδιοι
3347 3331 3446 3402 μὲν
3471 3335 3591 3393 ,κα’·
3628 3326 3707 3395 τῆς

2174 3417 2231 3470 δὲ
2277 3417 2707 3491 διακεκαυμένης
2745 3420 2921 3492 ζώνης
2958 3423 3017 3475 τὸ
3057 3422 3262 3486 πλάτος
3315 3417 3604 3491 ἑξηκοστῶν
3637 3413 3702 3485 η’·

2175 3508 2314 3564 ὥστε
2342 3513 2448 3566 ἀπὸ
2472 3513 2563 3567 τοῦ
2593 3515 2905 3587 ἰσημερινοῦ
2935 3518 3018 3583 ἐφ’
3044 3516 3282 3587 ἑκάτερα
3318 3515 3451 3584 πρὸς
3473 3512 3586 3574 τοὺς
3611 3524 3705 3580 τρο·

2175 3605 2368 3668 πικοὺς
2398 3604 2661 3676 ἐξηκοστὰ
2686 3604 2822 3660 εἶναι
2848 3608 2911 3669 δ’,
2939 3607 2975 3660 ἃ.
3000 3607 3208 3676 γίνεται
3234 3606 3428 3661 στάδια
3461 3604 3551 3675 μὲν
3568 3605 3698 3665 .19“-

2174 3697 2415 3777 Γίνονται
2449 3694 2540 3751 οὖν
2570 3699 2677 3752 ἀπὸ
2712 3700 2809 3770 μὲν
2851 3699 2942 3752 τοῦ
2991 3700 3151 3752 πόλου
3198 3698 3295 3752 τοῦ
3345 3700 3403 3750 ὲν
3447 3698 3510 3765 τῇ
3543 3696 3623 3762 τῇ,
3652 3691 3698 3753 ὃς

2173 3967 2622 4022 circumferentia:
2650 3968 2839 4023 circuli
2862 3970 3083 4023 maximi
3107 3970 3162 4024 in
3193 3967 3529 4026 Sciotberico
3550 3960 3693 4016 tribu-

2173 4045 2285 4090 tum
2324 4048 2545 4091 auctore
2576 4041 2669 4091 illo
2704 4040 2893 4092 fuisse.
3539 4067 3548 4077 -

2245 4106 2438 4159 Strabo
2470 4109 2587 4161 loco
2618 4109 2785 4162 citato
2821 4108 3186 4177 llipparehum
3221 4109 3300 4162 ait
3330 4104 3563 4177 eumdem
3588 4114 3689 4156 cura

2171 4176 2530 4248 Eratosthene
2564 4187 2721 4232 terra:
2751 4175 3040 4232 circuitum
3073 4180 3398 4248 sumpsisse,
3430 4175 3685 4248 stadiorum

2170 4246 2403 4300 252000.
2430 4246 2638 4302 Plinius
2669 4264 2799 4303 vero
2828 4248 3098 4315 adjecisse
3122 4240 3276 4301 illum
3304 4240 3690 4315 asseritadErg-

2170 4318 2441 4386 toslhenis
2472 4333 2782 4373 mensuram
2808 4309 2967 4386 paulo
2995 4319 3175 4372 minus
3207 4309 3683 4386 διαιιίυτιιιιι-ἓῦρθθο

2169 4385 2285 4452 Qua
2317 4388 2523 4441 ratione
2559 4381 2825 4441 maximus
2858 4390 3099 4441 circulus
3127 4391 3233 4443 erit
3267 4387 3405 4443 stad.
3437 4381 3636 4438 277000.

506 4467 602 4521 per
637 4446 1593 4527 1‘25hmultip'lices,“ﬁent‘5l500000
1633 4470 1910 4527 passuum,
1937 4474 2058 4527 quae
2090 4446 2139 4502 ί)
2180 4446 2304 4510 ’⁷οι
2329 4456 2407 4509 ad
2438 4458 2721 4527 Geminum
2764 4467 3009 4511 nostrum
3054 4459 3269 4511 redeam
3292 4497 3307 4521 ,
3335 4470 3454 4511 cum
3484 4454 3525 4505 is
3551 4460 3681 4527 terra?

507 4530 634 4597 sunt
657 4523 1028 4597 milliariogim
1061 4524 1257 4597 51500.
1290 4523 1707 4597 AtACleomedes
1739 4526 1830 4579 lib.
1860 4541 1897 4587 ι,
1931 4523 2051 4597 οόρ.

508 4591 595 4653 10,
626 4592 792 4645 refert
818 4594 886 4646 ab
921 4592 1275 4647 Eratosthene
1296 4594 1576 4648 deﬁnitum
1608 4611 1731 4649 esse
1756 4603 1914 4651 terra)
1941 4591 2057 4650 am-

505 4660 677 4736 bitum
717 4661 929 4736 250000
971 4663 1311 4736 stadiorum;
1350 4672 1403 4718 et
1431 4679 1538 4736 qua
1578 4664 1830 4736 methodo
1862 4667 2057 4736 depre-

507 4730 709 4784 hensus
756 4734 827 4784 sit
865 4733 1057 4784 mucius
1104 4734 1213 4793 ille,
1264 4730 1562 4792 describit.
1605 4735 1861 4788 nimirum
1896 4730 1960 4789 ei
1992 4753 2057 4790 eo

504 4801 648 4869 quod
682 4803 928 4871 angulus,
960 4803 1050 4871 qui
1094 4817 1362 4871 gnomone
1387 4812 1441 4856 et
1470 4803 1624 4857 radio
1653 4806 1786 4860 solis
1823 4808 2059 4861 includi-

505 4880 596 4923 tur
628 4871 994 4934 Alexandriae,
1029 4875 1144 4926 sole
1187 4873 1241 4925 in
1272 4872 1470 4927 Caneri
1498 4872 1714 4943 Tropico
1756 4876 2056 4930 meridiano

505 4950 746 5009 tempore
781 4943 906 5002 sito,
943 4956 1068 5010 pars
1101 4950 1183 4995 est
1217 4944 1665 5012 quinquagesima
1707 4951 1941 5012 quatuor
1972 4962 2056 5001 re-

504 5019 739 5083 ctorum,
789 5020 847 5063 ut
876 5019 945 5083 _et
990 5012 1293 5079 peripheria
1326 5014 1515 5066 circuli
1554 5015 1605 5066 in
1643 5012 1921 5083 horOIOgio
1956 5017 2053 5070 de-

504 5080 718 5149 scripti,
753 5084 836 5135 cui
874 5081 963 5135 ille
996 5084 1226 5147 angulus
1259 5083 1481 5147 insistit,
1516 5098 1645 5150 pars
1681 5095 1764 5137 est
1788 5080 2059 5151 quinqua—

538 5151 933 5223 esima_eirculi
970 5152 1375 5223 totius.iQuare
1419 5168 1543 5207 cum
1582 5151 1795 5223 Syenen
1832 5156 1971 5208 inter
2001 5165 2057 5209 et

552 5218 903 5290 lexaiidriain,
943 5237 1063 5290 quae
1099 5222 1201 5275 sub
1228 5224 1418 5276 eodem
1455 5218 1753 5275 meridiano
1785 5233 1936 5286 sunt,
1972 5225 2058 5278 in-

502 5289 786 5362 tervallum
814 5292 883 5362 sit
908 5289 1147 5359 quinque
1176 5292 1402 5362 millium
1435 5292 1733 5346 stadiorum
1769 5310 1782 5347 :
1820 5309 1940 5362 qua:
1966 5302 2052 5348 est

502 5360 947 5430 quinquagesima
982 5376 1106 5429 pars
1136 5361 1371 5430 ambitus
1400 5371 1558 5415 terra:
1593 5381 1605 5416 :
1635 5370 1785 5415 totus
1818 5360 2055 5419 ambitus

499 5427 710 5503 250000
735 5427 1031 5484 stadiorum
1052 5430 1299 5503 colliget.
1329 5429 1525 5485 Verum
1555 5446 1678 5486 cum
1709 5440 1786 5485 tot
1813 5435 2057 5503 antiquis

502 5500 734 5554 testibus
760 5507 975 5554 tonstet
1015 5502 1082 5553 ab
1124 5498 1483 5556 Eratosthene
1528 5517 1837 5556 mensuram
1884 5498 2052 5567 illam,

500 5582 660 5643 quam
693 5569 950 5643 diximus,
987 5570 1202 5643 terreni
1235 5571 1471 5625 ambitus
1504 5585 1627 5625 esse
1658 5571 2052 5643 perscriptam;

498 5637 711 5710 videtur
745 5640 905 5707 paulo
951 5640 1071 5707 plus
1114 5640 1563 5710 quinquagesima
1613 5637 1763 5710 parte
1806 5637 1916 5697 tam
1959 5637 2058 5698 an?

498 5707 644 5777 gulo,
692 5724 851 5778 quem
904 5723 1140 5778 gnomon
1192 5707 1314 5764 cum
1354 5707 1507 5765 radio
1558 5707 1836 5777 continet,
1891 5728 2053 5783 quam

2157 4528 2423 4579 ambitum
2458 4542 2523 4581 ex
2563 4526 2941 4583 Eratosthenis
2987 4529 3255 4583 sententia
3295 4519 3677 4581 circumscribat

2159 4596 2462 4650 stadiorum
2496 4596 2730 4658 252000,
2771 4597 2965 4650 falsum
3002 4609 3086 4651 est
3113 4598 3258 4666 quod
3303 4614 3381 4666 ex,
3416 4600 3678 4666 e_o___00_I]S¢‘

2157 4682 2330 4734 quens
2362 4667 2507 4724 facit.
2551 4657 2876 4720 diametrum
2909 4657 3158 4721 constare
3194 4668 3336 4722 stad.
3364 4660 3542 4719 80415.
3568 4657 3674 4734 t‘jaﬂt

2157 4721 2280 4788 cum
2307 4749 2370 4789 ea
2402 4721 2542 4788 ratio
2572 4738 2643 4789 sit
2669 4737 2917 4790 diametri
2950 4736 3014 4789 ad
3041 4721 3321 4800 ambitum,
3349 4721 3672 4803 quaeestlﬂ

2155 4804 2225 4926 }22
2258 4817 2272 4860 :
2306 4813 2520 4875 oportet
2549 4805 2870 4861 diametrum
2898 4815 3054 4860 terra:
3082 4791 3337 4879 colligere
3366 4791 3501 4858 stad.
3530 4791 3674 4852 80182

2180 4890 2290 4926 ere.

2180 4890 2290 4929 ere.

2231 4944 2341 5014 (45)
2380 4943 2797 5014 Διαιρουμένου
2831 4945 3039 5021 δὲ-τοῦ
3070 4940 3482 5021 μεσημϐριιςοῦ.

2157 5007 2267 5085 lum
2305 5007 2516 5069 reteres
2564 5007 2863 5070 astronomi
2915 5016 2968 5069 in
3015 5007 3195 5084 partes
3215 5007 3491 5084 'sex'aginta
3517 5007 3667 5085 distrif

2158 5084 2413 5145 buerunt,
2449 5095 2505 5137 ut
2536 5099 2700 5154 supra
2734 5085 2991 5155 diximus.
3024 5086 3099 5155 Ita
3139 5084 3664 5155 sexagesimgwﬂl'lf

2158 5155 2296 5219 parti
2332 5149 2646 5222 competunt
2667 5154 2842 5209 stadia
2868 5155 3028 5210 4200.
3066 5154 3222 5221 Quod
3246 5149 3298 5212 si
3316 5158 3367 5210 in
3399 5149 3496 5206 560
3518 5152 3660 5222 Ρπξθξ

2157 5210 2431 5294 dividatur
2458 5210 2738 5294 circulus,
2772 5240 2918 5294 pars
2965 5210 3219 5294 quaelibet
3254 5210 3428 5280 stadia
3465 5210 3660 5294 postult}

2161 5234 2431 5276 amantur
2464 5234 2738 5287 etreulus,
2830 5240 2918 5280 ars
2965 5234 3219 5294 quaelibet
3260 5234 3428 5280 stadia
3502 5234 3658 5270 osum:-

2161 5290 2281 5367 700.
2309 5290 2443 5367 Vide
2472 5293 2734 5367 Achillem
2769 5241 2986 5348 'lPatium
3016 5298 3164 5366 Isag.
3197 5311 3317 5367 cap.
3346 5294 3432 5367 29ἶ
3457 5234 3558 5367 ﬁt!"

2158 5364 2563 5435 admonuimus,
2613 5363 3008 5435 dimensionem
3061 5356 3218 5419 istam
3266 5356 3331 5418 ad
3378 5356 3658 5435 Rhodia“!!!

2159 5431 2391 5503 ἐγκλιμα
2448 5434 2664 5497 referri,
2704 5432 2756 5485 in
2793 5450 2901 5504 quo
2946 5436 3344 5490 semidiameter
3378 5428 3542 5504 _arctici
3575 5430 3659 5504 ct:-

2157 5497 2265 5575 culi
2314 5497 2576 5571 graduum
2613 5513 2699 5558 est
2728 5497 2999 5575 56:7Hinc
3030 5507 3192 5558 etiam
3241 5501 3471 5575 frigidam
3502 5497 3652 5575 1093?}

2158 5558 2349 5626 definit
2375 5576 2581 5628 arctico
2612 5576 2819 5644 circulo
2841 5574 2989 5628 illius
3013 5576 3113 5628 loci
3152 5558 3363 5644 proprio
3385 5590 3397 5625 :
3421 5576 3472 5621 ut
3495 5558 3656 5644 σιειίριξε

2160 5644 2317 5717 90."!5.
2356 5644 2614 5717 Kradibus
2640 5643 2709 5698 58
2728 5683 2743 5706 ,
2771 5661 2834 5699 ac
2863 5646 3121 5717 deincpps
3152 5632 3391 5717 pluribus
3414 5632 3650 5717 attollittll.

2160 5699 2435 5785 'frigidavin
2458 5729 2594 5770 zona
2619 5699 2741 5770 esse
2760 5699 3106 5783 censeantitr,
3129 5699 3274 5785 quod
3294 5722 3371 5770 est
3389 5699 3648 5764 absurdum-
