3886 6268
99 307 190 361 8'57

1144 309 1379 365 GEMINI
1421 308 1791 364 ELEMENT-A
1829 307 2326 384 ASTRONOMIE.

3254 307 3359 364 858

98 431 259 482 κεῖται
284 423 437 479 κατὰ
469 425 577 480 τὸν
620 428 679 481 ἐν
722 426 802 497 τῷ
850 427 1038 499 κόσμῳ
1077 428 1258 491 πόλον,
1305 428 1466 500 μέχρι
1500 428 1593 481 :06
1627 430 1683 481 ὲν

1789 429 1891 483 sub
1940 428 2067 499 polo
2101 427 2311 493 mundi,
2346 441 2518 497 usque
2546 425 2613 487 ad
2656 426 2921 481 circulum
2964 426 3226 481 arcticum
3264 427 3359 497 qui

95 522 153 587 τῇ
176 518 243 587 γῇ
267 517 561 587 ἀρκτικοῦ
596 504 804 572 στάδιοι
826 518 924 590 μὲν
957 518 1081 582 ,κεσ’
1098 536 1111 551 ·
1151 520 1259 574 ἀπὸ
1298 520 1356 574 δὲ
1382 519 1476 573 τοῦ
1524 522 1582 572 ὲν
1619 523 1683 591 τῇ

97 611 159 680 τῇ
182 606 480 679 ἀρκτικοῦ,
524 608 596 672 ὃς
638 612 810 663 κεῖται
848 610 988 664 κατὰ
1027 611 1117 664 τὸν
1156 613 1211 665 ὲν
1250 611 1327 682 τῷ
1367 612 1555 682 κόσμῳ
1590 612 1689 682 ἀρ-

98 697 288 758 κτικὸν,
331 696 484 769 πρὸς
518 698 629 751 τὸν
662 701 720 752 ὲν
761 702 826 770 τῇ
862 703 932 770 γῇ
959 700 1237 772 τροπικὸν,
1261 702 1319 765 ὃς
1349 704 1525 754 κεῖται
1548 699 1690 754 κατά

98 787 177 840 τὸν
207 786 264 838 ὲν
288 784 368 855 τῷ
400 785 622 855 κόσμω
644 786 848 859 θερινὸν
868 789 1123 859 τροπικὸν
1142 828 1156 852 ,
1189 790 1389 843 στάδιοι
1422 789 1520 859 μὲν
1558 795 1684 853 ,κα”

98 877 193 930 61:6
237 876 292 928 δὲ
348 875 451 929 τοῦ
508 876 739 949 θερινοῦ
781 880 1041 952 τροπικοῦ
1090 880 1249 952 μέχρι
1291 880 1385 934 :06
1415 882 1473 934 ἐν
1509 884 1576 952 τῇ
1615 883 1687 953 γῇ

104 967 435 1040 ἰημερινοῦ,
464 968 532 1032 ὃς
568 972 923 1025 κεῖται’κατά
947 972 1036 1025 τὸν
1070 974 1126 1026 ἐν
1170 972 1247 1043 τῷ
1283 973 1473 1044 κόσμῳ
1501 975 1690 1044 ἰσημε-

103 1061 254 1134 ρινὸν,
285 1060 504 1113 στάδιοι
541 1069 710 1126 ,ιςω’.
737 1063 903 1116 Πάλιν
936 1064 1044 1117 ἀπὸ
1080 1064 1171 1117 :06
1212 1065 1523 1136 ἰσημερινοῦ
1556 1065 1690 1135 πρὸς

104 1152 182 1206 τὸν
198 1149 383 1221 ἕτερον
412 1152 698 1221 τροπικὸν
720 1160 859 1225 ,ιςιιν
879 1171 892 1184 ·
925 1154 1031 1207 ἀπὸ
1059 1153 1116 1206 δὲ
1137 1153 1229 1207 τοῦ
1254 1151 1513 1226 τροπικοῦ
1555 1155 1691 1226 πρὸς

103 1242 182 1293 τὸν
208 1240 475 1309 ἀρκτικὸν
514 1242 720 1298 στάδια
750 1249 846 1306 ,κα’
867 1259 880 1273 ·
905 1243 1013 1296 ἀπὸ
1041 1244 1098 1297 δὲ
1120 1243 1214 1297 τοῦ
1261 1243 1519 1317 ἀρκτικοῦ
1554 1245 1692 1315 πρὸς

105 1330 182 1382 τὶν
205 1328 395 1399 ἕτερον
429 1330 615 1383 πόλον
644 1338 798 1395 ,κεσ’·
842 1330 982 1385 ὥστε
1040 1332 1364 1401 συνάγεσθαι
1402 1332 1463 1385 τὸ
1488 1332 1688 1403 μεταξὺ

106 1422 202 1474 τῶν
233 1421 412 1474 πόλων
458 1421 754 1496 διάστημα
795 1425 1066 1496 μυριάδων
1103 1424 1167 1495 ιβ’
1211 1426 1302 1479 καὶ
1354 1423 1578 1477 στάδιων
1611 1441 1687 1487 ,ς,

107 1514 225 1583 ὅπερ
249 1514 400 1565 ἐστὶν
430 1514 626 1584 ἥμισυ
659 1516 755 1587 τῆς
790 1516 1116 1586 περιμέτρου
1158 1516 1257 1586 τῆς
1299 1516 1403 1585 γῆς
1425 1533 1441 1547 ·
1491 1515 1552 1568 τὸ
1582 1515 1690 1586 γάρ

110 1606 203 1657 ἀπὸ
220 1603 309 1657 τοῦ
345 1605 521 1658 πόλου
574 1607 674 1659 ἐπὶ
719 1607 810 1661 τὸν
855 1608 1016 1660 πόλον
1059 1608 1204 1661 ἐστὶν
1245 1605 1585 1677 ἡμικύκλιον.
1625 1604 1690 1658 Ἢ

111 1696 158 1750 δὲ
179 1696 440 1769 διαίρεσις
475 1696 599 1751 τῶν
633 1698 937 1768 ὲξηκοστῶν
961 1699 1162 1752 τούτων
1200 1700 1294 1752 καὶ
1313 1700 1391 1750 ’ἐν
1421 1700 1539 1761 ταῖς
1570 1714 1689 1767 κρι-

1789 531 1873 577 est
1906 523 1956 575 in
1987 531 2156 587 terra,
2190 521 2365 576 stadia
2404 519 2615 575 25200:
2659 535 2853 575 rursus
2892 519 2962 575 ab
2994 519 3197 573 arctico
3262 520 3360 588 qui

1788 621 1871 669 est
1898 615 1951 667 in
1986 624 2151 676 terra,
2184 622 2236 667 et
2268 614 2371 669 sub
2413 612 2538 666 cceli
2578 612 2807 675 arctico,
2857 628 3030 682 usque
3070 612 3138 666 ad
3187 612 3364 682 tropi-

1787 720 1911 759 cum
1957 711 2257 771 terrenum,
2313 706 2405 774 qui
2456 704 2677 774 ponitur
2727 704 2829 758 sub
2882 703 3092 758 caelesti
3151 703 3363 773 tropico

1787 798 1996 863 :estivo,
2052 798 2227 851 stadia
2275 796 2477 862 2l000;
2528 811 2723 851 rursus
2778 795 2847 850 ab
2912 796 3102 850 aestivo
3149 796 3363 866 trapico

1787 905 1963 959 usque
1992 888 2059 942 ad
2088 897 2404 945 terrestrem
2447 889 2903 957 aequinoctialem,
2960 889 3052 957 qui
3092 889 3232 944 situs
3278 896 3364 944 est

1789 982 1893 1036 sub
1952 981 2313 1050 aequinoctiali
2368 982 2664 1046 mundano,
2709 988 2838 1036 sunt
2909 981 3085 1036 stadia
3147 980 3363 1048 £6800;

1788 1087 1978 1126 rursus
2007 1074 2075 1127 ab
2104 1072 2468 1141 aequinoctiali
2511 1088 2681 1143 usque
2711 1073 2774 1127 ad
2820 1074 3049 1127 alterum
3094 1073 3363 1142 tr0picum

1788 1163 1963 1217 stadia
1997 1171 2124 1218 sunt
2162 1163 2352 1220 16800.
2385 1164 2634 1219 Deindea
2661 1164 2871 1233 lr0pico
2902 1181 3077 1235 usque
3102 1166 3172 1219 ad
3198 1167 3367 1221 arcti-

1789 1265 1912 1305 cnm
1985 1259 2113 1305 sunt
2186 1254 2367 1308 stadia
2428 1253 2641 1319 2l000;
2695 1262 2975 1322 postremo
3021 1255 3090 1308 ab
3159 1257 3366 1312 arctico

1787 1357 1961 1412 usque
1982 1341 2046 1396 ad
2070 1343 2295 1398 alterum
2322 1344 2503 1414 polum
2520 1344 2714 1407 25200,
2740 1352 2796 1398 ut
2816 1346 3075 1399 distantia
3099 1346 3241 1402 inter
3268 1362 3365 1417 po-

1789 1432 1871 1487 los
1905 1433 2195 1502 colligatur
2221 1450 2343 1490 essc
2376 1436 2441 1488 12
2483 1436 2810 1506 myriadum,
2848 1449 2901 1491 ct
2930 1420 3190 1506 praeterea
3223 1438 3364 1493 6000

1790 1523 2109 1589 Studiorum,
2134 1525 2285 1593 quod
2326 1534 2409 1580 est
2436 1526 2718 1581 dimidium
2759 1527 3213 1583 circumlerentia:
3251 1537 3364 1584 ter-

1789 1627 2045 1680 ra';nam
2092 1614 2349 1669 distantia
2409 1630 2530 1684 qua:
2566 1625 2651 1669 est
2700 1629 2730 1667 a
2777 1615 2899 1684 polo
2937 1630 3108 1684 usque
3149 1617 3215 1670 ad
3264 1630 3364 1685 po-

1790 1705 1925 1767 lum,
1959 1715 2044 1760 est
2077 1704 2478 1761 semicirculus.
2516 1705 2720 1760 Divisio
2747 1713 2929 1759 autem
2971 1707 3161 1760 horum
3198 1721 3363 1761 δειε-

116 1794 297 1853 κωταῖς
338 1790 618 1862 σφαίραις
649 1794 684 1863 ὴ
718 1792 854 1863 αὐτὴ
887 1793 1140 1864 ὑπάρχει.
1186 1790 1686 1856 Κατασκευάζονται

1794 1797 2123 1866 gesimorum
2179 1798 2344 1851 etiam
2397 1799 2453 1850 in
2502 1796 2873 1851 armillaribus
2908 1796 3137 1866 splimris
3173 1797 3362 1852 eadem

114 1881 206 1951 γὰρ
230 1883 284 1934 αἱ
312 1882 603 1951 κρικωταὶ
646 1886 871 1954 σφαῖραι
919 1883 1120 1947 οὕτως·
1159 1883 1266 1937 ἀπὸ
1318 1883 1410 1937 :06
1455 1884 1617 1936 πόλου
1662 1885 1691 1937 ὁ

118 1972 355 2044 ἀρκτικὸς
391 1972 682 2026 διίσταται
711 1975 902 2045 μοίρας
939 1973 1048 2039 λς’,
1074 1974 1217 2046 άπερ
1247 1976 1392 2028 ἐστὶν
1425 1974 1692 2046 ὲξηκοστὰ

120 2070 191 2129 ς’·
224 2064 407 2130 ἑξάκις
436 2064 555 2136 γὰρ
593 2064 657 2129 ἒξ
690 2065 896 2134 γίνεται
926 2066 1033 2130 λς’.
1077 2067 1135 2119 '0
1178 2066 1235 2119 δὲ
1285 2067 1542 2138 ἀρκτικὸς
1585 2067 1691 2120 ἀπὸ

121 2157 199 2209 :06
218 2156 424 2228 θερινοῦ
453 2158 733 2228 τροπικοῦ
763 2158 1027 2213 διίσταται
1058 2159 1251 2230 μοίρας
1274 2158 1316 2212 λ’
1334 2178 1348 2192 ·
1376 2159 1518 2230 άπερ
1546 2160 1690 2212 ἐστὶν

122 2248 363 2319 ἑξηκοστὰ
404 2255 468 2303 ε’.
521 2250 584 2303 '0
614 2250 673 2303 δὲ
718 2249 925 2321 Θερινὸς
956 2251 1211 2321 τροπικὲς
1238 2249 1342 2302 ἀπὸ
1372 2248 1466 2302 :06
1500 2250 1689 2319 ἰσημε-

127 2336 253 2407 ρινοῦ
286 2336 544 2408 διέστηκε
591 2338 788 2411 μοίρας
825 2337 924 2403 κδ’,
954 2338 1098 2410 ἅπερ
1129 2340 1274 2392 ἐστὶν
1309 2338 1572 2409 ἐξηκοστὰ
1613 2340 1687 2392 δ”

124 2432 149 2482 6
176 2429 227 2483 δὲ
268 2429 590 2501 ἰσημερινὸς
650 2430 757 2484 ἀπὸ
820 2430 913 2484 τοῦ
955 2431 1262 2502 χειμερινοῦ
1322 2432 1580 2504 τροπικοῦ
1614 2432 1692 2485 δι·-

128 2518 301 2591 ἐστηκε
330 2520 428 2584 τὰς
462 2522 593 2583 ἴσας
641 2522 833 2592 μοίρας
872 2521 948 2573 κδ’
969 2539 981 2551 ·
1017 2524 1045 2575 6
1079 2522 1137 2575 δὲ
1168 2522 1472 2593 χειμερινὸς
1503 2540 1691 2594 τροπι-

130 2612 207 2673 1:6;
233 2609 322 2662 :06
347 2611 726 2683 ἀνταρκτικοῦ
752 2611 1000 2682 διέστηκε
1032 2613 1222 2683 μοίρας
1250 2609 1319 2664 λ’·
1349 2613 1377 2665 6
1403 2612 1461 2665 δὲ
1494 2613 1693 2684 ἀνταρ-

134 2702 296 2765 κτικὸς
341 2704 451 2756 ἀπὸ
494 2703 596 2756 τοῦ
642 2702 813 2756 νοτίου
862 2703 1023 2756 πόλου
1058 2703 1305 2774 διέστηκε
1347 2706 1538 2778 μοίρας
1568 2706 1687 2771 lg"

134 2792 255 2847 ὥστε
287 2795 446 2848 πάλιν
470 2795 585 2847 ἀπὸ
628 2795 719 2847 :06
765 2795 926 2848 πόλου
977 2797 1069 2848 ἐπὶ
1116 2796 1214 2849 τὸν
1249 2797 1408 2851 πόλον
1462 2798 1691 2867 συνάγεε

138 2885 241 2939 σθαι
271 2887 366 2956 μὲν
399 2887 606 2957 μοίρας
639 2892 748 2956 ρπ’,
779 2885 1045 2955 ἐξηκοστά
1069 2886 1125 2939 δὲ
1153 2886 1223 2939 λ’·
1251 2887 1385 2957 πρὸς
1408 2888 1514 2959 γὰρ
1536 2888 1691 2941 :06:0

135 2976 183 3027 τὸ
206 2976 258 3028 ἓν
288 2976 455 3047 κλίμα
487 2979 590 3030 καὶ
621 2978 675 3029 αἱ
712 2978 977 3048 κρικωτα)¹
1006 2980 1227 3050 σφαῖραι
1256 2978 1690 3043 κατασκευάζον-

136 3082 227 3131 ται,
255 3068 343 3121 καὶ
386 3069 442 3121 αἰ
480 3068 730 3139 περεαί,
774 3068 882 3121 τῶν
917 3066 1189 3140 ἁρκτυίῶν
1230 3071 1406 3138 μόνων
1460 3087 1690 3140 μεταπι-

136 3159 348 3212 πτόντων
388 3159 446 3213 ἔν
488 3177 643 3214 τισιν
682 3162 925 3232 οἰκήσεσι
964 3162 1103 3215 κατὰ
1138 3161 1237 3224 τὰς
1262 3162 1585 3225 διαστάσεις.
1620 3163 1688 3215 Αἱ

139 3250 357 3320 μέντοιγε
386 3253 444 3305 ὲν
474 3257 542 3324 τῇ
566 3255 645 3323 γῇ
668 3251 834 3317 ζῶναι
865 3253 998 3325 πρὸς
1029 3254 1088 3307 :6
1112 3254 1400 3325 εἰρημένον
1428 3253 1487 3306 ἒν
1519 3254 1687 3324 κλίμα

136 3341 437 3411 λαμϐάνουσι
483 3345 595 3416 τὴν
640 3344 898 3417 διαίρεσιν
933 3344 1040 3398 τῶν
1086 3345 1178 3398 ἐπὶ
1230 3345 1326 3415 τῆς
1362 3345 1464 3415 γῆς
1504 3362 1688 3398 κατοι-

140 3431 367 3488 κούντων.
394 3435 553 3488 Ὅσοι
598 3434 696 3505 μὲν
742 3430 832 3487 οὖν
871 3436 963 3488 ἐπὶ
1005 3434 1099 3487 :06
1143 3431 1305 3488 αὐτοῦ
1346 3435 1686 3507 παραλλήλου

140 3524 441 3589 κατοικοῦσι,
489 3525 711 3589 τούτοις
759 3525 827 3578 τὰ
874 3525 1013 3578 αὐτὰ
1063 3527 1361 3596 φαινόμενα
1408 3526 1548 3579 κατὰ
1588 3524 1688 3585 τὰς

143 3615 351 3683 οἰκήσεις
380 3618 647 3685 γίνονται,
679 3617 772 3670 καὶ
816 3616 884 3669 τά
936 3617 1137 3687 μεγέθη
1176 3617 1283 3670 τῶν
1324 3615 1543 3687 ἡμερῶν
1576 3616 1685 3679 ἶσα,

145 3706 222 3757 καὶ
261 3707 324 3759 τὰ
375 3709 583 3780 μεγέθη
643 3708 751 3762 τῶν
802 3708 1090 3778 ἐκλείψεων
1136 3708 1247 3778 (46)
1297 3708 1545 3771 τοιαῦτα,
1594 3708 1688 3761 καὶ

144 3794 233 3847 τῶν
272 3797 653 3868 ὼροσκοπείων
696 3800 1045 3871 καταγραφαὶ
1081 3802 1136 3853 αἱ
1182 3799 1341 3852 αὐταί
1365 3815 1378 3828 ·
1423 3800 1516 3852 καὶ
1557 3799 1689 3852 καθ-

145 3881 246 3936 όλου
274 3888 443 3941 πάντα
478 3890 546 3942 τὰ
576 3890 707 3960 περὶ
737 3890 835 3953 τὰς
879 3891 1116 3960 οἰκήσεις
1152 3892 1248 3953 τὰς
1276 3888 1368 3943 ἐπὶ
1398 3889 1491 3942 :06
1522 3889 1687 3944 αὐτοῦ

147 3975 456 4049 παραλλήλου
485 3981 766 4052 κειμένας,
793 3980 860 4034 τά
889 3981 1026 4034 αὐτὰ
1054 3979 1305 4050 ὑπάρχει.
1352 3980 1424 4033 T6
1455 3980 1562 4051 γὰρ
1598 3980 1688 4048 ἔγ-

147 4062 288 4134 κλιμα
313 4069 402 4121 τοῦ
430 4072 637 4141 κόσμου
679 4070 826 4141 μένει
854 4070 914 4123 :6
950 4069 1098 4123 αὐτό.
1138 4069 1296 4140 Παρὰ
1333 4068 1441 4139 γὰρ
1485 4068 1547 4122 τὸ
1592 4069 1684 4137 ἔγ-

148 4154 291 4226 κλιμα
309 4161 396 4214 :06
421 4165 631 4235 κόσμου
659 4164 887 4235 διάερορα
920 4165 1125 4231 γίνεται
1166 4162 1234 4215 τὰ
1266 4162 1580 4231 φαινόμενα.
1618 4164 1685 4214 Αἰ

149 4244 366 4316 μέντοιγε
404 4253 570 4323 ἁρχαὶ
620 4252 725 4305 τῶν
783 4251 1001 4322 ἡμερῶν
1059 4253 1150 4304 καὶ
1195 4252 1251 4303 αἱ
1303 4250 1546 4303 τελευταὶ
1587 4252 1684 4320 οὐχ

148 4332 246 4402 ἅμα
295 4343 422 4393 πᾶσι
461 4343 724 4410 γίνονται,
775 4342 887 4395 ἀλλ’
930 4338 1011 4405 οἷς
1054 4343 1150 4411 μὲν
1194 4344 1473 4412 πρότερον,
1510 4335 1591 4406 οἷς
1628 4342 1683 4395 δὲ

1789 1896 1893 1943 est.
1942 1886 2208 1942 Parantur
2248 1889 2393 1943 enim
2436 1889 2743 1943 armillarcs
2780 1888 3004 1958 sphaerae
3036 1889 3196 1943 sic.A
3237 1889 3365 1959 polo

1789 1979 2026 2033 arcticus
2058 1978 2225 2032 distat
2249 1977 2496 2047 partibus
2521 1976 2610 2040 '56,
2636 1993 2755 2046 quzc
2782 1986 2908 2031 sunt
2929 1979 3263 2048 sexagesima
3290 1979 3361 2047 6;

1790 2069 1967 2124 sexies
1991 2070 2135 2123 enim
2175 2084 2270 2124 sex
2293 2076 2421 2123 sunt
2458 2068 2547 2122 '56.
2594 2067 2847 2123 Arcticus
2895 2069 2963 2124 ab
3020 2070 3207 2124 mstivo
3253 2079 3367 2153 tro;

1789 2160 1912 2230 pico
1939 2159 2104 2213 distat
2127 2159 2387 2228 gradibus
2411 2160 2503 2223 50,
2536 2160 2629 2228 qui
2673 2158 2881 2214 faciunt
2911 2162 3247 2229 sexagesima
3291 2162 3361 2229 εἰς

1788 2250 2009 2306 aestivus
2036 2252 2279 2320 tropicus
2310 2250 2477 2304 distat
2505 2251 2573 2304 ab
2600 2251 2965 2320 aequinoctiali
2988 2252 3249 2321 gradibus
3265 2252 3360 2317 24.

1789 2344 1884 2414 qui
1920 2350 2050 2398 sunt
2076 2343 2413 2412 sexagesima
2445 2340 2500 2395 4.
2532 2340 2958 2411 Ᾱῑιιιιῑηοριίιιιίε
2989 2342 3158 2397 distat
3187 2343 3255 2397 ab
3272 2343 3362 2398 bi-

1789 2436 1958 2490 berno
1992 2434 2201 2504 tropico
2223 2434 2443 2488 totidem
2470 2433 2728 2502 gradibus
2770 2432 2861 2487 2L
2916 2432 3131 2486 Rursus
3178 2433 3363 2487 biber-

1789 2541 1893 2579 nus
1909 2527 2147 2595 tropicus
2170 2525 2239 2577 ab
2258 2523 2556 2577 antarctico
2575 2523 2742 2577 distat
2765 2522 3023 2593 gradibus
3049 2522 3147 2587 50;
3170 2529 3360 2577 antaro

1787 2621 1961 2673 cticus
2003 2619 2070 2671 ab
2116 2617 2341 2671 australi
2395 2616 2518 2684 polo
2579 2614 2744 2668 distat
2803 2613 3066 2684 gradibus
3130 2613 3237 2679 '56;
3298 2621 3360 2667 ut

1789 2724 1983 2764 rursus
2023 2723 2054 2761 a
2108 2707 2232 2776 polo
2262 2721 2435 2775 usque
2473 2703 2540 2758 ad
2583 2706 2763 2776 polum
2798 2705 3124 2774 colligantur
3156 2703 3361 2774 gradus

1793 2800 1915 2863 180,
1949 2800 2287 2868 sexagesima
2320 2813 2446 2851 vero
2467 2797 2553 2850 '50.
2572 2798 2651 2849 Ad
2681 2796 2783 2849 hoc
2811 2795 2954 2849 enim
2981 2810 3147 2848 unum
3176 2794 3360 2857 clima,

1789 2899 1842 2946 et
1877 2891 2101 2960 sphaerae
2122 2890 2450 2953 armillarcs,
2476 2895 2530 2942 et
2566 2886 2755 2942 solidte
2789 2894 3070 2955 parantur,
3101 2899 3223 2939 cum
3255 2884 3360 2941 soli

1790 2982 1978 3035 arctici
2009 2982 2062 3034 in
2106 2980 2431 3050 quibusdam
2474 2978 2905 3034 habitationibus
2945 2977 3242 3032 secundum
3274 2976 3361 3030 di-

1790 3072 2021 3129 stantias
2068 3078 2367 3125 mutentur.
2409 3070 2479 3123 At
2521 3084 2670 3122 zonae
2713 3076 2997 3122 terrestres
3044 3066 3112 3120 ad
3152 3065 3359 3121 dictum

1790 3178 1957 3219 unum
2008 3162 2171 3216 clima
2225 3160 2501 3230 accipiunt
2533 3160 2855 3214 divisionem
2898 3173 3113 3220 eorum,
3163 3156 3257 3226 qui
3301 3158 3361 3211 in

1790 3262 1934 3309 terra
1964 3253 2229 3309 habitant.
2260 3250 2429 3321 Igitur
2450 3250 2542 3320 qui
2586 3250 2774 3305 eodem
2806 3248 2864 3303 in
2909 3248 3167 3318 parallclo
3205 3248 3358 3303 babi-

1788 3353 1929 3410 tant,
1954 3346 2038 3400 his
2064 3343 2261 3399 caulem
2295 3350 2421 3396 sunt
2445 3341 2776 3411 apparentire
2810 3339 3107 3393 secundum
3145 3338 3361 3393 habita-

1787 3437 1996 3503 tiones;
2020 3442 2074 3489 et
2102 3433 2500 3503 magnitudines
2531 3431 2743 3485 dierum
2770 3430 3007 3498 aequales
3031 3445 3046 3496 ;
3071 3435 3125 3482 et
3150 3427 3362 3497 magni-

1785 3524 2004 3581 tudines
2033 3523 2319 3592 eclipsium
2343 3520 2549 3575 similes
2577 3536 2592 3585 ;
2622 3526 2676 3573 et
2700 3518 3097 3588 descriptiones
3128 3518 3358 3571 horolo-

1788 3617 2031 3687 gicorum
2100 3615 2584 3669 instrumentorum
2638 3610 2873 3675 eaedem;
2924 3617 2978 3663 et
3043 3609 3358 3663 summatim

1786 3706 1968 3760 omnia
1996 3718 2117 3773 quae
2143 3704 2468 3772 contingunt
2497 3705 2645 3756 circa
2675 3698 3041 3754 habitationes
3080 3698 3134 3751 in
3165 3699 3358 3754 eodem

1786 3796 2047 3866 parallelo
2071 3797 2296 3865 positas,
2318 3795 2667 3848 suntemlcm.
2698 3791 2832 3845 Nam
2859 3792 3141 3846 inclinatio
3164 3791 3357 3846 mundi

1786 3893 1968 3939 manet
1995 3884 2203 3939 eadem.
2250 3883 2476 3952 Propter
2508 3882 2919 3937 inclinationem
2974 3879 3120 3933 enim
3164 3879 3359 3934 mundi

1786 3974 2010 4035 diversa:
2068 3982 2197 4028 sunt
2268 3973 2616 4042 apparentiaa.
2686 3971 2855 4042 Atqui
2917 3971 3076 4024 initia
3144 3970 3360 4024 dierum

1786 4072 1838 4121 et
1881 4066 2015 4119 ﬁnes
2060 4080 2168 4119 non
2203 4065 2366 4121 simul
2412 4065 2547 4119 ﬁunt
2594 4064 2868 4127 omnibus,
2905 4062 2999 4116 sed
3031 4060 3152 4115 aliis
3181 4061 3360 4130 prius,

1786 4159 1908 4212 aliis
1953 4158 2225 4227 posterius
2260 4163 2491 4225 :estque
2543 4156 2683 4225 apud
2734 4170 2924 4209 omnes
2967 4153 3143 4223 prima
3197 4152 3354 4215 hora,

1785 4265 1907 4304 cum
1950 4264 2012 4304 ea
2060 4249 2201 4318 apud
2252 4248 2388 4302 alios
2440 4249 2511 4303 sit
2551 4248 2783 4301 medium
2835 4244 2967 4309 diei,
3034 4242 3177 4313 apud
3220 4243 3358 4298 alios

1785 4355 2034 4394 occasus.
2079 4337 2198 4393 Jam
2240 4354 2370 4392 vero
2392 4336 2571 4407 quoad
2610 4350 2853 4397 sensum,
2897 4334 3011 4388 fere
3059 4332 3127 4386 ad
3177 4332 3358 4386 stadia

148 4420 343 4499 ὕστερον
367 4471 381 4484 .
425 4433 534 4486 Καί
575 4438 719 4486 ἐστιν
762 4435 794 4504 ἡ
845 4433 993 4505 παρὰ
1028 4435 1190 4486 πᾶσιν
1226 4432 1270 4463 ⁸⁸
1308 4439 1354 4486 α’
1383 4433 1520 4503 ὥρα,
1558 4435 1685 4504 παρ’

1787 4432 1890 4486 400
1937 4433 2007 4486 ab
2056 4438 2179 4485 ortu
2234 4446 2426 4485 versus
2483 4442 2737 4482 occasum
2788 4426 2930 4479 idem
2981 4432 3162 4478 manet
3199 4423 3354 4476 hori-

148 4513 301 4582 ἄλλοις
331 4524 489 4592 μέσον
533 4525 745 4597 ἡμέρας
798 4521 947 4583 οὖσα,
988 4526 1117 4596 παρ’
1150 4521 1229 4587 οἷς
1256 4524 1312 4577 δὲ
1348 4525 1498 4587 δύσις
1525 4523 1678 4578 οὖσα.

153 4606 269 4681 Ἤδη
300 4610 540 4685 μέντοιγε
579 4619 713 4687 πρὸς
734 4618 830 4689 τὴν
846 4617 1094 4689 αἴσθησιν
1114 4617 1298 4687 σχεδὸν
1321 4618 1411 4671 ἐπὶ
1436 4618 1682 4680 σταδίους

153 4702 190 4745 υ¹
216 4698 296 4752 ἀπ’
322 4703 579 4776 ἀνατολῆς
617 4707 709 4757 ἐπὶ
739 4704 890 4758 δύσιν
921 4707 949 4757 6
983 4705 1142 4767 αὐτὸς
1178 4706 1372 4776 ὁρίζων
1401 4704 1676 4775 διαμένει·

152 4782 271 4841 ὥστε
324 4795 451 4867 πρὸς
496 4797 742 4868 αἴσθησιν
788 4795 904 4866 ἄμα
935 4796 1033 4867 τὴν
1075 4796 1337 4866 ἀνατολὴν
1379 4796 1556 4858 αὐτοῖς
1598 4794 1682 4863 γί-

151 4879 311 4933 νεσθαι
352 4888 443 4939 καὶ
490 4890 587 4962 τὴν
624 4889 794 4943 δύσιν.
822 4888 989 4941 Ὅταν
1036 4886 1093 4940 δὲ
1140 4887 1320 4939 πλεῖον
1360 4887 1582 4955 γένηται
1625 4887 1687 4940 τὸ

152 4965 390 5044 διάστημα
417 4979 520 5032 τῶν
551 4987 594 5033 υ⁹
629 4977 874 5042 σταδίων,
898 4978 1260 5051 προανατολαὶ
1282 4979 1375 5031 καὶ
1400 4978 1684 5048 προδόσεις

152 5059 379 5141 γίνονται..
411 5069 532 5135 Τοῖς
563 5073 619 5126 δὲ
651 5074 744 5125 ἐπὶ
779 5071 873 5125 :06
906 5069 1069 5125 αὑτοῦ
1105 5068 1472 5141 μεσημϐρινοῦ
1505 5086 1684 5122 κατοι-

153 5150 285 5207 κοῦσι
312 5158 462 5232 μέχρι
506 5164 603 5234 μὲν
652 5163 875 5217 σταδίων
906 5169 949 5216 υ¹
976 5161 1369 5233 ἁνεπαίσθητος
1410 5160 1620 5228 γίνεται
1644 5161 1679 5229 ἡ

216 5326 255 5358 ⁸⁸
284 5331 322 5399 f.
352 5339 504 5392 τισίν.

220 5478 316 5553 (46)
344 5491 445 5543 Καὶ
480 5495 553 5567 τὰ
590 5498 806 5567 μεγέθη
853 5494 969 5550 τῶν
1022 5496 1369 5564 ἐκλείψεων.
1428 5493 1669 5567 Falsum.

162 5541 273 5639 1:???
301 5541 465 5639 ἶιριηιθ
496 5541 915 5639 deﬁgi-iiiis.
942 5583 1143 5639 ineque
1189 5541 1271 5639 (ie
1296 5567 1571 5639 solaribus
1615 5565 1669 5618 id

317 5627 524 5706 dicitur.
572 5634 814 5692 Lunares
861 5627 1068 5706 quippe
1111 5653 1216 5690 non
1261 5636 1312 5689 in
1353 5636 1542 5706 iisdem
1576 5651 1668 5706 so-

216 5700 409 5751 minodo
445 5707 711 5769 parallelis
760 5700 1011 5777 mquale's'
1058 5716 1354 5777 apparent,
1408 5704 1503 5761 sed
1550 5705 1668 5758 ubi-

1787 4540 1909 4579 zon.
1974 4524 2157 4591 Itaque
2220 4522 2394 4591 quoad
2474 4535 2693 4576 sensum
2743 4518 2906 4571 simul
2979 4516 3115 4586 ipsis
3174 4515 3356 4569 evenit

1786 4625 1958 4679 ortus,
1988 4620 2042 4668 et
2063 4628 2311 4668 occasus.
2340 4612 2408 4665 At
2434 4611 2524 4665 ubi
2557 4610 2815 4683 distantia
2852 4606 3017 4661 fuerit
3050 4604 3224 4675 major
3248 4604 3355 4659 400

1788 4705 1995 4768 stadiis,
2060 4703 2132 4757 ibi
2179 4702 2615 4773 antegressioncs
2664 4710 2881 4753 ortuum
2940 4705 2993 4752 et
3057 4710 3354 4750 occasuum

1788 4796 1938 4850 ﬁunt.
1966 4795 2036 4848 Iis
2077 4809 2205 4847 vero
2241 4793 2336 4863 qui
2385 4793 2440 4846 in
2495 4791 2684 4846 eodem
2738 4788 3039 4843 meridiano
3081 4788 3352 4852 habitant,

1788 4903 1962 4957 usque
1998 4886 2065 4941 ad
2104 4885 2279 4941 stadia
2325 4885 2431 4939 400
2476 4882 2810 4938 insensibilis
2854 4880 2911 4933 ﬁt
2944 4880 3223 4934 climatum
3260 4892 3353 4932 va-

1788 4981 1956 5035 rietas
1989 4979 2169 5033 simul.
2202 4976 2588 5032 Verumtamen
2617 4976 2687 5030 ob
2711 4990 2828 5029 eam
2856 4972 3191 5035 distantiam,
3235 4985 3356 5040 quae

1790 5070 1963 5140 magis
1993 5069 2332 5122 transcendit
2363 5082 2553 5121 versus
2598 5064 3017 5132 septentrionem
3056 5067 3150 5113 aut
3190 5060 3355 5113 meri-

1791 5160 1955 5224 diem,
1992 5160 2095 5215 alia
2125 5160 2185 5212 (it
2215 5158 2515 5213 inclinatio.
2566 5155 2749 5226 Itaque
2792 5169 2982 5209 omnes
3024 5151 3357 5223 apparentia:

1780 5506 1997 5561 cunque
2030 5491 2155 5561 luna
2189 5489 2537 5561 prospicitur.
2581 5487 2801 5561 Solares
2836 5498 3014 5541 auth
3048 5488 3212 5561 etiam
3248 5485 3354 5561 sub

1778 5558 1971 5616 eodem
1997 5560 2260 5630 parallelo
2288 5559 2582 5630 inaaquales
2609 5559 2895 5630 videntur;
2920 5569 3010 5630 aut
3039 5558 3199 5630 etiam
3224 5558 3352 5616 alibi

1779 5627 2009 5754 miniine
2037 5631 2307 5686 videntur.
2336 5628 2515 5694 Quare
2558 5629 2701 5682 aliud
2753 5629 2928 5699 agenti
2976 5629 3080 5683 hoc
3120 5627 3351 5685 Gemino

1779 5703 1916 5754 excit
1941 5702 2000 5754 it.
2147 5724 2158 5731 -

1777 5716 2000 5760 οιοιιιιι.
