3886 6268
515 299 618 356 839

1508 287 1852 343 APPENDIX
1890 285 1983 341 Al)
2024 281 2294 343 EUSEBII
2336 277 2754 337 CHBONICON.

3698 273 3786 327 860

514 426 643 474 sum
667 415 912 472 diversae.
938 412 1151 470 Etenim
1179 406 1582 481 magnitudines
1608 407 1845 468 dierum,
1889 412 1943 461 et
1968 418 2083 459 ma-

2189 400 2295 457 τῶν
2345 400 2619 472 κλιμάτων
2680 393 3005 468 παραλλαγὴ
3072 392 3192 464 ἅμα
3219 407 3237 422 ⁶
3306 388 3376 443 τὸ
3424 389 3473 422 ’δ’
3559 392 3782 460 μέντοιγε

512 506 820 579 guitudines
858 506 1167 577 eclipsium,
1218 511 1273 558 et
1312 499 1718 570 horologiorum
1758 496 2087 565 descriptio-

511 612 611 655 nes
641 600 869 655 diversa:
918 606 1143 670 propter
1192 596 1560 651 habitationes
1605 593 1743 646 ﬁunt
1772 590 1839 645 iis
1891 589 1985 659 qui
2032 588 2088 641 in

511 691 700 746 eodem
724 691 1025 746 meridiano
1048 690 1322 745 habitant.
1352 686 1486 742 Nam
1515 684 1799 740 inclinatio
1825 690 2086 745 mutatur,

511 794 634 835 cum
667 783 753 837 vel
787 782 853 836 ad
884 783 1125 845 boream,
1157 782 1243 837 vel
1282 780 1348 834 ad
1389 778 1670 834 meridiem
1708 774 1768 830 ﬁt
1802 773 2087 829 transitus.

510 871 673 941 Atqui
707 872 1024 927 medietates
1053 870 1266 926 dierum
1310 876 1365 924 et
1391 868 1708 922 medietates
1735 866 1975 920 noctium
2007 863 2086 918 si-

510 963 623 1016 mul
653 964 913 1017 eveniunt
958 963 1215 1017 omnibus
1264 961 1332 1015 iis
1378 958 1473 1030 qui
1505 958 1560 1011 in
1607 955 1798 1011 eodem
1839 954 2089 1009 habitant

510 1056 830 1111 meridiano.

2190 495 2371 550 πλεῖον
2410 492 2678 562 διάστημα
2717 487 3020 559 ὑπερϐῆναι
3054 485 3101 517 ’θ
3135 483 3286 556 πρὸς
3336 481 3554 553 ἄρκτον
3587 482 3622 553 ἢ
3669 484 3784 555 πρὸς

2194 583 2560 658 μεσημϐρίαν,
2592 581 2720 634 ἄλλο
2754 579 2964 648 γίνεται
3014 576 3262 648 ἐγκλιμα
3284 591 3301 604 ⁶
3344 573 3499 627 ὥστε
3532 573 3703 627 πάντα
3727 578 3781 628 τὰ

2189 675 2488 746 φαινόμενα
2509 671 2740 742 διάφορα
2763 669 3029 739 γίνεσθαι.
3062 669 3171 721 Kal
3205 666 3330 735 γὰρ
3358 664 3436 717 τὰ
3471 663 3674 735 μεγέθη
3691 666 3783 718 τῶν

2188 760 2432 833 ἡμερῶν,
2463 759 2557 813 καὶ
2590 757 2658 810 τὰ
2693 755 2896 828 μεγέθη
2943 754 3051 809 τῶν
3083 754 3429 823 ἐκλείψεων,
3476 752 3575 806 καὶ
3616 756 3668 806 al
3694 756 3779 807 τῶν

2189 853 2495 925 ὡρολογίων
2539 848 2887 921 καταγραφαὶ
2930 846 3175 918 διάφοροι
3223 843 3395 914 παρὰ
3430 843 3537 905 τὰς
3567 844 3780 915 οἰκήσεις

2192 944 2428 1013 γίνονται
2454 944 2566 1004 τοῖς
2594 941 2684 994 ἐπὶ
2712 938 2807 993 τοῦ
2848 938 3010 993 αὑτοῦ
3040 926 3444 1009 μεσημϐρινοῦ
3470 936 3772 992 κατοικοῦσι.

2194 1038 2269 1091 Τὸ
2288 1036 2395 1109 γὰρ
2432 1035 2664 1105 ἔγκλιμα
2712 1030 3058 1104 μεταπίπτει,
3092 1027 3126 1100 ἢ
3161 1028 3317 1100 πρὸς
3354 1027 3569 1098 ἄρκτον
3604 1026 3636 1096 ἣ
3666 1029 3777 1100 πρὸς

513 1148 854 1221 μεσημϐρίαν
891 1148 990 1218 τῆς
1033 1147 1380 1219 μεταϐάσεως
1421 1144 1733 1216 γινομένης.
1783 1143 1864 1195 Τὰ
1901 1139 2151 1210 μέντοιγε
2209 1133 2350 1203 μέσα
2392 1132 2502 1184 τῶν
2559 1127 2781 1202 ἡμερῶν
2822 1127 2916 1180 καὶ
2966 1125 3035 1180 τὰ
3069 1125 3214 1196 μέσα
3254 1122 3376 1177 τῶν
3414 1119 3628 1176 νυκτῶν
3678 1123 3771 1196 ἅμα

508 1243 640 1294 πᾶσι
669 1242 875 1311 γίνεται
914 1244 1028 1306 τοῖς
1053 1243 1145 1296 ἐπὶ
1171 1240 1263 1295 τοῦ
1298 1240 1460 1295 αὑτοῦ
1493 1237 1866 1311 μεσημϐρινοῦ
1896 1231 2264 1291 κατοικοῦσιν,

575 1334 678 1405 31
712 1335 846 1389 Cum
872 1345 1052 1390 autem
1087 1336 1155 1391 de
1187 1336 1417 1390 australi
1448 1349 1587 1389 zona
1621 1334 1879 1395 dicimus,
1922 1342 1978 1387 et
2020 1331 2088 1384 de

511 1426 580 1479 iis
610 1427 703 1495 qui
734 1426 790 1480 iu
824 1441 885 1480 ea
923 1426 1188 1490 habitant,
1225 1426 1295 1480 ad
1333 1427 1448 1481 haec
1497 1428 1565 1483 de
1609 1425 1960 1496 antipodibus
1991 1422 2085 1493 qui

512 1520 564 1569 in
586 1517 774 1571 eadem
810 1524 975 1580 sunt;
1010 1519 1261 1571 convenit
1286 1532 1349 1572 ea
1382 1534 1504 1588 quae
1521 1519 1783 1572 dicuntur
1811 1517 1892 1572 sic
1927 1516 2088 1570 intel-

509 1607 695 1677 ligere,
731 1616 792 1661 ut
828 1623 929 1663 nos
967 1610 1034 1663 de
1062 1611 1289 1665 australi
1320 1611 1539 1678 quidem
1571 1625 1708 1665 zona
1752 1609 1959 1664 nullam
2002 1607 2086 1661 hi-

2261 1322 2431 1377 Ὅταν
2472 1320 2530 1374 δὲ
2574 1320 2703 1392 περὶ
2746 1319 2849 1389 τῆς
2902 1317 3076 1372 νοτίου
3132 1316 3329 1388 ζώνης
3381 1315 3654 1386 λέγωμεν,
3692 1321 3768 1372 καί

2189 1414 2298 1467 τῶν
2347 1414 2405 1466 ὲν
2447 1413 2584 1484 αὑτῇ
2640 1409 3061 1472 κατοικούντων,
3100 1408 3243 1480 πρὸς
3295 1408 3360 1461 δὲ
3417 1407 3636 1472 τούτοις
3664 1412 3768 1479 περὶ

2188 1506 2297 1560 τῶν
2354 1506 2411 1558 ὲν
2474 1504 2611 1575 αὑτῇ
2679 1501 2979 1555 ἀντιπόδων
3035 1498 3145 1552 τῶν
3196 1499 3570 1571 λεγομένωνο
3622 1500 3766 1567 οὕτως

2187 1596 2406 1650 ἀκούειν
2470 1597 2772 1668 προσήκει,
2827 1594 2903 1658 ὡς
2978 1590 3258 1664 μηδεμίαν
3329 1592 3501 1664 ἡμῶν
3557 1595 3765 1665 ἱστορίαν

509 1696 731 1749 storiam
757 1698 1148 1767 acceperimus,
1181 1716 1357 1770 neque
1387 1715 1454 1754 an
1489 1701 1584 1755 ulli
1623 1703 1676 1755 in
1705 1716 1769 1754 ea
1798 1700 2080 1764 habitent;

2189 1689 2600 1761 παρειληφότων
2634 1690 2759 1760 περὶ
2798 1689 2897 1759 τῆς
2944 1687 3121 1740 νοτίου
3154 1685 3370 1757 ζώνης,
3406 1685 3547 1759 μηδὲ
3572 1687 3625 1740 ετ
3646 1704 3761 1752 τινες

509 1785 604 1838 sed
644 1785 788 1855 quod
833 1788 1045 1843 ratione
1099 1791 1269 1845 totius
1310 1790 1557 1859 sphaera,
1590 1798 1645 1846 et
1679 1789 1863 1859 ﬁgurae
1900 1799 2080 1852 terrae,

509 1880 563 1927 et
597 1890 922 1945 progressus
968 1880 1120 1943 solis,
1156 1882 1246 1951 qui
1293 1881 1353 1934 tit
1395 1882 1537 1935 inter
1564 1883 1828 1951 tropicos,
1862 1880 1935 1936 sit
1985 1881 2084 1934 ali-

508 1981 616 2033 qua
651 1967 818 2020 etiam
864 1967 1033 2022 altera
1076 1984 1234 2031 zona,
1268 1985 1365 2024 seu
1410 1971 1567 2040 plaga
1615 1986 1805 2025 versus
1834 1978 2082 2025 austrum

511 2053 642 2114 sita,
675 2069 794 2123 qua:
825 2054 1022 2109 habeat
1054 2057 1195 2110 idem
1231 2066 1718 2127 temperamentum
1754 2073 1877 2111 cum
1919 2057 2082 2110 borea

508 2160 668 2209 zona,
710 2147 764 2199 in
792 2163 897 2217 qua
937 2164 1036 2202 nos
1073 2150 1415 2217 habitamus;
1450 2150 1701 2205 similiter
1740 2150 1904 2203 etiam
1947 2149 2083 2203 dici-

511 2250 631 2288 mus
660 2236 726 2290 de
750 2236 1117 2306 antipodibus,
1142 2252 1250 2291 non
1279 2236 1438 2307 quasi
1464 2238 1686 2291 omnino
1711 2236 1962 2290 habitent
1988 2235 2083 2288 ali-

508 2330 602 2400 qui
653 2330 708 2384 in
755 2331 942 2385 eadem
970 2331 1240 2387 diametro
1279 2331 1562 2387 nobiscum
1601 2349 1615 2385 :
1667 2330 1762 2387 sed
1808 2328 1954 2400 quod
2007 2330 2082 2384 sit

510 2420 709 2489 aliquis
750 2421 904 2477 locus
944 2422 1259 2477 habitabilis
1302 2425 1358 2477 in
1407 2430 1553 2478 terra
1585 2420 1887 2477 secundum
1934 2433 2083 2475 eam-

509 2512 631 2567 dem
656 2512 981 2569 diametrum
1007 2515 1312 2571 nobiscum.

582 2687 698 2743 Sub
746 2690 1007 2744 torridam
1058 2698 1240 2744 autem
1293 2705 1483 2743 zonam
1523 2688 1770 2744 nonnulli
1814 2697 2080 2753 veterum,

512 2782 653 2836 inter
693 2797 831 2851 quos
870 2790 955 2837 est
1004 2789 1058 2837 et
1101 2782 1397 2837 Cleanthes
1441 2781 1662 2836 Stoicus
1700 2780 2080 2850 philosophus,

512 2872 868 2943 prodiderunt
914 2874 1097 2928 fusum
1138 2889 1261 2929 esse
1294 2874 1434 2928 inter
1485 2874 1721 2943 tropicos
1754 2871 2029 2926 Oceanum
2066 2888 2081 2923 :

513 2963 713 3033 quibus
753 2975 1122 3034 congruenter
1168 2972 1223 3019 et
1265 2967 1461 3020 Crates
1501 2964 1889 3035 grammaticus
1930 2977 2084 3018 erro-

2184 1779 2242 1831 έν
2293 1778 2430 1849 αὐτῇ
2486 1778 2830 1832 κατοικοῦσιν
2854 1783 2881 1808 ’⁸
2934 1776 3049 1829 ἀλλ’
3092 1776 3176 1829 ὅτι
3243 1775 3451 1829 ἕνεκεν
3509 1777 3607 1847 τῆς
3656 1774 3759 1848 ὅλης

2186 1866 2588 1939 σφαιροποιίας,
2625 1867 2717 1920 καὶ
2772 1865 2866 1920 τοῦ
2916 1867 3195 1937 σχήματος
3233 1866 3347 1936 τῆς
3391 1864 3521 1935 γῆς.
3566 1865 3756 1937 καὶτῆς

2183 1955 2418 2026 παρόδου
2457 1954 2551 2008 τοῦ
2587 1955 2739 2026 ἡλίου
2786 1956 2886 2026 τῆς
2917 1955 3120 2025 μεταξὺ
3148 1954 3263 2009 τῶν
3317 1956 3602 2027 τροπικῶν
3635 1973 3753 2025 γινο-

2186 2048 2371 2118 μένης,
2407 2046 2521 2101 έστι
2548 2064 2631 2110 τις
2655 2047 2749 2100 καὶ
2789 2048 2953 2118 ἑτέρα
2994 2047 3138 2118 ζώνη
3171 2047 3320 2119 πρὸς
3349 2047 3509 2101 νότον
3536 2048 3747 2120 κειμένη,

2181 2141 2280 2211 τὴν
2312 2139 2480 2211 αὑτὴν
2518 2139 2815 2211 εὐκρασίαν
2858 2138 3057 2209 ἔχουσα
3094 2142 3158 2211 τῇ
3205 2139 3421 2210 βορείῳ
3465 2139 3625 2212 ζὼνῃυ
3650 2136 3747 2213 ἐνῇ

2183 2229 2540 2301 κατοικοῦμεν
2571 2231 2728 2302 ἡμεῖς
2750 2246 2765 2260 ο
2796 2230 2995 2301 ὁμοίως
3037 2229 3093 2283 δὲ
3120 2231 3216 2283 καὶ
3248 2230 3393 2301 περὶ
3427 2230 3536 2283 τῶν
3562 2232 3746 2284 ἀντιπό-

2181 2320 2285 2373 δων
2326 2320 2576 2392 λέγομεν,
2630 2320 2727 2391 οὑχ
2778 2319 2854 2383 ὡς
2901 2319 3042 2373 κατὰ
3090 2321 3199 2374 πᾶν
3262 2320 3566 2373 οἰκούντων
3611 2321 3744 2373 τινιῖιν

2182 2411 2323 2466 κατὰ
2370 2411 2467 2484 τὴν
2510 2411 2679 2483 αὐτὴν
2736 2412 3025 2483 διάμετρον
3072 2415 3226 2484 ἡμῖν,
3280 2412 3405 2466 ἀλλ’
3440 2412 3589 2477 ὄντος
3626 2412 3742 2476 τινὸς

2181 2505 2345 2558 τόπου
2408 2505 2695 2577 οίκησίμου
2770 2505 2862 2558 ἐπὶ
2928 2506 3026 2575 τῆς
3088 2507 3191 2577 γῆς
3256 2505 3411 2559 κατὰ
3484 2504 3738 2575 διάμετρον

2183 2597 2334 2666 ἡμῖν.
2357 2616 2365 2623 ·

2267 2687 2403 2741 Ὑπὸ
2432 2687 2490 2740 δὲ
2518 2688 2616 2756 τὴν
2656 2687 3094 2757 διακεκαυμένην
3133 2686 3319 2758 ζώνην
3364 2685 3512 2750 τινὲς
3540 2685 3637 2738 τῶν
3657 2684 3735 2755 ἀρ-

2184 2776 2353 2846 χαίων
2379 2777 2748 2847 ἀπεφήναντο,
2776 2770 2851 2829 ὧν
2882 2777 3000 2828 ἐστι
3037 2775 3133 2829 καὶ⁸
3160 2775 3457 2847 Κλεάνθης
3480 2778 3509 2828 ό
3537 2774 3733 2836 Στωϊκὸς

2186 2866 2491 2937 φιλόσοφος,
2541 2866 2906 2938 ὑποκεχύσθαι
2956 2866 3160 2937 μεταξὺ
3202 2867 3319 2921 τῶν
3363 2865 3627 2938 τροπικῶν
3660 2864 3730 2918 τὸν

2198 2957 2478 3013 Ὠκεανόν·
2510 2953 2592 3021 οἷς
2635 2956 2942 3020 ἀκολούθως
2990 2958 3085 3010 καὶ
3115 2956 3349 3029 Κράτης
3389 2960 3731 3028 ὁ-γραμματι-

512 3070 627 3110 rem
667 3055 881 3126 Ulyssis
920 3056 1237 3125 disponens,
1297 3067 1353 3111 et
1397 3064 1565 3109 totam
1610 3055 1877 3124 sphteram
1925 3062 2083 3109 terra:

2189 3050 2300 3116 κὸς,
2329 3049 2429 3121 τὴν
2467 3048 2674 3121 πλάνην
2710 3048 2803 3102 τοῦ
2843 3048 3139 3113 Ὀδυσσέως
3166 3049 3497 3111 διατάσσων,
3530 3048 3614 3101 καὶ
3649 3048 3727 3117 τὴν

511 3146 830 3203 describens
864 3148 1031 3202 certis
1077 3146 1323 3214 circulis,
1349 3144 1805 3216 quemadmodum
1829 3147 2085 3217 praedixi-

512 3256 656 3304 mus,
697 3240 850 3310 ﬁngit
886 3241 1029 3293 inter
1060 3240 1303 3310 tropicos
1345 3241 1626 3293 Oceanum
1665 3253 1789 3293 esse
1823 3240 2080 3307 positum,

509 3333 703 3388 dicens
746 3343 1112 3403 congruenter
1154 3332 1555 3388 mathematicis
1598 3330 1770 3385 totius
1817 3346 1877 3386 se
1926 3339 2086 3386 terra;

510 3424 925 3494 dispositionem
960 3424 1269 3479 instituere.

580 3595 648 3649 At
707 3597 831 3652 talis
873 3596 1164 3667 dispositio
1208 3595 1385 3651 aliena
1417 3602 1590 3652 estet
1639 3610 1668 3648 a
1704 3594 2085 3650 mathematica

511 3695 564 3739 et
597 3704 627 3741 a
650 3687 877 3758 physica
907 3687 1176 3748 doctrina.
1202 3695 1252 3740 et
1285 3686 1429 3755 apud
1458 3686 1664 3740 nullum
1693 3694 1939 3739 veterum
1966 3700 2085 3738 ma-

512 3779 929 3833 thematicorum
965 3779 1107 3832 inter
1140 3778 1401 3847 tropicos,
1434 3785 1494 3831 ut
1520 3776 1714 3831 Crates
1743 3776 1926 3841 docet,
1970 3775 2087 3829 col-

513 3870 711 3924 locata.
756 3868 891 3924 Nam
937 3871 1143 3925 nostris
1188 3870 1525 3940 temporibus
1574 3868 1686 3937 jam
1718 3876 1773 3923 et
1803 3874 2082 3937 perspecta

510 3972 566 4017 et
613 3963 831 4019 inventa
872 3969 1000 4017 sunt
1045 3963 1275 4031 plurima
1320 3962 1442 4015 loca
1487 3960 1825 4025 habitabilia,
1879 3967 1935 4014 et
1974 3974 2085 4014 non

513 4051 650 4105 mari
684 4052 887 4120 ubique
916 4051 1312 4121 comprehensa
1345 4069 1358 4105 :
1400 4060 1606 4105 etcum
1640 4050 1789 4106 illius
1827 4050 2085 4105 interme-

511 4142 589 4196 (ἰἰί
614 4142 910 4206 intervalli,
946 4143 1093 4212 quod
1126 4149 1212 4197 est
1238 4143 1306 4197 ab
1345 4141 1536 4197 aestivo
1570 4141 1780 4211 tr0pico
1816 4156 1989 4211 usque
2017 4141 2085 4196 ad

509 4235 970 4305 xequinoctialem,
1010 4233 1244 4304 spatium
1289 4233 1362 4288 sit
1400 4233 1699 4288 stadiorum
1744 4232 1939 4297 16800,
1975 4232 2085 4289 fere

513 4328 580 4380 ad
618 4325 800 4381 20800
824 4326 1029 4389 stadia,
1071 4334 1343 4395 quatenus
1389 4325 1745 4396 investigandi
1773 4327 1928 4395 c0pia
1959 4326 2082 4387 fuit,

2184 3142 2313 3213 ὅλην
2343 3145 2574 3213 σφαῖραν
2605 3141 2705 3232 τῆς
2734 3140 2838 3211 γῆς
2877 3140 3249 3213 καταγράφων
3278 3143 3398 3204 τοῖς
3429 3138 3727 3212 ὁριζομένοις

2185 3231 2435 3297 κύκλοις,
2495 3229 2678 3295 καθὼς
2728 3232 3159 3303 προειρήκαμεν,
3196 3235 3351 3286 ποιεῖ
3409 3230 3598 3302 μεταξὺ
3640 3230 3724 3284 τῶν

2184 3322 2460 3393 τροπικῶν
2517 3322 2609 3375 τὸν
2682 3322 2929 3376 Ὠκεανὸν
2976 3323 3227 3394 κείμενον
3247 3364 3264 3387 ,
3315 3325 3492 3393 λέγων
3539 3320 3724 3377 ἀκολού-

2187 3414 2294 3478 θως
2368 3417 2481 3479 τοῖς
2557 3414 2961 3486 μαθηματικοῖς
3027 3416 3126 3487 την
3175 3415 3311 3488 ὅλης
3367 3417 3471 3487 γῆς
3518 3414 3718 3479 διάταξιν

2185 3506 2472 3561 ποιεῖσθαι.

2267 3597 2332 3650 Ἥ
2359 3597 2416 3650 δὲ
2452 3597 2675 3669 τοιαύτη
2710 3597 2951 3662 διάταξις
2981 3596 3236 3669 ἀλλοτρία
3264 3600 3386 3652 ἐστι
3415 3595 3606 3651 καὶτοῦ
3637 3611 3711 3665 μαι

2188 3686 2492 3758 θηματικοῦ
2539 3689 2631 3740 καὶ
2676 3685 2772 3739 τοῦ
2818 3684 3050 3755 φυσικοῦ
3080 3684 3264 3755 λόγου,
3299 3688 3396 3741 καὶ
3432 3686 3552 3756 παρ’
3576 3682 3716 3736 οὐδενὶ

2183 3778 2292 3832 τῶν
2337 3778 2578 3849 ἀρχαίων
2637 3778 3034 3850 μαθηματικῶν
3091 3777 3617 3851 κατακεχωρισμένη,
3654 3775 3711 3836 ὡς

2184 3872 2540 3940 ἀποφαίνεται
2597 3871 2842 3942 Κράτης,
2895 3869 3096 3941 μεταξὺ
3149 3871 3259 3926 τῶν
3313 3869 3595 3944 τροπικῶν.
3643 3865 3710 3917 Ἐν

2184 3962 2292 4033 γὰρ
2324 3964 2436 4026 τοῖς
2468 3960 2590 4015 καθ’
2626 3963 2773 4032 ἡμᾶς
2805 3962 3017 4034 χρόνοις
3065 3963 3165 4036 ἤδη
3214 3965 3313 4017 καὶ
3358 3961 3707 4020 κατώπτευται,

2185 4055 2279 4107 καὶ
2305 4053 2533 4124 εὓρηται
2580 4052 2646 4106 τὰ
2701 4053 2927 4107 πλεῖστα
2969 4055 3249 4126 οίκήσιμα,
3289 4057 3383 4109 καὶ
3424 4054 3482 4106 οὑ
3523 4048 3709 4116 πελάγει

2185 4144 2446 4198 πάντοθεν
2479 4145 2840 4217 περιεχόμενα
2863 4161 2876 4174 ·
2910 4147 3005 4199 καὶ
3030 4143 3124 4200 τοῦ
3160 4146 3364 4216 μεταξὺ
3396 4144 3706 4214 διαστήματος

2185 4239 2521 4308 ὑπάρχοντος
2550 4237 2657 4289 ἀπὸ
2683 4237 2895 4308 θερινοῦ
2924 4238 3184 4308 τροπικοῦ
3222 4240 3386 4310 μέχρι
3428 4235 3515 4289 τοῦ
3562 4235 3707 4302 ίσημι·

2189 4329 2333 4400 ρινοῦ
2363 4335 2496 4400 ,ιςω’
2519 4328 2586 4391 ⁵¹,
2619 4328 2715 4381 καὶ
2743 4327 2817 4391 ὡς
2843 4329 3025 4398 σχεδὸν
3049 4330 3142 4382 ἐπὶ
3176 4330 3418 4392 σταδίους
3445 4332 3543 4401 ,κω¹
3566 4326 3621 4388 “,
3646 4322 3703 4381 ὡς

512 4418 709 4474 harum
756 4434 941 4474 rerum
965 4418 1197 4473 historia
1225 4419 1538 4488 conscripta
1567 4425 1674 4481 est,
1722 4432 1846 4472 cum
1875 4433 1937 4473 ea
1988 4433 2083 4488 per

2189 4420 2507 4491 εὑπόρηται,
2530 4419 2625 4473 καὶ
2653 4421 2686 4489 ἡ
2718 4421 2845 4490 περὶ
2871 4419 3074 4473 τούτων
3106 4421 3315 4492 ἱστορία
3344 4419 3703 4489 ἀναγέγραπται

512 4526 669 4583 reges
710 4509 1112 4565 Alexandrinos
1145 4511 1217 4565 sit
1257 4510 1561 4579 explorata.
1609 4506 1764 4565 Unde
1802 4509 1925 4565 falsi
1957 4520 2084 4565 sunt

512 4601 605 4671 qui
631 4602 924 4672 Opinantur
966 4600 1241 4656 Oceanum
1283 4599 1463 4654 fusum
1506 4614 1629 4655 esse.
1651 4602 1793 4654 inter
1818 4600 2080 4670 tropicos.

514 4692 609 4747 Est
639 4701 820 4747 autem
854 4699 907 4748 et
934 4708 1001 4747 ex
1041 4691 1128 4747 his
1158 4689 1534 4755 manifestum,
1570 4691 1717 4760 quod
1747 4699 1803 4746 et
1831 4692 1921 4745 illa
1966 4691 2084 4760 opi-

513 4782 626 4849 nio,
657 4783 801 4853 quod
845 4782 1221 4837 inhabitabilis
1250 4782 1320 4836 sit
1351 4781 1500 4852 regio
1542 4782 1684 4836 inter
1719 4783 1959 4852 tropicos
1987 4799 2083 4852 po-

514 4875 618 4927 sita
650 4882 868 4944 propter
899 4882 1068 4928 aestus
1110 4888 1419 4936 excessum,
1471 4881 1525 4927 et
1553 4874 1786 4928 maxime
1817 4889 1883 4928 ea
1932 4875 2083 4945 regio

513 4982 635 5036 quae
674 4975 758 5021 est
809 4968 862 5019 in
914 4965 1094 5021 medio
1139 4966 1360 5020 torrida:
1406 4979 1591 5027 zonae,
1629 4964 1699 5019 sit
1733 4964 1889 5019 falsa.
1945 4964 2081 5019 Nam

514 5058 797 5130 Aﬁthiopes
816 5099 833 5124 ,
875 5059 966 5130 qui
997 5058 1050 5112 in
1080 5056 1523 5112 extremitatibus
1555 5055 1779 5111 torridze
1808 5072 1958 5111 zona:
1987 5057 2085 5111 ha-

514 5151 712 5216 bitant,
756 5152 811 5204 in
839 5150 1313 5215 conversionibus,
1349 5164 1446 5205 seu
1494 5149 1748 5204 solstitiis
1776 5148 1980 5204 habent
2029 5149 2085 5204 in

516 5242 718 5298 vertice
742 5239 1380 5306 solem..Existimandum
1397 5247 1480 5294 est
1501 5241 1648 5295 enim
1675 5239 1811 5294 duas
1835 5254 1958 5294 esse
1986 5254 2086 5293 na—

514 5340 638 5386 tura
688 5332 1018 5401 AithiOpias,
1078 5344 1203 5385 cum
1255 5340 1309 5385 et
1349 5331 1497 5385 circa
1523 5331 1774 5385 aestivum
1815 5330 2084 5399 tropicum

517 5422 802 5484 circulum,
827 5423 920 5493 qui
952 5422 1095 5492 apud
1117 5437 1218 5478 nos
1251 5429 1355 5485 est,
1397 5423 1645 5478 habitent
1678 5421 1999 5491 IEtbiopes;
2032 5430 2086 5474 et

517 5516 662 5567 circa
716 5529 838 5568 eum
895 5515 1165 5583 tropicum
1232 5517 1327 5585 qui
1385 5516 1545 5571 nobis
1599 5515 1822 5586 quidem
1870 5523 1957 5571 est
1999 5515 2085 5568 hi-

520 5698 568 5730 ”
623 5632 669 5664 δ’
700 5629 867 5730 [ἱ
974 5632 1018 5712 ’,ο
1056 5649 1142 5699 no.
1166 5633 1507 5704 ὑπερϐαῖγον.
1587 5634 1642 5705 ,⁵⁸
1681 5652 1772 5703 rp.
1819 5633 2046 5706 μυρίων.

600 5717 686 5768 γορ.
721 5700 1168 5769 ὑπεροικοῦντων.

2186 4511 2276 4564 διὰ
2330 4512 2438 4563 τῶν
2493 4513 2552 4564 ἐν
2631 4509 3005 4583 Ἀλεξανδρείᾳ
3069 4510 3333 4582 βασιλέων
3393 4507 3695 4583 ἐξητασμένη.

2190 4600 2352 4654 ’Ὀθεν
2403 4598 2807 4668 ψευδοδοξοῦσιν
2867 4601 2917 4653 οἱ
2974 4600 3288 4670 νομίζοντες
3352 4601 3441 4655 τὸν
3497 4595 3697 4651 Ὠκεανὸν

2187 4691 2555 4762 ὑποκεχύσθαι
2597 4692 2797 4761 μεταξὺ
2842 4690 2951 4744 τῶν
2995 4692 3293 4764 τροπικῶν.
3337 4694 3427 4747 Ἐκ
3461 4691 3512 4745 δὲ
3534 4687 3694 4742 τούτων

2190 4784 2441 4855 φανερὸν,
2474 4784 2559 4837 ὅτι
2592 4784 2686 4836 καὶ
2718 4783 2780 4836 τὸ
2807 4781 3183 4854 δοξαζόμενον.
3213 4786 3295 4840 ὅτι
3324 4781 3554 4853 ἀοίκητός
3582 4780 3694 4831 ἐστιν

2188 4880 2223 4950 ἡ
2257 4878 2455 4949 μεταξὺ
2499 4878 2608 4931 τῶν
2641 4876 2916 4949 τροπικῶν
2951 4876 3177 4949 κειμένη
3210 4879 3361 4952 χώρα
3400 4875 3479 4932 διὰ
3506 4873 3588 4944 τὴν
3619 4864 3690 4920 τοῦ

2190 4971 2468 5042 καύματος
2517 4969 2820 5040 ὑπερϐολὴν
2845 5008 2861 5033 ,
2914 4970 3010 5023 κα)⁸
3059 4970 3293 5041 μάλιστα
3335 4973 3367 5042 ἡ
3405 4967 3518 5039 περὶ
3562 4962 3690 5035 μέσην

2189 5063 2287 5134 τὴν
2316 5061 2748 5132 διακεκαυμένην
2778 5059 2974 5132 ζώνην,
3003 5061 3195 5130 ψεῦδός
3227 5064 3389 5117 ἐστιν.
3417 5061 3472 5114 Οί
3503 5056 3583 5128 μὲν
3606 5050 3685 5118 γὰρ

2190 5153 2259 5206 τὰ
2298 5152 2512 5223 πέρατα
2554 5152 2653 5220 τῆς
2694 5150 3130 5224 διακεκαυμένης
3159 5151 3334 5225 ζώνης
3359 5145 3594 5206 οἰκοῦντες
3615 5139 3685 5191 Δί-

2191 5243 2375 5305 θίοπές
2413 5243 2518 5295 είσι
2563 5239 2702 5294 κατὰ
2752 5242 2995 5312 κορυφὴν
3036 5242 3252 5312 ἔχοντες
3292 5247 3349 5296 ὲν
3378 5242 3483 5301 ταῖς
3509 5227 3682 5305 τροπαῖς

2190 5337 2279 5388 τὸν
2312 5334 2485 5405 ἥλιον.
2516 5332 2619 5386 Δύο
2656 5332 2765 5405 γὰρ
2807 5332 3091 5396 Αἰθιοπίας
3115 5337 3181 5404 τῇ
3222 5333 3378 5402 φύσει
3414 5316 3683 5392 ὑποληπτέον

2192 5426 2478 5497 ὑπάρχειν,
2529 5424 2656 5498 περί
2706 5441 2766 5476 τε
2809 5424 2901 5477 τὸν
2945 5423 3156 5495 θερινὸν
3192 5423 3438 5497 τροπικὸν
3475 5416 3551 5469 τὸν
3586 5405 3682 5475 παρ’

2192 5518 2324 5589 ἡμῖν
2363 5517 2563 5571 κύκλον
2604 5516 3021 5588 περιοικούντων
3066 5518 3111 5548 ⁵³
3150 5518 3432 5580 Δίθιόπων,
3469 5509 3547 5566 καὶ
3586 5497 3681 5568 ’περὶ

2164 5634 2209 5668 ⁸³
2238 5654 2332 5706 τρ.
2366 5636 2433 5709 ,β.
2464 5637 2536 5692 al.
2572 5635 2701 5709 βων.
2745 5633 2840 5690 llis
2875 5650 2983 5691 non
3012 5636 3307 5699 concordat
3340 5630 3494 5691 νειοῖο
3514 5617 3678 5679 Latina-
