3886 6268
186 287 297 342 8-H

1170 280 1403 352 GEMINI
1442 281 1815 338 ELEMENTA
1848 278 2340 338 ASTRONOMIE.

3283 282 3390 339 842

184 405 285 456 τὸν
315 402 434 471 ἡμῖν
475 399 575 469 μὲν
606 395 910 469 χειμερινὸν
946 397 1221 466 τροπικὸν,
1254 399 1367 462 τοῖς
1402 399 1461 452 δὲ
1492 399 1742 454 ἀντίποσι

1858 413 2080 462 seruus,
2143 395 2490 468 antipodibus
2540 410 2669 450 vero
2729 396 2988 453 aestivus.
3047 393 3159 453 Hoc
3218 404 3397 452 autem

185 493 414 565 θερινόν.
442 491 610 544 Τοῦτο
637 490 694 545 δέ
723 505 855 562 φησι
891 490 1113 562 Κράτης
1146 491 1241 544 καὶ
1268 492 1358 544 τὸν
1383 491 1629 562 ’Όμηρον
1657 489 1744 542 λέ-

185 602 248 652 γε
259 601 310 636 ιν
345 583 399 634 ἐν
423 576 504 643 οἷς
530 597 693 651 φησιν
713 596 726 609 ·

185 696 476 758 Αἰθίοπες,
520 691 609 745 τοὶ
636 689 809 760 διχθὰ
848 689 1168 755 δεδαίαται,
1199 690 1442 759 ἔσχατοι
1462 687 1699 757 ἀνδρῶν
1722 704 1737 720 ο

188 834 256 884 Oi
289 828 401 900 μὲν
441 826 821 898 δυσσομένου
866 827 1224 896 Ὑπερίονος,
1271 828 1325 878 οἱ
1353 824 1405 877 δ’
1447 825 1741 889 ἀνιόντος.

184 1012 409 1084 Κράτης
460 1008 558 1080 μὲν
609 1003 723 1071 οὖν,
758 1004 1215 1076 παραδοξολογῶν,
1253 1004 1319 1058 τὰ
1363 1005 1449 1073 ὑφ’
1507 1004 1744 1074 Ὀμήρου

184 1102 462 1176 ἀρχαϊκῶς
517 1102 611 1155 καὶ
660 1098 840 1163 ἰδικῶς
881 1098 1143 1170 εἰρημένα
1187 1098 1413 1167 μετάγει
1458 1096 1591 1168 πρὸς
1646 1097 1746 1168 τὴν

185 1197 312 1249 κατ’
355 1194 607 1266 ἀλήθειαν
651 1190 1046 1264 σφαιροποιίαν.
1084 1190 1328 1261 ’Όμηρος
1370 1189 1467 1260 μὲν
1498 1188 1606 1260 γάρ
1654 1189 1748 1241 καὶ

182 1289 235 1341 οἱ
285 1287 496 1360 ἀρχαῖοι
529 1285 749 1354 ποιηταὶ
788 1283 992 1354 σχεδὸν,
1032 1283 1107 1345 ὡς
1154 1284 1347 1345 εἰπεῖν,
1384 1282 1580 1344 πάντες
1626 1280 1747 1332 ἐπίφ

185 1379 347 1433 πεδον
370 1378 689 1447 ὑφίστανται
712 1375 807 1448 τὴν
831 1377 955 1448 γῆν,
979 1374 1073 1428 καὶ
1100 1374 1422 1427 συνάπτουσι
1454 1370 1532 1443 τῷ
1561 1371 1750 1442 κόσμῳ

184 1471 281 1525 καὶ
311 1470 493 1539 κύκλῳ
526 1468 617 1523 τὸν
657 1468 905 1521 Ὠκεανὸν
937 1467 1336 1538 περικείμενον,
1369 1464 1466 1519 καὶ
1510 1464 1609 1535 τὴν
1653 1461 1750 1516 τοῦ

184 1562 456 1634 ὁρίζοντος
488 1560 751 1631 ἐπέχοντα
791 1557 963 1623 τάξιν,
1006 1558 1100 1611 κα)⁸
1124 1556 1223 1620 τὰς
1251 1554 1512 1618 ἀνατολὰς
1544 1555 1611 1608 ἐκ
1653 1551 1749 1606 τοῦ

195 1652 473 1719 Ὠκεανοῦ,
519 1653 612 1706 καὶ
652 1651 750 1715 τὰς
792 1648 970 1714 δύσεις
1011 1651 1090 1714 εἰς
1130 1648 1222 1703 τὸν
1266 1646 1551 1702 Ὠκεανόνο
1606 1644 1750 1699 ὥστε

1844 488 2032 545 Crates
2068 488 2244 559 inquit
2278 488 2441 544 etiam
2473 486 2766 543 Homerum
2816 489 2996 544 dicere
3044 491 3100 542 in
3143 486 3251 555 his,
3304 489 3398 545 ubi

1844 579 1919 634 ait
1947 599 1961 634 :

1914 692 2208 764 zEthiopes,
2243 694 2334 763 qui
2359 692 2610 763 bifariam
2636 693 2793 749 divisi
2827 702 2970 759 sunt,
3006 693 3228 748 extremi
3260 692 3403 747 viro-

3259 779 3377 815 rum

1915 833 2024 886 Alii
2066 834 2275 904 quidem
2310 832 2377 887 ad
2424 832 2738 887 occidentem
2787 836 2984 898 solem,
3029 832 3125 886 alii
3172 802 3402 916 verbum

3130 911 3399 957 orientem.

1845 1012 2034 1068 Crates
2094 1014 2278 1084 igitur,
2313 1029 2437 1069 cum
2483 1014 2720 1069 absurda
2750 1015 3023 1086 loquatur,
3080 1028 3144 1070 ea
3180 1029 3302 1085 qua:
3333 1014 3403 1069 ah

1848 1103 2081 1160 Homero
2114 1106 2286 1162 veteri
2356 1113 2409 1160 et
2448 1106 2668 1176 preprio
2696 1119 2845 1161 more
2866 1113 2993 1163 sunt
3023 1105 3188 1170 dicta,
3220 1114 3405 1161 trans-

1850 1193 1953 1249 fert
1983 1194 2051 1248 ad
2072 1210 2253 1250 veram
2279 1194 2500 1264 sphaerae
2517 1196 2913 1250 formationem.
2940 1194 3202 1250 Homerus
3233 1196 3399 1259 enim,

1849 1293 1902 1341 et
1935 1295 2146 1341 veteres
2169 1293 2344 1357 poclm
2369 1286 2503 1352 fere,
2532 1294 2591 1340 ut
2620 1287 2934 1342 summatim
2962 1286 3162 1352 dicam,
3190 1301 3401 1352 omnes,

1850 1378 2066 1449 planam
2123 1380 2465 1433 constituunt
2527 1387 2766 1444 terram,
2828 1393 2882 1434 et
2910 1394 3029 1434 eam
3079 1387 3405 1435 convertunt

1851 1469 2073 1525 mundo.
2128 1468 2434 1534 Quinetiam
2471 1470 2681 1541 ﬁngunt
2740 1470 2795 1525 in
2848 1470 3083 1525 circuitu
3128 1469 3404 1526 Oceanum

1850 1562 2268 1627 circumfusum,
2314 1571 2370 1619 et
2408 1563 2694 1619 habentem
2736 1564 3003 1619 rationem
3053 1563 3352 1621 borizontis
3386 1584 3400 1619 :

1852 1654 1920 1708 ad
1968 1654 2082 1710 haec
2124 1659 2276 1710 ortus
2316 1672 2389 1710 ex
2421 1655 2638 1712 Oceano
2692 1664 2747 1712 et
2774 1671 3004 1713 occasus
3045 1657 3103 1711 in
3129 1655 3405 1713 Oceanum

185 1749 311 1810 τοὺς
336 1744 731 1817 πλησιάζοντας
759 1745 824 1815 τῇ
849 1740 1081 1813 ἀνατολῇ
1105 1741 1200 1796 καὶ
1219 1743 1286 1813 τῇ
1315 1739 1463 1794 δύσει
1485 1738 1750 1802 Αἰθίοπας

1858 1746 1985 1804 ﬁeri.
2049 1749 2236 1823 Itaque
2265 1749 2574 1822 Ethiopas,
2617 1752 2709 1823 qui
2754 1759 2911 1808 erant
2938 1751 3231 1824 propinqui
3259 1752 3407 1809 ortui

187 1836 570 1909 ὑπελάμϐανον
603 1833 843 1903 γίνεσθαι
865 1830 1286 1901 καταιθομένους
1318 1829 1422 1883 ὑπὸ
1452 1827 1547 1882 τοῦ
1575 1828 1747 1899 ἡλίου.

185 1930 333 2001 Αὕτη
385 1929 447 1982 δὲ
493 1929 527 1997 ἡ
567 1924 832 1998 πρόληψις
873 1925 940 2003 τῇ
995 1922 1093 1993 μὲν
1145 1919 1476 1992 προκειμένῃ
1514 1917 1751 1982 διατάξει

188 2020 482 2084 ἀκόλουθός
504 2021 639 2086 ἐστι,
667 2018 766 2089 τῆς
791 2016 849 2070 δὲ
880 2014 1024 2069 κατά
1050 2012 1210 2083 φύσιν
1253 2010 1629 2083 σφαιροποιίας
1655 2009 1751 2063 ἀλ-

187 2113 391 2185 λοτρία.
436 2113 500 2165 Ἦ
532 2110 640 2182 γὰρ
683 2109 753 2179 γῆ
789 2107 927 2180 μέση
960 2109 1134 2159 κεῖται
1174 2102 1268 2156 τοῦ
1319 2104 1630 2171 σύμπαντος
1658 2100 1750 2153 κό-

188 2222 351 2276 σμου,
383 2202 611 2275 σημείου
641 2199 792 2267 τάξιν
831 2198 1100 2268 ἐπέχουσα
1121 2211 1135 2226 ·
1163 2196 1219 2248 αἱ
1262 2194 1321 2247 δέ
1358 2191 1613 2246 ἀνατολαὶ
1655 2190 1751 2244 τοῦ

188 2298 337 2370 ἡλίου
365 2295 608 2364 γίνονται
638 2294 731 2346 καὶ
756 2293 812 2344 αἰ
842 2290 1021 2353 δύσεις
1055 2291 1119 2342 ἐκ
1157 2285 1253 2341 τοῦ
1280 2285 1495 2358 αἰθέρος
1537 2286 1632 2338 καὶ
1673 2285 1752 2348 εἰς

188 2389 276 2442 τὸν
304 2386 523 2458 αἰθέρα,
543 2385 629 2440 διά
657 2382 853 2446 παντὸς
887 2379 981 2435 τοῦ
1007 2380 1158 2450 ἡλίου
1194 2379 1307 2432 ἴσον
1335 2376 1628 2446 ἀπέχοντος
1656 2374 1753 2444 τῆς

189 2484 307 2553 γῆς.
337 2478 502 2535 Ὅθεν
525 2479 581 2532 αἰ
608 2477 704 2549 μὲν
727 2471 1115 2546 προειρημέναι
1154 2467 1427 2523 Αἰθιοπίαι
1454 2465 1754 2537 ἀδιανόητοί

187 2576 360 2628 εἰσινο
396 2572 456 2626 αἱ
498 2570 556 2624 δέ
598 2569 702 2623 ὑπὸ
727 2568 853 2630 τοὺς
889 2568 947 2619 ἐν
977 2563 1055 2636 τῷ
1095 2564 1284 2635 κόσμῳ
1317 2559 1754 2634 τροπικοὺςςκεί-

195 2682 372 2738 μεναι,
406 2661 604 2724 αἵτινες
644 2658 974 2732 ὑπάρχουσιν
1014 2656 1105 2710 ἐπὶ
1149 2655 1217 2710 τὰ
1258 2654 1470 2727 πέρατα
1494 2652 1603 2709 τῶν
1639 2652 1756 2708 δια-

191 2754 546 2828 κεκαυμένων
573 2751 777 2818 ζωνῶν,
819 2750 957 2805 κατὰ
997 2749 1155 2819 φύσιν
1188 2747 1418 2819 ἔχουσιν.
1464 2747 1537 2799 υύ
1572 2745 1754 2818 μέντοι

190 2865 252 2918 γε
296 2845 637 2917 ὑποληπτέον
683 2842 933 2913 ἀοίκητον
982 2835 1122 2893 εἶναι
1170 2838 1270 2909 τὴν
1324 2836 1754 2909 διακεκαυμένην
1814 2851 1823 2861 ’

192 2940 385 3012 ζώνην.
425 2937 564 3009 Ἤδη
590 2936 698 3007 γὰρ
724 2936 815 2988 ἐπὶ
844 2932 1068 2996 πολλοὺς
1097 2931 1291 2995 τόπους
1321 2929 1421 3000 τῆς
1452 2928 1626 3001 ζώνης
1655 2928 1757 2999 τῆς
1794 2932 1801 2939 ’

192 3030 621 3101 διακεκαυμένης
654 3025 938 3098 ἐληλύθασι
968 3041 1132 3089 τινες,
1180 3024 1271 3078 καὶ
1314 3022 1381 3076 τὰ
1424 3022 1646 3077 πλεῖστα
1673 3024 1745 3076 οἰ-

193 3120 402 3193 κὴσιμα
439 3116 685 3190 εὓρηται.

256 3211 427 3264 Ὅθεν
467 3209 562 3263 καὶ
594 3208 835 3278 ζητεῖται
864 3206 1015 3280 παρὰ
1043 3204 1276 3271 πολλοῖς,
1313 3207 1361 3258 εἰ
1390 3204 1461 3258 τὰ
1502 3203 1631 3278 περὶ
1659 3202 1755 3276 μέ-

193 3319 288 3375 σην
328 3301 435 3373 τὴν
481 3298 912 3370 διακεκαυμένην
957 3296 1361 3369 οἰκησιμώτερα
1393 3295 1592 3367 μᾶλλόν
1635 3297 1754 3349 ἐστι

191 3393 293 3448 τῶν
316 3392 453 3464 περὶ
474 3391 542 3445 τά
574 3391 782 3462 πέρατα
807 3391 905 3461 τῆς
930 3387 1361 3460 διακεκαυμένης
1380 3387 1554 3458 ζώνης
1576 3387 1755 3459 ὕπαρ-

193 3485 400 3559 χουσῶν
422 3483 706 3555 οἰκήσεων.
735 3481 993 3546 Πολύϐιος
1028 3476 1120 3535 οὖν
1152 3483 1181 3534 ὁ
1217 3480 1629 3552 ἱστοριογράφος
1665 3496 1758 3533 πε-

192 3578 611 3652 πραγμάτευται
653 3575 890 3648 βιϐλίον,
936 3575 966 3629 δ
1009 3575 1320 3646 ἐπιγραφὴν
1366 3573 1509 3645 ἔχει·
1551 3590 1571 3627 ι
1619 3573 1757 3645 Περί⁵

193 3672 285 3745 τῆς
315 3671 450 3746 περί
487 3669 576 3724 τὸν
600 3667 912 3741 ἰσημερινὸν
953 3667 1250 3740 οἰκήσεωςο
1295 3684 1314 3718 ›
1349 3664 1485 3738 αὕτη
1524 3666 1583 3721 δέ
1610 3668 1757 3720 ἐστιν

194 3765 249 3819 ἐν
299 3765 445 3840 μέσῃ
507 3766 574 3834 τῇ
633 3760 1028 3833 διακεκαυμένη
1080 3759 1260 3832 ζώνῃ·
1314 3759 1408 3814 καί
1461 3775 1625 3830 φησιν
1679 3759 1757 3814 οἰ-

196 3857 402 3912 κεῖσθαι
451 3855 578 3919 τοὺς
603 3854 834 3918 τόπους,
884 3852 980 3909 καὶ
1010 3851 1410 3924 εὐκρατοτέραν
1458 3850 1603 3922 ἔχειν
1661 3848 1759 3922 τὴν

196 3950 400 4024 οἴκησιν
427 3948 538 4002 τῶν
570 3947 700 4019 περὶ
739 3944 809 4000 τὰ
840 3945 1050 4015 πέρατα
1076 3945 1170 4014 τῆς
1198 3943 1630 4015 διακεκαυμένης
1654 3940 1758 4006 ζώ-

195 4056 287 4112 νης
313 4038 641 4094 οἰκούντων*
680 4036 773 4093 καὶ
804 4035 841 4091 δι
886 4034 984 4109 μὲν
1022 4035 1260 4108 ἱστορίας
1286 4035 1440 4105 φέρει
1481 4032 1590 4088 τῶν
1627 4048 1759 4089 κατ-

195 4133 550 4187 ωπτευκότων
623 4130 722 4194 τὰς
773 4129 1044 4201 οἰκήσεις,
1092 4127 1188 4182 καὶ
1240 4123 1757 4199 ἐπιμαρτυρούντων

195 4227 300 4289 τοῖς
327 4222 674 4294 φαινομένοις
694 4239 708 4253 ⁸
737 4221 773 4276 ἀ
800 4221 857 4275 δὲ
886 4219 1248 4287 ἐπιλογίζεται
1279 4220 1372 4271 ἐπὶ
1398 4219 1497 4289 τῆς
1522 4219 1758 4289 φυσικῆς

197 4319 317 4390 περὶ
346 4318 444 4371 τὸν
471 4316 619 4388 ἥλιον
658 4313 1002 4385 ὑπαρχούσης
1042 4311 1323 4382 κινήσεως.
1381 4309 1440 4363 '0
1468 4309 1575 4380 γὰρ
1607 4308 1759 4380 ἡλιος

1848 1847 1904 1895 et
1942 1843 2186 1910 occasui,
2231 1842 2504 1914 putabant
2538 1846 2782 1901 comburi
2815 1860 2844 1899 a
2881 1847 3015 1902 sole.
3071 1844 3197 1901 Haec
3223 1853 3404 1902 autem

1848 1934 2033 2003 Opinio
2058 1940 2353 2008 propositae
2380 1938 2600 2008 quidem
2628 1938 2974 2009 dispositioni
3003 1952 3244 2011 congrua
3278 1944 3407 2007 est;

1848 2027 1945 2083 sed
1977 2044 2007 2082 a
2035 2044 2161 2085 vera
2195 2032 2537 2102 naturalique
2576 2030 2800 2101 sphaerae
2825 2029 3150 2085 formatione
3177 2029 3407 2085 estalie-

1849 2132 1939 2172 na.
2001 2118 2168 2175 Terra
2209 2121 2352 2175 enim
2381 2122 2437 2177 in
2463 2122 2641 2178 medio
2681 2123 2902 2191 ponitur
2933 2121 3171 2177 universi
3192 2121 3404 2187 mundi,

1850 2212 2120 2283 habetque
2145 2215 2329 2284 puncti
2355 2215 2640 2269 rationem.
2678 2213 2846 2270 Ortus
2871 2230 3003 2270 vero
3037 2214 3170 2270 solis
3220 2222 3272 2269 et
3320 2228 3409 2270 oc-

1850 2321 2012 2365 casus
2029 2307 2165 2362 fiunt
2190 2323 2257 2363 ex
2282 2309 2504 2374 aethere,
2547 2316 2602 2364 et
2650 2309 2706 2363 in
2752 2310 2972 2376 aethere,
2999 2322 3123 2363 cum
3154 2306 3238 2364 sol
3263 2323 3409 2364 sem-

1851 2412 1949 2468 per
1969 2399 2249 2468 aaqualiter
2274 2399 2440 2456 distet
2466 2415 2497 2455 a
2528 2408 2692 2456 terra.
2721 2400 2876 2458 Unde
2903 2402 3174 2472 pradicas
3202 2400 3407 2458 Ethio-

1852 2489 1953 2559 piae
1976 2504 2086 2545 non
2116 2499 2245 2546 sunt
2273 2492 2574 2555 cogitanda:
2597 2512 2609 2548 :
2638 2508 2759 2565 qua:
2776 2509 2907 2550 vero
2935 2495 3127 2565 positae
3156 2501 3284 2552 sunt
3304 2495 3409 2550 sub

1851 2583 2081 2653 tropicis
2106 2584 2313 2651 mundi,
2345 2600 2575 2657 quaeque
2600 2593 2727 2643 sunt
2752 2588 2808 2642 in
2835 2588 3274 2644 extremitatibus
3301 2595 3411 2644 tor-

1852 2674 2093 2729 ridarum
2126 2689 2412 2742 zonarum,
2455 2676 2927 2743 suntsecundum
2973 2685 3247 2735 naturam.
3305 2677 3411 2735 γε-

1853 2771 2160 2820 rumtamen
2188 2780 2303 2820 non
2339 2771 2425 2822 est
2462 2766 2808 2838 cogitandum
2853 2766 3256 2823 inbabitabilem
3287 2782 3410 2824 esse

1854 2872 2049 2913 zonam
2099 2856 2384 2913 torridam.
2431 2856 2553 2914 Jam
2600 2858 2744 2914 enim
2792 2858 2860 2914 ad
2911 2859 3082 2915 multa
3112 2860 3231 2914 loca
3261 2873 3411 2915 zona;

1855 2948 2076 3004 torrida:
2111 2957 2377 3005 venerunt
2417 2949 2605 3021 aliqui,
2661 2956 2716 3005 et
2741 2949 2974 3021 plurima
3025 2950 3145 3005 loca
3190 2951 3411 3005 inventa

1856 3045 1982 3093 sunt
2019 3037 2354 3095 habitabilia.

1929 3217 2081 3274 Unde
2110 3218 2273 3274 etiam
2301 3218 2561 3289 quaeritur
2583 3232 2616 3272 a
2637 3217 2844 3282 multis,
2878 3233 2950 3272 an
2973 3219 3090 3275 loca
3126 3217 3272 3274 circa
3297 3232 3415 3273 me-

1855 3306 1999 3363 diam
2024 3307 2283 3364 torridam
2311 3323 2505 3363 zonam
2546 3308 2656 3364 sint
2695 3309 2866 3380 magis
2891 3308 3225 3376 habitabilis,
3248 3324 3412 3380 quam

1857 3398 2222 3455 habitationes
2262 3413 2384 3470 quae
2421 3398 2692 3455 exsistunt
2727 3401 2874 3455 circa
2906 3400 3277 3456 extremitates
3308 3409 3416 3455 tor-

1856 3491 1988 3547 ridae
2011 3506 2180 3547 zonae.
2206 3489 2464 3564 Polybius
2484 3491 2648 3563 igitur
2676 3491 2969 3547 historicus
3000 3490 3325 3559 conscripsit
3348 3486 3415 3544 li-

1854 3582 2013 3637 brum
2056 3583 2151 3654 qui
2191 3581 2531 3648 inscribitur,
2595 3581 2673 3637 De
2725 3581 3047 3637 habitatione
3077 3582 3221 3637 circa
3255 3582 3418 3647 cqui-

1856 3668 2156 3726 noctialem.
2212 3669 2342 3726 Haec
2386 3679 2566 3729 autem
2613 3679 2699 3728 est
2732 3673 2789 3728 in
2818 3671 2996 3728 media
3021 3672 3223 3729 torrida
3253 3687 3414 3753 zona;

1854 3770 2019 3832 atque
2065 3762 2245 3833 inquit
2288 3762 2519 3819 habitari
2565 3762 2681 3820 haec
2714 3759 2858 3829 loca,
2912 3771 2967 3821 et
2994 3762 3195 3821 habere
3240 3764 3417 3838 magis

1855 3861 2211 3925 temperatam
2236 3854 2649 3923 habitationem,
2672 3871 2834 3928 quam
2864 3857 3065 3914 habent
3086 3859 3121 3912 ii
3150 3859 3243 3930 qui
3272 3858 3419 3914 circa

1856 3948 2227 4004 extremitates
2260 3948 2479 4003 torrida:
2503 3964 2656 4004 zonae
2696 3949 2946 4006 habitant
2975 3966 2991 4005 :
3021 3966 3085 4006 ac
3113 3951 3306 4022 partim
3339 3950 3420 4006 hi-

1857 4039 2058 4094 storias
2089 4037 2243 4094 affert
2270 4055 2458 4095 eorum
2516 4042 2609 4113 qui
2638 4042 2883 4097 viderant
2906 4043 3003 4099 has
3032 4043 3414 4109 habitationes,

1856 4138 1910 4185 et
1930 4130 2152 4201 insuper
2180 4132 2546 4188 testimonium
2575 4133 2886 4203 praebebant
2908 4136 3259 4206 apparentiis;
3290 4150 3416 4205 par-

1857 4221 1952 4275 tim
1985 4222 2343 4277 ratiocinatur
2377 4237 2443 4277 ex
2475 4223 2707 4277 naturali
2739 4225 2869 4279 solis
2900 4235 3069 4280 motu.
3125 4222 3219 4279 Sol
3270 4226 3416 4279 enim

1858 4313 2004 4366 circa
2034 4313 2271 4381 tropicos
2299 4311 2536 4369 circulos
2560 4313 2719 4382 longo
2753 4322 3128 4368 commoratur
3153 4321 3415 4383 tempore,

197 4409 319 4478 περὶ
351 4407 456 4479 μὲν
504 4407 630 4468 τοὺς
672 4405 963 4477 τροπικοὺς
1011 4402 1242 4465 κύκλους
1289 4401 1454 4454 πολὺν
1505 4400 1753 4471 ἐπιμένει

1859 4402 2157 4459 secundum
2201 4417 2484 4458 accessum
2518 4402 2586 4457 ad
2616 4419 2732 4469 eos,
2766 4413 2818 4457 ct
2846 4404 3170 4470 discessum,
3210 4412 3270 4458 ut
3309 4404 3420 4460 fere

198 4499 381 4570 χρόνον
429 4497 572 4551 κατά
618 4496 716 4567 τὴν
760 4494 990 4566 πάροδον
1032 4494 1079 4526 ⁸⁸
1109 4493 1206 4565 τὴν
1240 4493 1374 4565 πρὸς
1403 4492 1620 4557 αὐτοὺς,
1660 4492 1753 4547 καὶ

198 4590 291 4662 τὴν
324 4587 677 4661 ἀποχώρησιν
701 4605 716 4619 ο
751 4586 890 4640 ὥστε
936 4586 1119 4657 σχεδὸν
1165 4586 1248 4655 ἐφ’
1271 4585 1479 4656 ἡμέρας
1512 4591 1565 4656 μ’
1605 4583 1756 4655 μένει

199 4682 330 4752 πρὸς
362 4680 613 4751 αἴσθησιν
660 4680 754 4732 ἐπὶ
783 4676 1057 4748 τροπικῶν
1097 4676 1342 4730 κύκλων·
1376 4675 1443 4729 δι’
1472 4675 1537 4746 ἢν
1578 4674 1756 4729 αἰτίαν

199 4771 265 4825 τὰ
304 4770 510 4843 μεγέθη
540 4770 647 4824 τῶν
675 4767 895 4841 ἡμερῶν
924 4767 1106 4838 σχεδὸν
1138 4767 1221 4836 ἐφ’
1246 4765 1460 4838 ἡμέρας
1495 4772 1546 4837 μ’
1578 4764 1755 4819 ταυτὰ

200 4861 437 4935 διαμένει
460 4880 474 4894 ·
507 4861 648 4925 ὅθεν,
697 4860 960 4932 ἐπιμονῆς
983 4857 1268 4930 γινομένης
1310 4857 1445 4929 πρὸς
1476 4854 1574 4919 τὰς
1601 4857 1754 4926 οἰκή-

204 4970 310 5019 σεις
354 4954 457 5020 τὰς
498 4955 754 5025 κειμένας
781 4952 884 5006 ὑπὸ
909 4952 1035 5015 τοὺς
1057 4950 1369 5022 τροπικοὺς,
1398 4950 1608 5020 ἀνάγκη
1653 4949 1754 5000 ἐκ-

204 5043 501 5117 πυροῦσθαι
546 5045 644 5117 τὴν
684 5043 916 5115 οίκησιν,
951 5044 1043 5095 καὶ
1076 5042 1326 5113 ἀοίκητον
1373 5040 1616 5108 γίνεσθαι
1663 5040 1753 5096 διὰ

203 5136 295 5208 τὴν
323 5137 419 5192 τοῦ
442 5139 721 5209 καύματος
749 5135 1071 5208 ὑπερϐολήν.
1133 5135 1264 5189 Ἀπὸ
1290 5136 1347 5188 δὲ
1373 5134 1466 5188 τοῦ
1507 5138 1756 5207 ἰσημερι-

168 5272 171 5275 ,
205 5226 293 5279 νοῦ
327 5228 524 5282 κύκλου
565 5227 782 5299 ταχείας
823 5226 1102 5297 συμϐαίνει
1137 5226 1233 5290 τὰς
1264 5226 1645 5297 ἀποχωρήσεις
1672 5225 1758 5294 γί-

206 5318 416 5374 νεσθαι’
458 5320 576 5375 ὅθεν
620 5322 713 5374 καὶ
745 5318 812 5373 τὰ
848 5319 1047 5391 μεγέθη
1073 5319 1179 5371 τῶν
1217 5317 1440 5389 ἡμερῶν
1488 5317 1616 5387 περὶ
1658 5316 1758 5378 τὰς

209 5411 488 5481 ἰσημερίας
520 5410 761 5483 μεγάλας
791 5412 1052 5482 λαμϐάνει
1086 5411 1185 5473 τὰς
1216 5406 1605 5479 παραυξὴσεις.
1652 5406 1757 5460 Εὕ-

208 5499 354 5571 λιιγον
385 5500 476 5560 οὖν
518 5513 616 5559 και
646 5505 742 5570 τὰς
777 5505 880 5558 ὑπὸ
903 5505 994 5558 τὸν
1039 5502 1347 5575 ἰσημερινὸν
1385 5501 1639 5574 κειμένας
1682 5500 1760 5554 οἰ-

277 5656 323 5688 "‘
347 5675 434 5726 ῃ).
472 5654 753 5729 πρόσοδον.

520 5753 792 5814 ΡΑτιιοι..
831 5753 949 5816 Gn.
1006 5755 1177 5817 XIX;

1862 4492 1928 4546 ad
1987 4493 2104 4549 dies
2155 4495 2511 4566 quadraginta
2542 4494 2648 4566 32
2680 4503 2916 4561 maneat,
2961 4498 3142 4568 quoad
3172 4512 3417 4562 sensum,

1862 4581 1916 4635 in
1963 4583 2187 4651 tropicis
2233 4583 2472 4639 circulis.
2522 4584 2696 4650 Quam
2735 4584 2805 4639 ob
2843 4599 3064 4641 causam
3096 4586 3421 4656 magnitudi-

1861 4687 1958 4726 nes
1987 4672 2195 4727 dierum
2240 4673 2353 4729 fere
2382 4675 2448 4729 ad
2475 4675 2592 4732 dies
2624 4676 2693 4730 40
2731 4684 2952 4731 manent
2986 4676 3206 4732 eaedem.
3267 4676 3423 4732 Unde

1862 4779 1984 4820 cum
2033 4781 2181 4821 mora
2209 4765 2302 4821 fiat
2332 4766 2397 4820 ad
2438 4767 2559 4823 illas
2611 4768 2972 4824 habitationes
3002 4784 3122 4839 quae
3145 4769 3265 4824 sitae
3292 4776 3422 4823 sunt

1866 4857 1966 4911 sub
2009 4857 2256 4928 tropicis,
2300 4873 2525 4914 necesse
2567 4868 2651 4914 est
2701 4866 2761 4913 ut
2789 4860 2985 4925 ardore
3005 4866 3278 4915 torreatur
3306 4859 3423 4913 haec

1863 4948 2144 5011 habitatio,
2179 4960 2341 5019 atque
2372 4949 2745 5005 inhabitabilis
2775 4950 2867 5006 ﬁat
2905 4959 3124 5022 propter
3151 4959 3318 5007 aestus
3336 4966 3424 5005 ex-

1863 5055 2099 5096 cessum.
2151 5040 2220 5094 At
2260 5041 2329 5095 ab
2357 5042 2721 5112 aequinoctiali
2754 5044 2960 5099 circulo
2984 5044 3253 5115 contingit
3278 5044 3424 5100 velo—

1861 5146 1954 5186 ces
1983 5131 2096 5186 fieri
2124 5131 2400 5187 discessus
2427 5151 2440 5188 :
2486 5132 2630 5188 unde
2656 5133 2818 5188 etiam
2850 5133 3252 5202 magnitudines
3302 5132 3422 5189 die-

1856 5238 1978 5278 rum
2028 5224 2176 5279 circa
2225 5224 2549 5293 aequinoctia
2583 5239 2775 5292 magna
2796 5224 3019 5294 capiunt
3060 5224 3418 5278 incrementa.

1857 5316 2298 5372 Consentaneum
2346 5317 2624 5387 estigitur
2672 5332 2768 5372 eas
2812 5316 2971 5371 etiam
3032 5316 3419 5376 habitationes.

1858 5422 1980 5478 quae
2011 5413 2138 5462 sunt
2165 5407 2283 5461 sita:
2307 5406 2409 5461 sub
2437 5406 2827 5476 aequinoctiali,
2856 5407 3030 5478 magis
3060 5423 3184 5463 esse
3209 5413 3413 5475 tempe-

1859 5509 2045 5570 ratas;
2071 5515 2194 5557 cum
2223 5499 2477 5557 ascensio
2505 5500 2721 5570 quidem
2758 5499 2847 5555 fiat
2882 5515 3046 5557 suoer
3078 5507 3279 5555 nuncto
3308 5513 3425 5553 ver-

3074 5751 3154 5813 27

3135 6032 3145 6105 ἓ
