3886 6268
538 343 645 399 διδ

1521 327 1609 381 AD
1652 319 1916 381 EUSEBll
1952 314 2349 376 CHRONICON
2388 314 2757 372 APPENDIX.
3642 315 3730 371 8H

538 458 707 522 ticali,
726 456 989 512 velociter
1009 460 1187 509 tamen
1215 451 1295 509 sol
1326 449 1566 506 recedat.
1607 443 1808 500 Omnes
1829 440 1969 496 enim
1997 435 2090 506 qui

2195 439 2380 506 κήσεις
2424 400 2819 506 εὐκρατοτέρας
2867 432 3154 503 ὑπάρχειν,
3185 428 3441 500 ὲπιτολῆς
3485 429 3579 500 μὲν
3607 448 3728 500 γινο-

540 555 682 611 inter
708 549 945 619 tropicos
986 547 1218 603 circulos
1252 543 1519 601 habitant,
1556 538 1622 593 ad
1652 546 1934 591 accessum
1962 528 2094 584 solis

538 651 789 710 similiter
817 655 944 705 sunt
969 642 1217 702 collocati
1254 659 1270 696 :
1312 641 1359 696 is
1387 647 1564 692 tamen
1595 629 1932 702 longioribus
1960 632 2096 678 tem-
2152 692 2160 717 ἢ

537 742 764 815 poribus
809 738 953 809 apud
993 750 1088 792 eos
1121 736 1511 794 commoratur,
1552 724 1643 795 qui
1677 723 1822 777 circa
1854 717 2095 785 tropicos

540 836 822 900 habitant;
849 846 1010 903 quam
1038 828 1111 883 ob
1138 839 1359 881 causam
1386 817 1798 890 temperatiores
1825 825 1947 867 esse
1972 822 2095 862 con-

537 930 702 999 tingit
760 900 1262 981 eas—habitationes
1307 929 1428 986 qum
1474 918 1603 968 sunt
1660 907 1808 961 circa
1854 900 2095 971 aequino-

534 990 753 1078 ctialem
778 1058 792 1083 ,
818 1030 1044 1088 quaeque
1078 1011 1196 1066 sitae
1228 1014 1355 1064 sunt
1388 1007 1443 1060 in
1481 1000 1658 1058 media
1697 1011 1833 1053 zona
1864 990 2092 1054 torrida,

541 1129 704 1187 quam
729 1083 861 1169 sunt
898 1083 969 1163 iis
997 1105 1089 1176 qui
1116 1104 1262 1158 circa
1290 1095 1663 1155 extremitates
1698 1103 1848 1144 zonae
1875 1083 2094 1140 torrida:

538 1182 808 1270 babitant,
839 1202 1038 1272 quique
1066 1202 1193 1253 sunt
1231 1190 1392 1264 positi
1433 1186 1536 1245 sub
1569 1182 1816 1254 tropicis.

1094 1481 1318 1541 CAPUT
1361 1476 1497 1534 XIV.

856 1601 929 1657 De
960 1599 1433 1672 signiﬁcationibus
1477 1605 1768 1653 astrorum.
1876 1588 1885 1597 ”

610 1719 799 1778 Sermo
844 1716 912 1774 de
963 1714 1447 1788 significationibus
1498 1711 1640 1783 apud
1686 1709 1881 1764 idiotas
1918 1704 2098 1760 diver-

2203 525 2369 595 μένης
2409 528 2501 581 ἐπὶ
2547 529 2638 582 τοῦ
2676 531 2815 584 κατά
2864 526 3106 599 κορυφὴν
3159 524 3410 596 σημείου,
3454 524 3647 593 ταχέως
3683 525 3730 578 δὲ

2198 616 2605 687 ἀποχωροῦντος
2655 619 2749 673 τοῦ
2792 619 2962 691 ἡλίου.
3006 618 3208 680 Πάντες
3262 615 3374 687 γάρ
3425 614 3616 685 μεταξὺ
3639 616 3726 668 τῶν

2196 708 2471 777 τροπικῶν
2538 710 2747 764 κύκλων
2812 710 3085 772 οἰκοῦντες
3142 707 3293 779 παρὰ
3360 707 3460 776 τὴν
3526 706 3727 775 πάροδον

2196 797 2394 866 ὁμοίως
2431 800 2635 852 κεῖνται
2665 799 2759 851 τοῦ
2795 798 2943 868 ἡλίου
2965 814 2978 828 ·
3013 797 3260 859 πλείονας
3291 796 3352 850 δὲ
3389 794 3603 867 χρόνους
3626 796 3723 849 ἐπι-

2200 889 2348 960 μένει
2371 894 2482 954 τοῖς
2527 893 2651 963 περὶ
2693 892 2819 956 τοὺς
2849 893 3140 964 τροπικοὺς
3174 889 3421 944 οἰκοῦσι*
3465 888 3528 941 δι’
3558 891 3620 959 ἢν
3659 890 3726 940 ai.

2195 980 2315 1034 τίαν
2361 983 2754 1055 εὐκρατοτέρας
2801 979 2937 1037 εἶναι
2994 982 3308 1054 συμΰέϐηκε
3361 980 3460 1044 τὰς
3497 980 3614 1049 περὶ
3650 982 3724 1034 τὸν

2200 1071 2509 1143 ἰσημερινὸν
2563 1074 2837 1142 οἰκήσεις,
2886 1073 3086 1135 αἵτινες
3134 1074 3343 1124 κεῖνται
3406 1071 3464 1122 ἐν
3506 1069 3634 1142 μέσῃ
3670 1074 3722 1140 τῇ

2193 1161 2590 1235 διακεκαυμένη
2635 1162 2801 1235 ζώνῃ,
2826 1164 2932 1217 τῶν
2956 1164 3084 1235 περὶ
3109 1163 3177 1217 τά
3219 1162 3435 1232 πέρατα
3462 1161 3554 1232 τῆς
3576 1161 3724 1215 διακε-

2198 1253 2473 1324 καυμένης
2496 1253 2804 1319 οἰκούντων,
2830 1256 3026 1319 οἵτινες
3059 1254 3161 1308 ὑπὸ
3189 1255 3315 1317 τοὺς
3342 1254 3621 1325 τροπικοὺς
3647 1255 3721 1307 κύ-

2200 1344 2354 1409 κλους
2392 1348 2616 1401 κεῖνται.

2715 1461 3108 1514 ΚΕΦΑΛΑΙΟΝ
3134 1461 3228 1513 1Δ’.

2418 1576 2559 1646 Περί
2587 1575 3003 1646 ἐπισημασιῶν
3040 1573 3158 1629 τῶν
3189 1573 3432 1641 ἄστρων·
3471 1573 3536 1627 ⁵³.

2279 1691 2335 1744 '0
2373 1691 2497 1762 περὶ
2534 1690 2912 1762 ἐπισημασιῶν
2957 1690 3114 1758 λόγος
3153 1689 3304 1761 παρά
3336 1688 3433 1759 μὲν
3470 1690 3575 1751 τοῖς
3602 1686 3716 1740 ἱδιιὶι-

537 1829 654 1872 sam
684 1813 823 1885 parit
868 1811 1200 1883 Opinionem,
1243 1808 1400 1878 quasi
1438 1814 1657 1876 propter
1686 1806 1956 1857 astrorum
1991 1809 2095 1850 or—

2195 1801 2312 1847 ταις
2355 1784 2571 1838 ἀλλοίαν
2614 1784 2727 1854 ἔχει
2778 1782 3059 1854 διάληψιν,
3100 1783 3176 1846 ὡς
3238 1780 3335 1835 ἐπὶ
3367 1778 3499 1859 ,τῶν
3541 1778 3716 1848 ἄστρων

539 1916 630 1965 tus
665 1914 720 1963 et
763 1919 991 1960 occasus
1024 1901 1153 1956 ﬁant
1199 1900 1342 1955 aeris
1396 1896 1747 1951 mutationes.
1800 1889 2097 1944 Mathema-

534 1998 680 2053 ticus
704 2011 834 2052 vero
857 2002 913 2050 et
949 1992 1208 2064 physicus
1241 1989 1402 2043 aliam
1435 1987 1597 2041 habet
1627 1983 1963 2054 opinionem.
2017 1977 2095 2030 Ac

540 2088 715 2159 primo
738 2086 954 2157 quidem
983 2080 1332 2139 statuendum
1375 2086 1481 2144 est,
1515 2077 1663 2148 quod
1701 2076 1786 2130 has
1823 2070 2096 2144 signiﬁca-

541 2184 717 2239 tiones
743 2182 997 2237 imbrium
1022 2188 1077 2235 et
1113 2185 1423 2240 ventorum,
1461 2189 1583 2246 quae
1615 2172 1769 2237 ﬁunt,
1800 2169 1947 2224 circa
1984 2174 2096 2221 ter-

538 2295 655 2336 ram
686 2278 837 2344 ﬁant,
868 2284 922 2334 et
947 2276 1014 2331 ad
1048 2275 1309 2345 majorem
1341 2271 1680 2326 altitudinem
1707 2282 1817 2322 non
1845 2264 2090 2321 tendant:

539 2370 905 2430 exhalationes
953 2367 1097 2423 enim
1123 2373 1306 2422 sunte
1342 2369 1491 2418 terra
1544 2361 1705 2415 variae
1750 2365 1803 2413 et
1848 2362 2095 2427 expertes

539 2463 770 2527 ordinis,
809 2470 870 2516 ut
903 2460 974 2516 sit
1020 2456 1354 2529 impossibile
1388 2467 1482 2509 eas
1512 2466 1686 2522 usque
1736 2448 1805 2503 ad
1847 2448 2095 2501 inerran-

541 2558 674 2612 tium
717 2555 998 2610 stellarum
1032 2550 1299 2620 sphaeram
1335 2545 1558 2602 tendere
1591 2562 1606 2598 :
1639 2541 1735 2597 sed
1777 2553 1951 2608 neque
1977 2537 2094 2593 sin-

539 2649 678 2721 gulae
722 2646 895 2700 nubes
935 2649 1158 2714 pr0pter
1203 2638 1547 2695 altitudinem
1572 2648 1642 2689 eo
1679 2631 1928 2688 tendunt.
1989 2625 2094 2693 Qui

538 2720 704 2812 igitur
735 2736 1035 2793 ascendunt
1063 2733 1343 2804 Cyllenen,
1374 2729 1702 2783 altissimum
1731 2725 1785 2777 in
1815 2720 2097 2789 Pelopon-

541 2810 674 2886 neso
701 2833 960 2891 montem,
989 2829 1044 2878 et
1074 2820 1342 2877 Mercurio
1371 2818 1427 2873 in
1449 2817 1653 2872 vertice
1682 2814 1885 2868 montis
1916 2810 2096 2864 dicato

2194 1877 2467 1939 ὲπιτολαῖς
2512 1877 2606 1931 καὶ
2634 1876 2815 1929 δύσεσι
2861 1875 2969 1929 τῶν
3000 1875 3127 1944 περί
3154 1874 3246 1927 τὸν
3274 1872 3419 1942 ἀέρα
3450 1871 3718 1941 μεταϐολῶν

2193 1970 2521 2041 γινομένων’
2555 1972 2583 2022 ὀ
2618 1969 2676 2023 δὲ
2723 1967 3102 2038 μαθηματικὸς
3149 1968 3245 2020 καὶ
3298 1965 3521 2035 φυσικὸς
3562 1965 3714 2035 ἑτέραν

2194 2061 2305 2133 ἔχει
2349 2062 2525 2128 δόξαν.
2567 2063 2676 2115 Καὶ⁹
2720 2060 2933 2132 πρῶτον
2966 2062 3063 2132 μὲν
3101 2059 3448 2129 διαληπτέον,
3478 2059 3553 2110 ὅτι
3587 2059 3632 2109 αἱ
3656 2075 3715 2124 γι-

2196 2155 2416 2225 νόμεναι
2464 2153 2820 2224 ἐπισημασίαι
2866 2153 3087 2224 δμὸρων
3130 2153 3225 2205 καὶ
3256 2151 3572 2221 πνευμάτων
3613 2152 3711 2220 περὶ

2193 2247 2289 2318 τὴν
2334 2247 2436 2318 γῆν
2475 2246 2735 2316 γίνονται,
2770 2247 2849 2309 εἰς
2881 2245 2938 2298 δὲ
2968 2245 3149 2298 πλεῖον
3194 2243 3332 2312 ῦψος
3375 2244 3435 2295 οὐ
3466 2241 3713 2294 διατείνου-

2195 2357 2278 2394 σιν
2298 2356 2310 2368 ·
2339 2339 2728 2410 ἀναθυμιάσεις
2768 2339 2876 2409 γάρ
2914 2340 3049 2391 εἰσιν
3079 2338 3142 2390 ὲκ
3166 2337 3275 2405 γῆς
3300 2334 3619 2389 παντοδαπαί
3639 2332 3711 2385 καὶ

2193 2431 2413 2485 ἄτακτοι
2434 2447 2448 2462 ·
2497 2429 2636 2484 ὥστε
2700 2430 2775 2502 μὴ
2819 2424 2928 2483 οἷόν
2976 2445 3037 2482 τε
3084 2422 3223 2481 εἶναι
3284 2425 3448 2497 μέχρι
3500 2426 3589 2494 τῆς
3628 2421 3712 2474 τῶν

2193 2522 2446 2576 ἀπλανῶν
2500 2522 2744 2593 ἀστέρων
2797 2521 3034 2592 σφαίρας
3085 2518 3404 2574 διατείνειν·
3452 2515 3575 2569 ἀλλά
3615 2513 3706 2584 μηδ’

2193 2617 2395 2670 ἕκαστα
2446 2615 2532 2669 διά
2576 2615 2637 2669 τὸ
2687 2615 2818 2686 ὕψος
2858 2613 3156 2668 ἀνατείνειν
3202 2613 3273 2666 τὰ
3322 2611 3477 2681 νέφη.
3520 2610 3574 2662 Oi
3608 2605 3708 2675 γοῦν

2192 2710 2285 2763 ἐπὶ
2338 2707 2433 2781 τὴν
2469 2707 2752 2779 Κυλλήνην
2805 2706 2916 2778 (47)
2968 2704 3371 2769 ἀναϐαίνοντες,
3418 2702 3534 2774 ὅρος
3576 2702 3624 2753 ἐν
3654 2702 3704 2768 τῇ

2194 2801 2581 2873 Πελοποννήσῳ
2615 2801 2965 2872 ὑψηλότατον,
2994 2799 3089 2851 καὶ
3124 2797 3345 2859 θύοντες
3377 2794 3450 2864 τῷ
3476 2793 3706 2847 καθωσιω-

543 2918 868 2982 sacriﬁcant,
902 2915 976 2973 hi.
1009 2927 1134 2966 cum
1176 2924 1368 2965 rursus
1402 2914 1526 2978 post
1551 2919 1755 2960 annum
1798 2901 2095 2957 ascenden-

2197 2893 2344 2964 μένῳ
2374 2894 2465 2947 ἐπὶ
2491 2893 2591 2963 τῆς
2635 2891 2880 2964 κορυφῆς
2921 2890 3016 2943 τοῦ
3048 2889 3206 2961 ὄρους
3248 2889 3443 2963 Ἐρμῇ,
3478 2889 3589 2940 ὅταν
3622 2893 3702 2938 πα-

541 3020 624 3066 tes
661 3007 927 3065 sacriﬁcia
983 3002 1289 3074 perﬁciunt,
1354 2977 1642 3052 inveniunt
1668 3002 1722 3049 et
1762 2991 1969 3047 leniora
2041 2995 2095 3043 et

2195 2984 2277 3039 λιν
2305 2985 2371 3037 δι’
2401 2983 2644 3038 ἐνιαυτοῦ
2694 2982 3075 3046 ἀναϐαίνοντες
3117 2981 3215 3045 τάς
3267 2980 3455 3046 θυσίας
3497 2977 3705 3032 ἐπιτελῶ-

542 3105 776 3158 cinerem
795 3100 863 3156 ab
885 3100 1009 3168 igne
1036 3096 1286 3150 relictum
1312 3091 1371 3146 in
1403 3090 1592 3145 eodem
1623 3089 1753 3160 loco
1797 3082 2090 3148 manentia,

2197 3093 2302 3140 σιν,
2331 3074 2640 3146 εὑρίσκουσι
2686 3074 2780 3128 καὶ
2816 3073 2886 3127 τά
2930 3073 3120 3144 μηρία,
3154 3072 3251 3125 καὶ
3294 3073 3393 3143 τὴν
3422 3070 3602 3141 τέφραν
3630 3066 3701 3137 τὴν

544 3199 600 3251 in
644 3207 753 3264 quo
805 3152 1172 3260 reliquerant;
1216 3191 1271 3240 et
1316 3197 1494 3252 neque
1522 3196 1553 3234 a
1580 3155 1778 3244 ventis,
1826 3191 2000 3246 neque
2029 3176 2095 3230 ab

2198 3168 2304 3221 ἀπὸ
2330 3166 2423 3221 τοῦ
2471 3167 2640 3237 πυρὸς
2691 3167 2747 3218 ὲν
2794 3167 2862 3236 τῇ
2909 3165 3045 3236 αὐτῇ
3084 3165 3235 3229 τάξει
3273 3164 3542 3234 μένουσαν,
3592 3162 3638 3212 ὲν

543 3283 807 3342 imbribus
831 3282 1136 3344 immutata,
1167 3292 1233 3334 eo
1262 3275 1404 3347 quod
1436 3287 1626 3328 onmes
1659 3272 1834 3326 nubes
1888 3278 1942 3325 et
1969 3282 2095 3323 νειμ

2197 3260 2290 3313 καὶ
2322 3259 2607 3314 κατέλιπον
2627 3274 2640 3288 ’
2680 3258 2774 3312 καὶ
2810 3256 2937 3329 μήθ’
2966 3258 3070 3310 ὑπὸ
3111 3256 3455 3329 πνευμάτων,
3488 3251 3595 3324 μήθ’
3622 3250 3700 3302 ὑπὸ

541 3381 723 3432 turum
774 3370 1186 3429 constitutiones
1236 3367 1378 3424 infra
1421 3365 1678 3421 verticem
1719 3362 1918 3417 montis
1968 3375 2095 3415 con-

2196 3352 2414 3424 ὄμϐρων
2444 3348 2782 3421 ἡλλοιωμένα
2802 3365 2818 3381 ⁶
2848 3349 2934 3404 διὰ
2964 3349 3025 3403 τὸ
3055 3350 3231 3404 πάντα
3264 3348 3336 3403 τὰ
3369 3348 3495 3417 νέφη
3529 3346 3607 3399 καί
3628 3342 3700 3404 τὰς

544 3469 859 3525 stituantur.
891 3461 1043 3534 Saepe
1066 3462 1227 3517 etiam
1275 3460 1355 3513 illi
1404 3457 1500 3528 qui
1530 3457 1586 3510 in
1648 3453 1993 3526 Satabyrium
2040 3467 2095 3506 a-

2196 3444 2303 3499 τῶν
2340 3446 2554 3514 ἀνέμων
2598 3444 2882 3508 συστάσεις
2918 3444 3173 3498 ὑποκάτω
3213 3442 3319 3514 τῆς
3345 3440 3432 3495 τοῦ
3463 3440 3599 3511 ὄρους
3629 3452 3698 3488 κο-

543 3559 828 3621 scendunt,
848 3571 944 3627 per
970 3553 1145 3609 nubes
1175 3552 1380 3607 faciunt
1410 3562 1720 3611 ascensum,
1745 3557 1797 3602 et
1825 3545 1970 3601 infra
1987 3559 2095 3600 ver-

2201 3538 2376 3611 ρυφῆς
2422 3535 2784 3590 συνίστασθαι.
2834 3534 3100 3598 Πολλάκις
3138 3534 3216 3588 δὲ’
3249 3534 3346 3588 καὶ
3384 3535 3429 3586 οἱ
3469 3532 3540 3594 εἰς
3562 3529 3612 3581 τὸ
3630 3528 3700 3579 Σα-

542 3648 706 3703 ticem
761 3620 963 3700 montis
1025 3648 1270 3712 spectant
1322 3638 1547 3693 nubium
1602 3637 1983 3712 ‘collectiones.
2035 3633 2095 3688 Et

2197 3628 2452 3700 ταϐῦριον
2487 3628 2596 3699 (48)
2642 3627 3021 3691 ἀναϐαίνοντες
3049 3627 3136 3681 διά
3168 3627 3278 3680 τῶν
3327 3623 3493 3696 νεφῶν
3532 3620 3697 3674 noto-3v-

543 3738 792 3811 Cyllenes
825 3736 1040 3807 quidem
1073 3732 1301 3804 altitudo
1327 3740 1412 3787 est
1441 3730 1621 3784 minor
1661 3727 1854 3784 stadiis
1900 3726 1987 3791 15,
2043 3734 2095 3780 ιιι

2198 3742 2287 3778 ται
2315 3723 2412 3794 τὴν
2440 3722 2721 3786 ἀνάϐασιν,
2753 3722 2847 3775 καὶ
2877 3720 3133 3775 ὑποκάτω
3159 3721 3261 3791 τῆς
3288 3719 3381 3789 τοῦ
3406 3719 3551 3790 ὅρους
3574 3728 3698 3784 ιιορν⁴

546 3805 888 3885 Dicaearchus
913 3826 1237 3898 geometrice
1260 3824 1631 3887 demonstrat;
1675 3818 1946 3890 Satabyrii
1968 3832 2095 3873 vero

2201 3816 2308 3887 φῆς
2339 3815 2601 3888 θεωροῦσι
2647 3813 2745 3886 τὴν
2789 3813 2898 3867 τῶν
2945 3813 3123 3883 νεφῶν
3172 3812 3448 3868 σύστασιν.
3481 3809 3574 3863 Καὶ
3611 3805 3695 3857 ἐστι

545 3896 987 3996 perpendiculum
1024 3919 1204 3973 minus
1239 3925 1324 3972 est
1355 3916 1548 3972 stadiis
1580 3914 1667 3968 14.
1722 3911 1924 3968 Omnes
1955 3912 2095 3966 enim

2206 3910 2303 3981 μὲν
2333 3909 2430 3978 τῆς
2473 3907 2755 3978 Κυλλήνης
2780 3907 2841 3959 τὸ
2870 3905 3002 3976 ῦψος
3031 3905 3257 3958 ἔλασσον
3304 3902 3515 3958 σταδίων
3540 3904 3605 3959 ιε’,
3640 3896 3697 3956 ὡς

522 3986 738 4081 nuli-es,
777 4021 838 4069 ut
863 4012 1121 4070 diximus.
1155 4023 1279 4064 cum
1321 4022 1388 4063 ex
1423 4017 1567 4061 terra
1608 4004 1842 4060 habeant
1882 4003 2095 4059 exhala-

2204 4002 2523 4070 Δικαίαρχος
2571 3999 2949 4071 ἀναμετρικῶς
3000 3998 3047 4031 ⁸⁸
3103 3998 3495 4065 ἀποφαίνεται·
3540 3990 3617 4044 τοῦ
3653 3986 3694 4039 δὲ

540 4114 772 4169 tionem,
826 4104 971 4158 circa
1014 4110 1216 4156 terram
1247 4097 1420 4167 ﬁunt.
1480 4095 1869 4151 Praedictiones
1920 4103 2095 4148 autem

2203 4092 2534 4164 Σαταϐυρίου
2564 4091 2802 4146 ἐλάσσων
2837 4090 2982 4143 ἐστὶν
3015 4092 3047 4161 ή
3079 4090 3305 4154 κάθετος
3353 4085 3555 4142 σταδίων
3580 4081 3628 4134 ιδ’
3645 4078 3691 4130 ⁸⁷.

547 4195 1019 4269 signiﬁcationum,
1058 4207 1179 4264 quae
1207 4192 1263 4247 in
1284 4189 1756 4261 parapegmatibus
1785 4187 1940 4251 ﬁunt,
1994 4202 2095 4242 non

2202 4186 2385 4240 Πάντα
2439 4185 2546 4259 γὰρ
2591 4185 2661 4239 τὰ
2706 4184 2863 4254 νέφη,
2918 4178 3167 4252 καθ’άπερ
3223 4180 3471 4252 εἴπομεν,
3522 4176 3576 4226 ἐκ
3618 4170 3693 4239 γῆς

547 4260 801 4344 constant
837 4260 1165 4356 quibusdam
1205 4260 1370 4337 certis
1410 4282 1721 4352 praeceptis,
1763 4295 1940 4351 neque
1988 4286 2095 4334 arte

2205 4278 2393 4348 ἔχοντα
2423 4277 2520 4349 τὴν
2563 4276 2943 4347 ἀναθυμίασιν,
2998 4274 3127 4345 περί
3154 4273 3253 4344 τὴν
3283 4273 3383 4343 γῆν
3422 4269 3616 4338 γίνεται.
3644 4260 3692 4312 Δί

542 4380 781 4450 quadam
825 4351 1144 4438 traduntur,
1179 4380 1238 4427 ut
1272 4373 1508 4427 habeant
1553 4371 1924 4426 necessarium
1975 4368 2095 4425 elle-

2205 4370 2261 4425 δὲ
2306 4371 2583 4442 γινόμεναι
2617 4369 2944 4441 προρρήσεις
2980 4364 3086 4419 τῶν
3130 4360 3494 4435 ἐπισημασιῶν
3526 4359 3574 4409 ὲν
3610 4351 3692 4450 tot;

544 4441 712 4525 etum.
739 4467 843 4524 Sed
872 4467 963 4538 qui
995 4482 1060 4522 ex
1090 4480 1177 4528 eo,
1213 4464 1357 4535 quod
1388 4464 1703 4535 plerumque
1736 4463 1815 4527 ﬁt,
1855 4476 1949 4533 per
1972 4475 2095 4531 quo-

2208 4441 2657 4534 παραπήγμασιν,
2692 4459 2792 4512 οὐκ
2824 4455 2930 4511 ἀπό
2957 4472 3116 4509 τινων
3140 4449 3578 4526 παραγγελμάτων
3598 4441 3691 4512 ὡρι-

541 4563 805 4617 tidianam
848 4558 1279 4615 observationem
1304 4555 1714 4627 congruentiam
1756 4555 1977 4623 capiunt
1997 4591 2012 4616 ,
2045 4552 2095 4606 hi

2204 4554 2412 4625 σμένων
2443 4551 2699 4621 γίνονται,
2728 4550 2847 4604 οὐδὲ
2894 4550 3055 4622 τέχνῃ
3086 4548 3190 4602 τινὶ
3226 4544 3565 4618 μεθοδεύονται
3595 4546 3689 4586 κατ-

546 4652 604 4708 ἱιι
637 4651 846 4707 tabulas
900 4648 1207 4704 conferunt.
1246 4624 1432 4701 Facla‘
1449 4654 1531 4701 est
1570 4653 1750 4699 autem
1790 4645 1895 4699 ista
1937 4642 2095 4696 colle«

2201 4645 2607 4720 ηναγκασμένον
2648 4643 2863 4713 ἔχουσαι
2909 4642 2970 4694 τὸ
3013 4641 3384 4710 ἀποτέλεσμα·
3428 4631 3528 4688 ἀλλ’
3563 4627 3602 4680 οἱ
3642 4624 3688 4673 ὲκ

543 4745 659 4801 ειίο
705 4752 761 4799 et
784 4742 1091 4799 observatio
1122 4742 1224 4796 hoc
1265 4740 1446 4794 modo.
1467 4737 1753 4808 Capientes
1780 4735 1922 4789 enim
1953 4734 2095 4804 prin-

2203 4736 2295 4791 τοῦ
2319 4737 2393 4800 ὡς
2424 4734 2623 4788 ἐπίπαν
2652 4731 2932 4803 γινομένου
2966 4730 3054 4783 διὰ
3071 4731 3170 4798 τῆς
3203 4729 3322 4782 καθ’
3344 4724 3530 4798 ἡμέραν
3554 4726 3687 4781 MP“

547 4836 748 4906 cipium
780 4833 930 4900 anni,
972 4839 1024 4887 et
1066 4832 1417 4887 observantes
1468 4829 1524 4883 in
1563 4844 1671 4898 quo
1712 4830 1869 4898 signo
1902 4826 1974 4881 sit
2023 4824 2095 4880 sol

2202 4829 2481 4900 τηρήσεως
2523 4825 2584 4878 τὸ
2631 4823 2914 4895 σύμφωνον
2953 4822 3319 4892 λαμϐάνοντες
3361 4819 3435 4878 εἰς
3470 4810 3685 4906 τὰὶπαρα·

549 4928 605 4982 in
644 4927 911 4999 principio
932 4925 1080 4988 anni,
1109 4932 1162 4980 et
1189 4922 1414 4994 gradum
1447 4921 1805 4985 ascribentes,
1848 4933 1947 4988 per
1992 4918 2095 4972 sin-

2208 4897 2472 4990 πηγματα
2529 4913 2922 4986 κατεχώρισαν.
2987 4912 3231 4981 Ἐγένετο
3287 4911 3340 4964 δὲ
3402 4906 3432 4976 ἡ
3489 4897 3685 4952 σύστασις

551 5021 708 5092 gulos
751 5019 868 5074 dies
913 5025 967 5073 et
995 5032 1091 5088 per
1128 5016 1373 5087 singulos
1411 5029 1629 5068 menses
1658 5012 1833 5067 factas
1864 5012 2095 5081 integras

2210 4989 2302 5066 καὶ
2329 5011 2362 5081 ἡ
2388 5009 2764 5081 παρατήρησις
2804 5004 2899 5059 τοῦ
2928 5005 3129 5077 τρόπου
3152 5003 3357 5057 τούτου.
3381 4989 3685 5092 Λαμόιξνονῗες

551 5071 705 5092 ο---τ
759 5071 862 5074 τίη
925 5071 936 5073 ν
996 5071 1050 5088 τί
1217 5071 1246 5087 υ
1980 5071 2009 5081 ν

550 5111 881 5167 mutationes
933 5110 1097 5173 acris,
1155 5116 1464 5171 ventorum,
1496 5104 1750 5160 imbrium
1807 5110 1862 5160 et
1891 5102 2095 5173 grandi-

2208 5102 2317 5172 γὰρ
2350 5071 2533 5174 ’ἀρχὴν
2576 5071 2851 5163 ένιαυτοῦ,
2901 5071 2994 5151 καὶ
3033 5097 3511 5168 παρατηρήσαντες,
3539 5082 3585 5132 έν
3607 5071 3681 5169 di"

551 5206 657 5267 nis,
710 5203 1083 5274 ascripserunt
1114 5199 1181 5253 ad
1213 5200 1345 5255 solis
1383 5199 1501 5253 loca
1527 5212 1623 5268 per
1663 5157 2095 5268 signumuquod-

2211 5157 2468 5262 ξωὶδίῳΐ
2491 5157 2648 5260 ’ἥλιος
2703 5157 2914 5260 ὑπῆρχε
2953 5157 3439 5258 κατὰ-τὴνηάρχὴν
3478 5157 3681 5274 ἑνιαγτοῦτ

550 5294 678 5349 libet
694 5301 752 5350 et
780 5257 1025 5364 gradum.
1056 5289 1210 5356 Quod
1233 5304 1327 5359 per
1344 5257 2087 5360 pluresannosvobservantes

2214 5286 2306 5339 καί
2350 5257 2485 5356 πρὸς
2523 5257 2632 5354 *τὴν
2684 5257 2885 5354 μοῖραν
2922 5257 3324 5352 ἀναγράφοντες
3361 5268 3470 5327 καθ’
3504 5257 3682 5317 ἑκάστην

616 5449 661 5479 ⁸⁸
693 5465 784 5516 rp.
809 5446 916 5501 τῶν
942 5445 1164 5518 χρόνων.
1253 5443 1299 5475 ⁸⁸
1333 5442 1376 5512 f.
1410 5440 1897 5514 ἀναμεμετρηκὼς.
1974 5442 2019 5473 ⁵⁷
2050 5458 2143 5510 γρ.
2177 5439 2401 5495 σταδίων
2432 5439 2475 5490 δ’

620 5602 732 5673 (47)
768 5605 831 5656 Οἳ
856 5602 1001 5671 γοῦν
1026 5599 1274 5673 ἐπί-τὴν·
1303 5598 1648 5673 μυλλήνῃγ.
1666 5595 1853 5673 _Cuj_us
1880 5595 2095 5650 κάθετον

2213 5593 2410 5673 _Sil‘a_bo
2440 5593 2532 5650 lib.
2564 5608 2673 5661 xw,
2708 5598 2763 5648 et
2807 5590 3129 5664 Stephanus.
3165 5587 3315 5645 Mons
3349 5589 3425 5642 est
3461 5560 3510 5632 in
3536 5556 3679 5623 Rhodo

555 5672 644 5724 ain
676 5665 887 5734 xitfali'i
918 5688 985 5725 xv
1010 5670 1202 5725 stadiis
1224 5665 1509 5725 deﬁniunt.
1542 5665 1736 5721 Strabo
1764 5666 1903 5720 libro
1926 5681 2042 5720 vm.
2213 5665 2413 5720 insula.

622 5741 733 5811 ($8)
762 5743 861 5808 Εἰς
880 5742 948 5794 τὸ
972 5740 1347 5808 Σαταϐύριον.
1380 5735 1505 5810 Leg.
1545 5735 1875 5807 Ἀταϐύριον.
1905 5735 1979 5790 De
1999 5749 2108 5806 quo
