3886 6268
151 333 252 389 845

1197 328 1432 388 GEMINI
1470 329 1840 388 ELEMENTA
1866 328 2356 387 ASTRONOMIE.

3303 330 3407 389 8&6

152 448 359 521 ἡμέραν
408 447 515 502 καὶ
547 448 704 520 μῆνα
731 447 826 512 τὰς
868 446 1156 519 γενομένας
1182 447 1489 519 όλοσχερεῖς
1524 446 1745 518 μεταϐο-

1846 460 1941 500 eas
1985 445 2334 509 mutationes,
2377 457 2499 514 quae
2546 441 2781 500 maxime
2811 442 2959 500 circa
2978 443 3167 500 eadem
3196 444 3404 502 zodiaci

150 542 246 605 λάς
267 539 365 597 τοῦ
400 540 606 613 ἀέρος,
641 542 982 612 πνευμάτων,
1017 538 1260 612 ὄμϐρων,
1316 539 1577 611 χαλάζης,
1611 556 1750 610 παρα

155 634 398 687 ετίθεσαν
456 636 596 697 ταῖς
650 636 743 687 τοῦ
791 633 941 705 ἡλίου
990 635 1208 703 ἐποχαῖς
1236 632 1375 686 κατά
1426 631 1613 697 ζώδιον
1655 632 1748 685 καὶ

154 722 289 776 κατά
313 724 551 793 μοῖραν.
604 723 779 777 Τοῦτο
814 724 907 777 ἐπὶ
944 723 1162 776 πλείονα
1187 721 1281 795 ἔτη
1321 725 1747 794 παρατηρήσαν-

153 832 258 878 τες,
286 812 388 877 τὰς
423 812 686 884 μάλιστα
730 815 858 886 περὶ
886 816 1012 878 τοὺς
1052 813 1246 877 αὐτοὺς
1285 814 1483 878 τόπους
1524 813 1615 866 τοῦ
1645 814 1751 879 ζω-

154 903 332 959 διακοῦ
378 905 700 975 γινομένας
740 905 1042 977 μεταϐολάς
1069 907 1126 958 ἐν
1163 908 1274 968 τοῖς
1313 906 1748 976 παραπήγμασιν

157 996 542 1068 ἀνεγράψαντο
566 1037 583 1061 ,
644 998 755 1063 οὐκ,
789 998 1081 1059 ἀπότινος
1126 997 1324 1068 τέχνης
1361 996 1481 1049 οὐδὲ
1526 996 1746 1068 μεθόδου

155 1088 465 1161 ὡρισμένης
526 1088 796 1152 λαϐόντες
844 1089 942 1159 τὴν
984 1087 1327 1160 ἀναγραφὴν,
1376 1087 1490 1140 ἀλλ’
1536 1089 1600 1140 ἐκ
1647 1087 1747 1157 τῆς

159 1180 344 1250 πείρας
369 1179 436 1233 τὸ
464 1178 793 1251 σύμφωνον,
827 1180 902 1242 ὡς
929 1178 1176 1248 ἔγγιστα,
1207 1178 1479 1241 λαϐόντες.
1531 1179 1747 1251 Ἐπειδὴ

157 1268 200 1301 ⁸⁸
223 1269 320 1321 οὐκ
342 1267 621 1322 ἐδύναντο
652 1268 766 1322 οὐθ’
799 1269 1034 1340 ἡμέραν,
1063 1267 1184 1321 οὔτε
1215 1268 1379 1339 μῆνα,
1424 1266 1545 1321 οὔτε
1572 1269 1752 1322 ἐνιαυ-

159 1360 240 1413 τὸν
264 1359 590 1429 ὡρισμένον
625 1360 956 1430 ἀναγράψαι,
999 1361 1055 1413 ἐν
1084 1353 1128 1425 ᾧ
1162 1375 1213 1411 τι
1241 1354 1446 1412 τούτων
1488 1359 1748 1412 ἐπιτελεῖ-

159 1468 259 1516 ται,
306 1451 398 1504 διὰ
435 1451 503 1504 τὺ
546 1450 658 1515 τὰς
690 1452 864 1523 ἀρχὰς
896 1451 1004 1505 τῶν
1039 1450 1300 1504 ἐνιαυτῶν
1348 1450 1421 1522 μὴ
1452 1450 1602 1522 παρά
1642 1453 1747 1505 πᾶ-

164 1556 238 1593 σιν
274 1534 415 1593 εἶναι
441 1538 551 1603 τὰς
588 1541 783 1605 αὐτὰς,
815 1541 945 1612 μηδὲ
996 1542 1116 1604 τοὺς
1161 1542 1332 1611 μῆνας
1378 1541 1504 1605 τοὺς
1550 1542 1746 1606 αὐτοὺς

163 1623 473 1699 εἶναιπαρὰ
516 1631 663 1682 πᾶσι
706 1634 826 1694 ταῖς
855 1630 1191 1700 ὀνομασίαις,
1227 1631 1360 1702 μηδὲ
1403 1630 1499 1696 τὰς
1538 1632 1748 1703 ἡμέρας

164 1718 351 1792 ὁμοίως
391 1719 640 1790 ἄγεσθαι.
664 1739 677 1751 ·
715 1723 1023 1793 ἱσταμένοις
1053 1723 1163 1776 τισὶ
1208 1724 1450 1794 σημείοις
1478 1723 1746 1795 ἠθέλησαν

1847 537 1966 593 loca
1993 536 2336 608 contingunt,
2364 536 2419 590 in
2460 535 2661 593 tabulis
2691 536 3158 607 conscripserunt,
3205 551 3316 592 non
3338 554 3406 594 ex

1846 638 1962 684 arte
1989 630 2190 701 aliqua,
2228 645 2402 700 neque
2438 645 2502 685 ex
2531 636 2680 685 certa
2710 628 2964 684 methodo
2994 637 3274 687 sumentes
3311 631 3407 686 de-

1847 721 2218 791 scriptionem,
2250 721 2345 777 sed
2379 721 2447 776 ab
2474 721 2829 792 experientia,
2870 720 2923 775 id
2952 721 3095 791 quod
3128 719 3242 776 fere
3272 736 3407 777 con-

1846 813 2010 883 gruit,
2062 823 2359 868 sumentes.
2422 812 2559 867 Cum
2592 827 2720 868 vero
2756 817 2867 867 nbn
2900 819 3124 882 possent
3163 813 3406 881 singulos

1846 904 1982 970 dies,
2010 919 2186 975 neque
2206 919 2441 968 menses,
2471 919 2645 974 neque
2671 918 2843 960 annos
2877 911 3056 959 certos
3083 902 3403 968 inscribere,

1845 998 1901 1052 in
1927 997 2127 1068 quibus
2147 995 2344 1050 borum
2371 994 2576 1066 aliquid
2602 994 3014 1066 perﬁciebatur:
3042 1010 3109 1050 eo
3131 994 3277 1065 quod
3308 996 3408 1049 ini-

1847 1090 1921 1142 tia
1961 1102 2227 1143 annorum
2265 1086 2407 1158 apud
2442 1102 2632 1142 omnes
2680 1102 2787 1142 non
2847 1087 2957 1143 sint
2988 1086 3197 1152 eadem,
3233 1102 3408 1158 neque

1846 1194 2062 1235 menses
2085 1179 2194 1235 sint
2221 1178 2364 1250 apud
2387 1194 2576 1235 omnes
2603 1179 2797 1235 iisdem
2822 1179 3293 1250 appellationibus,
3319 1195 3407 1233 nc-

1844 1289 1951 1343 que
1986 1274 2105 1329 dies
2141 1273 2392 1331 similiter
2441 1279 2672 1344 agantur
2711 1291 2724 1327 :
2776 1272 3015 1329 immotis
3082 1273 3403 1343 quibusdam

1847 1365 2017 1436 signis
2079 1366 2367 1421 voluerunt
2429 1365 2792 1421 determinare
2843 1365 3173 1420 mutationes
3241 1365 3404 1420 aeris.

1846 1455 2002 1512 Unde
2029 1468 2300 1513 aStrorum
2335 1457 2570 1523 ortibus,
2604 1471 2727 1512 cum
2762 1456 2816 1511 bi
2846 1457 2903 1511 in
2931 1456 3406 1527 temporibussiut

1846 1547 2210 1613 determinati,
2244 1547 2574 1603 mutationes
2600 1548 2744 1603 aeris
2768 1547 2932 1615 ﬁunt;
2957 1562 3066 1601 non
3096 1547 3239 1618 quod
3256 1554 3404 1602 astra

1849 1640 1954 1693 vim
1981 1639 2213 1695 habeant
2242 1640 2310 1694 ad
2338 1640 2691 1695 mutationem
2716 1648 3000 1695 ventorum
3032 1645 3089 1693 et
3127 1638 3404 1699 imbrium,

1848 1730 1943 1785 sed
1973 1729 2119 1801 quod
2147 1729 2285 1801 signi
2314 1729 2486 1801 gratia
2512 1739 2789 1800 assumpta
2811 1730 2920 1786 sint
2949 1730 3016 1784 ad
3039 1730 3161 1795 hoc,
3191 1737 3250 1783 ut
3276 1743 3409 1799 pras-

164 1810 408 1879 ἀφορίσαι
440 1809 547 1874 τὰς
585 1811 892 1882 μεταϐολάς
928 1812 1021 1866 τοῦ
1055 1812 1235 1884 ἀέρος.
1266 1812 1425 1867 Ὅθεν
1473 1818 1592 1880 ταῖς
1636 1816 1745 1870 τῶν

1847 1826 2240 1891 cognoscamus
2279 1820 2422 1875 aeris
2455 1818 2789 1875 aﬁ‘ectiones.
2852 1818 2920 1873 Et
2948 1826 3007 1874 ut
3050 1819 3280 1888 lampas,
3309 1833 3404 1872 seu

167 1900 366 1973 ἄστρων
395 1901 699 1967 ἐπιτολαῖς
738 1904 879 1958 κατὰ
922 1905 1048 1968 τοὺς
1088 1907 1310 1977 καιροὺς
1341 1907 1745 1979 ἀφωρισμέναις

169 1993 220 2045 αἱ
275 1992 580 2062 μεταϐολαὶ
632 1993 731 2048 τού
783 1994 946 2066 ἀέρος
1011 1995 1278 2065 γίνονται,
1332 1999 1430 2068 οὐχ
1491 1999 1567 2062 ὡς
1635 1999 1744 2052 τῶν

170 2082 367 2155 ἄστρων
408 2082 661 2154 δύναμιν
712 2085 942 2155 ἐχόντων
981 2089 1118 2159 πρὸς
1154 2086 1250 2159 τὴν
1302 2088 1599 2160 μεταϐολὴν
1637 2088 1745 2143 τῶν

171 2174 484 2244 πνευμάτων
514 2175 618 2228 καὶ
667 2174 775 2230 τῶν
804 2176 1046 2248 ὄμϐρων,
1082 2177 1195 2230 ἀλλ’
1223 2178 1298 2241 ὡς
1335 2179 1559 2250 σημείου
1588 2178 1745 2252 χάριν

172 2265 631 2337 παρειλημμένων
659 2268 797 2340 πρὸς
812 2269 874 2322 τὸ
894 2267 1288 2340 προγινώσκειν
1312 2272 1457 2341 ἡμᾶς
1476 2270 1575 2334 τὰς
1617 2271 1745 2344 περὶ

172 2358 251 2411 τὸν
272 2358 409 2430 ἀέρα
437 2361 826 2432 περιστάσεις.
857 2363 967 2416 Καὶ
995 2361 1184 2433 ὥσπερ
1221 2364 1250 2415 ό
1283 2363 1486 2433 πυρσὸς
1509 2363 1609 2415 οὐκ
1644 2365 1745 2417 αὐ-

172 2447 252 2511 τός
309 2451 424 2502 ἐστι
473 2450 783 2521 παραίτιος
834 2451 932 2522 τῆς
984 2450 1288 2522 πολεμικῆς
1351 2452 1742 2524 περιστάσεως,

175 2538 295 2595 ἀλλά
342 2542 573 2612 σημεῖόν
639 2543 756 2595 ἐστι
804 2542 1096 2613 πολεμικοῦ
1155 2541 1382 2614 καιροῦ·
1428 2542 1522 2596 τὸν
1581 2544 1744 2598 αὐτὸν

173 2630 355 2701 τρόπον
383 2634 480 2686 καὶ⁸
509 2634 570 2686 αἱ
613 2633 731 2686 τῶν
766 2633 979 2706 ἄστρων
1009 2634 1250 2687 ἐπιτολαὶ
1288 2635 1386 2687 οὐκ
1418 2635 1578 2689 αὐταὶ
1602 2653 1744 2709 παρ-

179 2723 322 2776 αίτιοί
354 2725 460 2778 εἱσι
505 2725 633 2780 τῶν
665 2726 796 2797 περὶ
834 2726 925 2779 τὸν
954 2726 1092 2797 ἀέρα
1128 2726 1456 2798 μεταϐολῶν,
1487 2727 1621 2782 ἀλλά
1652 2746 1748 2801 ση-

186 2817 295 2885 μεῖα
325 2817 602 2871 ἐκκεινται
652 2817 764 2871 τῶν
811 2818 1066 2872 τοιούτων
1098 2821 1486 2891 περιστάσεων.
1531 2823 1594 2876 Οἱ
1638 2822 1746 2893 γὰρ

184 2908 267 2960 ἀπ’
309 2909 481 2980 ἀρχῆς
540 2911 1036 2981 παρατηρήσαντες
1095 2912 1189 2965 καὶ
1247 2912 1634 2983 συνταξάμενοι
1678 2915 1746 2969 τά

1844 1908 1955 1974 fax,
1989 1923 2100 1963 non
2131 1909 2250 1979 ipsa
2280 1916 2365 1965 est
2403 1923 2568 1965 causa
2616 1908 2796 1964 bellici
2824 1916 3022 1975 motus,
3055 1908 3152 1965 sed
3188 1910 3403 1980 signum

1842 2001 1929 2050 est
1952 1993 2129 2050 bellici
2158 1994 2264 2065 33
2292 1994 2548 2065 temporis
2584 2013 2598 2050 :
2632 1994 2706 2048 ita
2733 2000 2787 2049 et
2812 2002 3080 2050 astrorum
3113 2001 3268 2051 ortus
3296 2009 3406 2050 non

1844 2086 1947 2157 ipsi
1982 2093 2111 2141 sunt
2161 2101 2329 2141 causa
2377 2087 2736 2141 mutationum
2773 2087 2933 2154 aeris,
2987 2088 3080 2143 sed
3129 2089 3406 2158 proposita

1844 2185 1972 2233 sunt
2004 2179 2157 2249 signa
2186 2178 2376 2233 talium
2409 2177 2775 2233 aﬁ’ectionum.
2826 2178 2959 2232 Nam
2986 2178 3079 2249 qui
3121 2193 3152 2232 a
3204 2179 3409 2249 princi-

1843 2267 1932 2336 pio
1980 2266 2406 2320 observaverunt
2455 2272 2510 2320 et
2550 2273 2972 2335 composuerunt
3000 2268 3211 2323 tabulas
3261 2268 3405 2329 illas,

1844 2358 2141 2429 exploratis
2174 2358 2313 2415 locis
2349 2358 2559 2414 zodiaci
2591 2359 2804 2422 circuli,
2840 2357 2897 2414 in
2925 2360 3124 2429 quibus
3151 2368 3209 2414 ut
3238 2360 3407 2430 pluri-

1847 2465 1992 2503 mum
2027 2451 2355 2505 mutationes
2392 2450 2536 2505 aeris
2568 2449 2729 2515 ﬁunt,
2766 2450 3256 2507 consideraverunt
3284 2466 3405 2522 qum

1845 2548 1991 2596 astra
2028 2530 2363 2613 temporib'us
2391 2542 2498 2598 illis
2517 2544 2786 2609 oriantur,
2811 2549 2904 2597 aut
2942 2544 3106 2598 simul
3133 2543 3404 2608 occidant,

1845 2640 2007 2704 atque
2052 2635 2267 2703 horum,
2291 2634 2500 2690 ortibus
2529 2642 2584 2689 et
2628 2635 2919 2689 occasibus
2952 2648 3050 2705 pro
3081 2635 3250 2705 signis
3279 2643 3409 2691 sunt

1845 2725 1930 2781 usi
1976 2724 2043 2780 ad
2071 2726 2545 2796 praecognitionem
2588 2726 2990 2796 praedictorum.
3051 2726 3218 2783 Ortus
3261 2728 3407 2782 enim

1843 2833 2004 2873 veros
2045 2824 2100 2872 et
2148 2832 2377 2873 occasus
2422 2818 2687 2889 contingit
2739 2834 2862 2874 esse
2910 2818 3213 2875 invisibiles
3254 2838 3268 2874 :
3313 2834 3408 2874 eos

1844 2925 1994 2975 vere,
2044 2910 2139 2981 qui
2168 2912 2521 2980 apparebant,
2579 2920 2734 2967 ortus
2772 2918 2826 2967 et
2872 2925 3123 2977 occasus,
3160 2909 3410 2982 poterant

185 3002 612 3072 παραπήγματα,
647 3001 1000 3068 ἐξετάσαντες
1027 3003 1154 3067 τοὺς
1180 3002 1378 3068 τόπους
1416 3004 1511 3057 τοῦ
1554 3004 1744 3069 ζωδια-

1845 3000 2049 3064 videre,
2080 3007 2135 3056 et
2158 2990 2311 3056 'circa
2343 3009 2585 3072 tempora
2630 3002 2772 3057 dicta
2803 3002 3135 3066 discernere,
3168 3016 3234 3057 eo
3263 3002 3408 3071 quod

185 3089 271 3143 κοῦ
300 3091 517 3157 κύκλου,
551 3094 613 3145 ἐν
645 3086 730 3155 οἷς
761 3092 838 3156 ὡς
880 3090 1082 3145 ἐπίπαν
1114 3093 1172 3147 αἱ
1213 3093 1507 3164 μεταϐολαὶ
1531 3093 1624 3148 τοῦ
1651 3095 1744 3149 ἀέσ-

1846 3089 2093 3147 Pleiades
2116 3091 2429 3148 occidentes
2451 3092 2681 3148 habeant
2711 3094 2873 3148 talem
2905 3092 3037 3159 vim,
3070 3100 3132 3147 ut
3169 3091 3412 3147 humidi-

189 3197 270 3251 ρος
304 3181 559 3252 γίνονται,
595 3184 970 3254 ἐπεσκέψαντο
1001 3185 1139 3238 κατά
1176 3186 1302 3250 τοὺς
1350 3186 1570 3258 χρόνους
1616 3186 1741 3240 τού-

1846 3193 2009 3240 tatem
2046 3183 2336 3255 quamdam
2379 3184 2525 3240 circa
2564 3200 2741 3241 aerem
2776 3193 3068 3255 generem;
3101 3192 3194 3240 aut
3214 3200 3408 3240 rursus

187 3286 296 3334 τους
334 3273 452 3327 τίνα
480 3274 594 3329 τῶν
647 3273 862 3346 ἄστρων
905 3274 1203 3339 ἀνατέλλει,
1241 3276 1274 3348 ἢ
1329 3276 1739 3346 συγκαταδύνει,

1845 3277 2083 3333 orientes
2110 3279 2317 3334 aestatis
2355 3278 2570 3335 initium
2598 3276 2920 3349 signiﬁcent.
2958 3277 3112 3334 Unde
3134 3285 3188 3334 et
3217 3277 3409 3335 Hesio-

189 3362 271 3413 καὶ
296 3365 412 3427 ταῖς
434 3365 529 3417 τού
542 3381 646 3419 των
675 3364 948 3428 ἐπιτολαῖς
975 3367 1067 3420 καὶ
1096 3364 1280 3420 δύσεσι
1312 3367 1559 3438 σημείοις
1586 3368 1744 3440 ἐχρή-
1845 3368 1949 3424 dus
1971 3369 2169 3439 inquit:

192 3469 335 3510 σαντο
375 3460 456 3522 είς
494 3460 599 3531 τὴν
649 3460 959 3531 πρόγνωσιν
997 3461 1106 3515 τῶν
1143 3463 1571 3534 προειρημένων.
1624 3461 1735 3528 Τάς
1773 3463 1870 3536 μὲν
1901 3463 2009 3534 γὰρ
2059 3462 2323 3527 ἀνατολὰς
2355 3462 2455 3526 τάς
2496 3462 2754 3534 ἀληθινὰς
2790 3466 2882 3517 καὶ
2936 3462 3116 3526 δύσεις
3166 3462 3410 3539 ἀθεωρήη-

190 3565 300 3614 τους
333 3549 465 3607 εἶναι
495 3554 817 3626 συμϐέϐηκε
836 3573 852 3588 ο
882 3555 979 3620 τὰς
1009 3556 1065 3610 δὲ
1107 3558 1436 3629 φαινομένας
1476 3558 1737 3629 ἠδύναντο
1765 3560 1916 3632 όρᾷν,
1945 3559 2038 3613 καὶ
2069 3559 2195 3630 περὶ
2248 3557 2373 3621 τοὺς
2408 3556 2667 3630 ῥηθέντας
2722 3559 2947 3631 καιροὺς
3001 3559 3408 3631 διαλαμϐάνειν,

191 3643 263 3697 ὅτι
285 3647 337 3700 αἱ
365 3648 624 3715 Πλειάδες
656 3649 907 3705 δύνουσαι
939 3650 1121 3722 ἔχουσί
1154 3668 1277 3707 τινα
1329 3652 1582 3724 τοιαύτην
1633 3652 1879 3725 δύναμιν,
1916 3652 2055 3709 ὥστε
2090 3651 2355 3724 ὑγρασίαν
2410 3651 2532 3706 τινὰ
2562 3653 2689 3724 περὶ
2728 3652 2818 3706 τὸν
2875 3653 3013 3725 ἀέρα
3069 3655 3404 3731 ἀπογεννᾷν·

192 3736 224 3810 ἢ
250 3741 397 3798 πάλιν
420 3745 796 3800 ἐπιτέλλουσαι
824 3745 1014 3818 θέρους
1057 3746 1230 3820 ἀρχὴν
1263 3746 1722 3820 διασημαίνουσιν.
1751 3746 1912 3802 Ὅθεν
1942 3748 2036 3801 καὶ
2078 3746 2317 3811 Ἡσίοδός
2343 3762 2474 3817 φησι
2494 3763 2508 3777 ο

195 3856 501 3934 {variabit
528 3861 932 3934 Ἀτλαγενέων
980 3863 1513 3934 ἐπιτελλομενάων,

1853 3863 2157 3918 Pleiadz’bus
2184 3862 2419 3917 Atlantis
2450 3861 2663 3933 ﬁliabus
2697 3860 2986 3934 orientibus

198 3924 443 3996 ἌρχεσιΤ
470 3924 728 4001 ἁμήτουί
749 3933 982 4001 ἀρότοιο
1007 3933 1094 3999 δὲ,
1118 3924 1561 4004 δυσὰομενέωόρ.

1849 3934 2025 4003 Incipe
2044 3947 2292 3988 messem:
2327 3924 2620 3987 arationem
2648 3948 2766 3986 vero
2798 3931 3151 3986 occidentibus
3186 3964 3191 3973 ι
3230 3938 3261 3953 “’

198 4035 261 4089 οὐ
306 4038 386 4097 διά
430 4042 527 4115 τὴν
585 4044 683 4098 τοῦ
730 4043 928 4116 ἄστρου
990 4044 1249 4117 δύναμιν
1301 4044 1576 4110 παντελῶς
1632 4045 1740 4118 γάρ

1845 4045 1962 4102 Non
2010 4052 2230 4118 propter
2261 4046 2396 4099 astri
2430 4044 2538 4099 vim
2574 4043 2837 4099 :omnino
2883 4042 3028 4099 enim
3072 4043 3128 4098 id
3167 4040 3252 4099 est
3294 4032 3410 4099 stu;

199 4125 326 4182 ἐστιν
372 4131 720 4207 ἀπόπληκτον
739 4150 752 4164 ⁸
789 4135 902 4188 εἴτε
926 4135 1035 4207 γὰρ
1075 4135 1276 4208 πύρινά
1301 4138 1417 4190 ἐστι
1444 4135 1513 4190 τά
1542 4137 1737 4209 ἄστρα,

201 4215 296 4270 εἴτε
329 4221 556 4294 αἰθέρια,
584 4226 663 4289 ὡς
708 4225 932 4299 ἀρέσκει
957 4229 1088 4293 τισὶ,
1131 4229 1306 4282 πάντα
1332 4228 1430 4300 τῆς
1458 4228 1624 4300 αὐτῆς
1651 4229 1743 4282 οὐ-

204 4307 307 4373 σίας
334 4314 425 4367 καὶ
455 4316 739 4390 δυνάμεως
771 4319 1151 4392 κεκοινώνηκε,
1194 4321 1286 4373 καὶ
1321 4320 1573 4391 οὐδεμίαν
1607 4338 1741 4391 συμ-

1846 4137 2032 4207 pidum
2064 4151 2078 4187 :
2117 4137 2231 4191 sive
2274 4133 2419 4189 enim
2470 4135 2627 4205 ignea
2652 4142 2781 4191 sunt
2814 4142 2982 4200 astra,
3007 4135 3121 4191 sive
3151 4135 3406 4203 aetherea,

1846 4237 1906 4283 ut
1940 4230 2117 4299 placet
2167 4224 2440 4298 aliquibus
2466 4269 2480 4294 ,
2513 4228 2696 4282 omnia
2733 4227 2977 4284 eamdem
3019 4228 3312 4283 essentiam
3354 4238 3410 4283 et

1844 4321 1953 4374 vim
1988 4319 2181 4375 sortita
2223 4327 2372 4383 sunt,
2400 4325 2454 4374 et
2493 4319 2697 4372 nullam
2727 4318 2930 4375 habent
2973 4329 3214 4373 mutuam
3259 4333 3409 4374 com-

204 4398 406 4459 πάθειαν
436 4407 548 4478 ἔχει
582 4409 720 4482 πρὸς
753 4410 820 4465 τὰ
845 4412 936 4464 ἐπὶ
967 4411 1065 4482 τῆς
1092 4412 1195 4482 γῆς
1227 4411 1501 4483 γινόμεναι
1541 4413 1605 4465 Ἥ
1635 4412 1743 4485 γὰρ

1846 4411 2158 4480 passionem
2206 4425 2334 4481 erga
2385 4425 2448 4465 ea
2504 4425 2625 4480 quae
2670 4410 2727 4464 in
2771 4418 2912 4464 terra
2951 4409 3105 4464 ﬁunt.
3141 4407 3410 4465 Universa

206 4488 440 4561 σύμπασα
459 4500 532 4571 γῆ
562 4502 787 4575 κέντρου
817 4502 974 4573 λόγον
1006 4502 1116 4575 ἔχει
1150 4504 1284 4575 προς
1314 4505 1412 4574 τὴν
1444 4503 1551 4556 τῶν
1573 4503 1745 4557 ἀπλαο

207 4580 296 4636 νῶν
324 4592 572 4660 σφαῖραν,
605 4594 700 4647 καὶ⁹
743 4594 965 4661 οὐδεμία
1002 4595 1270 4665 ἀποφορὰ,
1305 4597 1425 4650 οὐδὲ
1471 4596 1743 4666 ἀπόρῤοια

205 4669 456 4759 διικνεῖται
511 4685 620 4739 ἀπὸ
663 4686 770 4740 τῶν
815 4687 1064 4741 ἀπλανῶν
1094 4688 1333 4758 ἀστέρων
1367 4686 1459 4739 ἐπὶ
1483 4686 1577 4759 τὴν
1616 4687 1739 4756 γῆν.

209 4755 317 4826 Πῶς
344 4766 670 4844 ὑποληπτέον
695 4774 916 4840 τούτους
947 4776 1163 4849 ὄμϐρων
1307 4755 1628 4845 πνευμάτων
1650 4755 1745 4831 καὶ

207 4852 421 4930 χαλάζης
451 4869 764 4939 παραιτίους
796 4869 1055 4939 γίνεσθαι,
1086 4868 1179 4936 ἀφ’
1213 4861 1288 4921 ὧν
1329 4867 1552 4939 οὐδεμία
1587 4865 1746 4920 δύνα-

213 4958 291 5033 ξιις
321 4949 492 5008 πίπτει
526 4960 659 5031 πρὸς
687 4962 861 5033 inde;
907 4960 1037 5013 Ἀπὸ
1072 4961 1168 5031 μὲν
1196 4958 1304 5031 γὰρ
1334 4958 1485 5031 ἡλίου
1522 4959 1615 5012 καὶ
1653 4975 1743 5011 σε·-

208 5028 355 5110 λήνης
378 5028 648 5104 διικνεῖται
669 5028 949 5122 ἡνδύναμις
975 5028 1193 5122 ἐπὶῘτὴν
1214 5028 1318 5120 γῆν
1352 5028 1491 5104 κατὰ
1511 5050 1608 5113 τὰς
1641 5065 1744 5120 με-

211 5123 438 5215 Eum;
462 5138 634 5196 αὐτῶν
672 5144 764 5197 καὶ
806 5141 1065 5215 μειζόνων
1114 5143 1208 5196 καὶ
1255 5141 1582 5196 ἐλαττόνων·
1616 5140 1744 5195 ὅθεν

212 5210 404 5306 ξῦλογον
448 5229 581 5301 πρὸς
617 5233 839 5299 τούτους
888 5233 1227 5306 συμπάθειαν
1268 5230 1405 5288 εἶναι
1451 5233 1591 5288 κατὰ
1641 5232 1744 5304 τὴν

216 5300 416 5368 ὲκᾶστην
451 5300 670 5395 δύναμιν
714 5325 925 5380 αὐτῶν·
960 5300 1026 5381 ἀἱ
1067 5327 1123 5382 δέ
1154 5327 1262 5382 τῶν
1291 5326 1544 5381 ἀπλανῶν
1579 5300 1747 5381 ἀστέ-

219 5403 574 5491 ΡωΥ-ὲπιτολαὶ
624 5416 715 5470 καὶ
763 5417 942 5483 δύσεις
971 5418 1219 5491 ,σημείου
1262 5418 1412 5484 τάξιν
1461 5418 1742 5490 ἐπέχουσι,

219 5482 436 5581 κξιθᾴπερ
480 5505 818 5577 προείπομεν.
874 5482 1200 5566 ὍθενΠούδέ
1256 5482 1596 5581 πρδληπτέον
1644 5482 1746 5572 τάξ

219 5572 364 5645 αῧτάς
377 5584 726 5664 ἐπισημασίας
739 5598 1095 5654 ἐπιτελεῖσθαι
1106 5601 1169 5654 ἐκ
1184 5597 1292 5654 τῶν
1307 5597 1486 5653 αὐτῶν
1501 5600 1715 5672 ἄστρων
1727 5615 1741 5631 ·

277 5707 318 5740 ⁸·
343 5714 384 5783 t.
409 5719 521 5779 ἐπεὶ
545 5725 618 5784 δέ.

1843 4502 1987 4557 enim
2020 4509 2166 4556 terra
2201 4502 2372 4556 centri
2404 4503 2665 4559 rationem
2706 4503 2869 4557 habet
2918 4502 2985 4557 ad
3047 4502 3407 4559 inerrantium

1845 4594 2144 4665 sphaeram;
2214 4610 2314 4648 nec
2354 4594 2462 4648 ulla
2509 4593 2593 4650 vis
2643 4609 2904 4650 cmanans
2946 4602 3038 4648 aut
3086 4594 3409 4664 proﬂuvium

1844 4687 2089 4757 pervenit
2129 4684 2198 4740 ab
2243 4684 2612 4741 inerrantibus
2659 4686 2832 4742 stellis
2876 4684 2942 4738 ad
2994 4694 3216 4740 terram.
3257 4682 3407 4750 Quo-

1843 4781 2005 4834 modo
2048 4778 2354 4849 putandum
2385 4786 2468 4833 est
2514 4777 2614 4832 bas
2656 4776 2910 4831 imbrium
2938 4783 2994 4831 et
3044 4782 3331 4830 ventorum
3357 4782 3411 4828 et

1844 4871 2170 4943 grandinum
2220 4885 2415 4927 causas
2468 4884 2612 4933 esse,
2642 4884 2673 4923 a
2706 4870 2907 4940 quibus
2944 4869 3088 4922 nulla
3128 4868 3208 4923 vis
3258 4866 3408 4921 cadit

1846 4962 1914 5016 ad
1962 4962 2098 5018 nos?
2137 4961 2275 5017 Nam
2307 4977 2337 5015 a
2370 4961 2484 5018 sole
2525 4960 2745 5031 quidem
2792 4971 2847 5016 et
2876 4961 3005 5014 luna
3046 4959 3294 5030 pervenit
3325 4959 3407 5011 vis

1846 5052 1912 5106 ad
1946 5061 2147 5107 terram
2177 5051 2476 5108 secundum
2512 5051 2778 5106 transitus
2806 5065 2994 5105 eorum
3052 5056 3106 5103 et
3138 5048 3406 5118 majorum

1845 5150 1899 5199 et
1935 5143 2227 5198 minorum.
2270 5140 2425 5197 Unde
2476 5149 2897 5197 consentaneum
2936 5146 3021 5195 est
3074 5146 3234 5194 terra:
3281 5152 3406 5192 cum

1844 5235 1931 5291 his
1956 5250 2079 5291 esse
2113 5241 2356 5289 mutuam
2401 5233 2817 5289 consensionem
2850 5231 3149 5288 secundum
3178 5230 3285 5285 vim
3311 5243 3410 5285 cu-

1840 5328 2042 5400 jusque
2094 5342 2304 5383 eorum.
2337 5325 2706 5382 lnerrantium
2751 5342 2882 5382 vero
2928 5326 3207 5381 stellarum
3254 5331 3410 5377 ortus

1845 5430 1900 5477 ct
1926 5436 2157 5477 occasus
2190 5420 2332 5491 signi
2370 5419 2640 5474 rationem
2671 5419 2941 5484 obtinent,
2974 5419 3118 5474 sicut
3150 5414 3407 5488 praedixi-

1847 5525 1991 5565 mus.
2040 5507 2196 5565 Unde
2246 5525 2316 5565 nc
2370 5508 2719 5565 statuendum
2772 5508 2992 5579 quidem
3045 5515 3130 5562 est
3188 5505 3410 5562 easdem

1848 5597 2268 5671 signiﬁcationes
2298 5598 2485 5655 perﬁci
2516 5614 2582 5655 ex
2613 5597 2806 5656 iisdem
2835 5598 3036 5666 astris;
3094 5596 3192 5654 sed
3216 5609 3413 5654 secun-
