3886 6268
509 294 615 353 8⁵47

506 413 636 468 dum
687 407 1000 466 eorumdem
1048 407 1329 464 climatum
1377 406 1688 471 varietates,
1720 406 1965 461 diversos
2012 413 2067 460 et
2095 412 2141 468 Α

508 515 664 560 ortus
694 511 747 559 et
775 517 1007 558 occasus
1036 509 1310 556 astrorum
1339 500 1474 566 ﬁeri,
1518 507 1571 555 et
1602 499 1820 569 quidem
1845 499 1900 552 in
1930 512 2062 567 quo-

507 598 639 651 libet
687 595 970 650 horizonte
1029 593 1248 664 propria
1298 593 1452 662 signa
1499 591 1700 645 habere
1751 588 2067 645 mutationis

507 689 671 742 aeris.
702 686 846 740 Idem
874 686 1020 739 enim
1060 698 1386 755 parapegma
1414 696 1519 736 non
1554 688 1732 752 potest
1765 695 2068 751 congruere

509 779 562 833 in
617 779 749 833 urbe
787 774 982 838 Roma,
1022 782 1077 830 et
1123 776 1177 829 in
1231 774 1426 838 Ponto,
1452 780 1507 828 et
1547 773 1603 827 in
1652 770 1868 835 Rhodo,
1904 779 1958 826 et
2013 773 2068 826 in

508 873 642 926 urbe
670 869 1050 937 Alexandriae;
1084 865 1179 922 sed
1217 882 1441 922 necesse
1476 872 1559 920 est
1601 872 1660 919 ut
1700 864 1928 919 diversa:
1960 863 2070 919 sint

509 962 917 1018 observationes
962 960 1017 1014 in
1053 959 1283 1014 diversis
1312 956 1692 1013 horizontibus
1712 995 1727 1019 ,
1758 963 1814 1010 et
1851 956 1903 1009 in
1935 971 2069 1025 qua-

507 1053 640 1109 libet
667 1054 803 1107 urbe
829 1052 935 1106 alia
978 1056 1265 1108 sumantur
1297 1056 1446 1103 astra
1503 1046 1929 1118 signiﬁcationes
1954 1045 2067 1100 eﬁi-

508 1146 728 1200 cientia.

583 1231 735 1285 Unde
759 1229 1103 1284 manifestum
1136 1227 1380 1298 estquod
1412 1242 1521 1283 non
1545 1227 1867 1281 naturaliter
1892 1233 2067 1282 astro-

506 1336 631 1376 rum
664 1329 817 1376 ortus
860 1329 913 1376 et
942 1335 1173 1375 occasus
1211 1318 1524 1374 aﬁ'ectiones
1578 1320 1720 1373 aeris
1770 1325 2066 1387 generent;

509 1413 604 1468 sed
631 1414 774 1483 quod
805 1413 859 1465 in
889 1412 1131 1482 quolibet
1160 1411 1443 1466 horizonte
1468 1410 1697 1465 diversae
1728 1408 1858 1463 ﬁant
1885 1409 2070 1463 obser-

507 1505 756 1559 vationes
787 1511 840 1557 et
897 1518 1083 1558 aerum
1114 1503 1461 1557 mutationes.
1499 1500 1861 1568 Quamobrem
1894 1516 2068 1570 neque

505 1608 696 1651 omnes
721 1591 1146 1664 signiﬁcationes
1175 1592 1231 1645 in
1255 1592 1468 1645 tabulas
1496 1591 1679 1644 relatae
1702 1604 1915 1658 semper
1935 1603 2067 1642 con-

505 1693 738 1755 gruunt;
776 1685 873 1739 scd
904 1682 1176 1738 interdum
1216 1683 1596 1737 universa-liter
1627 1697 1736 1736 non
1769 1680 1904 1735 ﬁunt
1932 1696 1946 1734 :
1972 1680 2067 1735 sed

504 1777 598 1848 qui
633 1776 900 1831 maximas
927 1782 1284 1847 tempestates
1313 1772 1784 1844 comprehendunt
1811 1781 1967 1828 ortus
2012 1780 2067 1827 et
2099 1755 2140 1810 Β

509 1883 782 1934 occasus,
839 1869 897 1922 hi
962 1868 1201 1923 eﬁiciunt
1260 1867 1581 1922 serenitates
1624 1885 1637 1920 :
1679 1863 1950 1920 interdum
2010 1863 2067 1917 in

511 1962 644 2016 urbe
669 1961 936 2016 serenitas
968 1959 1253 2029 contingit,
1283 1959 1339 2011 in
1368 1957 1515 2029 agris
1545 1955 1737 2011 imber.
1764 1954 1916 2025 Saepe
1944 1960 2068 2025 post

505 2053 624 2108 dies
675 2060 789 2108 tres
835 2059 926 2105 aut
955 2059 1190 2122 quatuor
1248 2049 1446 2118 aliquis
1477 2047 1927 2118 signiﬁcavitper
1975 2059 2067 2099 or-

505 2152 622 2199 tum
675 2152 768 2198 aut
790 2157 1046 2197 occasum
1098 2141 1232 2195 astri
1268 2144 1624 2193 mutationem
1675 2138 1815 2191 aeris
1853 2152 1867 2188 :
1899 2140 2072 2189 inter—

503 2237 635 2290 dum
689 2234 983 2289 antevertit
1042 2231 1497 2303 signiﬁcationem
1560 2229 1754 2285 diebus
1805 2234 2062 2298 quatuor.

506 2329 663 2384 Unde
691 2328 784 2399 qui
819 2327 1077 2382 aberrant
1120 2326 1176 2379 in
1220 2322 1663 2394 praedictionibus
1714 2318 2068 2391 signiﬁcatio-

508 2432 689 2480 num,
743 2415 947 2471 habent
997 2418 1439 2478 excusationem,
1501 2411 1647 2482 quod
1700 2411 2070 2481 anticiparunt

504 2506 982 2580 signiﬁcationem,
1011 2521 1075 2561 eo
1101 2504 1246 2575 quod
1270 2504 1543 2575 posterius
1565 2510 1648 2558 est
1676 2501 1844 2557 facta.

574 2597 653 2654 Ex.
680 2599 881 2669 quibus
924 2598 1180 2652 omnibus
1227 2595 1580 2652 manifestum
1633 2602 1718 2651 est
1762 2597 1907 2665 quod
1950 2611 2070 2667 qua:

504 2692 573 2747 ad
604 2692 1032 2763 signiﬁcationes
1072 2698 1338 2761 Spectant,
1393 2704 1459 2745 ea
1488 2688 1546 2743 in
1578 2689 1782 2744 tabulis
1811 2689 1934 2744 rudi
1963 2689 2068 2743 Mi-

503 2798 667 2839 nerva
693 2783 802 2839 sint
825 2783 1108 2853 inscripta,
1153 2796 1277 2836 cum
1313 2796 1422 2835 non
1455 2788 1573 2834 arte
1612 2780 1879 2860 quadam,
1895 2794 2070 2850 neque

504 2875 834 2931 necessitate
885 2873 997 2928 sint
1016 2872 1215 2926 tradita
1239 2912 1254 2934 ,
1284 2871 1379 2926 sed
1412 2887 1476 2927 ex
1513 2872 1773 2926 continua
1806 2872 2069 2928 observa-

504 2966 655 3020 tione
696 2964 983 3035 inscripta.
1020 2962 1151 3015 Eam
1177 2962 1247 3016 ob
1273 2976 1497 3017 causam
1526 2977 1671 3033 saepe
1703 2962 1819 3017 haec
1850 2964 2064 3019 fallunt.

504 3054 660 3113 Unde
687 3058 950 3128 astrologi
964 3072 1080 3111 non
1112 3057 1574 3120 suntaccusandi,
1615 3056 1661 3112 si
1694 3058 2069 3114 aberraverint
2093 3087 2137 3147 ο

505 3151 561 3204 in
593 3149 1105 3221 signiﬁcationibus.
1139 3148 1195 3203 Si
1222 3163 1351 3203 vero
1379 3149 1609 3219 eclipsin
1633 3149 1937 3220 praedicens
1967 3152 2067 3205 ali-

504 3242 648 3312 quis,
683 3250 779 3296 aut
813 3250 992 3296 ortum
1031 3239 1187 3304 astri,
1216 3241 1579 3305 aberraverit,
1616 3241 1812 3296 merito
1854 3252 1908 3296 et
1950 3250 2067 3297 stu-

501 3333 745 3396 dium,et
772 3331 867 3403 qui
913 3331 1045 3387 illud
1071 3338 1291 3394 tractat,
1325 3338 1675 3386 accusantur.
1700 3330 1893 3386 Omnia
1919 3334 2066 3389 enim
2090 3340 2093 3343 '

500 3439 623 3496 qua
647 3432 764 3481 arte
796 3421 1088 3479 traduntur
1104 3424 1302 3480 debent
1345 3423 1683 3481 infallihilem
1704 3424 1906 3483 habere
1928 3441 2067 3497 prae-

501 3517 816 3580 dictionem,
835 3530 933 3572 seu
960 3513 1503 3572 enttntiationem.At
1528 3529 1593 3571 ea
1638 3531 1761 3587 quae
1792 3516 1860 3571 ad
1896 3517 2068 3591 signi-

503 3604 785 3664 ﬁcationes
811 3615 1084 3679 spectant,
1113 3622 1288 3679 neque
1309 3622 1433 3662 cum
1464 3621 1529 3665 ea
1558 3608 1924 3680 assequimur,
1941 3625 2067 3681 per-

500 3698 704 3755 fectam
732 3699 946 3756 laudem
971 3738 988 3765 ,
1018 3715 1197 3770 neque
1233 3716 1356 3755 cum
1386 3701 1458 3756 ab
1498 3701 1567 3757 iis
1602 3702 1942 3769 aberramus,
1974 3717 2068 3759 ac-

503 3790 845 3848 cusationem
914 3802 1214 3849 merentur.
1263 3792 1584 3863 Astrologia:
1619 3792 1765 3848 enim
1815 3793 1930 3849 haec
1982 3805 2067 3851 est

502 3882 749 3953 quaedam
768 3893 899 3953 pars
920 3897 1116 3954 expers
1140 3884 1277 3938 artis
1292 3921 1309 3947 ,
1339 3891 1394 3939 et
1422 3880 1649 3955 indigna
1680 3896 1802 3954 qua:
1821 3883 2068 3955 profera-

500 3978 596 4033 tur
634 3974 692 4031 in
744 3972 1003 4031 medium.
1036 3975 1182 4031 Idem
1228 3974 1561 4047 opinandum
1606 3983 1696 4033 .est
1729 3974 1847 4031 ﬁeri
1903 3979 2067 4033 etiam

501 4069 650 4125 circa
668 4065 838 4125 Canis
867 4075 1071 4126 ortum.
1102 4066 1304 4125 Omnes
1334 4068 1481 4126 enim
1511 4076 1726 4139 putant,
1754 4069 1899 4125 hanc
1935 4069 2067 4127 stel-

497 4158 609 4213 lam
632 4160 914 4231 propriam
941 4159 1049 4212 vim
1074 4156 1304 4222 habere,
1330 4167 1384 4213 et
1411 4173 1633 4214 causam
1658 4174 1782 4214 esse
1808 4159 2068 4216 intensio-

501 4248 592 4304 nis
620 4256 851 4304 aestuum
873 4287 889 4313 ,
924 4262 1049 4303 cum
1097 4248 1259 4303 simul
1314 4249 1492 4303 oritur
1526 4264 1650 4303 cum
1692 4249 1824 4304 sole.
1860 4249 1930 4302 At
1962 4249 2066 4304 hoc

503 4356 613 4395 non
638 4340 715 4394 ita
738 4355 797 4395 se
841 4338 1037 4395 habet:
1070 4339 1167 4394 sed
1196 4338 1455 4409 quoniam
1481 4338 1636 4409 juxta
1667 4338 2063 4394 calidissimum

502 4440 717 4501 tempus
754 4431 883 4484 anni
916 4429 1032 4483 haec
1060 4428 1217 4484 stella
1255 4438 1437 4484 ortum
1489 4427 1744 4493 faciebat,
1776 4428 1940 4498 hujus
1968 4442 2066 4497 ap-
2099 4445 2145 4504 υ

502 4522 771 4594 paritione
794 4523 937 4577 aeris
967 4522 1022 4575 in
1050 4532 1243 4576 aestum
1273 4521 1626 4575 mutationem
1665 4527 1949 4574 notarunt.
1970 4516 2069 4575 Est

500 4626 684 4672 autem
711 4618 791 4672 sol
814 4630 979 4671 causa
1004 4613 1332 4669 intensionis
1362 4623 1613 4668 aestuum.
1647 4610 1891 4665 Primum
1921 4610 2069 4666 enim

500 4723 629 4762 cum
665 4722 731 4763 ex
780 4708 956 4761 hieme
1000 4706 1175 4760 simus
1207 4702 1498 4775 frigefacti,
1530 4702 1829 4758 secundum
1861 4715 2070 4771 appro-

500 4800 915 4871 pinquationcm
954 4814 1075 4869 quae
1106 4798 1160 4852 ﬁt
1198 4798 1264 4854 ad
1299 4811 1398 4851 nos
1420 4836 1435 4860 ,
1463 4795 1654 4866 incipit
1684 4809 1784 4850 nos
1814 4795 1895 4849 sol
1923 4792 2070 4847 cale-

500 4896 684 4951 facere
716 4893 997 4949 :nondum
1054 4900 1232 4946 tamen
1282 4888 1626 4944 manifestam
1660 4887 1823 4944 elﬁcit
1866 4888 2068 4943 calefa-

504 4986 763 5049 ctionem,
798 4999 922 5039 cum
954 4983 1133 5037 adhuc
1162 4980 1485 5052 frigefactio,
1516 4995 1637 5051 quae
1664 4988 1746 5034 est
1768 4979 1836 5033 ab
1870 4979 2068 5043 hieme,

501 5086 854 5150 permaneat;
898 5092 1024 5132 cum
1054 5090 1183 5130 vero
1234 5073 1293 5128 ﬁt
1346 5073 1725 5135 commoratio,
1769 5080 1823 5129 ct
1856 5087 2070 5143 semper

507 5170 680 5240 magis
696 5166 804 5241 35.
815 5166 1097 5238 magisque
1124 5166 1522 5236 appropinquat
1547 5164 1649 5231 sol,
1669 5163 1935 5235 contingit
1955 5163 2068 5218 ﬁeri

505 5275 731 5317 sensum
756 5257 1163 5331 calefactionis;
1197 5256 1395 5312 deinde
1415 5257 1684 5327 contingit
1709 5257 1792 5313 his
1819 5257 1886 5310 ad
1920 5272 2070 5311 eam-

505 5350 631 5406 dem
660 5349 1048 5404 habitationem
1078 5349 1338 5403 continuo
1360 5348 1529 5404 solem
1554 5347 1830 5403 accedere.
1858 5346 2071 5403 Etenim

506 5443 561 5497 in
586 5457 878 5512 progressu
912 5440 979 5494 ad
1012 5440 1259 5495 aestivum
1287 5441 1564 5510 tropicum
1600 5438 1891 5498 circulum,
1927 5450 1981 5494 et
2016 5440 2071 5493 iu

508 5549 755 5599 recessu,
784 5549 882 5604 per
912 5532 1130 5589 easdem
1160 5533 1522 5588 habitationes
1553 5532 1747 5586 transit
1777 5533 1877 5586 sol.
1909 5530 2068 5587 Unde

508 5625 688 5678 evenit
734 5631 953 5694 propter
994 5638 1216 5679 causam
1263 5624 1403 5678 hanc
1454 5622 1792 5679 intensiones
1836 5633 2069 5679 aestuum

401 5734 404 5743 ν
507 5713 645 5769 ﬁeri.
677 5712 941 5768 Praeterea
978 5729 1238 5772 accessus
1279 5715 1348 5770 ad
1384 5716 1632 5771 aestivum
1676 5716 1949 5785 tropicum
2012 5723 2066 5771 et

1481 286 1574 342 AD
1608 284 1876 343 EUSEBH
1910 281 2307 341 CHBONICON
2349 281 2708 339 APPE-NDIX.

3609 290 3698 348 8|8

2166 404 2302 458 ἁλλά
2342 403 2480 457 κατά
2537 403 2637 466 τὰς
2687 402 2792 455 τῶν
2848 401 3027 456 αὐτῶν
3060 400 3336 474 κλιμάτων
3378 404 3697 477 παραλλαγὰς

2167 496 2454 566 διαφόρους
2508 496 2603 548 καὶ
2655 493 2752 557 τὰς
2802 492 3053 556 ἐπιτολὰς
3102 495 3198 547 καί
3242 492 3343 557 τὰς
3396 494 3564 559 δύσεις
3608 498 3698 551 τῶν

2167 587 2378 658 ἄστρων
2407 586 2669 654 γίνεσθαι.
2702 586 2812 638 Καὶ
2838 584 2900 655 δὴ
2929 583 3050 637 καθ’
3087 583 3319 637 ἕκαστον
3351 585 3585 657 ὁρίζοντα
3610 587 3697 642 ἴδια

2170 680 2367 750 σημεῖα
2414 678 2556 747 ἐχειν
2583 677 2680 747 τῆς
2710 676 2835 746 περὶ
2868 676 2958 728 τὸν
2985 675 3121 745 ἀέρα
3161 665 3483 746 μεταϐολῆς.
3521 678 3586 730 Τὸ
3610 679 3697 749 γὰρ

2167 768 2297 822 αὐτὸ
2330 768 2671 840 παράπηγμα
2689 767 2747 820 οὑ
2768 766 2985 821 δύναται
3036 770 3345 836 συμφωνεῖν
3367 768 3421 818 ἐν
3445 770 3506 838 τῇ
3538 768 3696 843 Ῥώμῃ

2168 863 2261 915 καὶ
2278 865 2334 914 ὲν
2352 860 2428 931 τῷ
2459 861 2664 930 Πόντῳ,
2694 861 2787 913 καὶ
2819 861 2874 912 ἐν
2909 858 3090 929 Ῥόδῳ,
3117 859 3207 911 καὶ
3237 859 3296 911 ἐν
3330 859 3685 932 Ἀλεξανδρείᾳ·

2167 952 2302 1007 ἀλλὰ
2348 953 2558 1020 ἀνάγκη
2605 951 2892 1021 διαφόρους
2931 950 3030 1012 τὰς
3058 947 3623 1031 παρμτηρήσειςεῖναι
3649 956 3693 1007 ἐν

2166 1043 2437 1114 διαφόροις
2485 1042 2743 1112 ὁρίζουσι,
2783 1042 2877 1095 καὶ
2915 1040 3034 1095 καθ’
3072 1041 3314 1112 ἑκάστην
3371 1043 3517 1094 πόλιν
3559 1044 3691 1115 ’ἑτερο

2166 1135 2533 1206 λαμϐάνεσθαι
2563 1134 2737 1205 ἄστρα
2768 1133 3132 1204 ἐπισημασίας
3160 1132 3527 1188 ἐπιτελοῦντα.

2251 1225 2340 1291 Ἐξ
2370 1220 2429 1280 οῦ
2461 1226 2712 1296 φανερὸν,
2743 1226 2823 1278 ὅτι
2859 1225 2919 1277 οὐ
2972 1224 3213 1293 φυσικῶς
3258 1227 3316 1275 αἱ
3356 1224 3461 1277 τῶν
3512 1225 3691 1297 ἄστρων

2167 1315 2408 1372 ἐπιτολαὶ
2444 1317 2536 1370 καὶ
2572 1317 2750 1379 δύσεις
2772 1316 2842 1369 τὰ
2866 1316 2992 1386 περὶ
3028 1317 3117 1368 τὸν
3149 1315 3293 1386 ἀέρα
3334 1315 3477 1386 πάθη
3498 1316 3679 1386 ἀπογενο

2168 1411 2347 1466 νῶσιν·
2382 1408 2515 1463 ἀλλά
2541 1408 2660 1461 καθ’
2682 1408 2908 1461 ἕκαστον
2940 1406 3185 1478 ὁρίζοντα
3212 1406 3457 1477 διάφοροι
3487 1425 3685 1479 παρατη.

2173 1503 2356 1573 ρήσεις
2382 1500 2653 1569 γεγόνασι,
2676 1499 2769 1552 καλ⁵
2816 1498 2923 1551 τῶν
2957 1498 3133 1569 ἀέρων
3180 1497 3492 1567 μεταϐολαί.
3529 1499 3687 1571 Διόπερ

2167 1592 2286 1645 οὐδὲ
2322 1593 2488 1644 πᾶσαι
2518 1588 2897 1659 ἐπισημασίαι,
2915 1589 2973 1641 ἐν
3004 1591 3115 1651 τοῖς
3140 1588 3565 1658 παραπήγμισιν
3591 1590 3673 1656 ἀγό

2172 1701 2347 1755 μεναι,
2376 1681 2462 1736 ἀεὶ
2505 1680 2905 1751 συμφωνοῦσιν*
2950 1680 3062 1733 ἀλλ’
3094 1679 3211 1732 ἐστι
3246 1679 3346 1750 μέν
3389 1680 3475 1731 ὅτε
3501 1679 3689 1733 καθόλου

2167 1777 2228 1829 ού
2263 1774 2519 1844 γίνονται,
2552 1771 2687 1825 ἀλλὰ
2723 1771 2849 1835 τοὺς
2895 1770 3184 1841 μεγίστους
3228 1770 3566 1840 περιέχουσαι
3598 1788 3687 1840 χει-

2171 1866 2355 1938 μῶνας
2386 1863 2628 1918 ἐπιτολα¹ι
2654 1863 2747 1915 καὶ⁵
2769 1862 2968 1926 δύσεις,
2995 1861 3172 1925 εὐδίας
3206 1861 3576 1916 ἀποτελοῦσιν’
3598 1863 3688 1917 ἐστι

2167 1959 2211 2013 δ’
2236 1960 2324 2012 ὅτε
2360 1957 2501 2012 κατά
2533 1956 2630 2028 μὲν
2670 1955 2766 2028 τὴν
2796 1955 2948 2009 πόλιν
2976 1955 3127 2007 εὐδία
3159 1955 3397 2023 ἐγένετο,
3425 1957 3511 2008 ἐπὶ
3541 1953 3686 2026 χώρας

2165 2053 2223 2105 δὲ
2270 2051 2503 2126 ὄμϐρος·
2561 2049 2817 2112 πολλάκις
2853 2049 2910 2103 δέ
2962 2066 3045 2111 τις
3093 2046 3212 2118 μεθ’
3244 2047 3455 2118 ἡμέρας
3496 2050 3621 2117 τρεῖς
3658 2048 3685 2117 ἦ

2170 2145 2441 2216 τέσσαρας
2500 2142 2812 2215 ἐπεσήμηνε
2861 2145 2927 2213 τῇ
2969 2140 3189 2212 ἐπιτολῇ
3235 2140 3268 2211 ἢ
3313 2142 3378 2209 τῇ
3427 2139 3561 2191 δύσει
3612 2139 3684 2191 τοῦ

2170 2233 2372 2305 ἄστρου
2393 2250 2407 2264 ·
2436 2233 2551 2287 ἐστι
2586 2232 2642 2286 δὲ
2675 2234 2763 2286 ὅτε
2807 2231 3074 2304 προέλαϐε
3101 2232 3199 2301 τὴν
3237 2229 3584 2298 ἐπισημασίαν
3605 2228 3686 2298 πρὸ

2169 2324 2386 2396 ἡμερῶν
2433 2325 2728 2396 τεσσάρων.
2764 2323 2924 2378 Ὅθεν
2958 2323 3051 2378 καὶ
3082 2324 3131 2377 οἱ
3164 2322 3604 2392 ἀποτυγχάνοντες
3635 2322 3682 2373 ὲν

2167 2419 2283 2480 ταῖς
2305 2416 2641 2488 προρρήσεσι
2654 2415 2763 2469 τῶν
2785 2414 3164 2487 ἐπισημασιῶν
3184 2414 3398 2485 ἔχουσιν
3418 2412 3681 2480 ἀπολογίαν,

2169 2508 2250 2561 ὅτι
2273 2507 2569 2578 προέλαϐον
2606 2507 2705 2579 τὴν
2734 2506 3123 2577 ἐπισημασίαν,
3145 2506 3231 2558 ὃτι
3261 2504 3458 2574 ὑστέρα
3492 2502 3680 2570 ἐγένετο.

2249 2598 2338 2663 Ἐξ
2366 2592 2439 2654 ὧν
2469 2600 2684 2654 πάντων
2724 2599 2974 2670 φανερὸν,
3008 2599 3092 2652 ὅτι
3125 2597 3195 2650 τά
3234 2596 3376 2652 κατὰ
3404 2597 3497 2658 τὰς
3530 2597 3683 2663 ἐπιση-

2172 2691 2370 2762 μασίας
2391 2693 2447 2744 ἐν
2469 2693 2581 2755 τοῖς
2614 2692 3049 2761 παραπήγμασιν
3073 2691 3508 2762 ὁλοσχερέστερον
3531 2688 3682 2754 ἀναγέ-

2168 2794 2431 2850 γραπται,
2458 2780 2517 2831 οὐ
2568 2778 2732 2852 τέχνῃ
2776 2780 2882 2832 τινὶ
2909 2778 3029 2832 οὐδὲ
3069 2779 3287 2853 ἀνάγκῃ
3325 2776 3678 2848 μεθοδευόμενα,

2168 2872 2280 2925 ἀλλ’
2311 2873 2376 2924 ἐκ
2394 2872 2493 2943 τῆς
2513 2870 2764 2942 συνεχοῦς
2795 2873 3229 2941 παρατηρήσεως
3256 2866 3678 2941 ἀναγεγραμμένα.

2169 2964 2260 3017 Διὸ
2305 2963 2561 3025 πολλάκις
2596 2962 2956 3033 διαψεύδεται.
2992 2962 3151 3015 Ὅθεν
3185 2962 3309 3015 ούδέ
3340 2957 3681 3031 κατηγορητέον

2169 3054 2286 3107 ἐστὶ
2306 3053 2412 3106 τῶν
2434 3051 2794 3125 ἀστρολόγων,
2812 3052 2904 3107 ἐὰν
2933 3053 3378 3123 ἀποτυγχάνωσιν
3400 3054 3453 3105 ἐν
3468 3053 3571 3112 ταῖς
3589 3050 3680 3100 ἐπι-

2173 3145 2485 3217 σημασίαις.
2533 3144 2667 3200 Ἐάν
2708 3144 2752 3198 δ’
2794 3143 3032 3214 ἔκλειψιν
3064 3143 3342 3216 προειπών
3381 3141 3512 3211 τιςῆ
3540 3142 3680 3193 ἐπιτο-

2170 3238 2267 3309 λὴν
2314 3236 2514 3309 ἄστρου
2559 3237 2851 3310 διαμάρτῃ,
2903 3236 3136 3306 εὐλόγως
3175 3237 3275 3290 καὶ
3304 3236 3364 3289 τὸ
3398 3233 3677 3304 ἐπιτήδευμα

2172 3330 2265 3383 καὶ
2321 3331 2349 3382 ὁ
2405 3327 2905 3401 μεταχειριζόμενος
2965 3329 3299 3401 κατηγορίας
3352 3326 3676 3397 ἀξιωθήσεται.

2171 3420 2354 3475 Πάντα
2405 3420 2515 3493 γὰρ
2553 3420 2716 3494 τέχνῃ
2749 3421 3140 3492 μεθοδευόμενα
3160 3421 3547 3493 ἀδιαμάρτητον
3567 3415 3676 3485 ἐχειν

2171 3512 2373 3580 ὀφείλει
2405 3512 2502 3585 τὴν
2526 3514 2817 3583 ἀπόφασιν.
2847 3514 2929 3566 Τά
2972 3514 3029 3567 δὲ
3076 3513 3206 3584 περὶ
3246 3512 3342 3577 τὰς
3371 3507 3675 3581 ἐπισημασίας

2171 3600 2280 3655 οὔτ’
2307 3603 2774 3674 ἐπιτυγχανόμενα
2800 3604 3061 3676 ὁλοσχερῆ
3092 3605 3184 3658 τὸν
3215 3604 3427 3660 ἔπαινον
3454 3600 3567 3671 ἔχει,
3588 3596 3674 3651 οὔτ’

2171 3692 2654 3763 ἀποτυγχανόμενα
2683 3693 3036 3763 κατηγορίαν.
3069 3693 3328 3765 ’Δτεχνον
3350 3691 3450 3762 γάρ
3470 3707 3516 3743 τι
3546 3687 3675 3759 μέρος

2171 3783 2289 3837 ἐστὶ
2314 3781 2470 3836 τοῦτῦ
2497 3781 2596 3853 τῆς
2627 3782 3000 3853 ἀστρολογίας,
3020 3785 3115 3838 καὶ
3133 3785 3236 3838 οὐκ
3268 3782 3409 3848 ἀξιον
3429 3777 3671 3853 προφορᾶς.

2172 3877 2246 3932 Τὸ
2271 3878 2328 3932 δέ
2355 3876 2483 3931 αὐτὸ
2520 3875 2853 3948 ὑποληπτέον
2875 3876 2970 3930 καὶ
2996 3877 3124 3948 περὶ
3154 3879 3254 3948 τὴν
3283 3876 3448 3939 Κυνὸς
3474 3870 3672 3939 ἐπιτολὴν

2172 3967 2433 4040 γίνεσθαι.
2456 3968 2664 4031 Πάντες
2687 3967 2795 4041 γὰρ
2826 3967 3299 4040 ὑπολαμϐάνουσιν
3335 3969 3460 4023 ίδίαν
3491 3965 3669 4032 δύναμιν

2171 4059 2314 4131 ἔχειν
2361 4059 2450 4115 τὸν
2490 4059 2714 4132 ἀστέρα,
2751 4060 2845 4114 καὶ
2873 4060 3158 4133 παραίτιον
3197 4060 3434 4132 γίνεσθαι
3471 4056 3556 4126 τῆς
3588 4051 3670 4106 τῶν

2170 4151 2462 4223 καυμάτων
2513 4153 2810 4216 ἐπιτάσεως
2847 4153 2962 4223 ἅμα
2994 4153 3428 4207 συνεπιτέλλοντα
3448 4146 3518 4219 τῷ
3547 4145 3667 4217 ἡλίῳ·

2172 4243 2343 4298 Τοῦτο
2383 4243 2427 4296 δ’
2471 4244 2570 4298 ούκ
2598 4243 2743 4297 ἐστιν
2768 4243 2939 4308 οὕτως
2978 4243 3098 4316 ἔχον
3118 4262 3130 4276 ·
3160 4245 3296 4299 άλλά
3325 4244 3438 4297 ἐπεὶ
3466 4237 3582 4294 κατὰ
3602 4234 3668 4287 τὸν

2171 4332 2612 4405 πυροειδέστατον
2657 4334 2846 4405 καιρὸν
2889 4333 2982 4386 τοῦ
3035 4334 3279 4389 ἐνιαυτοῦ
3305 4328 3443 4395 οὗτος
3475 4330 3500 4381 ὁ
3534 4322 3668 4391 ἀστὴρ

2172 4421 2443 4486 ἐπέτελλε,
2468 4425 2533 4493 τῇ
2553 4420 2741 4476 τούτου
2771 4421 2930 4490 φάσει
2960 4421 3361 4493 ἐσημειώσαντο
3383 4418 3471 4490 τὴν
3497 4414 3607 4485 πρὸς
3623 4408 3668 4462 τὸ

2170 4518 2359 4589 καῦμα
2387 4518 2684 4589 μεταϐολὴν
2732 4516 2824 4571 τοῦ
2872 4517 3049 4589 ἀέρος.
3082 4518 3236 4570 Ἔστι
3266 4518 3319 4572 δὲ
3345 4518 3371 4569 ὁ
3402 4513 3532 4584 ἥλιος
3557 4520 3663 4574 παρ’

2169 4611 2337 4674 αίτιος
2372 4613 2470 4681 τῆς
2513 4611 2811 4674 ἐπιτάσεως
2860 4611 2969 4665 τῶν
3008 4611 3321 4682 καυμάτων.
3357 4605 3550 4679 Πρῶτον
3586 4596 3665 4669 μὲν

2169 4702 2297 4775 γάρ,
2324 4705 2390 4757 ἐκ
2413 4701 2506 4755 τοῦ
2529 4702 2793 4774 χειμῶνος
2819 4702 3243 4773 κατεψυγμένων
3274 4699 3437 4774 ἡμῶν,
3462 4691 3578 4749 κατὰ
3593 4687 3662 4740 τὸν

2171 4794 2531 4867 συνεγγισμὸν
2577 4794 2666 4848 τὸν
2708 4794 2843 4865 πρὸς
2885 4795 3034 4865 ἡμᾶς
3082 4794 3305 4866 ἄρχεται
3334 4792 3464 4863 ἡμᾶς
3488 4778 3662 4855 θερμαί·

2169 4905 2311 4942 νεινο
2348 4885 2501 4940 οὔπω
2544 4885 2600 4939 δέ
2639 4885 2858 4958 ἔκδηλον
2891 4882 3156 4957 ποιεῖτὴν
3181 4884 3481 4958 θερμασίαν,
3502 4869 3660 4939 ἐτιτῆς

2169 4977 2517 5049 καταψύξεως
2555 4976 2664 5031 ἀπὸ
2697 4977 2790 5030 τοῦ
2822 4977 3085 5049 χειμῶνος
3125 4975 3485 5048 διαμενούσης·
3515 4968 3659 5032 ἐπιμο-

2169 5071 2265 5141 νῆς
2292 5070 2349 5124 δέ
2379 5070 2688 5141 γινομένης,
2722 5068 2816 5122 καὶ
2851 5067 3050 5139 μᾶλλον
3082 5068 3168 5121 ἀεὶ
3193 5069 3284 5121 καὶ
3311 5063 3487 5138 μᾶλλον
3515 5064 3656 5117 συνεγ·

2169 5161 2410 5230 γίζοντος
2451 5160 2542 5214 τοῦ
2574 5160 2743 5231 ἡλίου,
2787 5160 3108 5233 ἐπαίσθησιν
3150 5158 3418 5230 συμϐαίνει
3453 5151 3534 5220 τῆς
3560 5143 3654 5233 θεε·

2173 5257 2372 5325 μασίας
2401 5252 2663 5321 γίνεσθαι·
2684 5252 2871 5305 ἔπειτα
2906 5269 2966 5304 συ
2975 5231 3190 5323 μὸαίνει
3219 5251 3297 5313 δὶς
3316 5248 3400 5301 ἐπὶ
3426 5241 3509 5311 τὴν
3528 5231 3654 5325 uirili"

2170 5317 2378 5414 οἴκησιν
2413 5317 2553 5398 κατά
2596 5344 2657 5397 τὸ
2699 5345 2915 5414 συνεχὲς
2965 5317 3270 5397 ἐπιϐάλλειν
3304 5339 3385 5393 τὸν
3413 5332 3552 5404 ἥλιον.
3573 5317 3654 5375 Καὶ

2170 5438 2426 5509 γάρὲντῇ
2446 5436 2662 5507 παρόδῳ
2677 5439 2742 5509 τῇ
2762 5413 2894 5507 πρδς
2911 5437 2998 5489 τὸν
3020 5435 3226 5507 θερινὸν
3246 5426 3475 5505 τροπικὸν
3487 5413 3650 5509 κᾉύκλοντ

2171 5495 2262 5580 καί
2282 5527 2339 5580 ἐν
2444 5495 2789 5598 ἀποχωρήσει
2805 5495 2920 5588 ’τὰς
2942 5495 3111 5587 αὐτὰς
3135 5495 3363 5593 οἰκήσεις
3386 5495 3654 5602 παροδεύετζὁ

2168 5620 2336 5691 ἥλιος.
2372 5619 2532 5673 Ὅθεν
2581 5619 2863 5692 συμϐαίνει
2908 5618 2994 5672 διὰ
3050 5616 3149 5686 τὴν
3199 5615 3365 5669 αἰτίαν
3387 5604 3555 5692 ταύτην
3578 5602 3652 5692 τξις

2172 5679 2450 5778 έπιτᾶσεις
2489 5712 2599 5768 τῶν
2649 5679 2942 5784 καυμάτων
2974 5679 3236 5780 γίνεσθαι.
3273 5708 3382 5762 Ἔτι
3404 5699 3453 5755 δὲ
3480 5689 3553 5749 καὶ
3576 5679 3650 5741 τὰς
