  <div class='ocr_page' id='page_1' title='image "/cluster/home/n/w/nwhite01/storage/ocr_20150623/19/mdp.39015061293422/432.png"; bbox 0 0 3886 6268; ppageno 0'>
   <div class='ocr_carea' id='block_1_1' title="bbox 188 369 3468 436">
    <p class='ocr_par' dir='ltr' id='par_1_1' title="bbox 188 369 3468 436">
     <span class='ocr_line' id='line_1_1' title="bbox 188 369 3468 436; baseline -0.002 -3"><span class='ocrx_word' id='word_1_1' title='bbox 188 375 344 436; x_wconf 68' lang='grc'><strong>849</strong></span> <span class='ocrx_word' id='word_1_2' title='bbox 1261 375 1498 434; x_wconf 84' lang='lat' dir='ltr'><strong>GEMINI</strong></span> <span class='ocrx_word' id='word_1_3' title='bbox 1532 375 1898 432; x_wconf 69' lang='lat' dir='ltr'><strong>ELEMENTA</strong></span> <span class='ocrx_word' id='word_1_4' title='bbox 1936 372 2422 432; x_wconf 67' lang='lat' dir='ltr'><strong>ASTRONOMIE.</strong></span> <span class='ocrx_word' id='word_1_5' title='bbox 3365 369 3468 428; x_wconf 77' lang='lat'><strong>850</strong></span> 
     </span>
    </p>
   </div>
   <div class='ocr_carea' id='block_1_2' title="bbox 195 482 1815 565">
    <p class='ocr_par' dir='ltr' id='par_1_2' title="bbox 195 487 1814 565">
     <span class='ocr_line' id='line_1_2' title="bbox 195 487 1814 565; baseline 0.001 -23"><span class='ocrx_word' id='word_1_6' title='bbox 195 489 528 564; x_wconf 79' lang='grc' dir='ltr'><strong>προσόδους</strong></span> <span class='ocrx_word' id='word_1_7' title='bbox 572 489 672 565; x_wconf 81' lang='grc' dir='ltr'>τὰς</span> <span class='ocrx_word' id='word_1_8' title='bbox 711 489 844 561; x_wconf 85' lang='grc' dir='ltr'>πρὸς</span> <span class='ocrx_word' id='word_1_9' title='bbox 887 487 979 543; x_wconf 82' lang='grc' dir='ltr'><strong>τὸν</strong></span> <span class='ocrx_word' id='word_1_10' title='bbox 1026 487 1235 561; x_wconf 81' lang='grc' dir='ltr'>θερινὸν</span> <span class='ocrx_word' id='word_1_11' title='bbox 1287 490 1542 562; x_wconf 83' lang='grc' dir='ltr'>τροπικὸν</span> <span class='ocrx_word' id='word_1_12' title='bbox 1584 491 1678 543; x_wconf 80' lang='grc' dir='ltr'>καὶ</span> <span class='ocrx_word' id='word_1_13' title='bbox 1716 488 1814 551; x_wconf 83' lang='grc' dir='ltr'>τὰς</span> 
     </span>
    </p>
   </div>
   <div class='ocr_carea' id='block_1_3' title="bbox 1925 482 3473 565">
    <p class='ocr_par' dir='ltr' id='par_1_3' title="bbox 1925 482 3473 555">
     <span class='ocr_line' id='line_1_3' title="bbox 1925 482 3473 555; baseline -0.002 -13"><span class='ocrx_word' id='word_1_14' title='bbox 1925 503 2179 544; x_wconf 88' lang='lat' dir='ltr'><strong>recessus</strong></span> <span class='ocrx_word' id='word_1_15' title='bbox 2228 501 2448 541; x_wconf 82' lang='lat' dir='ltr'><strong>omnino</strong></span> <span class='ocrx_word' id='word_1_16' title='bbox 2488 494 2542 539; x_wconf 90' lang='lat' dir='ltr'><strong>et</strong></span> <span class='ocrx_word' id='word_1_17' title='bbox 2593 484 2807 555; x_wconf 82' lang='lat' dir='ltr'><strong>parvos‘</strong></span> <span class='ocrx_word' id='word_1_18' title='bbox 2855 489 2910 538; x_wconf 87' lang='lat' dir='ltr'><strong>et</strong></span> <span class='ocrx_word' id='word_1_19' title='bbox 2954 482 3297 539; x_wconf 67' lang='lat' dir='ltr'><strong>insensibiles</strong></span> <span class='ocrx_word' id='word_1_20' title='bbox 3349 498 3473 539; x_wconf 75' lang='lat' dir='ltr'><strong>esse</strong></span> 
     </span>
    </p>
   </div>
   <div class='ocr_carea' id='block_1_4' title="bbox 195 572 1815 653">
    <p class='ocr_par' dir='ltr' id='par_1_4' title="bbox 195 580 1806 653">
     <span class='ocr_line' id='line_1_4' title="bbox 195 580 1806 653; baseline -0.002 -17"><span class='ocrx_word' id='word_1_21' title='bbox 195 582 616 653; x_wconf 79' lang='grc' dir='ltr'><strong>ἀποχωρήσεις</strong></span> <span class='ocrx_word' id='word_1_22' title='bbox 649 582 849 653; x_wconf 87' lang='grc' dir='ltr'>μικράς</span> <span class='ocrx_word' id='word_1_23' title='bbox 880 598 941 635; x_wconf 87' lang='grc' dir='ltr'><strong>τε</strong></span> <span class='ocrx_word' id='word_1_24' title='bbox 966 580 1241 646; x_wconf 82' lang='grc' dir='ltr'><strong>παντελῶς</strong></span> <span class='ocrx_word' id='word_1_25' title='bbox 1264 583 1359 636; x_wconf 74' lang='grc' dir='ltr'><strong>καὶ</strong></span> <span class='ocrx_word' id='word_1_26' title='bbox 1381 580 1806 653; x_wconf 83' lang='grc' dir='ltr'><strong>ἀνεπαισθήτους</strong></span> 
     </span>
    </p>
   </div>
   <div class='ocr_carea' id='block_1_5' title="bbox 1925 572 3473 653">
    <p class='ocr_par' dir='ltr' id='par_1_5' title="bbox 1930 572 3473 649">
     <span class='ocr_line' id='line_1_5' title="bbox 1930 572 3473 649; baseline -0.006 -14"><span class='ocrx_word' id='word_1_27' title='bbox 1930 579 2211 649; x_wconf 79' lang='lat' dir='ltr'><strong>contingit.</strong></span> <span class='ocrx_word' id='word_1_28' title='bbox 2267 575 2401 631; x_wconf 82' lang='lat' dir='ltr'><strong>Fere</strong></span> <span class='ocrx_word' id='word_1_29' title='bbox 2428 577 2571 630; x_wconf 91' lang='lat' dir='ltr'><strong>enim</strong></span> <span class='ocrx_word' id='word_1_30' title='bbox 2606 575 2671 629; x_wconf 91' lang='lat' dir='ltr'><strong>ad</strong></span> <span class='ocrx_word' id='word_1_31' title='bbox 2701 573 2818 629; x_wconf 90' lang='lat' dir='ltr'><strong>dies</strong></span> <span class='ocrx_word' id='word_1_32' title='bbox 2845 573 2915 627; x_wconf 66' lang='lat'><strong>40</strong></span> <span class='ocrx_word' id='word_1_33' title='bbox 2945 573 3000 627; x_wconf 87' lang='lat' dir='ltr'><strong>in</strong></span> <span class='ocrx_word' id='word_1_34' title='bbox 3043 574 3230 628; x_wconf 82' lang='lat' dir='ltr'><strong>aestivo</strong></span> <span class='ocrx_word' id='word_1_35' title='bbox 3260 572 3473 641; x_wconf 82' lang='lat' dir='ltr'><strong>tropico</strong></span> 
     </span>
    </p>
   </div>
   <div class='ocr_carea' id='block_1_6' title="bbox 198 664 1815 754">
    <p class='ocr_par' dir='ltr' id='par_1_6' title="bbox 198 666 1806 754">
     <span class='ocr_line' id='line_1_6' title="bbox 198 666 1806 754; baseline 0.001 -29"><span class='ocrx_word' id='word_1_36' title='bbox 198 666 375 727; x_wconf 76' lang='grc' dir='ltr'>εἶναι</span> <span class='ocrx_word' id='word_1_37' title='bbox 402 672 717 754; x_wconf 79' lang='grc' dir='ltr'>συμϐέϐηκε</span> <span class='ocrx_word' id='word_1_38' title='bbox 737 690 750 702; x_wconf 91' lang='grc'><strong>·</strong></span> <span class='ocrx_word' id='word_1_39' title='bbox 793 673 976 744; x_wconf 83' lang='grc' dir='ltr'>σχεδὸν</span> <span class='ocrx_word' id='word_1_40' title='bbox 1003 674 1112 745; x_wconf 82' lang='grc' dir='ltr'><strong>γάρ</strong></span> <span class='ocrx_word' id='word_1_41' title='bbox 1146 675 1231 742; x_wconf 77' lang='grc' dir='ltr'>ἐφ’</span> <span class='ocrx_word' id='word_1_42' title='bbox 1262 674 1472 745; x_wconf 82' lang='grc' dir='ltr'>ἡμέρας</span> <span class='ocrx_word' id='word_1_43' title='bbox 1515 681 1566 743; x_wconf 87' lang='grc' dir='ltr'>μ’</span> <span class='ocrx_word' id='word_1_44' title='bbox 1596 674 1688 727; x_wconf 76' lang='grc' dir='ltr'>ἐπὶ</span> <span class='ocrx_word' id='word_1_45' title='bbox 1714 673 1806 727; x_wconf 78' lang='grc' dir='ltr'>τοῦ</span> 
     </span>
    </p>
   </div>
   <div class='ocr_carea' id='block_1_7' title="bbox 1925 664 3475 754">
    <p class='ocr_par' dir='ltr' id='par_1_7' title="bbox 1925 664 3475 736">
     <span class='ocr_line' id='line_1_7' title="bbox 1925 664 3475 736; baseline -0.006 -9"><span class='ocrx_word' id='word_1_46' title='bbox 1925 673 2133 727; x_wconf 84' lang='lat' dir='ltr'><strong>circulo</strong></span> <span class='ocrx_word' id='word_1_47' title='bbox 2160 686 2367 727; x_wconf 88' lang='lat' dir='ltr'><strong>moram</strong></span> <span class='ocrx_word' id='word_1_48' title='bbox 2400 669 2547 725; x_wconf 76' lang='lat' dir='ltr'><strong>facit.</strong></span> <span class='ocrx_word' id='word_1_49' title='bbox 2567 666 2720 723; x_wconf 85' lang='lat' dir='ltr'><strong>Unde</strong></span> <span class='ocrx_word' id='word_1_50' title='bbox 2748 675 2802 720; x_wconf 91' lang='lat' dir='ltr'><strong>et</strong></span> <span class='ocrx_word' id='word_1_51' title='bbox 2824 665 3225 736; x_wconf 77' lang='lat' dir='ltr'><strong>magnitudines</strong></span> <span class='ocrx_word' id='word_1_52' title='bbox 3263 664 3475 718; x_wconf 86' lang='lat' dir='ltr'><strong>dierum</strong></span> 
     </span>
    </p>
   </div>
   <div class='ocr_carea' id='block_1_8' title="bbox 200 754 1815 834">
    <p class='ocr_par' dir='ltr' id='par_1_8' title="bbox 200 760 1809 834">
     <span class='ocr_line' id='line_1_8' title="bbox 200 760 1809 834; baseline 0.004 -23"><span class='ocrx_word' id='word_1_53' title='bbox 200 760 279 813; x_wconf 75' lang='grc' dir='ltr'>ϐε</span> <span class='ocrx_word' id='word_1_54' title='bbox 292 761 450 834; x_wconf 81' lang='grc' dir='ltr'><strong>ρινοῦ</strong></span> <span class='ocrx_word' id='word_1_55' title='bbox 466 761 727 832; x_wconf 84' lang='grc' dir='ltr'>τροπικοῦ</span> <span class='ocrx_word' id='word_1_56' title='bbox 745 761 945 815; x_wconf 78' lang='grc' dir='ltr'><strong>κύκλου</strong></span> <span class='ocrx_word' id='word_1_57' title='bbox 966 762 1063 834; x_wconf 85' lang='grc' dir='ltr'>τὴν</span> <span class='ocrx_word' id='word_1_58' title='bbox 1091 763 1357 833; x_wconf 80' lang='grc' dir='ltr'>ἐπιμονὴν</span> <span class='ocrx_word' id='word_1_59' title='bbox 1379 765 1632 818; x_wconf 84' lang='grc' dir='ltr'>ποιεῖται.</span> <span class='ocrx_word' id='word_1_60' title='bbox 1651 763 1809 817; x_wconf 86' lang='grc' dir='ltr'><strong>Ὅθεν</strong></span> 
     </span>
    </p>
   </div>
   <div class='ocr_carea' id='block_1_9' title="bbox 1925 754 3472 834">
    <p class='ocr_par' dir='ltr' id='par_1_9' title="bbox 1925 754 3472 821">
     <span class='ocr_line' id='line_1_9' title="bbox 1925 754 3472 821; baseline -0.01 0"><span class='ocrx_word' id='word_1_61' title='bbox 1925 766 2060 821; x_wconf 81' lang='lat' dir='ltr'><strong>circa</strong></span> <span class='ocrx_word' id='word_1_62' title='bbox 2079 764 2313 821; x_wconf 84' lang='lat' dir='ltr'><strong>solstitia</strong></span> <span class='ocrx_word' id='word_1_63' title='bbox 2342 761 2658 819; x_wconf 83' lang='lat' dir='ltr'><strong>insensibile</strong></span> <span class='ocrx_word' id='word_1_64' title='bbox 2682 760 2880 814; x_wconf 90' lang='lat' dir='ltr'><strong>habent</strong></span> <span class='ocrx_word' id='word_1_65' title='bbox 2906 758 3317 813; x_wconf 75' lang='lat' dir='ltr'><strong>incrementum.</strong></span> <span class='ocrx_word' id='word_1_66' title='bbox 3335 754 3472 808; x_wconf 88' lang='lat' dir='ltr'><strong>Cum</strong></span> 
     </span>
    </p>
   </div>
   <div class='ocr_carea' id='block_1_10' title="bbox 202 845 1815 927">
    <p class='ocr_par' dir='ltr' id='par_1_10' title="bbox 202 853 1810 927">
     <span class='ocr_line' id='line_1_10' title="bbox 202 853 1810 927; baseline 0.002 -22"><span class='ocrx_word' id='word_1_67' title='bbox 202 854 329 905; x_wconf 69' lang='grc' dir='ltr'><strong>καὶ</strong></span> <span class='ocrx_word' id='word_1_68' title='bbox 380 854 449 908; x_wconf 80' lang='grc' dir='ltr'>τὰ</span> <span class='ocrx_word' id='word_1_69' title='bbox 496 853 699 925; x_wconf 80' lang='grc' dir='ltr'><strong>μεγέθη</strong></span> <span class='ocrx_word' id='word_1_70' title='bbox 746 854 853 908; x_wconf 83' lang='grc' dir='ltr'><strong>τῶν</strong></span> <span class='ocrx_word' id='word_1_71' title='bbox 895 854 1115 927; x_wconf 84' lang='grc' dir='ltr'>ἡμερῶν</span> <span class='ocrx_word' id='word_1_72' title='bbox 1164 857 1291 927; x_wconf 80' lang='grc' dir='ltr'>περὶ</span> <span class='ocrx_word' id='word_1_73' title='bbox 1338 856 1436 919; x_wconf 80' lang='grc' dir='ltr'>τὰς</span> <span class='ocrx_word' id='word_1_74' title='bbox 1476 855 1681 927; x_wconf 84' lang='grc' dir='ltr'>τροπάς</span> <span class='ocrx_word' id='word_1_75' title='bbox 1718 856 1810 909; x_wconf 87' lang='grc' dir='ltr'><strong>ἁν-</strong></span> 
     </span>
    </p>
   </div>
   <div class='ocr_carea' id='block_1_11' title="bbox 1925 845 3475 927">
    <p class='ocr_par' dir='ltr' id='par_1_11' title="bbox 1927 845 3475 922">
     <span class='ocr_line' id='line_1_11' title="bbox 1927 845 3475 922; baseline -0.01 -11"><span class='ocrx_word' id='word_1_76' title='bbox 1927 871 2054 912; x_wconf 88' lang='lat' dir='ltr'><strong>vero</strong></span> <span class='ocrx_word' id='word_1_77' title='bbox 2100 857 2248 911; x_wconf 89' lang='lat' dir='ltr'><strong>circa</strong></span> <span class='ocrx_word' id='word_1_78' title='bbox 2299 856 2402 910; x_wconf 83' lang='lat' dir='ltr'><strong>hoc</strong></span> <span class='ocrx_word' id='word_1_79' title='bbox 2456 861 2669 922; x_wconf 83' lang='lat' dir='ltr'><strong>tempus</strong></span> <span class='ocrx_word' id='word_1_80' title='bbox 2712 860 2889 904; x_wconf 85' lang='lat' dir='ltr'><strong>ortum</strong></span> <span class='ocrx_word' id='word_1_81' title='bbox 2926 849 3127 903; x_wconf 85' lang='lat' dir='ltr'><strong>faceret</strong></span> <span class='ocrx_word' id='word_1_82' title='bbox 3153 845 3338 908; x_wconf 84' lang='lat' dir='ltr'><strong>Canis,</strong></span> <span class='ocrx_word' id='word_1_83' title='bbox 3376 845 3475 897; x_wconf 85' lang='lat' dir='ltr'><strong>liu-</strong></span> 
     </span>
    </p>
   </div>
   <div class='ocr_carea' id='block_1_12' title="bbox 200 933 1815 1018">
    <p class='ocr_par' dir='ltr' id='par_1_12' title="bbox 200 944 1809 1018">
     <span class='ocr_line' id='line_1_12' title="bbox 200 944 1809 1018; baseline 0.002 -24"><span class='ocrx_word' id='word_1_84' title='bbox 200 944 569 1015; x_wconf 78' lang='grc' dir='ltr'>ετεαίσθητον</span> <span class='ocrx_word' id='word_1_85' title='bbox 589 944 701 1016; x_wconf 82' lang='grc' dir='ltr'>ἔχει</span> <span class='ocrx_word' id='word_1_86' title='bbox 721 945 818 1015; x_wconf 77' lang='grc' dir='ltr'><strong>τὴν</strong></span> <span class='ocrx_word' id='word_1_87' title='bbox 853 963 927 999; x_wconf 88' lang='grc' dir='ltr'><strong>πα</strong></span> <span class='ocrx_word' id='word_1_88' title='bbox 936 946 1209 1018; x_wconf 82' lang='grc' dir='ltr'>ραύξησιν.</span> <span class='ocrx_word' id='word_1_89' title='bbox 1229 946 1377 999; x_wconf 78' lang='grc' dir='ltr'>Ἐπεὶ</span> <span class='ocrx_word' id='word_1_90' title='bbox 1394 946 1450 999; x_wconf 80' lang='grc' dir='ltr'>δὲ</span> <span class='ocrx_word' id='word_1_91' title='bbox 1473 946 1599 1017; x_wconf 76' lang='grc' dir='ltr'>περὶ</span> <span class='ocrx_word' id='word_1_92' title='bbox 1621 944 1809 999; x_wconf 80' lang='grc' dir='ltr'>τοῦτον</span> 
     </span>
    </p>
   </div>
   <div class='ocr_carea' id='block_1_13' title="bbox 1925 933 3475 1018">
    <p class='ocr_par' dir='ltr' id='par_1_13' title="bbox 1928 933 3475 1018">
     <span class='ocr_line' id='line_1_13' title="bbox 1928 933 3475 1018; baseline -0.009 -16"><span class='ocrx_word' id='word_1_93' title='bbox 1928 947 2021 1018; x_wconf 89' lang='lat' dir='ltr'><strong>jus</strong></span> <span class='ocrx_word' id='word_1_94' title='bbox 2049 946 2391 1017; x_wconf 82' lang='lat' dir='ltr'><strong>apparitione</strong></span> <span class='ocrx_word' id='word_1_95' title='bbox 2443 942 2882 1014; x_wconf 80' lang='lat' dir='ltr'><strong>signiﬁcaverunt</strong></span> <span class='ocrx_word' id='word_1_96' title='bbox 2917 945 3128 1009; x_wconf 89' lang='lat' dir='ltr'><strong>tempus</strong></span> <span class='ocrx_word' id='word_1_97' title='bbox 3153 933 3475 990; x_wconf 84' lang='lat' dir='ltr'><strong>intensionis</strong></span> 
     </span>
    </p>
   </div>
   <div class='ocr_carea' id='block_1_14' title="bbox 202 1024 1815 1111">
    <p class='ocr_par' dir='ltr' id='par_1_14' title="bbox 202 1037 1810 1111">
     <span class='ocr_line' id='line_1_14' title="bbox 202 1037 1810 1111; baseline 0.001 -21"><span class='ocrx_word' id='word_1_98' title='bbox 202 1037 325 1090; x_wconf 76' lang='grc' dir='ltr'><strong>τὸν</strong></span> <span class='ocrx_word' id='word_1_99' title='bbox 356 1038 547 1109; x_wconf 72' lang='grc' dir='ltr'>καιρὸν</span> <span class='ocrx_word' id='word_1_100' title='bbox 572 1038 851 1093; x_wconf 77' lang='grc' dir='ltr'>ἐπέτελλεν</span> <span class='ocrx_word' id='word_1_101' title='bbox 867 1041 912 1072; x_wconf 81' lang='grc'>⁸⁸</span> <span class='ocrx_word' id='word_1_102' title='bbox 942 1041 970 1092; x_wconf 89' lang='grc' dir='ltr'><strong>ὁ</strong></span> <span class='ocrx_word' id='word_1_103' title='bbox 1001 1040 1184 1104; x_wconf 80' lang='grc' dir='ltr'>Κύων,</span> <span class='ocrx_word' id='word_1_104' title='bbox 1212 1043 1279 1111; x_wconf 78' lang='grc' dir='ltr'>τῇ</span> <span class='ocrx_word' id='word_1_105' title='bbox 1312 1039 1500 1093; x_wconf 83' lang='grc' dir='ltr'>τούτου</span> <span class='ocrx_word' id='word_1_106' title='bbox 1535 1040 1695 1108; x_wconf 83' lang='grc' dir='ltr'><strong>φάσει</strong></span> <span class='ocrx_word' id='word_1_107' title='bbox 1718 1039 1810 1093; x_wconf 85' lang='grc' dir='ltr'><strong>τὸν</strong></span> 
     </span>
    </p>
   </div>
   <div class='ocr_carea' id='block_1_15' title="bbox 1925 1024 3493 1111">
    <p class='ocr_par' dir='ltr' id='par_1_15' title="bbox 1925 1024 3493 1107">
     <span class='ocr_line' id='line_1_15' title="bbox 1925 1024 3493 1107; baseline -0.01 -13"><span class='ocrx_word' id='word_1_108' title='bbox 1925 1047 2199 1106; x_wconf 72' lang='lat' dir='ltr'><strong>azstuum;</strong></span> <span class='ocrx_word' id='word_1_109' title='bbox 2245 1053 2354 1093; x_wconf 87' lang='lat' dir='ltr'><strong>non</strong></span> <span class='ocrx_word' id='word_1_110' title='bbox 2377 1036 2520 1107; x_wconf 87' lang='lat' dir='ltr'><strong>quod</strong></span> <span class='ocrx_word' id='word_1_111' title='bbox 2563 1037 2735 1105; x_wconf 87' lang='lat' dir='ltr'><strong>ipsum</strong></span> <span class='ocrx_word' id='word_1_112' title='bbox 2785 1042 2989 1089; x_wconf 88' lang='lat' dir='ltr'><strong>astrum</strong></span> <span class='ocrx_word' id='word_1_113' title='bbox 3025 1031 3095 1085; x_wconf 92' lang='lat' dir='ltr'><strong>sit</strong></span> <span class='ocrx_word' id='word_1_114' title='bbox 3145 1041 3339 1091; x_wconf 90' lang='lat' dir='ltr'><strong>causa,</strong></span> <span class='ocrx_word' id='word_1_115' title='bbox 3381 1024 3493 1081; x_wconf 73' lang='lat' dir='ltr'><strong>sed“</strong></span> 
     </span>
    </p>
   </div>
   <div class='ocr_carea' id='block_1_16' title="bbox 203 1127 1815 1206">
    <p class='ocr_par' dir='ltr' id='par_1_16' title="bbox 203 1127 1808 1202">
     <span class='ocr_line' id='line_1_16' title="bbox 203 1127 1808 1202; baseline 0.001 -21"><span class='ocrx_word' id='word_1_116' title='bbox 203 1129 429 1199; x_wconf 72' lang='grc' dir='ltr'>καιρὸν</span> <span class='ocrx_word' id='word_1_117' title='bbox 464 1127 868 1198; x_wconf 81' lang='grc' dir='ltr'>ἐσημειώσαντο</span> <span class='ocrx_word' id='word_1_118' title='bbox 902 1131 1002 1202; x_wconf 78' lang='grc' dir='ltr'>τῆς</span> <span class='ocrx_word' id='word_1_119' title='bbox 1032 1131 1141 1185; x_wconf 84' lang='grc' dir='ltr'><strong>τῶν</strong></span> <span class='ocrx_word' id='word_1_120' title='bbox 1167 1131 1460 1201; x_wconf 82' lang='grc' dir='ltr'><strong>καυμάτων</strong></span> <span class='ocrx_word' id='word_1_121' title='bbox 1488 1130 1808 1197; x_wconf 84' lang='grc' dir='ltr'>ἐπιτάσεως,</span> 
     </span>
    </p>
   </div>
   <div class='ocr_carea' id='block_1_17' title="bbox 1925 1127 2840 1206">
    <p class='ocr_par' dir='ltr' id='par_1_17' title="bbox 1925 1128 2840 1206">
     <span class='ocr_line' id='line_1_17' title="bbox 1925 1128 2840 1206; baseline -0.013 -14"><span class='ocrx_word' id='word_1_122' title='bbox 1925 1136 2064 1206; x_wconf 87' lang='lat' dir='ltr'><strong>quod</strong></span> <span class='ocrx_word' id='word_1_123' title='bbox 2095 1134 2177 1190; x_wconf 89' lang='lat' dir='ltr'><strong>sol</strong></span> <span class='ocrx_word' id='word_1_124' title='bbox 2209 1134 2351 1188; x_wconf 88' lang='lat' dir='ltr'><strong>hanc</strong></span> <span class='ocrx_word' id='word_1_125' title='bbox 2380 1145 2599 1187; x_wconf 84' lang='lat' dir='ltr'><strong>causam</strong></span> <span class='ocrx_word' id='word_1_126' title='bbox 2628 1128 2840 1184; x_wconf 85' lang='lat' dir='ltr'><strong>habeat.</strong></span> 
     </span>
    </p>
   </div>
   <div class='ocr_carea' id='block_1_18' title="bbox 205 1218 1808 1294">
    <p class='ocr_par' dir='ltr' id='par_1_18' title="bbox 205 1218 1808 1294">
     <span class='ocr_line' id='line_1_18' title="bbox 205 1218 1808 1294; baseline 0.002 -23"><span class='ocrx_word' id='word_1_127' title='bbox 205 1220 330 1289; x_wconf 78' lang='grc' dir='ltr'>οὐχ</span> <span class='ocrx_word' id='word_1_128' title='bbox 361 1218 437 1283; x_wconf 87' lang='grc' dir='ltr'>ὡς</span> <span class='ocrx_word' id='word_1_129' title='bbox 466 1221 630 1276; x_wconf 77' lang='grc' dir='ltr'>αὐτοῦ</span> <span class='ocrx_word' id='word_1_130' title='bbox 657 1220 751 1275; x_wconf 79' lang='grc' dir='ltr'>τοῦ</span> <span class='ocrx_word' id='word_1_131' title='bbox 777 1223 976 1294; x_wconf 80' lang='grc' dir='ltr'>ἄστρου</span> <span class='ocrx_word' id='word_1_132' title='bbox 1023 1223 1310 1294; x_wconf 85' lang='grc' dir='ltr'>παραιτίου</span> <span class='ocrx_word' id='word_1_133' title='bbox 1357 1222 1663 1293; x_wconf 83' lang='grc' dir='ltr'>γινομένου,</span> <span class='ocrx_word' id='word_1_134' title='bbox 1695 1222 1808 1275; x_wconf 84' lang='grc' dir='ltr'>ἀλλ’</span> 
     </span>
    </p>
   </div>
   <div class='ocr_carea' id='block_1_19' title="bbox 202 1309 1212 1384">
    <p class='ocr_par' dir='ltr' id='par_1_19' title="bbox 202 1309 1212 1384">
     <span class='ocr_line' id='line_1_19' title="bbox 202 1309 1212 1384; baseline 0.006 -23"><span class='ocrx_word' id='word_1_135' title='bbox 202 1309 302 1373; x_wconf 82' lang='grc' dir='ltr'>ὡς</span> <span class='ocrx_word' id='word_1_136' title='bbox 336 1310 436 1364; x_wconf 80' lang='grc' dir='ltr'>τοῦ</span> <span class='ocrx_word' id='word_1_137' title='bbox 470 1312 621 1382; x_wconf 80' lang='grc' dir='ltr'>ἡλίου</span> <span class='ocrx_word' id='word_1_138' title='bbox 650 1312 745 1384; x_wconf 82' lang='grc' dir='ltr'><strong>τὴν</strong></span> <span class='ocrx_word' id='word_1_139' title='bbox 777 1313 954 1367; x_wconf 84' lang='grc' dir='ltr'>αἰτίαν</span> <span class='ocrx_word' id='word_1_140' title='bbox 982 1312 1212 1384; x_wconf 78' lang='grc' dir='ltr'>ἔχοντος.</span> 
     </span>
    </p>
   </div>
   <div class='ocr_carea' id='block_1_20' title="bbox 300 1387 1815 1479">
    <p class='ocr_par' dir='ltr' id='par_1_20' title="bbox 300 1395 1808 1479">
     <span class='ocr_line' id='line_1_20' title="bbox 300 1395 1808 1479; baseline 0.007 -29"><span class='ocrx_word' id='word_1_141' title='bbox 300 1398 374 1451; x_wconf 79' lang='lat' dir='ltr'><strong>El</strong></span> <span class='ocrx_word' id='word_1_142' title='bbox 422 1400 524 1469; x_wconf 83' lang='grc' dir='ltr'>μὲν</span> <span class='ocrx_word' id='word_1_143' title='bbox 569 1395 662 1454; x_wconf 85' lang='grc' dir='ltr'><strong>οὖν</strong></span> <span class='ocrx_word' id='word_1_144' title='bbox 719 1400 796 1465; x_wconf 83' lang='grc' dir='ltr'>ὡς</span> <span class='ocrx_word' id='word_1_145' title='bbox 832 1402 1054 1472; x_wconf 86' lang='grc' dir='ltr'>σημεῖόν</span> <span class='ocrx_word' id='word_1_146' title='bbox 1083 1420 1168 1466; x_wconf 90' lang='grc' dir='ltr'><strong>τις</strong></span> <span class='ocrx_word' id='word_1_147' title='bbox 1192 1404 1455 1474; x_wconf 88' lang='grc' dir='ltr'>λαμϐάνει</span> <span class='ocrx_word' id='word_1_148' title='bbox 1491 1407 1583 1462; x_wconf 81' lang='grc' dir='ltr'><strong>τοῦ</strong></span> <span class='ocrx_word' id='word_1_149' title='bbox 1617 1407 1808 1479; x_wconf 80' lang='grc' dir='ltr'>καιροῦ</span> 
     </span>
    </p>
   </div>
   <div class='ocr_carea' id='block_1_21' title="bbox 1925 1387 3471 1479">
    <p class='ocr_par' dir='ltr' id='par_1_21' title="bbox 2005 1387 3471 1471">
     <span class='ocr_line' id='line_1_21' title="bbox 2005 1387 3471 1471; baseline -0.008 -16"><span class='ocrx_word' id='word_1_150' title='bbox 2005 1400 2063 1456; x_wconf 87' lang='lat' dir='ltr'><strong>Si</strong></span> <span class='ocrx_word' id='word_1_151' title='bbox 2092 1400 2259 1471; x_wconf 79' lang='lat' dir='ltr'><strong>igitur</strong></span> <span class='ocrx_word' id='word_1_152' title='bbox 2288 1399 2485 1469; x_wconf 87' lang='lat' dir='ltr'><strong>aliquis</strong></span> <span class='ocrx_word' id='word_1_153' title='bbox 2522 1412 2619 1468; x_wconf 91' lang='lat' dir='ltr'><strong>pro</strong></span> <span class='ocrx_word' id='word_1_154' title='bbox 2649 1397 2804 1467; x_wconf 76' lang='lat' dir='ltr'><strong>signo</strong></span> <span class='ocrx_word' id='word_1_155' title='bbox 2827 1394 3084 1464; x_wconf 89' lang='lat' dir='ltr'><strong>temporis</strong></span> <span class='ocrx_word' id='word_1_156' title='bbox 3115 1390 3348 1461; x_wconf 88' lang='lat' dir='ltr'><strong>accipiat</strong></span> <span class='ocrx_word' id='word_1_157' title='bbox 3363 1387 3471 1444; x_wconf 89' lang='lat' dir='ltr'><strong>Ca-</strong></span> 
     </span>
    </p>
   </div>
   <div class='ocr_carea' id='block_1_22' title="bbox 218 1480 1815 1569">
    <p class='ocr_par' dir='ltr' id='par_1_22' title="bbox 218 1489 1815 1569">
     <span class='ocr_line' id='line_1_22' title="bbox 218 1489 1815 1569; baseline 0.008 -29"><span class='ocrx_word' id='word_1_158' title='bbox 218 1504 345 1560; x_wconf 74' lang='grc' dir='ltr'><strong>την</strong></span> <span class='ocrx_word' id='word_1_159' title='bbox 396 1489 492 1543; x_wconf 80' lang='grc' dir='ltr'>τοῦ</span> <span class='ocrx_word' id='word_1_160' title='bbox 531 1491 706 1555; x_wconf 79' lang='grc' dir='ltr'>Κυνὸς</span> <span class='ocrx_word' id='word_1_161' title='bbox 740 1494 1009 1566; x_wconf 84' lang='grc' dir='ltr'>ἐπιτολὴν,</span> <span class='ocrx_word' id='word_1_162' title='bbox 1035 1496 1210 1567; x_wconf 81' lang='grc' dir='ltr'>ὀρθῶς</span> <span class='ocrx_word' id='word_1_163' title='bbox 1251 1497 1532 1568; x_wconf 87' lang='grc' dir='ltr'>λαμϐάνει,</span> <span class='ocrx_word' id='word_1_164' title='bbox 1563 1497 1815 1569; x_wconf 87' lang='grc' dir='ltr'>καθάπερ</span> 
     </span>
    </p>
   </div>
   <div class='ocr_carea' id='block_1_23' title="bbox 1925 1480 3475 1569">
    <p class='ocr_par' dir='ltr' id='par_1_23' title="bbox 1925 1480 3475 1559">
     <span class='ocr_line' id='line_1_23' title="bbox 1925 1480 3475 1559; baseline -0.008 -11"><span class='ocrx_word' id='word_1_165' title='bbox 1925 1495 2002 1549; x_wconf 82' lang='lat' dir='ltr'><strong>uis</strong></span> <span class='ocrx_word' id='word_1_166' title='bbox 2031 1503 2237 1557; x_wconf 90' lang='lat' dir='ltr'><strong>ortum,</strong></span> <span class='ocrx_word' id='word_1_167' title='bbox 2265 1499 2416 1548; x_wconf 87' lang='lat' dir='ltr'><strong>recte</strong></span> <span class='ocrx_word' id='word_1_168' title='bbox 2443 1490 2674 1559; x_wconf 90' lang='lat' dir='ltr'><strong>accipit;</strong></span> <span class='ocrx_word' id='word_1_169' title='bbox 2711 1489 2851 1544; x_wconf 86' lang='lat' dir='ltr'><strong>sicut</strong></span> <span class='ocrx_word' id='word_1_170' title='bbox 2873 1485 3142 1542; x_wconf 80' lang='lat' dir='ltr'><strong>Homerus</strong></span> <span class='ocrx_word' id='word_1_171' title='bbox 3191 1483 3368 1553; x_wconf 82' lang='lat' dir='ltr'><strong>inquit</strong></span> <span class='ocrx_word' id='word_1_172' title='bbox 3406 1480 3475 1535; x_wconf 85' lang='lat' dir='ltr'><strong>de</strong></span> 
     </span>
    </p>
   </div>
   <div class='ocr_carea' id='block_1_24' title="bbox 211 1579 2200 1654">
    <p class='ocr_par' dir='ltr' id='par_1_24' title="bbox 211 1579 2200 1654">
     <span class='ocr_line' id='line_1_24' title="bbox 211 1579 2200 1654; baseline 0.001 -19"><span class='ocrx_word' id='word_1_173' title='bbox 211 1579 496 1654; x_wconf 79' lang='grc' dir='ltr'>Ὅμηρός</span> <span class='ocrx_word' id='word_1_174' title='bbox 526 1599 688 1651; x_wconf 80' lang='grc' dir='ltr'>φησιν</span> <span class='ocrx_word' id='word_1_175' title='bbox 712 1585 804 1637; x_wconf 75' lang='grc' dir='ltr'><strong>ἐπὶ</strong></span> <span class='ocrx_word' id='word_1_176' title='bbox 832 1585 924 1639; x_wconf 79' lang='grc' dir='ltr'>τοῦ</span> <span class='ocrx_word' id='word_1_177' title='bbox 948 1588 1123 1652; x_wconf 81' lang='grc' dir='ltr'>Κυνὸς</span> <span class='ocrx_word' id='word_1_178' title='bbox 1154 1588 1355 1652; x_wconf 76' lang='grc' dir='ltr'>οὕτως’</span> <span class='ocrx_word' id='word_1_179' title='bbox 1650 1583 1766 1612; x_wconf 49' lang='grc' dir='ltr'><strong>“’“”λ</strong></span> <span class='ocrx_word' id='word_1_180' title='bbox 1911 1584 2059 1641; x_wconf 84' lang='lat' dir='ltr'><strong>Cane</strong></span> <span class='ocrx_word' id='word_1_181' title='bbox 2089 1583 2200 1638; x_wconf 86' lang='lat' dir='ltr'><strong>sic:</strong></span> 
     </span>
    </p>
   </div>
   <div class='ocr_carea' id='block_1_25' title="bbox 521 1695 1408 1770">
    <p class='ocr_par' dir='ltr' id='par_1_25' title="bbox 521 1695 1408 1770">
     <span class='ocr_line' id='line_1_25' title="bbox 521 1695 1408 1770; baseline 0.008 -21"><span class='ocrx_word' id='word_1_182' title='bbox 521 1695 721 1750; x_wconf 81' lang='grc' dir='ltr'>Κακὸν</span> <span class='ocrx_word' id='word_1_183' title='bbox 744 1696 812 1751; x_wconf 85' lang='grc' dir='ltr'><strong>δέ</strong></span> <span class='ocrx_word' id='word_1_184' title='bbox 838 1715 902 1752; x_wconf 83' lang='grc' dir='ltr'><strong>τε</strong></span> <span class='ocrx_word' id='word_1_185' title='bbox 927 1697 1093 1770; x_wconf 84' lang='grc' dir='ltr'>σῆμα</span> <span class='ocrx_word' id='word_1_186' title='bbox 1115 1700 1408 1757; x_wconf 79' lang='grc' dir='ltr'>τέτυκται.</span> 
     </span>
    </p>
   </div>
   <div class='ocr_carea' id='block_1_26' title="bbox 209 1801 1809 1885">
    <p class='ocr_par' dir='ltr' id='par_1_26' title="bbox 209 1801 1809 1885">
     <span class='ocr_line' id='line_1_26' title="bbox 209 1801 1809 1885; baseline 0.006 -27"><span class='ocrx_word' id='word_1_187' title='bbox 209 1806 303 1859; x_wconf 78' lang='grc' dir='ltr'><strong>Οὐ</strong></span> <span class='ocrx_word' id='word_1_188' title='bbox 340 1801 452 1875; x_wconf 72' lang='grc' dir='ltr'><strong>γάρ</strong></span> <span class='ocrx_word' id='word_1_189' title='bbox 472 1806 548 1870; x_wconf 79' lang='grc' dir='ltr'>ὡς</span> <span class='ocrx_word' id='word_1_190' title='bbox 572 1805 705 1862; x_wconf 74' lang='grc' dir='ltr'>ἰδίαν</span> <span class='ocrx_word' id='word_1_191' title='bbox 729 1807 956 1880; x_wconf 86' lang='grc' dir='ltr'>δύναμιν</span> <span class='ocrx_word' id='word_1_192' title='bbox 978 1808 1193 1883; x_wconf 77' lang='grc' dir='ltr'>ἔχοντος</span> <span class='ocrx_word' id='word_1_193' title='bbox 1218 1811 1381 1866; x_wconf 84' lang='grc' dir='ltr'>αὐτοῦ</span> <span class='ocrx_word' id='word_1_194' title='bbox 1411 1811 1545 1885; x_wconf 81' lang='grc' dir='ltr'>πρὸς</span> <span class='ocrx_word' id='word_1_195' title='bbox 1571 1812 1670 1885; x_wconf 77' lang='grc' dir='ltr'><strong>τὴν</strong></span> <span class='ocrx_word' id='word_1_196' title='bbox 1689 1812 1809 1868; x_wconf 82' lang='grc' dir='ltr'>ἐπίο</span> 
     </span>
    </p>
   </div>
   <div class='ocr_carea' id='block_1_27' title="bbox 208 1897 1811 2063">
    <p class='ocr_par' dir='ltr' id='par_1_27' title="bbox 208 1897 1811 2063">
     <span class='ocr_line' id='line_1_27' title="bbox 208 1897 1811 2063; baseline 0.003 -109"><span class='ocrx_word' id='word_1_197' title='bbox 429 1897 541 1955; x_wconf 79' lang='grc' dir='ltr'><strong>τῶν</strong></span> <span class='ocrx_word' id='word_1_198' title='bbox 586 1897 909 1974; x_wconf 63' lang='grc' dir='ltr'>καυμάτων,</span> <span class='ocrx_word' id='word_1_199' title='bbox 937 1901 1052 1981; x_wconf 77' lang='grc' dir='ltr'>ἀλλ’</span> <span class='ocrx_word' id='word_1_200' title='bbox 1076 1905 1158 1970; x_wconf 82' lang='grc' dir='ltr'>ὡς</span> <span class='ocrx_word' id='word_1_201' title='bbox 1193 1904 1418 1979; x_wconf 76' lang='grc' dir='ltr'>σημείου</span> <span class='ocrx_word' id='word_1_202' title='bbox 1440 1905 1602 1984; x_wconf 80' lang='grc' dir='ltr'>χάριν</span> <span class='ocrx_word' id='word_1_203' title='bbox 1620 1922 1811 1979; x_wconf 86' lang='grc' dir='ltr'>παρει-</span> 
     </span>
     <span class='ocr_line' id='line_1_28' title="bbox 247 2010 534 2063; baseline 0.017 -18"><span class='ocrx_word' id='word_1_204' title='bbox 247 2010 341 2063; x_wconf 82' lang='grc' dir='ltr'><strong>ημ</strong></span> <span class='ocrx_word' id='word_1_205' title='bbox 420 2010 534 2050; x_wconf 90' lang='grc' dir='ltr'>νου.</span> 
     </span>
    </p>
   </div>
   <div class='ocr_carea' id='block_1_28' title="bbox 2058 1698 3055 1772">
    <p class='ocr_par' dir='ltr' id='par_1_28' title="bbox 2058 1698 3055 1772">
     <span class='ocr_line' id='line_1_29' title="bbox 2058 1698 3055 1772; baseline -0.009 -12"><span class='ocrx_word' id='word_1_206' title='bbox 2058 1702 2262 1760; x_wconf 81' lang='lat' dir='ltr'><strong>Malum</strong></span> <span class='ocrx_word' id='word_1_207' title='bbox 2290 1711 2465 1759; x_wconf 82' lang='lat' dir='ltr'><strong>autem</strong></span> <span class='ocrx_word' id='word_1_208' title='bbox 2490 1702 2697 1772; x_wconf 71' lang='lat' dir='ltr'><strong>signum</strong></span> <span class='ocrx_word' id='word_1_209' title='bbox 2724 1698 2924 1770; x_wconf 76' lang='lat' dir='ltr'><strong>factum</strong></span> <span class='ocrx_word' id='word_1_210' title='bbox 2956 1705 3055 1753; x_wconf 74' lang='lat' dir='ltr'><strong>ut.</strong></span> 
     </span>
    </p>
   </div>
   <div class='ocr_carea' id='block_1_29' title="bbox 1914 1807 3478 1887">
    <p class='ocr_par' dir='ltr' id='par_1_29' title="bbox 1914 1807 3478 1887">
     <span class='ocr_line' id='line_1_30' title="bbox 1914 1807 3478 1887; baseline -0.004 -17"><span class='ocrx_word' id='word_1_211' title='bbox 1914 1815 2035 1873; x_wconf 85' lang='lat' dir='ltr'><strong>Non</strong></span> <span class='ocrx_word' id='word_1_212' title='bbox 2070 1817 2216 1873; x_wconf 91' lang='lat' dir='ltr'><strong>enim</strong></span> <span class='ocrx_word' id='word_1_213' title='bbox 2238 1814 2585 1887; x_wconf 79' lang='lat' dir='ltr'><strong>cogitandum</strong></span> <span class='ocrx_word' id='word_1_214' title='bbox 2613 1821 2718 1878; x_wconf 90' lang='lat' dir='ltr'><strong>est,</strong></span> <span class='ocrx_word' id='word_1_215' title='bbox 2746 1811 2904 1883; x_wconf 90' lang='lat' dir='ltr'><strong>quasi</strong></span> <span class='ocrx_word' id='word_1_216' title='bbox 2937 1809 3210 1882; x_wconf 83' lang='lat' dir='ltr'><strong>propriam</strong></span> <span class='ocrx_word' id='word_1_217' title='bbox 3233 1807 3341 1862; x_wconf 87' lang='lat' dir='ltr'><strong>vim</strong></span> <span class='ocrx_word' id='word_1_218' title='bbox 3379 1807 3478 1863; x_wconf 86' lang='lat' dir='ltr'><strong>ba-</strong></span> 
     </span>
    </p>
   </div>
   <div class='ocr_carea' id='block_1_30' title="bbox 1918 1898 3477 1972">
    <p class='ocr_par' dir='ltr' id='par_1_30' title="bbox 1918 1898 3477 1972">
     <span class='ocr_line' id='line_1_31' title="bbox 1918 1898 3477 1972; baseline -0.007 -7"><span class='ocrx_word' id='word_1_219' title='bbox 1918 1908 2045 1965; x_wconf 86' lang='lat' dir='ltr'><strong>beat</strong></span> <span class='ocrx_word' id='word_1_220' title='bbox 2081 1908 2246 1964; x_wconf 88' lang='lat' dir='ltr'><strong>Canis</strong></span> <span class='ocrx_word' id='word_1_221' title='bbox 2267 1907 2334 1963; x_wconf 92' lang='lat' dir='ltr'><strong>ad</strong></span> <span class='ocrx_word' id='word_1_222' title='bbox 2365 1905 2725 1968; x_wconf 79' lang='lat' dir='ltr'><strong>intensionem</strong></span> <span class='ocrx_word' id='word_1_223' title='bbox 2751 1912 3020 1970; x_wconf 76' lang='lat' dir='ltr'><strong>aestuum,</strong></span> <span class='ocrx_word' id='word_1_224' title='bbox 3038 1901 3136 1962; x_wconf 77' lang='lat' dir='ltr'><strong>sed</strong></span> <span class='ocrx_word' id='word_1_225' title='bbox 3162 1900 3307 1971; x_wconf 86' lang='lat' dir='ltr'><strong>quod</strong></span> <span class='ocrx_word' id='word_1_226' title='bbox 3332 1898 3477 1972; x_wconf 66' lang='lat' dir='ltr'><strong>signi</strong></span> 
     </span>
    </p>
   </div>
   <div class='ocr_carea' id='block_1_31' title="bbox 1911 1997 2745 2073">
    <p class='ocr_par' dir='ltr' id='par_1_31' title="bbox 1911 1997 2745 2073">
     <span class='ocr_line' id='line_1_32' title="bbox 1911 1997 2745 2073; baseline -0.005 -18"><span class='ocrx_word' id='word_1_227' title='bbox 1911 2001 2090 2073; x_wconf 74' lang='lat' dir='ltr'><strong>gratia</strong></span> <span class='ocrx_word' id='word_1_228' title='bbox 2121 2006 2438 2070; x_wconf 86' lang='lat' dir='ltr'><strong>assumptus</strong></span> <span class='ocrx_word' id='word_1_229' title='bbox 2469 1999 2548 2054; x_wconf 89' lang='lat' dir='ltr'><strong>sit</strong></span> <span class='ocrx_word' id='word_1_230' title='bbox 2561 1997 2745 2054; x_wconf 81' lang='lat' dir='ltr'><strong>Canis.</strong></span> 
     </span>
    </p>
   </div>
   <div class='ocr_carea' id='block_1_32' title="bbox 1910 2082 3491 2160">
    <p class='ocr_par' dir='ltr' id='par_1_32' title="bbox 1910 2082 3491 2160">
     <span class='ocr_line' id='line_1_33' title="bbox 1910 2082 3491 2160; baseline -0.01 -12"><span class='ocrx_word' id='word_1_231' title='bbox 1910 2100 1943 2137; x_wconf 61' lang='grc' dir='ltr'>ιιι·</span> <span class='ocrx_word' id='word_1_232' title='bbox 1996 2093 2384 2151; x_wconf 81' lang='lat' dir='ltr'><strong>Verumtamen</strong></span> <span class='ocrx_word' id='word_1_233' title='bbox 2423 2090 2517 2160; x_wconf 82' lang='lat' dir='ltr'><strong>qui</strong></span> <span class='ocrx_word' id='word_1_234' title='bbox 2571 2106 2636 2145; x_wconf 79' lang='lat' dir='ltr'><strong>ex</strong></span> <span class='ocrx_word' id='word_1_235' title='bbox 2676 2089 2855 2160; x_wconf 86' lang='lat' dir='ltr'><strong>poetis</strong></span> <span class='ocrx_word' id='word_1_236' title='bbox 2892 2095 2947 2143; x_wconf 88' lang='lat' dir='ltr'><strong>et</strong></span> <span class='ocrx_word' id='word_1_237' title='bbox 2984 2082 3323 2158; x_wconf 58' lang='lat' dir='ltr'><strong>philosolibis</strong></span> <span class='ocrx_word' id='word_1_238' title='bbox 3364 2082 3491 2137; x_wconf 58' lang='lat' dir='ltr'><strong>vim:</strong></span> 
     </span>
    </p>
   </div>
   <div class='ocr_carea' id='block_1_33' title="bbox 1916 2176 3474 2244">
    <p class='ocr_par' dir='ltr' id='par_1_33' title="bbox 1916 2176 3474 2244">
     <span class='ocr_line' id='line_1_34' title="bbox 1916 2176 3474 2244; baseline -0.01 0"><span class='ocrx_word' id='word_1_239' title='bbox 1916 2187 2245 2244; x_wconf 84' lang='lat' dir='ltr'><strong>intensionis</strong></span> <span class='ocrx_word' id='word_1_240' title='bbox 2288 2191 2521 2241; x_wconf 62' lang='lat' dir='ltr'><strong>aestuum</strong></span> <span class='ocrx_word' id='word_1_241' title='bbox 2551 2181 2682 2238; x_wconf 86' lang='lat' dir='ltr'><strong>Cani</strong></span> <span class='ocrx_word' id='word_1_242' title='bbox 2732 2180 3038 2244; x_wconf 87' lang='lat' dir='ltr'><strong>ascribunt,</strong></span> <span class='ocrx_word' id='word_1_243' title='bbox 3075 2176 3130 2232; x_wconf 89' lang='lat' dir='ltr'><strong>bi</strong></span> <span class='ocrx_word' id='word_1_244' title='bbox 3176 2176 3402 2232; x_wconf 87' lang='lat' dir='ltr'><strong>multum</strong></span> <span class='ocrx_word' id='word_1_245' title='bbox 3441 2187 3474 2228; x_wconf 92' lang='lat' dir='ltr'><strong>a</strong></span> 
     </span>
    </p>
   </div>
   <div class='ocr_carea' id='block_1_34' title="bbox 1912 2263 3477 2348">
    <p class='ocr_par' dir='ltr' id='par_1_34' title="bbox 1912 2263 3477 2348">
     <span class='ocr_line' id='line_1_35' title="bbox 1912 2263 3477 2348; baseline -0.006 -17"><span class='ocrx_word' id='word_1_246' title='bbox 1912 2277 2141 2333; x_wconf 82' lang='lat' dir='ltr'><strong>veritate</strong></span> <span class='ocrx_word' id='word_1_247' title='bbox 2192 2283 2248 2332; x_wconf 89' lang='lat' dir='ltr'><strong>et</strong></span> <span class='ocrx_word' id='word_1_248' title='bbox 2310 2274 2550 2331; x_wconf 79' lang='lat' dir='ltr'><strong>naturali</strong></span> <span class='ocrx_word' id='word_1_249' title='bbox 2596 2273 2847 2348; x_wconf 73' lang='lat' dir='ltr'><strong>doctrina</strong></span> <span class='ocrx_word' id='word_1_250' title='bbox 2899 2271 3308 2326; x_wconf 63' lang='lat' dir='ltr'><strong>aberramrunt.</strong></span> <span class='ocrx_word' id='word_1_251' title='bbox 3350 2263 3477 2321; x_wconf 68' lang='lat' dir='ltr'><strong>Haec</strong></span> 
     </span>
    </p>
   </div>
   <div class='ocr_carea' id='block_1_35' title="bbox 1913 2358 3476 2426">
    <p class='ocr_par' dir='ltr' id='par_1_35' title="bbox 1913 2358 3476 2426">
     <span class='ocr_line' id='line_1_36' title="bbox 1913 2358 3476 2426; baseline -0.01 0"><span class='ocrx_word' id='word_1_252' title='bbox 1913 2370 2059 2426; x_wconf 89' lang='lat' dir='ltr'><strong>enim</strong></span> <span class='ocrx_word' id='word_1_253' title='bbox 2083 2368 2241 2424; x_wconf 87' lang='lat' dir='ltr'><strong>stella</strong></span> <span class='ocrx_word' id='word_1_254' title='bbox 2268 2366 2517 2423; x_wconf 87' lang='lat' dir='ltr'><strong>eamdem</strong></span> <span class='ocrx_word' id='word_1_255' title='bbox 2542 2374 2789 2419; x_wconf 88' lang='lat' dir='ltr'><strong>naturam</strong></span> <span class='ocrx_word' id='word_1_256' title='bbox 2829 2362 3023 2418; x_wconf 86' lang='lat' dir='ltr'><strong>sortita</strong></span> <span class='ocrx_word' id='word_1_257' title='bbox 3044 2368 3130 2418; x_wconf 89' lang='lat' dir='ltr'><strong>est</strong></span> <span class='ocrx_word' id='word_1_258' title='bbox 3150 2373 3271 2414; x_wconf 88' lang='lat' dir='ltr'><strong>cum</strong></span> <span class='ocrx_word' id='word_1_259' title='bbox 3302 2358 3476 2414; x_wconf 88' lang='lat' dir='ltr'><strong>omni-</strong></span> 
     </span>
    </p>
   </div>
   <div class='ocr_carea' id='block_1_36' title="bbox 1913 2447 3479 2523">
    <p class='ocr_par' dir='ltr' id='par_1_36' title="bbox 1913 2447 3479 2523">
     <span class='ocr_line' id='line_1_37' title="bbox 1913 2447 3479 2523; baseline -0.009 -8"><span class='ocrx_word' id='word_1_260' title='bbox 1913 2459 2018 2515; x_wconf 87' lang='lat' dir='ltr'><strong>bus</strong></span> <span class='ocrx_word' id='word_1_261' title='bbox 2077 2459 2259 2514; x_wconf 87' lang='lat' dir='ltr'><strong>astris.</strong></span> <span class='ocrx_word' id='word_1_262' title='bbox 2320 2456 2447 2512; x_wconf 86' lang='lat' dir='ltr'><strong>Sive</strong></span> <span class='ocrx_word' id='word_1_263' title='bbox 2471 2456 2619 2511; x_wconf 85' lang='lat' dir='ltr'><strong>enim</strong></span> <span class='ocrx_word' id='word_1_264' title='bbox 2672 2458 2847 2523; x_wconf 80' lang='lat' dir='ltr'><strong>ignea.</strong></span> <span class='ocrx_word' id='word_1_265' title='bbox 2885 2459 3050 2517; x_wconf 69' lang='lat' dir='ltr'><strong>sunt,</strong></span> <span class='ocrx_word' id='word_1_266' title='bbox 3081 2450 3197 2506; x_wconf 82' lang='lat' dir='ltr'><strong>sive</strong></span> <span class='ocrx_word' id='word_1_267' title='bbox 3244 2447 3479 2504; x_wconf 84' lang='lat' dir='ltr'><strong>aetherea</strong></span> 
     </span>
    </p>
   </div>
   <div class='ocr_carea' id='block_1_37' title="bbox 1913 2536 3477 2614">
    <p class='ocr_par' dir='ltr' id='par_1_37' title="bbox 1913 2536 3477 2614">
     <span class='ocr_line' id='line_1_38' title="bbox 1913 2536 3477 2614; baseline -0.01 -10"><span class='ocrx_word' id='word_1_268' title='bbox 1913 2558 2085 2614; x_wconf 87' lang='lat' dir='ltr'><strong>astra,</strong></span> <span class='ocrx_word' id='word_1_269' title='bbox 2116 2548 2362 2603; x_wconf 89' lang='lat' dir='ltr'><strong>eamdem</strong></span> <span class='ocrx_word' id='word_1_270' title='bbox 2392 2546 2573 2601; x_wconf 91' lang='lat' dir='ltr'><strong>omnia</strong></span> <span class='ocrx_word' id='word_1_271' title='bbox 2599 2543 2799 2598; x_wconf 84' lang='lat' dir='ltr'><strong>habent</strong></span> <span class='ocrx_word' id='word_1_272' title='bbox 2833 2544 2962 2607; x_wconf 88' lang='lat' dir='ltr'><strong>vim,</strong></span> <span class='ocrx_word' id='word_1_273' title='bbox 2994 2548 3048 2597; x_wconf 91' lang='lat' dir='ltr'><strong>et</strong></span> <span class='ocrx_word' id='word_1_274' title='bbox 3084 2540 3242 2595; x_wconf 82' lang='lat' dir='ltr'><strong>debet</strong></span> <span class='ocrx_word' id='word_1_275' title='bbox 3262 2536 3407 2593; x_wconf 91' lang='lat' dir='ltr'><strong>vinci</strong></span> <span class='ocrx_word' id='word_1_276' title='bbox 3445 2550 3477 2589; x_wconf 88' lang='lat' dir='ltr'><strong>a</strong></span> 
     </span>
    </p>
   </div>
   <div class='ocr_carea' id='block_1_38' title="bbox 1914 2628 3477 2692">
    <p class='ocr_par' dir='ltr' id='par_1_38' title="bbox 1914 2628 3477 2692">
     <span class='ocr_line' id='line_1_39' title="bbox 1914 2628 3477 2692; baseline -0.008 0"><span class='ocrx_word' id='word_1_277' title='bbox 1914 2635 2265 2692; x_wconf 77' lang='lat' dir='ltr'><strong>multitudine</strong></span> <span class='ocrx_word' id='word_1_278' title='bbox 2293 2646 2566 2690; x_wconf 86' lang='lat' dir='ltr'><strong>astrorum</strong></span> <span class='ocrx_word' id='word_1_279' title='bbox 2607 2632 2865 2689; x_wconf 77' lang='lat' dir='ltr'><strong>deﬁuxus</strong></span> <span class='ocrx_word' id='word_1_280' title='bbox 2891 2647 2921 2686; x_wconf 90' lang='lat' dir='ltr'><strong>a</strong></span> <span class='ocrx_word' id='word_1_281' title='bbox 2964 2630 3135 2686; x_wconf 85' lang='lat' dir='ltr'><strong>Cane.</strong></span> <span class='ocrx_word' id='word_1_282' title='bbox 3180 2628 3312 2682; x_wconf 84' lang='lat' dir='ltr'><strong>Nam</strong></span> <span class='ocrx_word' id='word_1_283' title='bbox 3361 2641 3477 2681; x_wconf 86' lang='lat' dir='ltr'><strong>ma-</strong></span> 
     </span>
    </p>
   </div>
   <div class='ocr_carea' id='block_1_39' title="bbox 1915 2721 3473 2802">
    <p class='ocr_par' dir='ltr' id='par_1_39' title="bbox 1915 2721 3473 2802">
     <span class='ocr_line' id='line_1_40' title="bbox 1915 2721 3473 2802; baseline -0.008 -16"><span class='ocrx_word' id='word_1_284' title='bbox 1915 2729 2203 2802; x_wconf 74' lang='lat' dir='ltr'><strong>gnitudine</strong></span> <span class='ocrx_word' id='word_1_285' title='bbox 2228 2728 2394 2784; x_wconf 88' lang='lat' dir='ltr'><strong>etiam</strong></span> <span class='ocrx_word' id='word_1_286' title='bbox 2430 2727 2641 2783; x_wconf 88' lang='lat' dir='ltr'><strong>stellam</strong></span> <span class='ocrx_word' id='word_1_287' title='bbox 2673 2724 2837 2779; x_wconf 87' lang='lat' dir='ltr'><strong>Canis</strong></span> <span class='ocrx_word' id='word_1_288' title='bbox 2866 2729 3125 2793; x_wconf 85' lang='lat' dir='ltr'><strong>superant</strong></span> <span class='ocrx_word' id='word_1_289' title='bbox 3143 2721 3262 2776; x_wconf 61' lang='lat' dir='ltr'><strong>alia</strong></span> <span class='ocrx_word' id='word_1_290' title='bbox 3284 2721 3473 2785; x_wconf 67' lang='lat' dir='ltr'><strong>stellae,</strong></span> 
     </span>
    </p>
   </div>
   <div class='ocr_carea' id='block_1_40' title="bbox 1840 1859 1883 1918">
    <p class='ocr_par' dir='ltr' id='par_1_40' title="bbox 1840 1859 1883 1918">
     <span class='ocr_line' id='line_1_41' title="bbox 1840 1859 1883 1918; baseline 0 0"><span class='ocrx_word' id='word_1_291' title='bbox 1840 1859 1883 1918; x_wconf 85' lang='grc' dir='ltr'><strong><em>Β</em></strong></span> 
     </span>
    </p>
   </div>
   <div class='ocr_carea' id='block_1_41' title="bbox 302 2085 1812 2164">
    <p class='ocr_par' dir='ltr' id='par_1_41' title="bbox 302 2085 1812 2164">
     <span class='ocr_line' id='line_1_42' title="bbox 302 2085 1812 2164; baseline 0.005 -27"><span class='ocrx_word' id='word_1_292' title='bbox 302 2085 475 2138; x_wconf 79' lang='grc' dir='ltr'>Ὅσοι</span> <span class='ocrx_word' id='word_1_293' title='bbox 523 2085 773 2157; x_wconf 81' lang='grc' dir='ltr'>μέντοιγε</span> <span class='ocrx_word' id='word_1_294' title='bbox 828 2087 938 2142; x_wconf 84' lang='grc' dir='ltr'><strong>τῶν</strong></span> <span class='ocrx_word' id='word_1_295' title='bbox 976 2087 1213 2160; x_wconf 82' lang='grc' dir='ltr'>ποιητῶν</span> <span class='ocrx_word' id='word_1_296' title='bbox 1245 2089 1339 2144; x_wconf 76' lang='grc' dir='ltr'>καὶ</span> <span class='ocrx_word' id='word_1_297' title='bbox 1374 2089 1676 2163; x_wconf 81' lang='grc' dir='ltr'>φιλοσόφων</span> <span class='ocrx_word' id='word_1_298' title='bbox 1713 2091 1812 2164; x_wconf 83' lang='grc' dir='ltr'>τὴν</span> 
     </span>
    </p>
   </div>
   <div class='ocr_carea' id='block_1_42' title="bbox 215 2173 1862 2255">
    <p class='ocr_par' dir='ltr' id='par_1_42' title="bbox 215 2173 1862 2255">
     <span class='ocr_line' id='line_1_43' title="bbox 215 2173 1862 2255; baseline 0.009 -30"><span class='ocrx_word' id='word_1_299' title='bbox 215 2173 466 2245; x_wconf 77' lang='grc' dir='ltr'>δύναμιν</span> <span class='ocrx_word' id='word_1_300' title='bbox 520 2177 619 2248; x_wconf 80' lang='grc' dir='ltr'>τῆς</span> <span class='ocrx_word' id='word_1_301' title='bbox 655 2179 956 2243; x_wconf 81' lang='grc' dir='ltr'>ἐπιτάσεως</span> <span class='ocrx_word' id='word_1_302' title='bbox 1004 2179 1114 2233; x_wconf 83' lang='grc' dir='ltr'><strong>τῶν</strong></span> <span class='ocrx_word' id='word_1_303' title='bbox 1171 2182 1467 2253; x_wconf 82' lang='grc' dir='ltr'>καυμάτων</span> <span class='ocrx_word' id='word_1_304' title='bbox 1531 2184 1609 2255; x_wconf 83' lang='grc' dir='ltr'>τῷ</span> <span class='ocrx_word' id='word_1_305' title='bbox 1672 2185 1811 2239; x_wconf 75' lang='grc' dir='ltr'>Κυνὶ</span> <span class='ocrx_word' id='word_1_306' title='bbox 1859 2182 1862 2185; x_wconf 32' lang='grc' dir='ltr'><strong>λ</strong></span> 
     </span>
    </p>
   </div>
   <div class='ocr_carea' id='block_1_43' title="bbox 218 2268 1811 2344">
    <p class='ocr_par' dir='ltr' id='par_1_43' title="bbox 218 2268 1811 2344">
     <span class='ocr_line' id='line_1_44' title="bbox 218 2268 1811 2344; baseline 0.008 -28"><span class='ocrx_word' id='word_1_307' title='bbox 218 2268 633 2336; x_wconf 78' lang='grc' dir='ltr'>προσάπτουσι,</span> <span class='ocrx_word' id='word_1_308' title='bbox 670 2268 805 2323; x_wconf 81' lang='grc' dir='ltr'>πολὺ</span> <span class='ocrx_word' id='word_1_309' title='bbox 847 2269 949 2340; x_wconf 84' lang='grc' dir='ltr'>τῆς</span> <span class='ocrx_word' id='word_1_310' title='bbox 989 2269 1247 2342; x_wconf 80' lang='grc' dir='ltr'>ἀληθείας</span> <span class='ocrx_word' id='word_1_311' title='bbox 1291 2276 1385 2327; x_wconf 76' lang='grc' dir='ltr'><strong>καὶ</strong></span> <span class='ocrx_word' id='word_1_312' title='bbox 1433 2271 1529 2327; x_wconf 80' lang='grc' dir='ltr'>τοῦ</span> <span class='ocrx_word' id='word_1_313' title='bbox 1581 2273 1811 2344; x_wconf 80' lang='grc' dir='ltr'>φυσικοῦ</span> 
     </span>
    </p>
   </div>
   <div class='ocr_carea' id='block_1_44' title="bbox 222 2355 1814 2437">
    <p class='ocr_par' dir='ltr' id='par_1_44' title="bbox 222 2355 1814 2437">
     <span class='ocr_line' id='line_1_45' title="bbox 222 2355 1814 2437; baseline 0.008 -29"><span class='ocrx_word' id='word_1_314' title='bbox 222 2355 401 2426; x_wconf 83' lang='grc' dir='ltr'>λόγου</span> <span class='ocrx_word' id='word_1_315' title='bbox 425 2359 831 2431; x_wconf 80' lang='grc' dir='ltr'>πεπλανημένοι</span> <span class='ocrx_word' id='word_1_316' title='bbox 862 2360 1019 2415; x_wconf 81' lang='grc' dir='ltr'>εἰσίν.</span> <span class='ocrx_word' id='word_1_317' title='bbox 1065 2361 1123 2416; x_wconf 88' lang='lat'><strong>&#39;0</strong></span> <span class='ocrx_word' id='word_1_318' title='bbox 1160 2363 1269 2435; x_wconf 84' lang='grc' dir='ltr'>γὰρ</span> <span class='ocrx_word' id='word_1_319' title='bbox 1309 2364 1483 2437; x_wconf 84' lang='grc' dir='ltr'>ἀστὴρ</span> <span class='ocrx_word' id='word_1_320' title='bbox 1518 2361 1670 2430; x_wconf 74' lang='grc' dir='ltr'>οὗτος</span> <span class='ocrx_word' id='word_1_321' title='bbox 1712 2366 1814 2436; x_wconf 82' lang='grc' dir='ltr'>τῆς</span> 
     </span>
    </p>
   </div>
   <div class='ocr_carea' id='block_1_45' title="bbox 220 2447 1813 2529">
    <p class='ocr_par' dir='ltr' id='par_1_45' title="bbox 220 2447 1813 2529">
     <span class='ocr_line' id='line_1_46' title="bbox 220 2447 1813 2529; baseline 0.006 -27"><span class='ocrx_word' id='word_1_322' title='bbox 220 2448 407 2519; x_wconf 78' lang='grc' dir='ltr'>αὐτῆς</span> <span class='ocrx_word' id='word_1_323' title='bbox 454 2451 644 2514; x_wconf 76' lang='grc' dir='ltr'>οὐσίας</span> <span class='ocrx_word' id='word_1_324' title='bbox 694 2447 1059 2522; x_wconf 80' lang='grc' dir='ltr'>κεκοινώνηκε</span> <span class='ocrx_word' id='word_1_325' title='bbox 1120 2456 1254 2508; x_wconf 82' lang='grc' dir='ltr'>πᾶσι</span> <span class='ocrx_word' id='word_1_326' title='bbox 1280 2459 1394 2519; x_wconf 87' lang='grc' dir='ltr'>τοῖς</span> <span class='ocrx_word' id='word_1_327' title='bbox 1424 2457 1661 2529; x_wconf 83' lang='grc' dir='ltr'>ἄστροις.</span> <span class='ocrx_word' id='word_1_328' title='bbox 1689 2457 1813 2512; x_wconf 78' lang='grc' dir='ltr'>Εἴτε</span> 
     </span>
    </p>
   </div>
   <div class='ocr_carea' id='block_1_46' title="bbox 223 2537 1814 2621">
    <p class='ocr_par' dir='ltr' id='par_1_46' title="bbox 223 2537 1814 2621">
     <span class='ocr_line' id='line_1_47' title="bbox 223 2537 1814 2621; baseline 0.009 -32"><span class='ocrx_word' id='word_1_329' title='bbox 223 2537 343 2610; x_wconf 81' lang='grc' dir='ltr'><strong>γάρ</strong></span> <span class='ocrx_word' id='word_1_330' title='bbox 396 2540 601 2611; x_wconf 86' lang='grc' dir='ltr'>πύρινά</span> <span class='ocrx_word' id='word_1_331' title='bbox 647 2543 812 2610; x_wconf 81' lang='grc' dir='ltr'>ἐστιν,</span> <span class='ocrx_word' id='word_1_332' title='bbox 859 2543 969 2597; x_wconf 86' lang='grc' dir='ltr'>εἴτε</span> <span class='ocrx_word' id='word_1_333' title='bbox 1012 2545 1108 2598; x_wconf 80' lang='grc' dir='ltr'>καὶ</span> <span class='ocrx_word' id='word_1_334' title='bbox 1145 2546 1359 2618; x_wconf 75' lang='grc' dir='ltr'>αἰθέρια</span> <span class='ocrx_word' id='word_1_335' title='bbox 1386 2548 1455 2602; x_wconf 81' lang='grc' dir='ltr'><strong>τά</strong></span> <span class='ocrx_word' id='word_1_336' title='bbox 1484 2548 1680 2620; x_wconf 82' lang='grc' dir='ltr'>ἄστρα,</span> <span class='ocrx_word' id='word_1_337' title='bbox 1715 2549 1814 2621; x_wconf 84' lang='grc' dir='ltr'><strong>τὴν</strong></span> 
     </span>
    </p>
   </div>
   <div class='ocr_carea' id='block_1_47' title="bbox 224 2628 1813 2712">
    <p class='ocr_par' dir='ltr' id='par_1_47' title="bbox 224 2628 1813 2712">
     <span class='ocr_line' id='line_1_48' title="bbox 224 2628 1813 2712; baseline 0.007 -32"><span class='ocrx_word' id='word_1_338' title='bbox 224 2628 407 2700; x_wconf 66' lang='grc' dir='ltr'>αὐτὴν</span> <span class='ocrx_word' id='word_1_339' title='bbox 450 2628 565 2700; x_wconf 76' lang='grc' dir='ltr'>ἔχει</span> <span class='ocrx_word' id='word_1_340' title='bbox 607 2630 833 2702; x_wconf 81' lang='grc' dir='ltr'>δύναμιν</span> <span class='ocrx_word' id='word_1_341' title='bbox 867 2634 1064 2701; x_wconf 87' lang='grc' dir='ltr'>πάντα,</span> <span class='ocrx_word' id='word_1_342' title='bbox 1091 2637 1183 2690; x_wconf 74' lang='grc' dir='ltr'>καὶ</span> <span class='ocrx_word' id='word_1_343' title='bbox 1218 2637 1421 2707; x_wconf 82' lang='grc' dir='ltr'>ὀφείλει</span> <span class='ocrx_word' id='word_1_344' title='bbox 1455 2641 1813 2712; x_wconf 81' lang='grc' dir='ltr'>κατακρατεῖ-</span> 
     </span>
    </p>
   </div>
   <div class='ocr_carea' id='block_1_48' title="bbox 228 2720 1814 2802">
    <p class='ocr_par' dir='ltr' id='par_1_48' title="bbox 228 2720 1814 2802">
     <span class='ocr_line' id='line_1_49' title="bbox 228 2720 1814 2802; baseline 0.007 -29"><span class='ocrx_word' id='word_1_345' title='bbox 228 2720 361 2774; x_wconf 85' lang='grc' dir='ltr'>σθαι</span> <span class='ocrx_word' id='word_1_346' title='bbox 396 2721 504 2775; x_wconf 83' lang='grc' dir='ltr'><strong>ὑπὸ</strong></span> <span class='ocrx_word' id='word_1_347' title='bbox 534 2721 628 2776; x_wconf 82' lang='grc' dir='ltr'>τοῦ</span> <span class='ocrx_word' id='word_1_348' title='bbox 663 2723 895 2797; x_wconf 82' lang='grc' dir='ltr'>πλήθους</span> <span class='ocrx_word' id='word_1_349' title='bbox 928 2727 1037 2780; x_wconf 86' lang='grc' dir='ltr'>τῶν</span> <span class='ocrx_word' id='word_1_350' title='bbox 1065 2728 1278 2802; x_wconf 84' lang='grc' dir='ltr'>ἄστρων</span> <span class='ocrx_word' id='word_1_351' title='bbox 1312 2730 1345 2800; x_wconf 88' lang='grc' dir='ltr'><strong>ή</strong></span> <span class='ocrx_word' id='word_1_352' title='bbox 1378 2729 1488 2784; x_wconf 83' lang='grc' dir='ltr'><strong>ἀπὸ</strong></span> <span class='ocrx_word' id='word_1_353' title='bbox 1510 2729 1604 2783; x_wconf 82' lang='grc' dir='ltr'>τοῦ</span> <span class='ocrx_word' id='word_1_354' title='bbox 1637 2730 1814 2795; x_wconf 83' lang='grc' dir='ltr'>Κυνὸς</span> 
     </span>
    </p>
   </div>
   <div class='ocr_carea' id='block_1_49' title="bbox 235 2812 1815 2890">
    <p class='ocr_par' dir='ltr' id='par_1_49' title="bbox 235 2813 1815 2890">
     <span class='ocr_line' id='line_1_50' title="bbox 235 2813 1815 2890; baseline 0.007 -25"><span class='ocrx_word' id='word_1_355' title='bbox 235 2813 521 2885; x_wconf 83' lang='grc' dir='ltr'>άποφορά.</span> <span class='ocrx_word' id='word_1_356' title='bbox 565 2816 674 2869; x_wconf 82' lang='grc' dir='ltr'><strong>Καὶ</strong></span> <span class='ocrx_word' id='word_1_357' title='bbox 714 2817 823 2890; x_wconf 87' lang='grc' dir='ltr'><strong>γὰρ</strong></span> <span class='ocrx_word' id='word_1_358' title='bbox 851 2817 929 2889; x_wconf 85' lang='grc' dir='ltr'>τῷ</span> <span class='ocrx_word' id='word_1_359' title='bbox 963 2819 1181 2890; x_wconf 84' lang='grc' dir='ltr'>μεγέθει</span> <span class='ocrx_word' id='word_1_360' title='bbox 1216 2822 1456 2890; x_wconf 80' lang='grc' dir='ltr'>μείζονες</span> <span class='ocrx_word' id='word_1_361' title='bbox 1494 2821 1654 2876; x_wconf 82' lang='grc' dir='ltr'>αὐτοῦ</span> <span class='ocrx_word' id='word_1_362' title='bbox 1680 2824 1815 2877; x_wconf 79' lang='grc' dir='ltr'>εἰσιν</span> 
     </span>
    </p>
   </div>
   <div class='ocr_carea' id='block_1_50' title="bbox 1925 2812 3477 2890">
    <p class='ocr_par' dir='ltr' id='par_1_50' title="bbox 1925 2812 3477 2886">
     <span class='ocr_line' id='line_1_51' title="bbox 1925 2812 3477 2886; baseline -0.009 -7"><span class='ocrx_word' id='word_1_363' title='bbox 1925 2830 1975 2879; x_wconf 80' lang='lat' dir='ltr'><strong>et</strong></span> <span class='ocrx_word' id='word_1_364' title='bbox 2003 2819 2350 2877; x_wconf 87' lang='lat' dir='ltr'><strong>multitudine</strong></span> <span class='ocrx_word' id='word_1_365' title='bbox 2395 2828 2523 2875; x_wconf 89' lang='lat' dir='ltr'><strong>sunt</strong></span> <span class='ocrx_word' id='word_1_366' title='bbox 2552 2817 2796 2872; x_wconf 59' lang='lat' dir='ltr'><strong>inﬁnita.</strong></span> <span class='ocrx_word' id='word_1_367' title='bbox 2829 2815 2887 2870; x_wconf 91' lang='lat' dir='ltr'><strong>Si</strong></span> <span class='ocrx_word' id='word_1_368' title='bbox 2917 2817 3080 2886; x_wconf 85' lang='lat' dir='ltr'><strong>igitur</strong></span> <span class='ocrx_word' id='word_1_369' title='bbox 3124 2829 3190 2868; x_wconf 85' lang='lat' dir='ltr'><strong>ex</strong></span> <span class='ocrx_word' id='word_1_370' title='bbox 3221 2812 3477 2867; x_wconf 90' lang='lat' dir='ltr'><strong>omnibus</strong></span> 
     </span>
    </p>
   </div>
   <div class='ocr_carea' id='block_1_51' title="bbox 229 2904 1815 3006">
    <p class='ocr_par' dir='ltr' id='par_1_51' title="bbox 229 2904 1815 3006">
     <span class='ocr_line' id='line_1_52' title="bbox 229 2904 1815 3006; baseline 0.009 -50"><span class='ocrx_word' id='word_1_371' title='bbox 229 2904 574 3006; x_wconf 21' lang='lat' dir='ltr'><strong>aegon-am}</strong></span> <span class='ocrx_word' id='word_1_372' title='bbox 602 2906 681 2977; x_wconf 83' lang='grc' dir='ltr'>τῷ</span> <span class='ocrx_word' id='word_1_373' title='bbox 716 2908 911 3006; x_wconf 67' lang='grc' dir='ltr'>πλὴθει</span> <span class='ocrx_word' id='word_1_374' title='bbox 940 2909 1174 2983; x_wconf 79' lang='grc' dir='ltr'>ἄπειροι.</span> <span class='ocrx_word' id='word_1_375' title='bbox 1204 2913 1266 2965; x_wconf 78' lang='lat' dir='ltr'><strong>El</strong></span> <span class='ocrx_word' id='word_1_376' title='bbox 1307 2908 1399 2967; x_wconf 79' lang='grc' dir='ltr'>οὖν</span> <span class='ocrx_word' id='word_1_377' title='bbox 1448 2913 1508 2979; x_wconf 78' lang='grc' dir='ltr'><strong>ἐξ</strong></span> <span class='ocrx_word' id='word_1_378' title='bbox 1564 2914 1815 2969; x_wconf 84' lang='grc' dir='ltr'>ἁπάντων</span> 
     </span>
    </p>
   </div>
   <div class='ocr_carea' id='block_1_52' title="bbox 1925 2904 3478 3006">
    <p class='ocr_par' dir='ltr' id='par_1_52' title="bbox 1925 2905 3478 2986">
     <span class='ocr_line' id='line_1_53' title="bbox 1925 2905 3478 2986; baseline -0.008 -17"><span class='ocrx_word' id='word_1_379' title='bbox 1925 2915 2053 2986; x_wconf 89' lang='lat' dir='ltr'><strong>ipsis</strong></span> <span class='ocrx_word' id='word_1_380' title='bbox 2078 2915 2162 2970; x_wconf 87' lang='lat' dir='ltr'><strong>vis</strong></span> <span class='ocrx_word' id='word_1_381' title='bbox 2188 2929 2297 2968; x_wconf 90' lang='lat' dir='ltr'><strong>non</strong></span> <span class='ocrx_word' id='word_1_382' title='bbox 2328 2913 2582 2982; x_wconf 85' lang='lat' dir='ltr'><strong>pervenit.</strong></span> <span class='ocrx_word' id='word_1_383' title='bbox 2607 2924 2779 2979; x_wconf 89' lang='lat' dir='ltr'><strong>usque</strong></span> <span class='ocrx_word' id='word_1_384' title='bbox 2818 2908 2886 2962; x_wconf 91' lang='lat' dir='ltr'><strong>ad</strong></span> <span class='ocrx_word' id='word_1_385' title='bbox 2931 2917 3150 2970; x_wconf 90' lang='lat' dir='ltr'><strong>terram,</strong></span> <span class='ocrx_word' id='word_1_386' title='bbox 3194 2920 3369 2975; x_wconf 89' lang='lat' dir='ltr'><strong>neque</strong></span> <span class='ocrx_word' id='word_1_387' title='bbox 3409 2905 3478 2957; x_wconf 87' lang='lat' dir='ltr'><strong>ad</strong></span> 
     </span>
    </p>
   </div>
   <div class='ocr_carea' id='block_1_53' title="bbox 229 2994 1815 3095">
    <p class='ocr_par' dir='ltr' id='par_1_53' title="bbox 229 2994 1815 3095">
     <span class='ocr_line' id='line_1_54' title="bbox 229 2994 1815 3095; baseline 0.009 -49"><span class='ocrx_word' id='word_1_388' title='bbox 229 2994 477 3095; x_wconf 38' lang='grc' dir='ltr'>αιίτῶνκὴ</span> <span class='ocrx_word' id='word_1_389' title='bbox 498 2994 724 3095; x_wconf 58' lang='grc' dir='ltr'>δόναμις</span> <span class='ocrx_word' id='word_1_390' title='bbox 749 2997 808 3051; x_wconf 82' lang='grc' dir='ltr'><strong>οὐ</strong></span> <span class='ocrx_word' id='word_1_391' title='bbox 834 2999 1109 3055; x_wconf 85' lang='grc' dir='ltr'>διικνεῖται</span> <span class='ocrx_word' id='word_1_392' title='bbox 1140 3002 1300 3074; x_wconf 86' lang='grc' dir='ltr'>μέχρι</span> <span class='ocrx_word' id='word_1_393' title='bbox 1330 3003 1430 3074; x_wconf 86' lang='grc' dir='ltr'>τῆς</span> <span class='ocrx_word' id='word_1_394' title='bbox 1452 3004 1572 3076; x_wconf 82' lang='grc' dir='ltr'>γῆς,</span> <span class='ocrx_word' id='word_1_395' title='bbox 1592 3006 1713 3059; x_wconf 86' lang='grc' dir='ltr'><strong>οὐδέ</strong></span> <span class='ocrx_word' id='word_1_396' title='bbox 1737 3008 1815 3070; x_wconf 82' lang='grc' dir='ltr'><strong>είς</strong></span> 
     </span>
    </p>
   </div>
   <div class='ocr_carea' id='block_1_54' title="bbox 1925 2994 3479 3095">
    <p class='ocr_par' dir='ltr' id='par_1_54' title="bbox 1925 2995 3479 3074">
     <span class='ocr_line' id='line_1_55' title="bbox 1925 2995 3479 3074; baseline -0.008 -15"><span class='ocrx_word' id='word_1_397' title='bbox 1925 3003 2051 3059; x_wconf 83' lang='lat' dir='ltr'><strong>solis</strong></span> <span class='ocrx_word' id='word_1_398' title='bbox 2074 3003 2183 3058; x_wconf 88' lang='lat' dir='ltr'><strong>vim</strong></span> <span class='ocrx_word' id='word_1_399' title='bbox 2211 3002 2508 3074; x_wconf 86' lang='lat' dir='ltr'><strong>quidquam</strong></span> <span class='ocrx_word' id='word_1_400' title='bbox 2544 3000 2778 3065; x_wconf 80' lang='lat' dir='ltr'><strong>confert,</strong></span> <span class='ocrx_word' id='word_1_401' title='bbox 2810 2997 3082 3070; x_wconf 88' lang='lat' dir='ltr'><strong>quomodo</strong></span> <span class='ocrx_word' id='word_1_402' title='bbox 3107 2995 3365 3052; x_wconf 86' lang='lat' dir='ltr'><strong>credibile</strong></span> <span class='ocrx_word' id='word_1_403' title='bbox 3394 3003 3479 3050; x_wconf 89' lang='lat' dir='ltr'><strong>est</strong></span> 
     </span>
    </p>
   </div>
   <div class='ocr_carea' id='block_1_55' title="bbox 226 3085 1815 3163">
    <p class='ocr_par' dir='ltr' id='par_1_55' title="bbox 226 3085 1815 3163">
     <span class='ocr_line' id='line_1_56' title="bbox 226 3085 1815 3163; baseline 0.009 -27"><span class='ocrx_word' id='word_1_404' title='bbox 226 3085 334 3157; x_wconf 80' lang='grc' dir='ltr'>τὴν</span> <span class='ocrx_word' id='word_1_405' title='bbox 352 3085 446 3139; x_wconf 75' lang='grc' dir='ltr'><strong>τοῦ</strong></span> <span class='ocrx_word' id='word_1_406' title='bbox 470 3086 618 3158; x_wconf 85' lang='grc' dir='ltr'>ἡλίου</span> <span class='ocrx_word' id='word_1_407' title='bbox 642 3088 868 3161; x_wconf 82' lang='grc' dir='ltr'>δύναμιν</span> <span class='ocrx_word' id='word_1_408' title='bbox 885 3092 1034 3145; x_wconf 86' lang='grc' dir='ltr'>οὐδὲν</span> <span class='ocrx_word' id='word_1_409' title='bbox 1058 3093 1439 3163; x_wconf 88' lang='grc' dir='ltr'>συμϐάλλεται,</span> <span class='ocrx_word' id='word_1_410' title='bbox 1463 3096 1578 3160; x_wconf 83' lang='grc' dir='ltr'>πῶς</span> <span class='ocrx_word' id='word_1_411' title='bbox 1597 3096 1815 3151; x_wconf 82' lang='grc' dir='ltr'>πιθανὸν</span> 
     </span>
    </p>
   </div>
   <div class='ocr_carea' id='block_1_56' title="bbox 1925 3085 3476 3163">
    <p class='ocr_par' dir='ltr' id='par_1_56' title="bbox 1925 3089 3476 3152">
     <span class='ocr_line' id='line_1_57' title="bbox 1925 3089 3476 3152; baseline -0.007 0"><span class='ocrx_word' id='word_1_412' title='bbox 1925 3094 2190 3152; x_wconf 81' lang='lat' dir='ltr'><strong>deﬂuxum</strong></span> <span class='ocrx_word' id='word_1_413' title='bbox 2228 3095 2295 3150; x_wconf 87' lang='lat' dir='ltr'><strong>ab</strong></span> <span class='ocrx_word' id='word_1_414' title='bbox 2322 3107 2433 3148; x_wconf 90' lang='lat' dir='ltr'><strong>uno</strong></span> <span class='ocrx_word' id='word_1_415' title='bbox 2461 3100 2612 3149; x_wconf 89' lang='lat' dir='ltr'><strong>astro</strong></span> <span class='ocrx_word' id='word_1_416' title='bbox 2639 3099 2844 3146; x_wconf 86' lang='lat' dir='ltr'><strong>tantam</strong></span> <span class='ocrx_word' id='word_1_417' title='bbox 2870 3098 3099 3145; x_wconf 73' lang='lat' dir='ltr'><strong>aestuum</strong></span> <span class='ocrx_word' id='word_1_418' title='bbox 3119 3089 3476 3143; x_wconf 75' lang='lat' dir='ltr'><strong>intensionem</strong></span> 
     </span>
    </p>
   </div>
   <div class='ocr_carea' id='block_1_57' title="bbox 227 3180 1815 3267">
    <p class='ocr_par' dir='ltr' id='par_1_57' title="bbox 227 3180 1812 3267">
     <span class='ocr_line' id='line_1_58' title="bbox 227 3180 1812 3267; baseline 0.011 -34"><span class='ocrx_word' id='word_1_419' title='bbox 227 3181 336 3251; x_wconf 80' lang='grc' dir='ltr'>τὴν</span> <span class='ocrx_word' id='word_1_420' title='bbox 368 3180 479 3234; x_wconf 81' lang='grc' dir='ltr'><strong>ἀπὸ</strong></span> <span class='ocrx_word' id='word_1_421' title='bbox 506 3181 597 3236; x_wconf 81' lang='grc' dir='ltr'>τοῦ</span> <span class='ocrx_word' id='word_1_422' title='bbox 629 3184 746 3248; x_wconf 79' lang='grc' dir='ltr'>ἐνὸς</span> <span class='ocrx_word' id='word_1_423' title='bbox 772 3186 971 3262; x_wconf 76' lang='grc' dir='ltr'>ἄστρου</span> <span class='ocrx_word' id='word_1_424' title='bbox 1004 3190 1281 3263; x_wconf 85' lang='grc' dir='ltr'>ἀποφοράν</span> <span class='ocrx_word' id='word_1_425' title='bbox 1317 3192 1657 3267; x_wconf 78' lang='grc' dir='ltr'>τηλικαύτην</span> <span class='ocrx_word' id='word_1_426' title='bbox 1691 3197 1812 3249; x_wconf 87' lang='grc' dir='ltr'>ἐπί-</span> 
     </span>
    </p>
   </div>
   <div class='ocr_carea' id='block_1_58' title="bbox 1925 3180 3478 3267">
    <p class='ocr_par' dir='ltr' id='par_1_58' title="bbox 1925 3180 3478 3253">
     <span class='ocr_line' id='line_1_59' title="bbox 1925 3180 3478 3253; baseline -0.005 -11"><span class='ocrx_word' id='word_1_427' title='bbox 1925 3185 2137 3244; x_wconf 75' lang='lat' dir='ltr'><strong>facere?</strong></span> <span class='ocrx_word' id='word_1_428' title='bbox 2200 3184 2405 3253; x_wconf 85' lang='lat' dir='ltr'><strong>Quodsi</strong></span> <span class='ocrx_word' id='word_1_429' title='bbox 2471 3200 2582 3240; x_wconf 89' lang='lat' dir='ltr'><strong>non</strong></span> <span class='ocrx_word' id='word_1_430' title='bbox 2640 3183 2901 3253; x_wconf 86' lang='lat' dir='ltr'><strong>adjuvant</strong></span> <span class='ocrx_word' id='word_1_431' title='bbox 2952 3180 3246 3252; x_wconf 88' lang='lat' dir='ltr'><strong>quidquam</strong></span> <span class='ocrx_word' id='word_1_432' title='bbox 3288 3194 3478 3234; x_wconf 88' lang='lat' dir='ltr'><strong>omnes</strong></span> 
     </span>
    </p>
   </div>
   <div class='ocr_carea' id='block_1_59' title="bbox 227 3271 1815 3358">
    <p class='ocr_par' dir='ltr' id='par_1_59' title="bbox 227 3274 1815 3358">
     <span class='ocr_line' id='line_1_60' title="bbox 227 3274 1815 3358; baseline 0.01 -32"><span class='ocrx_word' id='word_1_433' title='bbox 227 3289 398 3326; x_wconf 85' lang='grc' dir='ltr'>τασιν</span> <span class='ocrx_word' id='word_1_434' title='bbox 429 3274 540 3329; x_wconf 82' lang='grc' dir='ltr'>τῶν</span> <span class='ocrx_word' id='word_1_435' title='bbox 580 3279 877 3348; x_wconf 81' lang='grc' dir='ltr'>καυμάτων</span> <span class='ocrx_word' id='word_1_436' title='bbox 905 3284 1112 3351; x_wconf 83' lang='grc' dir='ltr'>ποιείν;</span> <span class='ocrx_word' id='word_1_437' title='bbox 1140 3284 1203 3337; x_wconf 82' lang='grc' dir='ltr'><strong>Εἰ</strong></span> <span class='ocrx_word' id='word_1_438' title='bbox 1230 3284 1286 3337; x_wconf 87' lang='grc' dir='ltr'><strong>δέ</strong></span> <span class='ocrx_word' id='word_1_439' title='bbox 1312 3285 1385 3357; x_wconf 86' lang='grc' dir='ltr'>μὴ</span> <span class='ocrx_word' id='word_1_440' title='bbox 1424 3287 1740 3358; x_wconf 81' lang='grc' dir='ltr'>συνεργοῦσί</span> <span class='ocrx_word' id='word_1_441' title='bbox 1760 3305 1815 3342; x_wconf 88' lang='grc' dir='ltr'><strong>τι</strong></span> 
     </span>
    </p>
   </div>
   <div class='ocr_carea' id='block_1_60' title="bbox 1925 3271 3477 3358">
    <p class='ocr_par' dir='ltr' id='par_1_60' title="bbox 1925 3271 3477 3340">
     <span class='ocr_line' id='line_1_61' title="bbox 1925 3271 3477 3340; baseline -0.008 -4"><span class='ocrx_word' id='word_1_442' title='bbox 1925 3282 2225 3336; x_wconf 82' lang='lat' dir='ltr'><strong>inerrantes</strong></span> <span class='ocrx_word' id='word_1_443' title='bbox 2273 3277 2463 3340; x_wconf 62' lang='lat' dir='ltr'><strong>stellae,</strong></span> <span class='ocrx_word' id='word_1_444' title='bbox 2513 3289 2638 3330; x_wconf 90' lang='lat' dir='ltr'><strong>cum</strong></span> <span class='ocrx_word' id='word_1_445' title='bbox 2687 3274 2931 3330; x_wconf 90' lang='lat' dir='ltr'><strong>eamdem</strong></span> <span class='ocrx_word' id='word_1_446' title='bbox 2962 3274 3071 3328; x_wconf 90' lang='lat' dir='ltr'><strong>vim</strong></span> <span class='ocrx_word' id='word_1_447' title='bbox 3112 3271 3223 3328; x_wconf 89' lang='lat' dir='ltr'><strong>sint</strong></span> <span class='ocrx_word' id='word_1_448' title='bbox 3250 3271 3477 3335; x_wconf 55' lang='lat' dir='ltr'><strong>sortita,</strong></span> 
     </span>
    </p>
   </div>
   <div class='ocr_carea' id='block_1_61' title="bbox 232 3363 1815 3452">
    <p class='ocr_par' dir='ltr' id='par_1_61' title="bbox 232 3366 1811 3452">
     <span class='ocr_line' id='line_1_62' title="bbox 232 3366 1811 3452; baseline 0.011 -33"><span class='ocrx_word' id='word_1_449' title='bbox 232 3366 444 3430; x_wconf 83' lang='grc' dir='ltr'>πάντες</span> <span class='ocrx_word' id='word_1_450' title='bbox 485 3368 539 3420; x_wconf 85' lang='grc' dir='ltr'><strong>οί</strong></span> <span class='ocrx_word' id='word_1_451' title='bbox 591 3368 847 3436; x_wconf 80' lang='grc' dir='ltr'>ἀπλανεῖς</span> <span class='ocrx_word' id='word_1_452' title='bbox 888 3373 1133 3444; x_wconf 85' lang='grc' dir='ltr'>ἀστέρες,</span> <span class='ocrx_word' id='word_1_453' title='bbox 1185 3375 1284 3447; x_wconf 78' lang='grc' dir='ltr'><strong>τῆς</strong></span> <span class='ocrx_word' id='word_1_454' title='bbox 1331 3378 1499 3450; x_wconf 80' lang='grc' dir='ltr'>αὐτῆς</span> <span class='ocrx_word' id='word_1_455' title='bbox 1530 3380 1811 3452; x_wconf 84' lang='grc' dir='ltr'>δυνάμεως</span> 
     </span>
    </p>
   </div>
   <div class='ocr_carea' id='block_1_62' title="bbox 1925 3363 3480 3452">
    <p class='ocr_par' dir='ltr' id='par_1_62' title="bbox 1925 3363 3480 3444">
     <span class='ocr_line' id='line_1_63' title="bbox 1925 3363 3480 3444; baseline -0.009 -16"><span class='ocrx_word' id='word_1_456' title='bbox 1925 3390 2031 3429; x_wconf 88' lang='lat' dir='ltr'><strong>non</strong></span> <span class='ocrx_word' id='word_1_457' title='bbox 2066 3372 2327 3444; x_wconf 88' lang='lat' dir='ltr'><strong>possibile</strong></span> <span class='ocrx_word' id='word_1_458' title='bbox 2353 3376 2438 3425; x_wconf 90' lang='lat' dir='ltr'><strong>est</strong></span> <span class='ocrx_word' id='word_1_459' title='bbox 2489 3366 2897 3424; x_wconf 78' lang='lat' dir='ltr'><strong>calefactionem</strong></span> <span class='ocrx_word' id='word_1_460' title='bbox 2925 3366 2994 3422; x_wconf 92' lang='lat' dir='ltr'><strong>ab</strong></span> <span class='ocrx_word' id='word_1_461' title='bbox 3029 3380 3135 3420; x_wconf 89' lang='lat' dir='ltr'><strong>una</strong></span> <span class='ocrx_word' id='word_1_462' title='bbox 3173 3363 3328 3420; x_wconf 87' lang='lat' dir='ltr'><strong>stella</strong></span> <span class='ocrx_word' id='word_1_463' title='bbox 3354 3377 3480 3432; x_wconf 85' lang='lat' dir='ltr'><strong>pro-</strong></span> 
     </span>
    </p>
   </div>
   <div class='ocr_carea' id='block_1_63' title="bbox 230 3456 1815 3539">
    <p class='ocr_par' dir='ltr' id='par_1_63' title="bbox 230 3459 1813 3539">
     <span class='ocr_line' id='line_1_64' title="bbox 230 3459 1813 3539; baseline 0.011 -32"><span class='ocrx_word' id='word_1_464' title='bbox 230 3459 732 3528; x_wconf 82' lang='grc' dir='ltr'>κεκοινωνηκότες,</span> <span class='ocrx_word' id='word_1_465' title='bbox 770 3462 868 3515; x_wconf 79' lang='grc' dir='ltr'><strong>οὐκ</strong></span> <span class='ocrx_word' id='word_1_466' title='bbox 922 3463 1192 3535; x_wconf 86' lang='grc' dir='ltr'>ἐνδέχεται</span> <span class='ocrx_word' id='word_1_467' title='bbox 1247 3467 1345 3539; x_wconf 86' lang='grc' dir='ltr'><strong>τὴν</strong></span> <span class='ocrx_word' id='word_1_468' title='bbox 1396 3468 1504 3522; x_wconf 81' lang='grc' dir='ltr'><strong>ἀπὸ</strong></span> <span class='ocrx_word' id='word_1_469' title='bbox 1547 3470 1642 3523; x_wconf 78' lang='grc' dir='ltr'>τοῦ</span> <span class='ocrx_word' id='word_1_470' title='bbox 1694 3470 1813 3534; x_wconf 81' lang='grc' dir='ltr'>ἐνὸς</span> 
     </span>
    </p>
   </div>
   <div class='ocr_carea' id='block_1_64' title="bbox 1925 3456 3483 3539">
    <p class='ocr_par' dir='ltr' id='par_1_64' title="bbox 1925 3456 3483 3539">
     <span class='ocr_line' id='line_1_65' title="bbox 1925 3456 3483 3539; baseline -0.008 -20"><span class='ocrx_word' id='word_1_471' title='bbox 1925 3466 2254 3539; x_wconf 81' lang='lat' dir='ltr'><strong>gredientem</strong></span> <span class='ocrx_word' id='word_1_472' title='bbox 2291 3460 2506 3519; x_wconf 76' lang='lat' dir='ltr'><strong>elﬁcere</strong></span> <span class='ocrx_word' id='word_1_473' title='bbox 2536 3459 2851 3518; x_wconf 86' lang='lat' dir='ltr'><strong>sensibilem</strong></span> <span class='ocrx_word' id='word_1_474' title='bbox 2892 3458 3206 3513; x_wconf 88' lang='lat' dir='ltr'><strong>varietatem</strong></span> <span class='ocrx_word' id='word_1_475' title='bbox 3239 3456 3292 3510; x_wconf 89' lang='lat' dir='ltr'><strong>in</strong></span> <span class='ocrx_word' id='word_1_476' title='bbox 3328 3469 3483 3512; x_wconf 84' lang='lat' dir='ltr'><strong>coor-</strong></span> 
     </span>
    </p>
   </div>
   <div class='ocr_carea' id='block_1_65' title="bbox 231 3547 1813 3630">
    <p class='ocr_par' dir='ltr' id='par_1_65' title="bbox 231 3547 1813 3630">
     <span class='ocr_line' id='line_1_66' title="bbox 231 3547 1813 3630; baseline 0.01 -31"><span class='ocrx_word' id='word_1_477' title='bbox 231 3547 441 3619; x_wconf 77' lang='grc' dir='ltr'>ἄστρου</span> <span class='ocrx_word' id='word_1_478' title='bbox 476 3549 777 3622; x_wconf 82' lang='grc' dir='ltr'>θερμασίαν</span> <span class='ocrx_word' id='word_1_479' title='bbox 821 3553 1084 3627; x_wconf 83' lang='grc' dir='ltr'>αἰσθητὴν</span> <span class='ocrx_word' id='word_1_480' title='bbox 1126 3556 1386 3630; x_wconf 85' lang='grc' dir='ltr'>διαφορὰν</span> <span class='ocrx_word' id='word_1_481' title='bbox 1409 3560 1727 3630; x_wconf 83' lang='grc' dir='ltr'>ἀποφαίνειν</span> <span class='ocrx_word' id='word_1_482' title='bbox 1755 3563 1813 3615; x_wconf 86' lang='grc' dir='ltr'><strong>ἐν</strong></span> 
     </span>
    </p>
   </div>
   <div class='ocr_carea' id='block_1_66' title="bbox 230 3642 1091 3717">
    <p class='ocr_par' dir='ltr' id='par_1_66' title="bbox 230 3642 1091 3717">
     <span class='ocr_line' id='line_1_67' title="bbox 230 3642 1091 3717; baseline 0.01 -25"><span class='ocrx_word' id='word_1_483' title='bbox 230 3642 360 3703; x_wconf 85' lang='grc' dir='ltr'>ταῖς</span> <span class='ocrx_word' id='word_1_484' title='bbox 389 3642 770 3708; x_wconf 84' lang='grc' dir='ltr'>συνανατολαίς</span> <span class='ocrx_word' id='word_1_485' title='bbox 795 3643 887 3698; x_wconf 80' lang='grc' dir='ltr'>τοῦ</span> <span class='ocrx_word' id='word_1_486' title='bbox 920 3646 1091 3717; x_wconf 90' lang='grc' dir='ltr'>ἡλίου.</span> 
     </span>
    </p>
   </div>
   <div class='ocr_carea' id='block_1_67' title="bbox 316 3733 1811 3815">
    <p class='ocr_par' dir='ltr' id='par_1_67' title="bbox 316 3733 1811 3815">
     <span class='ocr_line' id='line_1_68' title="bbox 316 3733 1811 3815; baseline 0.008 -30"><span class='ocrx_word' id='word_1_487' title='bbox 316 3733 475 3787; x_wconf 87' lang='grc' dir='ltr'>Ἔστι</span> <span class='ocrx_word' id='word_1_488' title='bbox 533 3735 578 3788; x_wconf 90' lang='grc' dir='ltr'>δ’</span> <span class='ocrx_word' id='word_1_489' title='bbox 631 3736 792 3801; x_wconf 82' lang='grc' dir='ltr'>αὐτὸς</span> <span class='ocrx_word' id='word_1_490' title='bbox 823 3740 851 3791; x_wconf 84' lang='grc' dir='ltr'>ὁ</span> <span class='ocrx_word' id='word_1_491' title='bbox 877 3738 1026 3809; x_wconf 79' lang='grc' dir='ltr'>ἥλιος</span> <span class='ocrx_word' id='word_1_492' title='bbox 1053 3742 1334 3812; x_wconf 86' lang='grc' dir='ltr'>παραίτιος</span> <span class='ocrx_word' id='word_1_493' title='bbox 1363 3744 1471 3797; x_wconf 85' lang='grc' dir='ltr'>τῶν</span> <span class='ocrx_word' id='word_1_494' title='bbox 1497 3746 1811 3815; x_wconf 84' lang='grc' dir='ltr'>καυμάτων,</span> 
     </span>
    </p>
   </div>
   <div class='ocr_carea' id='block_1_68' title="bbox 236 3823 1817 3907">
    <p class='ocr_par' dir='ltr' id='par_1_68' title="bbox 236 3823 1817 3907">
     <span class='ocr_line' id='line_1_69' title="bbox 236 3823 1817 3907; baseline 0.008 -30"><span class='ocrx_word' id='word_1_495' title='bbox 236 3823 385 3877; x_wconf 59' lang='grc' dir='ltr'>κατὰ</span> <span class='ocrx_word' id='word_1_496' title='bbox 420 3825 495 3880; x_wconf 67' lang='grc' dir='ltr'><strong>τὸ.</strong></span> <span class='ocrx_word' id='word_1_497' title='bbox 517 3827 736 3898; x_wconf 81' lang='grc' dir='ltr'>συνεχὲς</span> <span class='ocrx_word' id='word_1_498' title='bbox 778 3828 869 3882; x_wconf 88' lang='grc' dir='ltr'>τὸν</span> <span class='ocrx_word' id='word_1_499' title='bbox 901 3830 1062 3886; x_wconf 76' lang='grc' dir='ltr'>αὐτὸν</span> <span class='ocrx_word' id='word_1_500' title='bbox 1094 3834 1254 3886; x_wconf 87' lang='grc' dir='ltr'>τόπον</span> <span class='ocrx_word' id='word_1_501' title='bbox 1287 3835 1385 3905; x_wconf 75' lang='grc' dir='ltr'>τῆς</span> <span class='ocrx_word' id='word_1_502' title='bbox 1411 3837 1672 3907; x_wconf 82' lang='grc' dir='ltr'>οἰκήσεως</span> <span class='ocrx_word' id='word_1_503' title='bbox 1698 3839 1817 3891; x_wconf 83' lang='grc' dir='ltr'>ἐπι-</span> 
     </span>
    </p>
   </div>
   <div class='ocr_carea' id='block_1_69' title="bbox 235 3918 1815 3998">
    <p class='ocr_par' dir='ltr' id='par_1_69' title="bbox 235 3918 1815 3998">
     <span class='ocr_line' id='line_1_70' title="bbox 235 3918 1815 3998; baseline 0.005 -25"><span class='ocrx_word' id='word_1_504' title='bbox 235 3918 623 3989; x_wconf 68' lang='grc' dir='ltr'>πορευόμενος.</span> <span class='ocrx_word' id='word_1_505' title='bbox 652 3921 728 3974; x_wconf 81' lang='grc' dir='ltr'><strong>Οὐ</strong></span> <span class='ocrx_word' id='word_1_506' title='bbox 760 3920 1043 3993; x_wconf 86' lang='grc' dir='ltr'>δυνάμενοι</span> <span class='ocrx_word' id='word_1_507' title='bbox 1074 3923 1130 3977; x_wconf 83' lang='grc' dir='ltr'>δὲ</span> <span class='ocrx_word' id='word_1_508' title='bbox 1163 3925 1346 3997; x_wconf 79' lang='grc' dir='ltr'>κοινὴν</span> <span class='ocrx_word' id='word_1_509' title='bbox 1378 3927 1586 3998; x_wconf 81' lang='grc' dir='ltr'>ἡμέραν</span> <span class='ocrx_word' id='word_1_510' title='bbox 1616 3928 1815 3982; x_wconf 75' lang='grc' dir='ltr'>ἅπασιν</span> 
     </span>
    </p>
   </div>
   <div class='ocr_carea' id='block_1_70' title="bbox 233 4007 1812 4090">
    <p class='ocr_par' dir='ltr' id='par_1_70' title="bbox 233 4007 1812 4090">
     <span class='ocr_line' id='line_1_71' title="bbox 233 4007 1812 4090; baseline 0.007 -30"><span class='ocrx_word' id='word_1_511' title='bbox 233 4008 527 4080; x_wconf 76' lang='grc' dir='ltr'>ἀφορίσαι,</span> <span class='ocrx_word' id='word_1_512' title='bbox 556 4011 614 4063; x_wconf 84' lang='grc' dir='ltr'><strong>ἐν</strong></span> <span class='ocrx_word' id='word_1_513' title='bbox 694 4012 931 4081; x_wconf 83' lang='grc' dir='ltr'>γίνονται</span> <span class='ocrx_word' id='word_1_514' title='bbox 972 4018 1026 4069; x_wconf 89' lang='grc' dir='ltr'>αἱ</span> <span class='ocrx_word' id='word_1_515' title='bbox 1053 4017 1330 4083; x_wconf 84' lang='grc' dir='ltr'>ἐπιτάσεις</span> <span class='ocrx_word' id='word_1_516' title='bbox 1358 4018 1465 4071; x_wconf 85' lang='grc' dir='ltr'><strong>τῶν</strong></span> <span class='ocrx_word' id='word_1_517' title='bbox 1498 4020 1812 4090; x_wconf 71' lang='grc' dir='ltr'>καυμάτων,</span> 
     </span>
    </p>
   </div>
   <div class='ocr_carea' id='block_1_71' title="bbox 236 4100 1812 4181">
    <p class='ocr_par' dir='ltr' id='par_1_71' title="bbox 236 4100 1812 4181">
     <span class='ocr_line' id='line_1_72' title="bbox 236 4100 1812 4181; baseline 0.008 -30"><span class='ocrx_word' id='word_1_518' title='bbox 236 4100 366 4152; x_wconf 68' lang='grc' dir='ltr'>ἐπεὶ</span> <span class='ocrx_word' id='word_1_519' title='bbox 387 4101 528 4155; x_wconf 84' lang='grc' dir='ltr'>κατὰ</span> <span class='ocrx_word' id='word_1_520' title='bbox 540 4102 727 4159; x_wconf 78' lang='grc' dir='ltr'>τοῦτον</span> <span class='ocrx_word' id='word_1_521' title='bbox 751 4105 841 4159; x_wconf 86' lang='grc' dir='ltr'><strong>τὸν</strong></span> <span class='ocrx_word' id='word_1_522' title='bbox 870 4105 1059 4177; x_wconf 83' lang='grc' dir='ltr'>καιρὸν</span> <span class='ocrx_word' id='word_1_523' title='bbox 1086 4108 1367 4163; x_wconf 83' lang='grc' dir='ltr'>ἐπέτελλεν</span> <span class='ocrx_word' id='word_1_524' title='bbox 1388 4102 1543 4173; x_wconf 76' lang='grc' dir='ltr'>οὗτος</span> <span class='ocrx_word' id='word_1_525' title='bbox 1563 4112 1591 4163; x_wconf 84' lang='grc' dir='ltr'>ὁ</span> <span class='ocrx_word' id='word_1_526' title='bbox 1618 4110 1812 4181; x_wconf 78' lang='grc' dir='ltr'>άστὴρ,</span> 
     </span>
    </p>
   </div>
   <div class='ocr_carea' id='block_1_72' title="bbox 242 4190 1529 4271">
    <p class='ocr_par' dir='ltr' id='par_1_72' title="bbox 242 4190 1529 4271">
     <span class='ocr_line' id='line_1_73' title="bbox 242 4190 1529 4271; baseline 0.012 -30"><span class='ocrx_word' id='word_1_527' title='bbox 242 4191 306 4261; x_wconf 75' lang='grc' dir='ltr'>τῇ</span> <span class='ocrx_word' id='word_1_528' title='bbox 331 4190 525 4246; x_wconf 82' lang='grc' dir='ltr'>τούτου</span> <span class='ocrx_word' id='word_1_529' title='bbox 565 4196 724 4264; x_wconf 84' lang='grc' dir='ltr'>φάσει</span> <span class='ocrx_word' id='word_1_530' title='bbox 760 4197 851 4250; x_wconf 84' lang='grc' dir='ltr'><strong>τὸν</strong></span> <span class='ocrx_word' id='word_1_531' title='bbox 886 4199 1078 4270; x_wconf 79' lang='grc' dir='ltr'>καιρὸν</span> <span class='ocrx_word' id='word_1_532' title='bbox 1105 4201 1529 4271; x_wconf 81' lang='grc' dir='ltr'>ἐσημειώσαντο.</span> 
     </span>
    </p>
   </div>
   <div class='ocr_carea' id='block_1_73' title="bbox 313 4282 1817 4361">
    <p class='ocr_par' dir='ltr' id='par_1_73' title="bbox 313 4282 1817 4361">
     <span class='ocr_line' id='line_1_74' title="bbox 313 4282 1817 4361; baseline 0.007 -27"><span class='ocrx_word' id='word_1_533' title='bbox 313 4282 437 4335; x_wconf 82' lang='grc' dir='ltr'>Ὀτι</span> <span class='ocrx_word' id='word_1_534' title='bbox 456 4283 517 4336; x_wconf 86' lang='grc' dir='ltr'><strong>δέ</strong></span> <span class='ocrx_word' id='word_1_535' title='bbox 534 4284 632 4336; x_wconf 75' lang='grc' dir='ltr'><strong>οὐκ</strong></span> <span class='ocrx_word' id='word_1_536' title='bbox 657 4285 801 4340; x_wconf 70' lang='grc' dir='ltr'>ἐστιν</span> <span class='ocrx_word' id='word_1_537' title='bbox 830 4288 858 4339; x_wconf 83' lang='grc' dir='ltr'><strong>ό</strong></span> <span class='ocrx_word' id='word_1_538' title='bbox 890 4287 1063 4360; x_wconf 77' lang='grc' dir='ltr'>ἀστὴρ</span> <span class='ocrx_word' id='word_1_539' title='bbox 1089 4289 1371 4361; x_wconf 84' lang='grc' dir='ltr'>παραίτιος</span> <span class='ocrx_word' id='word_1_540' title='bbox 1394 4290 1494 4360; x_wconf 80' lang='grc' dir='ltr'>τῆς</span> <span class='ocrx_word' id='word_1_541' title='bbox 1518 4292 1817 4355; x_wconf 82' lang='grc' dir='ltr'>ἐπιτάσεως</span> 
     </span>
    </p>
   </div>
   <div class='ocr_carea' id='block_1_74' title="bbox 236 4372 1815 4454">
    <p class='ocr_par' dir='ltr' id='par_1_74' title="bbox 236 4372 1815 4454">
     <span class='ocr_line' id='line_1_75' title="bbox 236 4372 1815 4454; baseline 0.006 -28"><span class='ocrx_word' id='word_1_542' title='bbox 236 4372 349 4427; x_wconf 78' lang='grc' dir='ltr'>τῶν</span> <span class='ocrx_word' id='word_1_543' title='bbox 374 4374 690 4445; x_wconf 86' lang='grc' dir='ltr'>καυμάτων,</span> <span class='ocrx_word' id='word_1_544' title='bbox 714 4379 777 4430; x_wconf 88' lang='grc' dir='ltr'><strong>ἐκ</strong></span> <span class='ocrx_word' id='word_1_545' title='bbox 803 4376 909 4430; x_wconf 86' lang='grc' dir='ltr'>τῶν</span> <span class='ocrx_word' id='word_1_546' title='bbox 936 4378 1185 4448; x_wconf 85' lang='grc' dir='ltr'>λέγεσθαι</span> <span class='ocrx_word' id='word_1_547' title='bbox 1230 4380 1529 4450; x_wconf 87' lang='grc' dir='ltr'>μελλόντων</span> <span class='ocrx_word' id='word_1_548' title='bbox 1564 4383 1815 4454; x_wconf 88' lang='grc' dir='ltr'>φανερόν.</span> 
     </span>
    </p>
   </div>
   <div class='ocr_carea' id='block_1_75' title="bbox 1923 3555 2395 3613">
    <p class='ocr_par' dir='ltr' id='par_1_75' title="bbox 1923 3555 2395 3613">
     <span class='ocr_line' id='line_1_76' title="bbox 1923 3555 2395 3613; baseline -0.004 0"><span class='ocrx_word' id='word_1_549' title='bbox 1923 3558 2072 3613; x_wconf 87' lang='lat' dir='ltr'><strong>tibus</strong></span> <span class='ocrx_word' id='word_1_550' title='bbox 2094 3572 2217 3611; x_wconf 90' lang='lat' dir='ltr'><strong>cum</strong></span> <span class='ocrx_word' id='word_1_551' title='bbox 2258 3555 2395 3611; x_wconf 90' lang='lat' dir='ltr'><strong>sole.</strong></span> 
     </span>
    </p>
   </div>
   <div class='ocr_carea' id='block_1_76' title="bbox 1990 3724 3480 3806">
    <p class='ocr_par' dir='ltr' id='par_1_76' title="bbox 1990 3724 3480 3806">
     <span class='ocr_line' id='line_1_77' title="bbox 1990 3724 3480 3806; baseline -0.01 -13"><span class='ocrx_word' id='word_1_552' title='bbox 1990 3738 2089 3793; x_wconf 86' lang='lat' dir='ltr'><strong>Est</strong></span> <span class='ocrx_word' id='word_1_553' title='bbox 2121 3746 2300 3791; x_wconf 90' lang='lat' dir='ltr'><strong>autem</strong></span> <span class='ocrx_word' id='word_1_554' title='bbox 2331 3735 2451 3806; x_wconf 90' lang='lat' dir='ltr'><strong>ipse</strong></span> <span class='ocrx_word' id='word_1_555' title='bbox 2492 3732 2574 3789; x_wconf 90' lang='lat' dir='ltr'><strong>sol</strong></span> <span class='ocrx_word' id='word_1_556' title='bbox 2606 3744 2774 3787; x_wconf 89' lang='lat' dir='ltr'><strong>causa</strong></span> <span class='ocrx_word' id='word_1_557' title='bbox 2806 3735 3058 3792; x_wconf 67' lang='lat' dir='ltr'><strong>aestuum,</strong></span> <span class='ocrx_word' id='word_1_558' title='bbox 3110 3724 3373 3780; x_wconf 87' lang='lat' dir='ltr'><strong>continuo</strong></span> <span class='ocrx_word' id='word_1_559' title='bbox 3412 3724 3480 3778; x_wconf 92' lang='lat' dir='ltr'><strong>ad</strong></span> 
     </span>
    </p>
   </div>
   <div class='ocr_carea' id='block_1_77' title="bbox 1919 3821 3482 3891">
    <p class='ocr_par' dir='ltr' id='par_1_77' title="bbox 1919 3821 3482 3891">
     <span class='ocr_line' id='line_1_78' title="bbox 1919 3821 3482 3891; baseline -0.012 0"><span class='ocrx_word' id='word_1_560' title='bbox 1919 3832 2168 3891; x_wconf 85' lang='lat' dir='ltr'><strong>eumdem</strong></span> <span class='ocrx_word' id='word_1_561' title='bbox 2212 3832 2390 3886; x_wconf 90' lang='lat' dir='ltr'><strong>locum</strong></span> <span class='ocrx_word' id='word_1_562' title='bbox 2422 3826 2773 3884; x_wconf 90' lang='lat' dir='ltr'><strong>habitationis</strong></span> <span class='ocrx_word' id='word_1_563' title='bbox 2802 3825 3085 3881; x_wconf 89' lang='lat' dir='ltr'><strong>accedens.</strong></span> <span class='ocrx_word' id='word_1_564' title='bbox 3111 3821 3247 3876; x_wconf 85' lang='lat' dir='ltr'><strong>Cum</strong></span> <span class='ocrx_word' id='word_1_565' title='bbox 3301 3827 3482 3874; x_wconf 91' lang='lat' dir='ltr'><strong>autem</strong></span> 
     </span>
    </p>
   </div>
   <div class='ocr_carea' id='block_1_78' title="bbox 1922 3912 3481 3996">
    <p class='ocr_par' dir='ltr' id='par_1_78' title="bbox 1922 3912 3481 3996">
     <span class='ocr_line' id='line_1_79' title="bbox 1922 3912 3481 3996; baseline -0.011 -13"><span class='ocrx_word' id='word_1_566' title='bbox 1922 3941 2032 3983; x_wconf 85' lang='lat' dir='ltr'><strong>non</strong></span> <span class='ocrx_word' id='word_1_567' title='bbox 2061 3931 2284 3996; x_wconf 90' lang='lat' dir='ltr'><strong>possent</strong></span> <span class='ocrx_word' id='word_1_568' title='bbox 2315 3921 2568 3978; x_wconf 89' lang='lat' dir='ltr'><strong>omnibus</strong></span> <span class='ocrx_word' id='word_1_569' title='bbox 2600 3919 2913 3974; x_wconf 88' lang='lat' dir='ltr'><strong>hominibus</strong></span> <span class='ocrx_word' id='word_1_570' title='bbox 2958 3929 3302 3972; x_wconf 87' lang='lat' dir='ltr'><strong>communem</strong></span> <span class='ocrx_word' id='word_1_571' title='bbox 3338 3912 3481 3968; x_wconf 91' lang='lat' dir='ltr'><strong>diem</strong></span> 
     </span>
    </p>
   </div>
   <div class='ocr_carea' id='block_1_79' title="bbox 1922 4005 3480 4086">
    <p class='ocr_par' dir='ltr' id='par_1_79' title="bbox 1922 4005 3480 4086">
     <span class='ocr_line' id='line_1_80' title="bbox 1922 4005 3480 4086; baseline -0.012 -11"><span class='ocrx_word' id='word_1_572' title='bbox 1922 4018 2306 4083; x_wconf 88' lang='lat' dir='ltr'><strong>determinare,</strong></span> <span class='ocrx_word' id='word_1_573' title='bbox 2342 4016 2397 4070; x_wconf 91' lang='lat' dir='ltr'><strong>in</strong></span> <span class='ocrx_word' id='word_1_574' title='bbox 2428 4029 2537 4086; x_wconf 90' lang='lat' dir='ltr'><strong>qua</strong></span> <span class='ocrx_word' id='word_1_575' title='bbox 2568 4012 2650 4067; x_wconf 87' lang='lat' dir='ltr'><strong>hae</strong></span> <span class='ocrx_word' id='word_1_576' title='bbox 2697 4011 3034 4066; x_wconf 86' lang='lat' dir='ltr'><strong>inteusiones</strong></span> <span class='ocrx_word' id='word_1_577' title='bbox 3060 4019 3288 4064; x_wconf 76' lang='lat' dir='ltr'><strong>aestuum</strong></span> <span class='ocrx_word' id='word_1_578' title='bbox 3323 4005 3480 4069; x_wconf 90' lang='lat' dir='ltr'><strong>ﬁunt,</strong></span> 
     </span>
    </p>
   </div>
   <div class='ocr_carea' id='block_1_80' title="bbox 1922 4096 3484 4183">
    <p class='ocr_par' dir='ltr' id='par_1_80' title="bbox 1922 4096 3484 4183">
     <span class='ocr_line' id='line_1_81' title="bbox 1922 4096 3484 4183; baseline -0.01 -17"><span class='ocrx_word' id='word_1_579' title='bbox 1922 4126 2157 4183; x_wconf 90' lang='lat' dir='ltr'><strong>cumque</strong></span> <span class='ocrx_word' id='word_1_580' title='bbox 2185 4111 2332 4165; x_wconf 89' lang='lat' dir='ltr'><strong>circa</strong></span> <span class='ocrx_word' id='word_1_581' title='bbox 2364 4108 2468 4164; x_wconf 87' lang='lat' dir='ltr'><strong>hoc</strong></span> <span class='ocrx_word' id='word_1_582' title='bbox 2510 4115 2724 4177; x_wconf 91' lang='lat' dir='ltr'><strong>tempus</strong></span> <span class='ocrx_word' id='word_1_583' title='bbox 2756 4104 2869 4158; x_wconf 70' lang='lat' dir='ltr'><strong>haec</strong></span> <span class='ocrx_word' id='word_1_584' title='bbox 2911 4102 3064 4159; x_wconf 90' lang='lat' dir='ltr'><strong>stella</strong></span> <span class='ocrx_word' id='word_1_585' title='bbox 3095 4102 3348 4163; x_wconf 88' lang='lat' dir='ltr'><strong>oriretur,</strong></span> <span class='ocrx_word' id='word_1_586' title='bbox 3383 4096 3484 4151; x_wconf 86' lang='lat' dir='ltr'><strong>bn-</strong></span> 
     </span>
    </p>
   </div>
   <div class='ocr_carea' id='block_1_81' title="bbox 1918 4194 3269 4276">
    <p class='ocr_par' dir='ltr' id='par_1_81' title="bbox 1918 4194 3269 4276">
     <span class='ocr_line' id='line_1_82' title="bbox 1918 4194 3269 4276; baseline -0.013 -15"><span class='ocrx_word' id='word_1_587' title='bbox 1918 4204 2013 4276; x_wconf 90' lang='lat' dir='ltr'><strong>jus</strong></span> <span class='ocrx_word' id='word_1_588' title='bbox 2051 4202 2390 4274; x_wconf 86' lang='lat' dir='ltr'><strong>apparitione</strong></span> <span class='ocrx_word' id='word_1_589' title='bbox 2423 4201 2525 4255; x_wconf 89' lang='lat' dir='ltr'><strong>hoc</strong></span> <span class='ocrx_word' id='word_1_590' title='bbox 2562 4208 2776 4268; x_wconf 89' lang='lat' dir='ltr'><strong>tempus</strong></span> <span class='ocrx_word' id='word_1_591' title='bbox 2811 4194 3269 4266; x_wconf 62' lang='lat' dir='ltr'><strong>signiﬁcat-erunt.</strong></span> 
     </span>
    </p>
   </div>
   <div class='ocr_carea' id='block_1_82' title="bbox 1996 4279 3590 4364">
    <p class='ocr_par' dir='ltr' id='par_1_82' title="bbox 1996 4279 3590 4364">
     <span class='ocr_line' id='line_1_83' title="bbox 1996 4279 3590 4364; baseline -0.013 -12"><span class='ocrx_word' id='word_1_592' title='bbox 1996 4296 2153 4364; x_wconf 83' lang='lat' dir='ltr'><strong>Quod</strong></span> <span class='ocrx_word' id='word_1_593' title='bbox 2189 4303 2368 4351; x_wconf 90' lang='lat' dir='ltr'><strong>autem</strong></span> <span class='ocrx_word' id='word_1_594' title='bbox 2398 4293 2514 4348; x_wconf 63' lang='lat' dir='ltr'><strong>haec</strong></span> <span class='ocrx_word' id='word_1_595' title='bbox 2542 4291 2697 4348; x_wconf 83' lang='lat' dir='ltr'><strong>stella</strong></span> <span class='ocrx_word' id='word_1_596' title='bbox 2729 4304 2836 4343; x_wconf 90' lang='lat' dir='ltr'><strong>non</strong></span> <span class='ocrx_word' id='word_1_597' title='bbox 2867 4288 2939 4343; x_wconf 89' lang='lat' dir='ltr'><strong>sit</strong></span> <span class='ocrx_word' id='word_1_598' title='bbox 2968 4299 3132 4341; x_wconf 89' lang='lat' dir='ltr'><strong>causa</strong></span> <span class='ocrx_word' id='word_1_599' title='bbox 3157 4279 3483 4337; x_wconf 89' lang='lat' dir='ltr'><strong>intensionis</strong></span> <span class='ocrx_word' id='word_1_600' title='bbox 3582 4335 3590 4344; x_wconf 65' lang='grc'><strong>,</strong></span> 
     </span>
    </p>
   </div>
   <div class='ocr_carea' id='block_1_83' title="bbox 1924 4371 3482 4459">
    <p class='ocr_par' dir='ltr' id='par_1_83' title="bbox 1924 4371 3482 4459">
     <span class='ocr_line' id='line_1_84' title="bbox 1924 4371 3482 4459; baseline -0.015 -12"><span class='ocrx_word' id='word_1_601' title='bbox 1924 4398 2178 4453; x_wconf 71' lang='lat' dir='ltr'><strong>aestuum,</strong></span> <span class='ocrx_word' id='word_1_602' title='bbox 2230 4403 2298 4444; x_wconf 77' lang='lat' dir='ltr'><strong>ex</strong></span> <span class='ocrx_word' id='word_1_603' title='bbox 2351 4387 2420 4441; x_wconf 89' lang='lat' dir='ltr'><strong>iis</strong></span> <span class='ocrx_word' id='word_1_604' title='bbox 2467 4381 2902 4459; x_wconf 33' lang='lat' dir='ltr'><strong>quandicentur</strong></span> <span class='ocrx_word' id='word_1_605' title='bbox 2953 4378 3057 4433; x_wconf 90' lang='lat' dir='ltr'><strong>erit</strong></span> <span class='ocrx_word' id='word_1_606' title='bbox 3111 4371 3482 4430; x_wconf 80' lang='lat' dir='ltr'><strong>manifestum.</strong></span> 
     </span>
    </p>
   </div>
   <div class='ocr_carea' id='block_1_84' title="bbox 237 4463 1815 4546">
    <p class='ocr_par' dir='ltr' id='par_1_84' title="bbox 237 4463 1815 4545">
     <span class='ocr_line' id='line_1_85' title="bbox 237 4463 1815 4545; baseline 0.006 -28"><span class='ocrx_word' id='word_1_607' title='bbox 237 4463 466 4536; x_wconf 84' lang='grc' dir='ltr'>Πρῶτον</span> <span class='ocrx_word' id='word_1_608' title='bbox 520 4467 616 4537; x_wconf 78' lang='grc' dir='ltr'>μὲν</span> <span class='ocrx_word' id='word_1_609' title='bbox 656 4468 765 4540; x_wconf 83' lang='grc' dir='ltr'><strong>γὰρ</strong></span> <span class='ocrx_word' id='word_1_610' title='bbox 802 4469 1061 4533; x_wconf 85' lang='grc' dir='ltr'>πολλάκις</span> <span class='ocrx_word' id='word_1_611' title='bbox 1095 4471 1542 4532; x_wconf 87' lang='grc' dir='ltr'>συνανατέλλουσι</span> <span class='ocrx_word' id='word_1_612' title='bbox 1574 4472 1651 4543; x_wconf 85' lang='grc' dir='ltr'>τῷ</span> <span class='ocrx_word' id='word_1_613' title='bbox 1683 4473 1815 4545; x_wconf 83' lang='grc' dir='ltr'>ἡλίῳ</span> 
     </span>
    </p>
   </div>
   <div class='ocr_carea' id='block_1_85' title="bbox 1925 4463 3484 4546">
    <p class='ocr_par' dir='ltr' id='par_1_85' title="bbox 1926 4464 3484 4546">
     <span class='ocr_line' id='line_1_86' title="bbox 1926 4464 3484 4546; baseline -0.013 -10"><span class='ocrx_word' id='word_1_614' title='bbox 1926 4481 2168 4536; x_wconf 86' lang='lat' dir='ltr'><strong>Primum</strong></span> <span class='ocrx_word' id='word_1_615' title='bbox 2198 4479 2341 4535; x_wconf 89' lang='lat' dir='ltr'><strong>enim</strong></span> <span class='ocrx_word' id='word_1_616' title='bbox 2374 4491 2517 4546; x_wconf 74' lang='lat' dir='ltr'><strong>saepe</strong></span> <span class='ocrx_word' id='word_1_617' title='bbox 2542 4472 2863 4529; x_wconf 87' lang='lat' dir='ltr'><strong>cooriuntur</strong></span> <span class='ocrx_word' id='word_1_618' title='bbox 2894 4483 3017 4525; x_wconf 87' lang='lat' dir='ltr'><strong>cum</strong></span> <span class='ocrx_word' id='word_1_619' title='bbox 3051 4466 3166 4522; x_wconf 90' lang='lat' dir='ltr'><strong>sole</strong></span> <span class='ocrx_word' id='word_1_620' title='bbox 3217 4472 3272 4519; x_wconf 88' lang='lat' dir='ltr'><strong>et</strong></span> <span class='ocrx_word' id='word_1_621' title='bbox 3300 4464 3484 4532; x_wconf 85' lang='lat' dir='ltr'><strong>plures</strong></span> 
     </span>
    </p>
   </div>
   <div class='ocr_carea' id='block_1_86' title="bbox 238 4548 1815 4641">
    <p class='ocr_par' dir='ltr' id='par_1_86' title="bbox 238 4557 1813 4637">
     <span class='ocr_line' id='line_1_87' title="bbox 238 4557 1813 4637; baseline 0.008 -28"><span class='ocrx_word' id='word_1_622' title='bbox 238 4557 337 4610; x_wconf 78' lang='grc' dir='ltr'>καὶ</span> <span class='ocrx_word' id='word_1_623' title='bbox 365 4558 611 4623; x_wconf 88' lang='grc' dir='ltr'>πλείονες</span> <span class='ocrx_word' id='word_1_624' title='bbox 644 4561 737 4614; x_wconf 75' lang='grc' dir='ltr'><strong>καὶ</strong></span> <span class='ocrx_word' id='word_1_625' title='bbox 769 4560 1011 4632; x_wconf 78' lang='grc' dir='ltr'>μείζονες</span> <span class='ocrx_word' id='word_1_626' title='bbox 1040 4563 1266 4635; x_wconf 81' lang='grc' dir='ltr'>ἀστέρες</span> <span class='ocrx_word' id='word_1_627' title='bbox 1284 4606 1300 4631; x_wconf 87' lang='grc'><strong>,</strong></span> <span class='ocrx_word' id='word_1_628' title='bbox 1329 4566 1423 4619; x_wconf 73' lang='grc' dir='ltr'><strong>καὶ</strong></span> <span class='ocrx_word' id='word_1_629' title='bbox 1449 4565 1699 4637; x_wconf 75' lang='grc' dir='ltr'>οὐδεμίαν</span> <span class='ocrx_word' id='word_1_630' title='bbox 1727 4569 1813 4621; x_wconf 80' lang='grc' dir='ltr'>αἰ-</span> 
     </span>
    </p>
   </div>
   <div class='ocr_carea' id='block_1_87' title="bbox 1925 4548 3487 4641">
    <p class='ocr_par' dir='ltr' id='par_1_87' title="bbox 1925 4554 3487 4641">
     <span class='ocr_line' id='line_1_88' title="bbox 1925 4554 3487 4641; baseline -0.014 -13"><span class='ocrx_word' id='word_1_631' title='bbox 1925 4581 1979 4628; x_wconf 86' lang='lat' dir='ltr'><strong>et</strong></span> <span class='ocrx_word' id='word_1_632' title='bbox 2031 4571 2268 4641; x_wconf 87' lang='lat' dir='ltr'><strong>majores</strong></span> <span class='ocrx_word' id='word_1_633' title='bbox 2301 4568 2499 4632; x_wconf 65' lang='lat' dir='ltr'><strong>stellae,</strong></span> <span class='ocrx_word' id='word_1_634' title='bbox 2530 4574 2584 4620; x_wconf 89' lang='lat' dir='ltr'><strong>et</strong></span> <span class='ocrx_word' id='word_1_635' title='bbox 2630 4563 2833 4618; x_wconf 89' lang='lat' dir='ltr'><strong>nullam</strong></span> <span class='ocrx_word' id='word_1_636' title='bbox 2886 4559 3198 4617; x_wconf 85' lang='lat' dir='ltr'><strong>sensibilem</strong></span> <span class='ocrx_word' id='word_1_637' title='bbox 3247 4554 3487 4610; x_wconf 84' lang='lat' dir='ltr'><strong>elﬁciunt</strong></span> 
     </span>
    </p>
   </div>
   <div class='ocr_carea' id='block_1_88' title="bbox 242 4648 1819 4726">
    <p class='ocr_par' dir='ltr' id='par_1_88' title="bbox 242 4648 1819 4726">
     <span class='ocr_line' id='line_1_89' title="bbox 242 4648 1819 4726; baseline 0.006 -24"><span class='ocrx_word' id='word_1_638' title='bbox 242 4648 447 4722; x_wconf 83' lang='grc' dir='ltr'>σθητὴν</span> <span class='ocrx_word' id='word_1_639' title='bbox 485 4652 693 4706; x_wconf 79' lang='grc' dir='ltr'>ποιοῦσι</span> <span class='ocrx_word' id='word_1_640' title='bbox 727 4653 1100 4726; x_wconf 79' lang='grc' dir='ltr'>παραλλαγὴν,</span> <span class='ocrx_word' id='word_1_641' title='bbox 1131 4655 1244 4708; x_wconf 85' lang='grc' dir='ltr'>ἀλλ’</span> <span class='ocrx_word' id='word_1_642' title='bbox 1302 4655 1448 4711; x_wconf 77' lang='grc' dir='ltr'>ἔστιν</span> <span class='ocrx_word' id='word_1_643' title='bbox 1481 4658 1568 4711; x_wconf 84' lang='grc' dir='ltr'><strong>ὅτε</strong></span> <span class='ocrx_word' id='word_1_644' title='bbox 1604 4659 1667 4711; x_wconf 87' lang='grc' dir='ltr'><strong>ἐκ</strong></span> <span class='ocrx_word' id='word_1_645' title='bbox 1709 4658 1819 4711; x_wconf 81' lang='grc' dir='ltr'><strong>τῶν</strong></span> 
     </span>
    </p>
   </div>
   <div class='ocr_carea' id='block_1_89' title="bbox 194 4742 1817 4821">
    <p class='ocr_par' dir='ltr' id='par_1_89' title="bbox 194 4742 1817 4821">
     <span class='ocr_line' id='line_1_90' title="bbox 194 4742 1817 4821; baseline 0.005 -27"><span class='ocrx_word' id='word_1_646' title='bbox 194 4817 199 4821; x_wconf 14' lang='grc' dir='ltr'><strong>φ</strong></span> <span class='ocrx_word' id='word_1_647' title='bbox 241 4742 502 4797; x_wconf 66' lang='grc' dir='ltr'>ἐναντίων</span> <span class='ocrx_word' id='word_1_648' title='bbox 531 4744 589 4796; x_wconf 83' lang='grc' dir='ltr'><strong>ἐν</strong></span> <span class='ocrx_word' id='word_1_649' title='bbox 620 4746 739 4807; x_wconf 85' lang='grc' dir='ltr'>ταῖς</span> <span class='ocrx_word' id='word_1_650' title='bbox 771 4745 1041 4809; x_wconf 86' lang='grc' dir='ltr'>ἐπιτολαῖς</span> <span class='ocrx_word' id='word_1_651' title='bbox 1069 4747 1246 4800; x_wconf 84' lang='grc' dir='ltr'>αὐτῶν</span> <span class='ocrx_word' id='word_1_652' title='bbox 1272 4749 1364 4802; x_wconf 76' lang='grc' dir='ltr'>καὶ</span> <span class='ocrx_word' id='word_1_653' title='bbox 1393 4747 1577 4802; x_wconf 85' lang='grc' dir='ltr'>δύσεσι</span> <span class='ocrx_word' id='word_1_654' title='bbox 1614 4748 1817 4820; x_wconf 87' lang='grc' dir='ltr'>χειμῶ-</span> 
     </span>
    </p>
   </div>
   <div class='ocr_carea' id='block_1_90' title="bbox 238 4834 1818 4911">
    <p class='ocr_par' dir='ltr' id='par_1_90' title="bbox 238 4834 1818 4911">
     <span class='ocr_line' id='line_1_91' title="bbox 238 4834 1818 4911; baseline 0.006 -27"><span class='ocrx_word' id='word_1_655' title='bbox 238 4848 333 4895; x_wconf 88' lang='grc' dir='ltr'><strong>νες</strong></span> <span class='ocrx_word' id='word_1_656' title='bbox 373 4834 634 4902; x_wconf 88' lang='grc' dir='ltr'>γίνονται,</span> <span class='ocrx_word' id='word_1_657' title='bbox 670 4837 763 4890; x_wconf 74' lang='grc' dir='ltr'><strong>καὶ</strong></span> <span class='ocrx_word' id='word_1_658' title='bbox 790 4838 979 4908; x_wconf 82' lang='grc' dir='ltr'>ἄνεμοι</span> <span class='ocrx_word' id='word_1_659' title='bbox 1005 4838 1201 4911; x_wconf 73' lang='grc' dir='ltr'>ψυχροὶ</span> <span class='ocrx_word' id='word_1_660' title='bbox 1239 4840 1508 4907; x_wconf 86' lang='grc' dir='ltr'>πνέουσιν,</span> <span class='ocrx_word' id='word_1_661' title='bbox 1539 4840 1614 4905; x_wconf 84' lang='grc' dir='ltr'>ὡς</span> <span class='ocrx_word' id='word_1_662' title='bbox 1655 4840 1818 4911; x_wconf 86' lang='grc' dir='ltr'>μηδὲν</span> 
     </span>
    </p>
   </div>
   <div class='ocr_carea' id='block_1_91' title="bbox 241 4924 1821 5002">
    <p class='ocr_par' dir='ltr' id='par_1_91' title="bbox 241 4924 1821 5002">
     <span class='ocr_line' id='line_1_92' title="bbox 241 4924 1821 5002; baseline 0.006 -25"><span class='ocrx_word' id='word_1_663' title='bbox 241 4924 420 4978; x_wconf 79' lang='grc' dir='ltr'>αὐτῶν</span> <span class='ocrx_word' id='word_1_664' title='bbox 452 4926 902 4999; x_wconf 82' lang='grc' dir='ltr'>συμϐαλλομένων</span> <span class='ocrx_word' id='word_1_665' title='bbox 929 4930 1064 5002; x_wconf 80' lang='grc' dir='ltr'>πρὸς</span> <span class='ocrx_word' id='word_1_666' title='bbox 1083 4930 1181 5002; x_wconf 89' lang='grc' dir='ltr'><strong>τὴν</strong></span> <span class='ocrx_word' id='word_1_667' title='bbox 1206 4931 1452 4985; x_wconf 85' lang='grc' dir='ltr'>ἐπίτασιν</span> <span class='ocrx_word' id='word_1_668' title='bbox 1477 4931 1583 4985; x_wconf 86' lang='grc' dir='ltr'><strong>τῶν</strong></span> <span class='ocrx_word' id='word_1_669' title='bbox 1615 4931 1821 5002; x_wconf 88' lang='grc' dir='ltr'>καυμά-</span> 
     </span>
    </p>
   </div>
   <div class='ocr_carea' id='block_1_92' title="bbox 241 5011 1819 5091">
    <p class='ocr_par' dir='ltr' id='par_1_92' title="bbox 241 5011 1819 5091">
     <span class='ocr_line' id='line_1_93' title="bbox 241 5011 1819 5091; baseline 0.006 -28"><span class='ocrx_word' id='word_1_670' title='bbox 241 5027 385 5064; x_wconf 85' lang='grc' dir='ltr'>των·</span> <span class='ocrx_word' id='word_1_671' title='bbox 422 5011 681 5078; x_wconf 84' lang='grc' dir='ltr'>πολλάκις</span> <span class='ocrx_word' id='word_1_672' title='bbox 715 5016 770 5069; x_wconf 88' lang='grc' dir='ltr'><strong>δέ</strong></span> <span class='ocrx_word' id='word_1_673' title='bbox 800 5016 894 5070; x_wconf 79' lang='grc' dir='ltr'>καὶ</span> <span class='ocrx_word' id='word_1_674' title='bbox 931 5018 989 5069; x_wconf 87' lang='grc' dir='ltr'><strong>ἐν</strong></span> <span class='ocrx_word' id='word_1_675' title='bbox 1042 5016 1119 5088; x_wconf 80' lang='grc' dir='ltr'>τῷ</span> <span class='ocrx_word' id='word_1_676' title='bbox 1156 5017 1304 5087; x_wconf 76' lang='grc' dir='ltr'>αὐτῴ</span> <span class='ocrx_word' id='word_1_677' title='bbox 1353 5016 1526 5090; x_wconf 81' lang='grc' dir='ltr'>ζωδίῳ</span> <span class='ocrx_word' id='word_1_678' title='bbox 1571 5018 1648 5089; x_wconf 78' lang='grc' dir='ltr'><strong>τῷ</strong></span> <span class='ocrx_word' id='word_1_679' title='bbox 1684 5019 1819 5091; x_wconf 79' lang='grc' dir='ltr'>ἡλίῳ</span> 
     </span>
    </p>
   </div>
   <div class='ocr_carea' id='block_1_93' title="bbox 241 5103 1821 5183">
    <p class='ocr_par' dir='ltr' id='par_1_93' title="bbox 241 5103 1821 5183">
     <span class='ocr_line' id='line_1_94' title="bbox 241 5103 1821 5183; baseline 0.006 -28"><span class='ocrx_word' id='word_1_680' title='bbox 241 5103 481 5170; x_wconf 84' lang='grc' dir='ltr'>γίνονται</span> <span class='ocrx_word' id='word_1_681' title='bbox 520 5106 747 5176; x_wconf 82' lang='grc' dir='ltr'>ἀστέρες</span> <span class='ocrx_word' id='word_1_682' title='bbox 778 5109 885 5163; x_wconf 86' lang='grc' dir='ltr'><strong>τῶν</strong></span> <span class='ocrx_word' id='word_1_683' title='bbox 915 5109 956 5161; x_wconf 86' lang='grc' dir='ltr'>ε’</span> <span class='ocrx_word' id='word_1_684' title='bbox 986 5109 1269 5181; x_wconf 82' lang='grc' dir='ltr'>πλανητῶν</span> <span class='ocrx_word' id='word_1_685' title='bbox 1300 5113 1349 5164; x_wconf 80' lang='grc' dir='ltr'>οἱ</span> <span class='ocrx_word' id='word_1_686' title='bbox 1386 5113 1648 5183; x_wconf 85' lang='grc' dir='ltr'>μέγιστοι,</span> <span class='ocrx_word' id='word_1_687' title='bbox 1685 5113 1821 5165; x_wconf 85' lang='grc' dir='ltr'>Φαέ-</span> 
     </span>
    </p>
   </div>
   <div class='ocr_carea' id='block_1_94' title="bbox 243 5192 1820 5271">
    <p class='ocr_par' dir='ltr' id='par_1_94' title="bbox 243 5192 1820 5271">
     <span class='ocr_line' id='line_1_95' title="bbox 243 5192 1820 5271; baseline 0.005 -26"><span class='ocrx_word' id='word_1_688' title='bbox 243 5193 369 5259; x_wconf 87' lang='grc' dir='ltr'>θων,</span> <span class='ocrx_word' id='word_1_689' title='bbox 411 5195 723 5267; x_wconf 81' lang='grc' dir='ltr'>Φωσφόρος,</span> <span class='ocrx_word' id='word_1_690' title='bbox 763 5198 1014 5270; x_wconf 88' lang='grc' dir='ltr'>Πυρόεις,</span> <span class='ocrx_word' id='word_1_691' title='bbox 1050 5200 1140 5268; x_wconf 87' lang='grc' dir='ltr'>ἀφ’</span> <span class='ocrx_word' id='word_1_692' title='bbox 1170 5192 1243 5253; x_wconf 81' lang='grc' dir='ltr'>ὧν</span> <span class='ocrx_word' id='word_1_693' title='bbox 1288 5202 1381 5254; x_wconf 73' lang='grc' dir='ltr'><strong>καὶ</strong></span> <span class='ocrx_word' id='word_1_694' title='bbox 1425 5201 1679 5271; x_wconf 86' lang='grc' dir='ltr'>δυνάμεις</span> <span class='ocrx_word' id='word_1_695' title='bbox 1724 5201 1820 5254; x_wconf 75' lang='grc' dir='ltr'>ἐπὶ</span> 
     </span>
    </p>
   </div>
   <div class='ocr_carea' id='block_1_95' title="bbox 241 5286 1818 5363">
    <p class='ocr_par' dir='ltr' id='par_1_95' title="bbox 241 5286 1818 5363">
     <span class='ocr_line' id='line_1_96' title="bbox 241 5286 1818 5363; baseline 0.005 -25"><span class='ocrx_word' id='word_1_696' title='bbox 241 5286 339 5357; x_wconf 78' lang='grc' dir='ltr'>τὴν</span> <span class='ocrx_word' id='word_1_697' title='bbox 366 5286 475 5355; x_wconf 74' lang='grc' dir='ltr'>γῆν</span> <span class='ocrx_word' id='word_1_698' title='bbox 504 5288 784 5352; x_wconf 80' lang='grc' dir='ltr'>πίπτουσι,</span> <span class='ocrx_word' id='word_1_699' title='bbox 816 5292 911 5363; x_wconf 70' lang='grc' dir='ltr'><strong>καὶ</strong></span> <span class='ocrx_word' id='word_1_700' title='bbox 935 5291 1089 5343; x_wconf 76' lang='grc' dir='ltr'>οὐδὲν</span> <span class='ocrx_word' id='word_1_701' title='bbox 1117 5290 1268 5362; x_wconf 81' lang='grc' dir='ltr'>παρὰ</span> <span class='ocrx_word' id='word_1_702' title='bbox 1304 5290 1401 5362; x_wconf 79' lang='grc' dir='ltr'>τὴν</span> <span class='ocrx_word' id='word_1_703' title='bbox 1434 5292 1621 5344; x_wconf 75' lang='grc' dir='ltr'>αὐτῶν·</span> <span class='ocrx_word' id='word_1_704' title='bbox 1639 5293 1818 5346; x_wconf 83' lang='grc' dir='ltr'>αίτίαν</span> 
     </span>
    </p>
   </div>
   <div class='ocr_carea' id='block_1_96' title="bbox 242 5376 1815 5454">
    <p class='ocr_par' dir='ltr' id='par_1_96' title="bbox 242 5376 1815 5454">
     <span class='ocr_line' id='line_1_97' title="bbox 242 5376 1815 5454; baseline 0.005 -25"><span class='ocrx_word' id='word_1_705' title='bbox 242 5376 642 5449; x_wconf 83' lang='grc' dir='ltr'>διαφορώτερον</span> <span class='ocrx_word' id='word_1_706' title='bbox 673 5381 803 5450; x_wconf 77' lang='grc' dir='ltr'>περὶ</span> <span class='ocrx_word' id='word_1_707' title='bbox 828 5383 916 5434; x_wconf 85' lang='grc' dir='ltr'><strong>τὸν</strong></span> <span class='ocrx_word' id='word_1_708' title='bbox 944 5382 1078 5452; x_wconf 78' lang='grc' dir='ltr'>ἀέρα</span> <span class='ocrx_word' id='word_1_709' title='bbox 1109 5383 1336 5451; x_wconf 86' lang='grc' dir='ltr'>γίνεται.</span> <span class='ocrx_word' id='word_1_710' title='bbox 1355 5380 1445 5447; x_wconf 81' lang='grc' dir='ltr'><strong>Ἐξ</strong></span> <span class='ocrx_word' id='word_1_711' title='bbox 1476 5378 1535 5437; x_wconf 73' lang='grc' dir='ltr'><strong>οὗ</strong></span> <span class='ocrx_word' id='word_1_712' title='bbox 1567 5383 1815 5454; x_wconf 71' lang='grc' dir='ltr'>φανερὸν,</span> 
     </span>
    </p>
   </div>
   <div class='ocr_carea' id='block_1_97' title="bbox 242 5470 1818 5545">
    <p class='ocr_par' dir='ltr' id='par_1_97' title="bbox 242 5470 1818 5545">
     <span class='ocr_line' id='line_1_98' title="bbox 242 5470 1818 5545; baseline 0.004 -23"><span class='ocrx_word' id='word_1_713' title='bbox 242 5470 326 5523; x_wconf 81' lang='grc' dir='ltr'>ὅτι</span> <span class='ocrx_word' id='word_1_714' title='bbox 357 5471 513 5523; x_wconf 78' lang='grc' dir='ltr'>οὐδὲν</span> <span class='ocrx_word' id='word_1_715' title='bbox 541 5471 934 5541; x_wconf 81' lang='grc' dir='ltr'>συμϐάλλονται</span> <span class='ocrx_word' id='word_1_716' title='bbox 961 5474 1096 5544; x_wconf 77' lang='grc' dir='ltr'>πρὸς</span> <span class='ocrx_word' id='word_1_717' title='bbox 1128 5475 1226 5545; x_wconf 80' lang='grc' dir='ltr'><strong>τὴν</strong></span> <span class='ocrx_word' id='word_1_718' title='bbox 1259 5473 1507 5527; x_wconf 85' lang='grc' dir='ltr'>ἐπίτασιν</span> <span class='ocrx_word' id='word_1_719' title='bbox 1547 5475 1651 5527; x_wconf 75' lang='grc' dir='ltr'><strong>τῶν</strong></span> <span class='ocrx_word' id='word_1_720' title='bbox 1684 5492 1818 5528; x_wconf 90' lang='grc' dir='ltr'>καυ-</span> 
     </span>
    </p>
   </div>
   <div class='ocr_carea' id='block_1_98' title="bbox 247 5561 1819 5639">
    <p class='ocr_par' dir='ltr' id='par_1_98' title="bbox 247 5561 1819 5639">
     <span class='ocr_line' id='line_1_99' title="bbox 247 5561 1819 5639; baseline 0.004 -25"><span class='ocrx_word' id='word_1_721' title='bbox 247 5563 434 5632; x_wconf 86' lang='grc' dir='ltr'>μάτων</span> <span class='ocrx_word' id='word_1_722' title='bbox 467 5561 580 5615; x_wconf 80' lang='grc' dir='ltr'>οὔθ’</span> <span class='ocrx_word' id='word_1_723' title='bbox 603 5565 653 5615; x_wconf 89' lang='grc' dir='ltr'><strong>οί</strong></span> <span class='ocrx_word' id='word_1_724' title='bbox 681 5564 933 5630; x_wconf 78' lang='grc' dir='ltr'>ἀπλανεῖς</span> <span class='ocrx_word' id='word_1_725' title='bbox 962 5565 1073 5619; x_wconf 73' lang='grc' dir='ltr'>οὗθ’</span> <span class='ocrx_word' id='word_1_726' title='bbox 1117 5569 1165 5619; x_wconf 84' lang='grc' dir='ltr'>οἱ</span> <span class='ocrx_word' id='word_1_727' title='bbox 1193 5566 1456 5636; x_wconf 83' lang='grc' dir='ltr'>πλανῆται</span> <span class='ocrx_word' id='word_1_728' title='bbox 1488 5569 1741 5639; x_wconf 80' lang='grc' dir='ltr'>ἀστέρες·</span> <span class='ocrx_word' id='word_1_729' title='bbox 1771 5568 1819 5620; x_wconf 84' lang='grc' dir='ltr'><strong>εί</strong></span> 
     </span>
    </p>
   </div>
   <div class='ocr_carea' id='block_1_99' title="bbox 248 5652 1820 5728">
    <p class='ocr_par' dir='ltr' id='par_1_99' title="bbox 248 5652 1820 5728">
     <span class='ocr_line' id='line_1_100' title="bbox 248 5652 1820 5728; baseline 0.003 -22"><span class='ocrx_word' id='word_1_730' title='bbox 248 5652 357 5724; x_wconf 84' lang='grc' dir='ltr'>γὰρ</span> <span class='ocrx_word' id='word_1_731' title='bbox 398 5652 627 5722; x_wconf 70' lang='grc' dir='ltr'>δύναμίν</span> <span class='ocrx_word' id='word_1_732' title='bbox 676 5671 796 5707; x_wconf 86' lang='grc' dir='ltr'>τινα</span> <span class='ocrx_word' id='word_1_733' title='bbox 838 5656 1198 5728; x_wconf 73' lang='grc' dir='ltr'>προσεφέρετο</span> <span class='ocrx_word' id='word_1_734' title='bbox 1242 5658 1269 5709; x_wconf 87' lang='grc' dir='ltr'>ὁ</span> <span class='ocrx_word' id='word_1_735' title='bbox 1306 5655 1498 5720; x_wconf 81' lang='grc' dir='ltr'>Κύων,</span> <span class='ocrx_word' id='word_1_736' title='bbox 1534 5656 1637 5710; x_wconf 77' lang='grc' dir='ltr'>ἔδει</span> <span class='ocrx_word' id='word_1_737' title='bbox 1680 5658 1820 5710; x_wconf 86' lang='grc' dir='ltr'>κατὰ</span> 
     </span>
    </p>
   </div>
   <div class='ocr_carea' id='block_1_100' title="bbox 312 5788 797 5859">
    <p class='ocr_par' dir='ltr' id='par_1_100' title="bbox 312 5788 797 5859">
     <span class='ocr_line' id='line_1_101' title="bbox 312 5788 797 5859; baseline 0 -16"><span class='ocrx_word' id='word_1_738' title='bbox 312 5791 358 5823; x_wconf 69' lang='grc'><strong>⁸⁸</strong></span> <span class='ocrx_word' id='word_1_739' title='bbox 389 5807 479 5859; x_wconf 71' lang='grc' dir='ltr'><strong>γρ.</strong></span> <span class='ocrx_word' id='word_1_740' title='bbox 513 5788 797 5843; x_wconf 80' lang='grc' dir='ltr'>ἐπιτέλλει.</span> 
     </span>
    </p>
   </div>
   <div class='ocr_carea' id='block_1_101' title="bbox 1922 4648 3486 4729">
    <p class='ocr_par' dir='ltr' id='par_1_101' title="bbox 1922 4648 3486 4729">
     <span class='ocr_line' id='line_1_102' title="bbox 1922 4648 3486 4729; baseline -0.016 -5"><span class='ocrx_word' id='word_1_741' title='bbox 1922 4669 2266 4729; x_wconf 87' lang='lat' dir='ltr'><strong>varietatem,</strong></span> <span class='ocrx_word' id='word_1_742' title='bbox 2320 4661 2415 4718; x_wconf 88' lang='lat' dir='ltr'><strong>sed</strong></span> <span class='ocrx_word' id='word_1_743' title='bbox 2473 4657 2743 4713; x_wconf 79' lang='lat' dir='ltr'><strong>interdum</strong></span> <span class='ocrx_word' id='word_1_744' title='bbox 2782 4652 3091 4710; x_wconf 87' lang='lat' dir='ltr'><strong>econtrario</strong></span> <span class='ocrx_word' id='word_1_745' title='bbox 3122 4650 3175 4704; x_wconf 94' lang='lat' dir='ltr'><strong>in</strong></span> <span class='ocrx_word' id='word_1_746' title='bbox 3199 4648 3410 4703; x_wconf 86' lang='lat' dir='ltr'><strong>ortibus</strong></span> <span class='ocrx_word' id='word_1_747' title='bbox 3432 4653 3486 4702; x_wconf 90' lang='lat' dir='ltr'><strong>et</strong></span> 
     </span>
    </p>
   </div>
   <div class='ocr_carea' id='block_1_102' title="bbox 1923 4738 3486 4820">
    <p class='ocr_par' dir='ltr' id='par_1_102' title="bbox 1923 4738 3486 4820">
     <span class='ocr_line' id='line_1_103' title="bbox 1923 4738 3486 4820; baseline -0.015 -6"><span class='ocrx_word' id='word_1_748' title='bbox 1923 4757 2214 4814; x_wconf 87' lang='lat' dir='ltr'><strong>occasibus</strong></span> <span class='ocrx_word' id='word_1_749' title='bbox 2236 4768 2423 4810; x_wconf 88' lang='lat' dir='ltr'><strong>earum</strong></span> <span class='ocrx_word' id='word_1_750' title='bbox 2453 4754 2803 4820; x_wconf 88' lang='lat' dir='ltr'><strong>tempestates</strong></span> <span class='ocrx_word' id='word_1_751' title='bbox 2848 4745 3008 4810; x_wconf 84' lang='lat' dir='ltr'><strong>ﬁunt,</strong></span> <span class='ocrx_word' id='word_1_752' title='bbox 3041 4750 3096 4798; x_wconf 87' lang='lat' dir='ltr'><strong>et</strong></span> <span class='ocrx_word' id='word_1_753' title='bbox 3121 4741 3265 4797; x_wconf 92' lang='lat' dir='ltr'><strong>venti</strong></span> <span class='ocrx_word' id='word_1_754' title='bbox 3303 4738 3486 4809; x_wconf 78' lang='lat' dir='ltr'><strong>frigidi</strong></span> 
     </span>
    </p>
   </div>
   <div class='ocr_carea' id='block_1_103' title="bbox 1924 4830 3489 4921">
    <p class='ocr_par' dir='ltr' id='par_1_103' title="bbox 1924 4830 3489 4921">
     <span class='ocr_line' id='line_1_104' title="bbox 1924 4830 3489 4921; baseline -0.014 -16"><span class='ocrx_word' id='word_1_755' title='bbox 1924 4850 2158 4921; x_wconf 89' lang='lat' dir='ltr'><strong>spirant,</strong></span> <span class='ocrx_word' id='word_1_756' title='bbox 2196 4857 2451 4916; x_wconf 89' lang='lat' dir='ltr'><strong>tanquam</strong></span> <span class='ocrx_word' id='word_1_757' title='bbox 2485 4843 2540 4897; x_wconf 84' lang='lat' dir='ltr'><strong>lii</strong></span> <span class='ocrx_word' id='word_1_758' title='bbox 2576 4853 2730 4898; x_wconf 86' lang='lat' dir='ltr'><strong>ortus</strong></span> <span class='ocrx_word' id='word_1_759' title='bbox 2759 4846 2812 4895; x_wconf 93' lang='lat' dir='ltr'><strong>et</strong></span> <span class='ocrx_word' id='word_1_760' title='bbox 2853 4849 3082 4892; x_wconf 89' lang='lat' dir='ltr'><strong>occasus</strong></span> <span class='ocrx_word' id='word_1_761' title='bbox 3123 4833 3269 4889; x_wconf 17' lang='lat' dir='ltr'><strong>nihil.</strong></span> <span class='ocrx_word' id='word_1_762' title='bbox 3301 4830 3489 4887; x_wconf 58' lang='lat' dir='ltr'><strong>conten</strong></span> 
     </span>
    </p>
   </div>
   <div class='ocr_carea' id='block_1_104' title="bbox 1924 4921 3486 5000">
    <p class='ocr_par' dir='ltr' id='par_1_104' title="bbox 1924 4921 3486 5000">
     <span class='ocr_line' id='line_1_105' title="bbox 1924 4921 3486 5000; baseline -0.013 -4"><span class='ocrx_word' id='word_1_763' title='bbox 1924 4951 2050 4996; x_wconf 81' lang='lat' dir='ltr'><strong>rant</strong></span> <span class='ocrx_word' id='word_1_764' title='bbox 2075 4940 2142 4995; x_wconf 91' lang='lat' dir='ltr'><strong>ad</strong></span> <span class='ocrx_word' id='word_1_765' title='bbox 2173 4938 2535 4994; x_wconf 84' lang='lat' dir='ltr'><strong>intensionem</strong></span> <span class='ocrx_word' id='word_1_766' title='bbox 2562 4943 2817 4989; x_wconf 79' lang='lat' dir='ltr'><strong>aestuum.</strong></span> <span class='ocrx_word' id='word_1_767' title='bbox 2853 4927 3007 5000; x_wconf 70' lang='lat' dir='ltr'><strong>Saepe</strong></span> <span class='ocrx_word' id='word_1_768' title='bbox 3035 4927 3199 4982; x_wconf 89' lang='lat' dir='ltr'><strong>etiam</strong></span> <span class='ocrx_word' id='word_1_769' title='bbox 3223 4921 3486 4979; x_wconf 81' lang='lat' dir='ltr'><strong>ineodem</strong></span> 
     </span>
    </p>
   </div>
   <div class='ocr_carea' id='block_1_105' title="bbox 1925 5015 3489 5105">
    <p class='ocr_par' dir='ltr' id='par_1_105' title="bbox 1925 5015 3489 5105">
     <span class='ocr_line' id='line_1_106' title="bbox 1925 5015 3489 5105; baseline -0.012 -16"><span class='ocrx_word' id='word_1_770' title='bbox 1925 5034 2083 5105; x_wconf 75' lang='lat' dir='ltr'><strong>sig-no</strong></span> <span class='ocrx_word' id='word_1_771' title='bbox 2106 5047 2230 5088; x_wconf 90' lang='lat' dir='ltr'><strong>cum</strong></span> <span class='ocrx_word' id='word_1_772' title='bbox 2262 5031 2377 5086; x_wconf 90' lang='lat' dir='ltr'><strong>sole</strong></span> <span class='ocrx_word' id='word_1_773' title='bbox 2399 5034 2528 5084; x_wconf 89' lang='lat' dir='ltr'><strong>sunt</strong></span> <span class='ocrx_word' id='word_1_774' title='bbox 2556 5042 2586 5081; x_wconf 92' lang='lat' dir='ltr'><strong>e</strong></span> <span class='ocrx_word' id='word_1_775' title='bbox 2602 5025 2844 5095; x_wconf 89' lang='lat' dir='ltr'><strong>quinque</strong></span> <span class='ocrx_word' id='word_1_776' title='bbox 2862 5021 3095 5093; x_wconf 89' lang='lat' dir='ltr'><strong>planetis</strong></span> <span class='ocrx_word' id='word_1_777' title='bbox 3123 5017 3294 5073; x_wconf 64' lang='lat' dir='ltr'><strong>stella:</strong></span> <span class='ocrx_word' id='word_1_778' title='bbox 3315 5015 3489 5070; x_wconf 62' lang='lat' dir='ltr'><strong>maxie</strong></span> 
     </span>
    </p>
   </div>
   <div class='ocr_carea' id='block_1_106' title="bbox 1928 5106 3488 5194">
    <p class='ocr_par' dir='ltr' id='par_1_106' title="bbox 1928 5106 3488 5194">
     <span class='ocr_line' id='line_1_107' title="bbox 1928 5106 3488 5194; baseline -0.015 -12"><span class='ocrx_word' id='word_1_779' title='bbox 1928 5142 2050 5190; x_wconf 64' lang='lat' dir='ltr'><strong>mw,</strong></span> <span class='ocrx_word' id='word_1_780' title='bbox 2078 5124 2310 5194; x_wconf 80' lang='lat' dir='ltr'><strong>Jupiter,</strong></span> <span class='ocrx_word' id='word_1_781' title='bbox 2340 5119 2558 5175; x_wconf 80' lang='lat' dir='ltr'><strong>Lucifer</strong></span> <span class='ocrx_word' id='word_1_782' title='bbox 2600 5124 2654 5171; x_wconf 87' lang='lat' dir='ltr'><strong>et</strong></span> <span class='ocrx_word' id='word_1_783' title='bbox 2682 5116 2860 5182; x_wconf 82' lang='lat' dir='ltr'><strong>Mars;</strong></span> <span class='ocrx_word' id='word_1_784' title='bbox 2896 5128 2927 5167; x_wconf 90' lang='lat' dir='ltr'><strong>a</strong></span> <span class='ocrx_word' id='word_1_785' title='bbox 2961 5112 3162 5183; x_wconf 89' lang='lat' dir='ltr'><strong>quibus</strong></span> <span class='ocrx_word' id='word_1_786' title='bbox 3189 5117 3243 5164; x_wconf 90' lang='lat' dir='ltr'><strong>et</strong></span> <span class='ocrx_word' id='word_1_787' title='bbox 3264 5108 3410 5163; x_wconf 88' lang='lat' dir='ltr'><strong>vires</strong></span> <span class='ocrx_word' id='word_1_788' title='bbox 3432 5106 3488 5161; x_wconf 93' lang='lat' dir='ltr'><strong>in</strong></span> 
     </span>
    </p>
   </div>
   <div class='ocr_carea' id='block_1_107' title="bbox 1926 5206 3488 5277">
    <p class='ocr_par' dir='ltr' id='par_1_107' title="bbox 1926 5206 3488 5277">
     <span class='ocr_line' id='line_1_108' title="bbox 1926 5206 3488 5277; baseline -0.013 -6"><span class='ocrx_word' id='word_1_789' title='bbox 1926 5226 2126 5274; x_wconf 90' lang='lat' dir='ltr'><strong>terram</strong></span> <span class='ocrx_word' id='word_1_790' title='bbox 2157 5219 2394 5275; x_wconf 79' lang='lat' dir='ltr'><strong>cadunt.</strong></span> <span class='ocrx_word' id='word_1_791' title='bbox 2427 5219 2481 5266; x_wconf 88' lang='lat' dir='ltr'><strong>et</strong></span> <span class='ocrx_word' id='word_1_792' title='bbox 2527 5220 2706 5265; x_wconf 82' lang='lat' dir='ltr'><strong>tamen</strong></span> <span class='ocrx_word' id='word_1_793' title='bbox 2760 5214 2984 5277; x_wconf 89' lang='lat' dir='ltr'><strong>propter</strong></span> <span class='ocrx_word' id='word_1_794' title='bbox 3025 5206 3220 5257; x_wconf 84' lang='lat' dir='ltr'><strong>horum</strong></span> <span class='ocrx_word' id='word_1_795' title='bbox 3268 5212 3488 5254; x_wconf 85' lang='lat' dir='ltr'><strong>causam</strong></span> 
     </span>
    </p>
   </div>
   <div class='ocr_carea' id='block_1_108' title="bbox 1921 5287 3492 5370">
    <p class='ocr_par' dir='ltr' id='par_1_108' title="bbox 1921 5287 3492 5370">
     <span class='ocr_line' id='line_1_109' title="bbox 1921 5287 3492 5370; baseline -0.014 -9"><span class='ocrx_word' id='word_1_796' title='bbox 1921 5307 2058 5361; x_wconf 85' lang='lat' dir='ltr'><strong>nihil</strong></span> <span class='ocrx_word' id='word_1_797' title='bbox 2090 5307 2237 5359; x_wconf 86' lang='lat' dir='ltr'><strong>circa</strong></span> <span class='ocrx_word' id='word_1_798' title='bbox 2262 5318 2440 5359; x_wconf 90' lang='lat' dir='ltr'><strong>aerem</strong></span> <span class='ocrx_word' id='word_1_799' title='bbox 2468 5300 2642 5370; x_wconf 78' lang='lat' dir='ltr'><strong>magis</strong></span> <span class='ocrx_word' id='word_1_800' title='bbox 2665 5297 2722 5352; x_wconf 91' lang='lat' dir='ltr'><strong>ﬁt</strong></span> <span class='ocrx_word' id='word_1_801' title='bbox 2752 5297 3044 5350; x_wconf 89' lang='lat' dir='ltr'><strong>diversum.</strong></span> <span class='ocrx_word' id='word_1_802' title='bbox 3074 5290 3151 5345; x_wconf 86' lang='lat' dir='ltr'><strong>Ex</strong></span> <span class='ocrx_word' id='word_1_803' title='bbox 3176 5303 3284 5360; x_wconf 90' lang='lat' dir='ltr'><strong>quo</strong></span> <span class='ocrx_word' id='word_1_804' title='bbox 3316 5287 3492 5341; x_wconf 84' lang='lat' dir='ltr'><strong>mani-</strong></span> 
     </span>
    </p>
   </div>
   <div class='ocr_carea' id='block_1_109' title="bbox 1929 5381 3490 5463">
    <p class='ocr_par' dir='ltr' id='par_1_109' title="bbox 1929 5381 3490 5463">
     <span class='ocr_line' id='line_1_110' title="bbox 1929 5381 3490 5463; baseline -0.012 -14"><span class='ocrx_word' id='word_1_805' title='bbox 1929 5396 2131 5451; x_wconf 85' lang='lat' dir='ltr'><strong>festum</strong></span> <span class='ocrx_word' id='word_1_806' title='bbox 2172 5401 2258 5449; x_wconf 89' lang='lat' dir='ltr'><strong>est</strong></span> <span class='ocrx_word' id='word_1_807' title='bbox 2298 5392 2441 5463; x_wconf 88' lang='lat' dir='ltr'><strong>quod</strong></span> <span class='ocrx_word' id='word_1_808' title='bbox 2482 5389 2617 5444; x_wconf 87' lang='lat' dir='ltr'><strong>nihil</strong></span> <span class='ocrx_word' id='word_1_809' title='bbox 2665 5385 2954 5442; x_wconf 80' lang='lat' dir='ltr'><strong>conferant</strong></span> <span class='ocrx_word' id='word_1_810' title='bbox 3007 5382 3074 5437; x_wconf 89' lang='lat' dir='ltr'><strong>ad</strong></span> <span class='ocrx_word' id='word_1_811' title='bbox 3125 5381 3490 5437; x_wconf 86' lang='lat' dir='ltr'><strong>intensionem</strong></span> 
     </span>
    </p>
   </div>
   <div class='ocr_carea' id='block_1_110' title="bbox 1930 5468 3490 5553">
    <p class='ocr_par' dir='ltr' id='par_1_110' title="bbox 1930 5468 3490 5553">
     <span class='ocr_line' id='line_1_111' title="bbox 1930 5468 3490 5553; baseline -0.012 -11"><span class='ocrx_word' id='word_1_812' title='bbox 1930 5496 2159 5541; x_wconf 85' lang='lat' dir='ltr'><strong>aestuum</strong></span> <span class='ocrx_word' id='word_1_813' title='bbox 2190 5498 2368 5553; x_wconf 86' lang='lat' dir='ltr'><strong>neque</strong></span> <span class='ocrx_word' id='word_1_814' title='bbox 2397 5483 2702 5536; x_wconf 87' lang='lat' dir='ltr'><strong>inerrantes</strong></span> <span class='ocrx_word' id='word_1_815' title='bbox 2733 5493 2908 5547; x_wconf 88' lang='lat' dir='ltr'><strong>neque</strong></span> <span class='ocrx_word' id='word_1_816' title='bbox 2934 5480 3182 5530; x_wconf 74' lang='lat' dir='ltr'><strong>errantes</strong></span> <span class='ocrx_word' id='word_1_817' title='bbox 3218 5471 3406 5527; x_wconf 68' lang='lat' dir='ltr'><strong>stellae.</strong></span> <span class='ocrx_word' id='word_1_818' title='bbox 3432 5468 3490 5523; x_wconf 88' lang='lat' dir='ltr'><strong>Si</strong></span> 
     </span>
    </p>
   </div>
   <div class='ocr_carea' id='block_1_111' title="bbox 1924 5560 3491 5643">
    <p class='ocr_par' dir='ltr' id='par_1_111' title="bbox 1924 5560 3491 5643">
     <span class='ocr_line' id='line_1_112' title="bbox 1924 5560 3491 5643; baseline -0.013 -11"><span class='ocrx_word' id='word_1_819' title='bbox 1924 5578 2067 5634; x_wconf 90' lang='lat' dir='ltr'><strong>enim</strong></span> <span class='ocrx_word' id='word_1_820' title='bbox 2123 5575 2231 5628; x_wconf 88' lang='lat' dir='ltr'><strong>vim</strong></span> <span class='ocrx_word' id='word_1_821' title='bbox 2284 5572 2574 5643; x_wconf 81' lang='lat' dir='ltr'><strong>quamdam</strong></span> <span class='ocrx_word' id='word_1_822' title='bbox 2615 5570 2831 5625; x_wconf 75' lang='lat' dir='ltr'><strong>aﬁerret</strong></span> <span class='ocrx_word' id='word_1_823' title='bbox 2880 5566 3064 5629; x_wconf 88' lang='lat' dir='ltr'><strong>Canis,</strong></span> <span class='ocrx_word' id='word_1_824' title='bbox 3111 5560 3395 5634; x_wconf 83' lang='lat' dir='ltr'><strong>oportebat</strong></span> <span class='ocrx_word' id='word_1_825' title='bbox 3434 5560 3491 5613; x_wconf 88' lang='lat' dir='ltr'><strong>in</strong></span> 
     </span>
    </p>
   </div>
   <div class='ocr_carea' id='block_1_112' title="bbox 1936 5650 3557 5724">
    <p class='ocr_par' dir='ltr' id='par_1_112' title="bbox 1936 5650 3557 5724">
     <span class='ocr_line' id='line_1_113' title="bbox 1936 5650 3557 5724; baseline -0.012 -1"><span class='ocrx_word' id='word_1_826' title='bbox 1936 5683 2063 5724; x_wconf 86' lang='lat' dir='ltr'><strong>vero</strong></span> <span class='ocrx_word' id='word_1_827' title='bbox 2110 5676 2235 5720; x_wconf 88' lang='lat' dir='ltr'><strong>ortu</strong></span> <span class='ocrx_word' id='word_1_828' title='bbox 2282 5665 2644 5720; x_wconf 88' lang='lat' dir='ltr'><strong>intensionem</strong></span> <span class='ocrx_word' id='word_1_829' title='bbox 2703 5670 2934 5717; x_wconf 80' lang='lat' dir='ltr'><strong>aestuum</strong></span> <span class='ocrx_word' id='word_1_830' title='bbox 2987 5656 3123 5713; x_wconf 85' lang='lat' dir='ltr'><strong>ﬁeri.</strong></span> <span class='ocrx_word' id='word_1_831' title='bbox 3158 5654 3312 5711; x_wconf 82' lang='lat' dir='ltr'><strong>Tunc</strong></span> <span class='ocrx_word' id='word_1_832' title='bbox 3346 5650 3492 5708; x_wconf 83' lang='lat' dir='ltr'><strong>enim</strong></span> <span class='ocrx_word' id='word_1_833' title='bbox 3554 5698 3557 5703; x_wconf 89' lang='lat'><strong>.</strong></span> 
     </span>
    </p>
   </div>
  </div>
