3886 6268
490 298 591 358 831

1449 292 1543 352 AD
1576 293 1843 352 EUSEBII
1881 288 2275 349 CHRONICON
2318 289 2717 349 APPPENDIX.

3590 293 3682 347 852

482 421 648 476 simul
674 434 780 475 una
816 420 993 474 oritur
1024 432 1145 473 cum
1176 416 1309 475 sole.
1333 416 1449 473 Non
1482 418 1539 472 ﬁt
1569 427 1747 473 autem
1783 417 1908 482 hoc,
1945 431 2010 471 sei

2142 413 2239 485 τὴν
2272 412 2529 484 ἀνατολὴν
2557 412 2662 467 τῶν
2691 410 2983 483 καυμάτων
3009 408 3249 480 γίνεσθαι
3282 407 3544 465 ἐπίτασιν·
3574 414 3676 467 τότε

480 513 539 568 in
586 511 867 584 apparenti
898 519 1022 566 ortu
1060 510 1288 565 maximi
1323 510 1458 565 ﬁunt
1506 519 1693 565 aestus.
1724 507 1885 563 Circa
1932 507 2037 562 hoc

478 605 621 660 enim
662 612 874 673 tempus
899 604 980 658 sol
1027 611 1249 672 propter
1285 600 1461 657 dictas
1515 616 1721 657 causas
1756 600 1918 656 eﬂicit
1960 600 2036 654 in-

477 696 779 751 tensionem
813 702 1065 750 aestuum.
1097 695 1153 749 In
1207 693 1396 749 Rhodo
1420 693 1564 749 enim
1608 699 1730 763 post
1757 692 1826 747 50
1855 691 1973 746 dies
2002 705 2034 744 a

474 787 710 843 solstitio
749 789 923 842 oritur
968 786 1083 841 haec
1133 786 1329 851 stella;
1368 784 1424 839 in
1454 784 1576 838 aliis
1636 784 1769 838 locis
1813 790 1936 852 post
1962 783 2033 836 40

466 877 587 953 dies
613 876 786 930 aestivi
817 873 1069 941 solstitii;
1100 875 1222 930 aliis
1256 880 1373 944 post
1395 872 1494 927 50:
1533 873 1607 926 ita
1641 879 1699 925 ut
1727 870 1848 941 ejus
1877 879 2032 925 ortus

472 982 582 1021 non
615 967 847 1036 amplius
882 966 1044 1021 faciat
1071 967 1431 1020 intensionem
1466 972 1696 1019 aestuum
1731 962 1912 1032 :quod
1942 976 2034 1016 ne-

469 1056 604 1110 mini
634 1072 743 1110 non
767 1056 1114 1112 manifestum
1141 1063 1244 1120 est,
1274 1053 1421 1125 quod
1452 1070 1574 1108 cum
1609 1068 1776 1108 unum
1803 1053 1874 1107 sit
1897 1050 2030 1106 illud

469 1157 705 1219 tempus,
736 1147 882 1219 quod
916 1148 1278 1202 intensionem
1330 1153 1560 1200 asstuum
1595 1144 2026 1212 comprehendit,

468 1240 615 1309 quod
647 1246 732 1294 est
778 1248 901 1310 post
933 1239 1051 1294 dies
1086 1239 1154 1293 50
1185 1238 1406 1294 solstitii
1446 1237 1648 1302 aestivi;
1679 1237 1734 1290 in
1758 1236 1860 1289 hoc
1908 1235 2028 1304 ipso

469 1343 712 1401 tempare
742 1331 884 1400 apud
920 1330 1056 1385 alios
1087 1328 1251 1385 Canis
1297 1330 1505 1394 oritur,
1538 1337 1592 1382 et
1628 1335 1842 1396 tempus
1888 1325 2029 1380 indi-

466 1427 576 1484 cat,
612 1419 754 1490 apud
785 1422 921 1474 alios
960 1435 1092 1475 vero
1125 1420 1273 1474 aliud
1308 1419 1584 1488 quoddam
1608 1433 1675 1473 ex
1702 1418 1866 1473 astris
1894 1432 2027 1471 con-

466 1509 863 1573 stellationum;
889 1523 999 1562 non
1026 1508 1168 1562 enim
1194 1509 1356 1564 simul
1378 1508 1632 1563 omnibus
1674 1509 1839 1563 astris
1871 1515 2026 1564 ortus

464 1608 518 1653 et
539 1616 765 1656 occasus
796 1601 1063 1671 contingit
1087 1600 1224 1657 ﬁeri.

517 1843 670 1911 Quod
687 1860 817 1900 vero
833 1861 863 1899 a
878 1845 1126 1915 plurimis
1141 1845 1363 1912 dicitur,
1376 1844 1519 1915 quod
1536 1846 1679 1901 circa
1691 1852 1903 1917 tempus
1916 1847 2020 1903 hoc

454 1938 566 2012 35
588 1938 751 1995 Canis
778 1939 987 1993 oriatur
1012 1955 1136 1994 cum
1174 1940 1306 2003 sole,
1331 1940 1553 1995 omnino
1579 1948 1663 1997 est
1688 1941 2017 2011 imperitum.

458 2029 520 2085 ln
546 2031 650 2087 hoc
676 2032 820 2086 enim
864 2038 1106 2102 tempore
1151 2032 1444 2101 plurimum
1475 2048 1506 2086 a
1546 2032 1660 2088 sole
1700 2032 1866 2088 distat
1906 2033 2021 2087 haec

460 2123 636 2178 stella.
667 2120 757 2176 Sol
810 2123 955 2178 enim
1003 2124 1229 2178 omnino
1262 2124 1315 2178 in
1339 2125 1529 2181 aestivo
1572 2124 1784 2194 tropico
1814 2123 2020 2179 circulo

458 2216 565 2270 iter
609 2214 779 2270 facit:
814 2215 981 2271 Canis
1010 2230 1143 2270 vero
1191 2215 1247 2270 in
1285 2215 1514 2271 hiberno
1554 2215 1764 2285 tropico
1810 2215 2020 2270 circulo

456 2308 596 2363 situs
620 2314 741 2374 est;
769 2306 845 2361 ita
868 2317 928 2361 ut
950 2307 1005 2360 hi
1036 2307 1328 2360 maximam
1371 2322 1400 2360 a
1430 2321 1489 2362 se
1531 2307 1767 2362 invicem
1811 2305 2019 2363 distan-

454 2400 586 2453 tiam
613 2397 872 2453 habeant.
897 2396 1186 2463 Quomodo
1214 2396 1382 2467 igitur
1413 2406 1600 2466 posset
1642 2396 1809 2451 Canis
1849 2410 2017 2451 causa

453 2505 577 2547 esse
615 2488 946 2545 intensionis
991 2489 1267 2543 aestuum?
1294 2486 1496 2543 laceret
1542 2494 1723 2544 autem
1753 2488 2019 2543 inteasio-

454 2597 600 2643 nem.
636 2581 679 2637 si
709 2596 871 2651 quam
921 2581 1031 2635 vim
1077 2579 1301 2634 haberet
1341 2579 1456 2635 haec
1507 2581 1686 2646 stella,
1719 2589 1835 2635 tum
1889 2596 2015 2635 cum

452 2679 598 2728 esset
627 2673 922 2739 conjuncta
954 2670 1055 2725 soli
1085 2669 1385 2724 secundum
1417 2669 1674 2724 hibernas
1711 2672 2018 2727 conversio-

450 2770 587 2827 nes,‘
616 2776 851 2832 cumque
897 2760 1130 2815 ferretur
1160 2759 1217 2814 in
1251 2759 1439 2815 eodem
1467 2760 1674 2815 circulo
1710 2760 1826 2815 haec
1858 2761 2012 2817 stella

451 2868 577 2908 cum
597 2853 746 2919 sole;
777 2862 909 2907 tunc
937 2852 1078 2907 enim
1116 2851 1399 2921 oportebat
1440 2851 1675 2920 aliquam
1720 2852 1866 2916 ﬁeri,
1890 2867 2018 2907 con-

450 2954 536 2998 tra
566 2943 619 2997 id
660 2941 803 3012 quod
853 2948 1095 3012 apparet.
1122 2939 1433 2996 sensibilem
1466 2940 1607 2995 aeris
1636 2941 2010 2997 mutationem.

451 3036 571 3091 Non
602 3036 660 3091 ﬁt
696 3042 877 3090 autem
913 3034 1036 3099 hoc,
1066 3033 1158 3087 sed
1195 3047 1227 3088 e
1254 3033 1529 3087 contrario
1575 3033 1759 3102 potius
1805 3033 2002 3090 hiems.

451 3126 606 3184 Unde
634 3127 837 3182 tabulis
873 3139 974 3197 pro
1003 3124 1159 3195 signo
1184 3122 1477 3179 ascribitur
1501 3134 1659 3181 ortus
1679 3122 1866 3182 Canis.
1897 3125 2006 3181 Ita»
2036 3106 2082 3165 Α

450 3235 559 3290 que
583 3218 935 3275 manifestum
979 3226 1062 3274 est
1091 3234 1157 3273 ex
1182 3217 1462 3282 omnibus,
1502 3234 1679 3289 neque
1719 3220 1857 3275 hanc
1885 3223 2010 3276 stel-

448 3316 578 3377 lam,
631 3327 808 3382 neque
849 3312 1007 3366 aliam
1049 3313 1213 3366 ullam
1266 3321 1475 3367 tantam
1530 3313 1732 3368 habere
1781 3314 1910 3379 vim,
1948 3322 2008 3368 ut

446 3404 595 3458 circa
641 3418 822 3458 aerem
861 3403 1189 3458 mutationes
1228 3404 1458 3465 eﬁiciat:
1506 3403 1602 3460 sed
1652 3405 2004 3476 principalem

445 3509 571 3550 esse
597 3507 819 3550 causam
852 3494 1020 3549 solem
1056 3513 1068 3548 ε
1101 3495 1293 3549 harum
1326 3511 1456 3550 vero
1486 3504 1639 3552 ortus
1685 3505 1740 3551 θῐ
1775 3513 2006 3553 00035118

446 3587 503 3641 in
559 3587 925 3656 cognitionem
968 3587 1331 3642 mutationum
1388 3589 1531 3644 aeris
1578 3591 1796 3659 apponi.
1831 3592 2004 3657 Quam

445 3678 518 3733 ob
536 3693 757 3733 causam
787 3694 963 3750 neque
992 3695 1208 3749 semper
1257 3691 1580 3751 congruunt.
1628 3680 1778 3738 Unde
1814 3685 2004 3739 melio-

447 3773 601 3827 ribus
622 3771 821 3841 aliquis
849 3780 1094 3827 utcretur
1122 3773 1189 3827 iis
1207 3773 1379 3843 signis
1408 3791 1529 3845 quae
1563 3791 1593 3828 a
1619 3784 1817 3831 natura
1842 3779 2003 3834 nobis

446 3864 668 3923 dantur.
692 3863 892 3933 quibus
925 3869 981 3917 et
1004 3862 1203 3919 Aratus
1244 3873 1328 3920 est
1362 3880 1516 3921 usus.
1557 3863 1690 3919 Nam
1737 3881 1831 3923 eas
1862 3869 2005 3923 aeris

445 3955 791 4019 mutationes,
808 3969 929 4024 qua:
955 3952 1090 4008 ﬁunt
1106 3971 1169 4009 ex
1197 3957 1405 4011 ortibus
1440 3966 1492 4011 et
1520 3958 1803 4013 occasibus
1827 3967 2005 4014 astro-

443 4062 584 4111 rum,
613 4046 823 4117 putavit
854 4062 977 4103 esse
1020 4047 1184 4102 falsas
1214 4066 1228 4101 :
1256 4062 1347 4104 eas
1370 4065 1498 4104 vero
1527 4066 1650 4121 quae
1696 4051 1832 4104 tiunt
1854 4059 2005 4106 natu-

440 4140 647 4203 raliter,
672 4146 727 4195 et
749 4139 981 4210 quadam
1009 4156 1074 4196 ex
1107 4156 1294 4204 causa,
1336 4144 1562 4198 seorsim
1605 4145 1789 4213 posuit
1813 4146 1865 4199 in
1894 4147 2002 4215 Ap-

444 4230 818 4299 parentiarum
846 4238 1099 4289 tractatu.
1125 4231 1179 4285 in
1196 4240 1437 4287 extrema
1472 4234 1594 4288 libri
1624 4236 1793 4289 totius
1823 4244 1996 4306 parte.

442 4320 621 4374 Sumit
650 4321 793 4375 enim
817 4321 1189 4390 praescientias
1206 4338 1235 4377 a
1257 4325 1387 4379 solis
1421 4332 1543 4379 ortu
1565 4332 1619 4379 et
1641 4305 1861 4393 occasu,
1889 4335 1943 4381 et
1967 4344 1997 4381 a

440 4410 583 4466 lunas
601 4412 812 4468 ortibus
834 4422 887 4468 et
915 4414 1216 4480 occasibus,
1242 4415 1311 4469 ab
1333 4430 1481 4478 area,
1496 4417 1610 4471 sive
1635 4431 1857 4481 corona,
1879 4433 1999 4489 qua:

439 4500 501 4555 fit
540 4502 687 4556 circa
731 4502 934 4564 lunam,
1000 4519 1030 4557 a
1067 4504 1237 4558 stellis
1285 4504 1606 4562 cadentibus
1642 4514 1694 4561 et
1733 4522 1762 4560 a
1806 4509 1981 4564 brutis

438 4592 793 4648 animalibus.
819 4594 950 4648 Nam
982 4610 1103 4664 quas
1117 4596 1471 4665 prtescientiae
1494 4611 1615 4651 cum
1648 4597 1881 4667 quadam
1904 4614 2001 4653 na-

436 4684 600 4738 turali
631 4699 798 4740 causa
825 4700 889 4739 ex
914 4686 999 4741 his
1024 4686 1176 4750 tiunt,
1223 4688 1536 4742 necessaria
1561 4688 1761 4744 habent
1788 4689 1998 4746 eﬂecta.

437 4771 594 4829 Unde
617 4785 670 4830 et
690 4774 925 4831 Boethus
957 4776 1334 4847 philosophus,
1362 4781 1417 4833 in
1446 4787 1642 4851 quarto
1664 4781 1805 4837 libro
1829 4798 2000 4854 expo-

437 4864 653 4921 sitionis
679 4866 851 4935 Arati,
880 4867 1133 4941 physicas
1174 4885 1371 4926 causas
1401 4885 1525 4925 cum
1553 4879 1861 4942 ventorum,
1886 4887 2000 4933 tum

506 4982 621 5059 (49)
661 4985 733 5038 Τὸ
773 4981 842 5059 δὲ
873 4985 1457 5059 λεγόμενονηΜνίτυηι
1492 4986 1762 5059 insignem
1792 4993 2002 5051 mathe-

435 5054 873 5125 maticumﬂadeo
912 5057 1194 5125 pueriliter
1232 5054 1628 5112 hallucinatuni
1677 5075 1816 5116 esse.
1864 5063 1998 5119 Nam

431 5123 746 5191 cujusmodi
798 5123 924 5186 cst,‘
955 5124 1204 5188 obsecro,
1263 5128 1410 5183 illius
1459 5130 1636 5183 ratio?
1680 5131 1997 5189 Caniculam

433 5208 559 5247 cum
596 5195 712 5250 sole
744 5195 1092 5261 conjunctam
1126 5196 1261 5250 nihil
1302 5196 1370 5251 ad
1401 5199 1618 5255 aestivos
1664 5202 1874 5257 calores
1902 5218 2002 5258 au-

432 5262 641 5344 gendos
673 5264 945 5344 conferre.
970 5282 1079 5334 quo
1097 5275 1337 5338 tempore
1362 5277 1608 5344 extortum
1630 5268 1807 5344 (acere
1837 5274 2000 5344 vulgo

431 5332 755 5407 dicitur,_ex
781 5349 853 5407 eo
885 5332 1245 5407 demonstrat,
1282 5338 1424 5407 quod
1460 5347 1573 5391 tum
1608 5340 1676 5393 ab
1700 5355 1760 5393 ea
1793 5344 1875 5397 sol
1905 5332 2001 5397 aii-

432 5403 777 5481 estlongins.
812 5404 926 5481 Hoc
952 5421 1080 5459 vero
1106 5406 1231 5461 inde
1245 5403 1557 5481 concludit,
1585 5410 1730 5481 quod
1761 5419 1892 5467 tunc
1914 5414 1998 5468 sol

430 5476 681 5554 festivum
715 5476 982 5554 tropicum
1011 5483 1157 5530 tenet
1186 5495 1197 5529 :
1235 5476 1495 5554 Canicula
1526 5476 1655 5554 vero
1684 5480 1738 5533 in
1772 5482 2000 5537 hiberno

430 5548 647 5621 tropico
686 5548 789 5621 sita
833 5552 916 5599 cst
951 5561 1171 5621 g__qnare
1215 5548 1260 5602 si
1301 5563 1463 5621 quam
1494 5548 1603 5621 vim
1638 5549 1996 5621 incendendis

428 5610 656 5692 gestibus
692 5613 916 5667 haberet
950 5610 1095 5668 illius
1126 5631 1248 5692 cum
1283 5610 1396 5692 sole
1421 5617 1770 5692 coniunctio.
1801 5637 1863 5676 ea
1893 5638 1992 5692 po-

427 5686 704 5759 tissimum
731 5693 1022 5759 appareret
1051 5687 1270 5759 quando
1304 5688 1386 5742 sol
1418 5690 1472 5741 in
1492 5688 1735 5759 hiberno
1777 5686 1988 5759 tropico

426 5755 702 5814 versatur,
744 5751 849 5805 hoc
883 5758 966 5806 est
1011 5751 1280 5809 in’codcm
1314 5773 1436 5811 cum
1476 5757 1733 5813 Canicula
1761 5751 1983 5817 circ-uio.

2143 504 2252 575 γὰρ
2283 504 2397 575 ἆμα
2424 503 2794 558 συνανατέλλει
2823 502 2899 573 τῷ
2926 502 3079 573 ἡλίῳ.
3099 502 3169 554 Οὐ
3200 501 3405 571 γίνεται
3435 502 3490 555 δέ
3511 503 3675 556 τοῦτο’

2136 595 2269 650 ἀλλὰ
2304 596 2443 649 κατὰ
2480 596 2578 664 τὴν
2619 592 3041 663 ἐπιφαινομένην
3079 591 3330 662 ἐπιτολὴν
3363 591 3434 645 τὰ
3474 593 3677 663 μέγιστα

2136 688 2389 759 καύματα
2442 687 2667 755 γίνεται.
2724 685 2859 756 Περὶ
2904 682 3013 754 γὰρ
3061 682 3150 736 τὸν
3206 681 3399 752 καιρὸν
3438 682 3610 735 τοῦτον
3652 687 3677 737 6

2088 818 2094 825 .
2132 781 2280 851 ἥλιος
2301 781 2390 834 διὰ
2418 780 2516 845 τὰς
2545 778 2944 852 προειρημένας
2967 776 3143 840 αἰτίας
3163 774 3449 845 παραίτιος
3466 777 3571 829 ἐστι
3594 777 3675 847 τῆς

2133 872 2434 936 ἐπιτάσεως
2460 870 2570 925 τῶν
2599 870 2916 941 καυμάτων.
2967 868 3055 921 Ἐν
3094 867 3260 936 Ῥόδῳ
3289 866 3387 937 μὲν
3420 866 3524 938 γὰρ
3560 868 3676 936 μετὰ

2133 965 2174 1017 λ’
2210 965 2419 1037 ἡμέρας
2452 966 2550 1034 τῆς
2596 964 2804 1035 τροπῆς
2834 960 3103 1014 ἐπιτέλλει
3147 959 3176 1011 6
3218 957 3416 1030 ἀστὴρ,
3444 959 3499 1011 ἐν
3523 958 3674 1023 ἄλλοις

2130 1056 2186 1110 δὲ
2217 1057 2399 1119 τόποις
2424 1055 2561 1127 μετὰ
2584 1062 2636 1126 μ’
2664 1053 2875 1125 ἡμέρας
2905 1053 3001 1123 τῆς
3031 1050 3249 1124 Θερινῆς
3278 1050 3502 1120 τροπῆς,
3530 1045 3601 1113 οἷς
3622 1052 3670 1104 δὲ

2134 1147 2271 1218 μετὰ
2316 1154 2357 1200 ν’
2379 1164 2392 1177 °
2441 1145 2581 1200 ὥστε
2632 1145 2826 1217 μηκέτι
2859 1144 2955 1214 τὴν
2988 1143 3231 1195 ἐπίτασιν
3267 1140 3379 1194 τῶν
3411 1142 3671 1211 καυμάτων

2128 1237 2225 1307 τὴν
2268 1236 2517 1307 ἐπιτολὴν
2561 1236 2723 1288 αὐτοῦ
2756 1233 3019 1288 ποιεῖσθαι
3066 1231 3282 1301 ἑκάστῳ
3312 1232 3556 1300 φανερὸν,
3605 1233 3671 1284 ’ὁτι

2128 1331 2155 1382 ὁ
2193 1329 2290 1399 μὲν
2317 1328 2414 1401 τὴν
2448 1329 2695 1382 ἐπίτασιν
2729 1327 2834 1381 τῶν
2863 1325 3157 1396 καυμάτων
3203 1323 3472 1394 περιέχων
3509 1326 3670 1396 καιρὸς

2126 1416 2205 1485 εἷς
2235 1423 2382 1474 ἐστιν
2410 1422 2439 1473 6
2478 1420 2616 1490 μετά
2662 1418 2762 1482 τὰς
2795 1416 3014 1487 θερινὰς
3051 1413 3260 1487 τροπὰς
3292 1414 3499 1484 ἡμέρας
3522 1413 3591 1465 λ”
3622 1417 3669 1468 ἐν

2123 1509 2180 1563 δὲ
2205 1510 2282 1581 τῷ
2315 1511 2491 1583 χρόνῳ
2514 1510 2704 1580 ,τούτῳ
2749 1509 2876 1581 παρ’
2914 1503 2995 1572 οἷς
3025 1509 3121 1579 μὲν
3148 1510 3177 1561 6
3205 1506 3370 1560 Κύων
3412 1507 3663 1570 ἐπιτέλλει,

2131 1603 2227 1654 καὶ
2253 1603 2342 1654 τὸν
2373 1599 2562 1671 καιρὸν
2600 1597 2810 1670 μηνύει,
2834 1598 2961 1670 παρ’
2986 1592 3066 1661 οἷς
3088 1597 3143 1650 δὲ
3175 1596 3304 1651 ἄλλο
3344 1614 3399 1648 τι
3441 1596 3540 1649 τῶν
3561 1614 3666 1649 κατ-

2124 1692 2533 1765 ηστερισμένων
2567 1691 2798 1762 ἄστρων
2816 1691 2876 1743 οὐ
2906 1689 3013 1761 γὰρ
3044 1689 3156 1759 ἆμα
3178 1689 3314 1741 πᾶσι
3341 1688 3451 1750 τοῖς
3478 1687 3664 1758 ἄστροις

2052 1750 2093 1808 Β
2121 1750 2218 1847 τὰς
2244 1750 2495 1846 ἐπιτολὰς
2525 1781 2618 1836 καὶ
2648 1750 2747 1841 τὰς
2773 1750 2953 1844 δύσει-ς
2983 1750 3275 1850 συμϐαίνει
3302 1775 3554 1845 γίνεσθαι.

2194 1874 2267 1926 T6
2310 1873 2367 1926 δὲ
2397 1872 2687 1943 λεγόμενον
2720 1870 2828 1942 (49)
2860 1869 2965 1923 ὑπὸ
3000 1868 3111 1922 τῶν
3139 1867 3429 1930 πλείστων,
3456 1866 3529 1919 ὅτι
3559 1867 3661 1938 περὶ

2117 1966 2209 2017 τὸν
2238 1964 2428 2035 καιρὸν
2456 1962 2640 2016 τοῦτον
2688 1961 2967 2016 ἀνατέλλει
2997 1961 3092 2014 σὺν
3121 1959 3199 2031 τῷ
3231 1958 3386 2029 ἡλίῳ,
3421 1958 3661 2019 παντελῶς

2117 2058 2265 2108 ἐστιν
2315 2054 2602 2107 ίδιωτικόν.
2647 2054 2734 2107 Ἐν
2760 2051 2870 2123 γὰρ
2907 2051 3077 2121 τούτῳ
3121 2048 3202 2120 τῷ
3242 2048 3418 2120 χρόνῳ
3450 2047 3659 2102 πλεῖστον

2119 2146 2227 2199 ἀπὸ
2261 2144 2358 2199 τοῦ
2388 2145 2536 2217 ἡλίου
2565 2145 2843 2216 διέστηκεν
2890 2145 2918 2196 6
2958 2144 3151 2213 ἀστήρ.
3190 2143 3251 2194 ὐ
3292 2142 3391 2212 μὲν
3416 2142 3514 2212 γὰρ
3537 2141 3659 2212 ἥλιος

2120 2238 2335 2302 πάντως
2382 2237 2473 2291 ἐπὶ
2511 2237 2603 2291 τοῦ
2648 2235 2861 2308 θερινοῦ
2897 2233 3156 2304 τροπικοῦ
3197 2233 3398 2288 κύκλου
3431 2234 3521 2304 τὴν
3544 2233 3657 2304 πάρ-

2117 2329 2234 2383 οδον
2266 2332 2494 2383 ποιεῖται
2513 2345 2528 2358 ·
2557 2331 2585 2382 ὁ
2615 2329 2672 2383 δέ
2710 2329 2803 2382 ἐπὶ
2848 2327 2942 2381 τοῦ
2984 2327 3294 2399 χειμερινοῦ
3317 2327 3556 2399 τροπικοῦ
3580 2326 3657 2380 κύ-

2117 2422 2245 2475 κλου
2292 2424 2465 2475 κεῖται
2488 2440 2499 2451 ·
2543 2418 2681 2474 ὥστε
2717 2421 2961 2473 πλεῖστον
3009 2420 3102 2472 ἀπ’
3137 2418 3382 2490 ἀλλήλων
3423 2419 3654 2488 διάστημα

2117 2512 2341 2584 ἀπέχειν
2376 2512 2590 2576 αὐτούς.
2620 2511 2742 2575 Πῶς
2770 2512 2834 2565 ἂν
2865 2507 2957 2565 οὖν
2987 2511 3199 2565 δύναιτο
3237 2510 3512 2582 παραίτιος
3534 2511 3652 2578 γίνε-

2118 2604 2240 2656 σθαι
2264 2604 2361 2674 τῆς
2382 2604 2682 2666 ἐπιτάσεως
2703 2604 2809 2656 τῶν
2832 2602 3125 2674 καυμάτων
3143 2619 3156 2667 ;
3181 2603 3426 2655 ἐπίτασιν
3440 2602 3490 2655 δὲ
3512 2601 3651 2654 ἐποίει

2116 2694 2203 2758 ἂν,
2234 2695 2285 2748 εί
2307 2711 2428 2749 τινα
2458 2694 2685 2766 δύναμιν
2722 2691 2865 2765 εἶχεν
2894 2697 2922 2748 6
2945 2693 3139 2766 ἀστὴρ.
3168 2693 3287 2764 ἃμα
3316 2692 3649 2764 γινόμενοςτῷ

2115 2789 2252 2859 ἡλίῳ
2310 2786 2450 2842 κατὰ
2494 2788 2808 2860 χειμερινὰς
2851 2787 3059 2860 τροπὰς
3078 2830 3093 2851 ,
3121 2789 3251 2841 ὅταν
3280 2789 3370 2841 ἐπὶ
3399 2787 3486 2841 τοῦ
3514 2785 3648 2841 αὑτοῦ

2118 2880 2315 2934 κύκλου
2348 2880 2575 2951 φέρηται
2610 2882 2637 2933 ὁ
2679 2880 2852 2951 ἀστὴρ
2881 2878 2958 2951 τῷ
2986 2879 3137 2950 ἡλίῳ.
3166 2879 3303 2932 Τότε
3329 2878 3434 2949 γὰρ
3458 2877 3553 2930 ἔδει
3576 2894 3648 2945 γε·

2117 2972 2301 3026 νέσθαι
2333 2972 2456 3026 τινὰ
2484 2972 2619 3044 πρὸς
2653 2972 2713 3026 τὸ
2755 2971 3073 3042 φαινόμενον
3106 2969 3368 3040 αίσθητὴν
3420 2969 3534 3040 περὶ
3574 2967 3647 3020 τὸν

2117 3061 2254 3132 ἀέρα
2283 3061 2649 3133 παραλλαγήν.
2679 3063 2753 3116 Οὐ
2782 3062 2988 3130 γίνεται
3016 3061 3073 3114 δέ
3104 3058 3284 3123 τοῦτο,
3327 3057 3435 3111 ἀλλ’
3466 3059 3523 3109 ἐκ
3557 3055 3645 3108 τῶν

2115 3154 2369 3208 ἐναντίων
2404 3153 2629 3225 χειμών.
2664 3153 2825 3206 Ὅθεν
2853 3156 2966 3217 τοῖς
2988 3151 3393 3224 παραπήγμασι
3422 3147 3645 3219 παράκει-

2112 3262 2201 3298 ται
2235 3247 2484 3316 σημεῖον·
2512 3245 2654 3298 ὥστε
2685 3240 2820 3297 εἶναι
2857 3243 3085 3316 φανερὸν
3111 3245 3175 3297 ἐκ
3201 3244 3434 3305 πάντων,
3455 3241 3528 3292 ὅτι
3551 3236 3642 3291 οὗθ’

2112 3328 2263 3397 οὗτος
2290 3336 2317 3387 6
2346 3334 2540 3405 ἀστὴρ,
2565 3332 2674 3386 οὔτ’
2704 3333 2859 3396 ἄλλος
2893 3334 3067 3397 οὐδεὶς
3094 3332 3420 3402 τηλικαύτην
3442 3328 3548 3382 τινὰ
3570 3324 3642 3379 δύο

2112 3441 2272 3493 ναμιν
2303 3422 2431 3493 ἔχει,
2453 3422 2592 3476 ὥστε
2620 3422 2916 3494 μεταϐολὰς
2939 3424 3066 3495 περὶ
3089 3422 3178 3475 τὸν
3199 3422 3339 3493 ἀέρα
3357 3414 3642 3472 κατασκευά·

2113 3516 2249 3581 ζειν·
2304 3515 2417 3569 ἀλλ’
2463 3514 2576 3568 ἔστι
2600 3515 2660 3568 τὸ
2695 3514 3014 3586 ἡγεμονικὸν
3040 3513 3210 3567 αἴτιον
3241 3514 3366 3585 περὶ
3388 3511 3470 3564 τὸν
3498 3509 3636 3578 ἥλιον·

2111 3608 2167 3660 αἱ
2202 3606 2258 3660 δὲ
2287 3607 2488 3661 τούτων
2519 3606 2761 3661 ἐπιτολαὶ
2795 3607 2888 3660 καὶ
2915 3606 3095 3670 δύσεις
3123 3607 3217 3658 ἐπὶ
3267 3606 3363 3675 τὴν
3389 3601 3637 3669 ἐπίγνωσιν

2110 3698 2216 3752 τῶν
2243 3700 2371 3771 περὶ
2412 3700 2505 3753 τὸν
2537 3699 2674 3771 ἀέρα
2714 3698 3023 3770 μεταϐολῶν
3059 3699 3434 3770 παράκεινται.
3481 3692 3548 3745 Δι’
3584 3689 3637 3761 ἢν

2110 3788 2288 3843 αἰτίαν
2324 3790 2445 3843 οὐδὲ
2471 3790 2557 3843 διὰ
2581 3790 2778 3854 παντὸς
2814 3790 3376 3861 συμφωνοῦσιν.”06εν
3416 3784 3636 3859 βελτίοσιν

2110 3882 2173 3936 ἄν
2214 3901 2295 3948 τις
2337 3883 2579 3954 σημείοις
2607 3885 2865 3955 χρήσαιτο
2899 3887 3007 3947 τοῖς
3038 3883 3143 3937 ὑπὸ
3169 3886 3271 3952 τῆς
3299 3881 3495 3952 φύσεως
3529 3879 3634 3946 ἡμῖν

2108 3973 2397 4044 διδομένοις
2416 3991 2429 4004 ’
2456 3970 2536 4038 οἷς
2550 3976 2644 4029 καὶ
2668 3977 2898 4046 Ἄρατος
2924 3976 3203 4047 κέχρηται.
3226 3974 3336 4037 Τὰς
3361 3973 3451 4044 μὲν
3478 3969 3568 4039 γὰρ
3582 3968 3631 4019 ἐκ

2107 4067 2215 4120 τῶν
2242 4068 2499 4121 ἐπιτελῶν
2525 4069 2618 4122 καὶ
2638 4069 2839 4121 δύσεων
2854 4069 2959 4123 τῶν
2970 4070 3182 4140 ἄστρων
3202 4067 3477 4139 γινομένας
3497 4075 3631 4132 μετα·

2108 4156 2266 4220 ϐολὰς
2284 4155 2377 4209 τοῦ
2399 4157 2555 4228 ἀέρος
2580 4155 2731 4228 ᾠήθη
2759 4152 2894 4210 εἶναι
2909 4157 3309 4228 διεψευσμένας
3331 4155 3421 4218 τὰς
3439 4153 3488 4205 δέ
3504 4164 3630 4219 φυσιν

2107 4245 2218 4309 κῶς
2252 4248 2541 4317 γινομένας
2562 4248 2652 4300 καί⁸
2683 4247 2819 4318 μετά
2850 4265 2992 4312 τινος
3041 4248 3220 4312 αἰτίας
3235 4243 3568 4317 κατεχώρισεν
3584 4240 3630 4290 ὲν

2103 4339 2167 4409 τῇ
2213 4338 2320 4391 τῶν
2362 4338 2696 4410 Φαινομένων
2740 4338 3087 4410 πραγματείᾳ
3128 4339 3218 4393 ἐπὶ
3240 4342 3369 4393 πᾶσι
3394 4337 3484 4407 τῆς
3526 4332 3627 4399 ὅλης

2034 4470 2079 4526 υ
2106 4428 2425 4494 συντάξεως.
2463 4428 2738 4501 Λαμϐάνει
2768 4430 2874 4500 γὰρ
2916 4431 3014 4494 τὰς
3053 4413 3386 4502 προγνῶσεις
3419 4426 3514 4482 ἀπὸ
3548 4422 3627 4491 τῆς

2104 4523 2197 4575 τοῦ
2228 4523 2379 4594 ἡλίου
2418 4524 2681 4594 ἀνατολῆς
2704 4525 2798 4579 καὶ
2819 4522 3039 4589 δύσεως,
3057 4526 3152 4579 καὶ
3178 4527 3286 4579 ἀπὸ
3318 4526 3410 4595 τῆς
3437 4518 3622 4587 σελήνης

2102 4613 2372 4667 ἀνατολῶν
2410 4617 2503 4669 καὶ
2532 4617 2754 4684 δύσεων,
2783 4618 2877 4672 καὶ
2908 4617 3014 4671 ἀπὸ
3046 4617 3147 4687 τῆς
3181 4618 3294 4672 ἅλω
3322 4616 3415 4685 τῆς
3441 4604 3621 4680 γινομέ-

2104 4720 2200 4775 νης
2228 4706 2356 4776 περὶ
2374 4706 2470 4777 τὴν
2502 4707 2749 4781 σελήνην,
2776 4709 2870 4763 καὶ
2898 4709 3005 4762 ἀπὸ
3027 4708 3131 4762 τῶν
3149 4706 3476 4763 διαῖσσόντων
3496 4695 3618 4753 ἀστέ·
3651 4744 3658 4753 ,

2107 4812 2236 4866 ρων,
2277 4797 2370 4850 καὶ
2406 4798 2512 4851 ἀπὸ
2543 4799 2648 4851 τῶν
2677 4799 2885 4868 ἀλόγων
2913 4798 3094 4864 ζώων·
3129 4801 3185 4852 αί
3209 4798 3315 4872 γὰρ
3338 4794 3435 4851 ἀπὸ
3453 4789 3617 4845 τούτων

2107 4886 2459 4957 προγνώσεις,
2508 4890 2645 4960 μετά
2693 4907 2838 4953 τινος
2890 4889 3125 4960 φυσικῆς
3158 4891 3330 4952 αἰτίας
3363 4882 3626 4955 γινόμεναι,

2105 5000 2246 5079 Nihil
2278 5004 2883 5079 hac_a_rgumentatione
2913 5005 3127 5079 falsius.
3171 5005 3301 5079 Qua:
3328 5012 3431 5079 t_ttm
3461 5008 3614 5079 proce-

2105 5071 2277 5145 deret,
2313 5075 2358 5128 si
2391 5071 2566 5129 hicins
2587 5087 2746 5130 restas
2777 5084 2957 5139 esset,
2983 5085 3079 5129 aut
3110 5077 3162 5129 in
3189 5071 3305 5145 ipso
3331 5071 3610 5141 Capricorno

2103 5144 2206 5197 sita
2245 5152 2390 5199 esset
2409 5145 2688 5199 Canicula.
2724 5145 2845 5199 lltec
2886 5146 3029 5199 enim
3079 5144 3289 5199 Gemini
3333 5146 3607 5205 tempore)"

2103 5212 2270 5288 gradu
2294 5213 2641 5288 Geminorum
2672 5216 2888 5288 circiter
2908 5231 2976 5288 x_v
3000 5215 3377 5270 collocabatur.
3408 5203 3608 5288 Distath

2103 5278 2179 5354 ab
2220 5285 2583 5352 tequinoctiali
2621 5285 2881 5354 gradibus
2925 5284 3037 5339 fere
3085 5302 3207 5350 xvi,
3239 5299 3267 5337 a
3311 5278 3495 5354 tropico
3516 5278 3605 5354 ett}

2103 5352 2217 5405 sole
2243 5350 2404 5421 prope
2434 5369 2521 5409 ιιι..
2544 5350 2678 5408 Cum
2715 5361 2896 5407 autem
2920 5356 2999 5408 sol
3030 5354 3084 5408 in
3109 5351 3410 5423 Capricorni
3436 5350 3605 5423 ῐνορίεο

2110 5424 2306 5485 stabat,
2342 5425 2684 5477 intervallum
2728 5424 2868 5477 inter
2912 5424 3057 5477 hunc
3102 5433 3155 5479 et
3185 5421 3485 5485 Caniculam
3509 5422 3603 5485 an!‘

2109 5492 2253 5559 plius
2281 5482 2396 5547 erat
2426 5494 2790 5549 semicirculo.
2816 5493 2956 5558 Quid
2980 5494 3146 5563 igitur
3175 5492 3428 5563 cogitabat
3452 5482 3602 5563 Geme

2106 5575 2232 5622 nus,
2299 5577 2422 5615 cum
2481 5564 2925 5633 propinquiorem
3001 5559 3103 5617 soli
3168 5559 3458 5617 Caniculam
3506 5559 3603 5633 θξξιξ

2105 5620 2391 5693 scriberet,
2428 5620 2651 5705 quando
2680 5620 2965 5687 hibernum
3002 5633 3374 5705 illetropicnm
3413 5620 3598 5686 ecculm

2102 5716 2265 5769 quam
2306 5717 2429 5755 cum
2481 5703 2534 5755 in
2594 5704 2783 5759 aestivo
2827 5704 3107 5759 moratur?
