3886 6268
180 333 332 391 853

1240 342 1474 401 GEMINI
1513 346 1888 404 ELEMENTA
1929 348 2418 408 ASTRONOMUE.

3328 350 3433 406 ὅδε

181 452 709 525 κατηναγκασμένα
733 455 914 527 ἔχουσι
944 455 1014 512 τὰ
1039 457 1472 533 ἀποτελέσματα.
1501 465 1663 520 Ὅθεν
1690 468 1784 522 καὶ

1887 466 2142 522 imbrium
2179 469 2452 538 exposuit,
2480 482 2547 523 ex
2585 466 2858 539 praedictis
2908 466 3194 538 generibus
3235 460 3451 534 praecor

182 539 415 615 Βόηθος
444 547 472 598 ὁ
505 544 790 616 φιλόσοφος
814 550 872 603 ἐν
899 549 975 621 τῷ
994 550 1245 625 ,τετάρτῳ
1267 552 1454 625 βιϐλίῳ
1475 557 1571 629 τῆς
1616 558 1775 629 Ἀρά-

180 651 311 687 του
359 634 686 709 ἐξηγήσεως,
728 640 960 709 φυσικὰς
1000 641 1099 707 τὰς
1137 645 1311 710 αἰτίας
1341 646 1643 703 ἀποδέδωκε
1666 648 1773 703 τῶν

180 742 263 779 τε
299 728 621 799 πνευμάτων
675 732 768 786 καὶ
826 732 1064 805 ὄμϐρων,
1096 736 1160 789 ἐκ
1211 737 1318 791 τῶν
1365 739 1773 811 προειρημένων

1879 558 2157 628 gnitiones
2193 560 2510 616 ostendens.
2545 558 2642 616 His
2674 560 2843 629 signis
2874 566 2929 614 et
2962 556 3283 613 Aristoteles
3306 553 3430 624 phi-

1877 650 2139 721 iosophus
2171 668 2307 709 usus
2338 662 2441 718 est,
2476 660 2530 708 et
2559 651 2837 716 Eudoxus,
2857 660 2911 706 et
2938 652 3121 721 plures
3148 647 3240 702 alii
3261 653 3433 700 astro-

1876 742 2005 812 logi.
2400 756 2401 759 ‘

186 821 371 876 εἰδῶν
394 823 489 888 τὰς
526 825 862 897 προγνώσεις
889 829 1337 901 ἀποφαινόμενος.
1354 833 1576 898 Τούτοις
1592 835 1649 889 δὲ
1673 838 1784 899 τοῖς
1821 838 2065 909 σημείοις
2099 841 2190 894 καὶ
2231 840 2600 912 Ἀριστοτέλης
2625 840 2883 912 κέχρηται
2931 840 2960 891 ὁ
2986 835 3288 907 φιλόσοφος,
3337 829 3429 884 καὶ

186 915 460 984 Εὔδοξος,
486 916 583 974 καὶ.
608 923 784 995 ἕτεροι
816 925 1059 991 πλείονες
1084 928 1193 983 τῶν
1216 929 1580 1000 ἀστρολόγων.

739 1041 1132 1096 ΚΕΦΑΛΑῙΟΝ
1177 1044 1275 1098 ΙΕ’.

670 1155 806 1222 Περὶ
837 1155 1151 1227 ἐξελιγμοῦ
1191 1158 1322 1231 (50).

302 1268 612 1341 Ἐξελιγμὸς
645 1273 758 1324 ἐστι
787 1273 977 1345 χρόνος
1013 1275 1289 1348 ἐλάχιστος
1324 1280 1589 1351 περιέχων
1626 1280 1778 1344 ὅλους

197 1361 398 1434 μῆνας
423 1400 439 1426 9
467 1365 559 1418 καὶ
586 1365 712 1428 ὅλας
741 1367 979 1440 ἡμέρας,
1011 1371 1106 1422 καὶ
1149 1370 1274 1434 ὅλας
1312 1372 1778 1436 ἀποκαταστάσεις

190 1449 318 1522 τῆς
360 1453 610 1524 σελήνης.
656 1456 806 1509 Ἐπεὶ
846 1458 953 1529 γὰρ
984 1459 1012 1511 ὁ
1046 1463 1292 1531 μηνιαῖος
1327 1463 1515 1533 χρόνος
1539 1479 1780 1535 παρετη-

197 1544 357 1618 ρὴθη
377 1546 638 1617 ὑπάρχων
665 1548 885 1620 ἡμερῶν
904 1550 1103 1604 είκοσιν
1121 1553 1274 1606 ἐννέα
1290 1554 1441 1623 a'/6',
1457 1554 1532 1619 ὡς
1555 1555 1781 1623 ἔγγιστα

199 1636 318 1688 καὶ
344 1637 669 1707 τριακοστοῦ
699 1640 902 1710 τρίτου,
938 1642 971 1712 ἡ
1003 1641 1060 1695 δὲ
1090 1645 1531 1710 ἀποκατάστασις
1556 1646 1655 1717 τῆς
1689 1664 1779 1701 σε-

192 1725 381 1798 λήνης
424 1720 647 1801 ἡμερῶν
677 1730 757 1796 κζ’
789 1732 883 1784 καὶ
913 1732 1372 1788 ὀκτωκαιδεκάτου
1412 1734 1487 1799 ὡς
1514 1735 1737 1805 ἔγγιστα
1760 1751 1776 1767 ⁶

2467 1045 2696 1102 CAPUT
2723 1046 2836 1101 XV.

2454 1161 2531 1215 De
2558 1161 2865 1216 evolutione.

1945 1279 2192 1336 Evolutio
2220 1286 2305 1335 est
2323 1285 2538 1348 tempus
2565 1276 2869 1342 minimum,
2892 1277 3175 1333 continens
3193 1278 3449 1349 integros

1873 1380 2168 1440 menses,et
2184 1375 2424 1443 integros
2435 1371 2632 1432 dies,et
2643 1370 2878 1440 integras
2893 1371 3258 1426 restitutiones
3272 1371 3428 1427 lunae.
3444 1418 3447 1423 .

1879 1463 2016 1519 Cum
2046 1463 2190 1518 enim
2226 1470 2566 1518 menstruum
2602 1468 2814 1529 tempus
2848 1459 3188 1514 observatum
3215 1461 3287 1515 sit
3312 1476 3432 1516 esse

1840 1605 1847 1613 .
1877 1554 2087 1610 dierum
2100 1554 2170 1609 29
2191 1553 2213 1606 1
2219 1553 2313 1625 /2,
2328 1552 2485 1624 1/53,
2500 1551 2638 1607 fere:
2657 1551 2925 1605 restitutio
2936 1564 3060 1606 vero
3078 1549 3433 1606 lunzedierum

1878 1647 1942 1701 27
1972 1647 1994 1700 1
2001 1646 2110 1717 /18
2132 1645 2261 1704 fere,
2286 1644 2569 1712 quaesitum
2593 1650 2677 1699 est
2707 1653 2915 1711 tempus
2949 1641 3259 1705 minimum,
3288 1644 3432 1712 quod

1878 1738 2118 1794 continet
2136 1738 2373 1808 integros
2390 1736 2528 1799 dies,
2545 1744 2599 1790 et
2615 1734 2851 1806 integros
2878 1749 3110 1801 menses,
3129 1741 3183 1788 et
3196 1734 3434 1804 integras

192 1818 460 1919 ἐζητεῖτο
507 1819 695 1892 χρόνος
736 1825 764 1876 ὁ
809 1822 1085 1894 ἐλάχιστος
1104 1864 1117 1887 ,
1159 1826 1307 1890 ὅστις
1363 1827 1603 1899 περιέχει
1653 1827 1780 1892 ὅλας

1887 1829 2257 1886 restitutiones
2282 1849 2295 1883 :
2320 1827 2560 1884 inventio
2581 1835 2760 1881 autem
2778 1832 2862 1881 est
2880 1825 3004 1879 talis
3024 1844 3035 1880 :
3056 1824 3204 1879 Luna
3225 1825 3434 1896 irregu-

192 1908 450 1980 ἡμέρας,
482 1911 574 1964 καὶ
603 1911 754 1977 ὅλους
786 1914 977 1984 μῆνας,
1001 1915 1095 1969 καὶ
1124 1915 1249 1980 ὅλας
1275 1917 1744 1984 ἀποκαταστάσεις
1763 1937 1777 1950 '

198 1999 331 2053 ἔστι
362 2001 422 2054 δὲ
450 2001 673 2073 τοιαύτη
718 2005 953 2076 εὕρεσις
1004 2008 1069 2060 Ἡ
1099 2007 1292 2079 σελήνη
1330 2008 1629 2081 ἀνωμάλως
1658 2011 1781 2080 φαί-

196 2106 367 2143 νεται
388 2090 817 2166 διαπορευομένη
839 2096 930 2149 τὸν
968 2095 1228 2161 ζωδιακὸν
1262 2097 1479 2165 κύκλον,
1513 2101 1606 2154 καὶ
1636 2117 1785 2173 περι.

199 2181 445 2254 φέρειάν
485 2201 609 2238 τινα
640 2186 916 2257 ἐνεχθεῖσα
936 2226 952 2252 ,
978 2190 1035 2242 ἐν
1066 2191 1133 2260 τῇ
1175 2190 1409 2263 ἐχομένῃ
1448 2192 1631 2265 ἡμέρᾳ
1666 2193 1784 2264 μεί-

199 2271 346 2336 ζονα
393 2273 597 2346 ταύτης
646 2280 895 2341 κινεῖται,
942 2279 1035 2332 καὶ
1080 2280 1167 2333 ἀεὶ
1220 2280 1441 2350 μείζονα
1489 2286 1609 2347 ταῖς
1658 2282 1782 2355 ἐξῆς

200 2366 476 2437 ἡμέραις,
506 2368 610 2433 ἕως
639 2369 705 2424 ἂν
740 2370 1000 2441 μεγίστην
1043 2372 1393 2444 περιφέρειαν
1420 2373 1611 2447 κινηθῇ
1631 2393 1644 2405 ·
1684 2371 1782 2430 εἶτ’

198 2453 372 2522 αὖθις
398 2461 482 2523 εἰς
509 2460 607 2531 τὴν
653 2460 911 2515 ἐλάττονα
955 2464 1053 2534 τῆς
1094 2465 1527 2537 προηγουμένης,
1567 2467 1671 2529 ἓως
1717 2466 1783 2521 ἂν

200 2551 306 2604 ἐπὶ
342 2551 448 2621 τὴν
492 2551 552 2617 ἐξ
595 2553 766 2625 ἀρχῆς
805 2553 1088 2625 ἐλαχίστην
1129 2556 1476 2628 περιφέρειαν
1511 2558 1786 2611 ἀποκατα-

204 2641 409 2711 σταθῇ.
448 2641 507 2696 '0
534 2642 590 2695 δὲ
630 2643 819 2715 χρόνος
851 2646 880 2697 ὀ
920 2645 1026 2698 ἀπὸ
1056 2645 1155 2717 τῆς
1191 2645 1479 2718 ἐλαχίστης
1520 2647 1785 2719 κινήσεως

204 2734 304 2786 ἐπὶ
327 2735 429 2805 τὴν
466 2734 750 2806 ἐλαχίστην
793 2735 1005 2808 κίνησιν
1049 2736 1485 2800 ἀποκατάστασις
1518 2737 1783 2793 καλεῖται.

206 2826 673 2898 Παῳτετὴρηται
703 2827 761 2881 δὲ
782 2830 809 2882 ὁ
832 2828 1112 2900 ἐξελιγμὸς
1140 2830 1405 2901 περιέχων
1435 2831 1588 2896 ὅλους
1613 2832 1786 2904 μῆνας

207 2918 350 2989 χξίγ,
393 2918 609 2993 ἡμέρας
647 2919 705 2972 δὲ
750 2920 982 2990 γιγθψνςξ
1040 2921 1127 2975 Ἐν
1172 2921 1231 2975 δὲ
1276 2921 1353 2993 τῷ
1398 2922 1574 2994 χρόνῳ
1611 2922 1786 2995 τούτῳ

207 3013 457 3064 ποιεῖται
481 3012 580 3080 τῆς
607 3012 746 3066 κατά
772 3013 942 3083 μῆκος
967 3013 1330 3086 ἀνωμαλίαςὴ
1359 3015 1553 3086 σελήνη
1575 3017 1786 3070 ἀποκα-

208 3104 512 3168 ταστάσεις
546 3104 673 3174 duc,
698 3105 928 3170 κύκλους
955 3106 1012 3160 δὶ
1037 3105 1333 3172 ζωδιακοὺς
1361 3108 1784 3182 διαπορευομένη

1879 1921 2067 1976 lariter
2088 1935 2380 1991 peragrare
2409 1919 2689 1975 zodiacum
2717 1917 3000 1978 circulum.
3018 1924 3072 1970 et
3096 1915 3207 1971 ﬁeri
3231 1932 3325 1987 per
3351 1931 3453 1971 ar--

1878 2031 1999 2072 cum
2031 2013 2319 2086 quemdam
2348 2012 2698 2082 conspicitur.
2741 2009 2839 2065 Die
2863 2009 3109 2080 sequenti
3144 2009 3248 2065 hoc
3304 2002 3471 2066 arcuI

1878 2109 2137 2178 majorem
2153 2105 2397 2171 coniicit,
2418 2113 2472 2159 et
2483 2118 2696 2174 semper
2711 2102 2967 2174 majorem
2980 2101 3169 2158 diebus
3179 2101 3437 2157 continuo

1880 2199 2228 2270 sequentibus
2249 2237 2264 2264 ,
2294 2198 2465 2253 donec
2477 2212 2570 2267 per
2585 2196 2877 2251 maximum
2892 2210 3080 2250 arcum
3096 2201 3239 2249 mota
3254 2192 3451 2263 fuerit..

1881 2291 2084 2346 Deinde
2109 2289 2303 2346 rursus
2353 2291 2408 2344 in
2453 2304 2636 2344 arcum
2669 2287 2933 2342 minorem
2955 2284 3278 2357 praecedenti
3310 2284 3397 2339 die
3418 2323 3449 2349 ,_

1880 2385 2051 2440 donec
2075 2384 2128 2437 in
2146 2382 2450 2445 minimum,
2470 2381 2560 2452 qui
2581 2378 2950 2442 fuitabinitio,
2983 2393 3168 2433 arcum
3192 2377 3447 2432 restituta

1883 2476 2065 2532 fuerit.
2091 2474 2326 2545 Tempus
2348 2487 2495 2537 vero,
2520 2472 2663 2543 quod
2679 2479 2765 2527 est
2788 2487 2818 2525 a
2841 2471 3067 2524 minimo
3086 2476 3232 2524 motu
3256 2468 3321 2523 ad
3345 2469 3452 2523 mi-~

1883 2569 2088 2642 nimum
2112 2575 2339 2630 motum,
2372 2564 2641 2620 restitutio
2657 2570 2900 2616 vocatur.
2933 2560 3230 2617 Observata
3258 2567 3438 2614 autem

1883 2667 1967 2716 est
1999 2659 2235 2715 evolutio
2282 2658 2567 2712 continens
2606 2656 2846 2725 integros
2879 2669 3094 2710 menses
3138 2652 3278 2718 669,
3324 2650 3443 2706 dies

1886 2760 2012 2801 vero
2041 2743 2236 2800 l9756.
2265 2742 2324 2799 In
2352 2744 2455 2798 hoc
2492 2752 2669 2799 autem
2709 2749 2953 2813 tempore
2987 2743 3114 2797 luna
3160 2741 3444 2796 anomalia

1886 2833 2184 2896 secundum
2223 2830 2612 2903 longitudinem
2635 2828 2764 2884 facit
2791 2829 3159 2885 restitutiones
3184 2825 3306 2888 717,
3335 2826 3445 2879 cir-

1886 2926 2041 2981 culos
2062 2924 2316 2979 zodiacos
2349 2935 2645 2993 peragrans
2664 2920 2720 2974 in
2746 2919 2856 2990 jam
2884 2919 3028 2972 dicto
3046 2925 3286 2986 tempore
3304 2914 3404 2969 723
3422 2952 3441 2979 ,

1886 3028 1941 3076 et
1989 3019 2215 3087 insuper
2244 3028 2531 3071 assumens
2572 3012 2773 3082 gradus
2822 3010 2911 3066 52.
2950 3008 3220 3065 Habentes
3260 3015 3437 3062 autem

1887 3112 1988 3168 has
2014 3110 2356 3182 apparentias
2385 3122 2452 3162 ex
2478 3105 2750 3162 veteribus
2789 3102 3124 3173 temporibus
3151 3099 3406 3170 quaesitas
3424 3136 3443 3164 ,

211 3195 271 3247 ἐν
298 3192 383 3264 τῷ
418 3194 795 3267 προειρημένῳ
824 3195 999 3267 χρόνῳ
1021 3196 1168 3268 ψκγ’,
1212 3198 1303 3252 καὶ
1342 3197 1785 3271 προσεπιλαμσά-

1887 3204 2105 3276 quando
2132 3200 2463 3256 constituere
2486 3205 2698 3267 oportet
2713 3211 2830 3251 eam
2862 3195 3112 3249 diurnam
3142 3192 3282 3246 inme
3312 3206 3445 3245 ano-

208 3304 389 3340 νουσα
434 3287 627 3359 μοίρας
655 3286 755 3359 λβ’.
789 3288 1042 3359 Ἔχοντες
1082 3289 1139 3343 δὲ
1173 3289 1341 3344 ταῦτα
1382 3291 1450 3343 τά
1489 3291 1790 3362 φαινόμενα

210 3381 280 3433 ἐκ
316 3378 563 3433 παλαιῶν
588 3379 789 3451 χρόνων
812 3378 976 3451 ἐζητη
986 3380 1137 3450 μένα,
1164 3380 1281 3434 δέον
1307 3380 1672 3452 συστήσασθαι
1691 3381 1789 3452 τὴν

214 3472 367 3527 κατὰ
402 3471 577 3542 μῆκος
613 3472 924 3543 ἀνωμαλίαν
955 3474 1253 3545 ἡμερήσιον
1280 3473 1379 3544 τῆς
1413 3473 1672 3545 σελήνης,
1706 3475 1789 3539 τίς

214 3569 372 3619 ἐστιν
396 3564 654 3636 ἐλαχίστη
688 3565 899 3637 κίνησις
923 3566 1109 3636 αὐτῆς,
1136 3565 1228 3619 καὶ
1250 3564 1330 3630 τίς
1355 3567 1388 3637 ἡ
1422 3567 1671 3637 μεγίστη,
1699 3568 1792 3621 καὶ

215 3658 302 3721 τίς
341 3660 375 3729 ἡ
408 3657 544 3729 μέση
568 3698 581 3721 ,
621 3659 714 3711 καὶ
751 3658 834 3722 τίς
860 3661 892 3729 ἡ
921 3658 1043 3712 καθ’
1077 3658 1284 3730 ἡμέραν
1324 3658 1661 3732 παραύξησις
1699 3660 1792 3714 καὶ

218 3752 455 3822 μείωσις
501 3752 701 3823 αὐτῆς
737 3751 1192 3823 ἐπιλαμϐάνοντες
1233 3753 1297 3806 ἐκ
1335 3751 1427 3805 τοῦ
1470 3751 1795 3822 φαινομένου

215 3845 319 3899 καὶ
346 3843 506 3897 τοῦτο
527 3884 542 3908 ,
575 3844 654 3897 ὅτι
690 3843 783 3898 ἐὰν
821 3844 917 3914 μὲν
949 3844 1040 3897 καὶ
1081 3844 1179 3907 τὰς
1214 3843 1500 3914 ἐλαχίστας
1537 3845 1792 3914 κινῆται,

220 3937 447 3991 πλείονα
480 3937 578 4007 μὲν
603 3922 713 3991 τῶν
740 3936 807 3990 ια’
840 3935 1041 4008 μοιρῶν
1063 3938 1307 4001 κινεῖται,
1337 3936 1588 3990 ἐλάττονα
1613 3936 1668 3989 δέ
1687 3936 1794 3990 τῶν

219 4030 290 4100 ιβ’
309 4047 325 4061 ·
357 4030 492 4083 ὅταν
523 4028 579 4082 δέ
607 4029 704 4092 τάς
737 4028 995 4099 μεγίστας
1030 4031 1275 4100 κινῆται,
1305 4028 1520 4083 πλείονα
1560 4029 1656 4100 μὲν
1687 4029 1795 4081 τῶν

224 4128 284 4176 ιε’
321 4119 532 4192 μοιρῶν
556 4123 805 4182 κινεῖται,
839 4120 1094 4174 ἐλάττονα
1117 4119 1172 4173 δὲ
1198 4118 1307 4173 τῶν
1332 4126 1406 4184 ις’
1424 4137 1437 4151 ο
1466 4121 1589 4173 ἐπεὶ
1617 4119 1799 4173 τοίνυν

222 4213 675 4285 παρατετήρηται
706 4213 739 4283 ἡ
771 4211 963 4284 σελήνη
1004 4211 1063 4264 ἐν
1101 4211 1336 4282 ἡμέραις
1365 4209 1573 4281 ,ι,θψνς’
1604 4210 1795 4264 διαπο-

222 4305 501 4377 ρευομένη
544 4301 839 4367 ζωδιακοὺς
880 4303 1111 4367 κύκλους
1155 4302 1280 4372 ψκγ¹
1305 4341 1320 4366 ,
1350 4303 1443 4356 καὶ
1486 4301 1566 4356 ἐτι
1601 4302 1799 4373 μοίρας

222 4395 326 4467 λβ¹,
373 4395 604 4458 ἕκαστος
630 4394 687 4446 δέ
717 4393 826 4448 τῶν
856 4393 1069 4447 κύκλων
1102 4392 1213 4464 ἔχει
1250 4394 1444 4466 μοίρας
1469 4391 1543 4458 τε
1560 4410 1574 4423 ο
1606 4391 1797 4447 ἀνελύ-

1892 3288 2129 3351 maliam,
2158 3300 2278 3355 quae
2305 3290 2390 3338 est
2422 3280 2718 3338 secundum
2761 3278 3146 3349 longitudinem
3176 3316 3192 3343 ,
3223 3276 3346 3347 quis
3374 3276 3443 3330 sit

1892 3379 2151 3434 minimus
2174 3383 2357 3431 motus
2383 3375 2522 3443 ejus,
2541 3381 2597 3429 et
2615 3373 2740 3441 quis
2759 3371 3046 3436 maximus,
3062 3368 3185 3438 quis
3213 3366 3444 3431 medius,
3514 3382 3517 3387 ·

1893 3480 1947 3527 ει
1996 3467 2140 3540 quod
2182 3465 2556 3538 quotidianum
2597 3461 2999 3529 incrementum:
3049 3468 3102 3515 et
3135 3457 3450 3515 decremen-

1894 3570 2007 3615 tum
2037 3560 2157 3629 ejus
2184 3578 2198 3614 :
2229 3557 2528 3627 accipimus
2558 3553 2781 3623 insuper
2806 3568 2873 3606 ex
2904 3550 3217 3622 apparentia
3248 3548 3448 3612 ethoc,

1895 3670 2018 3710 cum
2052 3654 2180 3707 luna
2210 3657 2395 3705 motus
2421 3647 2677 3702 minimos
2725 3644 2883 3709 facit,
2932 3643 3055 3714 plus
3097 3656 3215 3698 eam
3247 3641 3454 3696 moveri

1896 3745 2148 3800 undecim
2194 3740 2483 3813 gradibus,
2534 3738 2719 3794 minus
2771 3736 3101 3792 duodecim:
3147 3749 3271 3790 eum
3326 3746 3455 3789 vero

1896 3835 2166 3890 maximos
2213 3832 2432 3887 conﬁcit
2481 3840 2681 3895 motus,
2710 3828 2944 3898 amplius
2977 3840 3094 3881 eam
3144 3823 3348 3879 moveri
3390 3821 3457 3878 15

1897 3927 2180 3999 gradibus,
2214 3924 2397 3979 minus
2425 3938 2554 3978 vero
2580 3922 2645 3976 16
2675 3920 2963 3992 gradibus;
3003 3931 3126 3972 cum
3160 3916 3325 3985 igitur
3359 3913 3458 3968 ob.

1900 4025 2174 4075 servatum
2206 4018 2298 4081 sit,
2329 4017 2513 4071 lunam
2550 4014 2604 4069 in
2637 4013 2829 4067 diebus
2856 4009 3025 4065 19756
3051 4022 3338 4079 peragrare
3364 4022 3460 4060 zo-

1899 4110 2085 4164 diacus
2105 4107 2343 4162 circulos
2373 4106 2503 4169 723,
2538 4115 2592 4159 et
2620 4114 2879 4175 praeterea
2917 4100 3093 4156 adhuc
3128 4099 3329 4171 gradus
3347 4096 3417 4152 52
3442 4116 3454 4151 :

1901 4200 2277 4271 unusquisque
2305 4206 2486 4253 autem
2516 4197 2843 4252 circulorum
2884 4193 3079 4248 habeat
3103 4191 3304 4262 gradus
3334 4189 3457 4253 360,

1900 4292 2137 4349 refundit
2182 4293 2310 4347 luna
2341 4289 2671 4346 circulorum
2713 4285 3107 4340 multitudinem
3140 4283 3195 4338 in
3227 4281 3458 4353 gradus.

1900 4392 1956 4441 et
1977 4384 2126 4440 addit
2153 4383 2355 4454 gradus
2395 4381 2483 4436 52.
2520 4378 2605 4434 Fit
2637 4379 2802 4450 igitur
2850 4385 2996 4432 totus
3041 4387 3299 4429 numerus
3338 4386 3463 4441 gra-

227 4461 364 4544 σατο
390 4488 502 4543 τῶν
531 4486 746 4542 κύκλων
774 4487 975 4557 πλῆθος
1011 4491 1091 4552 εἰς
1131 4461 1461 4560 μοίραςξκαὶ
1493 4486 1785 4559 προσέθηκε

1902 4474 2069 4530 duum
2104 4472 2333 4528 260512.
2366 4470 2424 4525 1n
2458 4469 2650 4525 diebus
2678 4466 2842 4538 igitur
2873 4463 3108 4519 maxime
3139 4461 3310 4517 19756
3342 4475 3465 4530 per-

223 4582 327 4647 τὰς
359 4580 463 4651 λβ’.
502 4580 713 4636 Γίνεται
746 4582 776 4635 ὁ
806 4556 914 4645 πᾶς
944 4556 1173 4655 ἀριθμός
1217 4556 1418 4652 μοιρῶν
1447 4556 1661 4654 ,σδξτιβἍ
1710 4556 1785 4633 Ἐκ

1903 4566 2075 4622 currit
2124 4566 2254 4620 luna
2299 4561 2614 4634 praedictum
2647 4573 2929 4614 numerum
2958 4556 3222 4628 graduum
3251 4574 3266 4609 :
3301 4567 3464 4624 quam

226 4674 339 4746 ἄρα.
368 4648 606 4745 ἡμέραις
636 4673 868 4745 μάλιστα
895 4648 1100 4745 ,ιβζινρέι
1121 4648 1507 4746 διαπορεύεται-
1533 4675 1568 4743 ἡ
1598 4648 1785 4744 *σελήντ

1905 4657 2304 4716 multitudinem
2353 4657 2409 4710 in
2464 4654 2673 4709 dierum
2722 4649 3120 4706 multitudinem
3169 4648 3468 4702 dividentes

228 4738 288 4820 ei;
313 4738 713 4838 προειρημένον
737 4738 939 4834 πλῆθος
964 4738 1072 4817 τῶν
1098 4738 1332 4835 μοιρῶν·
1359 4763 1463 4837 ὃδὴ
1489 4738 1785 4833 πλῆθος,είι

1904 4750 2245 4807 inveniemus
2280 4746 2519 4803 medium
2562 4745 2817 4801 diurnum
2867 4748 3072 4796 motum
3120 4739 3282 4795 lunae.
3330 4738 3467 4794 Cum

228 4855 289 4909 τὺ
328 4830 443 4909 τῶν
732 4830 934 4925 πλῆθος
976 4830 1293 4924 μερίσαντες
1313 4892 1328 4918 ,
1362 4830 1665 4924 εὑρήσομεν
1704 4850 1785 4921 τὴι

1902 4842 2048 4899 enim
2074 4854 2249 4910 neque
2273 4836 2625 4892 intentionem
2659 4843 2862 4897 motus,
2889 4847 3065 4904 neque
3089 4830 3475 4887 remissionem

234 4950 412 5019 μέσην
454 4921 752 5019 ἡμερήσιον
797 4921 1008 5017 κίνησιν
1050 4921 1152 5016 τῆς
1192 4921 1440 5018 σελήνης.
1485 4921 1650 4997 Ὅταν
1692 4944 1785 5015 γάε

1905 4941 2241 5005 reputantes,
2271 4946 2339 4986 ex
2363 4929 2558 5001 atquali
2604 4927 2951 4984 diviserimus
2991 4923 3256 4996 graduum
3287 4921 3472 4975 multi-

235 5043 377 5112 μήτε
414 5039 512 5110 τὴν
551 5039 797 5093 ἐπίτασιν
831 5038 932 5108 τῆς
969 5039 1251 5110 κινήσεως,
1299 5037 1436 5108 μήτε
1481 5034 1577 5107 τὴν
1619 5035 1785 5091 ἄνεσιι

1909 5025 2172 5090 tudinem,
2208 5033 2337 5079 tunc
2369 5022 2623 5077 inventus
2650 5031 2830 5075 motus
2857 5019 2965 5091 36
2991 5024 3216 5073 vocatur
3237 5015 3475 5070 medius.

234 5107 727 5202 υπολογισάμενοι,
759 5129 821 5195 ἐξ
860 5107 1403 5202 ὁξιαλοῖμερίσωΡεν
1432 5127 1495 5180 τὸ
1535 5127 1641 5180 τῶν
1682 5144 1785 5198 μοι·

1908 5119 2190 5175 lnveuitur
2245 5124 2427 5172 autem
2481 5115 2573 5171 hic
2620 5113 2832 5169 medius
2877 5120 3056 5168 motus
3108 5108 3371 5182 graduum
3407 5107 3477 5161 15

238 5222 350 5293 ρῶν
376 5200 598 5295 πλῆθος,
635 5223 757 5276 τότε
787 5223 820 5293 ἡ
846 5222 1127 5292 εὑρεθεῖσα
1145 5200 1357 5290 κίνησις
1381 5218 1518 5291 μέση
1540 5218 1780 5273 καλεῖται

1909 5214 2207 5282 primorum
2277 5207 2738 5278 sexagesimorum
2788 5203 2870 5260 1θ¹
2905 5244 2926 5268 ,
2990 5212 3043 5258 et
3109 5200 3475 5257 secundorum

236 5290 565 5386 Εὕρίσκεται
610 5312 669 5366 δέ
710 5290 846 5385 αὕτη
880 5290 1138 5383 γινομένη
1184 5310 1386 5384 μοιρῶν
1450 5317 1516 5379 ιγ’
1579 5309 1785 5381 πρώτωε

1913 5301 2032 5358 55".
2092 5300 2331 5357 Vocatur
2372 5308 2548 5354 autem
2604 5297 2769 5353 unius
2807 5296 3009 5366 gradus
3053 5290 3476 5362 sexagesimum,

240 5381 570 5477 ἑξηκοστῶν,
598 5404 692 5457 καὶ
713 5381 977 5475 δευτέρων
992 5381 1085 5457 λε’.
1106 5381 1362 5457 Καλεῖται
1388 5401 1444 5455 δὲ
1466 5401 1527 5454 τὸ
1552 5402 1649 5472 τῆς
1682 5403 1785 5472 μιᾶ.

1916 5397 2147 5465 primum
2174 5392 2602 5463 sexagesimum;
2651 5401 2704 5446 et
2751 5389 2915 5445 unius
2941 5387 3101 5458 primi
3151 5381 3475 5455 sexagesimi

244 5497 438 5568 μοίρας
457 5495 744 5567 ἑξηκοστὸν
765 5495 973 5567 πρῶτον
991 5494 1301 5567 ἑξηκοστὸν,
1318 5494 1379 5547 τὸ
1405 5493 1461 5546 δὲ
1486 5492 1577 5546 τοῦ
1596 5491 1785 5565 πρῶτος

1916 5488 2310 5558 sexagesimum
2357 5494 2583 5542 vocatur
2614 5483 2911 5541 secundum
2945 5481 3377 5553 sexagesimum;
3403 5477 3489 5531 εἰς

244 5584 535 5660 ἑξηκοστοῦ
565 5586 851 5658 ἑξηκοστὸν
873 5585 1121 5658 δεύτερον
1148 5584 1455 5657 ἑξηκοστόνο
1474 5583 1737 5655 ὁμοίωςδέ
1754 5601 1784 5636 τ

1917 5582 2119 5655 militer
2146 5579 2309 5636 etiam
2341 5595 2508 5637 unum
2540 5576 2840 5634 sccimdum
2883 5574 3278 5647 sexagesimum
3301 5611 3318 5638 ,
3355 5581 3484 5624 cum

305 5744 418 5817 (δῦ)
446 5741 590 5812 Περὶ
634 5742 966 5814 ἐξελιγμοῦ.
1027 5739 1162 5796 Vide
1217 5738 1564 5796 Ptolemaeum
1610 5739 1700 5794 lib.
1731 5753 1783 5792 tv

1887 5750 1972 5807 ap.
2003 5733 2064 5792 2.,
