3886 6268
469 301 641 359 855'

1461 306 1557 363 AD
1590 307 1860 367 EllSEBIl
1896 308 2286 367 CHRONICON
2321 308 2676 367 APPENDIX.

3605 310 3702 368 366

468 421 700 477 divisum
730 422 898 478 estin
927 431 1109 494 partes
1157 423 1265 487 60,
1323 432 1548 480 vocatur
1604 443 1711 482 una
1762 429 2018 498 particula

2131 429 2380 501 δεύτερον
2418 429 2723 500 ἑξηκοστὸν,
2750 428 3015 501 διαιρεθὲν
3051 430 3128 494 είς
3170 429 3334 503 μέρη.
3365 428 3433 495 ξ’,
3467 428 3699 486 καλεῖται

468 516 687 569 tertium
738 516 1150 587 sexagesimum.
1192 515 1390 572 Eadem
1444 524 1529 573 est
1574 520 1712 573 ratio
1755 521 1919 576 etiam
1969 523 2026 577 in

469 605 694 675 reliquis
725 607 1095 677 sexagesimis.

536 693 672 749 Cum
706 711 1058 752 numerorum
1085 698 1173 752 hic
1207 698 1279 755 sit
1301 699 1456 765 ordo,
1486 716 1518 755 a
1540 700 1808 758 Chaldwis
1837 703 2027 759 inven—

468 793 556 843 tus
578 794 669 849 est
697 787 910 843 medius
936 798 1117 845 motus
1154 791 1293 847 lunae
1338 792 1601 863 graduum
1658 795 1745 862 15,
1772 797 1874 860 lO',
1903 796 2022 863 55",

466 893 699 950 cumque
735 881 791 936 iu
821 881 1012 937 diebus
1054 882 1224 939 19756
1264 885 1390 940 luna
1435 868 2024 946 faciat'restitutiones

469 971 593 1035 717,
626 973 670 1027 si
704 973 1040 1031 voluerimus
1067 991 1393 1046 cognoscere
1432 993 1595 1032 unam
1624 980 2022 1036 restitutionem

466 1061 523 1114 in
552 1070 683 1131 quot
713 1061 905 1119 diebus
942 1058 1106 1119 faciat
1142 1066 1293 1129 luna,
1323 1066 1625 1123 dividemus
1646 1069 1852 1123 dierum
1878 1070 2020 1123 mul—

466 1155 755 1211 titudinem
795 1156 851 1210 in
878 1158 1281 1230 restitutionem
1339 1160 1769 1227 multitudinem;
1802 1169 1854 1215 et
1887 1160 2022 1215 ﬁunt

466 1246 585 1301 dies
613 1248 974 1304 restitutionis
997 1250 1087 1314 27,
1123 1258 1178 1306 et
1207 1252 1369 1308 unius
1411 1250 1518 1307 diei
1546 1251 1882 1322 sexagesima
1909 1253 2021 1322 pri-

465 1350 552 1389 ma
587 1337 675 1400 '55,
708 1346 764 1392 et
791 1340 1027 1394 secunda
1056 1340 1144 1396 20.
1186 1340 1242 1394 In
1272 1349 1351 1396 tot
1402 1341 1565 1413 igitur
1593 1342 1784 1398 diebus
1833 1342 1960 1397 luna
1991 1358 2022 1396 a

466 1427 694 1483 minimo
724 1439 875 1485 motu
908 1432 971 1485 ad
1020 1432 1300 1487 minimum
1331 1442 1537 1487 motum
1566 1435 1949 1503 proficiscitur.

2128 521 2188 575 τὸ
2219 520 2467 593 ἐνημέρος
2494 521 2674 593 τρίτον
2704 520 3011 591 ἑξηκοστόν.
3052 522 3109 575 '0
3135 522 3194 575 δὲ
3237 521 3413 584 αὐτὸς
3438 520 3596 586 λόγος
3616 522 3701 575 καὶ

2127 613 2218 667 ἐπὶ
2251 612 2358 666 τῶν
2379 612 2579 665 λοιπῶν
2607 612 2928 682 ἐξηκοστῶν.

2195 703 2463 775 Τοιαύτης
2493 704 2550 757 δὲ
2592 706 2691 774 τῆς
2721 702 3013 769 διατάξεως
3049 705 3417 778 ὑπαρχούσης
3449 704 3560 757 τῶν
3591 706 3701 778 ἀρι-

2125 797 2299 868 θμῶν,
2335 797 2439 850 ὑπὸ
2478 796 2589 850 τῶν
2628 796 2924 859 Χαλδαίων,
2949 796 3172 869 εὕρηται
3217 800 3254 868 ἡ
3308 797 3454 869 μέση
3501 799 3699 869 κίνησις

2123 893 2221 961 τῆς
2258 890 2486 962 σελήνης
2522 889 2723 962 μοιρῶν
2751 896 2839 958 ιγ,
2871 897 2922 953 ι’,
2960 888 3032 942 λε’
3055 906 3068 917 ·
3100 892 3191 944 καὶ
3232 891 3368 942 ἐπεὶ
3389 893 3451 943 ἐν
3481 890 3700 961 ἡμέραις

2122 982 2330 1055 ⁴ιδθψνᾷ
2363 982 2834 1046 ἀποκαταστάσεις
2867 985 3098 1037 ποιεῖται
3130 985 3164 1053 ἡ
3207 983 3423 1054 σελήνη
3456 982 3585 1052 ψιξ,
3613 984 3696 1036 ἐὰν

2125 1073 2439 1144 βουλώμεθα
2481 1074 2774 1142 ἐπιγνῶναι
2818 1073 2917 1144 τὴν
2969 1074 3096 1144 μίαν
3144 1073 3605 1128 ἀποκατάστασιν
3646 1074 3699 1124 ἐν

2122 1164 2317 1226 πόσαις
2342 1165 2575 1235 ἡμέραις
2596 1166 2825 1217 ποιεῖται
2853 1166 2884 1234 ἡ
2920 1163 3132 1234 σελήνη,
3170 1162 3489 1235 μεριοῦμεν
3519 1161 3576 1214 τὸ
3601 1162 3695 1213 τῶν

2123 1254 2342 1326 ἡμερῶν
2373 1254 2571 1325 πλῆθος
2603 1257 2681 1318 εἰς
2703 1255 2763 1308 τὸ
2795 1254 2902 1308 τῶν
2930 1255 3440 1309 ἀποκαταστάσεως)
3478 1252 3693 1321 πλῆθος

2127 1349 2362 1415 γίνονται
2422 1347 2478 1401 δὲ
2532 1348 2731 1420 ἡμέραι
2782 1348 2882 1419 τῆς
2940 1347 3458 1408 ἀποκαταστάσεως
3508 1343 3693 1398 εἴκοσιν

2128 1438 2264 1492 ἑπτὰ
2290 1478 2305 1502 ,
2338 1441 2427 1493 καὶ
2478 1442 2603 1511 μιᾶς
2656 1443 2866 1513 ἡμέρας
2911 1440 3176 1512 ἐξηκοστὰ
3219 1438 3430 1513 πρῶτα
3473 1437 3575 1505 λγ’,
3609 1436 3694 1489 καὶ

464 1519 690 1591 δεύτερα
711 1527 780 1573 κ’.
825 1520 911 1575 Ἐν
935 1521 1040 1595 ἄρα
1063 1521 1298 1595 ἡμέραις
1325 1516 1666 1595 τοσαύταιςὴ
1705 1525 1898 1597 σελήνη
1924 1526 2032 1579 ἀπὸ
2093 1527 2197 1600 τῆς
2237 1528 2525 1600 ἐλαχίστης
2557 1532 2820 1603 κινήσεως
2870 1532 2963 1584 ἐπ)⁸
2986 1530 3082 1601 τὴν
3124 1529 3432 1600 ἐλαχίστην
3469 1528 3688 1599 παραγίο

463 1626 632 1665 νεται.

536 1707 601 1763 Et
628 1723 751 1765 cum
777 1710 830 1763 in
853 1710 1002 1765 omni
1031 1702 1375 1769 restitutione
1397 1713 1432 1771 4
1451 1715 1559 1771 sint
1582 1720 1827 1785 tempora
1845 1730 2018 1786 aequa-

2189 1713 2305 1767 Kal.
2351 1712 2471 1766 ἐπεὶ
2514 1713 2572 1766 ἐν
2609 1711 2759 1786 πάσῃ
2802 1710 3241 1766 ἀποκαταστάσει
3291 1710 3339 1765 δ’
3377 1711 3490 1765 είσι
3524 1712 3688 1784 χρόνοι

464 1800 558 1864 lia,
592 1811 916 1875 acceperunt
943 1814 1193 1874 quartam
1240 1814 1450 1877 partem
1478 1806 1688 1863 dierum
1717 1807 1807 1872 27,
1836 1807 1938 1872 55',
1968 1815 2023 1863 et

461 1891 584 1958 20",
608 1902 664 1949 et
693 1894 828 1948 ﬁunt
875 1895 992 1950 dies
1025 1898 1079 1960 6,
1124 1896 1229 1964 55‘,
1256 1904 1314 1953 et
1338 1897 1461 1955 20".
1499 1897 1559 1953 ln
1585 1907 1666 1955 tot
1714 1897 1882 1970 igitur
1908 1899 2023 1954 die-

466 1985 570 2043 bus
598 1985 728 2040 luna
759 1999 790 2040 a
822 1987 1048 2042 minimo
1085 1997 1233 2045 motu
1262 1990 1329 2044 ad
1354 1990 1587 2046 medium
1620 1990 1984 2062 proﬁciscitur
2003 2029 2020 2057 ,

463 2084 520 2133 et
551 2092 582 2131 ιι
602 2078 782 2134 medio
812 2078 878 2135 ad
902 2082 1195 2135 maximum
1222 2099 1237 2149 ;
1264 2089 1319 2137 et
1346 2098 1536 2139 rursus
1569 2084 1822 2139 similiter
1848 2099 1878 2138 a
1902 2098 2020 2136 ma-

465 2167 615 2223 ximo
641 2167 712 2223 ad
743 2169 978 2227 medium
1005 2212 1020 2238 ,
1071 2179 1125 2227 et
1152 2188 1183 2227 a
1228 2173 1407 2230 medio
1434 2173 1502 2229 ad
1549 2173 1856 2236 minimum.
1886 2174 2020 2229 Nam

466 2257 584 2319 bare
608 2269 844 2331 quatuor
877 2272 1118 2334 tempora
1148 2265 1290 2321 inter
1319 2281 1377 2322 se
1406 2274 1535 2321 sunt
1559 2267 1808 2338 aequalia.

533 2525 762 2594 Etcum,
786 2529 831 2585 si
860 2528 1058 2585 fuerint
1080 2538 1190 2587 tres
1228 2533 1437 2587 numeri
1470 2548 1533 2587 ex
1562 2548 1716 2603 aequo
1757 2548 1816 2589 se
1862 2547 2022 2603 supe-

465 2628 687 2685 rantes,
736 2624 964 2678 extremi
999 2624 1160 2679 simul
1202 2626 1404 2696 sumpti
1445 2626 1554 2681 sint
1579 2625 1745 2696 duplo
1787 2626 2021 2695 majores

463 2714 661 2780 medio,
690 2715 745 2769 in
776 2723 925 2771 motu
956 2724 1135 2771 autem
1191 2716 1331 2772 lunae
1381 2725 1492 2773 tres
1540 2717 1652 2772 sint
1696 2717 1907 2771 numeri
1954 2731 2022 2771 ex

461 2820 619 2875 aequo
645 2816 705 2861 se
734 2806 964 2862 invicem
1015 2817 1369 2876 superantes,
1420 2823 1612 2878 nempe
1643 2816 1821 2863 motus
1860 2808 2019 2862 mini-

463 2912 604 2954 mus.
637 2905 691 2952 et
718 2898 953 2962 medius,
978 2906 1031 2957 et
1058 2900 1328 2954 maximus
1354 2918 1368 2954 :
1403 2901 1450 2955 si
1480 2900 1644 2970 igitur
1671 2906 1877 2953 motum
1905 2913 2022 2953 ma-

465 2986 669 3041 ximum
713 2996 768 3044 et
796 2990 1075 3045 minimum
1131 3005 1555 3061 componamus,
1596 2998 1757 3046 erunt
1786 2990 1839 3045 hi
1876 3006 2025 3045 com-

2124 1805 2227 1858 [σοι
2248 1847 2262 1871 ,
2314 1803 2504 1858 ἔλαϐον
2557 1805 2811 1876 τέταρτον
2852 1804 3014 1877 μέρος
3056 1803 3165 1857 τῶν
3207 1800 3297 1868 κζ’
3338 1802 3583 1873 ἡμερῶν,
3617 1805 3690 1874 λγθ

2119 1894 2330 1950 λεπτῶν
2357 1893 2608 1968 πρώτων,
2645 1896 2740 1950 καὶ
2773 1903 2821 1950 κ’
2842 1894 3105 1966 δευτέρων
3134 1894 3381 1959 λεπτῶν,
3411 1894 3505 1948 καὶ
3527 1893 3689 1963 γίνονο

2119 2006 2207 2043 ται
2244 1987 2446 2059 ἡμέραι
2473 1993 2547 2052 ς’,
2577 1992 2677 2055 νγ,
2708 1988 2798 2040 καὶ
2838 1993 2907 2040 κ’.
2951 1985 3040 2039 Ἐν
3071 1985 3179 2058 ἄρα
3204 1984 3511 2049 τοσαύταις
3546 1988 3578 2056 ἡ
3604 2002 3683 2038 σε-

2118 2077 2255 2151 λήνη
2287 2079 2519 2151 ἡμέραις
2552 2079 2659 2132 άπὸ
2696 2078 2797 2149 τῆς
2829 2076 3122 2150 ἐλαχίστης
3146 2078 3433 2149 κινήσεως
3469 2076 3557 2129 ἐπὶ
3596 2075 3685 2146 τήν

2123 2173 2294 2244 μέσην
2326 2171 2702 2243 παραγίνεται,
2728 2170 2819 2223 καὶ
2841 2170 2950 2224 ἀπὸ
2971 2171 3069 2240 τῆς
3096 2169 3273 2241 μέσης
3308 2171 3406 2224 ἐπὶ
3427 2169 3525 2242 τὴν
3546 2169 3680 2241 μεγί-

2123 2279 2273 2332 στην,
2316 2261 2409 2315 καὶ
2434 2259 2594 2315 πάλιν
2630 2260 2829 2331 ὁμοίως
2870 2259 2976 2314 ἀπὸ
3010 2261 3107 2331 τῆς
3152 2259 3431 2331 μεγίστης
3466 2261 3553 2312 ἐπὶ
3591 2259 3684 2331 τήν

2124 2355 2315 2425 μέσην,
2338 2354 2430 2407 καὶ
2466 2353 2573 2407 ἀπὸ
2599 2354 2695 2424 τῆς
2723 2352 2893 2423 μέσης
2916 2353 3008 2406 ἐπὶ
3028 2353 3124 2425 τήν
3144 2352 3467 2424 ἐλαχίστην.
3495 2353 3555 2405 οἱ
3582 2351 3682 2422 γὰρ

2120 2447 2161 2500 δ’
2189 2440 2330 2501 οὗτοι
2353 2445 2531 2517 χρόνοι
2556 2444 2693 2497 εἰσὶν
2721 2443 2969 2515 ἀλλήλοις
3004 2443 3121 2497 ἴσοι.

2190 2540 2301 2594 Καὶ
2330 2538 2452 2591 ἐπεὶ
2479 2537 2544 2591 ἂν
2572 2531 2672 2590 ὦσι
2698 2540 2845 2608 τρεῖς
2869 2536 3088 2608 ἀριθμοὶ
3117 2536 3216 2606 ῐσῳ
3248 2533 3497 2603 ἀλλήλων
3524 2533 3673 2602 ὑπερο

2121 2630 2354 2701 έχοντες,
2387 2628 2621 2698 γίνονται
2667 2627 2718 2679 οἱ
2761 2627 2917 2697 ἄκροι
2963 2625 3055 2677 τοῦ
3094 2625 3269 2696 μέσου
3314 2620 3669 2682 διπλασίονες’

2120 2721 2177 2774 ἐν
2205 2720 2261 2774 δὲ
2290 2723 2356 2791 τῇ
2395 2721 2601 2790 κινὴσει
2630 2717 2729 2788 τῆς
2769 2717 2993 2787 σελήνης
3022 2718 3168 2787 τρεῖς
3194 2716 3342 2768 εἰσιν
3371 2711 3584 2785 ἀριθμοὶ
3605 2708 3670 2778 τῷ

2123 2814 2221 2884 ῐσῳ
2245 2811 2486 2883 ἀλλήλων
2516 2810 2886 2882 ὑπερέχοντες,
2916 2808 2952 2878 ἦ
2979 2824 3036 2861 τε
3054 2806 3318 2878 ἐλαχίστη
3348 2805 3569 2875 κίνησις,
3592 2800 3668 2854 καὶ

2120 2908 2152 2976 ἡ
2184 2905 2344 2975 μέση,
2391 2903 2484 2957 καὶ
2516 2905 2549 2970 ή
2574 2901 2800 2972 μεγίστη
2825 2917 2837 2930 ·
2876 2899 2968 2953 ἐὰν
3000 2900 3106 2970 ἄρα
3149 2899 3252 2969 τὴν
3293 2897 3550 2968 μεγίστην
3587 2891 3669 2945 καὶ

2119 2993 2218 3065 τὴν
2259 2992 2545 3064 ἐλαχίστην
2592 2990 2902 3061 συνθῶμεν,
2949 2989 3157 3043 ἔσονται
3199 2987 3541 3047 διπλασίονες
3583 2982 3673 3055 τῆς

466 3079 628 3148 positi
677 3081 845 3151 duplo
897 3082 1131 3152 majores
1164 3081 1361 3137 medio.
1401 3081 1531 3136 Erat
1586 3089 1764 3138 autem
1819 3082 2018 3138 medius

2135 3084 2302 3155 μέσης
2331 3085 2610 3154 κινήσεως.
2635 3078 2741 3135 Ἧν
2768 3081 2824 3134 δὲ
2846 3084 2880 3154 ἡ
2924 3081 3062 3153 μέση
3099 3082 3319 3153 κίνησις
3359 3077 3551 3150 μοιρῶν
3585 3080 3660 3142 ιγ’,

463 3178 646 3225 motus
670 3171 935 3241 graduum
985 3173 1073 3237 15,
1112 3171 1213 3237 10⁸,
1238 3172 1354 3227 55¹¹.
1389 3171 1879 3242 Multiplicaverunt
1909 3173 2021 3227 haec

461 3262 548 3319 bis
569 3303 584 3327 ,
613 3270 667 3317 et
694 3263 1015 3332 proveniunt
1070 3280 1137 3320 ex
1191 3264 1644 3336 multiplicatione
1669 3265 1870 3337 gradus
1916 3265 2018 3333 26,

460 3355 567 3419 2Ι’,
604 3355 721 3410 10".
774 3356 1037 3412 Maximus
1067 3357 1229 3428 igitur
1256 3366 1439 3413 motus
1468 3359 1630 3423 lunae,
1660 3367 1714 3412 et
1763 3358 2020 3412 minimus

462 3447 686 3514 praecise
714 3446 1002 3517 compositi
1031 3455 1157 3502 sunt
1181 3447 1300 3504 dies
1325 3449 1416 3513 26,
1439 3448 1542 3513 21’,
1566 3448 1680 3504 1οη.
1715 3448 1876 3520 Atqui
1898 3464 2022 3519 gra-

463 3542 565 3596 dus
590 3556 654 3596 ex
688 3541 1066 3598 observatione
1091 3541 1294 3610 sumpti
1324 3555 1433 3595 non
1468 3549 1660 3595 exacte
1717 3541 1938 3594 maximi
1965 3551 2019 3595 et

461 3631 672 3686 minimi
708 3637 886 3686 motus
919 3637 1048 3686 sunt
1076 3631 1276 3702 gradus
1299 3630 1387 3686 26.
1440 3629 1670 3701 Reliqua
1699 3631 1867 3701 igitur
1892 3640 2021 3686 sunt

460 3738 525 3776 ea
552 3722 909 3791 sexagesima,
953 3737 1073 3792 quae
1123 3720 1425 3792 eﬂugerunt
1450 3722 1880 3794 observationem
1926 3737 2020 3791 per

462 3814 805 3883 apparentias
826 3820 880 3869 et
906 3828 1108 3883 organa
1142 3813 1362 3878 factam,
1404 3814 1654 3870 videlicet
1704 3814 1867 3881 unius
1896 3829 2021 3884 gra-

461 3905 565 3960 dus
595 3906 765 3975 prima
800 3906 1132 3978 sexagesima
1159 3906 1245 3961 21'
1272 3946 1288 3969 ,
1341 3913 1394 3960 et
1443 3906 1680 3961 secunda
1721 3905 1835 3960 10".
1894 3904 2020 3959 Haec

462 3999 625 4069 igitur
665 4007 880 4068 oportet
956 4000 1182 4071 insuper
1230 3998 1529 4054 attribuere
1584 4006 1640 4053 et
1683 3998 1908 4052 minimo
1965 4006 2020 4053 et

460 4089 699 4143 maxime
730 4089 937 4143 motui:
966 4098 1023 4163 ut
1053 4089 1160 4143 duo
1179 4089 1232 4143 hi
1263 4099 1442 4144 motus
1473 4089 1759 4158 compositi
1789 4087 2020 4143 elliciant

460 4179 661 4247 gradus
692 4178 780 4240 26,
810 4178 914 4243 εγ,
950 4180 1065 4233 1οη.
1087 4178 1299 4235 Addere
1316 4189 1495 4234 autem
1529 4186 1741 4248 Oportet
1779 4179 1858 4235 sic
1881 4179 2021 4232 hanc

457 4271 825 4325 necessariam
857 4271 1229 4340 appendicem,
1263 4278 1323 4323 ut
1347 4285 1523 4340 neque
1542 4270 1802 4324 minimus
1841 4276 2018 4323 motus

457 4372 651 4433 agatur
680 4363 853 4431 major
884 4363 1143 4433 gradibus
1173 4362 1241 4416 12
1261 4406 1275 4430 ,
1333 4378 1510 4433 neque
1539 4363 1809 4417 maximus
1848 4361 2021 4429 major

2120 3177 2330 3231 λεπτῶν
2360 3182 2412 3237 ι’,
2440 3175 2532 3228 λε’.
2573 3173 3099 3227 Ἐπολλαπλασίασαν
3129 3170 3307 3226 ταῦτα
3349 3170 3456 3234 δίς*
3481 3167 3565 3220 καὶ
3588 3163 3665 3233 γί·

2120 3285 2299 3322 νονται
2346 3269 2525 3340 μοῖραι
2572 3271 2796 3331 κς’,κι’,
2843 3270 2892 3317 ι’.
2940 3265 3003 3316 Ἢ
3051 3264 3157 3336 ἄρα
3198 3261 3435 3333 μεγίστη
3476 3258 3668 3327 κίνησις

2121 3361 2218 3431 τῆς
2239 3359 2464 3431 σελήνης
2488 3358 2581 3411 καὶ
2603 3359 2635 3427 ἡ
2662 3356 2936 3427 ἐλαχίστη,
2956 3356 3041 3407 ἐπ’
3071 3354 3300 3425 ἀκριϐὲς
3332 3350 3659 3407 συντεθεῖσαι,

2119 3453 2357 3519 γίνονται
2400 3449 2600 3521 ἡμέραι
2633 3448 2677 3479 ⁶⁰
2719 3454 2833 3512 κζ’,
2873 3452 2978 3512 κα’,
3020 3452 3072 3499 ι’.
3132 3444 3296 3497 Ἀλλὰ
3342 3444 3399 3497 αἱ
3444 3440 3573 3494 κατὰ
3605 3437 3660 3491 τὸ

2118 3542 2399 3614 ὁλοσχερὲς
2424 3545 2488 3595 ἐκ
2515 3542 2793 3612 τηρήσεως
2818 3536 3160 3608 είλημμέναι,
3182 3536 3217 3605 ἡ
3246 3552 3312 3587 τε
3345 3531 3557 3605 μεγίστη
3578 3527 3658 3581 καὶ

2118 3635 2393 3705 ἐλαχίστη,
2435 3636 2616 3705 μοῖραι
2649 3638 2759 3696 κς.
2801 3631 2978 3684 Λοιπὰ
3009 3630 3115 3700 ἄρα
3136 3628 3251 3682 ἐστὶ
3287 3627 3358 3682 τὰ
3382 3622 3652 3693 ἐκφυγόντα

2117 3728 2213 3799 τὴν
2235 3727 2323 3781 διὰ
2351 3726 2458 3780 τῶν
2492 3725 2827 3797 φαινομένων
2848 3724 2943 3776 καὶ
2969 3722 3065 3792 τὴν
3089 3720 3196 3774 τῶν
3227 3719 3473 3792 ὀργάνων
3502 3729 3654 3784 παρα-

2116 3822 2363 3893 τήρησιν,
2400 3820 2528 3890 μιᾶς
2555 3818 2745 3889 μοίρας
2775 3815 2964 3889 πρῶτα
2993 3813 3255 3884 ἐξηκοστὰ
3294 3818 3399 3876 κα’,
3433 3808 3520 3863 καὶ
3549 3803 3649 3859 δεύο

2116 3928 2247 3981 τερα
2274 3916 2324 3965 ι’.
2359 3908 2543 3962 Ταῦτα
2568 3908 2674 3979 ἄρα
2715 3907 2794 3960 δεῖ
2821 3905 3275 3977 προσεπιμερίσαι
3318 3905 3382 3973 τῇ
3419 3917 3477 3953 τε
3502 3895 3650 3966 ἐλαχί·

2120 4020 2218 4073 στῃ
2243 4002 2338 4056 καὶ
2364 4004 2430 4072 τῇ
2483 4000 2730 4072 μεγίστῃ,
2761 3999 2907 4061 ὅπως
2947 3998 3005 4050 αἱ
3045 3997 3137 4050 δύο
3165 3995 3494 4049 συντεθεῖσαι
3521 3989 3648 4056 κινή-

2120 4109 2231 4155 σεις
2279 4089 2579 4145 ἀποτελῶσι
2623 4088 2815 4160 μοίρας
2859 4093 2971 4151 κς’,
3018 4092 3125 4151 καν,
3168 4092 3219 4138 ι’.
3266 4080 3570 4154 Προσθείναι
3599 4074 3647 4127 δὲ

2116 4186 2213 4256 τὴν
2248 4184 2502 4238 ἐπουσίαν
2537 4181 2729 4244 οὕτως,
2760 4178 2897 4233 ὥστε
2935 4180 3069 4251 μήτε
3097 4179 3193 4248 τὴν
3230 4174 3509 4247 ἐλαχίστην
3546 4164 3645 4238 μεί-

2118 4276 2245 4342 ζονα
2281 4276 2507 4346 ἄγεσθαι
2551 4273 2657 4328 τῶν
2704 4273 2771 4343 ιβ’
2818 4271 3037 4343 μοιρῶν,
3092 4271 3228 4341 μήτε
3273 4269 3374 4338 τὴν
3418 4262 3645 4337 μεγίστην

2122 4364 2339 4437 μείζονα
2376 4361 2578 4435 μοιρῶν
2620 4368 2712 4427 ις’.
2758 4358 3175 4432 Ἐπιμεριοῠμεν
3205 4358 3261 4412 δὲ
3288 4357 3479 4418 οὕτως·
3517 4347 3643 4437 Ἐπί)

458 4451 717 4522 gradibus
746 4451 833 4507 16.
861 4432 950 4505 Sic
981 4461 1157 4507 autem
1184 4432 1541 4507 attribuemus
1568 4470 1581 4506 :
1633 4450 1766 4505 Cum
1802 4450 1927 4504 luna
1960 4450 2013 4503 in

2122 4432 2153 4527 ή
2189 4432 2387 4525 σελήνη
2432 4432 2490 4507 ἐν
2542 4453 2776 4524 ἡμέραις
2810 4458 2860 4515 ς’
2899 4467 2958 4502 τε
3007 4450 3102 4502 καὶ
3140 4455 3218 4518 νγ¹
3260 4446 3517 4519 πρώτοις,
3565 4434 3642 4491 καὶ

455 4545 646 4598 diebus
669 4544 722 4607 6,
751 4543 853 4606 55'.
881 4543 978 4599 20"
1008 4544 1385 4614 proficiscatur
1426 4558 1455 4596 a
1498 4542 1722 4597 minimo
1774 4551 1921 4596 metu
1949 4541 2016 4596 ad

455 4635 717 4698 medium,
738 4644 791 4691 et
817 4651 848 4690 a
884 4636 1060 4691 medio
1083 4636 1149 4690 ad
1167 4635 1484 4701 maximum,
1513 4643 1567 4690 et
1591 4648 1803 4703 semper
1823 4632 2015 4703 aequali

457 4730 795 4784 incremento
825 4741 880 4783 et
909 4727 1257 4782 decremento
1290 4734 1472 4781 utatur
1502 4744 1515 4780 :
1554 4725 1908 4779 inveniendus
1934 4733 2018 4780 est

455 4835 715 4875 numerus
736 4820 850 4891 qui,
876 4819 1247 4890 multiplicans
1273 4825 1521 4889 quartam
1551 4824 1759 4888 partem
1790 4819 2015 4873 restitu-

453 4912 551 4967 tivi
582 4913 864 4982 temporis,
894 4911 1091 4966 emciat
1121 4926 1405 4966 numerum
1435 4910 1551 4980 qui,
1593 4909 1810 4964 additus
1838 4908 2017 4963 medio

453 5007 647 5071 motui,
664 5007 881 5077 colligat
899 5006 1186 5077 quemdam
1206 5019 1488 5060 numerum
1514 5003 1775 5073 majorem
1799 5002 2014 5072 quidem

453 5100 521 5153 15
566 5099 846 5169 gradibus,
882 5098 1146 5152 minorem
1179 5111 1306 5150 vero
1360 5096 1457 5163 16;
1503 5095 1750 5149 sublatus
1779 5101 1958 5147 autem
1984 5108 2014 5147 a

450 5192 628 5247 medio
651 5200 819 5253 motu,
836 5190 1109 5260 relinquat
1132 5204 1415 5243 numerum
1440 5187 1726 5258 quemdam
1756 5187 2014 5255 majorem

448 5285 666 5354 quidem
700 5285 759 5338 H
799 5283 1078 5354 gradibus,
1109 5283 1372 5335 minorem
1404 5295 1530 5334 vero
1560 5278 1643 5331 12.
1679 5278 1747 5331 At
1781 5292 1901 5347 quae
1920 5276 2017 5329 ad-

450 5378 654 5431 duntur
681 5377 881 5446 gradus
912 5374 998 5431 15.
1031 5383 1084 5428 et
1113 5373 1371 5445 gradibus
1406 5373 1491 5434 Η,
1527 5384 1590 5425 ea
1619 5378 1779 5425 erunt
1801 5383 2016 5437 quoque

354 5464 358 5469 ”
452 5468 622 5537 prima
646 5471 983 5539 sexagesima
1003 5466 1108 5530 ΞΥ,
1128 5475 1182 5521 et
1212 5465 1451 5521 secunda
1485 5465 1595 5518 10".
1616 5461 1892 5517 Invenitur
1918 5476 2016 5514 au-

449 5569 556 5614 tem
583 5561 685 5615 hoc
709 5559 883 5616 facere
912 5574 1175 5615 numerus
1209 5559 1273 5613 18
1316 5558 1774 5628 scxagesimorum
1808 5554 2013 5624 primo-

552 5716 596 5748 “
632 5715 668 5769 τ’.
704 5718 901 5779 μοῖραι.
985 5716 1023 5744 ⁶¹
1056 5733 1145 5782 yp.
1188 5716 1418 5782 ποιήσει.

2115 4546 2385 4617 δευτέροις
2404 4550 2451 4597 κ’
2471 4542 2826 4614 παραγίνεται
2847 4539 2953 4593 ἀπὸ
2978 4539 3078 4607 τῆς
3101 4536 3383 4606 ἐλαχίστης
3411 4529 3638 4598 κινήσεως

2116 4638 2208 4692 ἐπὶ
2235 4637 2334 4708 τὴν
2369 4635 2559 4706 μέσην,
2588 4633 2680 4686 καὶ
2707 4631 2815 4686 ἀπὸ
2831 4631 2927 4701 τῆς
2958 4629 3125 4699 μέσης
3149 4628 3239 4680 ἐπὶ
3269 4626 3365 4697 τὴν
3395 4618 3636 4715 μεγίστη-γ,
3743 4661 3747 4665 .

2115 4731 2210 4784 καὶ
2240 4729 2327 4782 διὰ
2349 4726 2547 4789 παντὸς
2576 4728 2641 4796 τῇ
2677 4725 2764 4795 ἴσῃ
2797 4719 3130 4792 παραυξήσει
3168 4719 3260 4772 καὶ
3297 4713 3500 4788 μειώσει
3523 4713 3635 4778 χρῆ·

2113 4840 2222 4877 ται*
2249 4823 2329 4876 δεῖ
2349 4822 2526 4893 εὑρεῖν
2551 4818 2801 4890 ἀριθμὸν,
2834 4816 2892 4879 ὃς
2917 4810 3388 4871 πολλαπλασιάσας
3411 4803 3467 4858 τὸ
3481 4802 3635 4893 τέταρ

2113 4932 2205 4970 τον
2245 4914 2410 4987 μέρος
2436 4912 2528 4965 τοῦ
2574 4905 3075 4965 ἁποκαταστατικοῦ
3120 4903 3330 4975 χρόνου,
3362 4889 3629 4987 ἀποτελέσει

2113 4983 2258 5063 τινὰ*
2281 4983 2530 5078 ἀριθμὸν,
2569 5003 2648 5068 ὃς,
2680 5001 2987 5074 προστιθεὶς
3018 4998 3116 5070 μὲν
3145 4999 3213 5066 τῇ
3260 4994 3395 5065 μέσῃ
3433 4983 3627 5081 tul/ﬁliis.

2118 5098 2330 5164 συνάξει
2357 5099 2399 5131 ⁸⁸
2433 5096 2553 5151 τινὰ
2582 5094 2809 5166 ἀριθμὸν
2839 5091 3056 5162 μείζονα
3093 5088 3189 5160 μὲν
3223 5087 3329 5140 τῶν
3359 5087 3414 5136 ιε’
3440 5085 3622 5166 μοιρωνι

2115 5193 2370 5246 ἐλάττονα
2406 5190 2463 5243 δὲ
2496 5188 2599 5240 τῶν
2623 5164 2751 5250 ἰς-’ί-
2784 5183 3095 5255 ἁφαιρεθεὶς
3138 5180 3194 5234 δὲ
3223 5178 3327 5232 ἀπὸ
3364 5164 3626 5262 τῆςμέσξς

2116 5287 2398 5356 κινήσεως,
2434 5279 2712 5349 ἀπολείψει
2738 5278 2868 5331 mar
2902 5274 3151 5346 ἀριθμὸν,
3184 5271 3393 5342 μείζονα
3425 5261 3509 5356 μὲν
3535 5266 3620 5306 των

2118 5384 2184 5431 ια’
2222 5351 2445 5447 μοιρῶν,
2476 5373 2728 5426 ἐλάττονα
2747 5371 2804 5424 δὲ
2826 5370 2932 5423 τῶν
2968 5368 3051 5438 ιβ’.
3085 5365 3163 5418 Ta
3192 5365 3247 5418 δέ
3277 5351 3624 5449 προστιθέμξνα

2115 5473 2234 5532 ταῖς
2263 5476 2321 5522 ιε’
2351 5468 2565 5538 μοίραις
2588 5465 2681 5518 καὶ
2713 5467 2831 5526 ταῖς
2857 5468 2945 5523 ια’,
2974 5460 3123 5512 ἔσται
3149 5455 3312 5510 ἐπὶτὸ
3332 5449 3447 5506 αὐτὸ
3464 5451 3618 5537 πρίῗτα

2116 5556 2379 5630 έξηκοστὰ
2412 5562 2518 5618 κα’,
2562 5557 2653 5608 καὶ
2693 5553 2916 5623 δεύτερα
2958 5557 3007 5603 ι’.
3056 5548 3373 5617 Εὕρίσκεται
3408 5538 3458 5593 δὲ
3491 5539 3621 5584 τουτο
