3886 6268
178 351 320 408 857
1225 357 1460 415 GEMINI
1498 358 1770 416 ELEMEN

1925 360 2403 418 ὶΒΤΒΟΝΟΜΙιΕ..
3023 401 3028 405 .
3334 361 3436 418 858

182 476 396 530 ποιῶν
420 478 446 531 ό
467 473 573 529 τῶν
604 481 671 547 ιη’
701 475 1007 546 ἑξηκοστῶν
1035 477 1263 551 πρώτων
1285 496 1299 510 ·
1341 479 1435 534 ἐὰν
1465 478 1574 552 γὰρ
1607 478 1770 535 ταῦτα

1925 497 2033 549 im;
2067 483 2113 538 si
2140 482 2284 539 enim
2312 482 2426 538 haec
2452 482 2804 553 multiplicata
2835 481 3035 538 fuerint
3081 481 3137 534 in
3186 485 3435 550 quartam

183 566 693 638 ττολλαπλασιασθῇ
726 568 817 620 ἐπὶ
846 569 909 621 τὺ
944 569 1203 640 τέταρτον
1250 570 1411 641 μέρος
1442 571 1538 640 τῆς
1578 570 1770 623 ἀποκα-

1926 581 2096 627 artem
2124 573 2487 628 restitutionis
2506 614 2522 639 ,
2561 587 2753 642 nempe
2786 571 2841 625 in
2877 571 2994 626 dies
3017 569 3069 633 6,
3100 569 3200 635 15’,
3228 574 3281 621 et
3315 566 3431 629 20",

187 660 565 724 ταστάσεως,
597 660 691 714 ἐπὶ
727 659 827 723 τὰς
868 661 1078 731 ἡμέρας
1122 668 1195 726 ς’,
1241 667 1306 730 ιγ’
1346 660 1536 734 πρῶτα
1572 660 1770 726 λεπτὰ,

1925 666 2263 720 roducuntur
2286 665 2487 736 gradus
2513 664 2547 718 2
2575 676 2628 721 et
2654 663 2721 719 ι’.
2762 661 2886 718 Haec
2909 661 3088 717 addidi
3122 659 3299 713 medio
3321 671 3437 710 mo-

187 753 313 805 καὶ
366 758 410 804 κ’
440 751 661 821 δεύτερα
685 793 699 817 ,
730 751 1109 805 ἀποτελοῦνται
1143 755 1327 825 μοῖραι
1372 753 1414 822 β’
1459 753 1551 806 καὶ
1590 752 1770 823 πρῶτα

1925 757 1965 810 .ιί
1987 797 2001 822 ,
2047 773 2239 827 nempe
2265 757 2517 828 gradibus
2548 757 2649 823 15,
2699 757 2799 822 10’,
2829 755 2945 818 '55",
2972 761 3026 808 et
3071 751 3205 805 ﬁunt
3238 750 3437 820 gradus

186 842 487 915 ἑξηκοστὰ
522 842 582 896 δ’.
612 841 794 912 Ταῦτα
843 843 1155 915 προσέθηκα
1183 847 1249 915 τῇ
1280 843 1415 915 μέσῃ
1450 846 1659 915 κινήσει
1690 850 1770 912 ιγ’,

1925 846 1975 907 5,
2010 845 2112 908 Μ’,
2143 844 2259 899 55”.
2290 843 2541 900 Subtraxi
2572 860 2601 898 a
2641 845 2818 899 medio
2850 851 2999 897 motu
3031 842 3131 895 hos
3163 838 3360 909 gradus
3402 837 3438 889 2

188 941 255 996 ι’,
300 935 404 1000 λε’,
430 933 523 987 καὶ
560 932 1021 1006 γίνονταιυιοῖραι
1055 941 1134 999 ιε’,
1182 935 1259 1001 ιδ’,
1294 936 1401 988 le"
1438 934 1529 988 καὶ
1567 934 1770 1004 ἀφεῖλον

1925 944 1939 989 t
1968 936 2037 999 4ο,
2068 943 2121 990 et
2155 936 2347 1006 reliqui
2403 943 2530 992 sunt
2561 936 2762 1007 gradus
2793 936 2880 995 11,
2923 935 2990 998 ϐ’,
3028 933 3143 988 55”.
3181 930 3437 985 Inventus

186 1026 327 1078 ἀπὸ
380 1024 477 1094 τῆς
534 1024 706 1094 μέσης
759 1031 1024 1094 κινήσεως
1077 1025 1175 1089 τὰς
1231 1025 1274 1095 β’
1319 1025 1530 1097 μοίρας,
1576 1025 1669 1079 καὶ
1713 1023 1770 1078 τὰ

1925 1033 1970 1079 st
2004 1025 2166 1094 igitur
2214 1024 2473 1079 minimus
2518 1032 2698 1081 motus
2756 1025 2894 1079 luna:
2943 1022 3205 1093 graduum
3237 1019 3337 1081 11,
3367 1018 3434 1079 6',

188 1117 411 1188 πρῶτα
448 1116 714 1187 ἑξηκοστὰ
740 1116 802 1181 δ’,
837 1118 931 1171 καὶ
963 1118 1033 1172 τὰ
1075 1118 1324 1171 λείποντα
1359 1119 1424 1182 ⁸³,
1464 1117 1654 1188 μοίρας
1692 1123 1770 1183 ια’,

1925 1115 2172 1181 1”,55”’;
2208 1116 2417 1172 medius
2471 1128 2648 1173 motus
2701 1116 2963 1188 graduum
3015 1116 3102 1176 15,
3154 1112 3256 1178 10’,
3310 1110 3435 1177 55”;

190 1205 283 1273 ς’,
324 1207 415 1262 λε’.
447 1208 686 1279 Εὕρηται
723 1208 830 1280 ἄρα
857 1210 889 1279 ἡ
926 1208 1021 1279 μὲν
1054 1208 1308 1279 ἐλαχίστη
1339 1209 1548 1279 κίνησις
1571 1209 1668 1279 τῆς
1693 1225 1770 1261 σε·

1925 1207 2155 1262 iaximus
2186 1216 2364 1264 motus
2409 1209 2672 1278 graduum
2735 1208 2819 1272 15,
2852 1208 2954 1272 11’,
3015 1207 3148 1272 55";
3186 1204 3437 1258 diurnum

184 1298 382 1371 λὴνης
408 1317 552 1372 μοιρ.
587 1307 675 1362 ια’,
704 1298 933 1371 πρώτων
957 1298 1258 1371 ὲξηκοστῶν
1296 1307 1391 1365 ις’,
1430 1299 1693 1371 δευτέρων
1726 1299 1770 1352 δὲ

1925 1308 2065 1353 utem
2096 1299 2485 1354 incrementum
2521 1301 2816 1371 primorum
2851 1300 3305 1370 sexagesimorum
3334 1294 3433 1352 18'.

194 1389 305 1455 ια’,
342 1392 537 1461 τρίτων
567 1391 640 1445 λε’
668 1410 682 1423 ο
715 1395 748 1464 ἡ
780 1394 836 1447 δὲ
875 1393 1012 1464 μέση
1042 1393 1254 1464 κίνησις
1281 1409 1427 1465 μοιρ.
1463 1399 1551 1461 ιγ’,
1586 1398 1638 1458 ι’,
1671 1390 1742 1444 λε’
1775 1407 1791 1421 ⁸
1826 1392 1862 1461 ἡ
1898 1392 2128 1463 μεγίστη
2159 1393 2367 1463 κίνησις
2402 1410 2547 1465 μοιρ.
2591 1399 2669 1457 ιε’,
2731 1400 2821 1457 ια’,
2874 1391 2946 1444 λε’
2967 1411 2978 1422 ·
3009 1394 3041 1463 ἡ
3073 1392 3128 1444 δὲ
3167 1386 3438 1461 ἡμερησία

192 1481 558 1553 παραύξησις
584 1482 810 1554 πρώτων
834 1483 1139 1554 ἐξηκοστῶν
1168 1482 1257 1555 ιη’.
3230 1468 3235 1473 ⁸

720 1599 1108 1653 nmmum}:
1148 1600 1267 1666 ιφ.
2461 1589 2686 1647 CAPUT
2723 1591 2859 1646 XVI.

195 1712 427 1782 ἶῖρόνοι
452 1710 571 1765 τῶν
595 1710 808 1772 ζωδίων
835 1711 904 1765 ἐν
931 1706 1021 1778 οἷς
1037 1709 1297 1782 ἕκαστον
1314 1708 1575 1782 amara
1604 1709 1770 1777 ἥλιος

1925 1703 2145 1782 'empora
2181 1703 2446 1774 signorum
2495 1705 2549 1782 in
2592 1705 2781 1782 quibus
2819 1723 3213 1782 unumquoaque
3258 1728 3436 1767 eorum

279 1782 694 1857 διαπορεύεται
721 1800 736 1813 ·
780 1782 887 1857 καὶ,
923 1784 982 1835 αἱ
998 1775 1147 1857 ”καθ’
1176 1780 1437 1835 ἕκαστον
1461 1775 1672 1857 ,ζώδιογ
1697 1775 1770 1857 τι·

1948 1775 2027 1828 σοι
2053 1782 2298 1857 peragrat
2324 1788 2342 1826 :
2378 1784 2427 1828 et
2465 1776 2875 1857 signiﬁcationes
2913 1775 3238 1849 singulorum
3263 1784 3439 1855 signo-

276 1854 531 1921 νόμεναι
557 1852 948 1921 ἐπισημασίαι
981 1854 1039 1904 αὶ
1061 1850 1575 1920 ὑπογεγραμμέναι
1601 1850 1776 1904 εἰσιν.

499 1964 815 2037 ’Λρξώμεθα
840 1965 896 2018 δέ
916 1965 1024 2019 ἀπὸ
1046 1963 1264 2037 θερινῆς
1286 1964 1513 2037 τροπῆς.

282 2079 561 2152 Καρκίνον
586 2077 962 2151 διαπορεύεται
990 2079 1018 2131 ό
1040 2077 1188 2149 ἥλιος
1213 2079 1271 2131 ἐν
1300 2075 1531 2148 ἡμέραις
1556 2073 1657 2129 λα’.

296 2171 383 2224 Ἐν
428 2170 486 2223 δὲ
531 2172 598 2242 τῇ
632 2176 679 2223 α’
714 2170 898 2242 ἡμέρᾳ
941 2168 1214 2239 Καλίππῳ
1255 2168 1524 2239 Καρκίνος
1558 2165 1784 2236 ἄρχεται

203 2260 547 2325 ἀνατέλλειν,
584 2261 779 2334 τροπαὶ
814 2259 1041 2332 θεριναὶ,
1068 2259 1162 2313 καὶ
1194 2258 1562 2329 ἐπισημαίνει.

299 2352 389 2405 Ἐν
416 2350 472 2405 δὲ
505 2354 569 2422 τῇ
605 2349 651 2403 θ’
679 2350 860 2421 ἡμέρᾳ
890 2348 1101 2420 Εὐδόξῳ
1131 2348 1279 2412 νότος
1299 2350 1438 2403 πνεῖ.

297 2443 389 2497 Ἑν
414 2442 472 2494 δέ
496 2445 562 2513 τῇ
590 2448 659 2495 ια’
684 2441 863 2513 ἡμέρᾳ
880 2438 1094 2510 Εὐδόξῳ
1124 2438 1314 2510 Ὠρίων
1340 2436 1472 2508 ἑῷος
1496 2434 1779 2490 ἐπιτέλλει.

296 2532 387 2588 Ἓν
422 2532 482 2586 δὲ
509 2536 576 2605 τῇ
607 2539 674 2602 ιγ’
713 2531 896 2604 ἡμέρᾳ
936 2530 1239 2600 Εὐκτήμονι
1276 2527 1465 2599 Ὠρίων
1507 2526 1627 2590 ὅλος
1665 2528 1783 2580 ἑπι-

209 2626 415 2681 τέλλει.

296 2720 386 2772 Ἐν
420 2717 478 2771 δέ
506 2717 571 2789 τῇ
606 2721 682 2781 ις’
712 2713 946 2785 Δοσιθέῳ
978 2711 1245 2781 Στέφανος
1275 2708 1406 2782 ἑῷος
1439 2708 1666 2781 ἄρχεται
1689 2705 1784 2761 δύ-

209 2826 348 2863 νειν.

296 2905 388 2957 Ἐν
411 2901 468 2956 δὲ
497 2903 562 2975 τῇ
587 2907 672 2971 κγ
699 2897 932 2969 Δοσιθέῳ
969 2897 1026 2950 ἐν
1053 2894 1312 2967 Αἰγύπτῳ
1340 2894 1501 2949 Κύων
1539 2894 1781 2964 ἐκφανὴς

207 2995 447 3066 γίνεται.

292 3088 383 3141 Ἐν
413 3086 470 3139 δὲ
491 3086 558 3157 τῇ
588 3088 664 3137 κε’
693 3080 905 3136 Μέτωνι
927 3078 1089 3134 Κύων
1119 3076 1381 3131 ἐπιτέλλει
1414 3075 1566 3148 ἑῷος.

291 3182 384 3234 Ἐν
432 3177 488 3231 δέ
536 3178 603 3246 τῇ
654 3172 737 3237 κζ’
783 3173 1088 3244 Εὐκτήμονι
1134 3171 1296 3225 Κύων
1334 3169 1629 3222 ἐπιτέλλειο
1669 3167 1775 3222 Εὐ-

205 3271 347 3343 δόξῳ
374 3268 537 3323 Κύων
579 3264 712 3336 ἑῷος
757 3262 1042 3327 ἐπιτέλλει,
1081 3262 1173 3316 καὶ
1208 3260 1309 3324 τὰς
1345 3261 1614 3330 ἑπομένας
1641 3258 1777 3330 ἡμέ-

207 3381 310 3436 ρας
356 3368 397 3416 ε’
440 3362 484 3395 ⁸³
519 3359 728 3431 ἐτησίαι
768 3355 1049 3410 πνέουσιν
1084 3355 1140 3407 αἱ
1182 3353 1237 3406 δὲ
1278 3351 1437 3405 πέντε
1471 3352 1526 3404 αἱ
1561 3349 1774 3422 πρῶται

207 3454 511 3525 πρόδρομοι
545 3448 851 3505 καλοῦνται.
882 3444 1157 3516 Καλίππῳ
1176 3444 1445 3516 Καρκίνος
1477 3441 1619 3496 δύνει
1650 3442 1776 3495 ἀνα-

202 3546 409 3600 τέλλων
436 3540 841 3614 πνευματώδης.

289 3637 383 3689 Ἐν
403 3634 459 3687 δέ
484 3635 550 3705 τῇ
576 3639 660 3704 κη’
678 3630 981 3701 Εὐκτήμονι
1009 3627 1187 3692 ’Δετδς
1212 3626 1343 3698 ἐῷος
1368 3625 1511 3679 δύνει
1534 3639 1546 3656 ·
1572 3621 1774 3695 χειμὼν

205 3727 353 3783 κατὰ
382 3726 653 3780 θάλασσαν
690 3719 1008 3789 ἐπιγίνεται.
1117 3769 1122 3774 .

289 3819 380 3872 Ἐν
409 3817 466 3871 δὲ
500 3817 565 3886 τῇ
608 3814 652 3867 λ’
692 3811 964 3882 Καλίππῳ
1001 3810 1149 3864 Λέων
1174 3809 1394 3881 ἄρχεται
1436 3806 1771 3861 ἀνατέλλειν’

201 3908 356 3972 νότος
383 3908 507 3959 πνεῖ
527 3922 540 3935 ·
578 3905 672 3958 καὶ¹
695 3901 856 3955 Κύων
885 3899 1185 3955 ἀνατέλλων
1217 3898 1444 3970 φανερὸς
1474 3898 1699 3968 γίνεται.

288 3998 377 4051 Ἐν
400 3997 456 4051 δὲ
486 3998 553 4068 τῇ
578 3995 658 4049 λα’
687 3993 901 4064 Εὐδόξῳ
924 3991 1074 4054 νότος
1105 3993 1246 4044 πνεῖ.

285 4087 347 4141 '0
377 4088 527 4159 ἣλιος
555 4087 645 4140 τὸν
673 4086 874 4140 Λέοντα
915 4082 1290 4155 διαπορεύεται
1319 4082 1376 4134 ἐν
1410 4080 1641 4153 ἡμέραις
1668 4080 1767 4133 λα’.

288 4180 379 4234 Ἐν
404 4180 501 4251 μὲν
542 4175 634 4233 οὖν
677 4180 742 4249 τῇ
791 4177 841 4230 α’
885 4175 1066 4249 ἡμέρᾳ
1116 4174 1421 4244 Εὐκτήμονι
1475 4171 1635 4225 Κύων
1676 4173 1772 4243 μὲν

199 4270 467 4340 ἔκφανὴς,
498 4270 687 4337 πνῖγος
706 4268 762 4320 δέ
790 4266 1107 4334 ἐπιγίνεται,
1135 4262 1501 4333 ἐπισημαίνει.

285 4365 377 4418 Ἐν
399 4363 457 4417 δὲ
483 4364 550 4434 τῇ
582 4368 620 4414 ε’
647 4360 858 4430 Εὐδόξῳ
892 4357 1071 4420 Ἀετὸς
1102 4355 1233 4427 ἑῷος
1259 4355 1421 4408 δύνει.

285 4455 373 4507 Ἐν
396 4452 454 4506 δέ
477 4454 544 4524 τῇ
582 4458 611 4505 ι’
647 4451 830 4522 ἡμέρᾳ
853 4448 1063 4518 Εὐδόξῳ
1086 4447 1351 4516 Στέφανος
1373 4444 1535 4498 δύνει.

286 4545 375 4598 Ἐν
416 4543 475 4596 δὲ
515 4544 582 4614 τῇ
634 4539 697 4611 ιβ’
749 4539 1021 4610 Καλίππῳ
1064 4537 1215 4591 Λέων
1261 4535 1423 4607 μέσος
1470 4531 1773 4588 ἀνατέλλων

202 4637 372 4708 πνίγη
400 4634 635 4706 μάλιστα
668 4635 829 4686 ποιεῖ.

283 4729 375 4780 Ἑν
411 4727 469 4780 δὲ
498 4729 565 4798 τῇ
597 4725 655 4780 ιδ’
686 4725 991 4795 Εὐκτήμονι
1020 4723 1181 4794 πνίγη
1208 4722 1441 4795 μάλιστα
1470 4720 1697 4789 γίνεται.
1759 4733 1765 4740 ’

282 4821 373 4872 Ἐν
405 4818 462 4872 δὲ
484 4821 549 4890 τῇ
582 4816 655 4883 ις’
680 4816 863 4889 ἡμέρᾳ.
888 4815 1097 4886 Εὐδόξῳ
1123 4813 1486 4886 ἐπισημαίνει.

280 4911 375 4963 Ἐν
407 4910 464 4963 δέ
500 4912 564 4981 τῇ
601 4910 665 4973 ιζ’
696 4909 1003 4979 Εὐκτήμονι
1033 4905 1185 4979 Λύρα
1210 4906 1411 4966 δύεται,
1441 4905 1535 4958 καὶ
1561 4903 1639 4957 ἐτι
1665 4902 1767 4966 ὕει,

203 5002 296 5056 καὶ
327 5001 540 5065 ἐτησίαι
563 4999 845 5061 παύονται,
870 5001 963 5052 καὶ
987 5000 1174 5062 Ἵππος
1204 4997 1486 5052 ἐπιτέλλει.

286 5093 377 5144 Ἐν
403 5090 460 5144 δέ
502 5093 567 5163 τῇ
603 5099 675 5163 ιη’
701 5090 910 5161 Εὐδόξῳ
945 5089 1138 5160 Δελφίς
1168 5089 1299 5161 ἑῷος
1336 5088 1499 5143 δύνει.
1536 5087 1769 5158 Δοσιθέῳ

204 5190 603 5262 Προτρυγητὴρ
627 5189 920 5259 ἀκρόνυχος
949 5185 1231 5252 ἐπιτέλλει.

288 5282 377 5334 Ἐν
408 5281 466 5334 δὲ
507 5282 573 5351 τῇ
607 5278 688 5349 κβ¹
721 5279 930 5349 Εὐδόξῳ
964 5276 1113 5349 Λύρα
1154 5276 1283 5346 ἐῷος
1329 5275 1490 5339 δύνει,
1530 5274 1623 5329 καὶ
1650 5276 1770 5328 ἐπι-

207 5374 484 5444 σημαίνει.

288 5464 377 5517 Ἐν
406 5463 463 5516 δὲ
492 5465 558 5533 τῇ
586 5461 667 5515 κθ¹
693 5462 901 5532 Εὐδόξῳ
929 5459 1293 5531 ἐπισημαίνει.
1323 5459 1591 5531 Καλίππῳ
1618 5461 1766 5531 Παρ-

180 5578 183 5581 ·
209 5551 357 5620 θένος
389 5551 678 5619 ἐπιτέλλει,
701 5551 1065 5623 ἐπισημαίνει.

172 5721 181 5731 ’
276 5730 318 5764 ⁶¹
342 5747 431 5799 γρ.
457 5727 895 5795 καταλειφθέντα.
976 5727 1020 5759 ⁸³
1055 5746 1143 5799 τι).
1175 5732 1265 5781 νε’.

1950 1860 2069 1897 rum
2107 1854 2228 1897 sunt
2251 1845 2527 1913 ejusmodi.

2046 1956 2373 2026 Incipiamus
2400 1965 2576 2013 autem
2610 1958 2678 2013 ab
2702 1960 2887 2014 aestiva
2913 1964 3280 2019 conversione.

1948 2070 2218 2126 Cancrum
2249 2080 2498 2143 peragrat
2523 2073 2603 2127 sol
2632 2074 2685 2128 in
2717 2073 2907 2130 diebus
2933 2076 3020 2130 51.

1947 2162 2131 2219 Primo
2160 2165 2249 2219 die
2276 2163 2499 2235 Calippo
2526 2164 2732 2219 Cancer
2756 2166 2944 2238 incipit
2963 2167 3116 2234 oriri,
3135 2170 3437 2225 conversio-

1878 2270 1976 2310 nes
2004 2255 2223 2321 aestivae,
2256 2265 2309 2310 et
2344 2254 2629 2326 signiﬁcat.

1947 2347 2045 2404 Die
2076 2349 2108 2403 9
2139 2347 2361 2403 Eudoxo
2382 2347 2475 2401 [lat
2498 2356 2703 2403 auster.

1948 2439 2045 2496 Die
2072 2440 2133 2493 11
2171 2439 2395 2494 Eudoxo
2422 2437 2590 2494 Orion
2614 2455 2772 2494 mane
2802 2441 2995 2498 oritur.

1946 2533 2052 2605 37
2091 2531 2187 2587 Die
2221 2532 2289 2585 15
2324 2530 2639 2587 Euctemoni
2676 2530 2843 2588 Orion
2874 2540 3021 2588 totus
3054 2533 3246 2588 oritur.

1947 2711 2044 2767 Die
2082 2709 2144 2765 l6
2175 2709 2431 2765 Dositheo
2458 2709 2672 2766 Corona
2713 2722 2869 2762 mane
2904 2707 3095 2778 incipit
3124 2706 3394 2764 occidere.

1950 2885 2047 2942 Die
2078 2885 2150 2940 25
2180 2883 2439 2940 Dositheo
2468 2883 2523 2938 in
2561 2880 2798 2954 Egypto
2830 2880 2995 2937 Canis
3027 2888 3261 2951 apparet.

1949 3061 2046 3117 Die
2077 3061 2148 3115 25
2177 3059 2376 3116 Metoni
2411 3059 2576 3115 Canis
2609 3059 2784 3114 oritur
2817 3074 2975 3115 mane

1946 3153 2043 3209 Die
2077 3153 2149 3207 27
2181 3151 2497 3207 Euctemoni
2531 3151 2697 3205 Canis
2733 3150 2928 3204 oritur.
2986 3147 3210 3203 Eudoxo
3265 3147 3433 3204 Canis

1874 3261 2036 3302 mane
2064 3246 2260 3310 oritur,
2293 3250 2347 3300 et
2377 3259 2473 3314 per
2506 3243 2621 3299 dies
2660 3250 2949 3313 sequentes
2982 3241 3223 3312 quinque
3250 3241 3434 3295 etesiae

1874 3340 2084 3410 spirant
2122 3356 2135 3392 :
2175 3353 2205 3392 e
2241 3337 2440 3408 quibus
2472 3334 2664 3391 diebus
2703 3335 2861 3405 primi
2898 3334 3138 3403 quinque
3168 3341 3433 3386 vocantur

1873 3444 2259 3503 praecursores.
2302 3425 2525 3497 Calippo
2576 3425 2783 3481 Cancer
2829 3426 3062 3489 occidit,
3121 3426 3304 3481 oriens
3333 3423 3430 3478 ﬂa-

1873 3527 2085 3575 tuosus.

1940 3610 2038 3665 Die
2075 3610 2145 3664 28
2182 3607 2500 3663 Euctemoni
2539 3606 2736 3676 Aquila
2771 3621 2929 3660 mane
2959 3606 3195 3673 occidit;
3227 3612 3429 3677 tempe-

1872 3710 1985 3759 stas
2015 3717 2112 3772 per
2144 3716 2293 3755 mare
2324 3707 2445 3769 post
2474 3700 2758 3753 excitatur.

1942 3792 2038 3848 Die
2068 3793 2136 3848 50
2168 3790 2390 3861 Calippo
2418 3789 2529 3845 Leo
2562 3789 2752 3859 incipit
2780 3789 2911 3844 oriri
2940 3807 2954 3856 ;
2999 3796 3183 3845 auster
3222 3789 3425 3859 spirat;

1870 3894 1926 3941 et
1959 3885 2124 3939 Canis
2159 3883 2343 3937 oriens
2378 3883 2435 3936 ﬁt
2466 3881 2814 3951 conspicuus.

1942 3976 2037 4032 Die
2068 3977 2131 4030 51
2168 3975 2390 4030 Eudoxo
2424 3981 2609 4028 auster
2639 3973 2828 4042 spirat.

1947 4067 2182 4123 Leonem
2222 4066 2305 4123 sol
2338 4074 2590 4137 peragrat
2620 4065 2809 4120 diebus
2842 4065 2927 4119 51.

1941 4163 2124 4217 Primo
2162 4162 2328 4232 igitur
2367 4160 2454 4215 die
2506 4158 2823 4215 Euctemoni
2874 4157 3039 4211 Canis
3080 4155 3296 4225 quidem
3343 4161 3427 4209 est

1869 4253 2243 4323 conspicuus:
2276 4257 2398 4319 post
2427 4257 2606 4303 autem
2642 4248 2699 4302 (it
2729 4256 2894 4303 aestus
2915 4287 2929 4311 ,
2965 4244 3249 4316 signiﬁcat.

1944 4345 2038 4399 Die
2077 4344 2110 4399 5
2146 4343 2368 4397 Eudoxo
2408 4340 2602 4409 Aquila
2637 4355 2795 4394 mane
2832 4338 3047 4393 occidit.

1794 4448 1840 4503 ῃ
1942 4433 2039 4490 Die
2073 4434 2140 4488 10
2177 4433 2400 4487 Eudoxo
2428 4432 2641 4487 Corona
2674 4430 2891 4485 occidit.

1942 4524 2039 4580 Die
2069 4524 2136 4577 i2
2161 4523 2387 4594 Calippo
2416 4521 2524 4577 Leo
2552 4520 2763 4576 medius
2792 4520 2973 4575 oriens
2997 4526 3161 4573 aestus
3190 4515 3422 4572 maxime

1870 4618 2016 4674 facit.

1937 4708 2033 4763 Die
2068 4707 2134 4761 H
2164 4704 2483 4761 Euctemoni
2516 4715 2682 4758 aestus
2716 4702 2951 4756 maxime
2985 4700 3143 4755 ﬁunt.

1938 4800 2033 4855 Die
2063 4799 2129 4853 16
2154 4797 2378 4853 Eudoxo
2409 4796 2695 4866 signiticat.

1937 4892 2033 4948 Die
2065 4892 2132 4945 17
2157 4890 2475 4945 Euctemoni
2507 4888 2644 4959 Lyra
2669 4886 2893 4949 occidit,
2923 4896 2975 4941 et
3003 4885 3225 4956 insuper
3253 4883 3421 4954 pluit,

1866 4992 1921 5041 et
1953 4985 2136 5039 etesiae
2163 4990 2381 5037 cessant
2406 5001 2418 5035 :
2456 4980 2640 5050 Equus
2671 4979 2861 5035 oritur.

1939 5076 2036 5130 Die
2067 5076 2132 5131 18
2163 5074 2386 5129 Eudoxo
2420 5071 2719 5143 Delphinus
2745 5086 2903 5126 mane
2927 5069 3145 5125 occidit.
3171 5068 3425 5124 Dositheo

1867 5165 2239 5222 Vindemiator
2262 5163 2473 5233 vesperi
2493 5164 2684 5217 oritur.

1940 5258 2036 5313 Die
2066 5258 2137 5311 22
2168 5255 2398 5311 Eudoxo
2430 5255 2568 5327 Lyra
2607 5270 2763 5309 mane
2793 5253 3022 5318 occidit,
3054 5260 3107 5309 et
3135 5251 3420 5323 significat.

1936 5440 2034 5494 Die
2080 5436 2149 5491 29
2193 5435 2418 5490 Eudoxo
2465 5430 2917 5503 signiﬁcationem
2967 5429 3147 5485 habet.
3201 5425 3423 5496 Calippo

1868 5532 2034 5604 Virgo
2062 5530 2259 5596 oritur,
2293 5526 2578 5599 signiﬁcat.
