3886 6268
196 357 302 417 861

1219 367 1455 426 GEMINI
1506 368 1879 430 ELEMENTA
1916 376 2407 437 ASTRONOMLE.

3290 380 3418 439 .882

285 469 366 522 Ἐν
590 466 633 524 ε’
656 470 965 570 Εὐκτήμονι
1005 478 1329 570 ’.Δρκτοῦρος
1372 484 1623 557 ἑσπέριος
1651 484 1762 539 δύε-

1931 491 2027 550 Die
2055 495 2090 551 5
2116 494 2433 551 Euctemoni
2466 495 2736 555 Arcturus
2784 498 2999 570 vesperi
3030 495 3263 561 occidit,
3299 512 3417 551 ma-

194 579 308 624 ται,
338 561 431 614 καὶ
465 560 654 634 ἄνεμοι
691 566 914 635 μεγάλοι
937 568 1204 627 πνέουσιν.

285 652 367 705 Ἐν
392 652 448 705 δὲ
472 655 534 725 τῇ
559 661 608 726 η’
630 655 842 727 Εὐδόξῳ
877 659 1196 735 Ἀρκτοῦρος
1225 665 1520 737 ἀκρόνυχος
1552 666 1763 736 πρωῖας

192 743 360 805 δύνει,
390 744 483 797 καὶ
521 746 895 817 ἐπισημαίνει,
922 752 1017 804 καὶ
1044 753 1241 825 ἄνεμος
1266 758 1406 810 πνεῖ.

277 830 360 885 Ἐν
387 831 444 885 δὲ
471 835 535 905 τῇ
571 832 618 886 θ’
644 836 917 910 Καλίππῳ
971 840 1065 894 τοῦ
1095 841 1306 915 Ταύρου
1361 845 1504 899 δύνει
1553 846 1759 918 κεφαλὴ

196 922 332 994 ἐῷα·
369 925 513 978 ὐετοί
542 926 611 980 ⁸⁷.

279 1015 363 1068 Ἐν
386 1015 443 1068 δὲ
475 1019 540 1087 τῇ
574 1024 606 1070 ι’
644 1019 950 1092 Εὐκτήμονι
980 1022 1132 1095 Λύρα
1173 1024 1304 1095 ἑῷος
1346 1027 1635 1093 ἐπιτέλλει,
1667 1027 1763 1081 καὶ

195 1106 609 1178 ἐπιχειμάζεται
640 1111 800 1182 ὐετῷ.

278 1202 366 1254 Ἐν
394 1201 453 1254 δέ
494 1206 560 1275 τῇ
607 1203 672 1275 ιβ’
713 1205 925 1278 Εὐδόξῳ
964 1207 1153 1279 Ὠρίων
1199 1211 1496 1284 ἀκρόνυχος
1537 1211 1761 1283 ἄρχεται

196 1292 519 1347 ἐπιτέλλειν.

275 1384 365 1437 Ἐν
388 1384 446 1438 δὲ
471 1388 536 1458 τῇ
567 1385 636 1457 ιγ’
661 1388 982 1463 Δημοκρίτῳ
1001 1391 1154 1464 Λύρα
1185 1393 1458 1447 ἐπιϐάλλει
1486 1395 1600 1467 ἅμα
1625 1395 1760 1467 ἡλίῳ

195 1475 466 1546 ἀνίσχοντι
489 1492 504 1508 ·
539 1478 632 1533 καὶ
662 1481 691 1533 ό
730 1480 835 1553 ἀὴρ
874 1483 1183 1556 χειμερινὸς
1218 1485 1425 1552 γίνεται
1455 1486 1530 1550 ὡς
1570 1487 1660 1540 ἐπὶ
1691 1485 1763 1540 τὰ

196 1567 383 1623 πολλά.
1170 1614 1174 1618 .

277 1659 368 1712 Ἔν
400 1659 458 1713 δὲ
488 1664 555 1733 τῇ
583 1662 642 1715 ιδ’
678 1663 890 1736 Εὐδόξῳ
928 1666 1100 1722 ὐετία.

276 1751 366 1804 Ἐν
385 1750 442 1805 δέ
470 1756 539 1824 τῇ
569 1761 628 1806 ιε’
652 1755 959 1827 Εὐκτήμονι
985 1757 1242 1822 Πλειάδες
1266 1757 1500 1823 δύνουσι,
1527 1759 1622 1814 καὶ
1648 1762 1761 1814 ἐπι-

195 1845 474 1916 σημαίνει,
526 1847 620 1899 καὶ
662 1846 853 1918 Ὠρίων
886 1849 1110 1920 ἄρχεται
1154 1851 1246 1904 καὶ
1278 1850 1525 1922 μεσοῦντι
1556 1853 1650 1906 καὶ
1680 1851 1767 1926 λή-
1795 1848 1840 1907 Β

194 1954 343 2007 τοντι
379 1937 776 2011 ἐπιχειμάζειν.

278 2029 367 2084 Ἑν
392 2030 450 2084 δὲ
482 2033 549 2102 τῇ
583 2037 657 2096 ις’
683 2030 955 2103 Καλίππῳ
985 2033 1013 2084 ὁ
1046 2033 1102 2087 ἐν
1129 2034 1208 2105 τῷ
1240 2034 1492 2106 Σκορπίῳ
1519 2034 1767 2108 λαμπρὸς

195 2120 369 2193 ἀστὴρ
394 2121 692 2186 ἀνατέλλει,
727 2122 1103 2193 ἐπισημαίνει·
1146 2126 1241 2179 καὶ
1276 2125 1532 2190 Πελειάδες
1553 2127 1765 2182 δύνουσι

197 2211 449 2281 φανεραί.

277 2304 365 2358 Ἐν
397 2304 456 2358 δὲ
490 2309 556 2378 τῇ
594 2312 660 2377 ιη’
692 2307 906 2379 Εὐδόξῳ
932 2308 1197 2381 Σκορπίος
1218 2309 1442 2383 ἄρχεται
1472 2312 1766 2369 ἐπιτέλλειν

196 2397 347 2468 ἑῷος.

276 2490 365 2543 Ἐν
391 2490 450 2544 δὲ
473 2493 540 2562 τῇ
572 2491 635 2544 ιϐ’
682 2492 892 2563 Εὐδόξῳ
935 2493 1193 2558 Πλειάδες
1228 2494 1357 2566 ἐῷαι
1386 2494 1598 2551 δύνουσι
1621 2515 1635 2530 ο
1673 2498 1767 2552 καὶ

208 2579 397 2650 Ὠρίων
428 2579 652 2651 ἄρχεται
678 2582 874 2646 δύνειν,
902 2584 997 2637 καὶ
1028 2585 1303 2656 χειμάζει.

277 2671 366 2724 Ἐν
396 2671 454 2724 δέ
481 2675 547 2743 τῇ
580 2678 666 2725 κα¹
690 2674 900 2746 Εὐδόξῳ
925 2675 1077 2749 Λύρα
1106 2676 1239 2748 ἑῷος
1266 2678 1555 2735 ἐπιτέλλει.

275 2763 365 2815 Ἐν
392 2763 451 2816 δὲ
479 2767 545 2836 τῇ
571 2761 652 2831 κζ’
692 2767 997 2839 Εὐκτήμονι
1030 2769 1214 2834 Ὑάδες
1241 2769 1484 2826 δύνονται
1509 2789 1524 2803 ·
1559 2771 1653 2826 καὶ
1680 2771 1763 2826 ἔτι

197 2853 298 2908 ὐει.

275 2945 366 2998 Ἐν
384 2944 443 3000 δὲ
474 2948 539 3018 τῇ
566 2947 652 3018 κη’
680 2949 952 3022 Καλίππῳ
973 2950 1066 3004 τοῦ
1092 2951 1304 3025 Ταύρου
1328 2952 1396 3007 τὰ
1424 2952 1628 3027 κέρατα
1652 2953 1769 3008 δύε-

195 3051 278 3087 ται
298 3050 313 3066 ⁸
344 3034 518 3089 ὐετία.

275 3126 364 3179 Ἐν
399 3126 458 3180 δὲ
486 3129 554 3199 τῇ
585 3126 667 3181 κθ¹
691 3128 904 3201 Εὐδόξῳ
946 3130 1136 3195 Ὑάδες
1157 3131 1393 3197 δύνουσι,
1419 3131 1514 3185 καὶ
1547 3132 1760 3204 χειμαί-

195 3236 272 3273 νει
298 3219 526 3291 σφόδρα.

263 3313 370 3365 Τὸν
419 3312 477 3366 δὲ
532 3312 766 3385 Τοξότην
815 3314 844 3367 ὀ
889 3313 1039 3384 ἣλιος
1091 3314 1467 3385 διαπορεύεται
1513 3317 1571 3370 ἐν
1630 3315 1766 3388 ἡμέ-

198 3419 320 3473 ραις
353 3402 459 3457 κδ’.
808 3431 815 3443 ε

277 3495 366 3548 Ἐν
403 3494 502 3566 μὲν
532 3491 624 3549 οὖν
660 3499 724 3567 τῇ
765 3496 961 3567 ἐϐδόμῃ
1011 3497 1321 3568 Εὐκτήμονι
1365 3499 1528 3552 Κύων
1557 3497 1762 3564 δύεται,

194 3587 288 3639 καὶ
328 3586 691 3657 ἐπιχειμὰζει.
737 3587 1011 3658 Καλίππῳ
1041 3591 1069 3642 ὁ
1101 3589 1333 3660 Τοξότης
1373 3590 1598 3662 ἄρχεται
1641 3591 1766 3645 ἀνα-

194 3677 400 3732 τέλλειν
422 3696 439 3711 ο
465 3680 560 3733 καὶ
592 3680 782 3750 Ὠρίων
811 3680 988 3734 δύνειν
1012 3681 1278 3752 φανερῶς.
1316 3681 1620 3753 Χειμαίνει.

277 3768 366 3822 Ἐν
398 3767 455 3822 δὲ
488 3771 553 3841 τῇ
581 3776 631 3840 η’
662 3769 872 3843 Εὐδόξῳ
910 3771 1100 3844 Ὠρίων
1125 3770 1258 3841 ἐῷος
1283 3771 1448 3827 δύνει.

278 3857 368 3911 Ἐν
397 3857 455 3911 δὲ
485 3860 549 3930 τῇ
585 3866 614 3912 ι’
644 3861 950 3932 Εὐκτήμονι
1001 3859 1096 3913 τοῦ
1125 3861 1392 3933 Σκορπίου
1437 3863 1499 3915 τὸ
1542 3861 1765 3933 κέντρον

201 3948 487 4003 ἐπιτέλλει.

277 4040 365 4093 Ἐν
403 4040 461 4094 δὲ
493 4044 560 4113 τῇ
612 4040 675 4112 ιβ’
701 4042 913 4114 Εὐδόξῳ
946 4042 1107 4097 Κύων
1149 4042 1283 4113 ἐῷος
1328 4042 1496 4109 δύνει,
1548 4047 1762 4116 χειμαί⁴

202 4147 297 4186 νει.

166 4246 169 4251 ·
276 4225 363 4278 Ἐν
398 4224 457 4278 δέ
481 4226 546 4296 τῇ
580 4225 640 4278 ιδ’
673 4224 885 4297 Εὐδόξῳ
917 4227 1091 4290 ὐετός.

272 4317 360 4371 Ἐν
402 4317 461 4370 δέ
500 4320 567 4388 τῇ
611 4325 669 4370 ιε’
712 4319 1019 4390 Εὐκτήμονι
1054 4317 1232 4382 Ἀετὸς
1277 4316 1564 4384 ἐπιτέλλει,
1614 4319 1763 4385 νότος

202 4410 337 4462 πνεῖ.

1863 586 2065 658 gnique
2095 588 2306 658 Spirant
2333 586 2500 643 venti.

1933 678 2029 734 Die
2081 680 2116 735 8
2167 679 2394 736 Eudoxo
2443 680 2711 737 Arcturus
2754 682 2809 736 in
2849 683 3190 757 extremitate
3236 683 3417 737 noctis

1863 784 2022 825 mane
2050 771 2250 826 occidit
2274 810 2289 836 ,
2319 779 2373 826 et
2401 771 2702 842 signiﬁcat;
2734 783 2928 829 ventus
2954 775 3145 843 spirat.

1942 861 2037 919 Die
2065 863 2097 917 9
2126 863 2352 935 Calippo
2378 862 2542 919 Tauri
2573 872 2734 935 caput
2758 864 2959 919 occidit
2982 880 3138 920 mane
3161 882 3175 932 ;
3206 863 3413 935 pluviae.

1933 1040 2030 1097 Die
2058 1043 2124 1097 10
2152 1042 2471 1100 Euctemoni
2498 1044 2636 1117 Lyra
2667 1063 2824 1103 mane
2849 1049 3041 1115 oritur,
3072 1055 3234 1118 atque
3264 1049 3415 1103 insu-

1865 1148 1961 1203 per
1991 1133 2163 1190 biems
2191 1144 2274 1191 est
2308 1151 2429 1191 cum
2459 1139 2657 1207 pluvia.

1933 1224 2029 1282 Die
2064 1227 2130 1280 12
2158 1226 2384 1284 Eudoxo
2416 1228 2584 1285 Orion
2617 1231 2824 1300 vesperi
2851 1230 3039 1303 incipit
3064 1230 3219 1287 oriri.

1934 1417 2031 1474 Die
2062 1418 2130 1473 13
2161 1418 2474 1476 Democrito
2524 1420 2658 1492 Lyra
2708 1421 2951 1477 ascendit
2991 1436 3097 1476 una
3138 1437 3260 1476 cum
3303 1422 3418 1478 sole

1862 1509 1971 1581 38
1989 1511 2232 1578 oriente,
2272 1521 2327 1568 et
2358 1529 2451 1569 aer
2485 1514 2543 1568 ﬁt
2571 1523 2971 1584 tempestuosus
3005 1515 3342 1587 plerumque.

1932 1692 2028 1751 Die
2059 1697 2126 1751 14
2154 1694 2378 1753 Eudoxo
2408 1705 2491 1754 est
2521 1699 2719 1768 pluvia.

1938 1784 2033 1842 Die
2060 1788 2128 1843 15
2169 1787 2487 1845 Euctemoni
2519 1788 2765 1847 Pleiades
2794 1793 3052 1848 occidunt
3077 1835 3091 1860 ,
3119 1803 3174 1850 et
3206 1796 3416 1869 signiﬁ-

1865 1883 2014 1931 cant.
2057 1875 2224 1931 Orion
2258 1877 2450 1948 incipit
2484 1893 2605 1933 cum
2642 1879 2821 1935 medio
2852 1896 3066 1947 mense,
3112 1888 3226 1937 tum
3267 1881 3413 1939 desi-

1863 1974 2026 2021 nente
2047 2006 2061 2029 ,
2094 1973 2470 2036 tempestatem
2499 1968 2756 2024 excitare.

1933 2053 2029 2110 Die
2063 2055 2129 2109 16
2157 2055 2385 2127 Calippo
2415 2056 2696 2127 splendida
2721 2059 2773 2113 in
2799 2057 3022 2129 Scorpio
3047 2059 3200 2115 stella
3222 2060 3416 2128 oritur,

1864 2146 2137 2217 signiﬁcat
2168 2164 2182 2213 ;
2214 2155 2268 2203 et
2293 2147 2547 2205 Pleiades
2575 2150 2832 2205 occidunt
2862 2159 3204 2222 apparenter.

1888 2314 1893 2319 ’
1932 2321 2029 2379 Die
2061 2324 2128 2379 18
2160 2322 2387 2379 Eudoxo
2419 2323 2682 2397 Scorpius
2713 2323 2906 2395 incipit
2936 2323 3067 2380 oriri
3101 2339 3279 2379 mane.

1933 2504 2028 2562 Die
2056 2507 2121 2562 19
2148 2505 2376 2562 Eudoxo
2402 2506 2648 2563 Pleiades
2672 2522 2827 2562 mane
2853 2505 3108 2563 occidunt
3133 2525 3148 2575 ;
3174 2515 3228 2563 et
3252 2504 3421 2563 Orion

1862 2596 2051 2668 incipit
2081 2598 2359 2661 occidere,
2390 2604 2445 2654 et
2473 2606 2845 2670 tempestatem
2877 2599 3095 2654 excitat.

1931 2688 2028 2746 Die
2051 2690 2113 2745 2|
2145 2689 2370 2745 Eudoxo
2401 2690 2541 2763 Lyra
2573 2706 2732 2746 mane
2758 2692 2952 2747 oritur.

1931 2779 2028 2835 Die
2056 2780 2127 2834 27
2158 2780 2479 2836 Euctemoni
2529 2780 2744 2852 Hyades
2793 2782 3088 2848 occidunt,
3133 2789 3297 2852 atque
3336 2782 3423 2836 in-

1863 2883 2028 2938 super
2056 2868 2216 2939 pluit.

1935 2959 2032 3014 Die
2076 2960 2148 3015 98
2197 2960 2423 3032 Calippo
2477 2960 2643 3017 Tauri
2696 2978 2900 3018 cornua
2949 2962 3246 3029 occidunt;
3277 2968 3330 3016 et
3364 2960 3426 3014 ﬁt

1863 3051 2062 3123 pluvia.

1926 3144 2031 3201 -Die
2058 3145 2128 3200 29
2160 3145 2387 3201 Eudoxo
2420 3144 2637 3218 Hyades
2666 3145 2964 3215 occidunt;
2999 3153 3053 3201 et
3100 3159 3294 3216 magna
3339 3150 3425 3199 est
3528 3147 3535 3151 ’

1864 3245 2180 3307 tempestas.

1936 3329 2287 3402 Sagittarium
2320 3329 2402 3385 sol
2434 3329 2706 3400 percurrit
2735 3327 2928 3386 diebus
2956 3327 3047 3384 29.

1864 3512 1873 3538 ί
1935 3503 2030 3561 Die
2076 3504 2107 3558 7
2155 3505 2469 3560 Euctemoni
2514 3505 2678 3562 Canis
2719 3505 2954 3574 occidit,
2987 3514 3150 3576 atque
3196 3506 3423 3577 insuper

1865 3597 1923 3651 ﬁt
1954 3603 2274 3667 tempestas.
2320 3598 2546 3669 Calippo
2582 3596 2911 3670 Sagittarius
2946 3598 3136 3669 incipit
3168 3598 3335 3667 oriri,
3369 3605 3424 3653 et

1864 3688 2033 3745 Orion
2062 3691 2314 3746 occidere
2343 3700 2687 3761 apparenter.
2723 3691 2910 3746 Oritur
2937 3698 3257 3761 tempestas.

1932 3779 2029 3836 Die
2058 3783 2089 3835 8
2116 3780 2339 3836 Eudoxo
2368 3781 2533 3837 Orion
2561 3797 2721 3836 mane
2750 3781 2968 3836 occidit.

1934 3870 2031 3927 Die
2060 3872 2126 3927 10
2154 3871 2468 3928 Euctemoni
2499 3872 2710 3943 Scorpii
2743 3873 2966 3928 aculeus
2990 3871 3183 3926 oritur.

1862 4052 1885 4117 ί
1933 4047 2030 4102 Die
2054 4048 2121 4103 12
2142 4048 2368 4104 Eudoxo
2388 4050 2554 4106 Canis
2574 4065 2735 4106 mane
2759 4049 2992 4116 occidit,
3020 4049 3080 4105 ﬁt
3104 4056 3420 4114 tempestas.

1932 4225 2029 4282 Die
2058 4226 2126 4280 1.1
2157 4227 2381 4283 Eudoxo
2406 4236 2490 4284 est
2519 4228 2723 4290 pluvia.

1934 4317 2033 4372 Die
2062 4319 2130 4374 15
2158 4317 2475 4373 Euctemoni
2507 4320 2704 4390 Aquila
2731 4320 2927 4386 oritur,
2960 4318 3053 4374 ﬂat
3081 4327 3285 4396 auster.

273 4503 362 4555 Ἐν
409 4500 468 4554 δέ
511 4503 577 4573 τῇ
625 4507 701 4566 ις’
744 4500 1068 4573 Δημοκρίτῳ
1119 4501 1298 4565 Ἀετὸς
1340 4501 1604 4555 ἐπιτέλλει
1648 4502 1762 4573 ἅμα

1937 4511 2035 4569 Die
2062 4512 2128 4567 16
2160 4512 2467 4569 Democrito
2492 4512 2687 4585 Aquila
2718 4515 2897 4569 oritur
2924 4515 3086 4570 simul
3115 4529 3237 4568 cum
3269 4513 3383 4568 sole
3405 4555 3421 4579 ,

197 4591 344 4664 ήλίῳ,
380 4592 477 4645 καὶ
521 4590 899 4663 ἐπισημαίνειν
949 4590 1095 4661 φιλεῖ
1136 4591 1379 4663 βροντὴν,
1426 4592 1518 4646 καὶ
1559 4593 1763 4664 ἀστρα-

196 4685 320 4755 πήν,
371 4685 467 4738 καὶ
509 4683 660 4737 ὕδατι
702 4684 735 4755 ἢ
786 4684 995 4754 ἀνέμῳ,
1035 4683 1069 4755 ἢ
1113 4682 1396 4756 ἀμφότερα
1437 4683 1512 4747 ὡς
1552 4684 1644 4737 ἐπὶ
1689 4683 1760 4738 τὰ

1864 4614 1918 4663 et
1956 4606 2181 4677 insuper
2211 4607 2516 4678 signiﬁcare
2562 4609 2698 4664 solet
2737 4609 2945 4663 tonitru
2974 4615 3030 4663 et
3067 4607 3269 4676 fulgur,
3296 4620 3420 4659 cum

1863 4712 2003 4768 aqua
2047 4704 2141 4752 aut
2177 4706 2373 4762 vento,
2406 4707 2499 4753 aut
2542 4707 2772 4769 utraque
2816 4699 3148 4769 plerumque.
3198 4695 3424 4772 Eudoro

197 4776 382 4831 πολλά.
434 4776 644 4847 Εὐδόξῳ
691 4776 853 4830 Κύων
895 4775 1192 4846 ἀκρόνυχος
1237 4776 1280 4808 ⁸⁸
1326 4774 1613 4839 ἐπιτέλλει,
1664 4776 1759 4829 καὶ

1908 4790 2027 4845 anis
2053 4790 2265 4859 vesperi
2293 4790 2486 4855 oritur,
2515 4806 2579 4846 eo
2599 4790 2743 4861 quod
2766 4790 2990 4862 Calippo
3011 4780 3219 4845 Gemini
3245 4797 3421 4843 trans-

195 4868 273 4922 ὅτ’,
301 4867 574 4939 Καλίππῳ
612 4869 662 4921 οἱ
705 4867 923 4938 Δίδυμοι
962 4868 1173 4938 μετίασι
1206 4868 1470 4939 δυόμενοι,
1510 4868 1659 4921 νοτία
1687 4870 1752 4923 ⁶⁹.

272 4958 363 5013 Ἐν
382 4958 440 5011 δὲ
464 4959 529 5029 τῇ
560 4958 626 5014 ιθ’
654 4960 979 5031 Εὐκτήμονι,
1009 4960 1218 5030 Εὐδόξῳ
1244 4958 1406 5012 δύνει.

273 5050 362 5119 Ἐν
385 5049 443 5102 δὲ
465 5052 530 5121 τῇ
555 5055 641 5104 καθ
675 5051 886 5122 Εὐδόξῳ
909 5051 1173 5123 Σκορπίος
1194 5051 1329 5123 ἐῷος
1352 5049 1637 5116 ἐπιτέλλει,
1666 5049 1760 5105 καὶ

193 5141 481 5213 χειμαίνει.
644 5186 649 5191 .

272 5236 361 5289 Ἐν
382 5235 439 5289 δέ
462 5239 528 5309 τῇ
559 5243 644 5305 κγ’
671 5237 884 5308 Εὐδόξῳ
908 5236 1007 5302 Αἲξ
1038 5236 1149 5309 ἑῷα
1173 5237 1339 5291 δύνει.

200 5375 211 5388 ,
272 5328 361 5382 Ἑν
384 5329 441 5382 δὲ
464 5333 531 5401 τῇ
565 5337 655 5395 κς¹
678 5329 890 5400 Εὐδόξῳ
927 5330 1106 5393 Ἀετὸς
1132 5329 1265 5400 ἑῷος
1293 5329 1581 5386 ἐπιτέλλει.

261 5421 364 5476 Τὸν
390 5422 449 5476 δὲ
486 5424 795 5493 Αίγόκερων
836 5426 865 5477 ὁ
906 5421 1057 5494 ἥλιος
1098 5422 1477 5493 διαπορεύεται
1523 5426 1581 5499 ἐν
1627 5425 1761 5496 ήμέ-

195 5530 313 5584 ραις
342 5513 447 5568 κθ’.

271 5605 360 5658 Ἐν
391 5604 492 5674 μὲν
519 5600 613 5658 οὖν
635 5608 699 5677 τῇ
736 5611 784 5658 α’
809 5606 993 5676 ἡμέρᾳ
1020 5603 1328 5674 Εὐκτήμονι
1360 5606 1556 5675 τροπαὶ
1586 5623 1763 5677 χειμε-

261 5757 300 5790 ⁶⁷
334 5774 427 5829 γρ.
462 5758 713 5815 ὑετοσίαι.
792 5763 835 5795 ⁸⁸
872 5780 960 5833 rp.
995 5763 1246 5836 ἀκρόνυξ.
1324 5763 1366 5798 ⁵³
1400 5779 1486 5832 ΥΡ·
1522 5776 1690 5818 νοτία·

1861 4889 1993 4938 eunt
2026 4882 2355 4947 occidentes,
2404 4881 2462 4936 ﬁt
2493 4882 2696 4953 pluvia.

1930 4973 2024 5029 Die
2053 4975 2117 5029 19
2150 4973 2470 5029 Euctemoni
2505 4981 2558 5027 et
2590 4971 2814 5027 Eudoxo
2843 4971 3065 5028 occidit.

1932 5063 2026 5121 Die
2067 5066 2131 5119 ‘21
2188 5065 2419 5121 Eudoxo
2467 5063 2730 5136 Scorpius
2786 5080 2943 5120 mane
2987 5065 3181 5129 oritur,
3232 5068 3425 5132 estque

1856 5165 1964 5214 tem
1973 5165 2174 5226 pestas.

1932 5242 2029 5304 Die
2055 5248 2127 5304 9.5
2155 5248 2382 5304 Eudoxo
2409 5248 2585 5319 Capra
2617 5263 2776 5303 mane
2801 5245 3019 5302 occidit.

1934 5339 2030 5396 Die
2053 5340 2123 5394 26
2154 5340 2377 5395 Eudoxo
2404 5341 2599 5411 Aquila
2630 5356 2788 5394 mane
2816 5340 3008 5393 oritur.

1936 5432 2329 5503 Capricornum
2364 5433 2453 5488 sol
2475 5439 2726 5503 peragrat
2754 5430 2946 5486 diebus
2977 5430 3066 5485 29.

1938 5608 2033 5667 Die
2072 5609 2092 5665 Ι
2128 5608 2448 5665 Euctemoni
2489 5608 2786 5665 solstitium
2818 5606 3104 5663 hibernum
3133 5600 3423 5675 signiﬁcat.
