3886 6268
488 363 592 417 863

1489 361 1580 415 AD
1636 357 1903 415 EUSEBII
1939 356 2326 415 CHRONICON
2364 356 2719 415 APPENDIX.

3623 357 3714 415 865

489 476 716 547 Calippo
772 476 1105 548 Sagittarius
1160 478 1363 534 desinit
1423 478 1605 545 oriri;
1667 480 2046 538 conversiones

2191 478 2305 531 ιναὶ
2348 477 2782 547 ἐπισημαίνουσι.
2823 474 3096 546 Καλίππῳ
3134 475 3382 545 Τοξότης
3417 474 3572 545 λήγει
3607 478 3716 532 ιὶντιιΔ

489 571 815 640 contingunt
846 570 1085 625 hiberme
1105 611 1120 635 ,
1160 571 1217 624 lit
1246 578 1555 641 tempestas.

564 658 657 715 Die
691 659 727 713 2
758 661 1075 716 Euctemoni
1108 661 1403 732 Delphinus
1431 662 1629 728 oritur,
1661 663 1874 717 exsistit
1916 671 2050 717 tem-

490 757 699 819 pestas.

563 839 661 896 Die
688 841 723 895 4
767 840 994 897 Eudoxo
1037 842 1174 897 ﬁunt
1211 842 1454 897 hibernas
1496 843 1914 908 conversiones.
1955 860 2053 899 ex-

495 932 640 987 sistit
674 941 994 1003 tempestas.

566 1020 663 1076 Die
693 1022 723 1074 7
752 1020 1070 1078 Euctemoni
1100 1021 1296 1090 Aquila
1336 1020 1553 1090 vesperi
1596 1022 1835 1090 occidit,
1886 1021 2055 1092 ﬁtque

496 1119 813 1182 tempestas.

568 1201 663 1257 Die
692 1204 724 1259 9
755 1203 979 1258 Eudoxo
1009 1203 1226 1259 Corona
1252 1205 1468 1274 vesperi
1499 1205 1696 1261 oritur.

567 1293 664 1349 Die
692 1295 761 1348 12
792 1295 1101 1352 Democrito
1131 1304 1319 1350 auster
1349 1296 1525 1365 spirat
1559 1336 1575 1351 .
1609 1334 1624 1350 .
1660 1335 1676 1351 .
1716 1298 1911 1351 oritur.

568 1385 664 1441 Die
694 1386 760 1441 M
789 1386 1109 1444 Euctemoni
1139 1387 1317 1443 media
1359 1387 1556 1443 hiems.
1603 1389 1809 1444 Auster
1852 1388 2055 1444 multus

497 1478 588 1532 ﬂat
614 1478 873 1534 hibernus
903 1495 997 1549 per
1029 1494 1194 1535 mare.

570 1566 666 1623 Die
711 1568 778 1622 15
816 1568 1042 1632 Calipuo
1085 1567 1459 1641 Capricornus
1504 1567 1696 1637 ineipit
1741 1567 1914 1633 oriri,
1965 1565 2059 1621 ﬂat

499 1661 706 1710 auster.

568 1746 663 1802 Die
695 1745 762 1801 16
788 1745 1104 1802 Euctemoni
1136 1757 1324 1804 auster
1353 1747 1619 1804 hibernus
1652 1762 1747 1819 per
1776 1761 1944 1802 mare.

567 1923 663 1979 Die
691 1923 756 1979 18
784 1925 998 1995 vesperi
1044 1933 1167 1997 post
1190 1925 1362 1982 solem
1410 1924 1614 1981 occidit
1672 1923 1952 1989 Perseus,
2001 1933 2065 1979 et

498 2015 673 2085 spirat
709 2022 914 2070 auster.

570 2105 667 2163 Die
693 2107 763 2160 27
797 2106 1115 2163 Euctemoni
1148 2106 1445 2179 Delphinus
1470 2106 1813 2178 vespertinus
1839 2103 2055 2161 occidit.

498 2198 723 2271 Calippo
748 2197 961 2254 Cancer
985 2199 1186 2256 desinit
1214 2200 1496 2267 occidere;
1528 2207 1613 2256 est
1639 2203 1953 2268 tempestas.

569 2290 871 2362 Aquarium
898 2298 1140 2361 permeat
1165 2291 1251 2348 sol
1280 2290 1473 2347 diebus
1499 2291 1587 2347 50.

569 2470 666 2526 Die
693 2470 726 2524 2
756 2468 866 2525 Leo
892 2468 1083 2540 incipit
1110 2469 1394 2536 occidere,
1426 2468 1485 2524 ιιι
1513 2470 1718 2541 pluvia.
1753 2468 2060 2528 Democrito

498 2562 675 2616 hiems
700 2560 933 2617 exsistit.

566 2653 665 2709 Die
689 2653 724 2708 ι
752 2651 975 2707 Eudoxo
1008 2651 1308 2723 Delphinus
1336 2653 1552 2723 vesperi
1580 2652 1796 2709 occidit.

569 2824 668 2881 Die
718 2825 780 2879 11
829 2823 1053 2880 Eudoxo
1094 2823 1235 2896 Lyra
1293 2824 1502 2896 vesperi
1551 2825 1772 2881 occidit.
1836 2826 2061 2883 Exsistit

499 2917 702 2988 pluvia.

569 3008 665 3063 Die
691 3008 757 3063 14
784 3008 1012 3064 Eudoxo
1042 3008 1308 3065 serenitas
1329 3048 1344 3074 ,
1374 3008 1645 3065 interdum
1670 3009 1830 3065 etiam
1856 3009 1948 3064 (lat
1972 3027 2061 3067 ze-

499 3102 722 3173 pbyrus.

568 3192 663 3248 Die
696 3192 763 3248 16
797 3191 1107 3248 Democrito
1139 3193 1408 3265 zephyrus
1442 3192 1632 3264 incipit
1661 3191 1825 3260 ﬂare,
1858 3200 1913 3247 et
1939 3207 2056 3248 ma-
2084 3190 2129 3252 C

497 3298 586 3341 net
617 3300 715 3355 per
745 3285 863 3339 dies
891 3284 962 3338 45
991 3301 1021 3338 a
1050 3285 1523 3339 conversionibus.

571 3376 668 3432 Die
689 3377 752 3430 l7
774 3375 1093 3431 Euctemoni
1117 3384 1331 3446 tempus
1350 3384 1433 3430 est
1464 3382 1523 3430 ut
1576 3374 1744 3444 Spiret
1768 3374 2053 3445 zephyrus.

495 3468 722 3539 Calippo
750 3468 1025 3538 Aquarius
1051 3467 1262 3524 medius
1286 3470 1469 3523 oriens
1497 3474 1581 3522 est
1602 3487 1616 3535 ;
1640 3466 1732 3520 ﬂat
1766 3467 2052 3538 zephyrus.

566 3558 664 3614 Die
687 3559 758 3613 25
781 3558 1099 3614 Euctemoni
1125 3560 1335 3631 vesperi
1361 3557 1597 3624 occidit,
1622 3566 1675 3613 et
1699 3558 1917 3629 insuper
1942 3573 2055 3612 ma-

498 3665 604 3721 gna
633 3662 716 3705 est
748 3658 1060 3721 tempestas.

563 3739 749 3795 Pisces
784 3740 866 3795 sol
898 3741 1166 3811 percurrit
1198 3740 1392 3796 diebus
1425 3741 1509 3797 50.

563 3831 660 3888 Die
691 3834 726 3886 2
761 3844 972 3904 tempus
1002 3844 1085 3890 est
1131 3834 1475 3891 hirundinem
1509 3848 1771 3905 apparere
1794 3873 1809 3896 ,
1848 3839 1902 3888 et
1942 3833 2054 3903 spi-

494 3933 617 3979 rant
647 3926 919 3991 ornithiae,
960 3943 1055 3982 seu
1089 3929 1239 3983 venti
1273 3929 1486 3983 aviarii.
1522 3928 1747 3997 Calippo
1779 3925 1884 3982 Leo
1912 3925 2055 3980 desi-

491 4018 575 4073 nit
600 4018 846 4073 occidere
865 4059 879 4081 ,
911 4026 965 4073 et
1006 4019 1241 4074 hirundo
1270 4026 1527 4090 apparet,
1558 4019 1844 4090 signiﬁcat.

564 4108 661 4163 Die
705 4109 739 4162 4
793 4109 1101 4165 Democrito
1139 4111 1273 4164 varii
1318 4118 1446 4165 sunt
1487 4110 1601 4165 dies
1655 4111 1747 4180 qui
1792 4116 2053 4175 vocantur

489 4202 607 4258 dies
632 4203 980 4274 halcyonum.
1008 4202 1232 4258 Eudoxo
1256 4203 1521 4259 Arcturus
1547 4204 1755 4274 vesperi
1778 4202 1971 4268 oritur,
2000 4212 2053 4257 et

488 4294 706 4350 exsistit
734 4294 944 4364 pluvia,
982 4294 1216 4349 hirundo
1261 4301 1516 4364 apparet,
1550 4302 1605 4348 ct
1639 4310 1733 4364 per
1764 4300 2051 4363 sequentes

491 4385 610 4440 dies
632 4386 700 4440 50
722 4387 897 4440 boreae
918 4386 1161 4455 spirant,
1195 4393 1249 4439 et
1272 4386 1505 4451 maxime
1536 4385 1615 4438 illi
1651 4383 1745 4454 qui
1794 4383 2051 4438 dicuntur

487 4479 843 4551 proornithiaz
863 4521 876 4542 ,
912 4494 1009 4533 seu
1039 4478 1186 4533 venti
1217 4477 1558 4532 anteaviarii.

559 4568 655 4623 Die
684 4569 749 4622 l2
776 4569 1089 4624 Euctemoni
1112 4568 1376 4639 Arcturus
1398 4569 1609 4637 vesperi
1630 4569 1822 4634 oritur,
1843 4574 1896 4621 et
1914 4564 2047 4619 Vin-

487 4660 751 4715 demiator
776 4661 837 4713 tit
868 4674 1157 4730 apparens.
1190 4657 1419 4729 lnsuper
1448 4657 1541 4712 ﬂat
1574 4656 1804 4728 frigidus
1832 4656 2048 4712 boreas.

555 4832 664 4904 39
686 4831 782 4886 Die
814 4833 880 4887 14
906 4831 1209 4888 Democrito
1232 4831 1414 4901 frigidi
1442 4832 1573 4886 llant
1602 4831 1749 4885 venti
1777 4830 1868 4899 qui
1900 4828 2050 4882 orni—

488 4922 617 4977 thia:
644 4918 931 4989 vocantur",
956 4939 1052 4992 per
1076 4922 1193 4977 dies
1230 4923 1464 4977 maxime
1494 4936 1705 4976 novem.
1731 4918 2049 4975 Euctemoni

483 5012 669 5085 Equus
703 5030 861 5072 mane
891 5015 1092 5071 occidit
1119 5034 1133 5070 :
1167 5017 1391 5087 insuper
1418 5015 1648 5085 frigidus
1676 5012 1767 5069 llat
1796 5015 2010 5068 boreas.

554 5106 649 5159 Die
677 5107 743 5160 17
769 5105 991 5160 Eudoxo
1013 5105 1229 5161 exsistit
1255 5112 1569 5174 tempestas,
1594 5112 1645 5158 et
1668 5104 1864 5159 milvus
1887 5117 2048 5171 appa-

480 5206 583 5254 ret.
608 5195 832 5267 Calippo
852 5196 1091 5254 Piscium
1113 5197 1368 5253 australis
1388 5195 1583 5260 oritur,
1606 5195 1807 5251 desinit
1828 5195 2039 5249 boreas.

551 5379 648 5435 Die
683 5379 748 5434 2l
790 5378 1017 5435 Eudoxo
1050 5379 1266 5435 Corona
1292 5378 1503 5449 vesperi
1536 5377 1733 5441 oritur,
1774 5376 2041 5446 incipiunt

477 5470 732 5525 ornithiae
761 5472 990 5540 spirare.

549 5561 647 5617 Die
680 5562 751 5616 22
788 5563 1104 5618 Euctemoni
1142 5562 1339 5617 milvus
1379 5571 1618 5632 apparet,
1644 5562 1893 5617 ornithiae
1925 5561 2039 5632 spi-

478 5662 601 5706 rant
631 5668 804 5724 usque
834 5652 899 5706 ad
928 5654 1329 5723 aequinoctium.

567 5769 613 5800 "
648 5767 987 5837 m.&xpo'w€
1025 5767 1243 5838 ubique.
1333 5768 1373 5798 ⁷¹
1409 5766 1449 5836 f.
1482 5767 1670 5832 νότιος,
1707 5764 1779 5822 al.
1813 5765 2031 5833 ἄλοπος.

2152 568 2371 622 τέλλων.
2397 567 2606 639 Τροπαὶ
2628 567 2948 638 χειμεριναὶ,
2973 567 3264 637 χειμαίνει.
3288 600 3291 603 -

2236 661 2323 713 Ἐν
2348 661 2404 715 δὲ
2443 663 2508 731 τῇ
2543 658 2587 729 β’
2616 659 2920 729 Εὐκτήμονι
2959 657 3148 726 Δελφὶς
3187 656 3496 723 ἐπιτέλλει,
3522 659 3714 728 χειμαί-

2152 770 2248 808 νει.

2235 843 2324 895 Ἐν
2370 840 2431 894 δὲ
2456 842 2523 911 τῇ
2569 839 2609 892 δ’
2636 839 2846 912 Εὐδόξῳ
2890 842 3087 912 τροπαὶ
3130 838 3474 910 χειμεριναὶ,
3522 838 3715 908 χειμαί-

2151 950 2250 987 νει.

2239 1026 2325 1079 Ἐν
2370 1026 2425 1079 δὲ
2459 1030 2526 1099 τῇ
2571 1027 2613 1091 ζ’
2646 1026 2953 1096 Εὐκτήμονι
3000 1023 3180 1086 Ἀετὸς
3225 1020 3491 1089 ἑσπέριος
3530 1021 3709 1087 δύεται,

2154 1116 2248 1170 καὶ
2274 1118 2559 1187 χειμαίνει.

2235 1206 2324 1258 Ἐν
2356 1206 2412 1258 δὲ
2442 1209 2506 1276 τῇ
2539 1205 2583 1258 Θ¹
2608 1203 2819 1275 Εὐδόξῳ
2851 1204 3119 1273 Στέφανος
3147 1201 3460 1274 ἀκρόνυχος
3500 1200 3652 1255 δύνει.

2235 1296 2323 1351 Ἐν
2342 1297 2398 1351 δὲ
2415 1301 2480 1368 τῇ
2501 1297 2565 1367 ιβ’
2581 1296 2902 1368 Δημοκρίτῳ
2923 1296 3071 1358 νότος
3087 1298 3228 1358 πνεῖ,
3346 1294 3427 1357 ὡς
3446 1292 3709 1347 ἐπιτέλλει.

2236 1388 2323 1442 Ἐν
2349 1388 2406 1441 δέ
2434 1391 2499 1459 τῇ
2533 1388 2591 1441 ιδ’
2630 1388 2936 1458 Εὐκτήμονι
2971 1387 3131 1457 μέσος
3166 1385 3409 1457 χειμών.
3439 1385 3602 1449 Νότος
3625 1404 3709 1439 πο-

2152 1479 2246 1543 λύς
2266 1474 2491 1534 ’ἐπιπνεῖ
2512 1479 2818 1550 χειμερινὸς
2839 1478 2979 1532 κατά
3009 1477 3307 1531 Θάλασσαν.

2234 1572 2322 1625 Ἐν
2349 1571 2407 1626 δέ
2431 1574 2497 1643 τῇ
2535 1579 2596 1624 ιε’
2625 1570 2896 1640 Καλίππῳ
2918 1569 3228 1639 Δίγόκερως
3250 1566 3489 1638 ἄρχεται
3521 1568 3710 1621 ἀνατέλρ

2153 1663 2287 1729 λειν,
2326 1664 2497 1727 νότος.

2240 1757 2328 1811 Ἐν
2355 1756 2412 1809 δὲ
2447 1758 2511 1827 τῇ
2548 1761 2620 1819 ις’
2651 1754 2955 1824 Εὐκτήμονι
2983 1752 3131 1816 νότος
3163 1750 3454 1823 χειμέριος
3484 1749 3614 1805 κατὰ
3636 1749 3707 1806 0&-

2090 1857 2133 1912 Β
2158 1849 2379 1903 λασσαν.

2243 1940 2331 1992 Ἐν
2384 1937 2441 1991 δέ
2477 1938 2543 2008 τῇ
2579 1941 2647 2007 ιη’
2696 1934 2993 2006 ἀκρόνυχος
3018 1931 3261 1986 ἐπιδύνει
3295 1932 3327 1985 ό
3349 1929 3604 2003 Περσεὺς,
3631 1930 3703 1983 tul

2158 2031 2308 2093 νότος
2336 2030 2477 2082 πνεῖ.

2243 2120 2330 2173 Ἐν
2362 2118 2419 2172 δὲ
2464 2120 2528 2190 τῇ
2576 2116 2658 2182 κζ’
2699 2115 3003 2185 Εὐκτήμονι
3036 2112 3231 2183 Δελφίς
3271 2111 3529 2183 ἑσπέριος
3562 2110 3700 2166 δύνει.

2157 2210 2424 2281 Καλίππῳ
2451 2209 2722 2281 Καρκίνος
2746 2206 2899 2277 λήγει
2927 2205 3094 2259 δύνων
3113 2222 3127 2235 ·
3154 2204 3435 2276 χειμαίνει

2227 2300 2331 2354 Τὸν
2367 2300 2425 2353 δέ
2461 2298 2740 2371 Ὑδροχόον
2786 2296 3162 2368 διαπορεύεται
3211 2297 3242 2348 ό
3290 2295 3447 2367 ἣλιος
3486 2295 3542 2347 ἐν
3586 2293 3697 2365 me.

2160 2392 2341 2538 ραιξέΣέ
2361 2430 2458 2553 μὲν
2489 2477 2581 2537 οὖν
2616 2484 2683 2553 τῇ
2720 2481 2763 2553 β’
2784 2481 3056 2553 Καλίππῳ
3082 2480 3237 2535 Λέων
3268 2477 3496 2551 ἄρχεται
3525 2477 3695 2532 δύνειν·

2161 2576 2330 2630 ὐετία.
2365 2575 2687 2647 Δημοκρίτῳ
2719 2573 2954 2646 [ἄλοχος]
2988 2572 3215 2645 χειμών.

2240 2668 2329 2721 Ἐν
2356 2667 2413 2720 δὲ
2455 2669 2521 2737 τῇ
2569 2666 2611 2719 δ’
2650 2665 2830 2738 ήμέρᾳ
2874 2664 3088 2736 Εὐδόξῳ
3129 2663 3333 2734 Δελφὶν
3353 2663 3630 2735 ἀκρόνυχος
3656 2658 3692 2690 ⁷⁸

2158 2760 2330 2905 δυνὲν
2355 2850 2412 2903 δέ
2433 2852 2499 2922 τῇ
2526 2855 2592 2902 ια’
2611 2847 2821 2919 Εὐδόξῳ
2850 2847 3004 2920 Λύρα
3026 2849 3326 2920 ἀκρόνυχος
3346 2845 3505 2899 δύνει.
3522 2842 3688 2905 Ὑετός.

2244 3010 2333 3063 Ἐν
2371 3010 2427 3063 δὲ
2460 3013 2524 3083 τῇ
2567 3011 2624 3064 ιδ’
2656 3009 2869 3081 Εὐδόξῳ
2915 3009 3090 3063 εὐδία·
3140 3009 3317 3062 ἐνίοτε
3361 3007 3456 3060 καὶ
3488 3004 3685 3069 {suum

2161 3106 2300 3159 πνεῖ.

2242 3195 2329 3248 Ἐν
2368 3194 2425 3248 δὲ
2451 3197 2515 3266 τῇ
2553 3202 2625 3260 ις’
2652 3194 2976 3267 Δημοκρίτῳ
3013 3193 3247 3264 ζέφυρος
3293 3192 3445 3245 πνεῖν
3475 3188 3681 3258 ἄρχεται,

2156 3286 2249 3339 καὶ
2288 3287 2593 3357 παραμένει
2619 3287 2832 3357 ἡμέρας
2861 3291 2908 3354 γ’
2933 3286 3026 3338 καὶ
3062 3284 3113 3354 μ’
3143 3285 3255 3338 ἀπὺ
3290 3281 3520 3355 τροπῶν.

2240 3378 2328 3429 Ἐν
2364 3377 2421 3429 δέ
2466 3381 2532 3448 τῇ
2563 3378 2625 3442 ιζ’
2648 3379 2953 3449 Εὐκτήμονι
2993 3376 3225 3448 ζέφυρος
3270 3377 3412 3430 πνεῖ.
3452 3369 3679 3434 Edim

2168 3467 2445 3540 ’Υδροχόος
2479 3471 2640 3541 μέσος
2669 3471 2997 3524 ἀνατέλλων·
3036 3469 3270 3541 ζέφυρος
3298 3470 3437 3523 πνεῖ.

2240 3563 2325 3616 Ἐν
2351 3563 2407 3615 δὲ
2429 3566 2493 3634 τῇ
2529 3563 2605 3617 κε’
2639 3565 2942 3636 Εὐκτήμονι
2969 3563 3220 3635 ἑσπέριος
3250 3561 3396 3616 δύνει
3416 3577 3427 3589 ’
3465 3557 3550 3612 καὶ
3574 3552 3675 3624 σφό-

2153 3654 2254 3726 δρα
2281 3654 2646 3724 ἐπιχειμάζει.

2224 3745 2362 3810 Τοὺς
2382 3747 2440 3799 δὲ
2467 3746 2672 3817 Ἰχθύας
2691 3748 2720 3800 ὁ
2741 3748 2890 3819 ἥλιος
2911 3745 3293 3819 διαπορεύεται
3316 3746 3372 3798 ἐν
3393 3739 3605 3813 ήμὲραις
3621 3735 3671 3789 λ’-

2234 3838 2323 3891 ’Ev
2351 3837 2451 3907 μὲν
2476 3834 2567 3892 οὖν
2593 3842 2658 3910 τῇ
2696 3839 2739 3911 β’
2763 3840 3004 3910 χελιδόνα
3031 3839 3149 3910 ὥρα
3175 3833 3474 3907 φαίνεσθαι,
3502 3830 3583 3883 καὶ
3603 3827 3657 3895 ὀρ

2153 3928 2321 3985 νιοίαι
2350 3931 2588 3989 πνέουσι.
2627 3931 2899 4003 Καλίππῳ
2932 3933 2989 3986 δὲ
3020 3932 3170 3985 Λέων
3198 3930 3371 3984 δύνων
3409 3925 3567 3994 λήγει,
3600 3919 3669 3972 ﬂ"

2153 4019 2372 4092 χελιδὼν
2400 4022 2663 4090 φαίνεται,
2702 4024 3067 4095 ἐπισημαίνει.

2235 4115 2321 4167 Ἐν
2362 4114 2419 4167 δὲ
2450 4117 2517 4185 τῇ
2565 4114 2604 4167 δ’
2638 4114 2961 4186 Δημοκρίτῳ
3007 4113 3249 4168 ποικίλαι
3292 4111 3489 4185 ἡμέραι
3531 4103 3663 4174 γίνον

2152 4222 2240 4258 ται
2284 4205 2589 4270 ἀλκυονίδες
2636 4207 2987 4276 καλούμεναι.
3032 4206 3246 4275 Εὐδόξῳ
3294 4205 3350 4258 δὲ
3395 4194 3663 4272 ’Δρκτοῦροὶ

2152 4295 2449 4367 ἀκρόνυχος
2480 4297 2765 4361 ἐπιτέλλει,
2791 4298 2884 4350 καὶ
2920 4296 3071 4360 ὑετὸς
3111 4297 3340 4363 γίνεται,
3375 4294 3461 4347 καὶ
3483 4282 3663 4359 χελιδὼν

2153 4388 2429 4458 φαίνεται’
2469 4390 2561 4442 καὶ
2602 4390 2702 4452 τὰς
2741 4389 3012 4459 ἑπομένας
3046 4389 3257 4460 ἡμέρας
3299 4387 3340 4438 λ’
3372 4380 3537 4455 βορέαι
3571 4371 3660 4427 πνέ-

2152 4496 2291 4541 ουσι,
2328 4480 2419 4533 καὶ
2461 4480 2691 4550 μάλιστα
2718 4482 2767 4533 οἱ
2788 4479 3121 4551 προορνιθίαι
3144 4478 3473 4547 καλούμενοι.

2235 4570 2323 4621 Ἐν
2345 4569 2401 4621 δὲ
2428 4573 2494 4640 τῇ
2527 4569 2592 4639 ιβ’
2620 4570 2926 4639 Εὐκτήμονι
2963 4567 3289 4640 Ἀρκτοῦρος
3316 4564 3545 4632 ἑσπέριος
3572 4557 3656 4608 Em-

2149 4658 2344 4723 τέλλει,
2375 4660 2470 4713 καὶ
2505 4660 2895 4731 Προτρυγητὴρ
2938 4659 3193 4729 ἐκφανής.
3241 4654 3475 4711 Ἐπιπνεῖ
3505 4645 3656 4719 βορέας

2148 4748 2372 4820 ψυχρός.
3432 4831 3443 4838 _
3566 4824 3576 4838 .

2229 4840 2316 4891 ’Ev
2343 4839 2399 4892 δὲ
2421 4842 2487 4910 τῇ
2523 4840 2583 4893 ιδ’
2608 4839 2932 4911 Δημοκρίτῳ
2965 4838 3153 4910 ἄνεμοι
3182 4838 3392 4891 πνέουσι
3417 4831 3651 4900 ψυχροὶνα

2148 4930 2381 5001 όρνιθίαι
2412 4931 2755 5002 καλούμενοι,
2797 4931 3005 5002 ἡμέρας
3039 4932 3271 5001 μάλιστα.
3300 4928 3359 4981 0'.
3394 4918 3648 4986 Εὐκτήμονι

2141 5023 2198 5076 δέ
2219 5023 2412 5086 Ἵππος
2444 5020 2576 5094 ἑῷος
2603 5024 2745 5077 δύνει
2770 5041 2783 5054 ·
2817 5025 3041 5076 ἐπιπνεῖ
3063 5022 3253 5093 βορέας
3272 5015 3480 5090 ψυχρός.
3570 5093 3579 5105 Ι

2225 5111 2311 5164 Ἐν
2342 5112 2398 5164 δὲ
2423 5115 2486 5183 τῇ
2517 5112 2577 5176 ιζ’
2603 5113 2814 5182 Εὐδόξῳ
2847 5112 3137 5183 χειμαίνει.
3165 5113 3259 5165 καὶ
3304 5107 3483 5161 ἰκτῖνος
3500 5106 3645 5183 φαιῇθεῖ

2141 5220 2252 5256 ται.
2294 5203 2567 5275 Καλίππῳ
2588 5203 2697 5257 τῶν
2735 5204 2951 5275 Ἰχθύων
2995 5205 3025 5256 ὁ
3050 5204 3198 5266 νότος
3220 5202 3263 5233 τί
3289 5191 3554 5252 ἐπιτέλλει³
3576 5180 3643 5248 λῇτ

2142 5310 2227 5362 γει
2250 5293 2457 5364 βορέας.
3584 5358 3609 5373 ﬂ

2228 5361 2395 5436 Ἐνει
2422 5388 2488 5456 τῇ
2520 5382 2604 5438 κα¹
2627 5385 2837 5456 Εὐδόξῳ
2872 5386 3139 5454 Στέφανος
3180 5384 3452 5455 ἀκρόνυχος
3473 5361 3640 5423 ἐπιτέλ-

2144 5471 2223 5525 λει
2243 5489 2258 5504 ο
2282 5474 2535 5544 ἄρχονται
2568 5475 2800 5546 ὀρνιθίαι
2829 5475 3097 5538 πνέοντες.

2224 5543 2402 5618 Ἐννδέ
2432 5569 2498 5637 τῇ
2534 5543 2616 5636 κβ)
2650 5568 2956 5638 Εὐκτήμονι
3025 5570 3219 5632 ἰκτῖνος
3262 5560 3497 5634 φαίνεται,
3524 5543 3636 5617 69V“

2144 5653 2251 5708 Θίαι
2276 5656 2492 5710 πνέουσι
2530 5658 2719 5730 μέχρις
2748 5660 3047 5731 ίσημερίας.
