3886 6268
239 348 348 404 865

1250 346 1483 404 GEMINI
1521 347 1889 403 ELEMENTA
1930 348 2416 405 ASTRONOMLIE.

3357 349 3461 405 866

324 462 412 514 Ἐν
445 460 502 513 δέ
531 461 599 531 τῇ
632 457 712 513 κθ¹
745 456 1053 532 Εὐκτήμονι
1080 460 1173 514 τοῦ
1207 462 1470 534 Σκορπίου
1516 466 1564 517 οἱ
1597 463 1802 535 πρῶτοι

1975 464 2070 521 Die
2099 465 2169 521 29
2192 465 2507 522 Euctemoni
2535 422 2745 535 Scorpii
2768 465 2955 536 primae
2987 464 3155 521 stella:
3181 462 3461 530 occidunt,

238 549 469 624 ἀστέρεξ
499 551 764 616 δύνουσιν,
799 552 1014 605 ἐπιπνεῖ
1044 552 1237 625 βορέας
1260 554 1484 627 ψυχρός.

325 644 413 697 Ἐν
436 643 494 696 δὲ
524 646 592 714 τῇ
621 643 664 696 λ’
689 643 963 714 Καλίππῳ
989 643 1098 697 τῶν
1136 645 1351 716 Ἰχθύων
1380 650 1408 701 ὁ
1450 648 1654 719 βόρειος
1687 650 1805 701 ἐπι-

238 735 442 788 τέλλων
478 734 655 805 λήγει,
700 736 895 798 ἰκτῖνος
927 736 1190 804 φαίνεται,
1222 737 1412 808 βορέας
1439 742 1577 793 πνεῖ.

316 825 424 880 Τὸν
457 825 514 879 δὲ.
541 827 709 897 Κριὸν
737 827 1108 899 διαπορεύεται
1138 832 1166 883 ὁ
1194 830 1341 901 ἥλιος
1360 833 1418 885 ὲν
1446 833 1679 906 ἡμέραις
1703 835 1801 889 λα’.

327 915 415 967 Ἐν
441 915 538 984 μὲν
551 917 618 986 τῇ
645 915 836 990 πρώτῃ
856 917 1126 990 Καλίππῳ
1148 920 1438 992 σύνδεσμος
1460 923 1567 975 τῶν
1592 924 1807 995 ’ἰχθύων

243 1005 544 1059 ἀνατέλλει.
593 1007 871 1079 Ἰσημερία
902 1009 1109 1080 ἐαρινὴ,
1143 1011 1236 1064 καὶ
1264 1010 1438 1080 ψεκὰς
1464 1012 1666 1086 λεπτή·
1695 1033 1809 1086 χει-

249 1096 430 1167 μαίνει
462 1098 685 1169 σφόδρα,
717 1100 1082 1170 ἐπισημαίνει.

330 1191 419 1243 Ἐν
451 1189 508 1243 δὲ
539 1194 604 1263 τῇ
634 1190 685 1260 γ’
714 1192 985 1266 Καλίππῳ
1013 1196 1180 1267 Κριὸς
1222 1199 1447 1271 ἄρχεται
1479 1202 1804 1259 ἐπιτέλλειν·

243 1281 421 1346 ὐετὸς,
455 1282 489 1353 ἢ
513 1286 744 1352 νιφετός.

329 1374 419 1426 Ἐν
444 1374 503 1428 δὲ
530 1379 597 1447 τῇ
630 1384 683 1441 ς’
711 1378 919 1450 Εὐδόξῳ
952 1382 1227 1454 ἰσημερίαι,
1259 1386 1410 1450 ὑετὸς
1443 1387 1665 1456 γίνεται.

327 1466 422 1519 ἳΕν
466 1466 523 1519 δὲ
572 1469 639 1539 τῇ
668 1475 696 1521 ι’
735 1470 1042 1542 Εὐκτήμονι
1087 1475 1339 1542 Πλειάδες
1391 1479 1628 1550 ἑσπέριοι
1675 1479 1808 1553 κρύ-

248 1571 496 1612 πτονται.

330 1646 424 1697 Ἐν
456 1646 513 1699 δὲ
536 1649 601 1719 τῇ
631 1655 697 1718 ιγ’
731 1648 943 1723 Εὐδόξῳ
969 1653 1220 1721 Πλειάδες
1248 1658 1532 1731 ἀκρόνυχοι
1565 1660 1808 1716 δύνουσιο

248 1736 343 1789 καὶ
387 1737 578 1808 Ὠρίων
607 1739 828 1812 ἄρχεται
856 1744 1032 1799 δύνειν
1058 1748 1164 1801 ἀπὸ
1195 1749 1490 1822 ἀκρονύχου
1510 1770 1523 1782 ·
1555 1754 1707 1818 ὑετὸς
1732 1754 1813 1823 γί-

1907 556 1998 610 ﬂat
2028 557 2256 627 frigidus
2286 559 2503 613 boreas.

1975 648 2071 705 Die
2119 651 2189 705 50
2237 650 2461 721 Calippo
2506 648 2743 705 Piscium
2797 648 3029 704 borealis
3083 637 3284 703 desinit
3322 644 3464 699 occi-

1906 740 2070 807 dere;
2102 748 2322 812 apparet
2349 743 2565 805 milvus,
2593 742 2684 796 ﬂat
2717 741 2933 799 boreas.

1974 830 2210 887 Arietem
2244 832 2540 902 pertransit
2569 832 2651 887 sol
2685 832 2877 887 diebus
2910 832 2995 886 5L

1974 922 2070 978 Die
2101 923 2127 976 1
2154 922 2376 994 Calippo
2406 924 2683 978 vinculum
2711 921 2947 978 Piscium
2975 921 3167 977 oritur.
3191 920 3277 976 Fit
3299 921 3468 993 aequi-

1908 1013 2147 1069 noctium
2188 1029 2440 1077 vernum,
2482 1022 2536 1068 et
2589 1013 2774 1083 pluvia
2818 1013 3086 1068 minutula
3119 1031 3136 1081 ;
3175 1028 3369 1085 magna
3405 998 3467 1067 ﬁt

1906 1109 2222 1172 tempestas,
2255 1103 2542 1173 signiﬁcat.

1980 1188 2073 1244 Die
2100 1190 2134 1243 5
2162 1190 2384 1262 Calippo
2414 1190 2572 1245 Aries
2608 1190 2798 1261 incipit
2829 1190 2965 1245 oriri
2993 1210 3009 1257 ;
3039 1191 3255 1247 exsistit
3286 1191 3468 1262 pluvia

1908 1292 2003 1335 aut
2032 1280 2146 1337 nix.

1977 1373 2074 1429 Die
2102 1374 2135 1428 6
2161 1373 2386 1431 Eudoxo
2419 1382 2501 1430 est
2529 1376 2931 1445 aequinoctium,
2974 1376 3029 1430 lit
3058 1377 3256 1447 pluvia.

1979 1464 2076 1521 Die
2116 1465 2182 1520 10
2217 1465 2534 1523 Euctemoni
2564 1466 2809 1524 Pleiades
2856 1469 3069 1540 vesperi
3106 1470 3466 1525 occultantur.

1985 1643 2081 1700 Die
2130 1645 2197 1699 i5
2246 1644 2475 1702 Eudoxo
2525 1646 2775 1703 Pleiades
2824 1649 3037 1718 vesperi
3093 1648 3380 1713 occidunt,
3418 1659 3472 1704 et

1912 1737 2079 1795 Orion
2113 1738 2303 1810 incipit
2349 1741 2599 1797 occidere
2643 1742 2954 1812 vespertino
3009 1756 3229 1798 occasu.
3283 1741 3472 1795 Pluvia

250 1842 424 1916 νεται.
463 1829 782 1903 Δημοκρίτῳ
825 1834 1080 1900 Πλειάδες
1123 1820 1451 1911 κρύπτονται
1509 1843 1623 1914 ἅμα
1681 1820 1812 1916 ήλξῳ

1964 1829 2146 1885 ιείειὶι.
2178 1828 2487 1886 Democrito
2513 1830 2758 1887 Pleiades
2788 1830 3130 1887 occultantur
3164 1830 3326 1884 simul
3347 1844 3472 1884 curn

247 1915 550 1987 ἀνίσχοντι,
577 1920 670 1974 καὶ
700 1923 922 1991 ἀφανεῖς
945 1925 1181 1994 γίνονται
1213 1931 1412 1995 νύκτας
1443 1939 1520 2003 μ’.

331 2010 425 2063 Ἐν
452 2010 509 2066 δὲ
539 2016 604 2085 τῇ
645 2021 730 2068 κα⁹
765 2017 977 2091 Εὐδόξῳ
1012 2021 1200 2086 Ὑάδες
1231 2024 1518 2098 ἀκρόνυχοι
1548 2028 1811 2087 δύνουσιν.

332 2103 505 2156 Ἐνδὲ
530 2108 596 2177 τῇ
645 2113 729 2175 κγ’
754 2109 1060 2182 Εὐκτήμονι
1097 2115 1282 2180 Ὑάδες
1328 2118 1674 2190 κρύπτονται,
1724 2127 1817 2178 καὶ

248 2191 466 2284 χάλαζα
493 2195 809 2265 ἐπιγίνεται,
833 2203 925 2253 καὶ
949 2201 1174 2276 ζέφυρος
1197 2209 1336 2262 πνεῖ.
1358 2208 1629 2283 Καλίππῳ
1648 2214 1817 2284 Ζυγὸς

247 2283 484 2355 ἄρχεται
512 2286 708 2352 δύνειν,
753 2291 991 2365 πολλαχῆ
1022 2295 1077 2348 δὲ
1106 2298 1199 2350 καὶ
1225 2298 1450 2369 χάλαζα.

340 2379 431 2431 Ἐν
456 2379 511 2432 δὲ
541 2383 605 2452 τῇ
641 2381 721 2447 κζ’
758 2382 972 2456 Εὐδόξῳ
1018 2387 1172 2461 Λύρα
1202 2391 1496 2463 ἀκρόνυχος
1531 2396 1813 2453 ἐπιτέλλει.

329 2465 434 2522 Τὸν
458 2469 515 2523 δὲ
538 2469 656 2561 Ταύ
659 2489 747 2542 ρον
768 2473 1146 2549 διαπορεύεται
1175 2481 1203 2532 ὁ
1218 2480 1366 2552 ἣλιος
1385 2485 1440 2536 ἐν
1461 2486 1691 2556 ἡμέραις
1718 2490 1817 2561 λβν.

343 2560 437 2652 Ἐν
468 2561 565 2632 μὲν
597 2558 689 2616 οὖν
717 2568 784 2637 τῇ
825 2573 872 2618 α’
903 2568 1083 2640 ἡμέρᾳ
1107 2570 1319 2643 Εὐδόξῳ
1364 2574 1551 2646 Ὠρίων
1597 2558 1822 2652 ἀκρόνυ-

252 2669 353 2723 χος
374 2651 519 2707 δύνει
543 2671 556 2684 ·
589 2655 764 2713 ὐετία.
786 2657 1057 2733 Καλίππῳ
1079 2664 1107 2716 ὁ
1135 2664 1301 2735 Κριὸς
1322 2665 1477 2738 λήγει
1508 2651 1817 2730 ἐπιτέλλων·

260 2742 417 2796 ὐετία
436 2759 449 2773 ·
484 2744 722 2817 πολλαχῆ
746 2747 802 2801 δέ
823 2750 915 2802 καὶ
951 2750 1178 2820 χάλαζα.

346 2835 435 2928 Ἐν
460 2834 517 2928 δὲ
546 2838 611 2908 τῇ
645 2836 689 2905 β’
716 2839 1022 2911 Εὐκτήμονι
1055 2843 1214 2898 Κύων
1255 2848 1568 2919 κρύπτεται,
1606 2855 1700 2909 καὶ
1729 2858 1824 2928 χά-

258 2922 400 3019 λαζα
425 2927 653 3019 γίνεται.
685 2929 762 3001 Τῇ
789 2929 830 2983 δ’
857 2932 992 3005 αὐτῇ
1038 2934 1191 3007 Λύρα
1222 2937 1267 2970 ⁷²
1300 2940 1564 2996 ἐπιτέλλει
1590 2922 1820 3019 Εὐδόξῳ.

261 3014 429 3070 Κύων
448 3018 746 3097 ἀκρόνυχος
782 3021 947 3089 δύνει,
989 3027 1082 3079 καὶ
1111 3026 1263 3091 ὐετδς
1293 3028 1519 3096 γίνεται.
1554 3014 1825 3110 Καλίππῳ

258 3109 356 3162 τοῦ
376 3111 587 3184 Ταύρου
611 3114 645 3184 ή
668 3115 864 3186 κέρκος
896 3118 1193 3173 ἐπιτέλλει”
1219 3121 1387 3178 νοτία.

346 3205 435 3259 Ἐν
457 3205 514 3258 δὲ
541 3209 607 3279 τῇ
644 3205 690 3272 ζ’
717 3208 928 3280 Εὐδόξῳ
961 3211 1114 3277 ὑετὸς
1144 3214 1368 3282 γίνεται.

347 3297 437 3351 Ἐν
466 3297 524 3351 δὲ
549 3301 616 3371 τῇ
637 3306 686 3371 η’
717 3301 1026 3373 Εὐκτήμονι
1050 3303 1148 3371 Αἲξ
1173 3304 1283 3377 ἐῲα
1307 3306 1614 3362 ἀνατέλλει·
1650 3308 1818 3363 εὐδίαο

262 3387 349 3440 ὕει
374 3388 511 3460 νότῳ
537 3388 710 3444 ὕδατι.

346 3481 434 3533 Ἐν
457 3480 513 3535 δὲ
543 3484 609 3554 τῇ
644 3482 686 3536 θ’
715 3483 926 3555 Εὐδόξῳ
950 3482 1048 3550 Αἲξ
1071 3485 1180 3557 ἑῴα
1207 3489 1493 3546 ἐπιτέλλει.

349 3568 436 3624 Ἑν
476 3570 534 3624 δὲ
560 3574 627 3643 τῇ
651 3580 716 3626 ια’
757 3574 971 3647 Εὐδόξῳ
1000 3577 1264 3649 Σκορπίος
1304 3580 1437 3652 ἐῷος
1465 3582 1639 3638 δύνειν
1660 3583 1822 3656 ἄρχε-

260 3677 377 3725 ται,
408 3663 505 3715 καὶ
527 3662 677 3727 ὐετὸς
698 3665 925 3734 γίνεται.

342 3754 436 3807 Ἐν
462 3755 520 3808 δὲ
544 3758 611 3828 τῇ
652 3763 719 3826 ιγ’
746 3759 1053 3832 Εὐκτήμονι
1080 3763 1279 3828 Πλειὰς
1297 3766 1579 3823 ’ἐπιτέλλει
1595 3784 1611 3801 ο
1636 3770 1823 3843 θέρους

261 3845 429 3919 ἀρχὴ,
453 3848 546 3902 καὶ
594 3851 961 3922 ἐπισημαίνει.
987 3855 1261 3928 Καλίππῳ
1285 3860 1319 3930 ή
1349 3859 1443 3914 τοῦ
1481 3861 1693 3935 Ταύρου
1733 3881 1825 3917 κε-

270 3939 415 4011 φαλὴ
447 3942 750 3998 ἐπιτέλλει·
784 3947 1150 4019 ἐπισημαίνει.

353 4033 441 4086 Ἐν
467 4034 522 4087 δὲ
561 4038 626 4108 τῇ
665 4038 762 4110 μιᾷ
794 4039 887 4093 καὶ
923 4040 1096 4095 εἰκάδι
1133 4042 1346 4118 Εὐδόξῳ
1390 4047 1655 4122 Σκορπίος
1692 4052 1824 4123 ἑῷος

266 4125 389 4189 δλος
413 4125 581 4181 δύνει.

351 4219 439 4271 Ἐν
463 4219 518 4272 δὲ
532 4220 597 4291 τῆ
615 4219 696 4290 ac?!
721 4221 930 4295 Εὐδόξῳ
945 4224 1200 4290 Πλειάδες
1222 4229 1574 4298 ἐπιτέλλουσι,
1589 4234 1684 4288 καὶ
1706 4235 1825 4289 ἐπι-

267 4311 642 4385 σημαίνουσιν.

350 4407 439 4459 Ἐν
465 4405 521 4459 δὲ
550 4409 616 4478 τῇ
648 4414 726 4460 κε’
754 4409 1058 4482 Εὐκτήμονι
1101 4413 1279 4479 Ἀετὸς
1303 4416 1549 4489 ἑσπέριος
1573 4417 1736 4477 δύνει.

349 4499 441 4550 Ἐν
469 4498 525 4551 δὲ
553 4502 619 4570 τῇ
650 4499 692 4552 λ’
716 4500 1021 4573 Εὐκτήμονι
1057 4505 1303 4577 ἑσπέριος
1335 4510 1618 4564 ἐπιτέλλει.

343 4587 438 4639 Ἐν
457 4587 515 4640 δὲ
538 4590 603 4659 τῇ
623 4588 701 4642 λα’
721 4589 1028 4660 Εὐκτήμονι
1058 4593 1234 4658 Ἀετὸς
1271 4595 1519 4667 ἑσπέριος
1538 4598 1817 4655 ἐπιτέλλει.

349 4680 437 4734 Ἐν
461 4681 518 4734 δὲ
543 4684 608 4752 τῇ
656 4680 733 4751 λβ¹
764 4683 1069 4755 Εὐκτήμονι
1113 4687 1432 4760 Ἀρκτοῦρος
1477 4689 1610 4760 ἑῷος
1644 4691 1819 4746 δύνει’

268 4773 631 4852 ἐπισημαίνει.
676 4775 945 4847 Καλίππῳ
995 4779 1024 4831 ό
1070 4779 1280 4851 Ταῦρος
1304 4780 1457 4852 λήγει
1497 4784 1820 4841 ἀνατέλλων.

265 4851 576 4933 Εὐκτήμονι
621 4863 806 4929 Ὑάδες
833 4864 1080 4937 ἑσπέριαι
1116 4851 1501 4937 ἐπιτέλλουσιν,
1526 4874 1825 4946 ἐπισημαί-

266 4970 437 5008 νουσι.

339 5042 477 5107 Τοὺς
490 5042 546 5096 δὲ
561 5043 821 5114 Διδύμους
833 5045 1016 5116 όῆλιος
1026 5046 1395 5120 διαπορεύεται
1408 5054 1464 5104 ἐν
1480 5052 1709 5124 ήμεραις
1724 5055 1819 5125 λβ’.

348 5135 436 5188 Ἐν
467 5134 564 5205 μέν
606 5131 699 5191 οὖν
723 5140 789 5208 τῇ
835 5139 877 5207 β’
903 5138 1172 5209 Καλίππῳ
1220 5143 1269 5194 οἱ
1314 5142 1532 5213 Δίδυμοι
1570 5146 1823 5216 ἄρχονται

270 5227 564 5281 ἐπιτέλλειν
583 5246 595 5258 ·
631 5229 798 5283 νοτία.

350 5321 438 5372 Ἐν
463 5321 519 5375 δὲ
546 5323 611 5393 τῇ
642 5328 684 5375 ε’
715 5321 928 5393 Εὐδόξῳ
973 5324 1159 5389 Ὑάδες
1187 5324 1316 5397 ἐῷαι
1349 5327 1730 5385 ἐπιτέλλουσιν.

350 5413 438 5464 Ἐν
462 5412 520 5465 δὲ
551 5415 616 5485 τῇ
650 5411 692 5476 ζ’
723 5414 933 5486 Εὐδόξῳ
977 5416 1154 5481 Ἀετὸς
1200 5417 1494 5490 ἀκρόνυχος
1536 5424 1819 5478 ἐπιτέλλει.

353 5503 438 5556 Ἐν
463 5504 519 5558 δὲ
548 5508 613 5576 τῇ
649 5513 679 5559 ι’
700 5507 1021 5578 Δημοκρίτῳ
1047 5507 1187 5579 ὕδωρ
1218 5509 1447 5579 γίνεται.

350 5594 437 5646 Ἐν
471 5592 530 5646 δὲ
560 5597 626 5664 τῇ
662 5594 732 5662 ιγ’
754 5593 965 5666 Εὐδόξῳ
1003 5596 1325 5671 Ἀρκτοῦρος
1353 5599 1485 5667 ἑῷος
1519 5603 1661 5659 δύνει

294 5714 303 5743 l

370 5765 419 5801 τι
454 5786 541 5838 πρ.
568 5770 663 5823 καὶ
693 5769 821 5825 αὐτὸ
855 5771 1027 5843 Λύρα.

1914 1921 2029 1976 sole
2061 1922 2406 1989 ascendente,
2432 1930 2484 1978 et
2511 1938 2621 1977 non
2653 1933 2911 1994 apparent
2938 1938 3034 1993 per
3059 1930 3245 1978 noctes
3273 1921 3361 1976 40.

1985 2010 2082 2069 Die
2104 2013 2169 2067 21
2204 2012 2432 2071 Eudoxo
2457 2013 2672 2083 Hyades
2699 2016 2912 2086 vesperi
2942 2014 3214 2072 occidunt.

1985 2103 2082 2160 Die
2118 2105 2189 2160 25
2223 2105 2538 2162 Euctemoni
2571 2106 2787 2177 Hyades
2811 2110 3170 2174 occultantur,
3193 2119 3246 2166 et
3260 2102 3474 2183 grando

1917 2204 2042 2268 post
2068 2197 2302 2261 exsistit,
2327 2205 2382 2253 et
2406 2197 2497 2251 llat
2522 2198 2814 2270 zephyrus.
2843 2198 3066 2269 Calippo
3098 2198 3261 2255 Libra
3291 2201 3477 2272 incipit

1914 2290 2185 2354 occidere,
2210 2290 2411 2360 passim
2445 2291 2657 2346 exsistit
2684 2298 2751 2370 et.
2767 2290 2990 2362 grando.

1987 2384 2084 2438 Die
2106 2383 2177 2436 27
2201 2382 2424 2439 Eudoxo
2450 2382 2590 2455 Lyra
2621 2384 2829 2454 vesperi
2864 2385 3058 2440 oritur.

1988 2473 2224 2530 Taurum
2260 2476 2341 2531 sol
2366 2486 2616 2546 peragrat
2642 2475 2834 2532 diebus
2858 2477 2948 2532 52.

1986 2565 2081 2622 Die
2112 2567 2138 2621 1
2183 2566 2407 2623 Eudoxo
2438 2566 2602 2627 Orion
2631 2568 2844 2638 vesperi
2874 2568 3075 2624 occidit
3101 2612 3115 2637 ,
3149 2569 3206 2624 lit
3242 2571 3422 2641 pluvia
3455 2590 3470 2625 :

1918 2660 2141 2731 Calippo
2178 2659 2335 2715 Aries
2376 2659 2577 2715 desinit
2620 2660 2752 2716 oriri
2786 2677 2801 2725 ;
2840 2660 2897 2714 lit
2941 2662 3140 2730 pluvia,
3180 2670 3233 2717 et
3273 2665 3475 2732 passim

1920 2755 2147 2826 grando.

1993 2847 2089 2903 Die
2131 2846 2166 2902 2
2213 2845 2535 2904 Euctemoni
2586 2848 2752 2904 Canis
2798 2850 3124 2915 occultatur,
3167 2858 3220 2904 et
3271 2849 3478 2920 grando

1922 2938 2139 2997 exsistit
2180 2958 2195 2995 :
2243 2939 2430 2995 eodem
2471 2939 2561 2995 die
2608 2938 2748 3010 Lyra
2795 2938 2973 2993 oritur
3020 2938 3262 2993 Eudoxo.
3311 2938 3478 2994 Canis
3583 2982 3589 2987 .

1925 3033 2137 3102 vesperi
2171 3031 2391 3096 occidit,
2425 3038 2480 3086 et
2513 3031 2574 3094 ﬁt
2598 3033 2801 3101 pluvia.
2839 3029 3065 3101 Calippo
3097 3030 3259 3086 Tauri
3304 3031 3478 3086 cauda

1923 3123 2117 3187 oritur,
2149 3123 2362 3179 exsistit
2391 3122 2708 3181 humiditas.

1992 3214 2089 3271 Die
2119 3215 2150 3268 7
2185 3214 2409 3271 Eudoxo
2442 3215 2657 3271 exsistit
2684 3217 2883 3286 pluvia.

1992 3304 2089 3362 Die
2116 3306 2151 3361 8
2182 3307 2501 3363 Euctemoni
2529 3305 2706 3378 Capra
2738 3322 2897 3363 mane
2927 3314 3140 3374 oritur;
3173 3306 3472 3373 serenitas;

1922 3398 2060 3469 pluit
2096 3406 2302 3456 austro.
3250 3386 3256 3392 ’

1996 3488 2090 3545 Die
2119 3488 2153 3544 9
2176 3488 2401 3545 Eudoxo
2428 3488 2601 3560 Capra
2632 3504 2790 3545 mane
2817 3489 3012 3545 oritur.

1993 3579 2091 3635 Die
2126 3579 2189 3634 11
2224 3578 2485 3650 Scorpius
2528 3580 2851 3645 matutinum
2885 3592 3140 3634 occasum
3178 3577 3356 3633 facere
3396 3577 3479 3633 iu-

1923 3671 2076 3744 cipit,
2110 3679 2164 3727 et
2187 3671 2370 3742 pluvia
2399 3672 2635 3728 exsistit.

1995 3764 2091 3820 Die
2146 3765 2211 3820 t5
2262 3763 2583 3820 Euctemoni
2636 3763 2815 3821 Pleias
2868 3764 3088 3830 oritur;
3140 3762 3347 3819 astatis
3394 3771 3479 3820 est

1923 3854 2159 3922 initium,
2192 3866 2246 3912 et
2282 3858 2569 3931 signiﬁcat.
2608 3856 2834 3928 Calippo
2888 3855 3051 3912 Tauri
3088 3864 3251 3927 caput
3284 3856 3477 3919 oritur,

1924 3948 2215 4020 signiﬁcat.

1996 4043 2092 4101 Die
2113 4043 2176 4098 2|
2212 4042 2437 4099 Eudoxo
2463 4043 2725 4114 Scorpius
2747 4049 2895 4099 totus
2934 4056 3093 4099 mane
3116 4041 3339 4097 occidit.

1993 4223 2088 4281 Die
2118 4223 2189 4281 22
2220 4224 2443 4281 Eudoxo
2474 4224 2719 4281 Pleiades
2753 4225 3026 4290 oriuntur,
3055 4231 3110 4279 et
3147 4220 3485 4294 signiﬁcauu

1993 4408 2090 4465 Die
2131 4409 2203 4465 25
2237 4407 2548 4463 Euctemoni
2578 4406 2771 4477 Aquila
2801 4405 3008 4475 vesperi
3033 4401 3250 4460 occidit.

1850 4523 1895 4577 ο
1992 4499 2088 4556 Die
2117 4502 2186 4555 50
2215 4500 2526 4556 Euctemoni
2559 4500 2767 4570 vesperi
2795 4501 2988 4554 oritur.

1996 4591 2089 4648 Die
2116 4592 2176 4647 5i
2208 4591 2525 4647 Euctemoni
2551 4590 2744 4661 Aquila
2781 4589 2990 4660 vesperi
3020 4586 3216 4643 oritur.

1995 4683 2087 4739 Die
2119 4684 2186 4739 52
2227 4684 2544 4739 Euctemoni
2574 4684 2842 4739 Arcturus
2872 4697 3031 4738 mane
3056 4680 3277 4743 occidit,
3309 4676 3479 4749 signi.

1925 4776 2067 4830 licat.
2095 4774 2320 4847 Calippo
2356 4774 2570 4831 Taurus
2594 4776 2795 4832 desinit
2816 4775 2970 4829 oriri.
2993 4771 3307 4828 Euctemoni
3333 4768 3477 4840 Hya-

1923 4870 2019 4923 des
2051 4869 2261 4938 vesperi
2293 4869 2563 4934 oriuntur,
2594 4868 2918 4941 signiﬁcant.

1994 5050 2252 5107 Geminos
2281 5052 2364 5108 sol
2403 5061 2642 5123 permeat
2671 5051 2862 5107 diebus
2895 5049 2983 5104 52.
3196 5124 3199 5127 Α

1994 5145 2090 5203 Die
2134 5147 2171 5201 2
2207 5146 2432 5219 Calippo
2483 5147 2695 5203 Gemini
2742 5146 3010 5218 incipiunt
3057 5143 3234 5212 oriri;
3265 5138 3477 5199 exsistit

1926 5240 2241 5295 humiditas.

1993 5334 2090 5390 Die
2117 5335 2150 5389 5
2180 5333 2404 5389 Eudoxo
2432 5332 2645 5405 Hyades
2675 5347 2833 5387 mane
2863 5331 3131 5387 oriuntur.

1991 5427 2088 5483 Die
2127 5428 2158 5480 7
2190 5426 2414 5481 Eudoxo
2439 5425 2632 5496 Aquila
2657 5424 2867 5494 vesperi
2903 5422 3100 5477 oritur.

1993 5518 2089 5574 Die
2118 5518 2183 5572 10
2210 5517 2519 5573 Democrito
2549 5530 2687 5585 aqua
2719 5516 2953 5572 exsistit.

1996 5609 2092 5667 Die
2118 5611 2185 5666 l5
2205 5608 2428 5667 Eudoxo
2457 5609 2722 5667 Arcturus
2755 5623 2912 5665 mane
2940 5607 3160 5665 occidit.
