3886 6268
258 288 365 347 881

1110 290 1483 349 PTOLEMEI
1519 292 1607 347 DE
1646 292 2106 351 APPARENTHS
2144 290 2655 348 INERRANTIUBL

3405 283 3516 341 889

337 407 441 472 κζ’.
467 409 608 481 ’Ὥρα
635 415 702 477 ιγ’
728 411 755 462 ό
771 409 1017 481 λαμπρὸς
1035 408 1130 462 τοῦ
1147 409 1333 464 Ἀετοῦ
1359 409 1678 482 κρύπτεταν
1699 411 1840 484 Προ-
1865 467 1867 473 η

2013 410 2103 465 27.
2139 410 2283 465 Hora
2322 426 2420 464 xm
2454 408 2632 464 lucida
2659 404 2870 475 Aquilae
2902 406 3228 462 occultatur.
3264 404 3512 475 Procyon

254 498 413 551 κύων
452 499 704 572 ἑσπέριος
726 499 1022 555 ἀνατέλλει.

336 597 445 662 κη’.
492 590 548 645 '0
568 594 625 644 ἐν
651 592 725 662 τῷ
754 593 1001 665 ἑπομένῳ
1017 590 1255 664 ὦμῳτού
1271 592 1512 663 Ἡνιόχου
1529 593 1661 664 ἑῷος
1675 592 1837 647 δύνει.

262 681 332 737 Ὅ
380 682 636 753 λαμπρὸς
680 683 773 735 τοῦ
826 683 999 738 νοτίου
1057 684 1256 754 Ἰχθύος
1304 684 1626 756 κρύπτεται.
1674 686 1842 751 Δίγυ-

253 772 442 835 exim;
471 772 760 843 χειμαίνει.
799 775 1011 827 Μέτωνι
1040 775 1408 843 ἐπισημαίνει.
1445 774 1709 846 Ὄμϐρος.

327 861 436 914 κθ¹.
498 863 758 933 Προκύων
790 867 1043 937 ἑσπέριος
1076 868 1375 923 ἀνατέλλει.
1401 867 1721 935 Αἰγυπτίοις
1748 866 1844 920 καὶ

254 953 483 1009 Μέτωνι
512 955 883 1026 ἐπισημαίνει.
925 959 1206 1031 Ἀκρασία.

327 1046 395 1098 λ’.
435 1047 579 1119 ’Ὠρᾳ
615 1048 675 1101 ιδ’
705 1051 733 1101 ό
773 1049 1025 1122 λαμπρὸς
1055 1051 1149 1105 τοῦ
1191 1050 1375 1105 Ἀετοῦ
1401 1052 1649 1123 ἑσπέριος
1672 1052 1837 1109 δύνει.

254 1138 587 1204 Αἰγυπτίοις
607 1138 718 1209 λίψ,
752 1140 848 1193 καὶ
879 1140 1119 1213 ἀκρασία
1144 1142 1318 1214 ἀέρος.

648 1273 789 1344 Μὴν
827 1275 1200 1344 Ἰανουάριος,
1234 1276 1272 1345 ἢ
1309 1275 1465 1330 Τυϐί.

332 1416 407 1466 α’.
437 1410 581 1482 Ὦρα
622 1410 680 1464 ιδ’
734 1411 895 1466 Κύων
955 1412 1204 1484 ἑσπέριος
1231 1411 1527 1466 ἀνατέλλει.
1583 1410 1844 1483 Προκύων

256 1495 523 1578 ἑσπέριος
552 1507 852 1562 ἀνατέλλει.
881 1508 1204 1579 Δημοκρίτῳ
1244 1506 1449 1579 χειμὼν
1470 1507 1843 1578 ἑπίσημαίνει.

278 1752 285 1759 ,
340 1692 407 1764 β’.
444 1691 504 1743 Ὀ
554 1690 647 1742 ἐπὶ
705 1688 804 1758 τῆς
855 1686 1097 1757 κεφαλῆς
1136 1685 1232 1740 τοῦ
1279 1685 1580 1757 ἡγουμένου
1614 1687 1843 1759 Διδύμου

260 1785 408 1855 ἑῷος
430 1783 599 1835 δύνει.
640 1779 873 1849 Δοσιθέῳ
891 1777 1178 1848 χεξιμαίνει.

334 1883 411 1946 γ’.
452 1877 511 1928 ὐ
561 1872 811 1944 λαμπρδς
871 1871 964 1925 τοῦ
1041 1871 1225 1924 ’Λετοῦ
1251 1870 1540 1925 ἐπιτέλλει.
1588 1870 1849 1944 Προκύων

255 1970 524 2041 ἑσπέριος
554 1964 852 2021 ἀνατέλλει.
876 1966 1135 2036 Φιλήμονι
1161 1964 1529 2036 ἐπισημαίνει.

336 2061 400 2115 δ’.
430 2061 572 2133 Ὥρα
599 2066 664 2128 ιγ’
692 2061 720 2111 ό
743 2058 992 2128 λαμπρὸς
1006 2057 1098 2111 τοῦ
1125 2056 1373 2129 Ὄρνιθος
1400 2056 1531 2127 ἑῷος
1549 2055 1845 2110 ἀνατέλλει.

273 2151 338 2205 '0
365 2151 455 2203 ἐπὶ
480 2150 580 2221 τῆς
608 2147 852 2218 κεφαλῆς
893 2147 986 2200 τοῦ
1032 2147 1297 2216 ἑπομένου
1328 2145 1559 2217 Διδύμου
1601 2144 1733 2216 ἑῷος
1760 2145 1850 2198 δύ-

258 2261 374 2298 νει.
415 2242 474 2296 ’1)
502 2241 753 2313 λαμπρὸς
771 2240 862 2294 τοῦ
903 2239 1086 2293 Ἀετοῢ
1125 2239 1379 2313 ἑσπέριος
1417 2239 1582 2292 δύνει.
1631 2240 1687 2292 '0
1711 2239 1849 2307 λαμ-

260 2333 409 2406 πρὸς
442 2331 534 2385 τοῦ
566 2332 740 2385 νοτίου
783 2328 984 2401 Ἰχθύος
1016 2329 1335 2400 κρύπτεται.
1386 2329 1705 2397 Αἰγυπτίοις
1733 2345 1845 2400 χει-

260 2423 437 2495 μάζει
466 2421 606 2478 κατὰ
637 2422 929 2475 θάλασσαν.
976 2421 1282 2492 Εὐκτήμονι
1318 2420 1680 2490 ἐπιχειμάζει.

343 2609 406 2658 ε’.
442 2604 582 2676 Ὥρα
614 2603 672 2656 ιδ’
702 2603 835 2656 όὲπὶ
854 2601 952 2672 τῆς
986 2601 1227 2672 κεφαλῆς
1242 2599 1335 2653 τοῦ
1360 2601 1662 2672 ἡγουμένου
1691 2600 1847 2657 Διδύσ-

262 2713 377 2768 μου
400 2695 534 2766 ἑῷος
551 2695 714 2750 δύνει..

342 2793 419 2851 ς’.
454 2786 595 2858 Ὥρα
620 2793 687 2855 ιγ’
717 2789 744 2840 6
772 2786 914 2841 κατὰ
944 2787 1005 2841 τὸ
1024 2788 1150 2855 γόνυ
1175 2787 1267 2840 τοῦ
1298 2786 1526 2853 Τοξότου
1556 2786 1844 2840 ἐπιτέλλει.

263 2877 434 2932 Κύων
467 2878 719 2951 ἑσπέριος
749 2878 915 2933 δύνει.

341 2970 580 3053 ξαίὨρᾳ
605 2976 666 3023 ιε’
698 2973 726 3024 6
759 2970 1009 3042 λαμπρὸς
1037 2969 1128 3023 τοῦ
1158 2969 1339 3025 Ἀετοῦ
1384 2972 1638 3044 ἑσπέριος
1678 2972 1842 3026 δύνει.

273 3063 664 3145 Ἐπισημαίνει
698 3063 772 3126 ὠς
810 3062 1065 3135 Δοσιθέῳ,

336 3164 412 3230 η’.
446 3159 585 3229 ’Ὠρξι
622 3157 679 3210 ιδ’
707 3160 734 3210 6
760 3158 850 3210 ἐπὶ
870 3156 969 3227 τῆς
1009 3155 1253 3226 κεφαλῆς
1285 3156 1378 3211 τοῦ
1420 3157 1724 3228 ἡγουμένου
1761 3158 1850 3209 Δι-

262 3249 438 3320 δύμου
475 3247 610 3318 ἑῷος
658 3247 823 3311 δύνει,
855 3248 949 3301 καὶ
981 3249 1008 3302 6
1035 3248 1289 3319 λαμπρὸς
1317 3248 1412 3303 τοῦ
1434 3249 1609 3302 νοτίου
1652 3247 1852 3318 Ἰχθύος

264 3341 595 3413 κρύπτεται.
624 3340 942 3409 Αἰγυπτίοις
968 3341 1147 3412 πυκνὴ
1172 3341 1522 3405 κατάστασις.

339 3429 407 3484 θ’.
439 3431 581 3503 Ὥρα
613 3431 672 3484 ιδ’
721 3433 748 3484 ὁ
780 3430 1026 3502 λαμπρὸς
1051 3432 1150 3502 τῆς
1180 3432 1364 3504 Λύρας
1398 3433 1652 3504 ἑσπέριος
1683 3432 1849 3486 δύνειο

264 3525 297 3575 6
326 3523 578 3595 λαμπρδς
598 3523 696 3577 τού
734 3522 918 3577 Ἀετοῦ
946 3524 1192 3595 ἑσπέριος
1212 3523 1375 3577 δύνει.
1405 3524 1721 3591 Αἰγυπτίοις
1734 3526 1855 3578 ἑπι-

274 3614 549 3684 σημαίνει.
607 3614 933 3687 Δημοκρίτῳ
982 3614 1131 3679 νότος
1177 3615 1251 3680 ὡς
1301 3616 1370 3670 τὰ
1407 3615 1595 3675 πολλά.

340 3712 394 3760 ι’.
426 3695 860 3776 Κύιι›ν’έσπέριος
885 3704 1163 3758 ἀνατέλλει
1186 3703 1302 3775 ὥρᾳ
1330 3709 1381 3761 ι’.

342 3804 431 3853 ια’.
474 3798 617 3869 ’Ὡρςι
647 3804 707 3851 ιε’
742 3801 771 3851 6
797 3798 889 3850 ἐπὶ
910 3798 1006 3867 τῆς
1034 3796 1276 3869 κεφαλῆς
1313 3795 1406 3850 τοῦ
1431 3795 1735 3869 ἡγουμένου
1764 3797 1851 3848 Δι-

265 3889 437 3962 δύμου
465 3889 598 3959 ἑῷος
626 3889 791 3943 δύνει.

342 3980 431 4052 ιβ’.
468 3982 609 4053 Ὥρα
645 3981 705 4035 ιδ’
731 3981 760 4033 6
785 3980 927 4035 κατὰ
957 3981 1019 4033 τὸ
1044 3982 1174 4050 γόνυ
1188 3979 1283 4035 τοῦ
1298 3979 1524 4047 Τοξότου
1558 3979 1847 4036 ἐπιτέλλει.

282 4072 582 4145 Ἱππάρχῳ,
614 4072 827 4142 Εὐδόξῳ
850 4091 932 4147 χει
941 4073 1142 4144 μαίνει.

341 4172 432 4235 ιγ’.
464 4165 606 4237 Ὦρα
643 4164 703 4217 ιδ’
724 4166 752 4216 6
779 4164 1029 4236 λαμπρὸς
1044 4164 1138 4217 τοῦ
1172 4163 1347 4217 νοτίου
1373 4164 1574 4235 ’ἰχθύος
1609 4164 1849 4235 κρύπτε-

267 4275 375 4312 ται.
410 4258 555 4329 ’Ὠρᾳ
583 4264 640 4310 ιε’
669 4259 696 4311 ό
739 4256 965 4328 ἔσχατος
1008 4255 1100 4310 τοῦ
1138 4254 1390 4326 Ποταμοῦ
1421 4257 1672 4327 ἑσπέριος
1720 4257 1851 4309 ἀνα-

266 4349 532 4404 τέλλεται.
578 4348 891 4416 Αἰγυπτίοις
919 4348 1068 4411 νότος
1100 4346 1133 4418 ἢ
1165 4347 1396 4419 ζέφυρος
1417 4364 1430 4377 ·
1456 4347 1725 4423 χειμαίνει
1754 4348 1849 4401 καὶ

268 4443 413 4498 κατά
437 4443 539 4510 γῆν
564 4443 659 4496 καὶ
687 4441 829 4494 κατὰ
862 4440 1161 4496 θάλασσαν.

341 4533 401 4589 ιδ’
407 4575 424 4591 .
457 4536 599 4606 Ὥρα
627 4540 685 4587 ιε’
715 4536 743 4588 6
773 4534 866 4588 ἐπὶ
892 4533 991 4604 τῆς
1005 4531 1247 4604 κεφαλῆς
1278 4531 1373 4587 τοῦ
1404 4533 1668 4605 ἑπομένου
1697 4531 1848 4586 Διδύ-

275 4646 376 4699 μου
431 4627 595 4681 δύνει.
656 4626 715 4679 Ὀ
745 4625 994 4699 λαμπρὸς
1038 4624 1133 4678 τοῦ
1190 4625 1476 4698 ’Υδροχόου
1517 4626 1649 4698 ἑῷος
1682 4627 1846 4682 δύνει.

271 4720 431 4775 Κύων
462 4722 715 4793 ἑσπέριος
757 4717 1055 4776 ἀνατέλλει.
1100 4719 1414 4788 Αἰγυπτίοις
1462 4721 1611 4784 νότος
1649 4720 1850 4794 σφόδρα

270 4817 366 4871 καὶ
384 4815 559 4879 ὑετός.

341 4916 426 4964 ιε’.
454 4910 627 4974 Νότος
663 4908 855 4973 πολὺς,
903 4909 997 4962 καὶ
1018 4907 1368 4981 ἐπισημαίνει
1405 4907 1550 4965 κατὰ.
1578 4908 1849 4965 θάλασσαν

274 5001 471 5075 βροντὴ
498 5004 592 5057 καὶ
615 5003 816 5074 eam;

346 5103 448 5161 ις’.
480 5097 622 5169 Ὥρα
661 5104 721 5149 ιε’
745 5097 773 5150 6
804 5094 1160 5168 λαμπρὸςτοῦ
1198 5093 1480 5167 ’Υδροχόου
1498 5094 1632 5164 ἑῷος
1672 5094 1849 5148 δύνειε

273 5191 368 5243 καὶ
396 5191 425 5242 ὁ
455 5190 548 5243 ἐπὶ
576 5189 677 5260 τῆς
714 5187 1087 5259 κεφαλῆς¹τοῦ
1117 5188 1419 5260 ἡγουμένου
1447 5186 1681 5257 Διδύμου
1715 5185 1848 5256 ἑῷος

273 5281 440 5337 δύνει.
467 5281 680 5354 Εὐδόξῳ
695 5281 848 5346 νότος
876 5282 1245 5353 ἐπισημαίνει·
1278 5281 1499 5352 ἀνέμων
1516 5280 1734 5347 ἀταξία.

350 5460 437 5527 ιζ’.
460 5465 605 5538 Ὠρᾳ
631 5471 699 5536 ιγ’
713 5462 824 5538 [ιδ’]
839 5468 868 5520 6
893 5464 1140 5537 λαμπρὸς
1171 5462 1265 5517 τοῦ
1295 5463 1466 5517 νοτίου
1494 5462 1697 5535 ’ἰχθύος
1718 5466 1849 5538 κρύ-

184 5605 196 5618 ,
273 5571 492 5610 πτεται.

349 5653 442 5721 ιη’.
466 5647 608 5721 Ἤρᾳ
648 5646 707 5702 ιδ’
733 5650 760 5701 6
792 5647 1039 5720 λαμπρὸς
1065 5646 1166 5717 τῆς
1189 5645 1373 5719 Δύρας
1393 5647 1643 5719 ἑσπέριος
1679 5647 1843 5705 δύνει.

288 5739 349 5797 '0
371 5740 434 5797 έν
460 5738 541 5816 τῷ
566 5738 751 5811 γόνατι
789 5739 883 5796 τοῦ
907 5739 1133 5809 Τοξότου
1166 5740 1418 5814 ἑσπέριος
1453 5738 1615 5797 δύνει.

1940 508 2286 574 vespertinus
2313 503 2507 557 oritur.

2009 595 2102 651 28.
2135 597 2267 663 Quae
2294 602 2377 649 est
2405 595 2460 648 in
2495 593 2818 650 succedente
2839 594 3054 663 Aurigae
3080 592 3308 646 humero
3330 595 3512 644 metu.-

1943 688 2058 743 tina
2085 686 2196 760 46
2222 686 2440 742 occidit.
2474 685 2768 758 Splendida
2802 684 2978 742 Piscis
3007 684 3263 739 australis
3281 683 3518 738 occulta-

1943 788 2054 835 tur.
2080 771 2596 850 Egyptiis'hiemat.
2631 777 2832 834 Metoni
2864 776 3154 847 signiﬁcat.
3186 774 3383 831 Imber.

2012 871 2103 929 29.
2143 871 2389 944 Procyon
2415 871 2763 941 vespertinus
2787 870 2988 924 oritur.
3024 865 3295 939 Egyptiis
3323 877 3378 923 et
3404 867 3516 923 Me—

1943 965 2054 1018 toni
2085 963 2375 1034 signiﬁcat.
2404 961 2778 1031 Intemperies.

2015 1038 2113 1110 5οῘ
2137 1055 2278 1108 Hora
2314 1071 2403 1108 xw
2440 1053 2724 1123 splendida
2772 1051 2984 1122 Aquilae
3022 1048 3334 1119 vespertina
3367 1050 3518 1104 occi-

1942 1145 2046 1202 dit.
2074 1145 2349 1218 Aigyptiis
2371 1144 2599 1211 africus,
2622 1152 2676 1198 et
2707 1143 2852 1219 aeris
2883 1142 3257 1212 intemperies.

2422 1275 2743 1340 Ianuarius,
2776 1275 2853 1329 vel
2889 1272 3039 1345 Tybi.

2019 1412 2071 1467 1.
2104 1409 2249 1464 Hora
2285 1425 2377 1465 xw
2423 1408 2593 1463 Canis
2631 1407 2977 1479 vespertinus
3030 1406 3229 1460 oritur.
3269 1403 3518 1474 Procyon

1944 1503 2290 1574 vespertinus
2353 1503 2547 1559 oritur.
2615 1498 2926 1557 Democrito
2993 1504 3290 1569 tempestas
3347 1497 3518 1567 signi-

1949 1594 2094 1651 ﬁcat.

2015 1685 2071 1740 2.
2109 1684 2239 1751 Qum
2298 1692 2383 1739 est
2417 1683 2472 1739 in
2534 1682 2709 1752 capite
2761 1678 3117 1752 praecedentis
3169 1675 3520 1734 Geminorum

1880 1761 1922 1817 Β
1953 1778 2218 1831 matutino
2242 1776 2463 1831 occidit.
2498 1774 2754 1829 Dositheo
2786 1773 3008 1828 hiemat.

2018 1869 2074 1924 5.
2111 1868 2315 1925 Lucida
2369 1867 2577 1937 Aquilae
2635 1868 2832 1921 oritur.
2878 1863 3127 1937 Procyon
3180 1861 3521 1932 vespertinus

1950 1963 2146 2018 oritur.
2180 1960 2481 2016 Philemoni
2511 1959 2804 2030 significat.

2022 2055 2075 2110 4.
2108 2053 2253 2109 liora
2280 2068 2379 2108 xm
2409 2051 2590 2106 lucida
2632 2050 2804 2123 Cygni
2848 2048 3122 2104 matutino
3149 2047 3344 2102 oritur.
3392 2046 3524 2112 Quae

1950 2154 2033 2202 est
2054 2146 2110 2201 in
2143 2146 2320 2215 capite
2349 2144 2694 2201 succedentis
2739 2142 3092 2197 Geminorum
3129 2138 3393 2194 matutino
3424 2153 3517 2192 oc-

1950 2238 2104 2292 cidit.
2153 2236 2356 2292 Lucida
2396 2235 2608 2305 Aquilre
2643 2249 2869 2305 vespere
2921 2231 3141 2287 occidit.
3180 2230 3385 2291 Lucida
3427 2245 3525 2284 au-

1951 2330 2134 2387 Stralis
2165 2329 2340 2385 Piscis
2361 2328 2692 2384 occultatur.
2738 2326 3012 2398 [Egyptiis
3047 2332 3343 2394 tempestas
3382 2322 3440 2377 ﬁt
3471 2324 3524 2376 in

1949 2423 2110 2479 mari.
2166 2420 2487 2478 Euctemoni
2534 2428 2828 2491 tempestas
2866 2423 2971 2476 sub
3008 2427 3218 2487 tempus
3259 2423 3525 2471 statutum

1947 2515 2144 2569 oritur.

2017 2607 2073 2661 5.
2106 2606 2250 2661 Hora
2282 2622 2373 2661 xw
2397 2623 2516 2678 quae
2544 2608 2600 2662 in
2633 2606 2811 2676 capite
2832 2612 2916 2661 est
2948 2602 3303 2675 prazcedentis
3347 2601 3526 2656 Gemi-

1950 2714 2146 2754 norum
2180 2700 2445 2754 matutina
2470 2699 2669 2753 oritur.
2708 2709 2714 2719 ‘

2019 2790 2072 2845 6.
2121 2789 2267 2844 Hora
2295 2806 2394 2845 xm
2424 2805 2547 2862 quae
2596 2790 2662 2843 ad
2693 2804 2833 2860 genu
2878 2786 3162 2865 sagittarii
3199 2792 3290 2842 est
3329 2785 3521 2840 oritur.

1950 2881 2116 2937 Canis
2148 2883 2498 2951 vespertinus
2526 2880 2750 2935 occidit.

2017 2975 2069 3028 7.
2104 2972 2249 3029 Hora
2280 2991 2350 3029 xv
2377 2974 2557 3028 lucida
2594 2973 2804 3044 Aquilae
2837 2985 3061 3043 vespere
3084 2969 3308 3025 occidit.
3343 2966 3527 3037 Signi-

1874 3098 1922 3159 ς
1956 3066 2260 3159 ﬁcationem
2304 3068 2467 3123 habet
2500 3066 2779 3123 Dositheo.

2022 3158 2079 3215 8.
2116 3157 2263 3213 liora
2295 3174 2385 3214 xw
2407 3175 2527 3230 quae
2550 3160 2606 3213 in
2637 3158 2815 3229 capite
2838 3164 2924 3212 est
2947 3147 3331 3211 antecedentis
3346 3152 3528 3207 Gemi-

1952 3265 2150 3307 norum
2180 3267 2339 3308 mane
2375 3251 2598 3315 occidit,
2639 3249 2822 3305 lucida
2878 3248 3020 3305 notii
3063 3246 3241 3303 Piscis
3285 3245 3517 3300 occulta-

1951 3351 2063 3399 tur.
2096 3343 2371 3415 A‘Igyptiis
2403 3344 2665 3398 densatur
2690 3356 2801 3396 aer.

2023 3435 2075 3490 9.
2102 3435 2244 3490 Hora
2272 3452 2366 3491 xw
2395 3435 2572 3490 lucida
2609 3433 2767 3505 Lyrze
2798 3448 3027 3504 vespere
3068 3429 3295 3487 occidit.
3321 3428 3527 3483 Lucida

1954 3529 2164 3599 Aquilae
2191 3544 2417 3599 vespere
2447 3528 2670 3582 occidit.
2696 3525 2968 3598 :Egyptiis
3007 3522 3298 3597 signiﬁcat.
3331 3522 3528 3579 Demo-

1954 3623 2093 3678 crito
2117 3634 2302 3677 auster
2332 3631 2389 3676 ut
2420 3621 2737 3690 plurimum.

2025 3715 2110 3769 10.
2147 3714 2314 3769 Canis
2343 3728 2568 3784 vespere
2595 3715 2772 3767 oritur
2811 3711 2944 3766 hora
2981 3727 3035 3766 ι.

2021 3809 2109 3862 11.
2142 3806 2289 3863 Hora
2326 3823 2394 3863 xv
2427 3820 2549 3876 quae
2578 3815 2664 3862 est
2709 3805 2764 3860 in
2803 3803 2980 3875 capite
3021 3798 3393 3857 an'ecedentis
3420 3798 3526 3855 Ge-

1952 3899 2085 3955 mini
2118 3915 2279 3954 mane
2297 3899 2517 3954 occidit.

2032 3992 2119 4047 12.
2144 3992 2289 4048 liora
2322 4007 2413 4047 xw
2441 4007 2561 4062 quae
2600 3998 2685 4045 est
2729 3990 2783 4044 in
2811 4004 2954 4061 genu
2998 3984 3277 4058 Sagittarii
3326 3985 3523 4040 oritur.

1952 4083 2263 4155 Hipparcho
2294 4092 2349 4137 et
2372 4082 2596 4137 Eudoxo
2624 4083 2846 4136 hiemat.

2022 4177 2111 4231 15.
2144 4174 2288 4230 Hora
2319 4191 2407 4229 xw
2439 4172 2720 4245 splendida
2750 4171 2925 4227 Piscis
2954 4167 3211 4225 australis
3244 4162 3528 4220 abscondi-

1952 4278 2060 4325 tur.
2101 4269 2245 4325 Hora
2267 4285 2336 4325 xv
2362 4279 2634 4341 postrema
2667 4267 2837 4322 Fluvii
2878 4280 3105 4336 vespere
3139 4263 3336 4325 oritur.
3359 4258 3525 4330 (Egy—

1951 4364 2080 4432 ptiis
2108 4370 2294 4417 auster
2315 4362 2400 4416 vel
2433 4361 2703 4432 zephyros
2732 4377 2748 4426 ;
2803 4366 3097 4430 tempestas
3144 4355 3344 4411 accidit
3382 4363 3526 4407 terra

1879 4459 1923 4515 D
1952 4455 2217 4524 marique.

2025 4548 2114 4601 M.
2153 4545 2298 4602 Hora
2333 4562 2403 4601 xv
2429 4560 2551 4615 quae
2583 4550 2668 4599 est
2698 4543 2754 4597 in
2804 4542 2985 4612 capite
3023 4537 3369 4597 succedentis
3417 4534 3526 4590 Ge-

1950 4636 2227 4690 minorum
2282 4635 2505 4690 occidit.
2552 4633 2758 4699 Lucida
2806 4631 3033 4703 Aquarii
3085 4644 3243 4685 mane
3304 4626 3523 4682 occidit.

1948 4727 2116 4783 Canis
2149 4727 2497 4798 vespertinus
2538 4728 2738 4783 oritur.
2782 4723 3057 4797 Egyptiis
3090 4721 3385 4778 vehemens
3429 4731 3528 4773 au-

1949 4830 2063 4874 ster
2094 4834 2218 4873 cum
2247 4819 2448 4889 pluvia.

2017 4913 2106 4968 15.
2139 4912 2336 4968 Auster
2374 4915 2585 4985 ingens,
2638 4919 2692 4967 et
2719 4909 2995 4983 significat
3036 4910 3090 4964 in
3122 4908 3257 4964 mari
3293 4907 3523 4971 tonitru,

1947 5011 2000 5058 et
2029 5004 2242 5059 stillans
2271 5005 2476 5081 pluvia.

2023 5095 2109 5151 16.
2146 5055 2298 5152 Hora
2327 5074 2399 5152 xv
2436 5093 2616 5150 lucida
2650 5093 2875 5163 Aquarii
2905 5108 3065 5147 mane
3106 5055 3324 5146 ocadit.
3393 5088 3524 5154 Quae

1948 5187 2002 5243 in
2026 5188 2206 5256 capite
2246 5187 2602 5257 praacedentis
2648 5194 2733 5241 est
2781 5183 3133 5239 Geminorum
3186 5195 3343 5236 mane
3384 5182 3525 5234 oeci.

1947 5281 2047 5337 dit.
2111 5279 2334 5334 Eudoxo
2391 5286 2580 5334 auster
2638 5276 2945 5347 significat:
3000 5283 3282 5331 ventorum
3332 5271 3525 5327 incon.

1948 5375 2175 5434 stantia.

2019 5467 2114 5524 17.
2143 5464 2287 5520 Hora
2315 5478 2407 5519 xw
2440 5462 2619 5519 lucida
2642 5464 2779 5519 notii
2805 5461 2983 5519 Pisczs
3008 5460 3385 5517 absconditur.

2025 5644 2111 5701 18.
2132 5641 2277 5698 Hora
2301 5657 2393 5696 xw
2438 5639 2620 5695 lucida
2652 5639 2809 5712 Lyra;
2856 5652 3083 5709 vespere
3118 5635 3341 5693 occidit.
3391 5630 3523 5703 Quae
3552 5686 3555 5687 ν

1955 5739 2010 5797 in
2036 5752 2182 5813 genu
2216 5732 2492 5807 Sagittarii
2528 5740 2611 5789 est
2638 5746 2864 5805 vespere
2885 5728 3115 5789 occidit.
