3886 6268
396 309 504 370 883

1383 311 1470 365 AD
1510 310 1776 368 EUSEBH
1812 311 2210 372 CHHONICON
2250 314 2617 373 APPENDIX.

3561 317 3660 374 88-5

474 427 557 483 19.
589 425 788 480 Lucida
817 427 1041 495 Aquarii
1075 441 1230 480 mane
1260 425 1478 480 occidit.
1523 425 1836 497 Hipparcho
1868 442 1967 482 au-

2144 431 2230 486 t0’.
2282 433 2339 485 '0
2401 432 2652 503 λαμπρὸς
2674 431 2768 484 τοῦ
2820 431 3105 502 ’Υδροχόου
3151 429 3281 500 ἑῷος
3333 429 3501 483 δύνει.
3558 433 3660 488 Ἱπ-

401 529 536 582 ster,
558 519 642 577 vel
666 517 862 572 boreas
896 526 1277 588 tempestatem
1311 517 1462 572 facit.

469 609 558 663 21).
603 608 874 679 Εςγριίἰε
923 610 1186 664 hibernus
1216 623 1329 664 aer.

467 700 560 754 21.
597 700 802 756 Lucida
849 703 1078 771 Aquarii
1108 717 1265 757 mane
1297 701 1517 756 occidit.
1549 700 1692 754 Hora
1749 717 1818 755 xv
1855 717 1976 771 qua:

395 812 448 850 ιιι
489 794 656 848 corde
682 793 880 850 Leonis
899 800 984 849 est
1013 809 1240 864 vespere
1269 793 1463 848 oritur.
1508 791 1816 862 Hipparcho
1845 792 1974 846 sub-

395 892 627 943 solantis
661 885 776 942 ﬂat.

461 981 553 1036 22.
585 981 716 1047 Qua:
747 980 803 1034 in
837 979 1003 1036 corde
1026 979 1225 1036 Leonis
1254 987 1336 1035 est
1372 993 1597 1048 vespere
1621 979 1818 1032 oritur.
1855 978 1974 1032 Ca:-

392 1073 502 1124 sari
549 1074 841 1129 vehemens
861 1081 1076 1129 ventus.

471 1167 562 1221 25.
601 1164 746 1220 Hora
790 1179 892 1218 xm
957 1161 1138 1218 lucida
1196 1161 1489 1232 Aquarii...
1542 1159 1852 1214 Metrodoro
1892 1158 1976 1211 in-

400 1269 658 1314 constans
699 1257 904 1328 pluvia.

469 1353 560 1408 24.
594 1350 738 1405 llora
765 1365 855 1403 IlV
881 1346 1061 1403 lucida
1093 1345 1318 1417 Aquarii
1353 1361 1576 1415 vespere
1590 1343 1786 1400 oritur.
1807 1341 1976 1414 [Egy-

400 1446 530 1515 ptiis
555 1443 842 1513 signiﬁcat.

472 1537 558 1591 25.
589 1536 732 1590 Hora
763 1551 852 1589 xiv
880 1533 1064 1590 lucida
1097 1532 1251 1604 Lyra:
1274 1546 1497 1603 vespere
1540 1529 1761 1586 occidit.
1809 1528 1976 1598 Egy-

402 1633 528 1701 ptiis
553 1629 845 1698 significat.

469 1721 557 1774 26.
590 1719 793 1775 Lucida
806 1719 1029 1790 Aquarii
1048 1733 1271 1788 vespere
1293 1716 1486 1772 oritur.
1512 1712 1780 1786 Egyptiis
1799 1712 1974 1766 hiems

401 1814 596 1868 media.

466 1907 556 1960 27.
588 1904 857 1976 Ᾱίςνριὶἱε
891 1919 1058 1960 eurus
1085 1903 1168 1958 vel
1200 1910 1382 1955 auster
1406 1898 1694 1969 signiﬁcat.

465 1999 557 2054 28.
622 1997 828 2054 Lucida
885 1996 1111 2068 Aquarii
1159 2010 1385 2065 vespere
1435 1992 1633 2047 oritur.
1701 1987 1970 2060 Egyptiis

399 2093 601 2164 pluvia.

466 2186 556 2241 29.
589 2185 899 2241 Democrito
932 2193 1244 2254 tempestas.

467 2277 555 2333 30.
588 2276 899 2349 Hipparcho
925 2275 1277 2330 subsolanus.

880 2388 1229 2452 Februarius,
1259 2385 1479 2440 Mechir.

470 2525 674 2594 LQuze
703 2526 771 2580 ad
801 2526 956 2596 'genu
1011 2531 1096 2578 est
1151 2521 1429 2592 Sagittarii
1484 2520 1682 2574 oritur.
1745 2516 1968 2572 Eudoxo

397 2621 605 2690 pluvia.

464 2713 519 2766 2.
554 2711 830 2783 Egyptiis
858 2717 1160 2779 tempestas
1199 2721 1418 2778 magna.

466 2808 520 2861 5.
562 2806 784 2866 Africus
808 2802 892 2858 vel
915 2810 1101 2857 auster
1131 2805 1562 2870 tempestuosus.

469 2898 520 2951 4.
559 2895 706 2951 Hora
735 2911 829 2950 xlv
867 2893 974 2966 4/2
1006 2891 1290 2964 splendida
1317 2889 1492 2962 Cygni
1529 2886 1844 2957 vespertino
1879 2899 1970 2939 oc-

395 2989 549 3046 cidit.
1091 3013 1095 3018 ·

469 3084 520 3138 5.
553 3083 696 3138 llora
725 3099 792 3137 xv
813 3079 1101 3152 splendida
1137 3076 1291 3148 Lyrae
1324 3088 1549 3145 vespere
1578 3072 1802 3127 occidit.
1834 3069 1966 3142 "ip.

397 3176 601 3245 parcho
631 3182 818 3229 auster
849 3173 937 3228 vel
969 3185 1191 3226 caurus.

465 3266 570 3339 (.7
606 3265 660 3320 6.
695 3263 840 3318 Hora
869 3261 1088 3318 xuii/2
1105 3277 1224 3333 qua:
1251 3261 1307 3316 in
1339 3258 1504 3316 corde
1519 3257 1717 3312 Leonis
1745 3265 1827 3312 est
1850 3270 1968 3310 ma-

397 3360 574 3412 tutino
605 3356 825 3413 occidit.

469 3453 520 3507 7.
554 3449 700 3506 Hora
735 3465 838 3505 xm
878 3448 982 3521 1/2
1011 3447 1266 3504 Canobus
1327 3446 1675 3516 veSpertinus
1705 3444 1899 3498 oritur.

466 3655 518 3710 8.
548 3653 696 3710 Hora
718 3670 790 3709 xv
819 3652 924 3724 1ί2
950 3668 1070 3725 quae
1112 3660 1197 3708 est
1228 3651 1283 3705 in
1306 3649 1478 3704 cauda
1501 3647 1699 3703 Leonis
1745 3661 1968 3716 vespere

395 3749 593 3804 oritur.

463 3843 516 3894 9.
549 3839 694 3896 Hora
724 3856 793 3894 xv
819 3853 940 3909 quae
971 3837 1038 3892 ad
1071 3852 1209 3907 genu
1229 3834 1508 3906 Sagittarii
1537 3841 1622 3888 est
1649 3832 1843 3886 oritur.
1866 3829 1970 3883 Eu-

394 3933 539 3987 doxo
566 3932 768 4002 pluvia.
787 3929 894 3985 Cor
926 3927 1120 3984 Leonis
1145 3941 1302 3980 mane
1331 3925 1550 3980 occidit.
1582 3923 1726 3978 Hora
1757 3940 1824 3977 xv
1844 3921 1938 3994 [xu
1947 3923 1964 3993 J

395 4041 516 4095 qum
543 4035 627 4080 est
676 4025 732 4078 in
763 4021 934 4078 cauda
965 4020 1164 4075 Leonis
1203 4033 1425 4088 vespere
1470 4018 1664 4071 ori:ur.
1696 4015 1967 4086 [Egyptiis

396 4118 663 4188 zephyrus
690 4115 775 4170 vel
805 4121 1008 4179 auster,
1048 4111 1330 4181 interjecta
1369 4110 1650 4181 grandine.

470 4297 556 4352 10.
591 4296 736 4352 Hora
768 4313 861 4351 xiv
905 4307 1002 4350 cor
1057 4291 1256 4349 Leonis
1295 4308 1454 4347 mane
1483 4289 1702 4346 occidit.
1747 4289 1967 4344 Eudoxo

395 4389 684 4456 serenitas,
714 4367 987 4444 interdum
1018 4397 1071 4444 et
1095 4387 1367 4443 favonius.

2077 520 2272 592 πάρχῳ
2305 523 2456 585 νότος
2497 523 2530 593 ἢ
2554 522 2748 592 βορέας
2779 522 3051 593 χειμάζει.

2144 619 2212 666 κ’.
2247 614 2562 682 Αἰγυπτίοις
2594 615 2869 684 χειμέριος
2897 614 3023 684 ἀήρ.

2142 713 2248 761 κα’.
2283 706 2341 759 ’0
2361 706 2609 778 λαμπρὸς
2631 705 2723 760 τοῦ
2741 706 3024 778 ’Υδροχόου
3049 705 3180 776 ἑῷος
3196 706 3366 760 δύνει.
3399 707 3540 778 Ὥρα
3563 709 3662 762 ιε’ό

2076 797 2170 851 ἑπὶ
2203 799 2302 870 τῆς
2326 800 2552 872 καρδίας
2567 798 2662 852 τοῦ
2679 799 2904 862 Λέοντος
2933 798 3184 868 ἑσπέριος
3208 799 3513 852 ἀνατέλλει.
3554 797 3654 852 Ίπ-

2076 890 2272 962 πάρχῳ
2301 889 2618 963 ἀπηλιώτης
2644 894 2787 945 πνεῖ.

2147 980 2332 1050 κβ’.”0
2360 983 2451 1033 ἐπὶ
2484 981 2585 1051 τῆς
2618 981 2844 1052 καρδίας
2875 980 2970 1034 τοῦ
2994 982 3220 1046 Λέοντος
3243 981 3506 1053 ἑσπέριος
3532 981 3654 1036 ἀνα-

2074 1072 2271 1126 τέλλει.
2297 1074 2407 1127 Καὶ
2433 1075 2672 1142 Καίσαρι
2702 1076 2899 1146 ἄνεμος
2945 1075 3169 1148 σφόδρα.

2147 1169 2253 1233 κγ’.
2279 1165 2421 1236 Ὦρα
2467 1163 2533 1234 ιγ’
2553 1167 2582 1218 6
2611 1165 2862 1238 λαμπρὸς
2895 1165 2988 1221 τοῦ
3037 1166 3398 1239 Ὑδροχόου...
3455 1166 3654 1239 Μητρο-

2075 1255 2232 1327 δώρῳ
2253 1258 2628 1324 ἀκατάστατος
2660 1259 2883 1333 ὄμϐρος.

2148 1351 2246 1404 κδ’.
2283 1351 2425 1424 Ὦρα
2469 1353 2526 1406 ιδ’
2567 1356 2595 1407 6
2643 1353 2894 1427 λαμπρὸς
2925 1355 3020 1408 τοῦ
3073 1354 3363 1425 Ὑδροχόου
3410 1353 3652 1428 ἑσπέριος

2076 1440 2373 1496 ἀνατέλλει.
2406 1443 2723 1512 Αἰγυπτίοις
2769 1444 3138 1516 ἐπισημαίνει.

2149 1539 2245 1586 κε’.
2277 1533 2416 1606 Ὦρα
2451 1534 2510 1587 ιδ’
2533 1535 2560 1588 6
2581 1535 2831 1607 λαμπρὸς
2863 1537 2960 1606 τῆς
2988 1535 3170 1609 Δύρας
3199 1535 3462 1608 ἑσπέριος
3495 1535 3647 1593 δύνει.

2075 1625 2392 1693 Αἰγυπτίοις
2423 1627 2788 1699 ἐπισημαίνει.

2148 1722 2259 1780 κζ’.
2309 1715 2370 1769 '0
2391 1717 2643 1791 λαμπρὸς
2663 1719 2757 1772 τοῦ
2774 1720 3052 1792 ’Υδροχόου
3079 1720 3335 1793 ἑσπέριος
3362 1719 3645 1778 ἀνατέλλει.

2001 1790 2043 1844 Β
2074 1809 2391 1877 Αἰγυπτίοις
2413 1790 2619 1882 χειμὼν
2649 1812 2830 1883 μέσος.

2141 1901 2241 1967 κζ’.
2275 1903 2592 1972 Αἰγυπτίοις
2623 1901 2781 1976 εὖρος
2813 1905 2845 1976 ἢ
2881 1905 3030 1969 νότος
3062 1905 3336 1975 σημαίνει.

2143 1997 2247 2064 κη’.
2291 1993 2349 2045 '0
2380 1993 2630 2066 λαμπρὸς
2650 1995 2745 2048 τοῦ
2775 1995 3058 2067 ’Υδροχόου
3075 1995 3333 2068 ἑσπέριος
3362 1995 3646 2052 ἀνατέλλει.

2071 2086 2392 2155 Αἰγυπτίοις
2421 2087 2574 2140 ὐετία

2141 2176 2243 2231 κθ’.
2276 2178 2598 2250 Δημοκρίτῳ
2619 2177 2842 2251 χειμών.

2139 2269 2202 2324 λ’.
2240 2269 2519 2342 Ἱππάρχῳ
2557 2271 2894 2346 ἀπηλιώτης.

2453 2407 2512 2460 Μ
2519 2405 2593 2475 ὴν
2619 2407 3037 2479 Φεϐρουάριος,
3056 2411 3271 2479 Max/1).

2140 2548 2209 2595 α’.
2257 2541 2314 2595 Ὀ
2339 2540 2478 2594 κατά
2507 2542 2567 2595 τὸ
2597 2543 2723 2611 γόνυ
2746 2543 2840 2598 τοῦ
2871 2543 3099 2610 Τοξότου
3118 2544 3413 2598 ἐπιτέλλει.
3445 2542 3640 2616 Εὐδόξῳ

2071 2631 2246 2685 ύετία.

2143 2723 2207 2794 β’.
2237 2726 2554 2794 Αἰγυπτίοις
2583 2725 2790 2798 χειμὼν
2820 2727 3012 2799 μέγας.

2142 2822 2210 2884 γ’.
2235 2817 2342 2886 Λὶψ
2364 2817 2396 2888 ἢ
2431 2819 2580 2880 νότος
2601 2817 2790 2889 χειμού
2800 2835 2977 2889 μενος.

2135 2911 2198 2963 δ’.
2245 2911 2385 2982 Ὥρα
2435 2910 2561 2965 ιδ’5”
2609 2913 2637 2965 6
2681 2911 2933 2986 λαμπρὸς
2978 2912 3070 2966 τοῦ
3113 2914 3368 2987 Ὄρνιθος
3404 2916 3638 2989 ἑσπέριος

2071 3003 2204 3073 ἑῷος
2228 3002 2390 3057 δύνει.

2141 3103 2200 3151 ε’.
2234 3097 2376 3169 Ὦρα
2419 3096 2477 3151 ιε’
2507 3101 2534 3153 6
2568 3097 2818 3170 λαμπρὸς
2842 3098 2940 3171 τῆς
2969 3099 3151 3172 Λύρας
3175 3101 3433 3174 ἑσπέριος
3475 3103 3622 3158 δύνει.

2083 3187 2362 3258 Ἱππάρχῳ
2379 3188 2530 3252 νότος
2567 3189 2600 3259 ἢ
2629 3189 2927 3262 ἀργέστης.

2142 3283 2213 3342 ς’.
2251 3278 2393 3349 ’Ὠρα
2461 3275 2596 3346 ιγ’ὃη
2648 3281 2677 3332 6
2728 3280 2820 3332 ἐπὶ
2875 3283 2973 3352 τῆς
3026 3281 3254 3354 καρδίας
3293 3280 3388 3336 τοῦ
3422 3282 3635 3346 Λέοντος

2069 3370 2203 3441 ἑῷος
2234 3369 2400 3424 δύνει.

2139 3462 2202 3527 ζ’.
2250 3462 2390 3534 Ὥρα
2433 3460 2572 3532 ιγ’8”
2619 3465 2647 3516 ό
2695 3464 3025 3536 καλούμενος
3069 3466 3336 3532 Κάνωϐος
3391 3464 3624 3536 ἑσπέριος

2069 3553 2370 3608 ἀνατέλλει.

2142 3652 2210 3716 η’.
2244 3646 2384 3717 Ὥρα
2422 3643 2552 3701 te'S"
2578 3648 2607 3700 6
2636 3648 2728 3701 ἑπί.
2781 3649 2882 3720 τῆς
2911 3651 3079 3720 οὐρᾶς
3105 3648 3198 3704 τοῦ
3229 3650 3458 3714 Λέοντος
3482 3645 3624 3704 ean:-

2072 3755 2185 3808 ριος
2214 3737 2514 3793 ἀνατέλλει.

2141 3828 2204 3882 0'.
2239 3829 2381 3900 Ὦρα
2415 3836 2476 3882 ιε’
2514 3832 2542 3883 6
2574 3829 2715 3884 κατὰ
2745 3833 2805 3885 τὸ
2819 3832 2950 3902 γόνυ
2975 3832 3072 3886 τοῦ
3099 3831 3332 3900 Τοξότου
3357 3829 3614 3886 ἐπιτέλλει.

2071 3920 2280 3992 Εὐδόξῳ
2315 3921 2488 3976 ὑετία.
2531 3923 2590 3975 '0
2623 3924 2714 3977 ἑπὶ
2745 3926 2843 3996 τῆς
2869 3925 3096 3997 καρδίας
3138 3925 3232 3980 τοῦ
3260 3927 3483 3987 Λέοντος
3505 3921 3620 3992 ἑῷος

2068 4013 2230 4066 δύνει.
2264 4013 2404 4084 Ὥρα
2433 4013 2498 4084 ιβ’
2524 4016 2554 4066 6'
2576 4015 2667 4068 ἐπὶ
2691 4015 2793 4086 τῆς
2817 4016 2984 4087 οὐρᾶς
3015 4015 3108 4070 τοῦ
3139 4017 3368 4080 Λέοντος
3396 4013 3617 4084 ἑσπέριος

2069 4104 2370 4160 ἀνατέλλει.
2412 4108 2730 4177 Αἰγυπτίοις
2773 4108 3004 4182 ζέφυρος
3037 4109 3071 4181 ἦ
3113 4108 3287 4174 νότος,
3322 4107 3512 4180 μεταξὺ
3536 4105 3619 4177 χά-

2069 4197 2226 4261 λαζα.

2139 4296 2188 4341 ι’.
2222 4289 2364 4361 ’Ὥρα
2403 4291 2464 4344 ιδ’
2497 4293 2524 4344 ό
2559 4292 2648 4344 ἐπὶ
2678 4291 2777 4363 τῆς
2825 4291 3048 4365 καρδίας
3098 4291 3193 4345 τοῦ
3243 4291 3467 4354 Λέοντος
3500 4285 3616 4359 ὲῷος

2069 4378 2240 4433 δύνει.
2271 4379 2485 4452 Εὐδόξῳ
2516 4381 2684 4446 εὐδία,
2718 4382 2888 4435 ἐνίοτε
2923 4382 3014 4435 καὶ
3054 4379 3306 4452 ζέφυρος.

465 4481 552 4534 Η.
587 4479 731 4535 Hora
783 4497 876 4534 xiv
908 4496 1028 4550 qum
1075 4481 1130 4533 in
1178 4479 1351 4534 cauda
1385 4477 1584 4533 Leonis
1619 4483 1702 4531 est
1745 4489 1967 4543 vespere

2143 4472 2234 4526 ια’.
2257 4473 2396 4546 Ὥρα
2425 4474 2483 4526 ιδ’
2511 4475 2539 4525 6
2573 4475 2664 4526 ἐπὶ
2694 4477 2793 4545 τῆς
2821 4475 2986 4546 οὐρᾶς
3015 4473 3108 4526 τοῦ
3137 4473 3362 4535 Λέοντος
3393 4468 3614 4540 ἑσπέριος

392 4576 588 4629 oritur.
619 4573 765 4629 Hora
787 4591 858 4628 xv
891 4589 987 4628 cor
1013 4572 1209 4628 Leonis
1244 4589 1403 4627 mane
1435 4570 1656 4627 occidit.
1693 4568 1965 4639 [Egyptiis

391 4673 824 4735 tempestuosum
855 4665 1076 4727 caelum,
1103 4675 1156 4718 et
1182 4673 1466 4718 ventorum
1505 4662 1749 4732 pluviosa
1771 4661 1966 4714 intem-

388 4759 592 4814 neries.
622 4757 877 4812 Dositheo
898 4756 1166 4812 serenitas
1185 4763 1240 4811 et
1271 4755 1540 4810 favonius.

467 4935 552 4990 l2.
584 4935 727 4991 Hora
753 4953 844 4991 xlv
873 4935 1152 5006 splendida
1171 4934 1341 5006 Cygni
1377 4935 1682 5002 vespertina
1705 4933 1924 4988 occidit.

463 5092 551 5172 t5.
591 5077 836 5172 Hora‘xv
864 5125 1137 5187 postrema
1163 5114 1336 5169 Fluvii
1364 5115 1738 5170 absconditur.
1773 5112 1968 5182 Splen-

393 5207 520 5262 dida
555 5208 739 5263 Persei
783 5209 960 5262 oritur
997 5208 1284 5262 matutino.
1349 5206 1643 5277 Splendida
1677 5205 1830 5276 Lyrze
1879 5222 1967 5259 ve—

392 5303 633 5370 spertina
661 5302 880 5357 occidit.
900 5301 1172 5372 Egyptiis
1201 5309 1462 5356 ventosus
1486 5299 1611 5353 coeli
1635 5307 1829 5353 status.
1848 5298 1957 5353 Cae-

394 5396 504 5449 sari
535 5395 735 5464 pluvia.
769 5393 1079 5449 Democrito
1115 5393 1364 5447 favonius
1401 5393 1527 5446 ﬂare
1563 5391 1771 5462 incipit.

469 5569 554 5624 H.
597 5569 737 5624 Hora
764 5588 864 5626 xm
905 5590 1027 5644 qua:
1057 5582 1139 5629 est
1176 5575 1228 5628 in
1275 5575 1448 5629 cauda
1505 5574 1702 5628 Leonis
1746 5589 1968 5643 vespere

390 5661 589 5714 oritur.
630 5661 922 5733 Egyptiis,
961 5664 1180 5720 Eudoxo
1231 5667 1443 5721 initium
1473 5668 1638 5722 veris.
1692 5666 1964 5720 Interdum

389 5753 610 5807 hiemat.

2070 4565 2368 4618 ἀνατέλλει.
2413 4567 2556 4638 ’Ὦρα
2592 4573 2651 4620 ιε’
2689 4568 2718 4619 ὁ
2771 4567 2862 4620 ἑπὶ
2896 4568 2994 4638 τῆς
3037 4566 3262 4638 καρδίας
3294 4564 3384 4618 τοῦ
3415 4561 3610 4620 Λέοντος

2069 4653 2204 4724 ἑῷος
2251 4655 2414 4707 δύνει.
2453 4656 2770 4723 Αἰγυπτίοις
2823 4657 3141 4726 περίστασις
3187 4652 3491 4725 χειμερινὴ,
3533 4647 3610 4701 καί

2069 4747 2287 4817 ἀνέμων
2334 4749 2574 4819 ἀκρασία
2601 4748 2893 4820 ἔπομϐρος.
2923 4746 3155 4817 Δοσιθέῳ
3187 4747 3336 4800 εὐδία
3367 4745 3454 4801 καὶ
3473 4741 3607 4811 ζέφυ-

2071 4857 2181 4911 ρος.

2140 4933 2226 5003 ιβ’.
2259 4933 2399 5005 ’Ὦρα
2469 4932 2528 4986 ιδ’
2559 4935 2588 4986 6
2646 4933 2894 5005 λαμπρὸς
2935 4933 3029 4986 τοῦ
3099 4935 3346 5005 Ὄρνιθος
3386 4927 3602 4994 ἑσπέριος

2065 5025 2231 5078 δύνει.

2139 5123 2230 5185 ιτ.
2267 5118 2408 5188 ’Ὦρα
2443 5125 2501 5170 ιε’
2529 5121 2556 5171 6
2589 5115 2814 5188 ἔσχατος
2838 5115 2933 5170 τοῦ
2962 5116 3215 5186 Ποταμοῦ
3245 5116 3539 5188 κρύπτεται.
3555 5104 3600 5155 '0

2068 5211 2320 5282 λαμπρὸς
2367 5211 2459 5264 τοῦ
2508 5211 2762 5282 Περσέως
2804 5210 2936 5281 ἑῷος
2962 5209 3255 5265 ἀνατέλλει.
3300 5209 3354 5261 '0
3387 5198 3600 5274 λαμπρὸς

2067 5301 2167 5370 τῆς
2215 5300 2398 5373 Δύρας
2451 5301 2705 5372 ἑσπέριος
2769 5300 2935 5355 δύνει.
2992 5298 3307 5369 Αἰγυπτίοις
3356 5289 3597 5364 ἀνεμώδης

2071 5392 2278 5455 στάσις.
2311 5393 2551 5466 Καίσαρι
2589 5393 2758 5448 ὐετία.
2794 5392 3115 5466 Δημοκρίτῳ
3149 5389 3373 5462 ζέφυρος
3409 5386 3598 5457 ἄρχεται

2071 5499 2241 5536 πνειν.

2154 5576 2230 5628 ιδ’.
2261 5575 2402 5647 Ὦρα
2434 5577 2501 5644 ιγ’
2528 5577 2556 5629 6
2584 5579 2676 5631 ἐπὶ
2706 5578 2986 5650 τῆςρύρᾶς
3014 5576 3108 5631 τοῦ
3139 5576 3356 5637 Λέοντος
3383 5564 3596 5647 ἑσπέριος

2072 5667 2370 5722 ἀνατέλλει.
2433 5669 2752 5736 Αἰγυπτίοις
2827 5670 2918 5723 καί
2983 5667 3193 5732 Εὐδόξῳ
3251 5665 3398 5737 ἔαρος
3457 5652 3589 5728 ἀρὶίή·

2087 5760 2284 5814 Ἑνίοτε
2316 5761 2588 5832 χειμάζει.
