3886 6268
482 282 591 341 89$

556 399 609 455 4.
643 396 955 470 Hipparcho
985 405 1170 455 auster
1201 410 1295 454 aut
1319 399 1590 456 favonius.

553 493 603 548 5.
646 490 793 545 Hora
826 508 914 545 xw
944 490 1049 563 1ίὲ
1077 507 1197 561 qua:
1225 492 1291 546 ad
1322 492 1701 548 succedentem
1744 493 2054 548 musculum

483 585 745 640 Centauri
777 593 862 640 est
896 599 1122 655 vespere
1155 585 1351 638 oritur.
1373 583 1517 637 llora
1549 601 1616 639 xv
1633 582 1810 654 Capra
1834 599 2057 654 vespere

458 676 719 731 ‘occidit:
759 690 879 746 quae
909 676 963 730 in
1011 675 1343 732 succedente
1387 684 1469 732 est
1518 676 1781 741 Heniochi
1827 677 2055 733 humero

482 782 710 837 vespere
738 767 968 822 occidit.

550 860 603 915 6.
641 859 784 914 flora
815 877 907 914 xw
949 859 1197 930 Procyon
1239 862 1580 927 occultatur;
1621 860 1807 917 lucida
1839 859 2053 932 Aquila:

477 966 707 1020 vespere
729 952 904 1007 oritur
930 968 944 1005 :
976 969 1095 1024 quae
1113 953 1182 1007 ad
1205 969 1343 1025 genu
1370 952 1654 1025 Sagittarii
1682 961 1765 1011 est
1785 957 2052 1011 matutino

481 1043 703 1099 occidit.

554 1135 600 1188 7.
640 1134 785 1188 Hora
822 1152 911 1190 xw
932 1136 1036 1208 1/2
1066 1136 1247 1191 lucida
1283 1135 1611 1192 Sucularum
1629 1137 1822 1194 oritur.
1854 1136 2051 1192 Arctu-

478 1239 576 1280 rus
606 1227 906 1281 matutinus
937 1229 1158 1283 occidit.
1195 1228 1470 1300 Egyptiis
1512 1228 1783 1285 favonius.
1826 1228 2051 1285 Eudoxo

452 1316 763 1374 ‘humidum
794 1322 1012 1375 cm'um.

551 1409 603 1463 8.
639 1408 781 1462 Hora
813 1426 847 1465 x
879 1410 1149 1481 [Egyptiis
1177 1411 1429 1469 favonius
1460 1413 1631 1482 spirat
1655 1419 1749 1467 aut
1780 1428 2000 1470 caurus.

547 1500 600 1555 9.
631 1500 771 1554 [lora
800 1518 894 1556 xw
919 1503 1022 1575 1/2
1045 1520 1165 1573 qum
1201 1504 1266 1558 ad
1298 1520 1435 1575 genu
1459 1506 1738 1576 Sagittarii
1772 1514 1853 1562 est
1886 1523 2048 1565 mane

470 1593 691 1647 occidit.
718 1592 861 1649 Hora
902 1610 972 1649 xv
1016 1597 1193 1652 lucida
1233 1598 1459 1668 Aquarii
1514 1600 1837 1655 occultatur.
1873 1600 2043 1673 Egy-

472 1683 602 1754 ptiis
634 1700 837 1741 caurus
882 1694 937 1741 et
977 1688 1192 1744 stillans
1224 1689 1418 1746 imber.
1457 1689 1768 1748 Democrito
1797 1693 2041 1765 pluvium

449 1776 695 1832 'czelnm.

539 1867 627 1923 10.
659 1868 804 1924 Hora
847 1887 943 1940 xm
970 1871 1073 1943 1/2
1104 1889 1225 1943 quae
1253 1874 1308 1928 in
1337 1877 1513 1945 capite
1539 1877 1912 1935 antecedentis
1940 1877 2045 1934 Ge-

466 1960 778 2028 minorum,
813 1964 1193 2021 absconditur.
1220 1966 1427 2023 Cmsari
1475 1969 1720 2025 tonitrua
1757 1985 1883 2025 cum
1922 1970 2049 2041 plu-

469 2068 581 2107 νιτι.

536 2140 622 2194 11.
653 2142 798 2197 Hora
833 2159 929 2199 xm
949 2144 1052 2217 1/2
1067 2161 1190 2216 qua:
1216 2147 1269 2202 in
1291 2148 1470 2219 capite
1488 2150 1845 2221 praecedentis
1862 2152 2046 2208 Gemi-

462 2245 683 2300 norum,
715 2235 1091 2290 absconditur.

536 2321 622 2377 12.
662 2323 805 2379 Hora
830 2341 919 2379 xtv
945 2327 1046 2398 1ίὲ
1062 2344 1182 2398 quas
1207 2328 1275 2384 ad
1304 2347 1444 2402 genu
1470 2329 1855 2403 Sagittariiest
1882 2349 2045 2391 mane

460 2416 697 2484 occidit;
731 2425 784 2472 et
823 2435 942 2489 qure
969 2422 1023 2474 in
1066 2424 1243 2491 capite
1266 2431 1350 2479 est
1391 2425 1748 2494 praecedentis
1785 2425 2044 2483 Gemino-

450 2522 585 2563 ‘rum
614 2525 774 2564 mane
792 2512 1127 2579 occultatur;
1160 2524 1214 2569 et
1261 2516 1442 2570 lucida
1486 2515 1812 2572 Sucularum
1842 2521 2037 2575 oritur.

533 2599 619 2654 13.
649 2599 790 2655 Hora
825 2618 890 2656 xv
913 2601 1012 2673 1/2
1033 2620 1152 2674 quae
1169 2605 1223 2660 in
1243 2606 1418 2677 capite
1439 2617 1523 2664 est
1547 2609 1919 2666 antecedentis
1939 2610 2044 2666 Ge-

466 2692 743 2746 minorum
778 2696 1154 2754 absconditur.

531 2784 618 2838 11.
649 2783 791 2839 Ilora
812 2802 908 2840 xm
932 2788 1031 2858 1/2
1047 2804 1167 2859 qua!
1190 2791 1241 2843 in
1261 2804 1399 2860 genu
1422 2801 1505 2846 est
1523 2790 1798 2863 Sagittarii
1818 2808 2042 2865 vespere

460 2876 656 2930 oritur.
690 2878 853 2933 Clara
884 2881 1039 2934 stella
1074 2882 1294 2953 Aquarii
1320 2884 1700 2938 absconditur.

538 2962 619 3018 15.
663 2963 807 3019 Hora
842 2982 934 3019 xm
968 2964 1068 3037 1/2
1093 2967 1271 3021 lucida
1293 2968 1470 3023 borea:
1501 2968 1729 3025 Coronae
1755 2968 1976 3026 occidit.

535 3138 623 3193 16.
646 3139 853 3195 Lucida
896 3142 1221 3198 Sucularum
1246 3146 1517 3200 matutino
1547 3145 1740 3201 oritur.
1764 3146 2035 3219 Egyptiis

456 3248 558 3309 per
578 3233 723 3287 diem
756 3235 928 3289 stillat
962 3237 1154 3290 imber.

533 3325 622 3379 17.
671 3325 818 3380 Hora
846 3343 939 3381 xw
962 3344 1082 3398 quae
1128 3328 1182 3383 in
1233 3346 1373 3402 genu
1417 3339 1499 3387 est
1537 3330 1818 3403 Sagittarii
1860 3334 2037 3389 oritur

460 3432 710 3486 vespere.
743 3417 1015 3474 Arcturus
1049 3435 1211 3475 mane
1240 3422 1462 3477 occidit.

535 3515 623 3570 18.
659 3514 801 3571 Hora
831 3534 923 3572 xw
950 3497 1099 3573 clara
1151 3518 1430 3592 Sagittarii
1477 3523 1767 3592 conditur;
1823 3540 1944 3596 quae
1980 3524 2036 3580 in

460 3625 603 3681 gu-nn
639 3626 868 3682 vespere
905 3613 1101 3666 oritur.

531 3700 619 3757 19.
650 3702 791 3757 llora
821 3719 921 3759 xm
955 3705 1060 3776 1/2
1088 3722 1210 3776 qnzr
1234 3707 1287 3761 in
1316 3709 1655 3778 przecedente
1683 3709 1903 3766 Orionis
1935 3713 2039 3765 hu-

458 3809 635 3861 mero,
667 3798 977 3866 vespertina
1004 3799 1213 3866 oritur;
1242 3799 1433 3853 ultima
1450 3799 1626 3855 Fluvii
1649 3800 1845 3859 oritur.
1871 3801 2040 3875 Aigy-

459 3885 593 3957 ptiis
620 3887 798 3940 imber
820 3889 1057 3943 stillans.

528 3979 618 4032 20.
656 3978 799 4034 Hora
831 3996 900 4034 xv
930 3980 1033 4052 1/2
1061 3981 1242 4036 lucida
1271 3981 1596 4038 Sucularum
1628 3985 1827 4041 oritur.

531 4069 622 4124 21.
652 4071 833 4142 Capra
856 4087 1016 4127 tuane
1040 4074 1241 4128 oritur.

533 4296 622 4353 23.
657 4296 802 4353 "ora
836 4315 905 4354 xv
948 4315 1071 4368 quae
1099 4307 1185 4354 est
1236 4301 1290 4354 in
1320 4316 1462 4371 genu
1501 4300 1785 4372 Sagittarii
1811 4317 2040 4374 vespere

456 4389 653 4443 oritur.
680 4388 953 4460 IEgyptiis
985 4388 1235 4444 favonius
1262 4391 1341 4445 vel
1377 4398 1582 4447 auster.

452 4550 462 4558 .
535 4478 791 4534 21.110ra
816 4497 905 4534 xw
935 4476 1039 4553 1/2
1057 4495 1177 4550 qua:
1211 4484 1262 4534 in
1303 4483 1662 4539 antecedente
1690 4480 1910 4539 Orionis
1929 4483 2035 4538 hu-

462 4587 617 4633 mero
657 4579 741 4627 est
780 4572 988 4639 oritur;
1033 4580 1087 4627 et
1140 4572 1322 4627 lucida
1374 4574 1601 4644 Aquarii
1651 4575 2034 4633 absconditur.

465 4664 740 4735 Egyptiis
760 4666 969 4736 pluvia.

533 4755 791 4816 25.1mm
826 4774 922 4811 xm
956 4757 1060 4829 1/2
1082 4756 1210 4829 'qute
1253 4760 1310 4814 in
1335 4760 1691 4818 antecedente
1719 4760 2039 4818 estOrionis

458 4853 692 4907 humero
713 4854 906 4909 oritur.

532 4942 624 4997 26.
651 4943 795 5018 ljora
826 4960 917 4998 xw
939 4944 1118 5000 lucida
1136 4945 1315 5002 boreae
1349 4946 1578 5002 Coronae
1620 4963 1780 5004 mane
1801 4948 2038 5016 occidit;

462 5051 588 5105 quae
620 5036 673 5089 in
699 5037 1070 5106 subsequente
1090 5038 1340 5093 musculo
1362 5038 1691 5094 Centauri...

530 5128 638 5199 51
671 5129 760 5183 27.
800 5127 943 5184 "ora
976 5147 1074 5205 χιιι
1118 5129 1218 5201 1ίὲ
1249 5131 1561 5187 communis
1602 5130 1778 5187 Fluvii
1811 5140 1862 5189 et
1883 5133 2039 5205 pedis

456 5221 687 5276 Orionis
715 5222 908 5277 oritur.
947 5221 1259 5278 Democrito
1296 5223 1589 5293 significat.

538 5312 630 5368 2‘8.
668 5313 814 5369 liora
855 5331 925 5369 xv
959 5315 1061 5387 1/2
1087 5332 1210 5387 qme
1257 5317 1313 5371 in
1358 5332 1503 5386 genu
1542 5316 1822 5387 Sagittarii
1845 5322 1930 5371 est
1950 5331 2039 5371 ve-

465 5418 625 5476 Spere
653 5405 850 5462 oritur.
882 5405 1195 5478 Hipparcho
1226 5406 1497 5472 favonius,
1527 5408 1613 5463 vel
1649 5418 1839 5463 auster
1873 5405 1987 5461 ﬂat.

536 5514 629 5571 29.
660 5513 807 5573 Hora
839 5556 856 5573 .
887 5556 903 5572 .
940 5558 954 5572 .
989 5517 1170 5574 lucida
1218 5519 1443 5591 Aquarii
1491 5518 1784 5589 conditur;
1827 5527 1882 5576 et
1921 5536 2042 5591 qua:

1534 282 1625 337 AD
1663 278 1931 338 EUSEBII
1970 278 2365 338 CHRONICON
2404 281 2771 339 A'SPENDIX.

1616 365 1624 371 ι
2078 400 2125 455 Α
2219 401 2280 456 δ’.
2322 402 2607 474 Ἱππάρχῳ
2629 402 2832 473 νότοςὴ
2865 401 3131 479 ζέξυρος...

3618 289 3715 345 896

2224 498 2285 546 ε’.
2323 493 2464 565 Ὠρᾳ
2496 493 2622 548 ιδ’ὃκ
2648 495 2677 546 6
2706 496 2762 546 ἑν
2789 493 2868 564 τῷ
2894 494 3144 564 ἑπομένῳ
3189 492 3466 565 βατραχίῳ
3479 493 3570 548 τοῦ
3595 496 3707 550 Κεν-

2154 582 2353 655 ταύρου
2375 584 2623 656 ἑσπέριος
2643 585 2941 639 ὰνατέλλει.
2972 585 3113 657 Ὤρᾳ
3135 591 3192 638 ιε’
3214 587 3243 637 6
3269 583 3598 655 καλούμενος
3624 591 3703 655 Αἲξ

2155 676 2407 748 ἑσπέριος
2433 676 2597 730 δύνει·
2632 680 2661 731 6
2687 679 2743 733 ἑν
2773 676 2852 748 τῷ
2881 676 3131 748 ἑπομένῳ
3159 677 3251 733 τοῦ
3289 678 3534 747 Ἠνιόχου
3564 680 3704 732 ἑσπέ-

2156 782 2268 838 ριος
2293 765 2460 821 δύνει.

2226 864 2300 921 ς’.
2336 858 2476 930 Ὠρᾳ
2520 856 2580 911 ιδ’
2612 858 2870 930 Προκύων
2898 858 3217 929 κρύπτεται·
3268 860 3298 912 6
3344 859 3590 931 λαμπρὸς
3621 862 3699 913 τού

2165 949 2348 1002 Ἀετοῦ
2381 951 2631 1022 ἑσπέριος
2665 951 2963 1004 ἀνατέλλει·
2999 951 3092 1004 καὶ
3127 955 3155 1005 6
3196 950 3339 1005 κατά
3369 951 3432 1004 τὸ
3463 952 3585 1021 γόνυ
3619 953 3701 1006 To-

2154 1040 2304 1102 ξότου
2338 1041 2470 1109 ἑῷος
2496 1040 2660 1094 δύνει.

2221 1129 2285 1196 ζ’.
2323 1133 2464 1207 ’Ὡρᾳ
2502 1130 2629 1186 t6’S"
2662 1134 2690 1185 6
2725 1132 2975 1205 λαμπρδς
3024 1132 3132 1186 τῶν
3173 1132 3387 1186 Ὑάδων
3437 1132 3693 1187 ἐπιτέλλει.

2164 1225 2486 1297 Ἀρκτοῦρος
2513 1225 2647 1297 ἑῷος
2678 1226 2845 1280 δύνει.
2877 1226 3191 1295 Αἰγυπτίοις
3219 1225 3482 1296 ζέφυρος.
3511 1224 3705 1296 Εὐδόξῳ

2151 1319 2342 1372 νοτίαι.

2220 1416 2289 1482 η’.
2321 1410 2462 1482 Ὦρα
2500 1409 2529 1463 ι’
2554 1411 2867 1480 Αἰγυπτίοις
2896 1409 3127 1482 ζέφυρος
3158 1412 3282 1463 πνεῖ
3309 1409 3343 1480 ἢ
3375 1409 3647 1485 ἀργέστης.

2222 1502 2288 1556 θ’.
2326 1502 2466 1575 Ὦρα
2510 1503 2637 1557 t6’S"
2690 1506 2718 1557 6
2754 1502 2892 1557 κατὰ
2923 1504 2984 1556 τὸ
3024 1505 3153 1572 γόνυ
3192 1502 3287 1554 τοῦ
3316 1501 3545 1566 Τοξότου
3586 1501 3699 1573 ἑῷος

2147 1594 2311 1649 δύνει.
2345 1596 2485 1667 Ὠρᾳ
2513 1602 2571 1649 ιε’
2602 1598 2631 1649 ό
2654 1595 2906 1667 λαμπρὸς
2936 1594 3031 1648 τοῦ
3073 1593 3362 1666 ’Υδροχόου
3399 1593 3689 1665 κρύπτεται.

2148 1686 2464 1753 Αἰγυπτίοις
2500 1687 2771 1759 ἀργέστης
2802 1686 2897 1741 καὶ
2947 1685 3145 1754 ψακὰς.
3196 1684 3531 1756 Δημοκρίτῳ
3576 1683 3699 1756 ὕδωρ

2146 1779 2238 1832 ἐπὶ
2266 1778 2389 1847 γῆν.

2218 1872 2268 1927 ι’.
2303 1874 2445 1947 Ὥρα
2485 1871 2622 1942 ιγ’8”
2665 1874 2694 1925 6
2726 1872 2818 1925 ἑπὶ
2861 1873 2960 1943 τῆς
3000 1871 3238 1941 κεφαλῆς
3281 1867 3383 1921 τοῦ
3421 1870 3697 1939 ἡγουμένου.

2144 1963 2376 2035 Διδύμου
2413 1964 2733 2039 κρύπτεται.
2766 1962 3006 2034 Καίσαρι
3035 1960 3254 2033 βρονταὶ
3275 1960 3376 2014 καὶ
3405 1958 3572 2021 ὐετός.

2211 2150 2304 2201 ια’.
2341 2145 2482 2216 Ὦρα
2523 2142 2660 2212 ιγ’8”
2687 2143 2715 2196 6
2747 2143 2839 2195 ὲπί
2884 2140 2982 2212 τῆς
3013 2138 3257 2210 κεφαλῆς
3291 2136 3394 2191 τοῦ
3422 2136 3695 2207 ἡγουμένου

2142 2235 2372 2307 Διδύμου
2406 2234 2726 2306 κρύπτεται.

2216 2330 2300 2398 ιβ’.
2339 2329 2479 2399 Ἥρᾳ
2517 2326 2644 2381 t6’S”
2667 2328 2696 2379 6
2717 2324 2857 2378 κατὰ
2878 2323 3005 2392 γόνυ
3025 2321 3119 2376 τοῦ
3139 2321 3377 2387 Τοξότου
3398 2319 3526 2390 ἑῷος
3550 2319 3691 2373 δύνει·

2141 2421 2235 2473 καὶ
2260 2423 2288 2473 6
2315 2421 2407 2472 ἐπὶ
2445 2419 2539 2488 τῆς
2572 2417 2817 2486 κεφαλῆς
2851 2414 2946 2468 τοῦ
2976 2413 3284 2484 ἡγουμένου
3326 2411 3551 2482 Διδύμου
3582 2408 3688 2480 ἑῷος

2140 2512 2463 2585 κρύπτεται·
2500 2513 2593 2564 καὶ
2619 2512 2647 2563 6
2673 2508 2922 2580 λαμπρὸς
2951 2508 3060 2562 τῶν
3100 2507 3309 2560 Ὑάδων
3333 2504 3616 2559 ἀνατέλλει.

2215 2612 2302 2673 ιγ’.
2339 2604 2480 2676 Ὥρα
2522 2599 2652 2655 ιε’5”
2684 2602 2713 2656 6
2754 2601 2848 2659 ἑπί⁸
2886 2600 2984 2671 τῆς
3009 2599 3250 2670 κεφαλῆς
3287 2598 3386 2652 τοῦ
3418 2596 3691 2669 ἡγουμένου

2140 2695 2261 2748 Διδύ
2271 2711 2371 2765 μου
2401 2691 2722 2765 κρύπτεται.

2218 2788 2300 2842 ιδ’.
2334 2787 2475 2858 ’Ὥρα
2499 2783 2636 2854 ιγ¹8”
2666 2786 2695 2838 6
2738 2784 2878 2839 κατά
2902 2784 2962 2838 τὸ
2985 2784 3113 2853 γόνυ
3145 2782 3239 2837 τοῦ
3270 2781 3505 2848 Τοξότου
3556 2783 3687 2836 me

2139 2897 2256 2953 ριος
2289 2877 2586 2932 ἀνατέλλει·
2616 2877 2645 2928 6
2667 2877 2921 2948 λαμπρὸς
2948 2875 3041 2929 τοῦ
3077 2875 3366 2946 ’Υδροχόου
3401 2874 3682 2945 κρύπτεται.

2213 2969 2293 3027 ιε’.
2327 2972 2467 3043 Ὢρᾳ
2510 2969 2647 3039 ιγ⁰5¹’
2691 2971 2720 3022 6
2757 2967 3012 3040 λαμπρὸς
3051 2965 3147 3029 τοῦ
3180 2966 3400 3038 βορείου
3450 2965 3686 3035 Στεφάνῳ

2066 3086 2109 3144 C
2140 3062 2306 3118 δύνει.

2211 3161 2308 3220 ις’.
2357 3153 2413 3207 Ὀ
2445 3151 2696 3224 λαμπρὸς
2717 3150 2822 3205 τῶν
2865 3150 3071 3204 Ὑάδων
3112 3148 3244 3220 ἑῷος
3291 3147 3585 3203 ἀνατέλλει.
3614 3150 3689 3201 Αἰ.

2135 3248 2389 3318 γυπτίοις
2417 3245 2483 3299 δι’
2514 3244 2728 3316 ἡμέρας
2755 3242 3012 3313 ψακὰζει.

2212 3339 2295 3404 ιζ’.
2332 3340 2474 3410 Ὥρᾳ
2510 3338 2569 3390 ιδ’
2601 3339 2629 3390 6
2649 3335 2790 3390 κατά
2816 3335 2874 3389 τὸ
2912 3334 3041 3404 γόνυ
3080 3332 3174 3389 τοῦ
3201 3335 3440 3401 Τοξότου
3469 3336 3687 3404 ἑσπέριος

2137 3429 2435 3486 ἀνατέλλει·
2482 3426 2807 3500 Ἀρκτοῦρος
2838 3424 2971 3496 ἑῷος
2997 3424 3162 3479 δύνει.

2207 3530 2295 3596 ιη’.
2327 3523 2465 3594 ’Ὠρᾳ
2508 3517 2566 3573 ιδ’
2607 3521 2635 3573 6
2674 3518 2925 3590 λαμπρὸς
2954 3518 3047 3571 τοῦ
3070 3516 3307 3589 Διδύμου
3343 3518 3687 3590 κρύπτεται-ο

2138 3617 2278 3670 κατὰ
2316 3615 2376 3669 τὸ
2408 3614 2536 3683 γόνυ
2571 3612 2823 3683 ἑσπέριος
2855 3610 3155 3665 ἀνατέλλει.

2211 3705 2295 3761 ιϐ’.
2313 3705 2454 3776 Ὢρᾳ
2477 3701 2612 3771 ιγ⁴5¹¹
2632 3704 2660 3755 ὁ
2682 3703 2737 3755 ἐν
2770 3701 2848 3773 τῷ
2868 3702 3153 3773 ἡγουμένῳ
3182 3700 3322 3773 ὥμῳ
3351 3701 3445 3757 τοῦ
3473 3702 3685 3774 Ὠρίωνος

2140 3797 2391 3869 ἑσπέριος
2423 3793 2721 3850 ἀνατέλλει·
2746 3795 2842 3848 καὶ
2865 3796 2894 3848 6
2920 3794 3147 3865 ἔσχατος
3175 3792 3274 3847 τοῦ
3306 3794 3556 3866 Ποταμοῦ
3586 3794 3684 3846 sm-

2138 3890 2330 3944 τέλλει.
2360 3886 2676 3956 Αἰγυπτίοις
2701 3885 2902 3956 ψακὰς.

2211 3991 2278 4038 κ’.
2318 3984 2461 4056 ’Ὠρᾳ
2509 3982 2638 4037 ta’S"
2684 3984 2712 4035 6
2740 3981 2989 4053 λαμπρὸς
3020 3981 3127 4037 τῶν
3141 3981 3355 4038 Ὑάδων
3381 3983 3645 4038 ἐπιτέλλει.

2212 4083 2316 4130 κα’.
2353 4076 2450 4140 Αἲξ
2479 4075 2611 4147 ἑῷος
2646 4074 2929 4129 ἐπιτέλλει.

2212 4308 2316 4368 κγό
2361 4301 2503 4374 Ὥρᾳ
2530 4307 2588 4354 ιε’
2609 4302 2639 4355 6
2667 4299 2808 4354 κατὰ
2835 4299 2896 4352 τὸ
2929 4298 3059 4369 γόνυ
3080 4298 3174 4352 τοῦ
3202 4298 3436 4366 Τοξότου
3467 4297 3683 4369 ἐστέρικ

2141 4396 2441 4453 ἀνατέλλει.
2470 4395 2787 4463 Αἰγυπτίοις
2819 4393 3053 4465 ζέφυρος
3084 4392 3116 4463 ἦ
3142 4392 3313 4456 νότος.

2211 4486 2309 4540 κδ’.
2341 4486 2482 4558 Ὥρα
2509 4484 2636 4540 t6'S"
2662 4489 2690 4540 6
2717 4486 2775 4539 ἑν
2801 4484 2878 4555 τῷ
2910 4483 3196 4555 ἡγουμένῳ
3236 4481 3376 4555 ὤμῳ
3403 4482 3495 4538 τοῦ
3523 4482 3680 4553 Ὠρίω-

2138 4595 2226 4642 νος
2250 4577 2533 4632 ὲπιτέλλει·
2569 4580 2663 4631 καὶ
2694 4581 2722 4632 6
2753 4577 3004 4648 λαμπρὸς
3030 4574 3125 4629 τοῦ
3169 4575 3456 4648 ’Υδροχόου
3480 4573 3681 4647 κρύπτε-

2136 4688 2248 4725 ται.
2277 4671 2594 4740 Αἰγυπτίοις
2626 4670 2801 4732 ὑετός.

2208 4770 2306 4818 κε’.
2339 4764 2480 4835 Ὤρᾳ
2511 4763 2648 4832 ιγ’5Ἰ
2689 4764 2720 4816 6
2747 4763 2805 4815 ἑν
2837 4760 2916 4832 τῷ
2935 4759 3224 4834 ἡγουμένῳ
3252 4757 3392 4830 ὤμῳ
3419 4754 3679 4825 τοῦὨρίω-

2139 4875 2229 4921 νος
2257 4856 2543 4911 ἐπιτέλλει.

2213 4956 2324 5015 κς’.
2360 4950 2499 5022 Ὢρᾳ
2521 4949 2581 5002 ιδ’
2611 4950 2639 5003 6
2659 4947 2909 5020 λαμπρὸς
2936 4945 3029 5000 τοῦ
3049 4945 3257 5017 βορείου
3285 4944 3546 5015 Στεφάνου
3569 4937 3678 5009 ἑῷος

2138 5042 2301 5096 δύνει·
2326 5043 2355 5095 6
2382 5042 2438 5095 ὲν
2464 5041 2543 5111 τῷ
2571 5040 2818 5112 ἑπομένῳ
2847 5038 3123 5110 βατραχίῳ
3147 5038 3238 5091 τοῦ
3268 5037 3645 5108 Κενταύρων..

2211 5133 2311 5199 κζὀ
2348 5133 2489 5204 ’Ὧρᾳ
2520 5132 2653 5201 ιγ’δη
2692 5133 2722 5185 6
2743 5129 2919 5195 κοινὸς
2940 5127 3194 5201 Ποταμοῦ
3218 5129 3309 5182 καὶ
3329 5127 3483 5190 ποδὸς
3521 5121 3675 5194 Ὠρίω-

2141 5242 2230 5289 νος
2262 5224 2549 5279 ἐπιτέλλει.
2585 5221 2908 5294 Δημοκρίτῳ
2935 5218 3305 5292 ἑπισημαίνει.

2212 5324 2319 5388 κη’.
2357 5318 2500 5390 ’Ὥρα
2538 5314 2668 5370 ts'S"
2698 5318 2726 5369 6
2755 5315 2896 5369 κατὰ
2927 5314 2990 5368 τὸ
3031 5315 3161 5383 γόνυ
3176 5311 3269 5366 τοῦ
3300 5310 3522 5378 Τοξὸτου
3550 5302 3677 5360 ἑσπέ-

2147 5426 2257 5481 ριος
2287 5408 2582 5462 ἀνατέλλει.
2630 5404 2916 5478 Ἱππάρχῳ
2945 5405 3175 5478 ζέφυρος
3202 5404 3236 5476 ἢ
3266 5403 3416 5466 νότος
3447 5400 3576 5453 πνεῖ.

2213 5521 2312 5575 κθν.
2351 5520 2493 5593 Ὥρα
2617 5521 2647 5575 6
2667 5517 2920 5592 λαμπρὸς
2948 5517 3042 5572 τοῦ
3066 5516 3347 5589 Ύδροχόου
3374 5512 3672 5583 κρύπτεται·

466 5604 528 5665 in
571 5607 912 5676 prmeedente
960 5605 1182 5669 Orionis
1235 5611 1467 5669 humero
1523 5611 1720 5669 oritur.
1770 5614 2041 5669 Arcturus

2173 5612 2238 5667 ιαὶ
2265 5613 2293 5665 6
2321 5614 2378 5666 ἑν
2406 5610 2483 5682 τῷ
2518 5610 2803 5682 ἡγουμένῳ
2834 5608 2970 5681 ὥμῳ
3005 5608 3098 5664 τοῦ
3139 5608 3391 5683 Ὠρίωνος
3413 5599 3675 5659 ἐπιτέλλει.

468 5696 774 5756 matutinus
804 5698 1019 5757 occidit.

2158 5702 2483 5781 Ἀρκτοῦρος
2512 5702 2644 5780 ἑῷος
2671 5700 2838 5757 δύνει.
