3886 6268
140 339 237 398 901

1018 345 1394 405 PTOLEMA‘II
1446 345 1534 403 DE
1570 343 2034 406 APPARENTIIS
2073 347 2579 408 INERRANTIUM.

3327 360 3432 415 902

205 455 303 527 κβθ.
338 453 491 528 Ἤρᾳ
522 457 677 526 ιγ’δν
710 461 737 513 6
769 460 862 514 ἐπὶ
895 460 992 532 τῆς
1021 463 1187 534 οὐρᾶς
1218 461 1312 516 τοῦ
1357 462 1584 526 Λέοντος
1611 463 1744 535 κρύ-

1911 462 2003 519 22.
2055 461 2200 518 Hora
2220 479 2319 519 xm
2350 464 2456 536 1/2
2484 481 2603 536 quae
2633 466 2686 520 in‘
2721 467 2895 523 cauda
2942 467 3142 528 Leonis
3173 481 3257 529 est
3299 481 3430 532 abs-

140 563 318 599 πτεται
337 563 351 575 ο
386 548 416 599 6
443 548 724 624 λαμπρὸς
748 552 842 605 τοῦ
884 553 1168 624 ’Υδροχόου
1193 555 1484 610 ἐπιτέλλει.

205 645 306 704 κγ’.
340 639 493 710 Ὦρα
559 643 713 710 ιγ’δη
749 645 777 696 6
820 644 914 697 ἐπὶ
964 644 1043 714 τῷ
1092 645 1250 718 δεξιῷ
1289 646 1607 719 ὲμπροσθίῳ
1654 646 1751 718 βα-

138 727 332 798 τραχίῳ
373 728 475 780 τοῦ
526 729 863 803 Κενταύρου
915 733 1251 804 κρύπτεται·
1304 736 1398 790 καὶ
1442 738 1470 790 6
1513 737 1606 790 ἐπὶ
1650 738 1750 808 τῆς

139 822 293 892 οὐρᾶς
321 820 420 874 τοῦ
447 821 705 887 Λέοντος
731 825 1052 896 κρύπτεται.
1087 829 1326 900 Καίσαρι
1361 829 1698 902 περίστασις.

198 914 291 968 κδ’.
325 914 476 986 ’Ὥρα
521 916 671 970 ιδ’δη
723 919 750 969 6
782 917 1030 991 λαμπρὸς
1063 921 1156 975 τοῦ
1199 923 1482 994 Ὑδροχόου
1529 922 1745 976 ἐπιτέλ-

141 1017 230 1063 λει.
263 1007 491 1079 Εὐδόξῳ
521 1009 916 1082 ἐπισημαίνει.

201 1107 296 1154 κε’.
333 1100 480 1171 Ὦρᾳ
539 1101 684 1157 te'S"
717 1107 745 1156 6
773 1105 864 1157 ἐπὶ
899 1106 1000 1176 τῆς
1029 1107 1194 1180 οὐρᾶς
1230 1107 1322 1160 τοῦ
1358 1109 1587 1172 Λέοντος
1614 1109 1748 1182 κρύ-

144 1210 351 1246 πτεται.

203 1292 310 1349 κς¹.
352 1279 502 1357 ’Ὧρᾳ
538 1293 614 1356 ιγ’
623 1285 694 1342 S"
715 1287 745 1340 6
768 1287 1018 1362 λαμπρὸς
1045 1290 1140 1343 τοῦ
1158 1292 1332 1345 νοτίου
1367 1291 1566 1363 Ἰχθύος
1589 1293 1745 1346 ἐσπέ-

143 1392 247 1443 ριος
291 1374 610 1430 ἀνατέλλει.
667 1378 986 1446 Αἰγυπτίοις
1028 1380 1240 1452 νότοςῆ
1283 1382 1533 1454 ζέφυρος.
1568 1384 1744 1454 Δημο-

141 1464 298 1534 κρίτῳ
325 1465 706 1537 ἐπισημαίνει
742 1466 895 1521 ὕδασι
930 1470 1024 1522 καὶ
1055 1471 1297 1542 ἀνέμοις.

208 1557 304 1622 κζ’.
338 1558 485 1630 Ὥρα
540 1559 605 1611 ιδ’
659 1562 688 1613 6
731 1561 983 1634 λαμπρὸς
1020 1563 1412 1636 τοῦὙδροχόου
1452 1564 1737 1644 ἐπιτέλλει.

145 1647 446 1716 Δί-ίυπτίοις
485 1648 694 1721 καῦμα
722 1653 817 1706 καὶ
845 1652 1064 1724 ὀμίχλη.

207 1757 444 1812 atqu...

1852 555 2140 621 conditur;
2170 555 2350 610 lucida
2374 557 2598 627 Aquarii
2628 559 2824 616 oritur.

1920 643 2011 698 25.
2054 643 2200 700 Hora
2264 662 2360 700 xm
2395 647 2500 718 1/2
2536 664 2659 719 qua:
2722 651 2789 705 ad
2820 651 3071 707 dextrum
3102 657 3430 712 anteriorem

1849 736 2160 791 musculum
2188 736 2474 805 Centauri,
2505 742 2799 804 conditur;
2835 759 2957 814 quae
2993 745 3044 798 in
3090 749 3265 803 cauda
3293 747 3432 806 Leo-

1849 824 1934 879 nis
1963 832 2047 879 est
2081 826 2410 881 occultatur.
2448 827 2650 884 Caesari
2688 830 2835 886 aeris
2867 832 3104 887 all‘ectio.

1917 913 2005 968 24.
2035 914 2176 970 liora
2207 932 2295 970 xw
2326 916 2430 970 1/2
2460 918 2611 973 clara
2649 923 2808 975 stella
2831 923 3060 992 Aquarii
3084 925 3284 982 oritur.
3321 923 3430 982 Eu-

1847 1005 1990 1062 doxo
2021 1008 2313 1078 signiﬁcat.

1915 1098 2007 1154 23.
2043 1099 2188 1156 llora
2227 1119 2297 1157 xv
2325 1102 2428 1174 1/2
2461 1118 2582 1174 quae
2604 1105 2657 1158 in
2694 1107 2867 1163 cauda
2898 1109 3096 1166 Leonis
3137 1111 3428 1167 estoccul-
3518 1172 3520 1176 τ

1846 1199 2016 1246 tatur.

1915 1279 2004 1334 26.
2036 1279 2181 1335 liora
2211 1297 2312 1336 xm
2340 1284 2445 1356 1/2
2473 1287 2654 1342 lucida
2697 1288 2877 1346 Piscis
2901 1292 3158 1348 australis
3202 1309 3427 1364 vespere

1843 1370 2038 1424 oritur.
2079 1370 2352 1444 [Egyptiis
2399 1386 2607 1440 auster,
2657 1379 2740 1434 vel
2790 1380 3063 1438 favonius.
3114 1383 3426 1441 Democrito

1844 1464 2116 1535 signilicat
2148 1467 2347 1536 pluviis
2380 1477 2435 1522 et
2469 1472 2667 1527 ventis.

1911 1555 2001 1608 27.
2050 1555 2195 1611 liora
2246 1574 2338 1613 xiv
2378 1560 2562 1616 lucida
2612 1563 2842 1634 Aquarii
2888 1566 3084 1622 oritur.
3150 1567 3423 1643 zEgyptiis

1839 1655 2010 1705 aestus
2047 1657 2100 1704 et
2130 1651 2350 1708 nebula.

1911 1738 2002 1794 28.

211 1833 309 1887 κθ¹.
347 1835 494 1906 Ὠρᾳ
552 1833 692 1890 ιδ¹5”
724 1837 752 1888 6
781 1835 1030 1909 λαμπρὸς
1061 1837 1155 1892 τοῦ
1191 1840 1447 1912 Περσέως
1485 1843 1737 1914 ἑσπέριος

1915 1833 2005 1889 29.
2035 1815 2180 1891 liora
2206 1852 2300 1890 xlv
2315 1837 2340 1891 1
2355 1837 2418 1892 /2
2436 1839 2614 1895 lucida
2633 1839 2818 1896 Persei
2846 1858 3071 1914 vespere
3093 1847 3291 1904 oritur.
3310 1847 3422 1905 Lu-

149 1924 428 1978 ἀνατέλλει·
461 1927 491 1978 6
519 1925 786 1999 λαμπρὸς
815 1927 908 1981 τοῦ
937 1929 1220 2002 ’Υδροχόου
1253 1932 1551 1987 ἀνατέλλει.
1577 1935 1741 2005 Λίγυ-

150 2016 325 2080 πτίοις,
380 2017 640 2090 Καίσαρι
697 2020 1048 2090 ἐπισημαίνει
1086 2038 1100 2052 ο
1158 2023 1439 2100 δυσαερία
1477 2025 1694 2099 Εὐδόξῳ
1721 2045 1735 2060 ·

153 2106 353 2179 βρονταὶ
375 2109 575 2164 εἴωθεν
609 2111 687 2164 ⁷⁸.

208 2199 266 2254 λ’.
304 2201 444 2272 ’Ὥρᾳ
479 2200 620 2257 ιε’8”
684 2205 712 2258 6
746 2205 804 2257 ἐν
848 2205 925 2277 τῷ
958 2205 1208 2278 ἑπομένῳ
1252 2206 1386 2280 ὤμῳ
1428 2209 1524 2264 τοῦ
1565 2209 1741 2266 Ἡνιό-

154 2308 234 2360 χου
278 2291 534 2365 ἑσπέριος
590 2296 898 2350 ἀνατέλλει.
953 2299 1274 2368 Αἰγυπτίοις
1325 2300 1591 2375 ζέφυρος,
1636 2305 1738 2374 ἀρε

160 2397 350 2454 τιστης.

723 2524 1157 2596 Ἐπαγομένων.

213 2673 274 2712 α.
309 2657 448 2731 Ὦρα
474 2659 614 2717 ιε¹8’¹
639 2663 673 2715 6
700 2663 792 2716 ἐπὶ
835 2664 934 2736 τῆς
963 2666 1145 2738 Δύρας
1167 2665 1302 2739 ἑῷος
1333 2667 1508 2724 δύνει·
1541 2671 1570 2725 6
1594 2671 1732 2743 λαμ-

154 2747 272 2818 πρὸς
293 2750 384 2803 τοῦ
411 2752 620 2824 ’Υδρου
667 2755 955 2811 ἐπιτέλλει.
989 2757 1205 2831 Εὐδόξῳ
1242 2762 1338 2815 καὶ
1380 2763 1730 2836 Μητροδώρῳ

154 2839 502 2912 ἐπισημαίνει.

91 2923 95 2926 ”
217 2931 274 3002 β’.
310 2934 445 3008 Ὠρᾳ
473 2936 609 2993 ιδ’8⁹’
643 2941 670 2992 6
705 2941 1038 3012 καλούμενος
1064 2942 1326 3009 Κάνωϐος
1359 2946 1627 3002 ἐπιτέλλει
1652 2963 1666 2978 °
1699 2950 1728 3002 6

156 3025 381 3096 λαμπρὸς
409 3028 502 3082 τοῦ
537 3032 720 3085 νοτίου
765 3032 967 3104 Ἰχθύος
1009 3035 1260 3104 ἑσπέριος
1289 3036 1600 3106 ¹ἀνατέλλει.
1629 3040 1725 3093 Αί-

162 3119 383 3182 γυπτίοις
409 3121 623 3194 καῦμα.
654 3124 890 3195 Εὐδόξῳ,
931 3127 1169 3198 Καίσαρι
1193 3129 1566 3200 ἐπισημαίνει.
1611 3132 1724 3186 Ἱπ-

160 3208 328 3280 πάρχῳ
350 3212 522 3278 νότος,
562 3217 660 3269 καὶ
683 3219 898 3289 ἐτησίαι
929 3219 1213 3275 παύονται.

218 3307 279 3367 γ’.
313 3303 449 3377 Ὠρᾳ
518 3308 661 3377 ιγ’8’¹
702 3311 913 3382 Στάχυς
956 3312 1273 3384 κρύπτεται.
1313 3316 1453 3388 ’Ὦρα
1501 3315 1631 3371 ιε’8”
1689 3319 1718 3371 6

160 3389 238 3443 ἐπὶ
269 3395 359 3465 τῆς
405 3400 652 3471 κεφαλῆς
701 3401 794 3456 τοῦ
845 3403 1070 3466 Λέοντος
1101 3406 1386 3462 ἐπιτέλλει.
1435 3409 1718 3482 Ἱππάρχῳ

162 3482 349 3554 ἀνέμων
379 3495 664 3565 συστροφή
677 3535 689 3547 .

215 3576 270 3630 δ’.
298 3580 526 3653 Ὥρᾳ....
565 3588 595 3638 6
621 3587 718 3639 ἐπὶ
741 3587 840 3658 τῆς
867 3588 1035 3660 οὐρᾶς
1060 3589 1153 3644 τοῦ
1181 3591 1406 3655 Λέοντος
1427 3593 1712 3657 ἐπιτέλλει.

163 3665 402 3741 Καλίππῳ
435 3675 816 3748 ἐπισημαίνει.

218 3765 271 3813 ε’.
303 3763 438 3837 Ὠρᾳ
492 3769 626 3824 ιε’δη
655 3772 684 3823 6
711 3771 960 3844 λαμπρὸς
982 3772 1078 3827 τοῦ
1109 3774 1360 3847 Ὄρνιθος
1390 3777 1524 3849 ἑῷος
1547 3777 1714 3836 δύνει.

162 3850 444 3927 Αἰγυπτίοις
477 3863 738 3939 ζέφυρος,
775 3867 1068 3940 ἀργέστης·

1750 3177 1796 3238 C

1841 1927 1962 1982 cida
1988 1929 2213 2000 Aquarii
2254 1931 2452 1986 oritur.
2487 1931 2763 2004 Aigyptiis
2795 1944 2849 1990 et
2881 1935 3085 1992 Czesari
3123 1941 3415 2012 signiﬁcat.

1840 2018 1998 2076 Aeris
2023 2022 2377 2094 intemperies
2402 2023 2666 2093 Eudoxo;
2701 2027 2942 2085 tonitrua
2977 2035 3248 2090 matutino
3282 2045 3418 2091 tem-

1839 2129 1994 2184 pore.

1908 2206 1998 2260 50.
2043 2205 2189 2262 Hora
2228 2224 2297 2262 xv
2326 2207 2431 2280 1/2
2448 2225 2569 2280 quae
2591 2209 2648 2264 in
2694 2211 3024 2271 succedente
3062 2215 3292 2274 humero
3325 2221 3418 2277 ἐει

1837 2296 2102 2352 Heniochi
2157 2314 2384 2372 vespere
2451 2301 2652 2356 oritur.
2723 2302 2998 2377 Egyptiis
3058 2308 3313 2368 favonius
3361 2325 3416 2369 et

1837 2401 2060 2445 caurus.

2431 2526 2802 2600 Epagomenaz.

1905 2661 1958 2716 1.
1983 2653 2129 2717 Hora
2151 2678 2221 2718 xv
2253 2662 2358 2734 1/2
2374 2679 2495 2735 qua:
2519 2665 2574 2720 in
2604 2665 2769 2738 Lyra,
2789 2682 2948 2724 mane
2964 2670 3197 2739 occidit;
3232 2672 3412 2730 lucida

1833 2748 2000 2824 llydri
2034 2753 2230 2808 oritur.
2264 2752 2490 2809 Eudoxo
2521 2763 2577 2811 et
2612 2757 2928 2814 Metrodoro
2955 2761 3252 2832 signiﬁcat.

1896 2929 1952 2985 2.
1980 2928 2126 2986 ﬂora
2152 2931 2365 3004 tuM/2
2382 2934 2636 2992 Canobus
2653 2937 2861 3006 oritur;
2893 2940 3076 2998 lucida
3103 2942 3281 3002 Piscis
3313 2961 3408 3000 au-

1828 3024 2016 3080 stralis
2053 3029 2367 3097 vespertina
2399 3032 2600 3086 oritur.
2633 3032 2910 3105 Egyptiis
2937 3046 3125 3093 aestus.
3157 3037 3406 3103 Eudoxo,

1828 3113 2031 3172 Caesari
2049 3117 2659 3192 significatJlipparcho
2679 3133 2865 3182 auster
2894 3135 2948 3184 et
2965 3131 3149 3184 etesiae
3165 3143 3404 3187 cessant.

1896 3316 1951 3370 5.
1984 3315 2128 3372 liora
2147 3318 2369 3391 xm1/2
2387 3318 2549 3392 Spica
2571 3324 2801 3380 celatur.
2821 3325 2962 3382 "ora
2993 3345 3059 3382 xv
3076 3329 3182 3399 1/2
3199 3346 3319 3401 quae
3350 3329 3402 3386 in

1826 3409 2006 3480 capite
2033 3422 2119 3469 est
2145 3413 2348 3472 Leonis
2397 3418 2594 3475 oritur.
2635 3419 2949 3493 Hipparcho
2979 3436 3266 3482 ventorum
3298 3439 3406 3482 tur-

1825 3505 2005 3563 bines.

1896 3599 1950 3654 4.
1984 3598 2128 3655 Hora
2164 3642 2178 3656 .
2217 3645 2232 3658 .
2271 3645 2285 3659 .
2321 3645 2336 3660 .
2370 3622 2492 3677 qua:
2518 3609 2574 3664 in
2619 3611 2793 3667 cauda
2833 3611 3033 3669 Leonis
3073 3626 3157 3670 est
3203 3617 3399 3672 oritur.

1824 3691 2052 3762 Calippo
2082 3693 2377 3763 signiﬁcat.

1890 3783 1942 3838 5.
1981 3781 2127 3837 Hora
2156 3799 2224 3837 xv
2253 3785 2357 3857 1/2
2387 3789 2567 3845 lucida
2602 3789 2773 3864 Cygni
2798 3809 2959 3850 mane
2979 3797 3201 3853 occidit.
3232 3763 3397 3870 Egys

1819 3875 1949 3946 ptiis
1980 3875 2252 3944 favonius,
2289 3895 2510 3938 caurus.

692 4041 822 4108 Qua:
848 4053 1134 4114 sequuntur
1162 4045 1363 4100 utiliter
1392 4047 1456 4101 ab
1488 4043 1602 4103 alio
1627 4066 1787 4121 quam
1821 4049 2182 4124 Hemerologii
2201 4054 2457 4124 scriptore
2480 4066 2664 4113 notata
2702 4071 2847 4115 sunt.

229 4208 285 4262 Ἦ
315 4215 406 4283 μὲν
427 4212 518 4270 οὖν
551 4219 870 4292 ἀναστροφὴ
895 4220 990 4274 τοῦ
1020 4224 1314 4295 προχείρου
1341 4224 1502 4296 χάριν
1533 4225 1713 4280 τοιαῦ-

163 4313 242 4370 της
265 4301 409 4375 ἔτυχε
432 4308 539 4379 ’τῆς
571 4311 712 4364 κατά
737 4313 836 4381 τὴν
860 4311 1075 4366 ἔκθεσιν
1103 4313 1311 4379 τάξεως
1333 4334 1345 4346 ·
1385 4317 1484 4371 οὐκ
1511 4319 1711 4372 ἄτοπον

165 4387 209 4441 δὲ
231 4392 363 4459 ἴσως,
389 4401 481 4452 καὶ
525 4403 1108 4472 συγκεφαλαιώσασθαι
1146 4405 1256 4459 τῶν
1300 4412 1710 4481 κατατεταγμέ-

1891 4227 2008 4285 Hoc
2039 4230 2206 4302 igitur
2232 4233 2540 4304 exponendi
2585 4235 2800 4302 ordine,
2839 4245 2900 4291 ut
2931 4239 2982 4292 in
3011 4248 3267 4311 promptu
3307 4257 3393 4297 es-

1819 4332 1960 4390 sent,
2001 4325 2118 4381 suis
2158 4342 2387 4398 quicque
2420 4329 2555 4384 locis
2601 4329 2814 4384 reddita
2865 4332 2996 4385 sint.
3034 4332 3143 4387 Nec
3191 4333 3391 4389 absur-

1814 4411 1943 4466 dum
1967 4414 2182 4470 videtur
2206 4431 2472 4470 summam
2505 4418 2762 4489 colligere
2799 4428 2912 4476 tum
2938 4423 3219 4478 stellarum
3247 4425 3392 4480 iner-

165 4501 250 4536 νων
286 4488 527 4547 ἀπλανῶν
582 4497 828 4569 ἀστέρων
855 4498 899 4528 ⁷⁷
944 4500 1082 4568 μετά
1111 4499 1314 4555 τούτων
1356 4505 1707 4574 συνηγμένων
1741 4566 1760 4586 .

1867 4506 2049 4560 ιηιίιιιιι
2090 4524 2211 4578 quae
2240 4511 2562 4580 perccnsitze
2593 4488 2760 4581 sunt;
2793 4521 2907 4568 tum
2943 4518 3388 4586 apparentiarum

165 4572 352 4638 φάσεων
383 4584 515 4654 πρὸς
544 4586 763 4657 ἔλεγχον
801 4586 909 4640 τῶν
943 4589 1001 4640 ἐν
1037 4593 1157 4653 ταῖς
1193 4597 1492 4661 γραφικαῖς
1530 4595 1710 4666 ἁμαρ·
1739 4566 1760 4626 Ῑ

2107 4566 2122 4578 .
2241 4566 2257 4580 .
2747 4566 2760 4581 ,
2949 4566 3388 4586 νηρηηη----η

1867 4613 1933 4652 ue
1960 4614 2085 4652 cum
2117 4600 2309 4656 iisdem
2342 4611 2674 4668 memoratae,
2714 4614 2771 4658 ut
2802 4607 2845 4662 si
2872 4607 3003 4677 quid
3038 4609 3390 4689 librariorum

165 4664 283 4731 τίεις
318 4677 922 4751 παραλειφθησομένων,
953 4682 1045 4734 καὶ
1074 4681 1189 4735 ἔστι
1219 4683 1266 4713 ⁷⁸
1295 4683 1403 4736 τῶν
1429 4685 1528 4749 τὰς
1555 4703 1711 4756 περι-

1867 4691 1974 4760 ilpa
2019 4695 2446 4761 praetermissum
2493 4698 2584 4762 sit,
2637 4699 2811 4767 possit
2862 4703 3081 4770 agnosci
3117 4721 3130 4757 :
3161 4680 3241 4757 ad.
3273 4703 3390 4758 haec

168 4759 354 4826 στὰτεις
384 4769 889 4841 ἐπισημαινομένων
919 4772 1147 4844 ἀνδρῶν,
1182 4775 1239 4827 ἐν
1280 4769 1366 4838 αῖς
1400 4792 1459 4828 τε
1503 4774 1709 4847 χώραις

1867 4795 2098 4836 telorum
2137 4784 2297 4839 etiam
2332 4787 2575 4854 nomina,
2608 4789 2702 4858 qui
2738 4791 2858 4846 illas
2889 4800 3196 4862 temporum
3230 4804 3389 4848 nota-

165 4848 340 4906 ἕκαστα
375 4863 696 4931 τυγχάνουσι
735 4866 1097 4935 τετηρηκότες
1118 4885 1130 4895 ·
1170 4865 1256 4919 ἴνα
1300 4871 1416 4931 ταῖς
1449 4871 1579 4939 περὶ
1610 4869 1707 4940 τὴν

1867 4891 1988 4930 )nes
2030 4877 2394 4932 observarunt
2424 4900 2436 4934 :
2468 4889 2580 4934 tum
2616 4883 2816 4952 quibus
2857 4883 2912 4937 in
2949 4884 3086 4940 locis
3129 4887 3386 4956 explora-

167 4940 310 5012 αὐτὴν
341 4952 667 5024 παράλληλον
699 4942 797 5018 τὰς
839 4957 1032 5026 ὁμοίας
1059 4957 1168 5012 τῶν
1207 4959 1528 5028 ἁφορισμῶν
1558 4961 1602 4993 ’³³
1629 4963 1706 5013 οἰ-

167 5033 405 5107 κειότερόν
432 5045 974 5119 πως”ὲφαρμόζωμεν

227 5210 329 5266 Εἰσὶ
345 5218 397 5270 δέ
429 5222 533 5277 τῶν
561 5225 806 5299 ἀστέρων
838 5229 1054 5302 πρώτου
1088 5231 1352 5302 μεγέθους
1391 5241 1472 5285 ιε’-

237 5301 290 5356 '0
307 5309 624 5384 καλούμενος
647 5319 744 5387 Αἴξ
759 5337 773 5350 ⁸
791 5323 819 5374 6
842 5301 1099 5392 λαμπρὸς
1116 5323 1216 5394 τῆς
1237 5322 1438 5394 Δύρας
1457 5322 1706 5394 Ἀρκτοῦ-

1809 4974 1939 5020 runt
1966 4967 2180 5038 singula
2211 4988 2224 5036 ;
2256 4977 2314 5022 ut
2341 4972 2408 5026 ad
2452 4987 2546 5027 eas
2577 4973 3011 5040 observationes,
3055 4994 3178 5048 quze
3209 4979 3386 5035 eidem

1811 5057 2071 5124 parallelo
2102 5069 2436 5131 congruunt,
2477 5065 2896 5122 accommodare
2933 5068 3144 5125 similes
3185 5071 3384 5126 melius

1809 5150 2102 5220 aptiusque
2131 5153 2430 5220 possimus.

1881 5241 2020 5297 Sunt
2049 5244 2215 5314 igitur
2239 5247 2411 5302 stella:
2431 5249 2620 5318 prima:
2646 5252 3038 5322 magnitudinis
3064 5271 3155 5310 xv.

1877 5333 2132 5402 Capella;
2172 5336 2353 5392 lucida
2390 5337 2574 5409 Lyrw;
2604 5340 2910 5409 Arcturus;
2944 5360 3066 5414 qua:
3100 5347 3156 5400 in
3203 5347 3378 5402 cauda

175 5403 277 5507 (ﬁt:
303 5399 329 5449 6
362 5402 447 5456 ἐπὶ
483 5407 582 5478 τῆς
622 5412 787 5482 οὐρᾶς
833 5411 926 5466 τοῦ
970 5413 1232 5478 Λέοντος’
1261 5417 1290 5467 6
1318 5415 1567 5486 λαμπρὸς
1598 5415 1706 5468 τῶν

1867 5425 2007 5479 zonis
2042 5435 2154 5494 cst;
2201 5427 2381 5483 lucida
2420 5429 2785 5499 Sueularum;
2826 5432 3111 5506 Procyon;
3164 5454 3286 5507 qua:
3324 5441 3378 5494 iu

185 5480 389 5542 Ὑάδων·
439 5497 716 5572 Προκύωψ
774 5505 803 5557 6
860 5505 920 5557 ἐν
979 5505 1058 5576 τῷ
1116 5505 1365 5577 ἑπομένῳ
1419 5505 1555 5578 ὤμῳ
1608 5505 1703 5560 τοῦ

185 5573 232 5592 ,η
269 5577 281 5592 ,
478 5591 485 5592 ,

2142 5480 2154 5494 ,
2233 5480 2380 5483 --β
2826 5480 2846 5486 -
2873 5480 3111 5506 ηνμ...
3164 5480 3286 5507 ...ην

1867 5514 2133 5570 iccedente
2161 5523 2244 5571 est
2278 5514 2496 5574 Orionis
2542 5520 2810 5588 humero;
2857 5521 3048 5592 Spica;
3073 5529 3381 5584 communis

185 5573 402 5649 Ὠρίωνος
424 5605 438 5620 ⁸
466 5591 494 5642 6
535 5593 736 5666 Στάχυς
762 5613 776 5628 ο
808 5599 837 5651 6
887 5573 1064 5662 κοινὸς
1107 5573 1359 5672 Ποταμού
1411 5573 1504 5654 καὶ
1526 5573 1704 5664 ’ποδὸς

1875 5606 1980 5660 uvii
2011 5621 2062 5662 et
2085 5608 2240 5678 pedis
2267 5608 2518 5678 Orionis;
2544 5611 2742 5681 Canis;
2774 5615 2954 5672 lucida
2989 5619 3123 5674 notii
3169 5617 3379 5687 Piscis;

236 5746 277 5781 "
297 5754 333 5823 Ῑι
355 5759 528 5823 ἔωθεν,
597 5771 643 5805 ’⁷
674 5769 926 5830 Mendosa
950 5773 1050 5830 ista
1082 5783 1230 5833 snnt.
1269 5775 1450 5846 Deest,
1479 5778 1728 5851 ἀριθμόν.

1883 5783 1916 5852 ι’.
1955 5785 2054 5840 ἐτι.
2130 5787 2175 5821 ⁷³
2210 5787 2250 5858 Ῑ.
2287 5787 2707 5861 ἀφωρισμένων.
