3886 6268
170 2068 241 2124 iii.

173 2267 251 2308 PB.

175 2435 322 2492 NON.

177 2620 280 2676 viii.

181 2709 266 2766 vii.

183 2886 250 2944 vi.

241 3163 276 3184 Vt

186 3177 269 3233 v.j

189 3256 252 3314 iv.

189 3347 260 3403 iii.

189 3545 268 3588 Il.

150 3638 156 3644 ·
191 3618 270 3677 ID.

195 3802 294 3858 xix.

197 4081 333 4138 xviii.

199 4172 316 4226 xvii.

198 4265 295 4320 xvi.

201 4467 281 4508 ιν.

207 4721 307 4776 xiv.

208 4811 312 4867 xiii.

213 4991 298 5048 xii.

215 5176 283 5234 xi.

217 5281 267 5320 ι.

219 5357 283 5411 ix.

221 5539 322 5598 viii.

226 5629 307 5686 vii.

1302 289 1672 348 ΡτοιΕΜΑῖι
1713 287 1800 343 DE
1838 287 2312 346 APPARENTIIS.

1116 654 1253 781 C.
1357 653 1500 776 L.
1631 652 2482 780 PTOLEMfEI

885 895 1443 976 INERRANTIUM
1504 909 1985 973 STELLARUM
2044 910 2768 1026 SlGNlFICATlONES:

1019 1107 1136 1166 Per
1165 1099 1492 1164 Nicolaum
1523 1098 1872 1164 Leonicum
1902 1117 1937 1162 e
1967 1099 2186 1162 Graeco
2215 1097 2553 1160 translatas.

675 1473 784 1548 54
813 1471 1218 1534 JANUABIUS.

366 1606 468 1664 Sol
507 1607 730 1665 elevari
775 1609 1003 1690 incipit,
1028 1608 1364 1681 tlongiusculi
1413 1608 1551 1665 ﬁunt
1593 1607 1712 1665 dies
1737 1648 1752 1675 ,

445 1701 667 1773 Aquila
699 1711 752 1759 et
781 1702 961 1760 Coron
1024 1700 1319 1769 occidunt,
1346 1707 1759 1773 tempestatem-

445 1810 562 1865 que
592 1794 860 1850 eﬂiciunt.

368 1876 470 1940 Sol
505 1885 701 1958 magis
727 1885 1008 1951 ascendit,
1033 1882 1230 1940 Cancri
1259 1884 1497 1942 medium
1518 1883 1756 1951 occidit,

442 1979 723 2048 ventique
752 1984 981 2049 ponunt.

368 2066 688 2138 Reliquum
715 2069 910 2124 Cancri
942 2061 1142 2125 occidit
1158 2064 1185 2135 ,’
1207 2074 1262 2124 et
1291 2066 1478 2124 varius
1512 2064 1663 2122 aeris
1699 2063 1756 2119 ﬁt

450 2157 652 2217 ﬂatus.

376 2251 580 2310 Hiems
616 2248 908 2308 dimidiata
931 2291 947 2318 ,
981 2251 1280 2322 Aquilones
1313 2247 1597 2316 continui,
1630 2247 1758 2303 Del-

445 2347 669 2417 phinus
703 2360 826 2400 cum
863 2343 1013 2399 Cane
1039 2343 1216 2398 oritur
1246 2341 1540 2396 matutino.

374 2436 642 2494 Fidicula
674 2438 946 2501 exoritur,
973 2435 1164 2506 Aquila
1192 2426 1426 2498 occidit,
1455 2429 1756 2501 Delphinus

451 2537 609 2584 totus
637 2527 903 2599 emergit,
925 2533 1320 2594 ventorumque
1346 2519 1405 2577 lit
1429 2536 1752 2578 concursus.

387 2615 596 2691 Aquila
627 2605 854 2690 vesperi.
873 2617 1073 2674 occidit
1092 2656 1107 2682 ,
1139 2615 1232 2670 ﬂat
1260 2615 1480 2672 Auster.

371 2709 808 2780 Septentriones
859 2713 914 2763 et
943 2706 1142 2778 Aquilo
1169 2705 1521 2760 vehementer
1562 2699 1754 2757 ﬂantes

451 2807 829 2857 concurrunt.

385 2889 584 2946 Martis
616 2889 954 2946 domicilium
978 2927 993 2956 ,
1025 2889 1225 2944 Auster
1267 2897 1322 2941 et
1363 2883 1637 2939 Favonius
1681 2881 1757 2937 si-

450 2982 571 3036 mul
603 2981 743 3036 ﬂant
763 3022 778 3049 ,
810 2981 1177 3053 Capricornus
1207 2992 1484 3048 emergere
1524 2975 1754 3046 incipit,

1787 2826 1828 2882 Β

450 3075 650 3146 pluvia
675 3075 839 3130 simul
867 3083 922 3131 et
951 3071 1125 3145 caligo
1153 3070 1490 3143 vespertino.

394 3163 603 3223 Auster
635 3166 733 3223 ﬂat
763 3182 887 3223 cum
915 3167 1120 3238 pluvia.

383 3256 624 3314 Pluvius
655 3259 747 3313 ﬂat
774 3260 974 3315 Auster
1001 3257 1313 3314 violentior.

392 3349 720 3422 Septentrio
762 3351 936 3406 multo
977 3348 1153 3405 imbre
1197 3357 1252 3404 et
1295 3360 1492 3418 aspera
1541 3352 1752 3416 tempe-

454 3449 607 3499 state
636 3442 747 3497 ﬂat.

388 3532 601 3592 Auster
634 3537 825 3608 spirat.

378 3622 614 3681 Astrum
645 3627 971 3690 obscurum,
1003 3623 1178 3695 prima
1212 3617 1334 3676 Mali
1367 3636 1492 3693 pars
1519 3620 1750 3688 occidit,

456 3727 632 3774 noctu
662 3719 822 3774 etiam
855 3713 1012 3789 pluit.

387 3807 620 3866 Astrum
661 3809 957 3866 obscurum
987 3852 1002 3878 ,
1059 3808 1205 3863 varia
1246 3803 1533 3878 Aquilonis
1561 3811 1615 3860 et
1652 3803 1754 3858 Se-

455 3904 792 3973 ptentriouis
845 3902 1248 3968 inconstantia;
1307 3895 1418 3954 Leo
1478 3896 1746 3954 occultari

458 3996 655 4066 incipit
679 4013 692 4062 ;
727 3995 920 4066 pluviae
953 3993 1107 4048 fiunt.

386 4084 702 4156 Septentrio
728 4094 782 4141 et
815 4085 1011 4156 Aquilo
1044 4083 1394 4140 vehementes
1419 4079 1578 4136 ﬂant.

389 4173 483 4230 Sol
513 4177 576 4231 in
610 4176 848 4248 Aquario
868 4218 883 4242 ,
916 4175 1218 4231 Vulturnus
1248 4189 1371 4227 cum
1405 4173 1608 4242 pluvia.

386 4269 636 4327 Fidicula
661 4271 910 4327 occidere
935 4268 1124 4339 incipit
1151 4268 1438 4331 matutino,
1460 4272 1752 4321 ventorum

465 4381 772 4422 concursus
803 4363 953 4418 ﬁunt.

398 4455 508 4514 Leo
529 4465 585 4515 et
608 4457 906 4528 Delphinus
926 4453 1192 4508 matutino
1215 4449 1506 4508 occidunt:
1532 4449 1750 4521 Aquilo,

468 4547 782 4621 Septentrio
818 4553 872 4602 et
910 4546 1109 4602 Auster
1135 4551 1502 4611 concurrunt,
1535 4542 1760 4613 pluviae-

464 4653 570 4709 que
603 4638 758 4694 ﬁunt.

404 4725 702 4786 Conversio
743 4735 798 4784 et
831 4728 1027 4784 hiemis
1056 4725 1320 4781 medium.

406 4818 602 4890 Aquilo
631 4821 724 4875 ﬂat
754 4831 806 4876 et
835 4821 1052 4882 Auster,
1089 4818 1328 4874 medium
1364 4815 1566 4873 Cancri
1596 4815 1756 4872 occi-

471 4911 578 4978 dit,
611 4913 882 4984 Aquarius
913 4925 1189 4983 emergere
1219 4910 1434 4981 incipit.

401 5003 670 5073 Aquarius
715 5011 862 5060 totus
905 5004 1169 5074 emergit,
1197 5001 1416 5058 Africus
1459 5000 1668 5072 spirat,
1701 5007 1756 5055 et

473 5096 628 5166 pluit.

413 5183 653 5243 Fidicula
669 5203 792 5245 cum
808 5187 1017 5243 Cancro
1032 5183 1260 5253 occidit,
1282 5194 1336 5241 et
1359 5185 1568 5256 vesperi
1587 5182 1746 5254 pluit.

411 5275 600 5349 Aquilo
629 5280 722 5336 ﬂat
755 5297 878 5337 cum
910 5282 1116 5353 pluvia.
1157 5327 1173 5344 ,

412 5365 617 5427 Hiemat
657 5373 812 5440 dies,
857 5372 1224 5430 vehementius
1271 5370 1402 5425 ﬂant
1444 5367 1648 5439 Aquilo
1696 5375 1750 5424 et

477 5459 794 5520 Vulturnus.

413 5549 725 5628 Tempestas
751 5556 1037 5622 turbidior,
1068 5555 1231 5612 iidem
1257 5554 1388 5614 ﬂant
1415 5553 1583 5610 venti.

419 5640 626 5700 Hiemat
654 5645 769 5700 dies
787 5686 802 5710 ,
831 5647 994 5702 iidem
1023 5645 1152 5700 ﬂant
1176 5645 1354 5710 venti,
1379 5643 1622 5700 Fidicula
1654 5659 1753 5702 oc-

480 5734 657 5790 cidere
688 5735 894 5807 incipit.

513 5828 780 5887 PATBOL.
820 5828 935 5887 Gn.
973 5828 1144 5891 XIX.

1778 4167 1820 4224 C

1782 5514 1830 5569 D

1785 1478 1831 1534 Α
1858 1469 1932 1524 vi.

2076 1466 2337 1523 Austrum
2373 1468 2584 1524 clarum
2621 1471 2673 1526 in
2700 1481 2916 1543 pectore
2948 1473 3144 1533 Leonis
3173 1481 3422 1539 occidere

2143 1561 2363 1632 incipit,
2390 1561 2631 1617 Fidicula
2653 1568 2864 1636 vesperi
2889 1569 3124 1636 occidit,
3151 1571 3242 1626 ﬂat
3261 1573 3424 1644 Aqui-

2136 1654 2224 1722 lo,
2256 1661 2311 1710 et
2340 1653 2610 1709 interdum
2643 1657 2802 1726 pluit.

1857 1763 1912 1804 ν.
2078 1743 2377 1802 Ventorum
2410 1760 2714 1804 concursus
2747 1765 2869 1804 cum
2900 1751 3138 1810 nivibus.

1857 1838 1932 1893 iv.
2077 1837 2376 1908 Delphinus
2410 1839 2661 1894 occidere
2693 1841 2907 1914 incipit.

1857 1927 1937 1984 iii.
2071 1926 2318 1983 Fidicula
2359 1929 2507 1982 circa
2550 1931 2780 2000 primam
2821 1934 2992 1989 facem
3026 1944 3180 2008 parte
3214 1938 3296 1994 sui
3327 1953 3421 1994 oc-

2134 2018 2317 2074 cidere
2357 2017 2582 2092 incipit,
2610 2025 2900 2082 vehemens
2929 2027 3022 2082 ﬂat
3064 2029 3258 2100 Aquilo
3297 2045 3412 2085 cum

2133 2109 2327 2166 imbre.

1856 2221 1943 2261 ra.
2070 2206 2278 2262 Imbres
2303 2221 2428 2262 cum
2458 2207 2679 2264 nivibus
2707 2210 2955 2280 permisti
2979 2210 3187 2266 cadunt
3209 2244 3222 2254 ο

2539 2315 2730 2375 XXXI.

2406 2411 2867 2468 FEBRUARIUS.‘

1855 2519 1926 2577 Κ.
2074 2518 2381 2580 Obscurum
2421 2533 2632 2581 astrum
2677 2536 2935 2598 apparet,
2973 2530 3171 2587 Auster
3200 2537 3255 2586 et
3285 2529 3420 2586 ναι.

2133 2621 2333 2671 turnus
2361 2613 2515 2672 ﬂant.
2552 2616 2799 2674 Fidicula
2827 2621 3077 2677 occidere
3106 2622 3314 2693 incipit.

1855 2703 1928 2758 iv.
2075 2700 2182 2760 Aer
2210 2720 2434 2762 crassus
2461 2716 2577 2771 est,
2607 2707 2884 2766 Favonius
2909 2709 3040 2767 ﬂare
3069 2711 3278 2784 incipit.

1856 2795 1934 2850 iii.
2079 2794 2314 2851 Medium
2358 2795 2558 2854 Leonis
2604 2814 2730 2854 cum
2779 2799 3024 2858 Fidicula
3059 2806 3290 2872 occidit,
3325 2808 3422 2864 Se-

2014 2881 2020 2886 ’
2136 2889 2476 2960 ptentriones
2507 2900 2562 2948 et
2589 2892 2787 2964 Aquilo
2815 2893 2972 2950 ﬂant.

1855 2989 1940 3032 rn.
2067 2973 2367 3050 Delphinus
2393 2983 2628 3052 occidit,
2657 2984 2857 3040 Auster
2883 2989 3095 3059 vesperi
3129 2989 3420 3048 violentior

2134 3075 2223 3132 ﬁt.
2255 3081 2310 3130 et
2338 3075 2494 3132 pluit.

2134 3091 2223 3140 nt,
2255 3091 2310 3130 et
2376 3091 2494 3132 luit.

1854 3160 2013 3219 NON.
2066 3163 2214 3220 Zona
2250 3091 2473 3223 Orifmis
2502 3171 2757 3241 emergit,
2787 3169 3041 3228 turbidus
3071 3180 3156 3229 est
3187 3189 3284 3230 aer
3312 3171 3419 3229 Fa-

1855 3267 1863 3274 '
2133 3256 2279 3311 vonii
2311 3255 2462 3313 ﬂatu.

2069 3344 2312 3402 Fidicula
2342 3348 2569 3417 occidit,
2601 3360 2656 3407 et
2680 3349 2953 3410 Favonius
2983 3356 3051 3411 ab
3079 3371 3276 3414 occasu
3307 3359 3418 3416 ﬂat.

2067 3435 2224 3494 Veris
2257 3438 2470 3494 initium
2495 3481 2511 3507 ,
2549 3439 2822 3500 Favonius
2854 3447 3047 3516 spirat.

1853 3344 1971 3401 viii.

1853 3433 1948 3490 vii.

1853 3527 1926 3582 vi.
2077 3526 2350 3585 Favonius
2378 3538 2431 3585 et
2459 3532 2656 3602 Aquilo
2687 3536 2912 3605 spirant.

1854 3636 1909 3673 v.
2071 3617 2383 3674 Obscurum
2410 3633 2620 3677 asuum
2644 3665 2657 3688 ,
2690 3629 2921 3702 emergit
2946 3627 3240 3699 Aquarius.

1853 3713 1926 3769 iv.
2073 3710 2381 3788 Septentrio
2405 3735 2528 3775 cum
2556 3719 2796 3778 Favonio
2821 3721 2934 3786 ﬂat,
2959 3723 3230 3779 interdum
3256 3725 3419 3782 etiam

2137 3809 2293 3878 pluit.

1854 3897 1936 3951 iii.
2070 3898 2408 3959 Subsolanus
2437 3902 2642 3974 spirat,
2671 3913 2725 3959 et
2754 3904 3022 3961 Arcturus
3049 3905 3244 3962 oritur.

1853 4004 1939 4044 re.
2063 3990 2362 4048 Ventorum
2395 4009 2698 4052 concursus
2727 4003 2780 4051 et
2816 4013 3017 4068 pugna.

1855 4077 1942 4132 ll).
2053 4078 2376 4152 Sagittarius
2398 4085 2607 4154 vesperi
2632 4084 2860 4150 occidit,
2891 4093 3186 4156 tempestas
3208 4101 3422 4157 aspera.

1855 4165 1964 4223 xvi.
2056 4173 2248 4228 Crater
2288 4175 2501 4244 vesperi
2547 4177 2720 4231 oritur
2745 4183 2819 4242 et,
2851 4180 3198 4233 commutatis
3226 4182 3422 4248 ventis,

2137 4274 2355 4335 superat
2383 4266 2601 4322 Auster.

1859 4367 1946 4407 xv.
2073 4353 2164 4409 Sol
2200 4357 2252 4410 in
2286 4359 2562 4426 piscibus.
2594 4359 2798 4415 hiemat
2833 4374 2946 4415 aer.

1858 4444 1967 4498 xiv.
2069 4443 2376 4516 Septentrio
2405 4448 2498 4504 ﬂat
2527 4465 2651 4504 cum
2683 4450 2905 4506 Austro.
2939 4449 3030 4506 Sol
3058 4465 3254 4509 novus.

1861 4534 1976 4591 xiii.
2060 4535 2225 4607 Virgo
2246 4539 2448 4594 occidit
2471 4540 2624 4610 juxta
2653 4539 2929 4597 Geminos.
2957 4541 3153 4600 AuSter
3181 4542 3272 4599 ﬂat
3296 4559 3420 4601 cum
3499 4597 3504 4601 .

2139 4627 2377 4685 Favonio
2404 4641 2458 4685 et
2487 4631 2775 4700 Aquilone.

1857 4718 1954 4774 xii.
2066 4718 2170 4792 55
2201 4721 2372 4778 Malus
2415 4724 2629 4794 vesperi
2660 4723 2881 4782 occidit.
2912 4723 3185 4784 Favonius
3225 4727 3419 4799 spirat,

2138 4820 2192 4866 et
2221 4807 2387 4884 Virgo
2416 4815 2666 4870 occidere
2705 4816 2916 4887 incipit.

1859 4902 1933 4956 xi.
2050 4901 2358 4975 Septentrio
2385 4917 2437 4960 et
2460 4906 2659 4964 Auster
2680 4907 2810 4963 ﬂant
2845 4928 2857 4964 :
2895 4909 3069 4967 Malus
3091 4912 3418 4968 occultatur.

1859 5011 1913 5048 x.
2056 4997 2255 5068 Aquilo
2289 4999 2571 5068 pluviosus
2605 5001 2797 5072 spirat.
2834 5002 2944 5058 Leo
2987 5003 3210 5060 occidit.
3247 5004 3420 5074 Aqui-

2138 5089 2292 5146 lones
2323 5089 2630 5147 Chelidonii
2655 5092 2908 5163 appellati
2929 5093 3220 5164 incipiunt,
3251 5102 3306 5149 et
3326 5109 3424 5164 per

2138 5181 2490 5247 quatriduum
2523 5182 2672 5238 ﬂant.
2702 5183 3037 5240 Hirundines
3063 5196 3346 5255 apparent.

2070 5272 2336 5329 Arcturus
2363 5274 2507 5328 circa
2532 5275 2761 5345 primam
2785 5275 3021 5346 vigiliam
3063 5275 3312 5331 occidere
3338 5275 3426 5330 tn-

2135 5365 2286 5434 cipit,
2343 5363 2617 5422 Favonius
2675 5367 2867 5438 spirat,
2960 5383 3177 5438 noxque
3234 5367 3420 5423 nubila

2129 5456 2341 5512 exsistit
2357 5483 2373 5498 ο

2064 5545 2344 5618 Halcyonii
2373 5547 2621 5618 appellati
2650 5549 2787 5606 dies.

2065 5639 2240 5693 Corus
2276 5647 2330 5695 et
2359 5639 2553 5710 Aquilo
2583 5641 2743 5696 simul
2775 5641 2925 5696 ﬂant.

2065 5731 2338 5802 Aquarius
2363 5733 2494 5788 oriri
2526 5733 2734 5805 incipit,
2766 5743 2820 5789 et
2847 5735 3002 5805 pluit.

1857 5268 1929 5325 ix.

1862 5544 1976 5602 viii.

1859 5637 1954 5693 vii.

1859 5733 1931 5788 vi.
