3886 6268
402 319 506 376 907

401 455 454 492 ν.

403 532 477 588 iv.

404 625 481 679 iii.

405 733 488 772 Pl.

404 1061 470 1118 K.

405 1169 474 1208 Vl.

405 1356 438 1393 ν
445 1380 459 1395 ο

407 1523 478 1578 iv.

409 1721 493 1759 PB.

1419 317 1510 374 AD
1549 316 1817 376 EUSEBII
1849 317 2248 377 CHRONlCON
2283 321 2662 380 APPENDIX.

601 436 868 494 Arcturus
905 439 1132 510 emergit
1171 447 1224 493 et
1252 440 1409 510 pluit.
2002 452 2051 506 Α

599 533 864 588 Arcturus
886 533 1062 588 oritur
1084 535 1377 589 matutino.

609 623 782 680 Malus
824 627 1036 697 vesperi
1071 626 1292 682 occidit.
2075 599 2138 654 Κ·

605 715 879 774 Favonius
901 719 1007 774 late
1029 719 1220 790 spirat.
1252 717 1467 775 Vernus
1495 727 1578 774 est
1609 719 1746 773 dies.

1073 831 1310 887 xxvm.
2076 897 2129 936 Π

1023 947 1282 1004 MARTIU
1295 947 1351 1004 s.
2077 924 2158 1025 ξέεξ

615 1063 818 1119 Auster
847 1070 902 1120 et
937 1063 1158 1119 Africus
1190 1063 1353 1118 simul
1386 1065 1620 1134 spirant.
2079 1079 2164 1117 pa.

615 1153 993 1210 Vindemiator
1015 1172 1277 1227 apparere
1301 1156 1512 1226 incipit.
1543 1156 1741 1226 Aquilo
1769 1157 1978 1228 gelidus
2080 1153 2238 1209 NON.

686 1245 796 1301 ﬂat.
831 1246 1096 1303 Arcturus
1139 1248 1339 1304 occidit
1370 1251 1666 1305 matutino.
2078 1249 2192 1305 viii.

615 1337 724 1395 Aer
754 1338 1059 1407 nimbosus,
1118 1350 1171 1398 et
1231 1343 1390 1413 pluit.
1437 1343 1702 1400 Arcturus
1753 1345 1979 1417 emergit

686 1432 896 1486 elevato
922 1431 1065 1495 Sole,
1093 1443 1145 1488 et
1171 1432 1265 1487 ﬂat
1289 1434 1508 1504 Aquilo.
2079 1431 2173 1484 vii.

612 1523 880 1579 Arcturus
919 1525 1171 1580 similiter
1199 1529 1443 1596 emergit.
2080 1526 2153 1578 vi.

610 1614 876 1670 Arcturus
906 1615 1144 1670 interdiu
1175 1618 1428 1687 emergit.

602 1705 799 1776 Aquilo
822 1705 934 1772 ﬂat,
966 1707 1278 1764 nubilosum
1313 1709 1541 1763 coelum.
2081 1725 2134 1762 v.

408 1796 565 1852 NON.
605 1800 794 1869 Equus
817 1800 1018 1854 occidit
1049 1801 1336 1864 matutino,
1368 1809 1420 1856 et
1443 1800 1534 1855 ﬂat
1557 1802 1775 1872 Aquilo.
1806 1803 1979 1859 Coro—
2008 1799 2050 1852 B
2081 1801 2153 1856 iv.

409 2071 522 2127 viii.

412 2441 505 2494 vii.

411 2625 486 2682 vi.

411 2922 468 2959 ν.

414 3087 486 3142 iv.

415 3272 496 3327 iii.

413 3472 500 3510 Ριι.

415 3547 501 3602 ID.

416 3641 545 3695 xvii.

417 3827 525 3882 xvi.

415 3935 505 3976 XV.

415 4013 526 4064 xiv.

415 4103 532 4156 xiii.

416 4284 511 4338 xii.

416 4380 491 4434 xi.

417 4488 473 4526 Χ.

418 4562 491 4616 ix.
533 4555 550 4563 “

416 4749 528 4804 viii.

415 5026 511 5081 vii.

418 5215 493 5271 vi.

418 5325 473 5363 ν.

419 5485 495 5540 iv.

421 5576 502 5630 iii.

419 5680 508 5724 PB.

685 1905 757 1945 na
788 1891 1056 1944 matutino
1093 1891 1424 1957 occultatur,
1454 1908 1718 1962 aquarum
1742 1895 1808 1951 de
1841 1897 1980 1951 cmlo
2083 1893 2162 1948 iii.

687 1981 917 2051 pluvies.
2082 2001 2167 2038 rn.

620 2072 842 2128 Marinae
887 2088 1013 2128 aves
1059 2089 1322 2144 apparere
1363 2075 1658 2147 incipiunt.
1700 2077 1897 2148 Aquilo
1931 2089 1983 2134 et
2082 2076 2170 2133 ID.

691 2165 1102 2236 Septentriones
1131 2167 1282 2222 ﬂant.
1318 2165 1656 2239 Princnpium
1689 2167 1846 2226 Veris
1873 2181 1982 2229 est.
2084 2170 2233 2227 xviii.

693 2255 786 2310 Sol
818 2256 1056 2313 Piscium
1082 2258 1366 2313 dimidium
1401 2259 1636 2315 obtinet.
1669 2259 1854 2332 Equus
1886 2279 1981 2320 oc-
2083 2263 2212 2320 xvii.

692 2350 844 2404 cidit.

619 2440 815 2496 Milvus
854 2457 1118 2513 apparere
1162 2443 1374 2514 incipit,
1401 2443 1492 2499 ﬂat
1519 2443 1741 2512 Auster,
1778 2444 1982 2502 Piscis-
2085 2447 2194 2501 xvi.

689 2550 796 2605 que
825 2534 879 2588 in
919 2547 1134 2607 tergore
1179 2537 1448 2590 matutino
1476 2537 1741 2592 occultari
1771 2537 1980 2607 incipit.
2084 2556 2172 2594 xv.

631 2625 817 2697 Equus
868 2629 1069 2682 occidit
1103 2629 1390 2720 matutino.
1444 2628 1638 2685 Milvus
1690 2645 1720 2683 a
1766 2631 1985 2685 sublimi
2085 2633 2194 2686 xiv.

691 2720 950 2776 deorsum
986 2719 1178 2792 vergit.
1212 2719 1586 2777 Vindemiator
1623 2723 1841 2777 occidit.
1878 2721 1985 2774 Ar-
2085 2722 2201 2778 xiii.

694 2821 884 2868 cturus
901 2821 1076 2866 autem
1101 2815 1348 2884 emergit,
1368 2822 1419 2867 et
1436 2814 1643 2882 gelidus
1660 2813 1749 2866 ﬂat
1766 2814 1980 2882 Aquilo.
2086 2813 2179 2867 xii.

623 2904 830 2960 Hiemis
875 2907 1172 2971 abscessio,
1224 2913 1276 2961 et
1324 2905 1608 2975 Aquilonis
1657 2907 1721 2961 ad
1756 2904 1986 2976 Septen-
2086 2903 2160 2958 xi.

694 2997 902 3052 triones
927 2998 1302 3052 commutatio.
2087 3012 2140 3052 Χ.

632 3085 843 3142 Desinit
875 3086 1046 3142 Piscis
1074 3103 1104 3140 a
1137 3094 1350 3158 tergore
1383 3084 1606 3141 elevari.
1657 3083 1968 3155 Septentrio
2014 3135 2056 3158 η
2088 3088 2164 3144 ix.

695 3180 780 3234 vel
813 3179 1014 3233 Austcr
1040 3178 1151 3232 ﬂat.
1221 3135 1250 3158 υ
1730 3135 1757 3155 r
2088 3179 2200 3234 viii.

621 3271 769 3342 Argo
801 3271 958 3325 navis
983 3271 1207 3342 emergit
1238 3271 1470 3340 vesperi.
1497 3269 1769 3326 Favonius
1798 3278 1850 3324 et
1875 3271 2002 3325 Au-.
2083 3271 2178 3325 vii.

697 3370 809 3418 ster
833 3363 984 3426 ﬂant,
1014 3370 1066 3416 ct
1095 3363 1151 3416 in
1186 3361 1383 3418 Leonis
1410 3363 1582 3418 cauda
1611 3363 1812 3418 hiemat
1843 3363 1980 3418 dies.
2085 3362 2156 3416 vi.

612 3454 809 3524 Aquilo
839 3470 935 3525 per
962 3462 1135 3508 totum
1165 3454 1256 3508 ﬂat
1281 3454 1444 3508 diem.
2086 3471 2141 3508 v.

614 3546 800 3617 Equus
831 3547 1050 3614 occidit,
1083 3554 1136 3602 et
1163 3547 1358 3616 Aquilo
1391 3546 1482 3600 ﬂat
1506 3545 1736 3616 gelidus.
2088 3546 2159 3600 iv.

609 3640 701 3696 Sol
735 3641 789 3694 in
826 3639 1032 3694 Aricte.
1070 3637 1346 3694 Favonius
1385 3639 1491 3694 late
1521 3641 1716 3710 Spirat.
1762 3637 1985 3692 Ciconia
2088 3637 2165 3692 iii.

697 3743 937 3804 apparet,
973 3740 1027 3787 et
1056 3747 1204 3787 mare
1237 3733 1579 3788 transmittit.
2088 3746 2172 3784 pa.

621 3824 1002 3880 Inconstantes
1034 3824 1204 3880 venti.
1248 3825 1447 3894 Aquilo
1477 3826 1669 3894 spirat.

614 3918 814 3974 Auster
839 3916 950 3973 ﬂat.
981 3915 1176 3972 Milvus
1204 3916 1443 3972 diluculo
1465 3925 1702 3986 apparet.

617 4010 814 4080 Aquilo
843 4023 1070 4064 serenus
1100 4007 1303 4078 spirat.

609 4100 796 4172 Equus
827 4101 1027 4156 occidit
1066 4099 1352 4154 matutino.
1385 4099 1584 4170 Aquilo
1616 4099 1700 4154 vel
1752 4097 1984 4170 Septen-

697 4193 803 4249 trio
834 4192 944 4247 ﬂat.

604 4283 760 4339 Aries
790 4286 842 4338 in
874 4284 1014 4338 latus
1037 4284 1285 4353 emergit.
1317 4281 1462 4336 Pluit
1491 4290 1583 4336 aut
1625 4283 1820 4354 ningit.
2089 4279 2152 4334 Κ.

605 4377 812 4433 Cancer
841 4387 1054 4448 tergore
1079 4379 1276 4434 oritur.
1312 4378 1511 4433 Auster
1539 4377 1651 4431 ﬂat.
2093 4375 2164 4427 vi.

603 4471 1035 4543 Equinoctium,
1069 4473 1226 4543 pluit,
1251 4471 1524 4527 interdum
1557 4480 1728 4526 tonat.
2019 4485 2062 4539 ι)
2090 4483 2141 4520 v.

603 4563 1007 4633 Septentriones
1049 4574 1102 4618 et
1131 4564 1328 4635 Aquilo
1349 4562 1498 4616 ﬂant.
1544 4560 1734 4633 Equus
1791 4563 1992 4616 occidit
2095 4556 2163 4607 iv.

698 4659 983 4713 matutino.

620 4749 808 4806 Pisces
843 4760 1056 4820 tergore
1094 4755 1403 4819 emergunt,
1454 4749 1545 4802 nix
1607 4748 1780 4803 imbre
1827 4747 1990 4802 mista

700 4839 865 4893 cadit.
897 4840 1053 4894 Aries
1083 4839 1349 4892 matutino
1384 4840 1612 4908 emergit
1645 4853 1768 4891 cum
1824 4838 1985 4902 mari,

709 4931 939 4986 turbatio
970 4931 1134 4986 aeris.

603 5025 1010 5097 A‘Jquinoctium
1069 5037 1318 5089 vernum,
1383 5021 1542 5092 pluit,
1591 5020 1869 5076 interdum
1931 5027 1986 5075 et

699 5127 872 5173 tonat.

636 5214 757 5268 Nox
790 5223 844 5268 et
872 5212 988 5268 dies
1013 5210 1249 5282 aequales
1278 5209 1568 5264 exsistunt.

619 5303 880 5376 Scorpius
923 5305 1122 5360 occidit
1150 5323 1162 5357 :
1188 5302 1478 5357 vehemens
1511 5299 1601 5354 ﬂat
1628 5306 1843 5366 ventus,
1875 5299 1992 5368 plu-

700 5397 927 5467 viasque
954 5410 1074 5450 cum
1113 5393 1408 5450 tonitribus
1431 5391 1774 5446 commiscet.
1983 5408 1985 5410 ·
2071 5433 2075 5438 .

639 5483 900 5554 Scorpius
926 5483 1145 5538 occidit.
1194 5481 1502 5552 Septentrio
1540 5478 1632 5532 ﬂat
1674 5477 1914 5550 pluvius.
2092 5495 2144 5531 v.

2092 4845 2178 4884 PR.

2091 5105 2204 5160 viii.

2092 5199 2185 5253 vii.

2094 5293 2163 5348 vi.

633 5575 832 5631 Auster
852 5573 944 5628 ﬂat
975 5581 1029 5629 et
1060 5573 1217 5644 pluit.
2095 5573 2164 5625 iv.

617 5664 914 5722 Ventorum
944 5667 1226 5737 procellae;
1259 5673 1309 5718 et
1345 5681 1484 5736 szepe
1516 5663 1670 5736 pluit.
2096 5663 2172 5716 iii.

1126 5756 1308 5811 XXXI.
2097 5769 2179 5808 rit.

3570 315 3672 374 008

2713 461 3006 519 APRILIS.

2290 603 2550 673 Scorpius
2573 601 2813 657 occidit:
2854 599 2948 655 Sol
2980 599 3085 654 diei
3121 607 3334 670 partem
3372 609 3550 650 unam
3581 594 3672 648 ad-

2363 695 2463 750 dit.
2487 694 2773 764 Aquilonis
2803 692 2929 746 ﬂatu
2953 691 3274 746 nebulosum
3309 697 3403 745 est
3435 687 3669 741 cmlum:

2357 785 2611 855 Vergiliae
2639 785 2774 838 oriri
2816 789 2869 838 et
2911 780 3327 852 praesigniﬁcari
3370 777 3700 845 incipiunt;

2288 877 2598 934 Nebulosus
2631 889 2725 931 aer
2754 889 2850 945 per
2884 887 3074 928 omnes
3102 880 3300 927 terras.

2284 968 2532 1040 Vergiliae
2561 965 2818 1021 occidunt
2864 965 3198 1034 vespertino.

2276 1060 2396 1115 Flat
2432 1059 2676 1114 Africus.

2288 1153 2562 1210 Favonius
2587 1152 2783 1223 spirat.

2286 1247 2502 1303 Suculae
2525 1254 2812 1320 emergunt
2845 1265 2858 1301 :
2894 1246 3198 1318 pluviaeque
3229 1243 3297 1297 ab
3323 1242 3547 1297 Austro
3580 1241 3674 1295 de-

2359 1339 2672 1395 volvuntur.

2283 1431 2480 1486 Auster
2517 1431 2630 1495 ﬂat,
2661 1439 2714 1486 et
2735 1429 3100 1501 Vergiliarum
3131 1427 3406 1496 reliquum
3443 1425 3670 1480 occidit.

2291 1523 2566 1578 Favonius
2609 1523 2739 1578 ﬂare
2791 1523 2981 1592 incipit
3043 1519 3316 1572 matutino
3360 1539 3373 1574 :
3410 1517 3672 1588 Vergiliae

2361 1615 2634 1670 occidunt.

2278 1706 2557 1762 Australes
2586 1705 2857 1776 procellae.

2290 1800 2486 1870 Aquilo
2516 1797 2951 1874 vehemensﬂat,
2987 1795 3186 1868 vesper
3211 1803 3298 1854 est
3342 1793 3660 1867 pluviosas.

2291 1889 2496 1961 Frigidi
2525 1889 2656 1943 ﬂant
2686 1889 2853 1955 venti,
2886 1898 2940 1944 et
2971 1889 3128 1959 pluit.

2291 1983 2504 2038 Suculaa
2527 1983 2899 2038 occultantur.

2281 2077 2480 2147 Aquilo
2507 2075 2623 2140 ﬂat,
2655 2090 2888 2146 parvum
2918 2090 3162 2146 przescpe
3189 2077 3454 2130 exoritur.

2283 2170 2594 2226 Obscurum
2625 2177 2856 2235 astrum,
2889 2177 2943 2224 et
2971 2169 3141 2233 venti,
3179 2176 3232 2224 et
3264 2169 3488 2226 imbres.

2292 2262 2506 2318 Suculas
2533 2261 2790 2318 occidunt
2821 2280 2836 2317 :
2861 2259 3043 2332 frigidi
3063 2261 3276 2332 spirant
3305 2263 3452 2318 venti
3479 2283 3492 2318 :
3527 2261 3659 2319 Per-

2361 2370 2488 2410 seus
2509 2354 2704 2409 oritur.

2301 2444 2514 2500 Suculm
2542 2445 2802 2501 occidunt
2837 2463 2851 2500 :
2883 2444 3055 2514 spirat
3085 2443 3380 2502 Favonius.

2299 2539 2392 2593 Sol
2425 2540 2477 2593 in
2507 2538 2691 2594 Tauro
2725 2578 2741 2606 ,
2779 2538 2994 2592 Suculce
3015 2539 3388 2596 occultantur.

2291 2631 2511 2686 Africus
2532 2630 2645 2688 ﬂat.

2281 2720 2496 2776 Sucula:
2521 2721 2740 2792 penitus
2765 2717 3280 2777 occidunt.Africus
3302 2720 3397 2777 ﬂat
3419 2719 3647 2793 vesperi.

2294 2813 2567 2869 Favonius
2601 2815 2792 2884 spirat.

2295 2901 2459 2957 Tauri
2495 2912 2660 2974 caput
2688 2904 2890 2959 occidit
2919 2914 2974 2960 et
2997 2904 3154 2972 pluit.

2296 2995 2544 3066 Vergiliae
2576 2997 2901 3051 exoriuntur
2939 3018 2950 3052 :
2987 2995 3263 3050 Favonius
3291 2995 3478 3066 spirat.

2303 3086 2548 3142 Fidicula
2577 3088 2725 3142 circa
2755 3087 2982 3158 primam
3007 3087 3180 3143 facem
3210 3097 3451 3160 apparet.

2297 3177 2537 3234 Fidicula
2568 3179 2830 3244 cernitur,
2865 3187 2920 3234 et
2952 3179 3111 3250 pluit.

2299 3270 2550 3343 Praesepe
2579 3273 2806 3344 emergit
2838 3290 2852 3328 :
2883 3272 3082 3327 desinit
3115 3271 3239 3329 Ver.

2301 3362 2514 3417 Sticula:
2540 3364 2754 3434 penitus
2779 3363 3054 3429 occidunt,
3081 3372 3136 3420 et
3163 3362 3325 3419 Veris
3351 3363 3639 3421 conversis.

2298 3455 2404 3526 56
2441 3454 2639 3510 Auster
2668 3458 2780 3509 ﬂat.

2296 3546 2554 3601 Austrina
2583 3546 2720 3620 dies,
2755 3554 2808 3601 et
2837 3546 3040 3618 pluvia.

2302 3637 2458 3693 Hmdi
2487 3638 2740 3693 oriuntur
2773 3657 2786 3694 :
2817 3638 3018 3694 Auster
3045 3637 3138 3692 ﬂat
3169 3639 3460 3694 matutino.

2291 3730 2457 3787 Canis
2503 3732 2814 3786 occultatur
2849 3731 3068 3802 vesperi
3107 3748 3122 3784 :
3173 3747 3267 3786 aer
3305 3731 3644 3787 conturbatur

2372 3823 2441 3878 ab
2471 3822 2695 3890 Austro,
2731 3830 2786 3878 et
2825 3821 3024 3893 Aquilo
3059 3838 3117 3877 se
3148 3821 3312 3878 simul
3345 3821 3643 3893 permiscet.

2794 3956 2960 4012 XXX.

2760 4115 2991 4173 MAIUS.

2299 4276 2463 4332 Canis
2491 4275 2818 4338 occultatur,
2851 4288 3004 4328 rores
3031 4270 3391 4327 descendunt.

2302 4369 2514 4424 Suculae
2541 4383 2662 4424 cum
2697 4365 2821 4421 Sole
2851 4365 3122 4421 oriuntur.

2303 4462 2610 4517 Centaurus
2655 4467 2879 4530 apparet
2919 4466 3065 4511 totus
3105 4476 3118 4511 :
3157 4455 3432 4510 Favonius
3470 4456 3647 4526 spirat.

2306 4552 2568 4621 Scorpius
2610 4565 2828 4604 sursum
2871 4548 3092 4617 emergit
3138 4546 3380 4617 :Aquilo
3422 4545 3513 4598 ﬂat
3555 4564 3566 4597 :
3603 4551 3650 4598 tl

2372 4659 2524 4698 rores
2550 4642 2773 4697 cadunt.
3086 4641 3094 4647 '

2303 4735 2547 4790 Fidicula
2577 4734 2751 4790 oritur
2780 4733 3066 4787 matutino.

2305 4826 2598 4881 Dimidium
2634 4824 2952 4896 Scorpionis
2983 4821 3202 4877 occidit.

2091 4917 2250 4974 NON.
2307 4917 2557 4987 Vergiliae
2598 4915 2853 4971 oriuntur
2878 4913 3167 4977 matutino,
3197 4919 3252 4966 et
3285 4912 3455 4982 spirat
3489 4907 3625 4963 Favq

2373 5025 2519 5065 mus.

2298 5100 2632 5172 Principium
2658 5099 2864 5156 astatis
2897 5118 2910 5154 :
2943 5097 3217 5153 Favonius
3246 5096 3520 5168 pmvalet.

2305 5195 2504 5251 Eodem
2539 5193 2631 5247 ﬂat
2660 5193 2821 5248 modo
2849 5190 3141 5246 Favonius.

2309 5287 2548 5342 Fidicula
2583 5287 2777 5341 oritur.
2811 5285 3026 5337 Suculze
3056 5281 3329 5336 occidunt.
3370 5279 3532 5335 Tauri
3563 5293 3633 5332 cx

2374 5391 2468 5451 put
2495 5385 2736 5450 apparet.

2301 5474 2548 5545 Vergilite
2579 5479 2858 5542 apparent.

2304 5568 2552 5637 Vergiliae
2584 5567 2852 5621 oriuntur.
2891 5562 3087 5617 Auster
3125 5559 3237 5615 ﬂat.

2308 5660 2521 5714 Suculze
2552 5656 2827 5713 occidunt.
2863 5653 3104 5726 Austrini
3137 5660 3264 5708 sunt
3289 5650 3467 5708 ﬂatus.

2313 5750 2569 5820 Scorpius
2592 5745 2812 5813 occidit,
2844 5753 2896 5800 et
2913 5743 3159 5798 Fidicula
3179 5742 3353 5798 oritur
3375 5737 3649 5796 matutine.
