3886 6268
115 376 221 434 909

117 586 253 642 xvii.

117 679 227 734 xvi.

116 878 206 917 XV.

118 955 228 1009 xiv.

118 1046 232 1100 xiii.

116 1137 213 1192 xii.

118 1228 190 1281 xi.

119 1426 190 1465 ιι.

115 1501 232 1556 viii.

119 1592 209 1644 vii.

120 1685 188 1739 vi.

122 1881 190 1919 ιγ.

125 1961 199 2016 iii.

130 2573 188 2632 Κ.

134 2666 198 2722 iv.

135 2853 208 2908 iii.

137 2964 215 3004 PR.

1235 379 1734 458 PTOLEMASLDE
1770 381 2252 450 APPARENTIIS.

341 495 586 554 Cancer
607 501 853 555 exoritur
889 516 901 552 :
933 511 984 556 et
1011 501 1106 556 ﬂat
1127 501 1348 560 Auster.

337 585 590 646 Initium
620 595 846 650 aestatis.

337 679 640 755 Procyon,
684 701 846 756 quam
887 686 1107 758 quidam
1146 687 1455 744 caniculam
1504 697 1725 753 vocant,

423 776 667 833 occidit.

342 863 450 920 Sol
489 866 550 922 in
579 865 840 924 Geminis.

345 955 576 1013 Auster
601 958 694 1013 ﬂat
724 961 954 1031 vesperi.

333 1044 581 1102 Suculas
602 1050 872 1118 oriuntur,
897 1060 950 1106 et
978 1051 1071 1106 ﬂat
1103 1053 1328 1124 Aquilo.

342 1138 639 1197 Arcturus
664 1142 882 1208 occidit,
912 1159 1111 1214 aerque
1139 1146 1525 1201 conturbatur.

348 1228 706 1302 Sagittarius
732 1235 952 1302 occidit,
983 1247 1038 1292 et
1064 1237 1156 1290 ﬂat
1178 1237 1396 1293 Auster.

330 1317 575 1378 Gemini
605 1325 946 1394 exoriuntur,
980 1336 1034 1384 et
1062 1328 1277 1398 Aquila.

334 1409 579 1469 Suculaa
610 1417 744 1471 oriri
775 1417 1059 1488 incipiunt,
1093 1429 1147 1476 et
1181 1421 1337 1491 pluit.

327 1502 578 1574 Capella
608 1508 783 1563 oritur
814 1511 1101 1576 matutino,
1145 1526 1194 1567 et
1225 1511 1318 1566 ﬂat
1342 1513 1567 1584 Aquilo.

341 1592 580 1652 Taurus
601 1599 820 1652 occidit.
841 1600 1040 1656 Auster
1054 1601 1319 1672 etAquilo
1345 1602 1494 1659 ﬂant.

332 1685 560 1741 Auster
586 1689 778 1758 spirat.

338 1776 608 1832 Fidicula
641 1780 818 1835 oritur
843 1784 1114 1838 matutino
1146 1801 1161 1840 2
1191 1797 1245 1840 et
1266 1785 1466 1843 Auster
1493 1787 1609 1844 ﬂat.

331 1866 558 1923 Auster
592 1869 883 1928 vehemens
915 1871 1028 1928 ﬂat.

332 1960 608 2034 Vergiliae
632 1964 974 2032 exoriuntur,
1014 1966 1221 2024 imbres
1262 1985 1386 2025 cum
1426 1973 1718 2032 tonitribus

411 2055 587 2113 ﬁunt.

333 2146 676 2219 Tempestas
739 2167 966 2223 aspera,
1009 2155 1211 2212 hiemat
1259 2173 1354 2214 aer

419 2243 645 2312 vesperi
673 2244 913 2299 tonitrua
943 2258 1375 2304 commoventur.

818 2357 1011 2414 XXXI.

793 2467 1058 2527 JUNIUS.

337 2575 571 2634 Suculas
599 2587 725 2637 totae
759 2593 1044 2657 emergunt
1076 2604 1090 2641 :
1127 2585 1326 2643 Auster
1357 2589 1472 2644 ﬂat.

334 2671 549 2742 Aquilo
593 2676 838 2731 exoritur
884 2695 898 2732 :
953 2680 1096 2736 aeris
1152 2688 1474 2752 tempestas,
1517 2693 1572 2738 et
1621 2684 1714 2738 ﬂat

410 2762 716 2824 Favonius.

340 2857 640 2916 Australes
668 2862 918 2932 procella:
946 2879 1071 2918 cum
1100 2864 1378 2922 tonitruis.

335 2951 551 3008 Auster
582 2953 704 3021 ﬂat,
739 2965 791 3011 et
820 2959 977 3028 pluit.

1403 2177 1418 2213 :
1479 2159 1717 2231 ingentia

138 3037 288 3099 NON.
344 3043 551 3116 Aquilo
584 3048 834 3103 exoritur
867 3067 882 3117 ;
921 3049 1020 3103 ﬂat
1053 3059 1259 3117 auster,
1294 3057 1348 3106 et
1377 3050 1534 3121 pluit.

139 3133 243 3186 Viii.

140 3225 227 3282 vii.

141 3319 206 3372 vi.

143 3516 192 3556 ν.

143 3593 211 3647 iv.

147 3781 220 3837 iii.

147 3891 224 3929 PR.

147 3965 228 4024 ΞΒ.

336 3137 544 3208 Aquilo
573 3139 685 3207 ﬂat,
717 3147 769 3196 ct
800 3141 960 3212 pluit.

331 3229 610 3287 Arcturus
639 3235 838 3289 occidit
864 3237 1131 3292 matutino
1161 3256 1174 3290 :
1205 3233 1480 3292 vamﬁus
1510 3235 1704 3307 spirat.

348 3321 656 3394 Delphinus
689 3342 964 3398 emergere
1011 3328 1199 3400 incipit
1238 3350 1252 3384 :
1294 3330 1563 3386 Arcturus
1615 3345 1712 3384 oc-

414 3417 573 3472 cidit.

345 3505 549 3577 Aquilo
587 3507 699 3574 ﬂat,
734 3517 789 3564 et
821 3511 1032 3566 modice
1061 3513 1220 3584 pluit.

413 3693 556 3750 dies.

342 3785 743 3845 Turbulentum
773 3791 973 3846 coelum
999 3805 1125 3845 cum
1157 3791 1437 3853 tonitruis.

347 3877 627 3936 Favonius
655 3882 739 3936 vel
767 3881 942 3936 Corus
963 3881 1076 3944 ﬂat,
1103 3887 1157 3936 et
1187 3891 1357 3936 tonat.

347 3971 652 4045 Delphinus
688 3975 915 4046 emergit
945 3993 960 4029 :
992 3974 1192 4030 Auster
1219 3973 1333 4030 ﬂat.

1754 511 1799 567 Α
1829 522 1912 561 ra.

1827 1032 1900 1088 vi.

1825 1139 1878 1178 ν.

1825 1217 1899 1271 iv.

1827 1512 1910 1552 PR.

3295 386 3402 444 910

2028 510 2295 566 Arcturus
2339 511 2542 567 occidit
2585 511 2876 577 matutino,
2911 517 2966 566 et
3011 506 3153 564 aeris
3199 508 3399 560 inte-

2108 618 2304 673 penes.

2524 717 2666 772 XXX
2680 757 2693 771 .

2477 828 2736 885 JULIUS.

2040 941 2147 1013 57
2177 942 2283 998 Aer
2321 943 2390 999 ab
2421 942 2690 1015 Aquilone
2716 944 3092 997 conturbatur.

2041 1035 2347 1090 Obscurum
2374 1044 2614 1092 astrum:
2636 1036 2833 1091 Auster
2860 1035 2972 1098 ﬂat,
2992 1034 3079 1089 vel
3095 1031 3391 1103 Favonius.

2040 1124 2301 1182 Austrina
2338 1127 2478 1192 dies,
2511 1138 2566 1183 et
2594 1126 2938 1183 conturbatio
2966 1126 3128 1180 aeris.

2044 1217 2211 1274 Orion
2256 1223 2538 1291 exoritur,
2581 1221 2805 1276 Ciconia
2845 1220 3078 1285 occidit,
3127 1227 3180 1275 et
3219 1219 3393 1275 Favo-

2104 1313 2228 1368 nius
2258 1316 2434 1384 spirat

2040 1404 2273 1460 Medium
2299 1408 2495 1462 Cancri
2523 1417 2787 1464 exoritur.

2025 1497 2221 1554 Etesia:
2256 1499 2412 1565 ﬂant,
2445 1508 2498 1555 et
2525 1517 2646 1555 cum
2675 1500 2876 1555 Austro
2910 1499 3228 1570 Aquilones.

1823 1585 1982 1642 NON.
2030 1586 2245 1643 Corona
2283 1590 2484 1651 occidit
2514 1590 2782 1644 matutino
2819 1606 2830 1640 :
2864 1587 2957 1642 ﬂat
2988 1595 3203 1642 Auster.

1823 1677 1938 1730 viii.

1751 1858 1796 1914 B
1823 1857 1912 1912 vii.

1821 1949 1895 2003 vi.

1817 2058 1874 2107 ν’

1820 2150 1894 2190 ιν.

1815 2316 1892 2371 iii.

1816 2425 1900 2463 PR.

1815 2595 1963 2648 xviii.

1813 2689 1921 2743 xvi.

1813 2886 1900 2926 IV.

1812 3149 1922 3204 xiv.

1736 3197 1781 3256 α

1812 3332 1931 3391 xiii.

1814 3424 1907 3479 xii.

330 3597 628 3658 Pluviosus
677 3617 771 3659 aer
810 3619 935 3658 cum
980 3606 1256 3674 tonitruis,
1315 3613 1370 3661 et
1435 3604 1709 3661 Australis
1810 3609 1886 3663 xi.

1813 3714 1864 3752 Χ.

1809 3885 1884 3942 ix.

149 4063 286 4121 xviii.
338 4065 564 4124 Orionis
630 4067 842 4124 humeri
923 4067 1257 4138 elevantur,
1310 4075 1366 4123 et
1436 4068 1709 4141 principia
1805 4071 1917 4126 viii.

148 4245 264 4305 xvii.

150 4341 249 4397 xvi.

151 4444 229 4486 ιν.

155 4617 249 4670 xiv.

152 4709 258 4766 xiii.

156 4802 239 4856 xii.

156 4895 220 4946 xi.

157 4999 204 5041 Ι.

157 5075 221 5130 ix.

157 5168 240 5224 viii

163 5350 241 5404 vii.

160 5442 223 5494 vi.

163 5545 207 5586 γ.

163 5619 225 5677 iv.

415 4161 645 4217 aestatis.

341 4249 656 4306 Obscurum
675 4257 904 4307 astrum.
933 4249 1212 4309 Favonius
1237 4259 1292 4307 et
1315 4251 1518 4308 Auster
1545 4251 1703 4308 ﬂant.

344 4344 504 4401 Aeris
539 4353 832 4416 tempestas
861 4353 916 4401 et
949 4346 1225 4417 Aquilonii
1257 4344 1440 4402 ﬂatus.

344 4433 620 4493 Favonius
645 4453 766 4494 cum
801 4437 1004 4493 Austro
1033 4439 1224 4509 spirat.
1255 4435 1472 4495 Orionis
1491 4435 1703 4494 humeri

1806 4254 1898 4312 vii.

1806 4463 1879 4504 Vl.

412 4537 698 4599 apparent.
1727 4547 1783 4610 ι)
1806 4554 1861 4594 v.

353 4620 447 4677 Sol
479 4622 536 4676 in
565 4623 798 4678 Cancro.
826 4621 996 4678 Orion
1022 4622 1268 4678 exoritur
1291 4622 1578 4678 matutino.
1804 4635 1878 4691 iv,

344 4713 543 4770 Auster
579 4721 633 4771 et
653 4713 924 4771 Favonius
955 4713 1108 4780 ﬂant,
1134 4717 1272 4785 pluit
1295 4722 1352 4771 et
1379 4722 1557 4772 tonat.

341 4805 720 4880 Serpentarius
752 4809 953 4865 occidit
982 4809 1279 4865 matutino.
1801 4821 1880 4876 iii.

349 4901 545 4957 Auster
566 4917 689 4957 cum
715 4902 984 4972 Aquilone
1010 4901 1202 4973 spirat.

343 4993 576 5052 Exortus
605 4993 846 5050 Orionis.
1761 5027 1766 5031 -
1801 5019 1887 5058 pa.

345 5083 572 5140 Obscuri
603 5086 736 5141 astri
774 5093 1016 5150 exortus,
1057 5092 1112 5142 et
1146 5085 1389 5142 calorum
1435 5085 1694 5142 intentio.

349 5175 591 5234 Estivus
629 5177 817 5246 cardo,
855 5186 911 5234 et
957 5187 1336 5236 momentanea
1379 5180 1525 5236 aeris
1571 5193 1703 5249 per-
1757 5207 1768 5217 -

417 5272 673 5328 turbatio.

341 5358 554 5418 Africus
590 5370 644 5420 et
670 5361 942 5421 Favonius
969 5365 1133 5420 simul
1159 5366 1394 5437 spirant.
1802 5368 1869 5425 Κ.

352 5449 670 5509 Brevissima
693 5471 820 5511 nox.
849 5456 1015 5511 Orion
1038 5461 1300 5513 exoritur.

358 5541 498 5599 Pluit
524 5547 754 5616 vesperi.
786 5547 952 5603 Canis
978 5563 1237 5620 apparere
1259 5551 1468 5622 incipit.
1800 5554 1873 5609 iv.

352 5631 643 5691 Ventorum
673 5637 978 5696 conﬂictus.
1800 5646 1881 5701 iii.

358 5726 519 5784 Canis
556 5731 799 5787 exoritur
829 5735 1114 5792 matutino.
1158 5734 1304 5792 Zona
1332 5735 1550 5794 Orionis
1589 5752 1688 5807 ap-
1799 5755 1882 5796 pa.

419 5829 594 5910 paret;

2041 1679 2286 1749 Cepheus
2328 1682 2593 1747 exoritur,
2622 1689 2676 1736 et
2705 1679 2963 1736 Austrina
2997 1678 3141 1733 aeris
3175 1684 3390 1748 pertur-

2101 1771 2268 1828 batio.

2032 1860 2202 1917 Orion
2233 1871 2382 1921 totus
2409 1867 2653 1938 emergit.
2683 1867 2881 1922 Auster
2909 1865 3019 1918 ﬂat.

2019 1950 2335 2010 Etesiarum
2365 1959 2641 2027 prodromi
2671 1958 2829 2014 ﬂatus
2853 1960 3083 2028 spirant.

2032 2045 2237 2103 imbres
2266 2063 2391 2103 cum
2421 2050 2736 2118 tonitribus,
2767 2050 2859 2105 ﬂat
2889 2052 3107 2124 Aquilo.

2006 2136 2174 2195 Orion
2209 2148 2356 2198 totus
2381 2143 2557 2198 oritur
2587 2145 2875 2210 matutino,
2901 2155 2953 2200 et
2983 2146 3263 2216 prodromi
3293 2147 3380 2202 in-

2098 2233 2379 2290 valescunt
2403 2235 2588 2293 ﬂatus.

2029 2320 2248 2379 Africus
2277 2325 2370 2380 ﬂat
2403 2327 2770 2385 turbulentus.

2026 2414 2222 2484 Aquilo
2249 2415 2363 2471 ﬂat.

2030 2504 2287 2563 Canicula
2321 2512 2584 2567 exoritur.
2620 2512 2815 2568 Etesiae
2845 2514 3207 2570 invalescunt.

2030 2595 2195 2653 Orion
2235 2604 2496 2671 exoritur,
2525 2612 2578 2658 et
2611 2607 2880 2662 violentus
2906 2607 2999 2661 ﬂat
3022 2607 3241 2678 Aquilo.

2020 2689 2253 2748 IEstatis
2283 2694 2592 2763 dimidium,
2621 2707 2674 2752 et
2695 2698 2810 2754 dies
2835 2697 3121 2770 Aquilonis
3149 2699 3280 2754 ﬂatu
3311 2700 3386 2754 al-

2093 2785 2323 2855 gentior.

2025 2867 2302 2930 Favonius
2331 2885 2385 2931 et
2415 2877 2686 2932 interdum
2721 2878 2919 2936 Auster
2953 2882 3186 2953 spirant.
3215 2885 3383 2941 Canis

2090 2969 2264 3022 oritur
2292 2972 2582 3036 matutino,
2636 2980 2690 3026 ct
2734 2975 2918 3029 etesiae
2966 2978 3202 3045 amplius
3229 2977 3383 3033 inva-

2040 3087 2046 3095 -
2089 3060 2320 3116 lescunt.

2029 3149 2198 3207 Orion
2231 3154 2494 3210 exoritur.
2526 3154 2700 3213 Corus
2730 3157 2844 3226 ﬂat,
2876 3166 3134 3232 totusque
3160 3174 3383 3234 apparet

2094 3245 2283 3303 Orion.

2027 3333 2118 3391 Sol
2144 3337 2198 3390 in
2225 3336 2426 3395 Leone.
2443 3339 2621 3396 Corus
2641 3341 2832 3412 spirat,
2856 3352 2910 3398 et
2925 3342 3090 3401 Canis
3116 3349 3380 3406 exoritur.

2025 3424 2221 3484 Etesiaa
2250 3443 2374 3484 cum
2417 3429 2540 3486 aliis
2567 3432 2744 3486 ventis
2774 3447 2872 3502 per
2903 3447 3073 3490 unum
3101 3445 3156 3493 et
3190 3438 3381 3511 viginti

2089 3519 2221 3575 ﬂant
2243 3523 2380 3578 dies.

2013 3609 2296 3670 Prodromi
2328 3618 2489 3677 ﬂatus
2521 3622 2626 3707 late
2655 3626 2888 3696 spirant.

2009 3701 2218 3760 Cancer
2250 3715 2399 3766 totus
2432 3727 2555 3766 cum
2577 3701 2765 3772 Leone
2797 3719 3064 3786 exoritur,
3096 3728 3152 3777 et
3181 3720 3379 3794 Aquila

2089 3797 2312 3856 occidit.

2019 3888 2128 3948 Leo
2164 3909 2287 3948 cum
2317 3894 2444 3953 Sole
2473 3901 2718 3956 exoritur
2751 3911 2807 3961 et
2835 3903 3000 3962 Cane.
3036 3907 3246 3963 Cancer
3276 3907 3375 3962 de~

2088 3986 2323 4044 scendit.

2024 4074 2235 4134 Gemini
2284 4082 2532 4140 occidere
2581 4087 2872 4158 incipiunt.
2917 4091 3082 4150 Canis
3123 4100 3371 4170 emergit,

2088 4176 2141 4223 et
2169 4169 2415 4228 Austrini
2447 4183 2575 4230 sunt
2602 4177 2784 4236 ﬂatus.

2006 4259 2194 4332 Caligo
2219 4278 2472 4324 arenosa.
2501 4269 2694 4340 Aquila
2723 4273 2944 4340 occidit,
2971 4275 3081 4332 Leo
3103 4281 3368 4346 exoritur,

2084 4353 2177 4409 ﬂat
2207 4357 2427 4415 Auster.

2013 4449 2352 4509 Canicularis
2383 4462 2568 4511 astus.

2018 4538 2378 4600 Vehementes
2398 4547 2627 4604 calores.
2651 4547 2848 4607 Etesia:
2870 4553 3114 4611 valenter
3140 4556 3369 4629 spirant.

2015 4635 2222 4693 Lucida
2279 4639 2434 4695 stella
2491 4641 2543 4696 in
2586 4641 2784 4701 Leonis
2840 4655 3062 4716 pectore
3105 4652 3366 4713 exoritur.

2079 4730 2280 4802 Aquilo
2309 4732 2521 4803 gelidus
2549 4745 2774 4807 propter
2803 4747 3016 4796 aestum.
3365 4733 3374 4738 ’

2005 4821 2363 4882 Autumnales
2382 4826 2592 4884 fructus
2610 4844 2874 4901 apparere
2896 4833 3180 4905 incipiunt.
3200 4837 3369 4911 Aqui-

2081 4913 2131 4966 la
2156 4915 2358 4969 occidit
2389 4919 2676 4984 matutino,
2707 4937 2908 4993 aerque
2936 4925 3190 4984 turbidus
3217 4927 3296 4985 ﬂt.

2012 5004 2214 5062 Auster
2244 5021 2370 5062 cum
2403 5009 2589 5065 Africo
2623 5012 2786 5069 simul
2815 5016 3044 5086 spirant.

2487 5143 2680 5202 XXXI.

2382 5257 2775 5317 AUGUSTUS.

2014 5373 2212 5444 Aquila
2247 5373 2446 5429 occidit
2475 5375 2765 5443 matutino,
2802 5375 2895 5432 ﬂat
2935 5376 3176 5449 Africus,
3207 5395 3368 5439 aren-

2081 5474 2163 5520 tes
2197 5475 2325 5520 sunt
2342 5475 2529 5521 aestus.

2019 5555 2214 5625 Aquila
2242 5558 2466 5620 occidit,
2498 5572 2593 5613 aer
2619 5559 2932 5617 Austrinus.

2011 5647 2270 5705 Austrina
2298 5649 2437 5705 dies.

2004 5739 2206 5798 Leonis
2229 5740 2467 5797 medium
2497 5745 2763 5799 exoritur.
2783 5744 2959 5802 Arbor
2989 5746 3043 5801 in
3069 5748 3171 5803 hoc
3199 5749 3368 5804 biduo

2081 5835 2544 5906 apparet..Auster
2571 5838 2856 5897 nimbosus
2878 5840 3226 5899 vehementer
3250 5840 3368 5899 ﬂat.
