3886 6268
450 351 556 411 9M

732 564 1022 619 vehemens
1049 561 1142 617 ﬁat
1191 562 1414 630 Auster,
1438 570 1492 618 et
1523 562 1697 620 Grues
1739 570 2025 636 apparent.

665 652 916 716 Fidicula
945 653 1308 709 contrahitur.
1341 651 1602 708 Austrina
1631 654 1747 709 dies
1770 660 2026 708 aestuosa.

655 745 875 802 Orionis
900 746 1139 803 medium
1161 747 1492 812 occultatur,
1515 755 1568 800 et
1589 745 1704 801 dies
1737 746 1805 800 ab
1830 747 2030 801 Austro

731 838 1086 908 caliginosus,
1116 845 1169 892 et
1194 846 1489 893 aestuosus.

449 930 522 984 vi.
668 928 778 984 Leo
813 931 1077 994 exoritur,
1107 939 1272 985 aestus
1306 928 1686 991 intolerabilis,
1730 929 2028 983 nebulosus

733 1037 826 1076 aer
853 1041 865 1076 :
899 1020 1118 1076 Orionis
1145 1022 1391 1075 exoritur
1416 1020 1675 1075 medium.

454 1127 500 1164 ν.
662 1110 966 1166 Obscurum
1017 1123 1241 1168 astrum.
1297 1111 1608 1181 Septentrio
1656 1113 1792 1167 lenis
1835 1112 2026 1182 spirat,

730 1189 896 1257 aestus
936 1203 1251 1259 mediocris.

449 1296 522 1349 iv.
669 1293 904 1352 Lunaris
931 1296 1176 1352 defectus
1200 1297 1254 1350 in
1292 1295 1431 1351 hanc
1463 1296 1604 1351 diem
1632 1297 1914 1353 incurrere
1939 1312 2030 1353 so-

731 1387 824 1442 let.
869 1386 1070 1442 Auster
1111 1393 1166 1443 et
1203 1387 1402 1457 Aquilo
1441 1388 1677 1459 spirant,
1727 1396 1781 1443 et
1815 1389 2029 1444 calores

729 1488 858 1534 sunt
883 1478 1161 1550 ingentes.

451 1570 530 1625 iii.
675 1568 921 1626 Fidicula
975 1570 1178 1626 occidit
1237 1572 1530 1628 matutino.
1580 1570 1888 1626 Autumnus
1936 1571 2026 1625 in-

726 1663 911 1718 choat.
941 1662 1241 1718 Ventorum
1264 1679 1568 1719 concursus
1599 1661 1678 1716 ﬁt.

448 1771 530 1809 nn.
665 1752 965 1812 Ventorum
995 1755 1285 1810 conﬂictus
1315 1764 1368 1810 et
1400 1771 1601 1826 pugna.

447 1846 535 1903 ID.
673 1845 974 1917 Delphinus
1006 1862 1129 1901 cum
1165 1847 1374 1916 Lepore
1412 1846 1633 1901 occidit.

445 1939 557 1994 xix.
667 1937 915 1994 IEstuosi
951 1946 1005 1993 et
1035 1938 1350 2008 squalentes
1378 1938 1610 1993 calores.

447 2030 601 2087 xviii.
665 2030 972 2086 Obscurum
1007 2039 1246 2094 astrum,
1286 2036 1340 2084 et
1366 2027 1645 2084 Favonius
1675 2044 1799 2084 cum
1831 2035 2024 2085 austro

729 2125 926 2194 spirat.

671 2216 970 2287 Delphinus
993 2215 1193 2270 occidit
1216 2214 1504 2269 matutino.

666 2309 930 2365 Autumni
958 2310 1196 2364 initium.

451 655 565 710 viii.

449 749 542 806 vii.

405 2221 411 2227 ”
447 2216 582 2273 xvii.

446 2311 561 2367 xvi.

451 2418 540 2456 xv.
669 2399 915 2458 Fidicula
947 2402 1169 2466 occidit,
1199 2411 1252 2457 et
1284 2400 1376 2456 ﬁat
1409 2401 1628 2472 Aquilo.

448 2494 559 2548 xiv.
661 2492 960 2563 Delphinus
995 2493 1324 2558 occultatur,
1366 2492 1660 2548 mediocris
1694 2499 1879 2548 aestus.

447 2585 565 2639 xiii.
667 2582 915 2639 Fidicula
963 2583 1165 2638 occidit
1211 2585 1496 2638 matutino.
1553 2582 1646 2637 Sol
1691 2582 1748 2637 in
1783 2579 2022 2651 Virgine.

725 2676 926 2732 Auster
956 2675 1070 2740 ﬁat,
1111 2677 1272 2745 pluit,
1307 2682 1364 2730 et
1397 2682 1570 2729 tonat.

446 2765 542 2822 xii.
663 2765 755 2820 Sol
786 2767 842 2820 in
872 2774 984 2821 tota
1012 2764 1251 2837 Virgine.

447 2857 526 2910 xi.
671 2856 836 2928 Virgo
861 2858 1125 2912 exoritur.

444 2959 502 3001 x.
671 2945 980 3018 Septentrio
1011 2948 1152 3003 lenis
1186 2948 1381 3018 spirat,
1415 2955 1527 3002 tota
1565 2947 1810 3006 exoritur
1835 2946 2020 3021 Virgo,

730 3040 874 3094 aeris
908 3051 992 3095 est
1025 3039 1315 3096 serenitas.

420 3114 526 3183 lix.
663 3123 827 3200 Virgo
857 3129 1121 3184 exoritur.
1152 3131 1352 3202 Aquilo
1379 3131 1494 3187 ﬁat.

446 3218 564 3275 viii.
671 3219 870 3276 Etesize
891 3228 1121 3292 ponunt.
1147 3221 1346 3293 Aquilo
1369 3223 1618 3294 frigidior
1643 3223 1774 3280 ﬁare
1803 3225 2016 3296 incipit.

446 3312 538 3366 vii.
663 3311 962 3384 Delphinus
1001 3316 1266 3381 exoritur,
1295 3325 1349 3372 et
1371 3316 1572 3372 Auster
1603 3318 1714 3372 ﬁat.

447 3405 518 3458 vi.
669 3403 1043 3462 Vindemiator
1069 3408 1319 3479 emergit.
1342 3407 1542 3464 Auster
1563 3418 1617 3464 et
1650 3407 1922 3466 Favonius
1949 3411 2025 3465 si-

730 3499 843 3552 mul
871 3497 1024 3554 ﬁant.

449 3604 502 3640 v.
681 3586 846 3659 Virgo
873 3605 1142 3662 apparere
1171 3593 1380 3664 incipit.

448 3679 520 3732 iv.
664 3676 942 3736 Favonius
972 3682 1110 3739 lenis
1143 3684 1336 3752 spirat.

447 3769 526 3823 iii.
667 3768 836 3840 Virgo
867 3774 1134 3839 exoritur,
1157 3774 1431 3833 Favonius
1453 3778 1686 3834 molliter
1719 3776 1842 3832 ﬁat.

446 3875 534 3916 re.
672 3861 1017 3920 Andromeda
1049 3867 1316 3923 exoritur.

1140 3977 1332 4035 XXXI.

1009 4110 1452 4187 .SEPTEMBEB.

445 4227 510 4286 Κ.
665 4228 1011 4286 Andromeda
1053 4229 1318 4292 exoritur,
1359 4230 1562 4286 imbres
1595 4244 1722 4284 cum
1757 4228 2016 4284 tonitruis

727 4321 884 4387 ﬁunt,
922 4321 1015 4377 ﬁat
1052 4321 1358 4380 Vulturnus
1414 4341 1426 4376 :
1471 4325 1842 4381 inconstantes
1891 4332 2019 4380 sunt

724 4414 891 4468 venti.

443 4501 540 4582 vi.
658 4505 928 4561 Australis
959 4504 1134 4562 Piscis
1162 4521 1272 4562 non
1295 4506 1528 4578 amplius
1553 4507 1878 4563 occultatur.

441 4611 499 4652 ν.
662 4595 839 4652 Tonat
871 4605 925 4653 et
960 4599 1116 4669 pluit.

442 4687 518 4743 iv.
663 4689 931 4746 Arcturus
974 4705 1099 4745 cum
1142 4688 1544 4747 Vindemiatore
1577 4692 1865 4748 exoritur:
1903 4690 2020 4744 Ma-

726 4781 812 4836 lus
841 4782 1167 4838 occultatur.

443 4870 524 4928 iii.
655 4871 908 4929 Mercurii
930 4873 1286 4930 domicilium.
1311 4872 1582 4930 Favonius
1607 4876 1782 4946 spirat
1818 4895 1831 4931 :
1865 4883 1918 4932 et
1951 4891 2014 4930 ex

724 4973 1013 5019 venturum
1043 4964 1406 5018 inconstantia
1441 4963 1642 5019 imbres
1667 4963 1884 5018 cadunt.

445 5067 529 5106 Pn.
653 5053 838 5124 Equus
872 5054 1138 5111 exoritur.

443 5143 604 5199 NON.
639 5143 749 5216 58
789 5144 1009 5216 Capella
1056 5145 1282 5216 emergit
1327 5161 1337 5196 :
1371 5145 1588 5204 Africus
1630 5145 1722 5200 ﬁat
1761 5148 2013 5218 vesperi,

723 5244 778 5292 et
809 5237 964 5306 pluit.
1377 5242 1380 5244 ’

667 5330 937 5384 Arcturus
979 5337 1201 5398 apparet
1232 5345 1245 5380 :
1282 5327 1375 5384 ﬁat
1401 5329 1619 5400 Aquilo,
1653 5339 1708 5385 et
1741 5331 2015 5386 interdum

726 5430 896 5476 tonat.

445 5511 539 5565 vii.
666 5513 905 5584 Virginis
942 5513 1181 5568 medium
1205 5513 1481 5585 .exoritur.
1529 5510 1800 5572 Favonius
1844 5514 2018 5587 spirat

727 5617 852 5657 cum
881 5601 1085 5658 Africo.

445 5692 518 5747 vi.
659 5693 802 5772 Idem
825 5696 965 5750 aeris
987 5705 1184 5751 status.

449 5801 498 5838 v.
656 5785 802 5840 Idem
821 5789 968 5845 aeris
994 5796 1189 5844 status.

443 5327 558 5383 viii.

1446 352 1537 406 AD
1574 350 1847 407 EUSEBH
1880 349 2272 407 CllltONlCON
2312 350 2671 408 APPENDIX.

451 469 611 527 NON.
660 445 876 525 Corona
932 469 1155 526 occidit.
1214 469 1415 526 Leonis
1464 471 1703 526 medium
1765 471 2027 533 exoritur,
2057 471 2206 532 Aiv.

2050 4527 2091 4580 ι)
2122 4503 2193 4556 iv.

3633 360 3739 420 912

2338 471 2606 527 Arcturus
2631 474 2900 528 exoritur.

2133 560 2213 615 iii.
2338 562 2571 617 Arcturo
2599 564 2879 619 exoriente
2903 559 3108 615 imbres
3130 560 3353 618 cadunt.

2134 669 2218 707 pn.
2348 652 2599 725 Vergiliae
2627 670 2751 710 cum
2778 653 2932 724 Equo
2955 653 3304 709 exoriuntur.

2132 743 2218 798 lD.
2347 743 2681 802 Hirundines
2704 762 2814 801 non
2835 746 3091 802 videntur
3129 762 3144 800 :
3189 744 3405 816 Capella
3443 749 3718 819 exoritur,

2411 846 2466 894 et
2490 841 2648 910 pluit.

2133 929 2241 984 xvi.
2344 929 2897 997 Duodecatemorion,
2933 931 2987 986 id
3018 939 3124 997 est,
3156 948 3231 986 xu
3261 931 3442 1003 portio
3465 937 3716 990 autumni

2415 1023 2626 1093 incipit.

2132 1131 2218 1170 xv.
2337 1113 2614 1170 Favonius
2638 1117 2744 1171 late
2769 1115 2938 1186 spirat
2959 1131 3084 1170 cum
3112 1113 3320 1170 Africo.

2132 1210 2240 1262 xiv.
2339 1207 2518 1264 Piscis
2549 1209 2816 1273 exoritur,
2841 1219 2896 1262 et
2923 1207 3236 1279 Septentrio
3261 1208 3438 1279 ponit.

2130 1300 2246 1356 xiii.
2344 1299 2438 1356 Sol
2481 1301 2536 1355 in
2565 1299 2730 1356 Libra
2761 1320 2773 1355 :
2805 1301 2997 1356 Crater
3024 1309 3248 1370 apparet
3295 1320 3307 1354 :
3343 1300 3566 1365 Arcturi
3606 1315 3710 1359 me-

2409 1390 2559 1445 dium
2590 1391 2836 1446 cernitur
2866 1393 3158 1446 matutino.

2129 1481 2226 1536 xii.
2337 1483 2572 1536 Arcturo
2602 1483 2888 1538 exoriente
2911 1483 3114 1538 imbres
3138 1483 3348 1553 copiosi
3379 1483 3600 1539 cadunt.

2129 1576 2203 1630 xi.
2339 1574 2749 1645 Equinoctium
2771 1576 3110 1637 autumnale,
3132 1585 3186 1629 et
3214 1575 3402 1631 Pisces
3431 1577 3697 1632 occidunt.

2127 1683 2184 1720 x.
2343 1668 2488 1739 Argo
2519 1667 2805 1723 descendit
2839 1687 2850 1722 :
2892 1668 3124 1738 pluviosi
3155 1668 3302 1722 acris
3337 1669 3694 1724 conturbatio.

2128 1761 2203 1813 ix.
2343 1757 2530 1815 Pisces
2579 1758 2842 1814 occidunt
2892 1777 2907 1814 :
2956 1758 3232 1812 Austrinae
3295 1755 3432 1812 ﬁunt
3476 1759 3697 1828 pluviae:

2400 1852 2541 1908 aeris
2582 1859 2982 1922 ventorumque
3025 1850 3476 1907 conturbationes
3499 1859 3551 1906 et
3580 1868 3692 1906 ma~

2403 1941 2482 1996 ris
2515 1948 2890 2012 tempestates.

2334 2031 2572 2088 Lunaris
2594 2030 2844 2087 defectus
2879 2033 2934 2086 in
2961 2030 3104 2086 hanc
3129 2032 3365 2087 incurrit
3381 2031 3538 2087 diem.
3561 2031 3697 2088 Cen-

2403 2132 2597 2180 taurus
2624 2124 2890 2180 exoritur.

2123 2217 2218 2272 vii.
2329 2214 2635 2271 Nebulosus
2663 2230 2757 2270 aer
2775 2223 2830 2269 et
2856 2214 3206 2270 turbulentus
3233 2214 3470 2270 exsistit.

2123 2308 2198 2363 vi.
2342 2305 2493 2362 Haedi
2533 2307 2907 2362 exoriuntur:
2941 2313 2996 2361 et
3024 2307 3226 2361 Auster
3264 2305 3549 2361 vehemens
3585 2304 3689 2359 ﬁat.

2124 2418 2177 2456 v.
2344 2399 2509 2471 Virgo
2539 2398 2755 2456 desistit
2799 2413 3094 2468 emergere.
3134 2397 3385 2470 Vergilia
3437 2397 3690 2450 matutino

2404 2500 2460 2547 et
2491 2490 2705 2561 vesperi
2737 2499 3001 2560 apparent
3029 2507 3041 2542 :
3077 2487 3226 2542 Haedi
3256 2503 3380 2542 cum
3425 2485 3543 2542 Sole
3569 2503 3690 2542 exo-

2403 2581 2622 2637 riuntur
2657 2598 2672 2636 :
2705 2587 2993 2637 ventorum
3035 2587 3084 2634 et
3123 2578 3292 2634 maris
3325 2578 3568 2649 procellae
3601 2593 3689 2632 va-

2405 2671 2528 2726 ΙίΦῶ
2554 2671 2714 2726 ﬁunt.

2126 2765 2198 2820 iv.
2344 2763 2546 2820 Auster
2571 2764 2862 2819 vehemens
2892 2762 2985 2817 ﬁat
3018 2783 3031 2818 :
3074 2769 3423 2834 tempestates
3449 2761 3683 2817 horrida.

2127 2857 2206 2912 iii.
2342 2855 2587 2927 Vergiliae
2642 2856 2912 2909 matutino
2962 2844 3303 2922 cernuntur',
3369 2860 3425 2909 et
3486 2852 3684 2923 pluvius

2403 2947 2498 3001 ﬁat
2525 2947 2745 3003 Auster.

2126 3053 2212 3096 re.
2336 3039 2556 3108 Capella
2599 3040 2831 3111 emergit
2874 3055 3045 3112 usque
3074 3039 3142 3095 ad
3166 3038 3536 3110 vespertinum
3566 3034 3682 3093 Ver-

2407 3133 2658 3204 giliarum
2693 3148 2987 3208 occasum.

2815 3245 2984 3302 XXX.

2734 3379 3078 3438 OCTOBER.

2124 3493 2188 3547 Κ.
2343 3492 2586 3566 Vergiliae
2618 3495 2675 3550 in
2704 3497 2917 3552 oriente
2946 3510 3209 3566 apparere
3239 3493 3509 3565 incipiunt
3543 3510 3555 3545 :
3582 3493 3680 3546 Au-

2415 3597 2528 3644 ster
2559 3587 2654 3642 ﬁat
2686 3589 2974 3644 matutino.

2125 3675 2198 3732 iv.
2328 3677 2494 3732 [idem
2513 3676 2758 3732 Austrini
2777 3677 2967 3734 ﬁatus:
2992 3687 3045 3734 et
3067 3676 3428 3750 Vergiliarum
3454 3686 3673 3733 exortus.

2123 3767 2204 3824 iii.
2332 3767 2679 3834 Heniochus,
2743 3769 2800 3822 id
2846 3777 2932 3824 est
2987 3770 3190 3841 Auriga
3243 3769 3477 3836 occidit,
3523 3776 3572 3822 et
3619 3767 3676 3820 ab

2400 3859 2668 3929 Aquilone
2699 3868 2871 3916 tonat.

2123 3964 2208 4002 en.
2342 3947 2498 4004 Haedi
2519 3950 2866 4017 exoriuntur,
2898 3959 2952 4007 et
2977 3952 3135 4022 pluit.

2119 4040 2280 4097 NON.
2321 4042 2540 4099 Corona
2561 4046 2810 4116 emergit,
2844 4053 2898 4101 et
2926 4047 3212 4101 conversio
3235 4032 3322 4100 est
3350 4045 3576 4101 aestatis.

2120 4133 2232 4188 viii.
2330 4134 2530 4191 Arietis
2571 4135 2810 4191 medium
2846 4139 3047 4192 occidit
3077 4154 3200 4192 cum
3233 4136 3553 4209 Scorpione.

2118 4224 2212 4280 vii.
2331 4224 2556 4292 Eadem,
2591 4243 2712 4297 quae
2740 4228 2916 4299 prior,
2957 4230 3308 4300 signiﬁcatio.

2118 4315 2190 4368 vi.
2326 4317 2540 4372 Corona
2556 4332 2680 4372 cum
2704 4318 2889 4374 Haedis
2911 4321 3156 4375 exoritur
3177 4339 3190 4374 :
3211 4336 3304 4376 aer
3319 4320 3667 4376 conturbatur.

2120 4426 2172 4465 v.
2331 4409 2481 4465 llzedi
2505 4427 2631 4466 cum
2656 4411 2913 4482 Vergiliis
2939 4420 3244 4483 emergunt,
3267 4422 3320 4468 et
3341 4415 3434 4467 tlat
3459 4412 3665 4467 Africus.

2339 4501 2500 4558 Libra
2531 4503 2664 4558 oriri
2700 4504 2911 4574 incipit,
2942 4500 3215 4559 Favonius
3243 4506 3432 4574 spirat.

2121 4595 2198 4648 iii.
2345 4595 2561 4650 Corona
2587 4597 2833 4651 exoritur
2860 4598 3324 4652 matutinozveuti
3355 4606 3666 4652 commutan-

2417 4701 2530 4753 tur,
2566 4705 2872 4760 asperaque
2903 4688 2958 4743 in
2990 4690 3126 4744 mari
3155 4690 3212 4744 ﬁt
3238 4690 3439 4746 hiems.

2119 4795 2202 4834 en.
2339 4778 2588 4850 Vergiliae
2613 4779 2956 4841 exoriuntur,
2987 4787 3040 4833 et
3061 4778 3154 4832 ﬁat
3175 4781 3393 4834 Auster.

2121 4870 2204 4924 ID.
2333 4869 2549 4925 Corona
2594 4871 2823 4940 emergit
2865 4889 2879 4926 :
2930 4871 3074 4926 aeris
3113 4871 3491 4935 commutatio,
3529 4880 3576 4925 et
3606 4878 3666 4924 tu-

2402 4961 2608 5018 multus
2629 4961 2706 5016 ﬁt.

2119 5053 2231 5108 xix.
2331 5051 2527 5122 Aquilo
2557 5051 2858 5108 immensus
2889 5051 2999 5107 ﬁat.

2120 5145 2272 5199 xviii.
2335 5146 2597 5200 Autumni
2626 5145 2888 5211 medium,
2921 5155 2976 5201 et
3005 5145 3204 5202 Auster
3227 5144 3339 5200 ﬁat.

2120 5237 2248 5290 xvii.
2325 5236 2489 5292 Orion
2517 5237 2765 5307 emergit,
2790 5247 2843 5292 et
2870 5238 3181 5293 rorulentus
3211 5246 3296 5291 est
3330 5254 3444 5292 aer.

2120 5329 2229 5384 xvi.
2330 5329 2554 5393 Eadem,
2588 5344 2709 5400 quae
2735 5330 2906 5398 prior,
2940 5329 3286 5400 signiﬁcatio.

2120 5437 2208 5475 xv.
2334 5419 2533 5476 Tristis
2552 5421 2848 5475 etuubilus
2885 5421 3022 5476 dies.

2120 5516 2227 5567 xiv.
2334 5511 2427 5568 Sol
2455 5514 2510 5566 in
2543 5510 2874 5583 Scorpione.
2906 5521 2959 5568 et
2985 5511 3270 5574 Favonius,
3286 5513 3478 5584 spirat.

2122 5605 2235 5659 xiii.
2338 5603 2588 5675 Vergiliae
2619 5605 2878 5660 occidunt
2903 5625 2914 5659 :
2941 5607 3190 5675 aerisque
3218 5616 3304 5661 est
3323 5601 3665 5661 conturbatior

2121 5698 2216 5754 xii.
2331 5697 2560 5761 Eadem,
2590 5714 2712 5770 qua:
2759 5699 2933 5769 prior,
2979 5699 3342 5769 signiﬁcatio,
3394 5698 3490 5755 sed
3525 5698 3659 5754 etiam

2400 5790 2554 5858 pluit.

2121 2031 2240 2087 viii.
