3928 6266
418 265 522 327 939

1402 260 1492 315 AD
1531 258 1801 315 EUSEBII
1833 256 2227 315 CBRONICON
2270 258 2647 315 APPENDIX.

3578 259 3678 319 960

417 402 619 457 corpus
675 383 926 455 quintum
985 383 1362 454 incorruptum
1422 397 1487 436 ac
1537 395 1778 451 purum,
1829 393 1992 453 quem

2108 395 2202 432 ιων
2243 379 2415 450 ἀρχὰς
2451 379 2560 434 τῶν
2603 377 2739 433 ὅλων
2780 376 3006 432 καλοῦσι
3059 375 3190 431 Θεδν
3241 374 3344 431 καὶ
3393 372 3526 448 ὕλην
3544 391 3562 408 ο
3593 377 3682 430 καὶ

417 482 621 536 aethera
665 477 971 532 nominant.
1014 474 1274 533 Socrates
1321 483 1391 530 et--
1414 473 1569 528 Plato
1600 471 1870 543 principia
1906 486 1994 527 re-

417 588 541 628 rum
572 578 770 626 vocant
793 569 960 624 Deum
989 584 1055 623 ac
1077 565 1384 631 materiam,
1418 565 1620 636 quibus
1641 563 1866 620 tertium
1893 563 1998 616 ad-

413 666 676 737 jungunt,
712 663 858 734 quod
899 662 1238 734 generationi
1269 659 1721 730 corruptionique
1768 656 2001 726 subjici-

417 766 512 812 tur
536 775 551 814 :
579 773 646 813 ex
687 756 773 810 his
811 756 1078 811 elementa
1121 760 1358 825 quatuor
1401 751 1685 806 exsistere.
1720 748 1998 820 Empedo-

421 852 534 907 cles
578 850 694 904 haec
743 851 862 920 ipsa
897 856 1135 919 quatuor
1182 847 1450 902 elementa
1498 859 1682 899 rerum
1727 843 1995 914 principia

422 942 727 998 constituit.
763 941 1009 1007 Quorum
1040 941 1219 1011 ignem
1250 937 1464 1000 Jovem,
1501 936 1585 992 vel
1619 935 1875 991 aetherem
1900 951 1998 1009 ap-

421 1036 609 1107 pellat,
651 1041 853 1088 terram
893 1027 1188 1097 Iunonem,
1225 1045 1404 1086 aerem
1432 1030 1759 1094 Plutonem,
1800 1044 1998 1100 aquam

419 1106 615 1184 Nestin
656 1125 897 1181 :borum
949 1125 1132 1189 vires,
1177 1123 1512 1178 discordiam
1559 1129 1614 1178 et
1660 1106 1996 1189 amicitiam;

422 1220 756 1277 discordiam
778 1220 1017 1290 quidem,
1037 1219 1453 1276 dissolutionem
1478 1236 1492 1286 ;
1517 1219 1817 1274 amicitiam
1837 1232 1996 1281 vero,

421 1328 781 1370 concursum.
815 1312 1135 1384 Apollonius
1165 1310 1410 1368 Rhodius
1439 1313 1618 1383 primo
1661 1312 1998 1382 Argonauti-

422 1421 529 1462 con
557 1403 832 1476 Orpheum
868 1402 1000 1458 facit
1030 1405 1136 1460 ista
1165 1403 1436 1461 dicentem
1462 1422 1476 1459 :

425 1520 659 1575 Canebat
690 1529 864 1573 autem
887 1520 966 1574 uti
995 1519 1169 1584 tellus,
1199 1537 1260 1573 ac
1291 1519 1476 1574 calum
1505 1536 1727 1588 superne

421 1591 667 1646 Primum
695 1589 912 1645 invicem
935 1607 1041 1643 una
1069 1590 1418 1644 coalescentia
1452 1592 1638 1658 specie,

421 1662 706 1719 Discordia
737 1677 802 1716 ea:
826 1662 1119 1731 perniciosa
1155 1661 1424 1731 disjuncta
1455 1662 1566 1716 sint
1595 1660 1997 1731 seorsi_m_qu(v-

1757 1729 1926 1802 [Iibeh

491 1845 624 1903 Vult
656 1846 802 1902 enim
844 1845 1159 1918 promiscue
1191 1843 1466 1915 quondam
1518 1843 1660 1900 inter
1709 1859 1768 1899 se
1816 1843 1997 1899 mistis

422 1938 734 2003 elementis,
759 1952 824 1992 ea
855 1935 1227 2008 postmodum,
1259 1935 1658 1991 interveniente
1696 1933 1995 1998 discordia,

421 2046 454 2084 a
483 2046 544 2086 se
584 2036 776 2085 mutuo
804 2043 926 2085 esse
950 2029 1268 2100 disiuncta:
1301 2028 1436 2084 adeo
1479 2035 1538 2083 ut
1577 2026 1846 2099 quidquid
1883 2036 2001 2083 erat

421 2134 706 2181 terrenum
738 2123 799 2179 in
846 2139 1018 2178 unum
1066 2138 1193 2178 sese
1234 2121 1609 2192 conglobarit;
1646 2121 1902 2176 similiter
1946 2127 2002 2176 et

422 2214 572 2286 quod
613 2214 837 2286 igneum
883 2215 1002 2269 er‘at
1045 2213 1102 2267 in
1135 2212 1279 2268 idem
1323 2218 1576 2266 coactum
1609 2210 1796 2276 fuerit,
1850 2217 1910 2264 ut
1948 2215 2003 2265 et

424 2323 582 2380 aqua;
613 2305 884 2379 quidquid
931 2313 1070 2372 erat,
1109 2304 1175 2359 ad
1213 2304 1300 2362 sui
1329 2305 1542 2372 simile;
1571 2311 1625 2360 et
1663 2301 1734 2358 ad
1767 2303 1824 2359 id
1853 2302 2000 2374 quod

424 2401 530 2458 sibi
564 2410 856 2472 cegnatum
887 2406 993 2465 est,
1034 2413 1255 2454 aereum
1290 2411 1456 2454 omne
1481 2396 1766 2452 conﬂuxit.
1800 2394 2002 2452 Thales

424 2490 671 2548 Milesius
715 2499 770 2547 et
819 2488 1164 2561 Pherecydes
1215 2487 1388 2560 Syrus
1433 2487 1764 2560 principium
1817 2502 2003 2542 rerum

423 2582 670 2638 omnium
703 2596 901 2656 aquam
932 2585 1060 2638 "esse
1085 2579 1385 2636 defendunt
1416 2601 1430 2635 :
1462 2579 1609 2650 quod
1635 2580 1802 2636 etiam
1832 2579 2002 2634 chaos

424 2675 600 2731 fuisse
626 2673 972 2745 Pherecydes
999 2673 1310 2738 existimat;
1343 2673 1525 2744 idque,
1561 2679 1622 2726 ut
1653 2680 1901 2742 apparet,
1937 2686 2003 2725 ex

425 2767 667 2825 Hesiodo
698 2767 954 2838 sumpsit,
989 2767 1083 2837 qui
1115 2767 1196 2820 sic
1226 2763 1472 2836 loquitur
1498 2784 1512 2819 :

635 2880 809 2952 Igitur
832 2881 1061 2951 primum
1090 2879 1326 2934 omnium
1356 2878 1515 2933 chaos
1543 2878 1771 2933 exstitit.

493 2990 630 3046 Nam
661 2993 729 3048 ab
759 3008 825 3049 eo
861 2991 1012 3064 quod
1043 3001 1127 3048 est
1159 2990 1394 3063 χεῖσθαι,
1434 2989 1609 3059 fundi,
1637 2989 1766 3060 χάος
1795 2987 2001 3042 dictum

2095 471 2276 543 τρίτον
2299 469 2362 524 τὸ
2395 471 2754 542 ὑποκείμενον
2785 469 2998 539 γενέσει
3024 469 3118 522 καὶ
3155 468 3369 539 φθορᾷ·
3399 469 3466 521 ὲκ
3489 468 3545 520 δὲ
3570 468 3683 520 τού-

2095 581 2202 616 των
2229 563 2300 618 τὰ
2337 564 2577 634 τέσσαρα
2618 565 2858 634 στοιχεῖα
2897 561 3172 632 γενέσθαι.
3225 559 3607 631 Ἐμπεδοκλῆς
3629 559 3681 616 δὲ

2096 656 2272 728 ἀρχάς
2300 673 2433 728 φησι
2463 657 2574 711 τῶν
2609 656 2746 710 ὅλων
2786 657 2856 708 τὰ
2900 653 3143 725 τέσσαρα
3186 656 3460 725 στοιχεῖα.
3493 654 3600 706 Καὶ
3628 656 3682 709 τ’)

2099 749 2197 820 μὲν
2228 748 2340 821 πῦρ
2374 748 2532 801 καλεῖ
2561 749 2659 802 Δία
2692 748 2784 801 καὶ
2821 746 3039 818 αἰθέρα,
3093 745 3192 815 τὴν
3243 744 3309 798 δὲ
3353 743 3463 813 γῆν
3495 744 3679 816 Ἥραν,

2095 843 2189 896 τὸν
2233 843 2290 896 δὲ
2333 844 2470 915 ἀέρα
2515 843 2801 907 Ἀϊδωνέα,
2841 843 2900 896 τὸ
2933 843 2991 895 δὲ
3026 841 3168 913 ὕδωρ
3204 840 3429 911 Νῆστιν
3454 855 3468 868 ο
3512 838 3606 902 τὰς
3632 839 3681 893 δὲ

2098 936 2302 990 τούτων
2339 937 2618 1006 δυνάμεις,
2654 939 2831 998 νεῖκος
2862 935 2955 988 καὶ
2992 933 3173 1003 φιλίαν
3195 951 3208 963 ·
3241 935 3433 994 νεῖκος
3466 930 3563 1000 μὲν

2099 1023 2360 1087 διάλυσιν,
2403 1023 2584 1093 φιλίαν
2636 1023 2693 1077 δὲ
2741 1022 2838 1094 τὴν
2883 1022 3121 1076 σύνοδον.
3158 1019 3528 1083 Ἀπολλώνιος
3569 1020 3621 1073 δὲ
3655 1023 3681 1074 6

2112 1116 2313 1179 Ῥόδιος
2352 1117 2410 1169 ὲν
2441 1117 2519 1188 τῷ
2564 1116 2768 1188 πρώτῳ
2811 1115 2920 1169 τῶν
2952 1111 3441 1186 Ἀρτοναυτικῶν
3493 1113 3681 1181 εἰσάγει

2099 1209 2190 1262 τὸν
2222 1209 2423 1281 Ὀρφέα
2448 1210 2621 1265 ταῦτα
2648 1209 2876 1279 λέγοντα
2905 1227 2918 1239 ·

2104 1513 2340 1567 Ἤειδεν
2367 1512 2419 1564 δ’
2453 1514 2533 1578 ὡς
2563 1512 2698 1580 γαῖα
2725 1512 2823 1565 καὶ
2867 1512 3126 1579 οὐρανὸς
3153 1509 3344 1577 εὐρὺς
3383 1507 3616 1580 ὕπερθε,

2107 1584 2174 1636 Td
2211 1583 2353 1651 πρὶν
2376 1584 2466 1636 ἐπ’
2502 1579 2826 1653 ἀλλήλοισι
2854 1582 2958 1653 μιῇ
2986 1581 3383 1653 συναρηρότα
3408 1579 3624 1647 μορφῇ,

2101 1655 2344 1720 Νείκεος
2371 1654 2439 1718 ἐξ
2461 1653 2657 1707 ὀλοοῖο
2685 1651 2978 1721 διέκριθεν
3009 1653 3194 1721 ἀμφὶς
3220 1651 3483 1704 ἕκαστα.

2101 1832 2274 1886 Πάλαι
2305 1832 2410 1904 γάρ
2442 1848 2569 1883 ποτε
2617 1830 2816 1901 ἀναμὶξ
2865 1831 3181 1902 φερομένων
3222 1829 3336 1882 τῶν
3391 1825 3673 1895 στοιχείων,

2103 1923 2207 1975 ὑπὸ
2237 1921 2332 1976 τοῦ
2368 1923 2577 1984 νείκους
2626 1921 3234 1995 ὕστερον’διακριθῆναι
3282 1923 3429 1979 αύτά
3449 1941 3462 1955 ·
3493 1926 3672 1988 παντὸς

2107 2016 2203 2084 μὲν
2230 2015 2326 2068 τοῦ
2345 2015 2578 2084 γεώδους
2603 2017 2996 2089 συστρέφοντος
3025 2019 3102 2080 εἰς
3123 2017 3202 2083 ἓν,
3228 2017 3358 2071 ὅλου
3384 2018 3442 2071 δὲ
3468 2018 3557 2071 τοῦ
3585 2037 3673 2072 πυ·-

2106 2109 2310 2180 ρὼδους
2365 2111 2797 2182 περιειληθέντος
2856 2115 2937 2176 εἰς
2979 2112 3041 2166 τὸ
3087 2113 3250 2178 αύτδ,
3288 2114 3388 2168 καὶ
3426 2114 3519 2168 τοῦ
3561 2115 3673 2170 ὑδα-

2103 2197 2302 2262 τώδους
2335 2200 2649 2272 συρρέοντος
2674 2202 2755 2265 εἰς
2797 2201 2858 2254 τὸ
2885 2203 3102 2272 ὅμοιον,
3139 2204 3233 2256 καὶ
3257 2203 3358 2257 τοῦ
3393 2205 3551 2277 ἀέρος
3588 2223 3672 2258 πε-

2102 2291 2412 2363 ριχυθέντος
2466 2292 2602 2364 πρὸς
2655 2293 2717 2346 τὸ
2776 2294 3066 2364 ὁμόφυλον.
3119 2295 3303 2367 Θαλῆς
3347 2295 3405 2348 δὲ
3447 2299 3475 2350 6
3518 2297 3673 2369 Μιλή-

2107 2402 2222 2449 σιος
2248 2387 2341 2439 καὶ
2361 2385 2668 2457 Φερεκύδης
2699 2387 2727 2439 ὁ
2757 2386 2926 2458 Σύρος
2953 2388 3126 2459 ἀρχὴν
3154 2387 3266 2441 τῶν
3298 2389 3438 2442 ὅλων
3461 2389 3520 2442 τὸ
3546 2389 3670 2460 ὓδωρ

2105 2475 2434 2545 ὑφιστῶσιψ
2476 2475 2504 2528 ὃ
2552 2475 2615 2547 δὴ
2660 2478 2754 2530 καὶ
2803 2479 2932 2548 χάος
2980 2478 3138 2531 καλεί
3179 2480 3210 2532 6
3254 2479 3577 2551 Φερεκύδης,
3606 2478 3670 2542 ὡς

2110 2568 2276 2632 εἰκὸς,
2313 2567 2471 2622 τοῦτο
2506 2567 2866 2640 ἐκλεξάμενος
2922 2570 3076 2641 παρὰ
3129 2571 3224 2624 τοῦ
3271 2571 3514 2644 Ἠσιόδου
3549 2571 3671 2625 οὕτω

2102 2659 2352 2728 λέγοντος
2372 2678 2384 2690 ’

2347 2874 2512 2930 Ἤτοι
2541 2873 2659 2944 μὲν
2678 2875 2978 2944 πρώτιστα
3004 2875 3151 2945 χάος
3180 2874 3411 2947 γένετο.

2105 2986 2264 3060 Παρὰ
2311 2985 2419 3060 γὰρ
2459 2987 2522 3042 τὸ
2576 2987 2791 3059 χεῖσθαι
2840 2989 3216 3061 ὑπολαμϐάνει
3267 2991 3332 3044 τὸ
3387 2990 3527 3063 ὕδωρ
3557 2991 3670 3062 χάος

424 3091 600 3154 putat.
638 3083 709 3138 At
739 3082 1017 3140 Heraclito
1050 3085 1228 3154 placet
1256 3089 1383 3138 ante
1405 3083 1590 3137 omnia
1623 3082 1804 3152 ignem
1833 3081 1999 3135 exsti-

2108 3080 2438 3151 ὠνομάσθαι.
2481 3081 2831 3152 Ἡράκλειτος
2877 3083 2935 3137 δὲ
2980 3083 3093 3156 πῦρ
3143 3082 3369 3157 πρῶτόν
3422 3101 3547 3157 φησι
3590 3100 3668 3152 γε-

424 3178 582 3233 tisse.
623 3174 765 3232 Sunt
805 3176 899 3248 qui
950 3187 1150 3232 terram
1178 3174 1416 3246 priorem
1464 3172 1721 3229 omnibus
1759 3171 2001 3238 faciant;

425 3285 547 3342 quae
594 3281 914 3339 compressa
949 3258 1264 3338 arctataque
1289 3264 1542 3322 accendit
1576 3263 1780 3336 ignem,
1802 3278 2001 3334 aquam

423 3364 629 3430 emisit,
661 3377 843 3420 aerem
871 3361 1072 3433 ubique
1103 3359 1338 3416 diﬂ'udit.

734 3566 812 3622 De
841 3567 1212 3620 constitutione
1237 3575 1411 3620 rerum
1432 3579 1687 3619 ommum.

490 3681 548 3737 4.
588 3679 908 3737 Audiendus
957 3679 1183 3734 omnino
1213 3677 1556 3750 Chrysippus
1600 3685 1706 3742 est,
1762 3690 1886 3731 cum
1921 3675 1999 3729 ait

419 3788 490 3830 ex
532 3780 771 3842 quatuor
811 3771 1095 3828 elementis
1142 3772 1398 3827 universa
1440 3778 1716 3825 constare.
1764 3769 2001 3824 Causam

421 3880 552 3920 vero
581 3865 960 3936 perpetuitatis
1004 3880 1126 3920 esse
1158 3863 1431 3934 quoddam
1473 3861 1755 3932 gravitatis
1785 3859 2001 3931 aequili-

421 3959 624 4015 brium.
655 3956 792 4012 Nam
827 3973 954 4013 cum
985 3957 1172 4028 gravia
1198 3958 1308 4013 sint
1340 3970 1576 4026 corpora
1601 3955 1734 4019 duo,
1769 3961 1915 4010 terra
1945 3961 1999 4008 et

423 4063 588 4119 aqua,
613 4047 754 4102 levia
785 4046 1036 4111 totidem,
1076 4046 1220 4118 ignis
1251 4053 1303 4101 et
1333 4060 1426 4100 aer
1449 4063 1471 4112 ;ε
1495 4046 1693 4100 horum
1723 4051 2000 4115 tempera-

430 4139 585 4194 tione
616 4137 788 4193 toveri
833 4151 894 4192 ac
943 4137 1265 4192 conservari.
1301 4136 1679 4192 universitatis
1720 4135 1999 4200 ordinem;

425 4238 486 4284 ut
515 4230 662 4286 enim
691 4231 738 4285 si
767 4233 952 4302 gravis
993 4231 1231 4286 mundus
1271 4238 1444 4296 esset,
1470 4229 1730 4285 deorsum
1779 4229 2002 4290 sideret,

421 4325 500 4380 ita
524 4317 584 4380 si
622 4324 844 4380 levitate
885 4323 1150 4395 praeditus
1199 4332 1368 4387 esset,
1425 4337 1649 4377 sursum
1681 4322 1999 4388 tolleretur.

2106 3173 2341 3242 γονέναι.
2377 3175 2499 3227 Εἰσὶ
2537 3174 2581 3227 δ’
2611 3174 2660 3227 οἳ
2687 3174 2785 3247 τὴν
2827 3175 2930 3246 γῆν
2958 3176 3173 3249 πρῶτον
3217 3177 3444 3248 λέγουσι
3479 3175 3670 3246 γεγονέ-

2105 3283 2213 3332 ναι,
2243 3263 2567 3338 θλιῢομένην
2605 3284 2664 3320 τε
2707 3262 2801 3322 καὶ
2841 3270 3234 3342 σφιγγομένην,
3291 3270 3465 3333 οὕτως
3498 3268 3666 3339 ὲνάψαι

2109 3358 2208 3428 μὲν
2239 3356 2300 3410 τὸ
2323 3355 2453 3428 πῦρ,
2492 3357 2815 3430 ἀναπέμψαι
2839 3357 2898 3412 δὲ
2931 3359 2993 3412 τὸ
3013 3359 3178 3432 ὕδωρ,
3217 3359 3495 3414 διαδοῦναι
3523 3359 3575 3412 δὲ
3591 3357 3667 3410 τὸν

2106 3449 2271 3520 ἀέρα.-

2320 3561 2463 3631 Περὶ
2488 3560 2595 3631 τῆς
2621 3561 2980 3631 συστάσεως
3005 3563 3124 3619 τῶν
3153 3564 3340 3621 ὅλων.

2176 3673 2237 3726 δ’.
2268 3673 2464 3736 Καλῶς
2491 3672 2558 3727 ἂν
2576 3673 2689 3744 ἔχοι
2711 3675 3091 3748 πείθεσθαιτῷ
3113 3679 3431 3750 Χρυσίππῳ
3460 3678 3664 3750 φήσαντι

2107 3765 2169 3818 ὲκ
2204 3766 2312 3818 τῶν
2346 3767 2627 3838 τεσσάρων
2659 3769 2936 3839 στοιχείων
2970 3769 3070 3842 τὴν
3115 3770 3380 3825 σύστασιν
3419 3769 3524 3824 τῶν
3547 3769 3664 3822 ὅλων

2106 3863 2406 3931 γεγονέναιι
2432 3860 2612 3914 Αἰτιον
2639 3861 2695 3914 δὲ
2735 3861 2834 3932 τῆς
2864 3865 3035 3934 μονῆς
3068 3862 3277 3916 τούτων
3323 3861 3384 3917 τὸ
3422 3859 3658 3932 ἰσοϐαρὲς.

2105 3950 2211 4003 Δύο
2239 3951 2349 4021 γὰρ
2389 3951 2767 4021 ὑποκειμένων
2807 3952 3036 4024 βαρέων,
3077 3953 3184 4022 γῆς
3219 3953 3319 4006 καὶ¹
3357 3951 3556 4017 ὓδατος,
3583 3947 3662 4002 δύο

2105 4045 2160 4098 δὲ
2195 4046 2431 4114 κούφων,
2462 4048 2631 4118 πυρὸς
2660 4048 2755 4100 καὶ
2790 4047 2972 4118 ἀέρος,
3011 4045 3110 4118 τὴν
3143 4048 3352 4100 τούτων
3394 4045 3659 4116 σύγκρασιν

2107 4140 2285 4194 αἰτίαν
2314 4137 2452 4194 εἶναι
2497 4142 2595 4213 τῆς
2619 4141 2712 4206 τοῦ
2746 4139 2947 4204 παντὸς
2978 4139 3187 4204 τάξεως
3208 4158 3223 4172 ·
3256 4139 3443 4212 ὥσπερ
3475 4138 3588 4208 γὰρ.
3617 4135 3659 4187 εὶ
3705 4155 3708 4158 ’

2105 4226 2173 4303 ἧν
2205 4234 2234 4286 6
2257 4233 2460 4304 κόσμος
2496 4231 2687 4304 βαρὺς,
2723 4233 2874 4289 κάτω
2899 4233 2969 4286 ἂν
2999 4233 3228 4304 ἐφέρετο
3249 4248 3265 4263 ⁸
3301 4233 3487 4296 οὕτως,
3513 4231 3554 4282 εί
3581 4227 3659 4279 καὶ

2108 4323 2328 4394 κοῦφος,
2365 4324 2498 4379 ἄνω.
2547 4323 2715 4379 Μένει
2758 4323 2815 4377 δὲ
2867 4324 2945 4395 τῷ
2997 4324 3112 4378 ίσον
3157 4324 3302 4395 ἔχειν
3352 4325 3410 4378 τὸ
3447 4322 3570 4394 βαρὺ
3593 4317 3658 4388 τῷ

421 4416 606 4474 Manet
634 4418 802 4490 igitur
826 4417 966 4483 ideo,
1006 4416 1153 4489 quod
1185 4417 1409 4489 paribus
1437 4416 1751 4471 examinata
1789 4414 1999 4485 ponde-

2109 4413 2315 4486 κούφῳ.
2347 4415 2450 4469 Τὸν
2478 4415 2533 4468 δὲ
2568 4414 2762 4486 αἰθέρα
2788 4416 2880 4469 καὶ
2903 4415 3291 4488 οὐρανὸν,·εῐτε
3315 4419 3344 4470 ὁ
3375 4415 3542 4476 αὐτὸς,
3565 4409 3656 4463 εἴτε

422 4509 579 4565 rinus
620 4509 692 4565 sit
736 4510 793 4565 in
826 4524 893 4564 eo
940 4510 1181 4582 gravitas
1211 4516 1265 4564 et
1307 4509 1520 4565 levitas.
1565 4507 1738 4562 Porro
1783 4507 1984 4562 mthera

423 4603 756 4674 coelumque,
806 4602 921 4659 sive
960 4601 1106 4657 idem
1135 4601 1228 4666 sit,
1254 4601 1369 4656 sive
1396 4600 1609 4656 ditl‘erat
1634 4641 1648 4665 ,
1680 4606 1834 4655 extra
1862 4616 1994 4656 esse

422 4693 661 4751 rotunda
702 4693 874 4765 ﬁgura
902 4711 918 4750 :
947 4693 1091 4748 intra
1124 4691 1271 4747 hunc
1301 4693 1546 4763 proxime
1594 4705 1776 4746 aerem
1829 4706 1953 4746 esse
1982 4709 2007 4755 ;,

423 4789 518 4860 qui
546 4791 604 4844 in
625 4787 816 4843 orbem
851 4787 1196 4842 extrinsecus
1221 4795 1381 4840 terra:
1402 4793 1456 4840 et
1488 4785 1606 4856 ipse
1625 4784 2001 4840 circumfusus

421 4891 524 4939 est.
554 4883 704 4936 Intra
734 4895 898 4951 quem
926 4880 1089 4935 tertia
1124 4878 1434 4934 continetur
1460 4893 1614 4948 aqua:
1642 4877 1857 4947 sphaera
1887 4887 1998 4933 ter-

419 4989 538 5029 ram
578 4973 844 5037 ambiens,
899 4978 953 5026 et
992 4971 1135 5026 inter
1178 4971 1318 5024 hanc
1361 4977 1525 5038 atque
1555 4983 1738 5023 aerem
1773 4968 2002 5038 interje-

419 5076 528 5120 cta.
571 5064 802 5120 Mediam
836 5062 1081 5118 omnium
1118 5077 1240 5116 esse
1272 5071 1494 5127 terram,
1537 5076 1658 5130 quae
1695 5059 1892 5126 centri,
1934 5066 1994 5114 ut

420 5161 475 5211 in
506 5157 759 5225 sphmris,
789 5155 954 5212 situm
981 5164 1035 5210 et
1058 5154 1483 5225 magnitudinem
1515 5154 1745 5210 obtinet.
1769 5153 1849 5208 Ad
1880 5154 1998 5210 hac

422 5252 666 5320 reliquas
699 5260 814 5306 tres
853 5258 1158 5323 quatuorve
1185 5251 1430 5319 sphaeras
1464 5249 1864 5319 circumvolvi;
1903 5265 1999 5305 so-

419 5342 530 5394 lam
574 5342 910 5397 immobilem
943 5341 1145 5396 luerere
1173 5347 1395 5397 terram.
1433 5340 1512 5413 Ae
1563 5341 1831 5412 sphaeram
1878 5340 2007 5411 qui-

423 5431 546 5486 dem
596 5433 737 5502 ignis
785 5434 1169 5498 extrinsecus;
1206 5432 1436 5487 interius
1483 5443 1666 5488 autem
1706 5432 1850 5488 aeris
1894 5433 2002 5487 cir-

423 5525 639 5594 cumagi
669 5533 892 5580 sumunt
936 5525 1280 5580 Archimedis
1312 5524 1589 5596 discipuli.
1643 5525 1712 5581 At
1741 5524 1797 5581 in
1828 5527 2006 5581 medio

426 5626 580 5684 aqua!
641 5624 907 5686 terraeque
959 5618 1151 5688 globos
1198 5616 1321 5674 ideo
1372 5619 1709 5685 consistere,
1753 5623 1914 5691 quodt
1957 5623 2003 5677 si

426 5706 550 5778 quis
584 5708 823 5762 omnium
853 5709 1178 5779 gravissima
1219 5725 1447 5782 corpora
1472 5754 1486 5779 ,
1534 5721 1662 5783 puta
1700 5714 2005 5786 plumbum,

2113 4507 2387 4578 διάφορος,
2427 4507 2625 4574 ἔξωθεν
2681 4504 2841 4574 εἶναι,
2907 4508 3193 4580 σφαιρικὸν
3251 4510 3433 4581 σχῆμα
3474 4505 3652 4576 ἔχοντα.

2114 4599 2269 4654 Μετὰ
2294 4599 2349 4654 δὲ
2379 4601 2564 4656 τοῦτον
2589 4601 2740 4665 ἐντὸς
2766 4602 2932 4655 αὐτοῦ
2960 4601 3051 4654 τὸν
3072 4602 3208 4673 ἀέρα
3235 4599 3393 4664 εἶναι,
3416 4601 3500 4654 καὶ
3519 4595 3656 4661 αὑτὸν

2116 4693 2421 4766 σφαιρικῶς
2453 4693 2833 4765 περικείμενον
2875 4693 3073 4760 ἔξωθεν
3103 4699 3168 4766 τῇ
3211 4700 3317 4768 γῇ·
3345 4695 3580 4765 ἐνδοτέρω
3607 4690 3652 4742 δὲ

2114 4785 2280 4840 αὐτοῦ
2311 4788 2500 4858 τρίτην
2530 4783 2669 4842 εἶναι
2700 4790 2934 4860 σφαῖραν
2965 4787 3062 4860 τὴν
3093 4789 3187 4841 τοῦ
3215 4789 3402 4851 ὓδατος
3432 4787 3546 4856 περὶ
3570 4781 3658 4837 αύέ

2113 4879 2214 4951 τὴν
2244 4879 2341 4950 τὴν
2370 4880 2473 4950 γῆν
2501 4881 2702 4951 μεταξὺ
2731 4881 2825 4935 τοῦ
2870 4881 3032 4952 ἀέρος
3077 4883 3170 4935 καὶ
3205 4882 3302 4953 τῆς
3339 4881 3456 4951 γῆς.
3495 4877 3570 4930 Ἐν
3604 4872 3650 4926 δὲ

2113 4973 2191 5043 τῷ
2232 4973 2540 5045 μεσαιτάτῳ
2565 4974 2664 5047 τὴν
2699 4975 2804 5047 γῆν
2832 4969 2992 5041 εἶναι,
3023 4975 3251 5046 κέντρου
3286 4972 3432 5037 τάξιν
3457 4968 3540 5023 καὶ
3574 4964 3650 5034 μέ·

2113 5066 2273 5134 γεθος
2305 5065 2632 5138 ἐπέχουσαν,
2661 5067 2737 5131 ὼς
2768 5067 2824 5120 αι
2856 5071 3101 5139 σφαῖραι.
3135 5067 3248 5120 Καὶ
3276 5066 3371 5127 τὰς
3397 5064 3488 5134 μὲν
3514 5057 3649 5115 ἄλλας

2115 5161 2260 5229 τρεῖς
2309 5158 2541 5228 σφαίρας
2596 5157 2633 5228 ἦ
2687 5157 2960 5232 τέσσαρας
3010 5157 3428 5228 περιδινεῖσθαι·
3484 5148 3567 5219 τὴν
3602 5145 3646 5195 δὲ

2113 5255 2214 5324 τῆς
2238 5253 2343 5324 γῆς
2380 5252 2546 5324 μόνην
2601 5251 2845 5305 ἑστάναι.
2876 5250 3115 5318 Ἐξωθεν
3167 5250 3225 5302 δὲ
3261 5251 3356 5319 τὴν
3388 5244 3472 5299 τοῦ
3506 5239 3645 5308 πδρκ

2117 5348 2377 5416 σφαῖραν,
2424 5347 2515 5397 καὶ
2549 5343 2806 5413 ἐνδοτέρω
2843 5342 2983 5412 μετὰ
3025 5342 3228 5413 ταύτην
3271 5342 3365 5410 τὴν
3400 5333 3486 5388 τοῦ
3512 5330 3640 5399 ἀέρος

2114 5436 2408 5492 δεδώκασιν
2454 5439 2501 5489 οἰ
2545 5434 2915 5507 ’Λρχιμήδειοι
2964 5432 3364 5506 περιδινεῖσθαι.
3407 5427 3484 5480 Ἐν
3520 5420 3641 5493 μέσῳ

2115 5532 2159 5584 δ’
2193 5526 2328 5583 εῖναι
2376 5529 2473 5601 τὴν
2515 5529 2609 5583 τοῦ
2663 5529 2853 5592 ὓδατος
2883 5530 2988 5602 ’καὶ
3034 5529 3134 5599 τὴν
3180 5527 3280 5596 τῆς
3328 5524 3420 5593 γῆς
3449 5515 3525 5572 διὰ
3560 5510 3639 5579 τὴν

2114 5625 2370 5695 τοιαύτην
2407 5623 2602 5676 αἰτίαν.
2649 5623 2716 5676 Εἴ
2754 5641 2837 5686 τις
2881 5622 3010 5695 γὰρ,
3051 5621 3203 5690 φασὶ,
3245 5619 3390 5672 λάϐοι
3428 5611 3522 5665 τῶν
3550 5621 3638 5695 ἔως

2119 5720 2306 5792 μάτων
2339 5715 2405 5770 τὰ
2451 5714 2745 5788 βαρύτατα,
2775 5710 2885 5769 οἷον
2921 5714 3187 5788 μόλιϐδον,
3235 5713 3324 5766 καὶ
3355 5705 3497 5762 πάλιν
3525 5686 3636 5752 αὐτὰ
