3928 6266
377 289 482 347 9ιὸ

1400 270 1491 333 AD
1527 276 1798 337 EUSEBII
1827 281 2228 342 GHRONICON
2270 274 2635 339 APPENDIX.

3535 273 3640 330 9M

380 409 557 464 Terra:
579 403 788 474 quidem
811 403 892 457 hic
916 403 1170 457 terminus
1192 410 1499 474 supra_ante
1515 400 1669 470 pedes
1693 404 1945 474 cernitur,

2081 399 2372 474 ἀίηςλμρν
2400 399 2536 452 τόδε
2560 395 2768 474 πεῖρας
2800 394 2923 474 ἄνῳ
2945 394 3106 474 παρὰ
3149 380 3387 474 πρσᾳὶν
3414 391 3638 474 optimi,

385 479 449 531 Et
464 472 850 547 ﬂuit—oberrans
868 488 885 528 :
902 474 1146 544 inﬁmum
1162 482 1338 526 autent
1356 472 1666 525 immensum
1683 472 1949 542 pertingit.

454 650 851 721 Aristophanes
877 656 1058 706 autem
1090 649 1145 702 in
1170 646 1424 704 Nubibus
1456 662 1780 719 suspensam
1805 649 1949 704 illam

405 742 515 795 acit
546 741 632 794 his
664 739 848 795 verbis
880 757 895 794 :

386 848 431 907 0
463 849 673 905 domine
700 864 812 917 rex,
846 849 1092 903 immense
1124 863 1236 914 aer,
1268 848 1357 918 qui
1387 847 1584 902 obtines
1602 857 1807 991 [terram
1837 864 1954 903 sus-

1625 934 1838 988 pensam
1867 934 1885 972 :

1625 934 1838 988 pansam
1867 934 1885 972 :

385 1031 482 1089 sed
513 1040 748 1088 stantem
778 1031 1136 1087 nihilominus
1162 1039 1214 1086 et
1238 1030 1540 1085 immotam.
1568 1028 1709 1085 Hinc
1730 1031 1956 1098 Aratus,

597 1247 628 1278 ._
658 1247 672 1262 .
721 1245 736 1262 .
781 1206 956 1274 habet,
986 1206 1183 1277 inquit,
1215 1205 1467 1261 libratam
1491 1204 1720 1278 undique

598 1275 665 1331 In
701 1278 871 1332 medio
903 1275 1120 1343 terram,

387 1403 511 1460 quae
535 1397 791 1444 neutram
823 1397 1010 1461 vergat
1040 1389 1098 1445 in
1120 1397 1354 1461 partem.
1376 1389 1581 1446 Verum
1605 1391 1962 1463 Empedocles

385 1490 537 1537 certa
571 1481 857 1538 elementis
886 1482 1006 1537 loca
1046 1497 1157 1537 non
1188 1483 1475 1553 attribuit;
1507 1484 1605 1540 sed
1642 1485 1735 1540 illa
1767 1484 1962 1541 cedere

386 1571 617 1628 invicem
642 1572 876 1639 asserit;
913 1572 1048 1629 adeo
1074 1580 1133 1627 ut
1163 1582 1274 1629 tam
1306 1574 1560 1633 sublimis
1592 1586 1762 1644 terra,
1796 1590 1960 1647 quam

387 1662 708 1735 depressum
736 1664 940 1720 ccelum
966 1665 1235 1737 rapiatur.
1356 1650 1369 1661 ’

871 1777 1004 1846 Qua:
1028 1780 1097 1835 sit
1124 1790 1323 1836 natura
1351 1784 1490 1840 coeti.
1514 1786 1522 1795 '

452 1871 507 1926 5.
542 1868 757 1927 Caelum
794 1871 889 1926 alii
928 1872 1149 1944 igneum
1196 1880 1250 1929 et
1285 1874 1523 1931 solidum
1560 1890 1684 1933 esse
1717 1875 1909 1932 dicunt
1941 1891 1956 1928 :

388 1963 532 2019 intra
552 1963 701 2035 quod
730 1965 980 2035 proxima
1010 1966 1080 2022 sit
1102 1967 1245 2038 ignis
1278 1968 1512 2039 sphaera,
1544 1969 1783 2049 lampadi
1804 1970 1961 2027 simi-

386 2057 458 2114 lis
492 2075 506 2112 :
538 2057 644 2112 nisi
681 2057 829 2127 quod
874 2057 931 2112 in
980 2058 1228 2128 lampade
1277 2076 1500 2117 sursum
1552 2061 1725 2117 tendit
1774 2061 1958 2133 ignis:

387 2149 556 2206 aether
598 2164 731 2205 vero
776 2150 1054 2205 deorsum.
1099 2150 1238 2206 Tum
1276 2152 1518 2208 divinum
1562 2153 1821 2223 quiddam
1864 2170 1964 2226 pu-

388 2260 512 2299 rum
561 2251 615 2299 et
648 2243 918 2299 illibatum
963 2251 1048 2300 est
1085 2245 1284 2312 aether;
1320 2244 1462 2317 ignis
1502 2260 1634 2302 vero
1678 2248 1961 2318 corrumpi

389 2344 589 2417 pgtest.
622 2335 979 2407 Empedocles
1025 2338 1271 2409 crystalli
1312 2337 1491 2394 simile
1516 2338 1673 2417 facit,
1718 2341 1866 2396 velut
1894 2357 1961 2396 ex

388 2418 564 2500 glacie
589 2418 959 2500 compactum.
985 2430 1393 2485 Anaximander
1422 2432 1647 2487 volucre
1673 2432 1814 2503 ignis
1838 2448 1965 2503 par-

391 2522 586 2591 ticeps.
633 2520 957 2576 Aristoteles
1004 2536 1206 2593 corpus
1256 2538 1321 2578 ex
1358 2521 1556 2594 frigith
1601 2531 1864 2580 constans
1910 2531 1964 2579 et

392 2613 594 2667 calido.
614 2610 725 2668 Nec
749 2613 1002 2669 dubitant
1024 2615 1156 2684 quin
1184 2614 1257 2670 sit
1274 2614 1478 2669 animal
1505 2616 1729 2672 caelum.
1755 2616 1965 2688 Quippe

392 2720 517 2759 eum
541 2711 595 2760 et
614 2720 714 2776 per
747 2720 869 2761 sese
899 2714 1201 2773 moveatur,
1239 2714 1293 2762 et
1325 2707 1515 2762 eodem
1561 2708 1723 2763 modo
1751 2724 1967 2779 semper

392 2796 452 2850 in
484 2797 672 2852 orbem
703 2796 946 2865 eieatur,
976 2804 1141 2868 atque
1180 2798 1250 2853 ab
1298 2797 1490 2854 iisdem
1519 2801 1740 2870 punctis
1774 2800 1841 2854 ad
1874 2815 1966 2856 ea-

394 2889 517 2944 dem
558 2888 940 2945 vicissitudine
973 2897 1232 2961 perpetua
1279 2902 1597 2959 revocetur;
1631 2892 1736 2948 hoc
1784 2894 1966 2964 ipsum

394 2986 576 3032 mente
608 2978 820 3048 praediti
845 2994 967 3034 esse
983 2979 1272 3035 conﬁrmat
1300 2980 1475 3038 Plato.
1505 2982 1646 3048 Quin
1679 2983 1843 3039 etiam
1876 2999 1968 3040 so-

396 3071 465 3126 lis
492 3085 718 3127 cursum
762 3086 827 3125 ac
872 3073 1014 3126 lunae
1050 3071 1317 3131 circuitus
1363 3075 1663 3140 intuemur,
1696 3086 1749 3132 et
1778 3093 1969 3134 erran~

397 3163 534 3217 tium
586 3171 910 3219 caeterorum
952 3166 1472 3224 eireumvolutiones
1520 3175 1576 3224 et
1620 3184 1968 3241 progressus.
2000 3149 2042 3206 θ

396 3252 495 3310 Est
529 3260 711 3310 autem
755 3256 1047 3315 animantis
1084 3257 1189 3313 hoc
1215 3259 1521 3329 proprium,
1563 3275 1596 3314 a
1640 3261 1825 3332 seipse
1854 3277 1974 3318 mo-

398 3346 537 3402 veri.
572 3344 706 3401 Nam
728 3355 783 3402 et
805 3348 859 3401 in
891 3356 1054 3416 terra,
1085 3357 1138 3405 et
1169 3349 1225 3404 in
1247 3365 1393 3419 aere,
1424 3359 1479 3408 et
1517 3352 1575 3407 in
1608 3367 1749 3424 aqua
1770 3355 1974 3426 degunt

401 3438 682 3494 animalia.
716 3437 874 3495 Unde
904 3450 1333 3499 consentaneum
1372 3453 1456 3499 est
1489 3444 1656 3500 etiam
1697 3448 1840 3502 coelo
1891 3455 1975 3503 at-

406 3545 515 3600 que
548 3529 750 3587 aethere
779 3530 1070 3588 contineri.
1101 3532 1180 3588 Ae
1220 3534 1411 3590 nescio
1456 3550 1525 3590 an
1561 3550 1671 3591 non
1702 3533 1974 3593 Homerus

402 3618 521 3690 ipse
548 3620 617 3676 de
645 3621 759 3687 illo,
792 3620 873 3676 sic
906 3630 1164 3694 tanquam
1195 3625 1473 3681 animante
1507 3627 1611 3683 ista
1631 3626 1867 3683 dixerit:

410 3813 485 3901 Et,
504 3815 605 3879 sol,
632 3816 722 3886 qui
746 3816 800 3871 in
830 3821 1010 3872 omnia
1039 3820 1317 3889 prospicit,
1348 3828 1399 3875 et
1433 3819 1586 3877 audit
1615 3824 1818 3878 onmia.

404 3927 598 3985 Μυεῑοί
640 3945 807 4000 porro
849 3933 1223 3989 harmonicam
1259 3936 1380 3991 cceli
1421 3952 1547 3994 esse
1594 3938 1977 3997 circuitionem

404 4028 678 4076 asserunt.

476 4109 741 4165 Czcterum
772 4112 864 4167 alii
909 4114 1089 4183 ipsum
1129 4132 1196 4171 ex
1225 4133 1347 4175 sese
1382 4119 1605 4190 quidam
1635 4120 1977 4187 existimant,

405 4201 499 4256 alii
557 4203 900 4262 exhalatione
927 4207 1031 4278 77
1051 4209 1225 4280 pasci,
1277 4227 1400 4283 quae
1445 4212 1598 4268 circa
1651 4214 1829 4284 ipsum
1872 4224 1977 4284 est,

403 4293 654 4347 nonnulli
685 4309 843 4367 aquas
872 4297 1143 4368 sphaeram
1171 4301 1358 4372 pabuli
1388 4317 1512 4359 esse
1541 4302 1665 4359 loco
1710 4305 1978 4361 sentiunt.

1992 1776 2040 1836 B

2054 471 2163 525 Καὶ
2188 464 2314 538 “pia:
2357 466 2781 538 προσπλάζονο
2834 466 2901 519 τὸ
2964 464 3121 519 κάτω
3170 464 3225 517 δ’
3273 464 3642 606 νὲἷῖῗρσγ

2139 654 2524 727 Ἀριστοφάνης
2545 654 2589 707 δ’
2614 656 2672 707 ὲν
2695 649 3293 722 Νεφέλαις-μετέωρον
3309 648 3486 722 αὐτὴν
3506 646 3640 704 εἴπεο

2055 748 2328 829 λέγειγάρ
2344 767 2358 780 ·
2380 828 2383 831 Α

2056 863 2131 922 Ὦ
2159 866 2403 921 δέσποτ’
2426 863 2582 930 ἅναξ
2610 862 2883 934 ἀμέτρητ’
2921 833 3074 930 Ἀἦρ,
3097 860 3164 927 ὃς
3191 861 3366 934 ἔχεις
3394 858 3512 934 τὴν
3538 859 3647 929 γῆν

3262 930 3612 1004 [μετέωρον-

2061 1052 2305 1108 ἐστῶσαν
2352 1050 2535 1122 μέντοι
2584 1050 2679 1103 καὶ
2719 1048 2991 1120 ἀκίνητον.
3042 1047 3205 1103 Ὅθεν
3265 1047 3369 1101 καὶ
3419 1046 3649 1117 Ἄρατός

2063 1160 2225 1214 φησιν
2248 1161 2260 1172 ·

2375 1232 2498 1301 ἔχει
2520 1232 2584 1285 δ’
2616 1231 2957 1287 ἀτάλαντον
2990 1229 3226 1299 ἁπάντη

2273 1304 2609 1374 Μεσσηγὺς
2633 1302 2831 1374 γαῖαν·

2066 1396 2316 1471 μηδαμοῦ
2344 1395 2835 1467 ταλαντευομένην.
2882 1394 2940 1448 '0
2982 1393 3040 1448 δὲ
3076 1390 3467 1465 Ἐμπεδοκλῆς
3496 1392 3556 1445 οὐ
3576 1391 3648 1445 δί-

2061 1491 2193 1544 δωσι
2236 1492 2348 1553 τοῖς
2390 1486 2673 1559 στοιχείοις
2706 1487 3060 1558 ’ὡρισμένους
3092 1486 3321 1550 τόπους,
3368 1485 3486 1539 ἀλλ’
3518 1487 3649 1540 ἀντι-

2064 1583 2414 1654 παραχωρεῖν
2441 1579 2693 1651 ἀλλήλοις
2720 1577 2910 1648 φησιν’
2941 1576 3081 1632 ὥστε
3119 1579 3214 1632 καὶ
3248 1577 3355 1649 τὴν
3386 1576 3493 1647 γῆν
3531 1594 3647 1648 μετ-

2063 1672 2234 1744 έωρον
2259 1669 2539 1744 φέρεσθαι,
2572 1669 2667 1723 καὶ
2701 1669 2763 1723 τὸ
2793 1669 2903 1740 πῦρ
2926 1668 3338 1741 ταπεινότερον.

2551 1780 2650 1847 Τίς
2687 1780 2870 1835 οὐσία
2891 1778 3170 1848 οὐρανοῦ.

2138 1879 2200 1927 ε’.
2225 1870 2329 1926 Τὸν
2355 1871 2412 1925 δὲ
2434 1870 2662 1942 οὐρανὸν
2690 1871 2740 1924 οί
2777 1870 2874 1941 μὲν
2909 1868 3128 1942 πυρώδη
3157 1864 3302 1922 εἶναι
3340 1869 3443 1922 καὶ
3475 1870 3647 1942 στερέ-

2071 1980 2250 2037 μνιονο
2280 1962 2431 2027 ἐντὸς
2452 1962 2510 2016 δὲ
2539 1961 2705 2016 αὐτοῦ
2748 1959 2842 2015 τοῦ
2878 1960 3091 2035 αἰθέρος
3119 1961 3236 2032 τὴνο
3261 1964 3505 2032 σφαῖραν
3533 1965 3643 2032 ἐχο-

2072 2057 2238 2127 μένην
2271 2054 2459 2127 ὥσπερ
2491 2053 2679 2108 δαλόνο
2721 2052 2995 2125 διαφέρειν
3035 2051 3092 2106 δὲ
3144 2050 3382 2121 ταύτην,
3491 2053 3520 2105 ὁ
3554 2052 3643 2123 μὲν

2067 2147 2225 2211 δαλὸς
2247 2144 2526 2217 ἀνωφερὲς
2553 2143 2665 2214 ἔχει
2704 2143 2766 2196 τὸ
2789 2142 2921 2214 πῦρ,
2948 2144 2976 2197 ό
3010 2141 3069 2194 δὲ
3100 2141 3269 2214 αίθὴρ
3299 2141 3637 2214 κατωφερὲς·

2070 2238 2273 2311 καὶτῷ
2314 2238 2375 2292 τὸ
2429 2238 2526 2310 μὲν
2563 2236 2704 2291 θεῖον
2745 2232 2901 2302 εἶναι,
2956 2236 3051 2289 καὶ
3097 2234 3347 2307 καθαρὸν
3390 2232 3483 2289 καὶ
3516 2235 3637 2306 ἀμε-

2071 2332 2344 2404 τάληπτον
2377 2331 2439 2385 τὸ
2489 2330 2583 2384 τοῦ
2624 2329 2860 2402 αἰθέρος,
2898 2328 2959 2382 τὸ
2993 2327 3050 2381 δὲ
3088 2326 3354 2401 φθαρτόν.
3399 2325 3641 2397 Ἐμπεδο-

2071 2426 2205 2496 κλῆς
2255 2425 2312 2479 δὲ
2360 2422 2743 2499 κρυσταλλὼδη
2794 2423 2983 2476 τοῦτον
3028 2416 3168 2475 εἷναί
3218 2435 3411 2492 φησιν,
3460 2420 3522 2472 ἐκ
3557 2414 3643 2472 τοῦ

2073 2520 2418 2591 παγετὼδους
2464 2518 2815 2588 συλλεγέντα·
2864 2515 3287 2588 Ἀναξίμανδρος
3343 2515 3403 2568 δὲ
3456 2512 3642 2584 πτηνὸν

2072 2613 2244 2685 πυρὸς
2274 2611 2595 2683 μετέχοντα·
2642 2606 3017 2681 Ἀριστοτέλης
3049 2606 3106 2659 δὲ
3147 2605 3313 2677 σῶμα
3353 2606 3419 2657 ἐκ
3447 2601 3640 2676 ψυχροῦ

2073 2708 2168 2760 καὶ
2188 2702 2414 2777 θερμοῦ,
2440 2703 2585 2757 Ζῶον
2606 2701 2661 2755 δέ
2692 2717 2856 2772 φασιν
2881 2696 3021 2753 εἶναι
3053 2701 3144 2752 τὸν
3173 2698 3414 2769 κόσμον·
3443 2696 3519 2767 τῷ
3543 2694 3639 2766 γὰρ

2075 2801 2425 2870 αὐτοκίνητον
2450 2794 2587 2851 εἶναι
2616 2796 2799 2855 αὐτὸν,
2825 2795 2921 2849 καὶ
2946 2794 3089 2847 κατά
3107 2793 3176 2846 τὰ
3219 2791 3365 2846 αὐτά
3390 2791 3485 2863 τὴν
3506 2805 3641 2859 περι-

2076 2892 2246 2964 φορὰν
2271 2891 2357 2945 ἀεὶ
2387 2889 2676 2954 ποιεῖσθαι,
2704 2889 2799 2941 καὶ
2823 2886 2929 2942 ἀπὸ
2949 2886 3060 2939 τῶν
3088 2885 3274 2939 αὐτῶν
3300 2882 3536 2955 σημείων
3558 2880 3640 2933 ἐπὶ

2075 2985 2143 3039 τὰ
2183 2984 2322 3038 αὐτὰ
2354 2980 2760 3054 περιδινεῖσθαι,
2802 2978 2926 3034 νοῦν
2972 2977 3187 3050 ἔχοντός
3231 2978 3390 3041 ἐστι,
3442 2975 3590 3046 φησιν
3615 2971 3641 3024 ό

2077 3080 2323 3134 Πλάτων.
2366 3077 2525 3131 Ἀλλὰ
2552 3076 2648 3131 καὶ
2685 3076 2760 3140 ὡς
2788 3075 2924 3140 ζῶον
2958 3074 3228 3141 ζωογονεῖ·
3258 3072 3394 3134 τοὺς
3420 3069 3477 3122 δὲ
3501 3065 3641 3122 ἀστέ-

2080 3192 2180 3248 ρας
2205 3173 2519 3243 γεννήματα
2547 3166 2713 3224 αὐτοῦ
2742 3162 2882 3222 εἷναί
2912 3182 3113 3236 φαμεν.
3141 3160 3249 3219 Καὶ
3283 3162 3437 3234 ἡλίου
3458 3160 3513 3213 δὲ
3536 3156 3642 3229 δρό-

2083 3285 2180 3341 μον
2204 3265 2438 3339 όρῶμεν,
2461 3262 2558 3318 καὶ
2599 3262 2828 3335 σελήνης
2867 3257 3190 3332 περιφορὰς,
3230 3255 3333 3310 καὶ
3357 3252 3463 3308 τῶν
3488 3250 3641 3306 ἄλλων

2081 3360 2366 3430 πλανήτων
2393 3356 2673 3429 περιόδους
2713 3355 2809 3408 καὶ
2843 3354 3105 3424 κινήσεις.
3139 3349 3305 3404 ’Ἰδιον
3338 3347 3397 3401 δὲ
3429 3343 3559 3410 ζὼου
3587 3341 3641 3394 τὺ

2080 3449 2170 3519 ὑφ’
2205 3448 2369 3503 αὐτοῦ
2410 3446 2696 3502 κινεῖσθαι.
2735 3446 2847 3499 Καὶ
2886 3442 2995 3514 γὰρ
3044 3444 3102 3495 ἐν
3146 3443 3216 3513 γῇ
3251 3439 3353 3493 καὶ
3395 3436 3530 3508 ἀέρι,
3558 3431 3638 3488 καὶ

2082 3543 2236 3597 ὕδατι
2269 3540 2385 3606 ζῶά
2421 3541 2557 3593 ἐστι.
2604 3538 2695 3592 Διὸ
2744 3535 3034 3592 ἀκόλουθον
3073 3534 3168 3588 καὶ
3210 3536 3269 3586 ὲν
3306 3528 3531 3603 οὐρανῷ,
3556 3525 3638 3579 καὶ

2081 3634 2258 3707 αἰθέρι
2303 3628 2461 3687 εἶναι.
2508 3632 2731 3703 Μήποτε
2781 3629 2967 3701 μέντοι
3001 3627 3096 3681 καὶ
3123 3626 3268 3698 ’Ὀμη
3282 3641 3375 3698 ρος
3411 3622 3485 3685 ὡς
3518 3616 3637 3691 πρὸς

2082 3724 2221 3791 ζῶόν
2247 3738 2410 3795 φησιν
2432 3738 2447 3751 ·
3512 3778 3521 3787 ,

2095 3835 2324 3899 Ἠέλιός
2355 3833 2427 3899 θ’,
2454 3833 2522 3898 ὃς
2553 3830 2727 3886 πάντ’
2770 3830 2979 3906 ἐφορᾷ,
3023 3831 3120 3885 καὶ
3158 3828 3336 3883 πάντ’
3359 3821 3633 3882 ἐπακούει.

2083 3951 2146 4004 Οἱ
2172 3949 2229 4003 δὲ
2278 3949 2525 4019 μουσικοὶ
2572 3945 2876 4018 ἁρμονικὴν
2926 3942 3019 3998 τοῦ
3070 3942 3304 4015 οὐρανοῦ
3353 3936 3510 3995 αὐτοῦ
3550 3934 3634 4003 τὴν

2084 4039 2387 4114 περιφορὰν
2413 4039 2662 4108 λέγουσιν
2683 4033 2844 4091 εἶναι.
3670 4106 3671 4109 η

2155 4133 2341 4202 Τροφῇ
2370 4131 2429 4184 δὲ
2450 4130 2674 4202 χρῆται,
2699 4129 2774 4193 ὡς
2802 4129 2900 4199 μέν
2926 4143 3092 4193 τινες,
3112 4127 3241 4197 παρ’
3270 4120 3480 4179 ἑαυτοῦ·
3506 4117 3632 4172 ἄλλοι

2083 4227 2139 4280 δὲ
2173 4222 2531 4294 ἀναθυμιάσει
2551 4225 2618 4293 τῇ
2644 4223 2774 4292 περὶ
2796 4219 2957 4275 αὐτόν
2974 4220 3145 4284 ’τινὲς
3178 4218 3236 4272 δὲ
3261 4220 3328 4289 τῇ
3359 4211 3630 4284 τοῦιῦδατος

2087 4316 2313 4387 σφαίρᾳ.
2328 4312 2704 4385 Ἀριστοτέλης
2718 4312 2775 4366 δὲ
2800 4314 2873 4384 μὴ
2885 4310 3091 4365 δεῖσθαι
3103 4310 3309 4382 τροφῆς
3322 4306 3475 4362 αῦτὺν
3484 4304 3629 4371 λέγει’

408 4385 735 4444 Aristoteles
767 4391 1028 4448 alimento
1056 4406 1221 4465 negat
1250 4411 1390 4468 opus
1413 4396 1658 4466 habere;
1684 4413 1812 4455 nam
1833 4399 1968 4470 quod

2086 4385 2147 4466 τό
2309 4409 2559 4482 δεόμενον
2579 4407 2817 4480 φθαρτόν
2837 4424 2852 4438 ο
2876 4409 2905 4461 ό
2927 4406 2985 4460 δὲ
3002 4406 3171 4470 ὰῖδιός
3193 4406 3311 4459 ἐστι
3333 4404 3448 4456 κατ’
3470 4395 3627 4454 αὐτόν.

404 4494 471 4535 eo
501 4479 729 4553 indiget,
759 4485 1120 4554 corruptibile
1147 4496 1232 4543 est
1262 4507 1276 4543 :
1309 4488 1510 4544 coelum
1544 4496 1728 4545 autem
1776 4492 1968 4561 sempi-

2100 4498 2158 4550 Ὀ
2191 4479 2265 4550 δὲ’
2291 4479 2516 4550 Πλάτων
2562 4495 2653 4549 τὸν
2697 4479 2802 4567 μὲν
2863 4493 3050 4567 νοητὸν
3105 4495 3310 4565 κόσμον
3363 4490 3520 4546 ἀΐδιον
3552 4484 3629 4538 καὶ

406 4579 621 4626 ternum
653 4573 723 4628 ab
763 4575 955 4631 eodem
999 4580 1240 4647 ponitur.
1275 4577 1477 4635 Verum
1511 4579 1669 4635 Plato
1717 4583 1968 4638 mundun

2088 4587 2362 4659 ἄφθαρτον
2399 4586 2569 4656 λέγει,
2614 4586 2706 4640 τὸν
2750 4586 2809 4641 δὲ
2856 4585 3112 4657 αἰσθητὸν
3146 4583 3399 4656 φθαρτόν.
3442 4581 3501 4634 Ei
3538 4575 3628 4647 γὰρ

402 4667 799 4735 intelligibilem
846 4680 1112 4726 aeternum
1159 4682 1215 4730 et
1267 4676 1646 4747 incorruptum
1700 4692 1826 4734 esse
1869 4685 1968 4734 sta«

2089 4679 2344 4751 αἰσθητός
2376 4681 2513 4744 ἐστι,
2560 4679 2652 4733 καὶ
2688 4677 2914 4750 γενητὸς
2964 4677 3204 4750 δηλονότι
3262 4676 3355 4732 καὶ
3400 4666 3625 4745 φθαρτόςο

401 4760 529 4826 tuit,
567 4760 888 4816 sensibilem
917 4778 1046 4820 vero
1076 4780 1241 4835 posse
1282 4770 1588 4841 corrumpi,
1627 4771 1889 4843 quoniam
1933 4772 1983 4826 si

2092 4774 2235 4837 Ἔτι,
2272 4772 2406 4842 φησὶ
2428 4772 2475 4803 ⁸⁸
2500 4770 2579 4842 τῷ
2609 4768 2921 4836 Πολιτικῷ,
2960 4771 3070 4825 εἴτε
3103 4769 3346 4842 μυθικῶς
3367 4766 3471 4821 εἴτε
3497 4775 3626 4833 φυσι-

403 4850 688 4906 sensibilis
729 4860 836 4918 est,
889 4854 1070 4912 factus
1128 4858 1201 4913 sit
1242 4867 1459 4931 oportet
1501 4864 1968 4935 corruptionisqut

2090 4864 2222 4930 κῶς,
2263 4863 2472 4934 κίνησιν
2497 4861 2639 4933 ἔχειν
2660 4862 2844 4935 διττήν
2864 4877 2879 4892 ⁸
2917 4860 3013 4935 τὴν
3054 4862 3152 4934 μὲν
3180 4861 3271 4931 ὑφ’
3304 4854 3514 4922 ἑαυτοῦ,
3544 4848 3626 4919 τὴν

401 4958 603 5014 capax.
649 4943 920 5002 Praeterea
956 4949 1152 5005 scribit
1191 4947 1247 5007 in
1286 4952 1538 5020 Politico,
1577 4971 1676 5012 seu
1712 4956 1984 5021 fabulose,

2090 4957 2147 5012 δὲ
2177 4956 2282 5010 ὑπὸ
2312 4954 2408 5009 τοῦ
2440 4951 2598 5007 Θεοῦ.
2630 4953 2743 5008 Καὶ
2769 4954 2858 5008 ὅτε
2889 4954 2987 5025 μὲν
3009 4954 3114 5009 ὑπὸ
3134 4950 3234 5009 τοῦ
3255 4950 3386 5008 Θεοῦ
3403 4947 3620 5004 κινεῖται.

402 5050 502 5089 seu
525 5049 742 5101 revera,
770 5037 976 5109 duplici
1002 5053 1154 5097 motu
1174 5043 1329 5099 illum
1353 5061 1477 5102 esse
1504 5048 1831 5117 praeditum;
1854 5064 1968 5119 quo

2085 5049 2357 5113 εὐτακτεῖ,
2410 5047 2505 5101 καὶ
2558 5046 2700 5100 κατὰ
2757 5046 2826 5103 τὰ
2875 5048 3014 5102 αὐτὰ
3058 5048 3281 5121 φέρεται
3295 5066 3322 5100 ο.
3348 5047 3429 5101 ὅτε
3466 5040 3516 5094 δὲ
3549 5032 3621 5102 ὑφ’

402 5143 528 5184 rum
561 5128 698 5187 alter
724 5138 920 5187 natura
949 5134 1030 5190 illi
1054 5144 1177 5202 sua,
1202 5139 1343 5196 alter
1372 5155 1403 5195 a
1430 5141 1542 5199 Deo
1570 5142 1874 5213 impressus
1896 5157 1989 5198 ac-

405 5219 557 5277 cidit.
592 5225 673 5279 Ac
700 5239 825 5279 cum
862 5235 1114 5284 movetur
1138 5246 1170 5285 a
1215 5232 1347 5300 Deo,
1384 5234 1639 5292 ordinate
1663 5236 1863 5300 cietur,
1897 5236 1985 5291 in-

404 5311 544 5380 quit,
591 5322 645 5367 et
684 5326 1034 5387 constanter;
1064 5335 1190 5376 cum
1229 5338 1262 5377 a
1297 5324 1480 5395 seipso
1509 5342 1660 5393 vero,
1704 5327 1981 5383 contrario

2084 5141 2309 5207 ἑαυτοῦ,
2345 5141 2444 5212 τὴν
2484 5141 2732 5196 ἐναντίαν
2778 5138 2951 5211 φορὰν
3002 5143 3252 5207 κινεῖται,
3287 5139 3377 5194 καὶ
3411 5127 3619 5201 διαφθεί-

2087 5250 2269 5305 ρεται,
2310 5232 2417 5286 ἔστ’
2458 5232 2526 5286 ἂν
2568 5233 2760 5304 ἐπιστῇ
2795 5231 2956 5286 πάλιν
2988 5232 3016 5284 ὁ
3054 5231 3208 5297 Θεὸς,
3238 5232 3329 5286 καὶ
3365 5222 3620 5300 ἡνιοχήσας

2086 5325 2513 5397 ἀποκαταστήσῃ
2544 5325 2624 5388 εἰς
2650 5324 2749 5394 τὴν
2774 5323 3007 5396 ἀρχαίαν
3038 5325 3268 5396 κίνησιν,
3298 5314 3616 5383 ἀνακύκλησιν

407 5411 557 5459 motu
581 5406 794 5477 rapitur
822 5417 877 5471 et
905 5415 1301 5485 corrumpitur,
1331 5418 1508 5474 donec
1537 5434 1734 5476 rursus
1758 5422 1968 5475 accedat

2089 5417 2472 5488 ποιησάμενος.
2520 5414 2841 5485 Ὠνόμασται
2885 5414 2943 5468 δὲ
2987 5416 3190 5488 κόσμος
3237 5413 3381 5486 παρὰ
3407 5408 3494 5479 τὴν
3529 5397 3617 5455 τῶν

405 5493 573 5561 Deus,
612 5506 668 5553 et
692 5501 895 5567 aurigae
923 5502 1100 5561 instar
1128 5508 1421 5567 moderans
1452 5511 1747 5582 pristinum
1772 5513 1827 5567 in
1856 5527 1984 5567 cur-

2093 5508 2421 5580 συμπάντων
2452 5505 2831 5577 διακόσμησιν.

408 5590 643 5649 riculum
696 5598 956 5655 restituat
1005 5617 1070 5657 ac
1121 5606 1384 5663 revolvat.
1448 5608 1669 5680 Κόσμος
1716 5607 1860 5663 idem
1912 5608 1985 5662 oh
2017 5603 2434 5677 dispositionem
2497 5600 2745 5656 omnium
2786 5601 2845 5656 in
2873 5615 2941 5657 eo
2970 5617 3153 5657 rerum
3184 5602 3395 5658 dicitur.

492 5700 543 5735 “
565 5702 609 5771 Ῑ.
637 5702 766 5759 add.
796 5706 878 5761 tv.
