3928 6266
225 449 335 509 945
1023 447 1344 508 ACHILLIS
1376 447 1564 506 TATII
1599 443 1849 503 iSAGOG

1958 442 2027 496 ω
2062 442 2275 499 ARATI
2307 440 2780 500 ΡΗΔΞΝΟΜΕΝᾹ.
3421 440 3528 499 946

293 562 590 637 Διόδωρος
627 566 696 620 δὲ
728 566 936 639 ἐξαχῶς
957 567 1047 622 τὸν
1071 568 1275 640 κόσμον
1307 569 1442 640 φησι
1473 568 1730 632 νοεῖσθαι,
1764 563 1848 636 ἐφ’

2024 561 2294 621 Diodorus
2324 580 2419 622 sex
2453 565 2630 622 modis
2668 563 2906 635 intelligi
2933 578 3096 634 posse
3127 564 3392 619 mundum
3443 578 3531 619 as-

227 657 468 712 ἐκάστου
509 658 756 723 ἔννοιαν
786 661 961 725 διδοὺς
988 660 1179 726 οὕτως.
1210 662 1430 734 Κόσμος
1461 664 1581 716 ἐστι⁷
1603 664 1850 734 σύστημα

1959 656 2116 718 serit,
2144 663 2200 713 et
2258 653 2556 730 unicuique
2617 675 2778 717 suum
2840 669 3064 714 sensum
3117 657 3198 712 sic
3257 656 3526 712 attribuit.

225 749 286 817 ἐξ
311 750 567 822 ούρανοῦ
597 753 711 808 καὶ
748 754 872 825 γῆς,
908 755 1002 808 καὶ
1020 754 1131 808 τῶν
1167 753 1371 825 μεταξὺ
1400 755 1632 824 φύσεων.
1665 755 1850 820 Πάλιν,

1958 745 2191 804 Mundus
2218 756 2304 804 est
2329 750 2620 806 collectum
2649 749 2913 822 quiddam
2952 763 2984 804 e
3014 749 3157 804 coelo
3194 756 3360 820 atque
3382 757 3529 804 terra

225 844 437 914 κόσμος
464 845 634 899 ἐστὶν
670 848 990 920 οἰκητήριον
1026 848 1183 903 θεῶν.
1228 847 1343 902 Νῦν
1376 844 1469 903 οὖν
1497 849 1558 902 τὸ
1587 848 1850 920 πλήρωμα

1958 844 2010 892 ει
2041 839 2251 895 naturis
2286 847 2519 912 utroque
2557 841 2994 911 comprehensis.
3031 839 3260 906 Rursus,
3291 842 3530 896 mundus

224 938 375 1009 λέγει
404 938 587 1003 ἐκτὸς
619 939 747 995 τῶν
773 943 831 994 ὲν
863 941 1030 1011 αὐτῷ.
1072 941 1288 1014 Τρίτον,
1325 939 1353 994 ὁ
1386 941 1589 1012 κόσμος
1615 943 1731 995 ἐστὶ
1761 942 1850 995 σύ-

1958 939 2041 986 εει
2086 931 2316 987 deorum
2352 932 2709 988 domicilium.
2751 932 2854 989 Ubi
2894 934 3340 1005 supplementum.
3382 933 3529 989 illius

228 1046 417 1103 στημα
453 1030 528 1083 ὲκ
581 1029 743 1085 θεῶν
788 1032 881 1086 καὶ
928 1031 1346 1104 ἁνθρώπων.....
1384 1032 1540 1086 τοῦτο
1590 1033 1749 1104 μόνον
1780 1032 1858 1103 τῷ

229 1121 330 1193 βίῳ
355 1138 369 1151 ·
402 1122 489 1186 ὡς
517 1122 582 1175 εῐ
617 1141 717 1188 τις
757 1123 905 1193 λέγει
929 1140 944 1154 °
975 1123 1134 1187 Πόλις
1169 1125 1316 1177 ἐστὶν
1355 1124 1415 1188 ἐξ
1457 1125 1732 1196 ἀρχόντων
1764 1125 1858 1179 καὶ

227 1215 597 1287 ἀρχομένων.
636 1216 920 1290 Τέταρτον
949 1219 1154 1290 κόσμος
1201 1221 1346 1273 ἐστὶν
1390 1220 1586 1291 αἰθήρ·
1629 1216 1782 1285 οὗτος
1801 1222 1857 1276 δὲ

229 1305 343 1380 πῦρ
382 1307 716 1380 εἰλικρινὲς
762 1311 838 1363 ὢν
885 1309 1192 1382 κατιῦτερὸς
1233 1313 1277 1345 ⁸⁷
1317 1314 1433 1366 ἐστι
1479 1310 1577 1366 τοῦ
1627 1313 1856 1382 φυσικοῦ

231 1400 468 1470 κόσμου.
532 1402 846 1473 Πέμπτον,
901 1403 1103 1476 κόσμος
1154 1405 1301 1458 ἐστὶν
1347 1408 1380 1476 ἡ
1438 1407 1544 1460 τῶν
1603 1407 1856 1461 ἀπλανῶν

232 1495 468 1565 σφαῖρα.
525 1496 754 1551 Τούτου
801 1499 895 1552 καὶ
947 1499 1172 1553 Πλάτων
1212 1503 1270 1555 ὲν
1319 1503 1530 1572 Τιμαίῳ
1565 1501 1852 1574 μέμνηται.

235 1583 465 1648 Ἕκτον,
542 1587 770 1658 κόσμος
824 1591 972 1643 ἐστὶν
1023 1593 1051 1644 ὁ
1103 1591 1476 1664 διακοσμήσας
1531 1593 1598 1647 τὰ
1655 1595 1852 1648 πάντα.

236 1673 429 1727 Ἔοικε
459 1675 524 1728 δὲ
556 1675 668 1730 νῦν
693 1679 727 1748 ἡ
759 1677 994 1749 Πρόνοια
1038 1678 1310 1748 λέγεσθαι.
1333 1681 1406 1733 Τὸ
1433 1681 1487 1733 δὲ
1513 1683 1620 1734 πᾶν
1653 1681 1850 1752 κόσμον

1958 1664 2058 1721 dus
2081 1675 2165 1720 est
2205 1668 2298 1736 qui
2341 1668 2620 1722 ordinavit
2664 1671 2868 1724 omnia.
2916 1669 3127 1736 Quibus
3163 1671 3348 1727 verbis
3386 1672 3529 1726 indi-

235 1766 577 1839 Πυθαγόρας
601 1768 872 1822 ἐκάλεσεν
905 1770 969 1823 ὲκ
996 1771 1096 1841 τῆς
1118 1771 1532 1842 διακοσμήσεως
1554 1786 1568 1801 ⁶
1597 1772 1768 1835 οὐδεὶς
1801 1771 1850 1825 δὲ

1958 1758 2067 1812 cari
2101 1757 2456 1815 Providentia
2481 1761 2716 1818 videtur.
2748 1761 3088 1834 Pythagoras
3110 1763 3312 1834 κόσμον
3345 1764 3530 1834 appel-

235 1855 344 1928 πρὸ
369 1857 576 1911 αὐτοῦ.
622 1857 708 1913 Τὸ
744 1859 801 1913 δὲ
834 1862 941 1914 πᾶν
973 1861 1068 1914 τοῦ
1101 1861 1221 1914 ὅλου
1259 1863 1412 1934 παρὰ
1451 1865 1562 1926 τοῖς
1598 1864 1850 1925 Στωϊκοῖς

1958 1849 2087 1903 lavit
2130 1851 2471 1918 universum,
2519 1865 2744 1924 propter
2784 1854 3112 1925 dispositum
3149 1855 3331 1926 :quod
3369 1870 3530 1910 nemo

238 1951 517 2024 διαφέρει.
573 1953 752 2008 Ὀλον
807 1955 904 2025 μὲν
954 1955 1062 2029 γὰρ
1112 1927 1448 2026 λέγουσι-τὸν
1489 1958 1712 2028 κόσμον,
1749 1960 1850 2010 πᾶν

1958 1949 2083 1999 ante
2115 1941 2296 2012 ipsum
2335 1944 2570 2000 dixerat.
2603 1943 2792 2000 Diﬂ‘ert
2822 1952 3004 2000 autem
3047 1946 3349 2000 secundum
3381 1943 3528 2000 Stoi-

237 2042 292 2096 δὲ
337 2044 484 2115 μετά
507 2044 614 2099 τοῦ
653 2046 837 2101 κενοῦ.
870 2048 1147 2120 Τηρητέον
1170 2050 1236 2114 ⁸⁸,
1261 2050 1342 2104 ὅτι
1374 2050 1609 2121 οὐδαμοῦ
1635 2051 1701 2104 δι’
1733 2051 1850 2104 ὅλου

1958 2052 2051 2094 cos
2087 2037 2402 2094 universum
2435 2054 2464 2093 a
2491 2045 2624 2095 toto.
2667 2037 2800 2094 Nam
2826 2046 3000 2095 totum
3026 2049 3225 2097 vocant
3257 2041 3332 2095 illi
3371 2056 3530 2096 mun-

1957 1023 2110 1079 all‘ert
2141 1033 2296 1081 extra
2329 1025 2385 1081 id
2400 1025 2546 1096 quod
2576 1025 2629 1080 in
2657 1026 2752 1081 illo
2779 1026 3114 1082 continetur.
3142 1025 3346 1091 Tertio,
3364 1043 3528 1081 mun-

1955 1115 2061 1170 dus
2093 1123 2180 1192 est
2225 1123 2467 1187 systema
2505 1116 2732 1172 deorum
2780 1125 2835 1172 et
2876 1116 3248 1171 hominum....
3291 1117 3440 1173 velut
3481 1116 3531 1173 si

1957 1207 2080 1278 quis
2101 1206 2250 1262 dicat
2274 1226 2290 1262 ι
2324 1207 2534 1264 Civitas
2554 1223 2622 1262 ex
2638 1207 3051 1278 magistratibus
3071 1217 3126 1264 et
3145 1209 3360 1264 civibus
3378 1223 3530 1265 com-

1957 1297 2198 1367 ponitur.
2230 1299 2462 1365 Quarto,
2499 1298 2738 1355 mundus
2775 1305 2861 1354 est
2890 1298 3090 1367 aether;
3124 1298 3215 1354 hic
3250 1314 3382 1355 vero
3403 1315 3528 1354 cum

1956 1392 2029 1446 sit
2055 1407 2248 1460 purus,
2294 1406 2361 1446 ac
2386 1391 2639 1447 sincerus
2663 1391 2830 1462 ignis,
2871 1393 3112 1447 naturali
3149 1391 3356 1448 mundo
3398 1391 3531 1447 infe-

1954 1484 2067 1538 rior
2095 1491 2198 1539 εει.
2219 1483 2442 1551 Quinto,
2469 1487 2706 1541 mundus
2733 1496 2818 1542 est
2843 1486 3076 1542 lixarum
3100 1488 3333 1559 sphaera.
3353 1486 3530 1560 Hujus

1953 1572 2340 1643 descriptionis
2364 1575 2610 1631 meminit
2637 1577 2692 1632 in
2723 1577 2922 1634 Timaeo
2944 1578 3119 1634 Plato.
3149 1578 3337 1646 Sexto,
3367 1595 3530 1636 mun-

242 2135 452 2208 κόσμος
487 2137 686 2202 οὕτως
721 2139 1049 2211 ὠνόμασται.
1087 2143 1328 2214 Οὐρανὸς
1350 2143 1406 2196 δὲ
1431 2144 1852 2218 ὴτυμολόγηται,

241 2227 358 2296 ήτοι
391 2229 522 2283 ἐπεὶ
556 2231 700 2302 ὄρος
725 2231 950 2296 παλαιός
978 2234 1123 2287 ἐστιν
1141 2251 1154 2264 '
1191 2234 1224 2306 ἢ
1249 2236 1369 2289 ἐπεὶ
1390 2238 1733 2310 σφαιροειδὴς
1756 2238 1852 2304 ὢν,

245 2317 458 2373 ἔνδοθεν
490 2322 678 2376 αὐτοῦ
719 2326 866 2394 ἡμᾶς
910 2325 1051 2396 ἀρεῖ,
1083 2327 1111 2378 ὃ
1154 2327 1269 2382 ἐστι
1316 2329 1617 2396 φυλάσσει·
1659 2331 1692 2403 ἢ
1733 2333 1854 2385 ἐπεὶ

243 2409 528 2476 ἀνώτατός
557 2415 708 2468 ἐστι.
741 2416 813 2469 Τὸ
847 2416 902 2470 δὲ
930 2417 1058 2489 ὅρου
1104 2418 1167 2473 τὸ
1224 2420 1335 2475 ἄνω
1385 2420 1579 2494 δηλοῦν
1627 2422 1854 2494 Φρυγῶν

249 2501 399 2568 ῐδιον,
440 2504 524 2569 ὡς
545 2506 941 2578 Νεοπτόλεμος
970 2510 1029 2562 ἐν
1069 2513 1188 2575 ταῖς
1216 2515 1496 2582 Φρυγίαις
1531 2517 1751 2583 φωναῖς
1777 2532 1791 2547 ’
1819 2517 1852 2589 ἢ

246 2595 355 2649 ἀπὸ
386 2598 482 2652 τοῦ
515 2600 762 2672 ὁρᾶσθαι
786 2619 800 2632 ·
836 2602 868 2674 ἢ
905 2603 1014 2657 ἀπὸ
1041 2603 1134 2657 τοῦ
1175 2605 1418 2678 ὀρούειν·
1450 2610 1678 2662 κινεῖται
1717 2609 1851 2678 γάρ’

249 2687 283 2758 ἢ
311 2689 419 2742 ἀπὸ
444 2692 546 2746 τοῦ
582 2686 752 2764 οὖρος
784 2692 942 2760 εἶναι,
981 2697 1074 2749 καὶ
1111 2696 1337 2768 ἔσχατος
1359 2699 1501 2770 ὄρος.
1539 2699 1767 2768 Λέγεται
1797 2701 1854 2753 δὲ

251 2779 544 2852 πολλαχῶς
574 2785 813 2856 οὐρανὸς
857 2789 890 2857 ή
940 2786 1050 2842 τῶν
1088 2788 1341 2842 ἀπλανῶν
1389 2793 1614 2862 σφαῖρα.
1673 2792 1855 2862 Ζήνων

253 2873 382 2940 γοῦν
415 2877 446 2928 6
477 2877 732 2942 Κυτιεὺς
760 2878 933 2944 οὕτως
963 2883 1124 2935 αὑτὸν
1150 2882 1413 2955 ὡρίσατοο
1453 2884 1682 2956 οὐρανός
1709 2887 1854 2939 ἐστιν

253 2963 471 3038 αἰθέρος
523 2969 588 3022 τὸ
653 2969 900 3041 ἔσχατον,
944 2972 1002 3040 ἐξ
1057 2969 1136 3039 οῦ,
1188 2976 1280 3029 καὶ
1329 2977 1385 3028 ἐν
1424 2971 1468 3044 ᾧ
1526 2979 1638 3030 ἐστι
1679 2977 1855 3031 πάντα

256 3057 554 3140 ὲμφανῶςέ
605 3063 856 3136 περιέχει
897 3065 1006 3137 γὰρ
1048 3067 1224 3120 πάντα
1270 3067 1408 3140 πλὴν
1459 3069 1639 3122 αὑτοῦ.
1690 3071 1854 3123 Οὐδὲν

257 3148 364 3220 γὰρ
398 3139 568 3208 eaut}:
619 3156 898 3228 περιέχει’
944 3158 1057 3211 ἀλλ’
1100 3159 1288 3231 ἐτέρου
1333 3139 1447 3214 ἐστὶ
1487 3162 1850 3234 περιεκτικόν.

259 3242 364 3297 Τοῦ
385 3245 443 3299 δὲ
476 3247 664 3313 οὕτως
689 3249 997 3321 ὡρισμένου
1039 3251 1098 3304 οὐ
1109 3251 1268 3322 ρανοῦ
1300 3252 1574 3326 μέμνηται
1600 3256 1693 3309 καὶ
1717 3255 1854 3309 HM"
1877 3283 1924 3344 C

259 3350 385 3401 των,
417 3339 517 3392 καὶ
552 3341 943 3412 Ἀριστοτέλης
989 3343 1047 3396 ὲν
1095 3343 1332 3417 δευτέρῳ
1379 3346 1519 3415 Περὶ
1568 3349 1850 3416 οὐρανοῦ.

263 3424 494 3494 Λέγεται
528 3430 590 3484 δὲ
643 3431 869 3501 οὐρανὸς
911 3433 1003 3487 καὶ
1057 3435 1090 3505 ή
1139 3435 1370 3490 ἑκάστου
1421 3436 1532 3493 τῶν
1567 3438 1854 3511 πλανήτων

264 3519 503 3591 σφαῖρα·
538 3521 671 3575 καθ’
706 3521 764 3575 ὃν
805 3523 963 3592 λόγον
995 3525 1053 3576 ὲν
1085 3526 1297 3599 ούρανῷ
1338 3546 1516 3600 φαμεν
1550 3525 1709 3586 εἶναι.
1743 3535 1854 3587 Καὶ

265 3610 343 3664 ἔτι
372 3613 610 3685 οὐρανὸς
636 3618 743 3680 πᾶς
768 3618 796 3669 6
821 3619 959 3688 μετὰ
983 3619 1074 3673 τὸν
1097 3619 1232 3692 ἀέρα
1259 3623 1442 3686 τόπος,
1476 3622 1534 3687 ὃς
1562 3624 1858 3698 εἰλικρινής

265 3703 411 3759 ἐστιν
443 3707 642 3780 αἰθήρ.
671 3710 782 3762 Καὶ
823 3708 904 3763 ἔτι
946 3712 1172 3780 οὐρανός
1220 3713 1334 3767 ἐστι
1367 3716 1474 3769 πᾶν
1511 3714 1574 3768 τὸ
1601 3717 1856 3788 ὑπεράνω

271 3795 608 3871 βλεπόμενον
627 3805 704 3874 ,τῇ
745 3803 886 3873 Wst,
923 3804 1059 3857 καθὸ
1087 3805 1282 3877 ὁρατόν
1317 3808 1453 3871 ἐστι,
1489 3809 1580 3862 καὶ
1613 3808 1760 3874 ὅπως
1788 3808 1854 3863 ἂν

269 3886 495 3957 ἕκαστος
521 3893 787 3966 ὀξύτητος
830 3894 942 3965 ἔχοι
977 3895 1213 3966 βλέπειν.
1247 3898 1356 3951 Καὶ
1383 3897 1462 3952 ἔτι
1505 3899 1730 3970 οὐρανὸς
1765 3899 1853 3952 λέ-

271 3995 422 4048 γεται
448 3986 478 4045 ὁ
517 3987 750 4057 κόσμος,
808 3979 869 4042 οῦ
913 3990 1006 4044 καὶ
1059 3990 1284 4044 Πλάτων
1337 3991 1606 4063 μέμνηται
1639 3993 1732 4046 ἐπὶ
1762 3992 1852 4046 τοῦ

271 4069 442 4140 ἡλίου,
477 4093 496 4126 ‹
542 4073 609 4138 'Q
642 4077 741 4146 μὲν
770 4077 831 4149 δὴ
864 4078 1039 4150 μέγας
1067 4081 1125 4133 ὲν
1169 4078 1382 4151 οὐρανῷ
1415 4081 1568 4147 Ζεὺς,
1607 4101 1625 4133 ι
1663 4082 1850 4135 εἰπών.

272 4162 597 4242 Ἐπίκουρος
627 4169 681 4224 δὲ
717 4169 943 4235 πολλοὺς
971 4173 1208 4244 κόσμους
1237 4173 1568 4239 ὑποτίθεται,
1599 4173 1693 4228 καὶ
1724 4177 1751 4228 6
1776 4175 1854 4228 δι-

273 4253 535 4328 δάσκαλος
571 4262 736 4325 αὐτοῦ
775 4265 1156 4338 Μητρόδωρος.
1820 4261 1822 4263 θ

688 4555 826 4623 Περὶ
858 4554 1167 4625 σχήματος
1194 4557 1444 4624 κόσμου.

350 4667 420 4730 ς’.
447 4669 643 4740 Σχῆμα
671 4669 726 4723 δὲ
756 4670 962 4741 κόσμου
983 4673 1031 4724 οἱ
1070 4672 1168 4742 μὲν
1197 4673 1476 4735 κωνοειδὲς
1514 4669 1688 4733 εἷπον,
1715 4673 1762 4724 οἱ
1795 4672 1852 4725 δὲ

287 4763 634 4834 σφαιροειδὲς,
665 4765 712 4817 οἱ
753 4763 809 4816 δὲ
851 4763 1105 4828 ὠοειδές’
1141 4760 1208 4835 ἧς
1254 4764 1411 4832 δόξης
1455 4757 1667 4835 ἔχονται
1710 4765 1758 4817 οἱ
1786 4763 1854 4817 τὰ

297 4849 522 4921 Ὀρφικὰ
563 4855 832 4926 μυστήρια
891 4854 1187 4918 τελοῦντες.
1238 4856 1543 4926 Σαφηνεεας
1590 4856 1646 4909 δὲ
1691 4855 1853 4908 ἓνεκα

291 4941 512 5018 πιθανῆς
552 4945 873 5018 παρελήφθη
915 4946 1009 5000 τοῦ
1052 4945 1159 5000 ὠοῦ
1198 4949 1230 5017 ή
1274 4947 1454 5000 εἰκών.
1505 4950 1759 5018 Ἀμε;νον
1797 4948 1854 5001 δὲ

292 5033 518 5107 σφαίρας
564 5039 881 5108 ἐκδέχεσθαι
935 5040 1120 5111 σχῆμα
1170 5039 1314 5110 ἔχειν
1359 5042 1448 5094 τὸν
1492 5041 1718 5114 οὐρανὸν
1763 5042 1852 5094 καὶ

292 5121 356 5177 τὰ
385 5128 440 5178 ἐν
469 5129 635 5201 αὐτῷ,
662 5131 803 5184 κατὰ
833 5132 924 5184 τὸν
970 5132 1351 5203 Ἐμπεδοκλέα,
1381 5133 1440 5198 ὃς
1459 5133 1560 5206 ἔφη
1588 5133 1780 5198 οὕτως·

352 5307 630 5400 Σφαῖρος,
669 5333 1266 5406 κυκλοτερὶις,μούνῃ
1284 5339 1550 5407 περιηγέῖ
1573 5340 1817 5408 χαφων.

363 5438 521 5513 Δῆλον
550 5445 606 5499 δὲ
635 5447 729 5500 καὶ
759 5450 824 5502 ὲκ
851 5448 945 5501 τοῦ
980 5443 1119 5502 εἶναι
1153 5450 1212 5515 ἓξ
1240 5450 1404 5515 ζὼδια
1429 5453 1534 5506 ὑπὸ
1558 5455 1678 5524 γῆν,
1715 5453 1773 5519 ἒξ
1799 5454 1854 5507 δὲ

301 5529 431 5605 ὑπὲρ
458 5540 578 5610 γῆν.
621 5542 734 5594 Ἐπ’
765 5541 977 5605 οὐδενὸς
995 5542 1051 5595 δὲ
1073 5544 1232 5598 ἄλλου
1267 5546 1542 5615 σχήματος
1574 5547 1606 5616 ή
1635 5545 1853 5618 τοιαύτη

301 5622 508 5693 εὐταξία
537 5633 629 5685 καὶ
672 5635 944 5706 περιφορὰ
995 5637 1200 5704 γίνεται
1239 5636 1272 5708 ἢ
1306 5639 1398 5692 ἐπὶ
1424 5636 1516 5692 τοῦ
1549 5639 1852 5710 σφαιρικοῦ.

303 5713 368 5769 Τὸ
398 5719 449 5774 δὲ
482 5724 814 5795 σφαιροειδὲς
850 5728 1032 5798 σχῆμα
1062 5728 1259 5783 διδόασι
1291 5731 1368 5802 τῷ
1403 5732 1608 5803 κόσμῳ.
1650 5733 1857 5805 Σφαῖρα

383 5896 422 5932 ⁸⁷
449 5900 563 5960 Ima
596 5903 878 5980 ἀνώτερος.
991 5908 1033 5942 ⁸³
1061 5908 1220 5966 Deest
1263 5910 1336 5964 δέ.

1955 2135 2084 2190 dum
2103 2174 2119 2200 ,
2150 2137 2469 2191 universum
2495 2150 2624 2191 vero
2650 2149 3049 2194 cum.vacuo...
3073 2135 3217 2205 quod
3248 2149 3527 2206 nunquam

1955 2227 2034 2282 sic
2067 2226 2304 2282 mundus
2334 2226 2638 2296 appellatus
2666 2233 2770 2281 est.
2801 2224 2920 2280 Jam
2951 2225 3178 2298 οὐρανὸς
3200 2224 3269 2279 ab
3295 2239 3361 2280 co
3395 2224 3532 2280 dici-

1959 2328 2066 2384 tur,
2099 2318 2243 2389 quod
2271 2317 2342 2374 sit
2374 2319 2520 2374 velut
2563 2319 2709 2388 ὄρος,
2738 2317 2794 2371 id
2823 2324 2907 2373 est
2938 2317 3206 2372 terminus
3229 2317 3527 2388 antiquus;
3601 2370 3607 2373 .

1957 2411 2037 2465 vel
2069 2410 2218 2480 quia,
2251 2426 2374 2465 cum
2405 2409 2477 2464 sit
2505 2410 2832 2480 sphaericus,
2863 2409 3009 2465 intra
3037 2426 3097 2466 se
3117 2426 3218 2467 nos
3233 2413 3374 2482 ἀρεῖ,
3423 2411 3530 2466 hoc

1955 2502 2310 2570 cstcustodit,
2329 2503 2442 2558 sive
2472 2503 2595 2573 quia
2615 2502 2909 2569 ἀνώτατος,
2927 2502 2983 2558 id
3008 2509 3092 2559 est
3115 2519 3402 2574 supremus
3423 2511 3524 2560 est.

1955 2597 2089 2651 Nam
2122 2599 2244 2668 ὅρου
2275 2597 2415 2666 apud
2441 2595 2682 2668 Phrygas
2701 2611 2822 2652 esse
2845 2597 2978 2662 ἄνω,
3008 2613 3188 2666 supra,
3213 2597 3372 2652 docet
3390 2596 3532 2654 Neo—

1955 2694 2223 2764 ptolemus
2255 2693 2310 2747 in
2339 2693 2607 2764 Phrygum
2637 2693 2923 2747 vocabulis.
2960 2692 3144 2749 Potest
3185 2699 3239 2748 et
3281 2692 3349 2746 ab
3395 2693 3528 2763 opi-

1958 2785 2103 2850 σθαι,
2144 2787 2286 2856 quod
2329 2793 2414 2841 est
2443 2785 2637 2850 videri,
2682 2787 2768 2841 vel
2799 2785 2869 2840 ab
2895 2785 3107 2857 ὀρούειν
3132 2783 3348 2851 deduci,
3393 2799 3530 2854 quo-

1955 2878 2102 2932 niam
2134 2878 2328 2933 cietur.
2366 2877 2458 2933 Vel
2483 2878 2612 2948 quia
2640 2869 2799 2949 οὖρος
2843 2886 2946 2940 εει,
2982 2886 3368 2946 extremusque
3418 2884 3531 2930 ter-

1957 2968 2156 3024 minus.
2191 2968 2344 3037 Saepe
2373 2969 2500 3024 item
2530 2984 2631 3039 pro
2661 2970 2890 3023 lixarum
2921 2968 3130 3038 sphzera
3157 2967 3411 3036 usurpari
3441 2982 3530 3022 so-

1955 3062 2050 3116 let.
2089 3061 2234 3118 Sane
2265 3062 2414 3118 cho
2444 3063 2720 3133 Cytiensis
2747 3061 2827 3117 sic
2856 3061 3009 3116 illum
3038 3059 3332 3131 descripsit
3363 3079 3376 3114 :
3401 3059 3526 3114 (Ζιιξ⁴

1955 3156 2067 3209 lum
2100 3163 2185 3210 est
2209 3155 2429 3210 aetheris
2469 3163 2796 3220 extremum,
2832 3170 2897 3210 ex
2924 3168 3033 3224 quo
3064 3162 3119 3208 et
3145 3153 3201 3208 in
3244 3168 3354 3224 quo
3400 3159 3532 3208 sunt

1956 3248 2138 3303 omnia
2168 3247 2458 3303 manifeste
2493 3267 2507 3302 :
2541 3247 2741 3318 quippe
2763 3246 2945 3302 omnia
2981 3256 3180 3316 praeter
3210 3261 3269 3301 se
3285 3243 3528 3314 comple-

1955 3340 2142 3394 ctitur.
2183 3338 2318 3393 Nam
2352 3338 2491 3393 nihil
2539 3338 2779 3407 seipsum
2826 3338 3116 3393 continet:
3153 3335 3249 3391 sed
3294 3336 3528 3390 alterum

1955 3428 2146 3484 ambit.
2179 3427 2314 3483 Caeli
2357 3428 2462 3482 hoc
2481 3426 2643 3482 modo
2674 3426 2937 3498 descripti
2969 3425 3526 3490 memineruntPlato,

1955 3529 2008 3576 et
2030 3521 2356 3578 Aristoteles
2387 3521 2528 3576 libro
2558 3520 2802 3576 secundo
2831 3520 2909 3575 De
2955 3520 3108 3576 caelo.
3151 3519 3293 3586 Quin
3324 3526 3380 3575 et
3422 3520 3534 3590 pla-

1957 3622 2206 3670 netarum
2231 3614 2456 3684 sphaerae
2485 3613 2714 3685 singulae
2741 3614 2868 3669 caeli
2897 3613 3259 3684 appellatione
3297 3627 3524 3667 censen-

1956 3717 2046 3762 tur
2071 3725 2086 3762 :
2108 3713 2169 3762 ut
2199 3723 2324 3764 cum
2353 3721 2450 3764 eos
2478 3707 2534 3762 in
2564 3708 2704 3764 coelo
2723 3723 2845 3764 esse
2879 3707 3134 3763 dicimus.
3166 3707 3294 3760 ltem
3329 3706 3526 3761 caelum

1956 3800 2009 3855 id
2041 3814 2203 3857 omne
2228 3801 2466 3872 spatium
2511 3809 2761 3868 vocatur,
2809 3799 2953 3871 quod
2983 3815 3151 3872 supra
3185 3816 3364 3856 aerem
3402 3808 3525 3866 est;

1956 3894 2049 3966 qui
2079 3901 2163 3950 est
2191 3891 2614 3964 limpidissimus
2660 3892 2849 3948 aether.
2887 3892 3021 3948 ltem
3065 3893 3265 3948 caelum
3302 3902 3532 3949 vocatur

1953 3987 2218 4059 quidquid
2279 4002 2498 4042 sursum
2551 3986 2817 4052 cernitur,
2863 3995 3134 4057 quatenus
3197 3987 3530 4058 aspectabilo

1954 4089 2058 4145 est,
2093 4092 2146 4136 et
2170 4087 2228 4135 ut
2255 4079 2491 4150 quisque
2521 4079 2636 4133 acri
2670 4087 2754 4135 est
2786 4080 3074 4134 oculorum
3112 4079 3230 4136 acie
3271 4079 3529 4150 praeditus

1956 4173 2024 4227 ad
2081 4171 2399 4227 videndum.
2465 4171 2546 4228 Ad
2593 4172 2710 4226 haec
2749 4171 2950 4226 caelum
3006 4171 3245 4228 mundus
3301 4171 3525 4236 dicitur,

1953 4266 2100 4337 quod
2135 4273 2364 4336 usurpat
2395 4267 2449 4321 in
2478 4267 2596 4322 sule
2627 4266 2782 4320 Plato
2806 4267 2888 4322 sic
2911 4267 3160 4322 scribens
3193 4285 3206 4321 :
3245 4285 3264 4317 ι
3301 4265 3529 4336 Magnus

1955 4358 2119 4428 igitur
2137 4357 2188 4411 in
2205 4358 2345 4412 coelo
2361 4357 2449 4412 ille
2471 4356 2703 4427 Jupiter.
2719 4376 2737 4408 ι
2754 4356 3024 4428 Epicurus
3044 4372 3168 4411 cum
3192 4364 3531 4428 praeceptore

1955 4465 2055 4504 suo
2090 4448 2399 4504 Metrodoro
2423 4449 2611 4520 plures
2639 4466 2765 4506 esse
2797 4450 3031 4505 mundos
3058 4449 3354 4504 arbitratus
3380 4458 3481 4505 est.

2484 4563 2558 4618 De
2594 4565 2766 4635 ﬁgura
2805 4566 3006 4620 mundi.

2025 4677 2078 4732 6.
2100 4677 2282 4733 Mundi
2299 4678 2522 4749 ﬁguram
2551 4679 2936 4746 aliiconicam;
2970 4679 3060 4734 alii
3079 4679 3358 4751 sphaerica:
3378 4679 3532 4736 simi-

1957 4773 2095 4838 lem;
2127 4773 2336 4828 ovalem
2385 4772 2476 4826 alii
2525 4788 2648 4828 esse
2694 4772 3146 4844 sentiuntzquod
3191 4781 3528 4845 postremum

1956 4871 2177 4919 tuentur
2202 4865 2262 4931 ii,
2298 4865 2389 4934 qui
2421 4863 2675 4937 Orphicis
2713 4869 2888 4922 sacris
2924 4866 3164 4922 initiant.
3197 4867 3274 4922 Ac
3312 4865 3533 4922 videtur.

1956 4958 2044 5012 ovi
2077 4958 2182 5013 ista
2207 4959 2507 5015 similitudo
2530 4959 2816 5016 facilitatis
2839 4975 3006 5016 causa
3037 4967 3091 5018 et
3119 4961 3530 5032 perspicuitatis

1955 5061 2254 5121 assumpta.
2288 5050 2520 5107 Praestat
2563 5060 2744 5108 tamen
2791 5053 3111 5122 sphaericam
3152 5053 3377 5124 ﬁguram
3434 5068 3530 5107 ac-

1954 5143 2300 5198 commodare
2328 5145 2470 5198 cmlo
2515 5151 2568 5200 et
2611 5145 2679 5201 iis
2715 5161 2837 5216 quae
2879 5145 2934 5199 in
2968 5161 3031 5200 eo
3053 5154 3200 5213 sunt,
3239 5150 3299 5199 ut
3334 5144 3532 5215 Empe-

1954 5236 2139 5292 docles
2169 5237 2381 5307 putavit
2410 5237 2498 5294 his
2542 5238 2722 5294 verbis
2749 5258 2761 5292 :

2097 5344 2352 5416 Sphwrus
2390 5347 2672 5416 rotundus,
2702 5347 2819 5404 sola
2855 5350 3108 5405 circulari
3136 5350 3390 5423 gaudens.

2026 5458 2182 5526 Quod
2220 5476 2283 5515 ex
2315 5475 2383 5517 eo
2434 5461 2627 5532 liquet,
2681 5464 2941 5533 quoniam
2989 5480 3085 5520 sex
3133 5480 3295 5536 supra
3329 5473 3530 5520 terram

1957 5553 2132 5625 signa,
2161 5553 2386 5610 totidem
2419 5553 2562 5610 infra
2598 5565 2859 5626 perpetua
2893 5564 3042 5613 sunt.
3063 5557 3532 5627 Cujusmodinulli

1957 5647 2134 5710 alteri,
2155 5661 2318 5718 quam
2343 5646 2624 5719 sphaericaa
2647 5648 2852 5720 figurae,
2878 5649 3168 5722 dispositio
3195 5664 3261 5704 ac
3283 5647 3534 5704 circuitio

1958 5742 2233 5814 congruit.
2250 5741 2422 5800 Porro
2442 5742 2665 5816 sphaera:
2687 5743 2919 5800 similem
2955 5743 3160 5800 mundo
3184 5743 3420 5814 speciem
3443 5755 3533 5804 as-
3620 5779 3634 5798 .
