3928 6266
185 407 299 463 θιίυ

999 406 1337 467 ᾹΟΠΠᾸΛΘ
1360 410 1547 469 TATll
1589 408 1865 472 [SAGOGI

1975 417 2016 471 D
2059 416 2270 472 ARATI
2308 409 2781 474 PHIENOMENA.

3419 421 3524 480 950

199 525 560 594 τακοσμίοις.
600 529 984 601 Μετακόσμια
1020 528 1074 582 δέ
1112 530 1227 582 ἐστι
1272 529 1340 582 τὰ
1381 529 1585 601 μεταξύ
1611 531 1722 583 τῶν
1748 531 1837 584 κύ-

1971 531 2180 609 nuudiis
2212 541 2317 597 cst,
2349 532 2681 588 inhibeatur.
2718 531 3087 590 lntermundia
3125 539 3322 590 vocant
3345 536 3524 607 spatia

202 637 357 688 σμων
386 619 804 691 διαστήματα.

830 731 968 801 Περὶ
1001 733 1272 801 ἀστέρος.

281 829 333 878 ι’.
355 826 597 896 Ἀστὴρ
627 825 761 880 ἐστι
788 826 928 880 κατά
949 825 1210 898 Διόδωρον
1238 825 1396 897 σῶμα
1411 824 1550 879 θεῖον
1567 824 1836 896 οὐράνιον,

207 918 305 990 τῆς
328 918 514 989 αὐτῆς
546 918 916 989 μετειληφώς
942 919 1128 982 οὐσίας
1150 918 1227 990 τῷ
1244 919 1301 970 ὲν
1331 911 1374 986 ᾧ
1394 920 1508 971 ἐστι
1537 919 1708 988 τόπῳ,
1733 917 1842 969 σῶ-

214 1030 289 1082 μα
318 1012 626 1082 λαμπρὸν,
659 1013 766 1066 καὶ
792 1012 1048 1065 οὐδέποτε
1083 1011 1272 1064 στάσιν
1306 1009 1450 1081 ἕχον,
1487 1009 1603 1064 ἀλλ’
1634 1010 1721 1063 ἀεὶ
1750 1025 1846 1078 φε-

215 1100 450 1172 ρόμενον
487 1099 817 1164 κυκλικῶς.
862 1098 1135 1163 Ὡσαύτως
1166 1099 1224 1153 δὲ
1255 1097 1492 1170 ὡρίσατο
1539 1099 1633 1154 καὶ
1666 1101 1848 1152 Ποσει-

215 1188 406 1252 δώνιος
430 1187 551 1260 πρὸ
581 1189 767 1243 αὐτοῦ
797 1191 824 1241 ό
846 1189 1100 1252 Στωϊκός.
1133 1188 1205 1241 Τὸ
1232 1189 1290 1242 δὲ
1328 1207 1346 1240 ι
1373 1188 1628 1242 οὐδέποτε
1660 1189 1848 1242 στάσιν

217 1280 340 1351 ἔχον
377 1299 396 1330 ι
439 1281 547 1334 ἐπὶ
604 1282 721 1352 μὲν
748 1281 856 1336 τῶν
883 1282 1166 1354 πλανήτων
1198 1282 1370 1346 οὕτως
1388 1281 1638 1353 εἰρῆσθαι
1663 1281 1842 1334 δοκεῖ·

220 1375 363 1446 πλὴν
407 1374 562 1428 κάπὶ
602 1375 726 1429 τῶν
771 1376 1026 1430 ἀπλανῶν
1069 1374 1127 1429 δὲ
1173 1375 1310 1448 πρὸς
1353 1376 1480 1439 τοὺς
1536 1375 1611 1438 ὡς
1660 1375 1847 1444 ἔτυχεν

221 1467 610 1536 αἰτιωμένους
644 1469 714 1520 οὐ
751 1468 933 1531 καλῶς
970 1467 1114 1538 ἔχειν
1153 1467 1251 1538 τῆς
1283 1467 1452 1537 αὐτῆς
1490 1467 1697 1529 ἐννοίας
1727 1465 1848 1536 ἔχε-

226 1578 336 1616 ται.
370 1560 672 1614 Οὐδέποτε
703 1560 811 1632 γάρ
852 1561 1039 1614 στάσιν
1065 1560 1267 1631 ἔχουσι,
1298 1559 1375 1630 τῷ
1401 1561 1507 1612 ὑπὸ
1527 1559 1619 1612 τοῦ
1645 1559 1848 1631 κόσμου

227 1653 664 1726 περιάγεσθαι,
718 1653 822 1708 κᾶν
873 1656 960 1708 ἐπ’
1006 1647 1169 1708 αὐτδν
1214 1655 1261 1686 ⁹¹
1309 1655 1532 1725 μένωσι.
1577 1653 1697 1707 Τῶν
1743 1654 1850 1724 γὰρ

233 1747 489 1819 ἀστέρων
534 1748 590 1799 οἰ
649 1747 755 1817 μὲν
795 1746 1178 1817 ὲμπεπηγότες
1223 1746 1301 1818 τῷ
1341 1745 1556 1817 οὐρανῷ
1596 1745 1853 1809 ἀπλανεῖς

231 1839 514 1908 λέγονται,
562 1841 619 1893 οἰ
682 1840 744 1893 δὲ
791 1837 890 1910 τὴν
935 1839 1183 1894 ἐναντίαν
1226 1840 1516 1910 φερόμενοι
1563 1839 1851 1910 πλάνητες.

235 1931 403 1986 Αὐτοὶ
442 1930 505 1983 δὲ
548 1931 710 1985 ἐπτὰ
736 1929 910 1997 ὄντες,
941 1930 1238 2005 κατωτέρω
1265 1931 1358 1984 τοῦ
1385 1921 1739 2003 οὐρανοῦκαὶ
1760 1927 1854 1982 τοῦ

232 2023 460 2094 αἰθέρος
505 2022 960 2094 περιδινούμενοι
989 2023 1079 2076 τὸν
1130 2022 1370 2077 ἐναντίον
1407 2026 1473 2093 τῇ
1513 2021 1607 2076 τοῦ
1650 2022 1854 2092 κόσμου

244 2116 454 2185 στροφῇ
491 2112 715 2185 δρόμον
740 2111 1025 2184 τρέχουσιν
1045 2131 1058 2144 ·
1091 2111 1280 2185 ὥσπερ
1299 2114 1369 2178 εἰ,
1401 2111 1534 2177 νεὼς
1555 2114 1633 2176 είς
1664 2111 1857 2182 βορέαν

240 2207 444 2275 ἄνεμον
480 2206 834 2278 φερομένης,
873 2205 1139 2278 ἐπιϐάτης
1183 2207 1264 2270 εἰς
1295 2205 1445 2260 νότον
1473 2205 1601 2276 παρ’
1623 2205 1761 2276 αὐτῇ
1791 2207 1858 2276 τῇ

245 2296 334 2370 νηῒ
368 2297 593 2370 τρέχει.
644 2297 774 2352 Εἰσὶ
805 2297 865 2351 δὲ
900 2297 1080 2353 αὐτῶν
1135 2299 1191 2351 αἱ
1233 2298 1474 2368 κινήσεις
1513 2298 1708 2361 διτταὶ,
1738 2297 1772 2368 ἥ
1799 2314 1860 2350 τε

248 2391 492 2464 κοσμικὴ
541 2391 646 2444 καὶ
690 2391 723 2462 ἡ
774 2389 904 2448 ἰδία.
949 2389 1042 2445 Διὸ
1095 2391 1188 2444 καὶ
1231 2392 1366 2462 πρὸς
1418 2389 1701 2462 σύγκρισιν
1753 2390 1860 2444 τῶν

253 2484 512 2539 ἀπλανῶν
557 2483 720 2538 οὔτω
762 2483 1032 2557 πλάνητες
1067 2484 1406 2556 ἐκλήθησαν·
1454 2485 1572 2556 ἦτοι
1619 2484 1726 2539 ἀπὸ
1765 2483 1860 2540 τοῦ

256 2577 466 2648 πλανᾷν
491 2577 670 2648 ἡμῶν
703 2575 802 2642 τὰς
833 2577 985 2647 ὄψεις
1010 2593 1025 2606 ο
1059 2577 1153 2631 καὶ
1194 2575 1302 2649 γὰρ
1333 2576 1550 2646 πλάγιοι
1584 2577 1860 2650 φέρονται,

259 2671 350 2722 καὶ
379 2667 819 2734 ἀναποδίζουσιν
844 2668 1047 2723 ἐνίοτεο
1074 2668 1187 2723 ἐσθ’
1209 2670 1298 2723 ὅτε
1329 2669 1385 2722 δὲ
1409 2669 1503 2723 καὶ
1532 2669 1864 2741 προσωτέρω

261 2758 533 2830 χωροῦσιν
554 2777 568 2791 ·
605 2760 648 2831 ἢ
689 2759 796 2813 ἀπὸ
832 2759 928 2814 τοῦ
963 2761 1161 2826 αὐτοὺς
1195 2760 1518 2826 πλανᾶσθαι,
1550 2762 1644 2815 καὶ
1668 2762 1741 2834 μὴ
1766 2763 1864 2834 τὴν

264 2852 430 2924 αὐτὴν
481 2853 726 2926 πορείαν
765 2853 1038 2908 ποιεῖσθαι
1073 2857 1187 2919 τοῖς
1219 2854 1532 2908 ἀπλανέσιν.
1571 2855 1730 2910 Ὅθεν
1771 2857 1866 2910 καὶ

267 2941 504 3015 ’Δρατος
539 2945 654 3017 τὴν
687 2945 933 3016 πορείαν,
959 2945 1025 2999 δι’
1053 2940 1122 3018 ἦς
1156 2945 1376 3018 φέρεται
1403 2949 1432 2999 ὁ
1462 2948 1631 3018 ἥλιος,
1660 2947 1867 3020 πλάνην

269 3033 416 3090 ιῐπεν
455 3037 643 3096 αὐτοῦ
668 3037 764 3097 xui.
789 3037 1002 3111 ἄλησιν.

413 3323 580 3380 Κατὰ
611 3324 726 3395 μὲν
745 3323 943 3393 ,βορέω
971 3323 1067 3380 καὶ
1094 3323 1354 3392 ditiath
1384 3325 1634 3392 ἠελίοιο.

276 3417 338 3469 Οἰ
366 3415 422 3470 δὲ
448 3415 824 3488 Πυθαγόρειοι
870 3414 931 3467 οὐ
966 3414 1125 3486 μόνον
1163 3415 1287 3478 τοὺς
1334 3414 1608 3485 πλάνητας
1636 3415 1871 3487 ἀστέρας

281 3506 558 3577 βούλονται
600 3510 738 3563 ἰδίαν
785 3508 999 3581 κίνησιν
1045 3506 1209 3577 ἔχειν,
1253 3506 1389 3560 ἀλλὰ
1415 3509 1507 3561 καὶ
1545 3509 1670 3570 τούς
1699 3509 1872 3561 ἀπλα-

282 3605 416 3664 νεῖς·
447 3602 602 3656 οὕτω
653 3600 834 3673 μέντοι
872 3598 1160 3663 κινεῖσθαι,
1203 3598 1298 3652 καὶ
1337 3599 1466 3670 περί
1491 3599 1581 3652 τὸν
1616 3597 1747 3653 ἴδιον
1777 3617 1873 3653 κυ-

285 3693 524 3748 κλεῖσθαι
588 3693 791 3748 κύκλον
815 3705 832 3724 ο
864 3692 1052 3763 ὥσπερ
1105 3689 1198 3745 τοῦ
1251 3690 1453 3753 παντὸς
1493 3690 1566 3761 μὴ
1617 3691 1874 3761 μεταϐαί-

286 3803 460 3853 νοντος
499 3786 771 3860 ἑτέρωθι,
810 3784 947 3841 ἀλλά
990 3785 1118 3856 περί
1164 3785 1256 3838 τὸν
1294 3785 1456 3838 αὐτὸν
1489 3784 1651 3838 τόπον
1699 3784 1871 3838 εἰλου-

290 3879 467 3956 μένου.

294 3957 296 3959 ’
756 3974 854 4040 Τίς
893 3973 1076 4028 οὐσία
1126 3970 1417 4041 ἀστέρων.

358 4076 444 4122 ια’.
484 4068 674 4139 Θαλῆς
733 4067 834 4139 μὲν
865 4068 930 4137 δὴ
961 4066 1156 4137 γηῒνην
1204 4064 1448 4136 ἔμπυρον
1483 4059 1599 4116 εἷπε
1633 4064 1732 4135 τὴν
1765 4063 1875 4117 τῶν

295 4162 534 4234 ἀστέρων
587 4161 776 4216 οὐσίαν
804 4179 818 4192 σ
864 4157 1234 4232 Ἐμπεδοκλῆς
1279 4157 1336 4209 δὲ
1385 4157 1643 4229 πυρίνους
1677 4157 1876 4222 αὐτοὺς

296 4251 431 4310 εἷπε.
461 4257 624 4319 Τινὲς
653 4255 710 4308 δὲ
743 4251 966 4324 γεώδεις
997 4255 1169 4306 εἰπεῖν
1195 4251 1392 4314 αὐτοὺς
1429 4250 1763 4322 ἐτόλμησανο
1799 4244 1875 4304 ὧν

300 4351 408 4402 ἐστι
435 4351 530 4414 καί
566 4346 954 4417 Ἀναξαγόρας.
988 4343 1142 4398 Μετὰ
1168 4342 1277 4414 γὰρ
1300 4336 1685 4414 τὴν⁶πρώτην,
1719 4346 1872 4415 φησί,

299 4441 565 4514 διάκρισιν
598 4441 703 4494 τῶν
733 4438 1008 4508 στοιχείων
1031 4436 1094 4489 τὸ
1121 4437 1232 4508 πῦρ
1266 4432 1628 4506 χωριζόμενον
1663 4433 1875 4505 ὲπὶ,τὴν

304 4531 431 4584 ἰδίαν
467 4533 630 4603 φύσιν
662 4529 994 4592 ἀνασπᾶσαι,
1028 4527 1121 4582 καὶ
1145 4526 1384 4598 διάπυρα
1415 4526 1637 4596 ποιῆσαι
1661 4525 1755 4579 καὶ
1777 4526 1875 4596 τῆς

305 4624 399 4695 γῆς
456 4626 624 4698 μόριά
673 4640 811 4678 τινα.
852 4621 1012 4674 Ὅθεν
1073 4620 1280 4674 καὶτὸν
1323 4620 1474 4690 ἥλιον
1518 4618 1704 4687 ἔλεγεν
1735 4614 1874 4672 εἶναι

309 4716 517 4788 μύδρον,
552 4717 626 4780 ὡς
661 4716 786 4784 ἑξῆς
817 4712 1066 4784 ἐροῦμεν.
1101 4712 1321 4783 Ἔτεροι
1359 4709 1417 4763 δὲ
1450 4709 1701 4782 κίσσηριν
1741 4709 1879 4763 πλα-

309 4787 421 4876 γίαν
452 4805 640 4871 οὖσαν,
671 4807 776 4859 ὐπὸ
804 4806 901 4876 τῆς
925 4804 1255 4877 θερμότητος
1281 4800 1372 4855 τοῦ
1401 4800 1615 4872 αἰθέρος
1639 4802 1877 4856 ἀναπτο-

315 4901 468 4974 μένην
487 4921 500 4933 ι
533 4901 630 4956 καὶ
659 4899 763 4952 ὐπὸ
784 4898 892 4951 τῶν
916 4878 1228 4968 τρυμαλιῶν
1244 4896 1370 4957 τούς
1388 4893 1623 4965 ἀστέρας
1645 4893 1873 4964 φαίνειν.

313 4993 524 5050 Πλάτων
553 4996 610 5050 δὲ
643 4996 706 5048 ὲκ
751 4992 859 5045 τῶν
899 4990 1180 5061 τεσσάρων
1211 4987 1507 5057 στοιχείων,
1548 4987 1799 5041 πλείστου
1821 4988 1879 5042 δὲ

317 5088 494 5158 πυρός.
547 5085 856 5154 Ξενοφάνης
910 5081 967 5135 δὲ
1001 5081 1148 5152 λέγει
1176 5081 1302 5144 τοὺς
1332 5079 1571 5151 ἀστέρας
1607 5081 1672 5136 ὲκ
1699 5081 1877 5152 νεφῶν

316 5182 619 5235 συνεστάναι
679 5178 962 5250 ἐμπύρων,
1021 5177 1114 5228 καὶ
1142 5174 1484 5238 σϐέννυσθαι,
1515 5174 1609 5227 καὶ
1650 5173 1882 5231 ἀνάπτετ

316 5267 429 5323 σθαι
455 5271 652 5325 ὡσανεὶ
673 5269 970 5341 ἄνθρακας.
1007 5266 1116 5318 Καὶ
1155 5265 1243 5317 ὅτε
1292 5263 1391 5334 μὲν
1424 5263 1707 5328 ἅπτονται,
1741 5281 1878 5332 φανεε

318 5365 493 5417 τασίαν
519 5366 664 5435 ἡμᾶς
691 5363 832 5432 ἔχειν
875 5357 1139 5428 ἀνατολῆς
1158 5374 1172 5388 ο
1203 5358 1290 5409 ὅτε
1332 5354 1388 5406 δὲ
1417 5354 1751 5417 σϐέννυνται,
1786 5354 1876 5414 δύ-

322 5468 461 5517 σεως.
513 5458 575 5509 Oi
635 5454 862 5506 Στωϊκοι
910 5451 965 5504 δὲ
1011 5453 1075 5502 ὲκ
1127 5446 1297 5519 πυρὸς
1345 5443 1592 5514 λέγουσιν
1644 5443 1873 5507 αὐτούς·

321 5547 472 5616 πυρὸς
498 5548 552 5601 δὲ
586 5546 677 5599 τοῦ
713 5545 881 5607 θείου,
912 5543 1006 5596 καὶ
1055 5540 1248 5598 ἀϊδίου,
1274 5538 1368 5590 καὶ
1403 5536 1462 5589 οὐ
1497 5535 1876 5606 παραπλησίου

318 5635 386 5706 τῷ
416 5644 537 5713 παρ’
577 5641 705 5711 ἡμῖν
729 5655 742 5668 ·
799 5635 954 5691 τοῦτο
1007 5631 1115 5706 γὰρ
1159 5628 1474 5701 φθαρτικὸν³
1513 5629 1605 5694 καὶ
1637 5629 1695 5685 οὐ
1726 5645 1878 5696 παμ-

321 5731 460 5798 eat-5;.

385 5887 427 5929 "
456 5892 492 5948 Ι.
529 5891 613 5946 ἐπ’
648 5888 836 5951 αὐτοῦ.

1945 626 2087 678 inter
2121 625 2351 681 mundos
2374 625 2682 694 interiecta.

2601 735 2673 792 De
2700 737 2878 796 stella.

2019 829 2108 883 lO.
2144 827 2415 884 Diodorus
2435 829 2648 884 stellam
2673 828 2863 885 deﬁnit
2889 843 3090 899 corpus
3117 829 3386 897 divinum,
3416 844 3530 884 cce.

1951 922 2104 986 leste,
2135 917 2492 993 ejusdemque
2525 937 2650 978 cum
2687 936 2773 989 eo,
2798 922 2853 976 in
2887 937 2996 994 quo
3033 929 3118 977 est
3151 922 3292 988 loco,
3319 933 3530 990 natura:

1951 1013 2261 1085 particeps,
2301 1011 2646 1084 splendidum
2701 1027 2936 1084 corpus,
2962 1026 3158 1088 neque
3218 1012 3531 1068 consistens

1953 1120 2215 1174 unquam,
2261 1105 2358 1162 sed
2397 1106 2451 1159 in
2494 1106 2684 1161 orbem
2734 1121 2792 1162 se
2837 1111 3101 1177 perpetuo
3137 1119 3386 1160 versans.
3438 1103 3533 1159 Sic

1950 1197 2118 1251 etiam
2156 1195 2487 1254 Posidonius
2530 1197 2750 1254 Stoicus
2790 1205 2919 1254 ante
2960 1197 3260 1253 Diodorum
3299 1197 3528 1252 deﬂniit.

1952 1287 2109 1353 Quod
2151 1297 2330 1342 autem
2371 1289 2426 1343 in
2468 1287 2783 1344 deﬁnitione
2841 1287 3083 1358 positum
3137 1296 3242 1350 est,
3288 1306 3310 1339 ι
3346 1288 3530 1357 neque

1952 1379 2264 1434 consistens
2290 1393 2556 1450 unquam,
2605 1398 2625 1431 ι
2651 1378 2865 1433 videtur
2896 1378 2963 1432 ad
3003 1378 3151 1433 solos
3175 1383 3422 1433 errantes
3445 1393 3536 1432 re-

1954 1470 2106 1527 ferri.
2141 1469 2343 1527 Verum
2390 1472 2459 1527 de
2511 1471 2633 1528 lixis
2667 1487 2888 1543 quoque
2925 1470 3098 1527 stellis
3136 1469 3329 1527 eodem
3367 1485 3535 1526 sensu

1955 1563 2120 1620 debet
2156 1564 2356 1636 accipi,
2399 1572 2592 1620 contra
2636 1580 2801 1635 quam
2852 1563 2930 1618 illi
2984 1561 3535 1634 fortasse‘judicant,

1955 1660 2049 1732 qui
2081 1660 2287 1718 dictum
2345 1658 2479 1714 illud
2531 1666 2736 1714 temere
2783 1656 3208 1728 reprehendunt.
3253 1655 3537 1726 Siquidem

1959 1754 2270 1810 inerrantes
2294 1751 2468 1809 stella:
2488 1765 2771 1821 nunquam
2801 1749 3030 1806 omnino
3051 1749 3378 1820 quiescunt;
3410 1764 3537 1804 cum

1959 1845 2180 1904 assidua
2207 1843 2395 1900 mundi
2423 1843 2722 1915 agitatione
2745 1841 3061 1912 rapiantur,
3088 1841 3194 1896 etsi
3228 1840 3284 1894 in
3322 1855 3387 1896 co
3416 1855 3541 1911 per-

1958 1946 2236 1992 maneant.
2291 1935 2504 1991 Etenim
2555 1933 2839 1990 stellarum
2889 1933 3010 1987 alias
3061 1933 3119 1988 in
3165 1931 3306 1988 cmlo
3352 1930 3541 1987 deﬁxae

1959 2031 2266 2086 inerrantes
2304 2035 2573 2084 vocantur
2593 2069 2608 2095 ,
2633 2028 2753 2084 alia:
2799 2043 2830 2082 e
2858 2027 3138 2084 contrario
3172 2033 3455 2082 moventes
3482 2040 3542 2081 se

1960 2120 2193 2195 planetae
2222 2123 2602 2179 nominantur.
2638 2120 2706 2176 lli
2734 2128 2863 2177 sunt
2893 2133 3124 2175 numero
3165 2125 3396 2189 septem,
3445 2117 3542 2187 qui
3585 2171 3589 2195 Ἴ

1962 2193 2105 2271 infra
2151 2216 2376 2280 coelum,
2409 2223 2575 2285 atque
2600 2213 2803 2270 aethera
2839 2211 3160 2268 circumacti
3205 2207 3544 2266 contrarium

1960 2307 2151 2364 mundi
2178 2306 2665 2363 circumvolutioni
2709 2305 2815 2360 iter
2843 2303 3148 2360 insistunt:
3188 2300 3544 2373 quemadmo—
3601 2313 3606 2324 ί

1962 2399 2090 2454 dum
2107 2399 2153 2453 si
2171 2398 2295 2453 navi
2316 2398 2383 2454 ad
2413 2397 2722 2470 aquilonem
2740 2396 2927 2459 citata,
2943 2399 3131 2450 vector
3147 2399 3395 2447 austrum
3412 2405 3536 2445 ver-
3595 2391 3602 2474 ξ

1964 2507 2059 2548 sus
2087 2492 2144 2546 in
2177 2491 2368 2547 eadem
2401 2503 2524 2545 sese
2562 2495 2798 2544 moveat.
2831 2484 3046 2541 Habent
3084 2490 3267 2538 autem
3311 2481 3547 2552 planetae
3595 2501 3602 2566 ξ

1965 2593 2146 2640 motus
2177 2583 2445 2655 duplices,
2481 2581 2818 2636 mundanum
2845 2587 2901 2636 et
2926 2579 3228 2651 proprium.
3258 2575 3384 2632 ideo
3417 2589 3544 2630 cum
3601 2585 3610 2670 Il

1967 2679 2089 2732 lixis
2113 2682 2443 2746 comparatae
2473 2673 2644 2730 stellae
2673 2673 2793 2727 ista:
2820 2671 3081 2743 planetae,
3115 2669 3219 2725 hoc
3247 2675 3332 2725 est
3357 2681 3548 2723 erran—
3600 2675 3606 2746 ι

1966 2778 2050 2823 tes
2079 2766 2361 2838 appellata:
2389 2773 2551 2831 sunt;
2578 2762 2662 2819 vel
2694 2761 2840 2833 quod
2867 2776 3111 2818 errorem
3128 2758 3306 2816 oculis
3335 2757 3546 2813 nostris

1965 2858 2252 2928 objiciunt.
2288 2855 2425 2911 Nam
2452 2863 2507 2913 et
2527 2854 2762 2926 obliqua;
2791 2853 3043 2909 feruntur
3063 2891 3078 2917 ,
3107 2859 3161 2907 et
3193 2857 3342 2905 retro
3373 2862 3550 2919 agun-
3603 2883 3609 2928 μ

1968 2959 2059 3004 tur
2081 2949 2380 3005 interdum.
2409 2949 2562 3003 Alias
2599 2946 3028 3019 progrediuntur
3065 2943 3316 3000 ulterius.
3349 2941 3446 2997 Vel
3479 2955 3549 2996 an

1967 3055 2034 3096 eo
2055 3039 2202 3110 quod
2239 3047 2426 3095 errent
2470 3039 2623 3109 ipsae,
2669 3053 2772 3093 nec
2807 3037 3061 3093 eumdem
3103 3051 3227 3092 cum
3271 3033 3396 3090 lixis
3421 3048 3553 3088 curo

1970 3145 2093 3188 sum
2123 3137 2366 3186 teneant.
2389 3129 2528 3184 Hinc
2544 3127 2748 3184 Aratus
2780 3127 2885 3183 iter
2904 3127 3059 3194 solis,
3093 3142 3187 3199 per
3208 3125 3355 3198 quod
3382 3135 3550 3190 meat,

1891 3241 1934 3299 ρ
1969 3235 2211 3278 errorem
2249 3227 2303 3276 et
2330 3219 2674 3290 vagationem
2705 3219 2954 3273 nominat
2986 3236 3002 3272 :

2164 3314 2270 3388 per
2301 3332 2512 3386 boream
2544 3339 2595 3385 et
2621 3331 2749 3386 solis
2777 3331 3160 3402 evagationem.

1975 3426 2041 3478 At
2090 3422 2416 3494 Pythagorei
2460 3437 2572 3474 non
2630 3420 2808 3476 solum
2868 3421 3104 3492 planetis
3156 3428 3364 3476 motum
3418 3436 3551 3492 pr0+

1975 3515 2155 3585 prium
2190 3514 2494 3577 ascribunt,
2529 3511 2625 3568 sed
2666 3513 2832 3568 etiam
2864 3513 3259 3570 inerrantibus.
3293 3513 3440 3580 Quas
3476 3514 3552 3570 ita

1973 3606 2109 3662 cieri
2151 3606 2370 3670 volunt,
2396 3613 2450 3659 et
2476 3618 2684 3658 cxrcum
2714 3604 2904 3659 orbem
2939 3621 3097 3660 suum
3129 3606 3348 3677 agitari,
3390 3612 3451 3660 ttt
3484 3622 3554 3661 ne
3617 3663 3619 3668 ,

1975 3701 2084 3773 79
2115 3701 2220 3757 alio
2250 3699 2489 3755 mundus
2523 3699 2764 3767 recedat,
2782 3699 2877 3755 sed
2903 3700 3111 3755 circum
3145 3699 3286 3756 idem
3316 3701 3552 3772 spatium

1976 3793 2199 3851 assidue
2225 3802 2530 3850 moveatur.

2355 3971 2488 4038 Quae
2518 3971 2586 4024 sit
2620 3980 2814 4024 natura
2851 3971 3144 4024 stellarum.

2046 4065 2136 4120 li.
2171 4063 2412 4120 Thaletis
2447 4063 2636 4134 opinio
2679 4071 2765 4120 est
2811 4071 3065 4117 naturam
3111 4063 3392 4118 stellarum
3431 4075 3557 4126 esse

1975 4165 2290 4212 terrestrem
2334 4164 2390 4211 et
2430 4157 2683 4226 igneam;
2732 4153 3087 4225 Empedocles
3117 4152 3336 4210 easdem
3369 4153 3555 4232 igneas

1975 4265 2097 4306 esse
2125 4249 2278 4303 dicit.
2307 4246 2536 4314 Quidam
2573 4253 2820 4301 terrenas
2864 4240 2989 4301 illas
3042 4244 3158 4298 ausi
3195 4251 3325 4300 sunt
3351 4243 3551 4318 facere,

1976 4352 2036 4396 ut
2061 4341 2434 4411 Anaxagoras.
2474 4337 2573 4393 Hic
2602 4338 2746 4393 enim
2776 4338 2872 4401 ait,
2904 4346 3028 4409 post
3057 4338 3288 4408 primam
3313 4327 3557 4391 elemené

1978 4442 2155 4491 torum
2186 4433 2566 4496 secretionem,
2605 4430 2783 4502 ignem
2818 4415 3161 4501 separantem
3195 4443 3276 4494 se,
3319 4429 3556 4483 nonnul-

1978 4527 2060 4582 las
2118 4535 2278 4582 terrae
2328 4532 2510 4595 partes
2566 4523 2633 4578 ad
2683 4535 2840 4578 suam
2895 4522 3129 4576 traxisse
3175 4529 3453 4583 naturam,
3505 4529 3560 4574 et

1979 4621 2165 4691 igneas
2210 4618 2535 4674 reddidisse.
2585 4614 2742 4671 Unde
2787 4624 2843 4670 et
2892 4614 3061 4670 solem
3111 4628 3347 4670 massam
3389 4613 3558 4669 veluti

1979 4712 2108 4770 ferri
2143 4727 2265 4768 esse
2291 4711 2526 4773 volebat,
2553 4717 2612 4762 ut
2635 4708 2798 4779 paulo
2824 4714 2948 4778 post
2983 4707 3214 4763 dicetur.
3245 4705 3350 4760 Alii
3378 4706 3559 4776 pumi-

1977 4820 2098 4862 cem
2125 4805 2397 4875 obliquam
2433 4817 2557 4858 esse
2586 4801 2914 4868 docuerunt,
2952 4813 3116 4870 quam
3145 4799 3364 4854 aatheris
3393 4798 3560 4854 ardor

1979 4896 2278 4955 accendat:
2313 4910 2378 4950 ac
2411 4909 2508 4966 per
2550 4894 2699 4949 illius
2749 4891 3018 4948 foramina
3052 4890 3315 4962 transpici
3345 4891 3555 4949 stellas.

1978 4991 2133 5050 Plato
2163 5006 2228 5044 ex
2274 4988 2560 5045 elementis
2612 4995 2868 5043 constare
2897 4992 3154 5056 quatuor,
3205 4983 3301 5040 sed
3351 4982 3561 5054 majore

1980 5097 2160 5141 tamen
2204 5084 2346 5154 ignis
2378 5089 2553 5153 parte.
2593 5080 2959 5151 Xenophanes
2999 5095 3066 5136 ex
3101 5079 3342 5135 nubibus
3371 5079 3559 5150 ignitis

1981 5178 2094 5232 ﬁeri
2131 5177 2340 5241 stellas,
2371 5191 2576 5247 easque
2607 5175 2906 5230 carbonum
2943 5175 3118 5227 instar
3143 5171 3418 5243 exstingui
3462 5187 3558 5225 ac-

1979 5271 2249 5340 cendique
2298 5269 2527 5339 iudicat.
2556 5268 2694 5323 Cum
2743 5275 2924 5322 autem
2974 5266 3368 5327 accenduntur,
3401 5272 3558 5319 ortus

1977 5363 2270 5434 quamdam
2327 5362 2568 5431 prazberc
2623 5359 2901 5430 speciem:
2935 5373 3058 5412 cum
3108 5357 3554 5426 exstinguuntur,

1980 5473 2232 5514 occasus.
2270 5454 2442 5510 Stoici
2472 5468 2538 5510 cx
2580 5453 2703 5524 igne
2729 5451 2980 5521 componi
3006 5461 3218 5521 putant,
3251 5449 3346 5504 sed
3371 5462 3436 5503 eo
3467 5448 3558 5502 di-

1981 5553 2108 5607 vino
2164 5560 2219 5606 et
2257 5562 2480 5613 aeterno,
2534 5563 2710 5619 neque
2736 5544 2901 5616 hujus
2962 5545 3135 5601 nostri
3178 5543 3364 5599 simili.
3399 5541 3562 5598 Hune

1983 5645 2129 5702 enim
2161 5643 2460 5712 corrumpi,
2499 5656 2673 5713 neque
2699 5641 2884 5696 lucere
2912 5638 3154 5712 penitus.
