3928 6266
391 328 495 386 951

884 442 963 499 De
983 440 1263 522 "auarum
1286 444 1460 515 ﬁgura

463 559 552 615 12.
601 556 895 615 Cleanthes
942 557 1189 614 conicam
1232 556 1304 613 iis
1350 558 1582 629 ﬁguram
1628 557 1818 616 tribuit
1867 556 1968 614 Alii

284 698 296 709 .
390 654 734 711 bractearum
764 646 974 709 similes
1014 651 1222 708 faciunt
1252 667 1320 708 ex
1352 653 1490 725 igni,
1533 660 1616 709 Sic
1657 661 1719 708 ut
1745 652 1973 723 profun-

391 747 561 801 ditate
585 750 839 801 carentes
871 743 1003 809 sint,
1027 744 1313 814 instarque
1334 742 1585 814 pictum.
1606 742 1847 810 Quidam
1877 758 1975 813 py-

392 837 633 894 ramidas
662 853 787 894 esse
824 837 1031 894 volunt.
1074 836 1248 894 Stoici
1274 838 1541 909 sphaerion
1573 838 1745 911 ﬁgura
1774 837 1974 911 praedi-

389 940 499 998 tas,
532 938 594 987 ut
614 938 676 988 et
700 932 871 989 solem
894 939 950 988 et
980 931 1226 987 ambiens
1253 930 1474 986 caelum.

780 1052 865 1104 An
899 1058 1020 1105 sunt
1058 1050 1353 1104 animantes
1394 1048 1584 1105 atcue.

464 1161 553 1218 l5.
572 1163 794 1220 Animal
817 1173 924 1229 est,
955 1170 1017 1219 ut
1043 1163 1297 1219 Eudorus
1314 1163 1525 1227 deﬁnit,
1543 1164 1726 1220 anima
1748 1165 1974 1237 praedita

391 1255 816 1313 natura.Stellas
828 1271 957 1313 vero
973 1257 1278 1313 animantes
1292 1271 1417 1313 esse
1432 1257 1972 1329 nequeAnaxagorse,

391 1364 572 1420 neque
590 1348 901 1406 Democrito
927 1350 1159 1413 videtur,
1199 1366 1377 1421 neque
1406 1349 1640 1419 Epicuro
1669 1350 1724 1404 in
1752 1349 1974 1406 Brevia-

392 1441 477 1495 rio
510 1439 581 1495 ad
616 1439 1065 1499 Herodotum.At
1095 1440 1311 1498 Platoni
1335 1442 1550 1499 videtur
1578 1443 1637 1497 in
1678 1442 1899 1507 Timaeo,
1921 1450 1975 1499 et

393 1532 675 1590 Aristoteli
700 1535 751 1589 in
775 1535 1018 1591 secundo
1046 1535 1120 1590 De
1140 1535 1302 1599 caelo;
1332 1545 1389 1592 et
1402 1535 1712 1608 Chrysippo
1727 1536 1870 1594 libro
1898 1536 1974 1591 De

392 1627 722 1697 providentia
751 1638 801 1683 et
837 1628 963 1683 diis.
995 1629 1248 1700 Epicurei
1278 1646 1442 1702 porro
1467 1646 1589 1687 esse
1619 1636 1818 1701 negant
1856 1631 1975 1685 ani.-

392 1721 594 1784 malia,
645 1722 792 1791 quod
849 1723 1177 1792 corporibus
1234 1723 1644 1779 contineantur.
1711 1721 1879 1778 Stoici
1942 1739 1973 1778 e

388 1789 676 1870 contrario
706 1789 1011 1887 disputant.
1054 1814 1385 1872 Posidonius
1425 1816 1748 1887 ignorantiae
1790 1817 1973 1898 arguit
2004 1789 2048 1846 Β

391 1902 723 1975 Epicureos,
772 1904 917 1975 quod
967 1905 1181 1961 animas
1237 1920 1468 1975 corpora
1514 1904 1740 1960 minime
1796 1906 1974 1962 conti-

391 2005 559 2054 neant
583 2015 599 2065 ;
628 1997 724 2055 sed
766 2000 962 2053 animae
993 2013 1246 2069 corpora,
1279 2007 1339 2055 ut
1370 2000 1558 2070 gluten
1586 2006 1697 2053 tam
1721 2014 1782 2056 se
1810 2013 1971 2069 quam

389 2092 740 2150 extrinsecus
788 2094 1058 2164 applicata
1105 2094 1369 2149 continet.
1424 2092 1560 2150 Nam
1609 2092 1756 2164 quod
1805 2093 1974 2148 stelite

392 2185 505 2242 sint
531 2186 813 2252 animalia,
841 2204 906 2243 ex
944 2204 1011 2243 eo
1051 2187 1225 2242 Stoici
1268 2187 1684 2254 demonstrant,
1713 2185 1970 2257 quoniam

387 2281 577 2336 omnia
602 2296 725 2351 qua;
752 2288 882 2337 sunt
914 2283 968 2337 in
996 2282 1158 2345 coelo,
1196 2281 1354 2353 ignea
1380 2288 1531 2340 sunt.
1561 2286 1637 2347 et,
1677 2286 1737 2335 ut
1765 2286 1974 2335 naturae

386 2385 506 2426 suae
534 2371 809 2442 congruit,
835 2386 900 2427 ac
937 2371 1053 2433 diu,
1081 2378 1137 2428 et
1180 2370 1237 2425 in
1263 2369 1451 2425 orbem
1480 2375 1791 2424 moventur.
1819 2365 1977 2422 Judi-

389 2462 482 2517 cio
504 2462 689 2533 itaque
719 2462 946 2534 praedita
975 2470 1125 2520 sunt.
1155 2461 1313 2528 Quod
1358 2461 1405 2518 si
1447 2475 1637 2516 verum
1675 2467 1782 2523 est,
1807 2444 1972 2514 etia‘m

390 2555 652 2611 animalia
685 2563 834 2619 sunt,
863 2563 917 2611 et
944 2556 1264 2612 varietatem
1301 2554 1503 2610 habent
1551 2553 1607 2608 in
1657 2559 1826 2607 motu.
1859 2548 1973 2605 Hoc

390 2656 576 2705 autem
621 2649 951 2705 animalibus
1002 2654 1372 2704 consentanee
1426 2645 1648 2701 accidit.
1704 2642 1972 2699 Praeterea

391 2758 495 2799 sua
524 2752 654 2799 sunt
678 2742 964 2799 elementis
1006 2742 1264 2797 omnibus
1298 2738 1621 2796 animantia.
1660 2736 1972 2794 Absurdum

392 2844 478 2892 est
519 2842 722 2898 autem.
761 2836 907 2906 quod
952 2835 1240 2891 elementis
1289 2833 1566 2890 antecellit
1610 2832 1873 2893 omnibus
1919 2830 1974 2887 id

394 2925 756 2982 animantium
792 2943 989 2998 expers
1023 2941 1149 2982 esse
1173 2926 1379 2981 dicere.

733 3040 874 3108 Quid
911 3040 975 3094 ab
1005 3051 1151 3095 astro
1179 3041 1333 3095 stella
1370 3037 1646 3109 discrepet.

467 3152 556 3207 M.
601 3149 766 3207 Stella
796 3161 879 3206 est
925 3149 1218 3220 ejusmodi,
1252 3159 1312 3205 ut
1356 3149 1581 3219 Saturni
1616 3156 1671 3205 et
1695 3138 1972 3214 Mercurii,
2003 3157 2047 3214 ο

394 3260 508 3300 una
566 3260 831 3309 numero;
878 3250 1087 3299 astrum
1140 3258 1272 3298 vero
1321 3248 1560 3316 systema
1614 3242 1872 3312 plurium,
1921 3250 1980 3296 ut

398 3336 768 3399 Andromeda,
799 3335 1109 3392 Centaurus
1137 3353 1152 3402 ;
1183 3334 1331 3405 quod
1359 3334 1654 3392 discrimen
1681 3350 1789 3390 non
1826 3334 1980 3406 igno-

395 3432 540 3490 ravit
575 3431 796 3496 Aratus,
821 3444 947 3485 cum
976 3429 1058 3485 sic
1079 3427 1322 3500 loquitur
1347 3448 1359 3482 :

538 3547 703 3599 Astra
730 3543 1029 3599 discernens
1054 3560 1073 3599 :
1102 3543 1328 3611 providit
1361 3560 1479 3597 vero
1511 3543 1564 3597 in
1595 3558 1789 3597 annum

541 3615 760 3672 Stellas.

469 3729 742 3785 Diodorus
774 3736 830 3784 et
869 3728 960 3783 alii
1005 3727 1371 3784 mathematici
1408 3734 1517 3781 tam
1558 3725 1777 3796 proprie
1815 3737 1978 3794 quam

397 3821 763 3881 communiter
775 3820 1093 3877 asterismos
1107 3827 1161 3875 et
1177 3820 1362 3876 stellas
1380 3828 1527 3875 astra
1545 3818 1848 3879 nominant,
1865 3816 1982 3871 Pla-

398 3913 548 3970 tonis
570 3912 885 3970 testimonio
910 3912 1055 3979 freti,
1081 3913 1171 3983 qui
1201 3920 1409 3984 septem
1431 3912 1676 3981 planetas
1700 3910 1753 3964 in
1783 3909 1980 3963 Timavo

398 4014 560 4062 vocat
603 4012 773 4061 astra.
820 4005 986 4062 Canis
1022 4021 1154 4062 vero
1192 4007 1402 4062 stellam
1450 4004 1723 4075 praecipue
1770 4010 1981 4059 astrum

399 4097 744 4156 consuetudo
779 4097 1057 4169 popularis
1091 4097 1345 4168 appellat.
1374 4095 1641 4151 Caeterum
1677 4094 1833 4149 stella
1861 4107 1982 4146 om-

400 4191 489 4249 nis
532 4202 740 4247 astrum
792 4200 921 4254 est;
976 4206 1084 4245 non
1136 4198 1327 4245 contra
1386 4196 1595 4245 astrum
1650 4194 1734 4242 est
1781 4184 1978 4253 stella;

399 4300 728 4358 quamquam
745 4284 1112 4339 Callimachus
1144 4284 1217 4338 ita
1248 4281 1439 4339 scribit
1473 4300 1486 4336 :

878 4436 894 4450 .
997 4395 1158 4449 Prius
1187 4395 1354 4451 stella:
1386 4393 1683 4455 Berenices,

1416 328 1503 384 AD
1536 326 1807 386 EUSEBII
1843 323 2247 384 CHRONICON
2284 329 2644 388 APPENDIX.

1996 442 2050 501 Α

3592 328 3703 390 sae

2454 447 2592 517 Περὶ
2627 453 2938 519 σχήματος
2985 447 3294 519 ἀστέρων.

2147 561 2237 631 ιβ’.
2269 564 2551 636 Κλεάνθης
2575 565 2773 629 αὐτοὺς
2810 565 3093 629 κωνοειδὲς
3110 564 3271 638 ἔχειν
3304 560 3517 634 σχῆμᾶ
3543 578 3697 633 φησι.

2073 657 2230 721 Τινὲς
2256 657 2315 710 δὲ
2344 656 2595 721 πετάλοις
2616 656 2849 712 ἐοικέναι
2873 658 2940 711 ὲκ
2971 657 3165 729 πυρὸς,
3200 654 3394 727 βάθος
3412 654 3525 706 οὐκ
3548 652 3699 723 ἕχον-

2073 766 2191 814 τας,
2224 749 2337 803 ἀλλ’
2359 748 2550 822 ὥσπερ
2586 748 2805 819 γραφὰς
2841 743 3000 805 εἶναι.
3035 748 3193 813 Τινὲς
3224 746 3295 800 δὲ
3342 744 3696 816 πυραμίδας.

2074 843 2137 898 0t
2162 842 2218 895 δὲ
2247 842 2475 896 Στωϊκοὶ
2507 841 2792 915 σφαιρικὸν
2828 841 2974 913 ἔχειν
3001 840 3189 912 σχῆμα
3228 839 3507 908 λέγουσι,
3528 837 3699 892 καθά-

2074 950 2180 1006 περ
2197 933 2288 988 τὸν
2319 933 2468 1006 ἥλιον
2482 933 2576 988 καὶ
2601 932 2692 988 τὸν
2713 932 3034 1006 περιέχοντα
3055 930 3328 1005 οὐρανόν.

2568 1051 2661 1120 Et“
2671 1046 2784 1109 ζῶα
2806 1050 2862 1103 οἱ
2880 1046 3152 1117 ἀστέρες.

2146 1167 2237 1231 ιγ’.
2257 1161 2404 1215 Ζῶὁν
2422 1163 2590 1225 ἐστιν,
2608 1160 2684 1224 ὡς
2708 1159 2955 1231 Εὖδωρὸς
2992 1176 3177 1231 φησιν,
3201 1156 3488 1229 ἔμψυχος
3520 1159 3691 1213 ούσὶα.

2075 1254 2215 1319 Τοὺς
2260 1255 2501 1326 ἀστέρας
2521 1254 2579 1307 δὲ
2628 1252 2747 1318 ζῶα
2781 1248 2918 1307 εἶναι
2960 1251 3084 1305 οὔτε
3133 1248 3552 1321 Ἀναξαγόρᾳ,
3577 1248 3695 1302 οὔτε

2072 1348 2395 1421 Δημοκρίτῳ
2416 1348 2581 1409 δοκεῖ,
2627 1345 2750 1400 οὕτε
2792 1344 3099 1416 Ἐπικούρῳ
3133 1345 3193 1398 ὲν
3228 1344 3309 1415 τῇ
3340 1340 3498 1413 πρὸς
3541 1338 3694 1411 Ἠρό-

2072 1438 2220 1493 δοτον
2271 1439 2557 1510 Ἐπιτομῇ.
2609 1435 2856 1491 Πλάτωνι
2903 1434 2960 1487 δὲ
2997 1433 3147 1488 δοκεῖ
3174 1434 3241 1487 ὲν
3315 1435 3572 1500 Τιμαίῳ,
3605 1432 3694 1485 καὶ

2087 1532 2449 1606 Ἀριστοτέλει
2499 1534 2558 1586 ὲν
2595 1531 2832 1602 δευτέρῳ
2880 1528 3018 1596 Περὶ
3047 1525 3357 1597 οἰιρανοῦ·
3419 1525 3523 1579 καὶ
3554 1523 3692 1597 Χρυ-

2077 1628 2263 1698 σίππῳ
2304 1626 2362 1678 ὲν
2409 1625 2489 1696 τῷ
2560 1625 2697 1693 Περὶ
2752 1622 3040 1692 προνοίας
3108 1620 3208 1675 καὶ
3264 1616 3460 1674 θεῶν.
3520 1618 3585 1669 Oi
3637 1615 3691 1670 δὲ

2088 1717 2450 1790 Ἐπικούρειοι
2484 1734 2618 1786 φασι
2663 1716 2736 1787 μὴ
2769 1710 2907 1769 εἶναι
2937 1713 3102 1778 ζῴδια
3124 1730 3138 1744 ο
3168 1711 3307 1766 ἐπεὶ
3347 1709 3465 1764 ὐπὸ
3510 1709 3688 1779 σωμά-

2078 1827 2185 1863 των
2221 1809 2522 1880 συνέχεται.
2559 1808 2622 1861 Οἱ
2645 1806 2703 1860 δὲ
2736 1805 2964 1860 Στωϊκοὶ
3019 1804 3081 1857 τὸ
3130 1800 3455 1857 ἀνάπαλιν.
3504 1800 3690 1852 ﬁnirat.

2079 1903 2265 1967 δὼνιος
2285 1902 2343 1956 δὲ
2375 1903 2590 1972 ἀγνοεῖν
2638 1900 2765 1965 τοὺς
2808 1897 3216 1971 Ἐπικουρείους
3269 1895 3388 1966 ἔφη
3414 1934 3433 1958 ,
3469 1893 3549 1958 ὡς
3570 1891 3685 1947 οὔτε

2083 1994 2310 2066 σώματα
2319 1993 2420 2058 τὰς
2442 1992 2622 2066 ψυχὰς
2641 1991 2872 2063 συνέχει,
2895 1990 3009 2046 ἀλλ’
3033 1990 3092 2043 αἱ
3109 1987 3290 2059 ψυχαὶ
3319 1985 3399 2039 τὰ
3428 1983 3683 2055 σώματα·

2080 2089 2269 2161 ὥσπερ
2303 2089 2447 2159 καὶὴ
2480 2086 2644 2142 κόλλα
2667 2086 2761 2142 καὶ
2793 2085 3010 2156 ἑαυτὴν,
3035 2083 3131 2138 καὶ
3157 2082 3229 2135 τὰ
3267 2079 3445 2143 ἐκτὸς
3474 2080 3679 2150 κρατεῖ.

2082 2183 2202 2236 ’Ότι
2223 2182 2280 2235 δὲ
2329 2181 2380 2235 οἱ
2434 2181 2662 2252 ἀστέρες
2690 2178 2827 2244 ζῶα.
2855 2177 3096 2251 χρῶνται
3142 2173 3288 2248 πρὸς
3331 2170 3682 2235 ἀπόδειξινοὶ

2081 2275 2309 2329 Στωϊκοὶ
2330 2273 2540 2337 τούτοις
2555 2289 2569 2304 ο
2601 2272 2788 2326 Πάντα
2801 2271 2869 2325 τὰ
2896 2273 2953 2324 ἐν
2973 2270 3051 2340 τῷ
3066 2267 3289 2340 οὐρανῷ
3311 2264 3573 2339 πυρώδη,
3591 2258 3680 2316 καὶ

2083 2368 2222 2422 κατὰ
2247 2367 2540 2436 (ptio-mra).
2566 2366 2936 2438 πολυχρονίως
2955 2362 3218 2425 κινεῖται,
3237 2361 3349 2415 καὶ
3384 2351 3677 2419 κυκλικῶς.

2081 2462 2288 2518 Οὐκοῦν
2303 2461 2397 2515 καὶ
2412 2461 2593 2531 κρίσιν
2608 2459 2739 2530 ἔχει.
2755 2459 2817 2511 Et
2843 2458 2900 2511 δὲ
2920 2456 3102 2530 κρίσιν
3119 2455 3257 2527 ἔχει,
3281 2451 3386 2507 καὶ
3406 2449 3525 2516 ζῶα
3548 2453 3672 2515 ἐστι,

2082 2556 2177 2609 καὶ
2224 2554 2471 2617 ποικίλας
2494 2552 2676 2623 ἔχουσι
2704 2552 2961 2622 κινήσεις.
3011 2548 3186 2603 Τοῦτο
3250 2547 3317 2602 δὲ
3358 2547 3482 2609 τοῖς
3526 2542 3675 2608 ζώοις

2081 2650 2290 2704 ἕπεται.
2306 2646 2415 2701 Καὶ
2427 2647 2603 2701 πάντα
2625 2644 2695 2698 τὰ
2720 2646 2958 2716 στοιχεῖα
2982 2642 3097 2709 ζῶα
3125 2639 3523 2714 ἔχει.”Ατοπον
3548 2635 3600 2689 δὲ
3616 2631 3671 2688 τὸ

2082 2743 2326 2814 κρεῖττον
2342 2739 2561 2794 πάντων
2582 2737 2693 2792 τῶν
2720 2737 2996 2808 στοιχείων
3025 2733 3182 2799 ζώων
3213 2734 3459 2805 ἄμοιρον
3487 2729 3669 2782 εἰπεῖν.

2429 3044 2489 3098 Τί
2513 3041 2628 3114 μὲν
2653 3039 2877 3110 ἀστήρο
2910 3038 3050 3095 τίδὲ
3078 3039 3336 3107 ἄστρον.

2154 3157 2234 3211 ιδ’.
2287 3155 2488 3228 Ἀστὴρ
2520 3156 2619 3226 μέν
2672 3156 2824 3208 ἐστιν
2863 3153 2939 3218 ὡς
2973 3153 3037 3207 ἂν
3069 3155 3098 3206 ὁ
3120 3149 3217 3204 τοῦ
3239 3148 3491 3222 Κρόνου,
3514 3147 3547 3215 ἦ
3577 3143 3662 3198 τοῦ

2094 3250 2318 3324 Ἑρμοῦ,
2354 3246 2436 3313 εἷς
2474 3248 2691 3320 ἀριθμῷ
2712 3265 2727 3278 θ
2770 3246 2969 3319 ἄστρον
3000 3246 3057 3299 δὲ
3083 3245 3139 3298 τὸ
3180 3245 3245 3298 ὲκ
3279 3240 3501 3295 πολλῶν
3524 3235 3665 3292 ἀστέ-

2082 3362 2191 3416 ρων
2244 3341 2533 3411 σύστημα·
2587 3339 2662 3401 ὡς
2722 3339 2754 3410 ἡ
2825 3334 3230 3407 Ἀνδρομέδα,ἣ
3256 3334 3287 3386 ὁ
3336 3331 3659 3398 Κένταυρος.

2080 3433 2203 3492 Οἵδε
2237 3434 2295 3488 δὲ
2326 3435 2426 3507 τὴν
2446 3433 2707 3505 διαφορὰν
2740 3431 2836 3485 καὶ⁸
2867 3432 3103 3502 ’Ἄρατος
3127 3468 3141 3492 ,

2084 3550 2304 3612 Ἄστρα
2339 3547 2649 3613 διακρίνας
2671 3562 2684 3576 ·
2717 3544 3022 3613 ἐσκέψατο
3047 3540 3099 3595 δ’
3127 3542 3216 3607 εἰς
3258 3534 3543 3594 ἐνιαυτὸν

2084 3616 2399 3687 Ἀστέρας,

2080 3735 2275 3803 λέγων.
2313 3733 2579 3801 Διόδωρος
2611 3731 2669 3785 δὲ
2708 3731 2803 3784 καὶ
2840 3729 2891 3784 οἱ
2925 3727 3075 3785 ἄλλοι
3124 3723 3509 3799 μαθηματικοὶ
3528 3719 3658 3782 ἰδίως

2082 3828 2177 3881 καὶ
2209 3825 2403 3888 κοινῶς
2454 3825 2523 3879 τὰ
2554 3822 2719 3888 ζὼδια
2766 3824 2941 3895 ἄστρα
2992 3819 3214 3875 καλοῦσι
3270 3819 3370 3873 καὶ
3415 3814 3653 3885 ἀστέρας.

2083 3919 2509 3992 παρατιθέμενοι
2550 3917 2816 3971 Πλάτωνα
2848 3916 3125 3988 μάρτυρα,
3160 3915 3341 3985 ἄστρα
3370 3913 3498 3974 τοὺς
3529 3904 3651 3964 ἐπτᾶ

2082 4012 2361 4082 πλάνητας
2409 4011 2466 4064 ὲν
2487 4009 2570 4081 τῷ
2619 4009 2831 4079 Τιμαίῳ
2859 4007 3138 4080 εἰρηκότα.
3188 4006 3297 4060 Τὸν
3357 4003 3511 4060 Κύνα
3540 3998 3650 4070 μέν·

2082 4120 2165 4157 τοι
2205 4102 2411 4175 ἀστέρα
2456 4101 2607 4163 ὄντα,
2653 4102 2713 4154 ὲν
2752 4099 2832 4170 τῷ
2861 4098 2965 4170 βίῳ
2998 4099 3194 4170 ἄστρον
3226 4096 3483 4166 λέγομεν.
3528 4088 3651 4143 Ἀλλ’

2081 4199 2111 4250 ὁ
2163 4196 2262 4267 μὲν
2321 4196 2497 4267 ἀστὴρ
2552 4195 2647 4248 καὶ
2697 4192 2926 4266 ἄστρον·
2962 4190 3148 4245 οὐκέτι
3191 4188 3251 4243 δὲ
3272 4189 3336 4243 τὸ
3379 4182 3646 4242 ἀνάπαλιν.

2086 4288 2255 4344 Ὀταν
2290 4287 2472 4361 μέντοι
2500 4288 2872 4358 Καλλίμαχος.

2295 4399 2445 4470 Πρὶν
2473 4397 2681 4467 ἀστέρι
2711 4397 2792 4463 τῷ
2826 4397 3170 4465 Βερενίκης,

402 4506 471 4563 de
523 4520 681 4562 coma
733 4505 986 4577 loquens,
1038 4521 1159 4573 qua:
1214 4520 1280 4558 ex
1334 4513 1541 4573 septem
1594 4504 1795 4559 lucidis
1842 4517 1976 4558 con-

2086 4514 2177 4567 ὲπὶ
2199 4511 2294 4566 τοῦ
2315 4511 2598 4584 πλοκάμου
2621 4511 2805 4582 φησιν,
2832 4510 2892 4573 ὃς
2917 4510 2975 4575 ἐξ
3003 4511 3144 4562 ἑπτὰ
3180 4508 3504 4578 καταφανῶν
3529 4504 3642 4572 σύγ-

402 4608 533 4671 stat.
562 4598 740 4672 Hujus
768 4598 1044 4656 asterismi
1092 4613 1198 4652 non
1240 4596 1489 4652 meminit
1535 4597 1774 4650 Aratus:
1817 4610 1978 4665 quem

400 4693 617 4771 primus
654 4692 970 4750 observavit
1020 4691 1235 4747 Conon.
1302 4689 1546 4761 Corpora
1606 4698 1871 4745 vorantur
1915 4704 1980 4744 ea

399 4803 524 4859 quae
568 4801 679 4843 uno
720 4785 912 4840 habitu
956 4784 1147 4854 juncta
1191 4784 1567 4847 continentur,
1614 4790 1675 4836 ut
1737 4782 1875 4852 lapis
1926 4789 1981 4837 et

397 4878 629 4950 lignum.
657 4876 912 4932 Habitum
947 4890 1084 4932 voco
1116 4875 1396 4947 spiritum,
1425 4874 1520 4945 qui
1561 4874 1808 4946 corporis
1846 4889 1981 4929 con-

399 4971 608 5028 tinendi
637 4970 747 5025 vim
776 4969 962 5024 habet.
988 4967 1378 5041 Coagmentata
1411 4968 1691 5033 dicuntur,
1716 4983 1840 5038 qua:
1870 4982 1979 5022 non

396 5080 511 5122 uno
548 5063 738 5123 habitu
767 5061 1024 5132 colligata
1044 5067 1199 5127 sunt,
1228 5068 1289 5116 ut
1316 5060 1473 5117 navis
1500 5069 1556 5117 et
1582 5062 1800 5122 domus.
1844 5074 1984 5130 qua-

396 5176 519 5217 rum
552 5159 645 5218 illa
668 5156 920 5228 pluribus
945 5170 1010 5210 ex
1045 5153 1271 5221 tabulis,
1302 5155 1416 5210 haac
1449 5153 1638 5211 multis
1667 5169 1736 5210 ex
1782 5153 1982 5224 lapidi-

397 5252 502 5308 bus
532 5247 903 5320 componitur.
933 5245 1217 5313 Disjuncta
1252 5253 1401 5309 sunt,
1425 5253 1486 5299 ut
1515 5244 1737 5300 chorus.
1771 5242 1979 5298 Horum

399 5342 599 5413 duplex
628 5348 715 5398 est
757 5337 1086 5395 dill'erentia.
1118 5335 1375 5402 Quadam
1425 5337 1570 5393 enim
1624 5353 1691 5393 ex
1744 5337 1981 5392 detinitis

399 5435 727 5505 corporibus
755 5441 1032 5498 constant,
1070 5448 1136 5489 ae
1177 5439 1332 5489 certo
1373 5445 1604 5486 numero
1623 5430 1983 5500 comprehen-

402 5526 499 5588 sis,
542 5532 605 5580 ut
654 5532 743 5581 est
767 5526 996 5590 chorus,
1041 5525 1150 5580 alia
1177 5525 1331 5581 nullo
1358 5539 1587 5580 numero
1627 5521 1982 5579 circumscri-

401 5614 530 5686 ptis,
559 5623 620 5669 ut
658 5613 842 5670 turba.
873 5615 1240 5682 Quamobrem
1263 5614 1419 5671 stella
1446 5628 1648 5685 corpus
1674 5619 1759 5672 est
1788 5628 1980 5679 unum,

467 5790 538 5831 9"
638 5788 875 5863 λέγεται.

2085 4623 2282 4659 κειται.
2321 4602 2522 4659 Τοῦτον
2573 4603 2631 4657 δὲ
2679 4602 2772 4657 τὸν
2801 4601 3082 4675 πλόκαμον
3118 4604 3219 4658 οὐκ
3245 4599 3386 4657 οἶδεν
3410 4603 3638 4672 Ἄρατος.

2083 4697 2438 4770 Παρετήρησε
2464 4693 2521 4749 δὲ
2543 4696 2730 4751 Κόνων
2769 4697 2798 4750 ὁ
2828 4696 3228 4769 μαθηματικός.
3253 4697 3483 4770 Σώματα
3507 4692 3637 4761 λέγε-

2086 4789 2207 4844 σθαι
2230 4792 2299 4822 ⁸³·
2329 4790 2431 4843 ὅσα
2455 4786 2561 4842 ὑπὸ
2595 4790 2725 4860 μιᾶς
2754 4787 2922 4854 ἕξεως
2940 4790 3197 4861 ἡνωμένα
3224 4792 3519 4863 κρατεῖται,
3542 4773 3637 4838 οἷον

2083 4882 2249 4945 λίθος,
2282 4880 2471 4948 ξύλονο
2504 4878 2621 4933 ἐστι
2647 4878 2704 4932 δὲ
2738 4879 2851 4944 ἕξις
2871 4878 3090 4951 πνεῦμα
3125 4880 3376 4952 σώματος
3413 4890 3631 4932 συνεκτι-

2084 4976 2199 5030 κόν.
2229 4973 2559 5046 Συνημμένα
2597 4972 2654 5026 δὲ
2696 4973 2796 5028 ὅσα
2820 4973 2919 5045 οὐχ
2944 4973 3050 5027 ὑπὸ
3079 4976 3207 5044 μιᾶς
3232 4974 3399 5041 ’ἕξεως
3417 4971 3629 5029 δέδεται,

2082 5068 2158 5133 ὡς
2175 5067 2357 5122 πλοῖον
2380 5067 2474 5120 καὶ
2494 5067 2643 5121 οἰκία
2669 5083 2683 5097 ·
2707 5062 2768 5120 τὸ
2795 5064 2895 5136 μὲν
2921 5067 3031 5138 γὰρ
3069 5067 3134 5120 ἐκ
3156 5065 3364 5122 πολλῶν
3395 5062 3625 5121 σανίδων,

2082 5160 2115 5231 ἡ
2150 5157 2301 5212 δὲέκ
2358 5155 2568 5211 πολλῶν
2614 5155 2778 5211 λίθων
2812 5155 3112 5226 σύγκειται.
3157 5158 3425 5212 Διεστῶτα
3465 5152 3534 5213 δὲ,
3564 5149 3626 5210 ὡς

2085 5252 2264 5323 χορός.
2307 5249 2427 5305 Τῶν
2454 5250 2514 5304 δὲ
2559 5247 2824 5304 τοιούτων
2857 5249 3033 5306 διτταὶ
3067 5252 3121 5304 αἱ
3147 5250 3413 5322 διαφοραί.
3444 5244 3516 5299 Τὰ
3542 5240 3622 5313 μὲν

2085 5343 2194 5415 γὰρ
2218 5342 2279 5409 ἐξ
2299 5343 2621 5415 ὡρισμένων
2653 5342 2921 5414 σωμάτων
2953 5343 3048 5397 καὶ
3069 5342 3287 5415 ἀριθμῷ
3306 5338 3527 5412 ληπτῶν,
3560 5332 3623 5395 ὡς

2085 5429 2279 5510 iopéq‘
2316 5435 2387 5490 τὰ
2429 5436 2488 5489 δὲ
2527 5434 2585 5502 ἐξ
2623 5435 2910 5507 ἀορίστων,
2950 5435 3026 5497 ὼς
3046 5435 3220 5505 ὄχλος.
3261 5434 3357 5504 Eii;
3389 5426 3513 5485 ούνὸ
3537 5422 3618 5496 μὲν

2084 5528 2263 5600 ἀστὴρ
2313 5526 2471 5598 σῶμα
2524 5527 2821 5597 ἡνωμένον,
2843 5527 2905 5580 τὸ
2936 5527 2994 5580 δὲ
3024 5525 3222 5597 ἄστρον
3264 5529 3327 5580 ὲκ
3356 5518 3618 5578 διεστώτων

2086 5623 2179 5683 καὶ
2208 5619 2559 5694 ὡρισμένων·
2594 5618 2823 5692 ἀριθμὸς
2874 5618 2981 5689 γὰρ
3015 5618 3258 5691 ἀστέρων
3300 5618 3381 5687 ἐφ’
3420 5611 3611 5668 ἑκάστου
