3928 6266
209 413 330 471 955

961 401 1285 463 ACHILLlS
1321 397 1508 457 TATII
1544 389 1848 453 lSAGOGE
1883 390 1976 444 AD
2007 391 2218 449 ARATI
2259 389 2731 448 ΡΗᾸΞΝΟΜΕΝΔ.

3367 381 3472 437 954

204 533 512 588 δείκνυται.
542 529 803 602 Πίνδαρος
830 529 887 582 δὲ
932 528 1025 582 τὸν
1055 526 1260 599 ἀστέρα
1287 525 1486 596 ἄστρον
1521 515 1792 592 ὀνομάζει,

1906 525 2111 570 astrum
2142 531 2210 570 ex
2233 514 2524 586 disjunctis
2564 527 2630 567 ac
2671 510 2908 567 deﬁnitis
2935 506 3300 579 componitur.
3339 503 3471 557 Nam

208 626 394 696 λέγων
411 642 425 654 ·

433 822 651 891 Μηκέθ’
685 823 863 878 ἁλίου
886 822 1104 877 σκόπει

435 895 624 948 Ἄλλο
647 893 1055 960 θαλπνότερον

441 964 545 1017 Ἑν
571 963 755 1034 ἁμέρᾳ
791 962 1055 1034 φαεννὸν
1074 961 1300 1031 ἄστρον
1320 976 1334 989 ⁸

206 1079 361 1135 κατά
391 1077 490 1151 τὴν
521 1078 832 1151 συνήθειαν.

735 1189 879 1258 Περὶ
925 1184 1270 1252 πλανήτων.

167 1367 172 1373 1
291 1292 376 1338 ιε’.
402 1286 659 1357 Ἄρατος,
685 1285 751 1354 τῇ
767 1283 875 1337 τῶν
904 1280 1114 1335 πολλῶν
1140 1278 1268 1351 δόξῃ
1296 1273 1792 1345 κατακολουθήσας,

200 1375 340 1440 ’τοὺς
362 1374 621 1438 ἀπλανεῖς
641 1373 965 1446 ὲναρηρέναι
1000 1370 1135 1442 φησὶ
1162 1368 1240 1440 τῷ
1262 1365 1476 1438 οὐρανῷ
1495 1381 1509 1397 ο

198 1485 406 1552 Αὐτός
428 1486 540 1555 γὰρ
570 1482 712 1538 τάδε
731 1482 950 1554 σήματ’
984 1483 1055 1538 ἐν
1081 1479 1315 1550 οὐρανῷ
1351 1475 1653 1547 ἐστήριεεσ

200 1594 367 1666 παρά
400 1595 462 1647 τὸ
495 1593 777 1666 ἐστήριξεν
812 1594 1052 1665 ἀστέρας
1091 1592 1288 1655 αὐτοὺς
1315 1586 1790 1662 παρετυμολογῶν.

197 1686 316 1739 Τὸν
348 1686 407 1739 δὲ
461 1684 572 1740 τῶν
607 1685 894 1757 πλανήτων
917 1686 1074 1756 λόγον
1113 1685 1465 1757 παρῃτήσατο
1488 1683 1518 1735 ὁ
1538 1681 1792 1753 ΙἌρατος,

167 1777 338 1838 ,ὅταν
360 1776 496 1850 λέγῃ
513 1794 529 1807 ο

202 1892 278 1942 οι
303 1888 358 1942 δ’
375 1888 580 1959 ἐπιμὶξ
599 1888 777 1959 ἄλλοι
801 1889 970 1945 πέντ’
1003 1887 1257 1957 ἀστέρες
1274 1886 1457 1959 οὐδὲν
1476 1884 1684 1955 ὁμοῖοι,

205 1957 521 2028 Ἔμπαλιν
544 1961 590 1994 ⁸³
621 1958 882 2014 εἰδώλων
911 1959 1269 2014 δυοκαίδεκα
1289 1957 1645 2028 δινεύονται.

205 2025 297 2083 Oi}
325 2029 379 2082 δ’
404 2031 494 2084 ἔτι
523 2029 869 2100 θαρσαλέως
896 2031 1112 2084 κείνων
1136 2029 1251 2100 ἐγὼ
1274 2028 1487 2100 άρκιος
1507 2025 1642 2100 εἵην

216 2099 573 2154 Ἀπλανέων
590 2099 664 2154 τά
688 2117 750 2154 τε
781 2103 994 2164 κύκλα,
1025 2100 1098 2154 τά
1124 2097 1372 2168 τἀὶθέρι
1399 2097 1789 2151 1’¹⁶δινίεύουσι.

283 2276 640 2347 Παραιτείται
663 2276 720 2329 δὲ
743 2275 834 2330 διὰ
862 2276 1062 2340 πολλὰς
1088 2277 1285 2340 αἰτίας.
1316 2276 1539 2348 Πρῶτον
1564 2275 1647 2329 ὅτι
1671 2292 1795 2344 φαι-

202 2368 417 2440 νόμενα
475 2368 732 2440 ἠθέλησε,
792 2370 888 2424 καὶ
928 2371 1060 2423 πᾶσι
1095 2370 1359 2440 σύμφωνα
1391 2367 1560 2433 δεῖξαι
1582 2368 1788 2440 ἄστρα·

201 2454 361 2514 οὗτοι
391 2460 448 2514 δὲ
501 2461 702 2532 πολλὴν
745 2461 1047 2530 διαφωνίαν
1096 2461 1279 2532 ἔχουσι
1307 2502 1321 2527 ,
1347 2461 1441 2516 καὶ
1473 2461 1594 2514 οὐδὲ
1629 2458 1795 2513 πᾶσίν

205 2552 322 2604 εἰσι
353 2551 594 2623 φανεροί.
629 2552 802 2606 Ἐνιδὲ
845 2553 924 2624 τῷ
974 2553 1400 2625 ἐπιγραφομένῳ
1452 2551 1614 2606 αὐτοῦ
1677 2556 1792 2606 Κα-

204 2643 382 2704 νόνι,
437 2644 530 2696 τὸν
573 2644 703 2715 περὶ
749 2644 930 2698 αὐτῶν
977 2644 1296 2716 ποιούμενος
1341 2644 1518 2712 λόγον,
1559 2641 1796 2714 ἁρμονίᾳ

203 2735 322 2789 τινὶ
350 2737 445 2789 καὶ
473 2735 762 2807 συμφωνίᾳ
783 2739 1019 2808 μουσικῇ
1054 2737 1153 2801 τὰς
1184 2737 1423 2808 κινήσεις
1449 2734 1627 2789 αὐτῶν
1651 2733 1798 2802 λέγει

206 2827 522 2897 γεγονέναι.
544 2828 777 2883 Λεκτέον
825 2828 882 2882 δὲ
908 2829 1038 2901 περὶ
1069 2829 1272 2884 αὐτῶν.

646 3025 819 3092 Τάξις
846 3028 964 3080 τῶν
992 3024 1035 3088 ζ’
1069 3025 1360 3096 σφαιρῶν.

286 3120 385 3179 ις’.
423 3115 486 3168 Οἱ
520 3115 648 3186 περὶ
686 3114 759 3169 τὰ
787 3116 1038 3187 μετέωρα
1069 3115 1231 3169 δεινοί
1268 3132 1399 3184 φασι
1442 3113 1617 3179 ζώνας
1646 3115 1798 3180 τινάς

1903 615 2087 662 certus
2111 605 2168 660 in
2199 619 2532 676 unoquoque
2565 615 2828 657 numerus
2853 598 3181 655 ostenditur.
3208 595 3476 651 Pindarus

1903 703 2112 752 astrum
2140 711 2240 766 pro
2269 695 2448 751 sidere
2478 700 2706 763 usurpat
2737 711 2754 748 :

2112 809 2232 933 2.0
2258 806 2381 862 Non
2403 807 2520 890 jam
2550 804 2659 860 sole
2687 802 2964 859 considera

2163 877 2274 932 liud
2312 877 2535 931 calidius

2163 877 2274 932 liud
2312 877 2535 931 calidius

2116 948 2357 1004 Interdiu
2383 948 2654 1002 solendens
2681 943 2861 1009 sidus;

1900 1061 1955 1116 in
1983 1077 2092 1132 quo
2115 1059 2496 1117 consuetudini
2533 1060 2718 1114 servit.

2498 1173 2577 1228 De
2627 1171 2873 1241 planetis.

1970 1267 2058 1323 15.
2106 1268 2307 1322 Aratus
2361 1266 2509 1336 vulgi
2567 1263 2810 1336 opinioni
2866 1261 3110 1316 serviens
3167 1260 3474 1313 inerrantes

1898 1360 2086 1418 stellas
2115 1359 2256 1414 coelo
2285 1359 2482 1414 inﬁxas
2508 1372 2633 1413 esse
2659 1357 2793 1412 dicit
2819 1375 2832 1410 :

2041 1473 2161 1542 Ipse
2187 1472 2324 1526 enim
2351 1471 2461 1525 Iure
2486 1470 2640 1540 signa
2667 1471 2721 1522 in
2753 1485 2881 1522 emta
2911 1467 3068 1538 ﬁxit;

1899 1604 1930 1643 a
1982 1587 2250 1643 vocabulo
2294 1584 2599 1657 ἐστήριξεν,
2645 1583 2957 1638 nominatos
3011 1579 3245 1650 ἀστέρας
3299 1576 3475 1632 obiter

1899 1680 2168 1735 indicans.
2197 1679 2271 1734 De
2303 1677 2536 1749 planetis
2574 1683 2752 1731 autem
2778 1674 3019 1730 scribere
3051 1671 3224 1726 noluit
3254 1670 3472 1735 Aratus,

1899 1774 1994 1830 ubi
2032 1773 2109 1827 ita
2137 1771 2337 1828 cecinit
2366 1789 2380 1825 :

1819 1878 1865 1936 Β
1895 1887 2200 1942 Promiscue
2231 1901 2348 1939 vero
2375 1883 2496 1937 alia:
2522 1882 2746 1952 quinque
2763 1879 2976 1952 stellae,
3000 1875 3135 1930 nihil
3165 1874 3385 1940 similes,

1896 1957 2097 2012 Contra
2125 1972 2283 2027 quam
2313 1948 2611 2027 simulacra
2631 1948 2905 2003 duodecim
2939 1956 3234 2027 versantur.

1896 2027 2078 2098 Neque
2111 2016 2228 2082 vero
2257 2024 2521 2098 conﬁdens
2549 2021 2764 2076 illorum
2789 2035 2880 2090 ego
2907 2035 3024 2098 sum
3052 2016 3292 2098 idoneus,

1895 2086 2386 2167 Inerrrantiumque
2435 2092 2607 2157 orbes,
2665 2086 2880 2162 quaeque
2937 2090 2992 2142 in
3043 2089 3229 2167 reticere
3276 2086 3476 2167 cientur

3144 2156 3376 2230 [exsequi
3386 2197 3399 2209 .

1965 2280 2140 2350 Atque
2181 2277 2286 2333 hoc
2320 2275 2571 2347 pluribus
2617 2274 2686 2330 de
2734 2273 2920 2328 causis
2962 2277 3198 2326 recusat.
3232 2267 3474 2322 Primum

1893 2369 2039 2442 quod
2092 2375 2420 2439 apparentes
2480 2365 2691 2430 stellas,
2731 2363 2800 2419 de
2846 2362 3046 2434 quibus
3101 2360 3242 2414 inter
3285 2372 3477 2412 omnes

1894 2464 2170 2528 convenit,
2206 2461 2520 2518 describere
2552 2467 2668 2514 erat
2693 2470 3019 2530 aggressus;
3051 2460 3104 2508 at
3134 2453 3252 2508 istae
3281 2443 3476 2520 magno

1897 2555 1953 2609 in
1982 2553 2305 2628 Opinionum
2332 2550 2540 2606 ambitu
2576 2555 2727 2614 sunt,
2757 2562 2860 2601 nec
2901 2544 3159 2600 omnibus
3191 2548 3474 2611 apparent.

1894 2649 1958 2703 In
2003 2647 2146 2702 libro
2195 2659 2346 2710 vero,
2391 2658 2553 2714 quem
2605 2641 2872 2696 Canonem
2924 2633 3251 2706 inscripsit,
3291 2633 3358 2687 de
3406 2630 3476 2685 iis

1897 2754 2084 2810 agens,
2119 2744 2389 2796 concentu
2433 2733 2670 2805 quodam
2721 2741 2774 2787 et
2815 2728 3102 2786 harmonia
3148 2729 3475 2794 temperatos

1895 2846 2019 2886 esse
2050 2835 2233 2885 motus
2259 2829 2474 2883 illarum
2507 2823 2724 2880 asserit.
2752 2821 2922 2878 Nobis
2961 2834 3091 2876 vero
3129 2816 3197 2872 de
3229 2816 3297 2871 iis
3338 2812 3475 2885 ipsis

1897 2922 2161 2978 nonnulla
2187 2920 2418 2976 dicenda
2451 2923 2601 2974 sunt.

2244 3030 2323 3084 De
2355 3029 2535 3084 ordine
2561 3028 2890 3098 spluerarum
2923 3033 3135 3092 septem.

1972 3121 2059 3176 16.
2083 3120 2400 3176 Coelestium
2429 3135 2612 3174 rerum
2639 3117 2834 3188 peritis
2875 3117 3052 3185 placet
3091 3127 3259 3167 zonas
3304 3125 3475 3181 quas-

206 3200 352 3260 εῐναι
383 3206 545 3269 ἑπτὰ,
567 3205 634 3259 δι’
662 3200 738 3261 ὧν
789 3209 1043 3281 φέρονται
1079 3209 1129 3262 οἱ
1168 3209 1307 3263 ἑπτὰ
1331 3208 1559 3280 ἀστέρες
1580 3226 1597 3242 ο
1620 3209 1714 3263 καὶ
1739 3209 1792 3262 ὲν

1906 3211 2025 3266 dam
2053 3227 2178 3268 esse
2217 3221 2443 3280 septem,
2471 3225 2568 3280 per
2601 3224 2738 3279 quas
2768 3206 2989 3262 totidem
3025 3207 3256 3274 planetae
3290 3202 3476 3258 ferun-

211 3298 315 3368 μὲν
353 3300 422 3369 τῇ
480 3297 789 3376 ὑψηλοτάτη
824 3299 1086 3370 φέρεσθαι
1139 3302 1231 3354 τὸν
1265 3300 1360 3355 τοῦ
1399 3301 1631 3370 Κρόνου,
1656 3303 1713 3354 ἐν
1738 3301 1796 3355 δὲ

203 3389 276 3458 τῇ
307 3389 428 3458 μετ’
454 3388 624 3459 αὐτὴν
653 3387 742 3442 τὸν
776 3389 869 3442 τοῦ
891 3390 1012 3453 Διός
1035 3407 1048 3419 ·
1086 3391 1179 3443 καὶ
1211 3392 1267 3442 ἐν
1301 3393 1366 3462 τῇ
1395 3392 1555 3463 τρίτῃ
1583 3400 1678 3444 τον
1701 3389 1793 3444 τοῦ

211 3483 462 3553 Ἄρεως·
527 3482 584 3533 ἐν
631 3483 695 3551 τῇ
745 3481 984 3553 τετάρτῃ
1042 3482 1133 3534 τὸν
1179 3481 1271 3535 τοῦ
1333 3481 1534 3554 Ἑρμοῦ
1560 3499 1575 3513 ·
1622 3484 1681 3536 ὲν
1727 3484 1793 3554 τῇ

209 3574 444 3646 πέμπτῃ
475 3575 566 3626 τὸν
616 3573 715 3643 τῆς
750 3573 1101 3646 Ἀφροδίτης’
1147 3576 1206 3626 ὲν
1241 3574 1298 3628 δὲ
1323 3578 1387 3647 τῇ
1421 3574 1554 3646 ἕκτῃ
1582 3575 1674 3629 τὸν
1700 3574 1796 3628 τοῦ

177 3655 188 3667 ’
206 3668 366 3739 ἡλίου
386 3685 400 3698 ·
440 3669 498 3720 ἐν
521 3667 578 3720 δὲ
599 3670 666 3739 τῇ
695 3667 895 3739 ἐϐδόμῃ
929 3668 1022 3722 τὸν
1044 3668 1142 3738 τῆς
1181 3667 1428 3740 σελήνης.
1465 3668 1622 3731 Τινὲς
1649 3667 1708 3721 δὲ
1737 3669 1798 3722 ὲν

206 3729 278 3832 τῇ
309 3758 552 3830 τετάρτῃ
573 3729 673 3829 τὴν
725 3729 1042 3830 Ἀφροδίτην
1065 3729 1312 3829 λέγουσιν
1468 3763 1535 3832 τῇ
1568 3729 1794 3832 πέμπτῃ
1841 3729 1852 3738 .

205 3849 266 3903 δὲ
300 3849 395 3903 τὸν
431 3849 667 3922 Ἑρμῆν·
709 3851 768 3902 ὲν
797 3849 853 3902 δὲ
875 3851 943 3920 τῇ
999 3848 1132 3921 ἕκτῃ
1177 3847 1266 3901 τὸν
1313 3848 1484 3918 ἥλιον.
1523 3847 1708 3901 Ἀλλοι
1739 3847 1796 3902 δὲ

206 3943 481 4014 τέταρτον
502 3941 593 3996 τὸν
630 3941 837 4014 Ἑρμῆν
860 3958 874 3972 ο
905 3941 1073 4011 ἕκτην
1094 3940 1151 3993 δὲ
1179 3941 1276 4013 τὴν
1310 3941 1626 4012 Ἀφροδίτην
1648 3957 1661 3970 ο
1697 3939 1796 4010 μέ-

212 4051 309 4088 σον
332 4033 392 4086 δὲ
410 4033 506 4088 τὸν
543 4034 715 4105 ἥλιον.
747 4032 868 4086 Εἰσὶ
898 4033 954 4086 δὲ
995 4034 1044 4085 oi
1081 4031 1295 4103 πρῶτον
1327 4032 1416 4085 τὸν
1444 4031 1590 4103 ἥλιον
1625 4031 1801 4101 λέγον-

206 4143 306 4191 τες
329 4143 344 4157 ο
374 4125 632 4198 δευτέραν
651 4125 708 4180 δὲ
734 4125 833 4197 τὴν
861 4107 1090 4196 ἓελήνην
1115 4142 1128 4155 ·
1163 4125 1346 4198 τρίτον
1370 4125 1427 4178 δὲ
1456 4124 1546 4177 τὸν
1569 4124 1795 4197 Κρόνον.

221 4218 290 4272 Ἡ
319 4218 378 4272 δὲ
410 4218 609 4272 πλείων
643 4219 770 4284 δόξα
801 4217 1024 4291 πρώτην
1052 4217 1150 4291 τὴν
1188 4217 1416 4288 σελήνην
1455 4216 1604 4286 λέγει
1625 4231 1639 4246 ⁸
1676 4216 1798 4269 ἐπεὶ

208 4312 312 4366 καὶ
350 4312 691 4382 ἀπόσπασμα
741 4311 831 4366 τοῦ
871 4313 1022 4385 ήλίου
1058 4313 1306 4381 λέγουσιν
1361 4313 1559 4383 αὑτήν·
1590 4311 1665 4376 ὡς
1707 4312 1800 4365 καί

223 4403 602 4476 Ἐμπεδοκλῆς
620 4421 636 4437 ·

1897 3311 2007 3358 tur.
2043 3302 2100 3356 In
2131 3317 2387 3372 suprema
2411 3315 2576 3370 porro
2606 3297 2829 3354 Saturni
2863 3297 3072 3352 stellam
3101 3295 3216 3365 rapi
3246 3312 3262 3361 ;
3302 3294 3356 3347 in
3385 3309 3475 3348 se-

1897 3394 2073 3449 cunda
2102 3392 2252 3449 Jovis
2277 3409 2292 3459 ;
2348 3393 2403 3446 in
2433 3391 2592 3446 tertia
2619 3389 2846 3455 Martis;
2872 3389 2926 3442 in
2955 3394 3150 3458 quarta
3181 3384 3472 3452 Mercurii;

1898 3485 1952 3540 in
1986 3485 2178 3554 quinta
2203 3482 2431 3537 Veneris
2455 3499 2471 3548 ;
2513 3479 2568 3534 in
2591 3487 2744 3535 sexta
2777 3477 2942 3542 solis;
2970 3477 3023 3530 in
3049 3474 3280 3545 septima
3311 3475 3473 3528 lunae.

1897 3577 2129 3645 Quidam
2164 3577 2217 3630 in
2253 3583 2451 3646 quarta
2485 3573 2751 3630 Venerem
2782 3572 2988 3634 locant,
3028 3570 3083 3624 in
3113 3568 3302 3638 quinta
3333 3564 3476 3621 Mer-

1898 3671 2134 3735 curium,
2159 3669 2216 3723 in
2249 3674 2401 3724 sexta
2437 3668 2630 3738 solem.
2673 3665 2777 3718 Alii
2820 3672 3075 3735 quartum
3120 3658 3474 3728 Mercurium,
3571 3664 3582 3687 '

1898 3769 2106 3819 sextam
2148 3758 2439 3823 Venerem,
2474 3756 2714 3812 medium
2745 3770 2875 3811 vero
2905 3753 3074 3810 solem
3108 3749 3473 3806 constituunt.
3530 3765 3532 3767 ‘

1901 3853 2040 3910 Sunt
2080 3852 2173 3924 qui
2217 3851 2453 3923 primum
2493 3863 2618 3904 esse
2664 3848 2833 3903 solem
2878 3854 3146 3904 asserant,
3180 3839 3475 3898 secundam

1900 3948 2106 4009 lunam,
2153 3944 2374 4000 tertium
2416 3941 2731 3996 Saturnum.
2772 3939 2963 3995 Plures
3013 3938 3193 3990 lunam
3245 3934 3476 4005 primam

1900 4038 2146 4102 faciunt;
2191 4035 2636 4105 quandoquidem
2689 4049 2815 4104 pars
2861 4031 3130 4102 quaedam,
3182 4035 3243 4083 ut
3299 4026 3473 4090 aiunt,

1899 4131 2089 4185 avulsa
2139 4135 2222 4185 est
2275 4143 2304 4180 a
2350 4127 2464 4182 sole
2503 4127 2675 4194 luna;
2729 4125 2875 4196 quod
2934 4120 3248 4194 Empedocli
3298 4118 3473 4176 visum

1897 4233 1982 4280 est
2019 4242 2033 4278 :

211 4517 593 4588 κυκλοτερὲς
612 4519 746 4587 περὶ
767 4519 942 4590 γαῖαν
967 4519 1278 4574 ἑλίσσεται
1307 4520 1630 4587 ἀλλότριον
1650 4516 1792 4586 φῶς.

1972 4528 2245 4585 Circulare
2273 4528 2469 4582 circum
2502 4530 2696 4579 terram
2728 4522 2950 4578 volvitur
2974 4520 3204 4575 alienum
3228 4518 3422 4574 lumen.

287 4631 427 4702 Περὶ¹
477 4631 535 4684 δὲ
588 4631 690 4702 τῆς
731 4632 1056 4703 ἐναρμονίου
1101 4631 1366 4702 κινήσεως
1403 4629 1584 4684 αὐτῶν
1621 4625 1794 4695 εἶπεν,

214 4725 296 4790 ὡς
332 4726 491 4796 ἔφην,
549 4726 784 4796 Ἀρατος
817 4727 874 4779 ὲν
899 4726 980 4796 τῷ
1053 4727 1300 4788 Κανόνι,
1354 4723 1450 4778 καὶ
1477 4722 1796 4794 Ἐρατοσθέ-

212 4833 318 4888 νης
372 4818 432 4870 ὲν
486 4816 563 4888 τῷ
625 4815 841 4886 Ἐρμῇ,
878 4819 970 4870 καὶ
1025 4817 1307 4887 ’Υψικλῆς,
1338 4816 1430 4869 καὶ
1469 4815 1796 4885 Θράσυλλος,

208 4909 313 4962 ικαὶ
344 4908 647 4980 ’Ἄδραστος
687 4908 1076 4981 Ἀφροδισιεύς.
1117 4909 1390 4982 Ἤρξαντο
1416 4909 1474 4961 δὲ
1511 4905 1606 4961 τοῦ
1638 4907 1797 4976 λόγου

214 4999 411 5054 τούτου
461 5001 511 5053 oi
578 5000 970 5073 Πυθαγόρειον
1030 5001 1206 5056 πάντα
1262 5001 1367 5073 γὰρ
1428 4985 1663 5072 ἁρμονίᾳ
1705 4999 1799 5053 καὶ

217 5095 373 5163 τάξει
404 5094 620 5164 λέγουσι
666 5093 959 5148 κινεῖσθαγ
1001 5093 1143 5147 καθά
1181 5093 1275 5146 καὶ
1313 5093 1486 5164 ἰατροὶ
1509 5093 1635 5155 τοὺς
1665 5108 1800 5160 σφυ-

217 5187 438 5259 γμούςο
488 5187 584 5241 καὶ
635 5187 901 5256 ὑγιαίνειν
934 5185 1055 5257 μὲν,
1094 5187 1223 5240 ὅταν
1258 5184 1584 5250 εὐτακτῶσι,
1623 5184 1800 5239 νοσεῖν

217 5279 297 5346 δὲ,
331 5280 424 5334 ὅτε
458 5278 708 5342 ἀτάκτως
728 5278 1022 5332 κινοῦνται.

435 5389 578 5459 Περὶ
603 5389 721 5445 τῶν
745 5389 1054 5460 ὀνομάτων
1084 5389 1204 5444 τῶν
1241 5389 1586 5458 πλανήτων.

296 5480 473 5547 ιζ’.Τά
490 5481 727 5552 ὀνόματα
750 5481 858 5535 τῶν
876 5483 1158 5552 πλανήτων
1189 5483 1456 5554 διαφόρως
1471 5482 1796 5556 ἐκλήθησαν,

226 5577 319 5630 καὶ
362 5575 492 5648 περὶ
538 5576 631 5629 τοῦ
662 5576 854 5649 χρόνου
888 5577 1118 5630 ἑκάστου
1159 5577 1424 5646 διαφωνία
1484 5578 1652 5650 πολλὴ
1703 5580 1796 5647 γέ-

225 5686 348 5739 γονε
380 5669 613 5738 πολλοῖς.
633 5671 950 5740 Αἰγυπτίοις
979 5670 1088 5742 γὰρ
1109 5671 1200 5724 καὶ
1222 5671 1443 5742 Ἕλλησι
1477 5673 1568 5727 τοῦ
1587 5675 1795 5746 Κρόνου

297 5824 345 5856 ⁹³
374 5840 465 5897 γρ.
498 5822 779 5878 πάντοθεν.
858 5822 902 5855 ⁸⁷⁵
936 5841 1024 5892 γρ.
1056 5822 1261 5896 σώματ’
1313 5825 1570 5879 ἐνισπεῖν,

1969 4640 2046 4697 De
2079 4639 2402 4695 harmonico
2433 4653 2565 4694 vero
2596 4645 2746 4692 motu
2772 4635 2990 4690 illorum
3020 4634 3132 4703 agit
3162 4633 3215 4686 in
3242 4631 3475 4696 Canone,

1901 4733 1978 4786 uti
2003 4731 2210 4788 dictum
2241 4738 2346 4795 est,
2379 4729 2604 4792 Aratus,
2634 4736 2688 4784 et
2720 4727 3111 4782 Eratosthenes
3161 4727 3217 4779 in
3265 4723 3475 4778 Mercu-

1900 4824 2016 4888 rio,
2078 4823 2317 4893 itemque
2370 4819 2688 4893 Hypsicles,
2728 4818 3050 4890 Thrasyllus
3097 4827 3152 4872 et
3208 4815 3476 4871 Adrastus

1899 4917 2362 4989 Aphrodisiensis.
2393 4913 2564 4984 Cujus
2589 4911 2858 4984 dogmatis
2892 4918 3144 4966 auctores
3183 4909 3333 4965 luere
3367 4906 3477 4980 Py-

1900 5009 2144 5082 thagorei
2167 5049 2183 5074 ,
2215 5008 2309 5079 qui
2345 5007 2602 5061 universa
2633 5009 2904 5058 concentu
2933 5009 3096 5072 atque
3136 4999 3330 5056 ordine
3357 5013 3476 5053 mo-

1899 5104 2012 5159 veri
2044 5109 2236 5173 putant
2271 5121 2284 5156 :
2316 5101 2398 5155 uti
2448 5097 2644 5155 medici
2695 5097 2908 5167 pulsus,
2954 5110 3095 5166 quos
3143 5102 3259 5148 tum
3308 5107 3474 5148 sanos

1899 5211 2022 5252 esse
2055 5195 2333 5257 dictitant,
2360 5207 2487 5247 cum
2534 5191 2784 5245 ordinem
2811 5195 3051 5251 servant,
3082 5187 3224 5243 male
3249 5186 3472 5250 habere,

1899 5302 2024 5342 cum
2053 5285 2434 5340 inconstanter
2459 5291 2767 5339 moventur.

2289 5397 2367 5452 De
2402 5397 2734 5468 planetarum
2765 5395 3084 5451 nominibus.

1972 5492 2058 5544 l7.
2089 5491 2220 5546 Tam
2247 5490 2315 5546 de
2348 5491 2691 5561 planetarum
2743 5487 3022 5543 vocabulis
3050 5499 3213 5556 quam
3258 5483 3327 5539 de
3361 5481 3482 5537 sin.

1898 5587 2150 5656 gulorum
2187 5584 2525 5653 temporibus
2558 5596 2773 5637 summa
2824 5588 2909 5636 est
2949 5578 3267 5650 opinionum
3297 5575 3472 5632 varie-

1901 5686 2006 5733 tas.
2047 5676 2286 5749 Egyptii
2335 5684 2386 5731 et
2437 5673 2882 5731 Gi'wcPSaturtti
2935 5673 3182 5736 stellam,
3225 5668 3476 5742 quamvis

3343 5939 3345 5941 ι
3353 5929 3422 5944 ‘-
