3928 6266
519 394 522 398 ’
554 429 662 486 955

1610 429 1702 484 AD
1741 425 2010 483 EUSEBll
2049 423 2443 480 CllBONlCON
2479 416 2841 480 APPENDIX.

3697 424 3778 483 956

449 542 476 566 ⁸
550 546 903 602 hebetissima
947 547 1039 607 sit,
1073 562 1352 616 φαινοντα,
1388 546 1442 600 id
1490 555 1574 602 est
1623 547 1883 613 lucidam,
1917 553 2106 602 vocant

2238 545 2267 596 6
2313 543 2508 614 ἀστὴρ,
2545 544 2720 597 καίτοι
2767 542 3144 614 ἁμαυρότατος
3172 542 3279 608 ὢν,
3331 541 3538 612 φαίνων
3579 544 3774 616 λέγεται.

548 636 722 692 Graeci
768 638 988 708 quidem
1037 639 1111 692 ita
1163 639 1292 693 boni
1336 639 1536 694 ominis
1576 655 1741 694 causa
1774 649 2123 710 nuncupant,

546 728 789 802 Egyptii
845 744 976 784 vero
1033 729 1281 804 Nemesis
1351 732 1580 787 stellam.
1661 730 1912 786 Secunda
1975 731 2125 788 Jovis

545 819 791 876 Pliaeton
859 838 889 876 a
939 821 1164 886 Graecis,
1227 822 1294 876 ab
1347 820 1621 893 [Egyptiis
1677 821 1910 878 Osiridis
1967 823 2124 878 stella

543 913 882 967 nominatur.
921 911 1102 968 Tertia
1123 922 1212 969 est
1246 913 1456 976 Martis,
1493 929 1615 983 quae
1653 911 1857 968 Gratcis
1893 921 1977 969 est
2010 914 2122 965 Πυ-

545 1005 710 1076 ρόεις,
743 1002 1014 1075 Egyptiis
1064 1005 1317 1060 Herculis
1364 1006 1544 1060 stella.
1597 1005 1803 1071 Quarta
1842 1003 2119 1059 Mercurii.

541 1096 891 1152 Concedatur
919 1099 1064 1152 enim
1113 1098 1216 1152 hoc
1249 1100 1303 1152 in
1338 1114 1601 1166 praesens,
1647 1115 1764 1154 eam
1803 1114 1926 1154 esse
1957 1114 2122 1168 quar-

541 1196 674 1243 tam.
709 1187 843 1243 Nam
877 1190 944 1244 de
982 1190 1254 1245 sideribus
1302 1190 1447 1254 istis,
1488 1191 1780 1254 Mercurio,
1818 1189 2029 1245 Venere
2058 1205 2122 1244 ac

541 1280 659 1336 sole
723 1296 836 1335 non
871 1283 1041 1336 levem
1104 1298 1228 1340 esse
1277 1283 1704 1338 controversiam
1755 1283 2118 1338 ostendimus.

539 1371 710 1444 Igitur
768 1373 1020 1428 Mercurii
1079 1375 1234 1430 stella
1278 1372 1480 1430 Grazcis
1541 1374 1800 1436 Στίλϐων,
1846 1373 2118 1446 .IEgyptiis

539 1465 805 1534 Apollinis
830 1467 986 1520 stella
1017 1465 1240 1521 dicitur.
1275 1467 1478 1532 Quinta
1510 1474 1594 1520 est
1620 1463 1871 1528 Veneris,
1912 1464 2116 1520 Graecis

535 1552 777 1609 Lucifer.
833 1553 1050 1611 Primus
1104 1556 1298 1627 Ibycus
1350 1555 1405 1608 in
1466 1571 1631 1608 unum
1699 1555 2116 1624 appellationem

536 1647 830 1700 contraxit.
872 1647 1110 1712 Quartus
1157 1655 1243 1702 est
1283 1647 1364 1702 sol
1409 1645 1704 1717 ngyptiis.
1753 1661 1914 1714 quem
1944 1644 2115 1700 Graeci

535 1746 748 1793 sextum
795 1751 1106 1795 numerant.
1160 1739 1404 1810 Septima
1447 1747 1532 1795 est
1579 1740 1728 1802 luna.
1764 1739 1959 1795 Musici
1987 1755 2114 1794 vero

533 1831 816 1908 zodiacum
861 1833 1152 1896 circulum,
1196 1840 1256 1886 ut
1305 1833 1362 1887 in
1418 1831 1724 1896 harmonia,
1778 1830 1990 1901 lingunt
2026 1846 2116 1884 ra-

2244 635 2403 690 Ἀλλὰ
2425 635 2794 706 παρ”Ἐλλησι
2814 634 2910 706 μὲν
2931 633 3142 688 κατὰτὸ
3157 634 3416 704 εὔφημον
3426 635 3633 703 λέγεται
3645 637 3772 706 οὕτω,

2231 727 2381 798 παρὰ
2413 727 2471 781 δὲ
2522 728 2841 797 Αἰγυπτίοις
2895 727 3186 798 Νεμέσεως
3242 728 3450 797 ἀστήρ.
3493 728 3773 802 Δεύτεροςό

2229 819 2350 882 Διὸς
2363 818 2486 872 καθ’
2507 818 2775 890 Ἕλληνας
2795 818 3009 873 Φαέθων
3028 833 3044 849 ’
3073 817 3219 872 κατὰ
3239 818 3301 873 δὲ
3325 819 3645 888 Αἰγυπτίους
3669 824 3772 878 Ὀσί-

2231 911 2374 982 ριδος
2391 912 2587 984 ἀστήρ.
2619 911 2812 984 Τρίτος
2837 913 2865 964 6
2893 910 2987 965 τοῦ
3017 912 3231 984 Ἀρεως
3265 912 3424 982 παρά
3451 911 3552 982 μέν
3585 913 3768 986 Ἕλλησι

2230 1006 2492 1076 Πυρόειςο
2545 1005 2696 1079 παρὰ
2746 1006 2804 1059 δέ
2851 1006 3169 1074 Αἰγυπτίοις
3230 1005 3570 1076 Ἡρακλέους
3610 1009 3765 1082 ἀστήρ.

2227 1096 2496 1170 Τέταρτος
2531 1101 2558 1153 6
2590 1097 2682 1152 τοῦ
2721 1099 2955 1170 Ἐρμοῦο
2986 1099 3220 1152 δεδόσθω
3271 1098 3388 1170 γὰρ
3433 1099 3530 1152 νῦν
3556 1101 3766 1174 τέταρτον

2225 1191 2388 1244 αὑτὸν
2421 1189 2581 1246 εἶναι.
2617 1192 2843 1264 Εἴρηται
2886 1191 3016 1262 γὰρ,
3063 1194 3146 1246 ὅτι
3176 1185 3458 1261 διαφωνία
3495 1194 3649 1267 πολλὴ
3670 1201 3766 1268 περὶ

2224 1281 2331 1335 τῶν
2358 1283 2604 1354 ἀστέρων
2646 1283 2850 1337 τούτων
2867 1285 3034 1347 ἐστὶν,
3073 1283 3304 1356 Ἑρμοῦ,
3332 1284 3431 1337 καὶ
3473 1285 3762 1360 Ἀφροδίτης,

2225 1372 2318 1426 καὶ
2369 1373 2541 1444 ἡλίου.
2589 1375 2646 1427 Ὀ
2690 1375 2869 1428 τοίνυν
2908 1375 3112 1447 Ἑρμοῦ
3154 1375 3341 1448 ἀστὴρ
3370 1376 3609 1431 καλεῖται
3649 1383 3764 1451 παρὰ

2226 1465 2322 1533 μὲν
2354 1465 2580 1536 Ἕλλησι
2611 1467 2871 1531 Στίλϐων,
2909 1467 3062 1539 παρὰ
3090 1467 3149 1521 δὲ
3177 1468 3511 1537 Αἰγυπτίοις
3549 1470 3766 1527 Ἀπόλλω-

2195 1573 2310 1619 ⁵νος
2348 1558 2541 1630 ἀστήρ.
2598 1558 2854 1630 Πέμπτος
2896 1562 2925 1612 ὁ
2974 1561 3074 1629 τῆς
3131 1560 3467 1631 Ἀφροδίτης
3511 1564 3646 1635 παρά
3691 1569 3764 1636 μὲν

2219 1645 2478 1720 Ἕλλησιν
2529 1649 2876 1721 ,Ἑωσφόροᾳ
2935 1649 3162 1723 Πρῶτος
3219 1651 3282 1706 δέ
3332 1652 3550 1718 Ἴϐυκος
3589 1656 3659 1720 είς
3694 1659 3764 1732 Evt:

2223 1742 2526 1796 συνέστειλε
2563 1742 2662 1806 τὰς
2716 1746 3110 1816 προσηγορίας.
3168 1745 3455 1816 Τέταρτος
3505 1748 3560 1801 δέ
3594 1751 3620 1802 6
3647 1751 3763 1820 ἥλιος

2221 1834 2338 1884 κατ’
2373 1833 2723 1901 Αἰγυπτίους,
2760 1832 2916 1896 ἕκτος
2946 1834 3003 1888 δὲ
3044 1833 3166 1887 καθ’
3201 1835 3502 1906 Ἕλληνας.
3543 1837 3763 1910 Ἕϐδομος

529 1904 739 1976 tionem
787 1922 989 1978 habere
1048 1923 1314 1994 phthongi
1365 1923 1686 1978 cliromatici
1733 1899 1950 1992 generis
2001 1923 2106 1978 dis-

2216 1921 2272 1976 δὲ
2326 1927 2354 1978 6
2401 1899 2499 1996 τῆς
2546 1925 2795 1997 σελήνης.
2836 1929 2898 1980 Οἱ
2937 1927 2994 1980 δὲ
3032 1929 3291 1997 μουσικοὶ
3333 1899 3662 1984 ὐῶίθενται

527 2013 727 2085 juncti,
762 2011 986 2068 Saturni
1031 2015 1243 2070 stellam
1292 2015 1562 2070 rationem
1611 2015 1860 2070 obtinere
1889 2015 2110 2072 harmo-

509 2092 669 2161 ‘nica:
707 2106 1062 2176 disjunctam,
1091 2105 1212 2162 Jori
1245 2107 1494 2163 ordinem
1522 2107 1772 2163 tribuunt
1800 2109 1856 2162 in
1882 2108 2111 2164 musicis

528 2199 814 2270 phtbongi,
841 2213 1002 2271 quem
1031 2198 1314 2253 diatonum
1339 2198 1672 2267 disjunctum
1697 2205 1918 2260 vocant,
1953 2197 2110 2252 Marti

527 2305 680 2354 vero,
712 2290 853 2361 ejus,
885 2305 1045 2360 quem
1079 2304 1405 2362 paramesen
1435 2288 1739 2344 nominant.
1770 2287 1862 2343 Sic
1897 2286 2111 2342 Mercu-

525 2381 642 2437 rius
693 2383 751 2436 in
798 2382 990 2438 eadem
1045 2383 1255 2437 musica
1303 2381 1640 2452 phthongum
1686 2381 1789 2435 sibi
1846 2378 2106 2442 vindicat,

526 2476 620 2545 qui
679 2491 858 2530 meses
909 2485 1156 2531 vocatur.
1207 2473 1341 2528 Nam
1379 2473 1604 2529 Veneris
1664 2473 1820 2528 stella
1868 2471 2104 2526 medium

524 2568 787 2622 diatonon
820 2575 986 2623 tenet.
1031 2566 1125 2623 Sol
1170 2568 1276 2623 nisi
1307 2574 1538 2638 quartus
1576 2572 1699 2631 est,
1734 2566 1830 2620 sed
1876 2571 2103 2631 sextus;

523 2661 688 2716 medii
730 2661 934 2714 lichani
988 2663 1164 2716 instar
1202 2661 1326 2718 erit.
1360 2658 1535 2723 Luna,
1570 2675 1693 2730 quae
1736 2656 1967 2727 septima
1995 2663 2100 2720 est,

523 2752 787 2822 phthongi
817 2752 962 2806 illius
989 2751 1239 2806 ordinem
1274 2758 1440 2815 tenet,
1471 2750 1563 2822 qui
1609 2757 1692 2805 est
1735 2750 1960 2820 hypates
1991 2762 2108 2801 me-

523 2845 646 2900 diae.
674 2844 1049 2908 Intervallum,
1081 2843 1229 2914 quod
1277 2843 1346 2896 ad
1386 2857 1562 2912 usque
1612 2841 1798 2895 lunam
1845 2839 2104 2910 pertinet,

520 2939 743 3009 quidam
785 2940 1090 2993 attribuunt
1135 2936 1186 2992 ei
1220 2935 1520 3007 phthongo,
1565 2949 1726 3004 quem
1775 2932 1831 2986 in
1879 2928 2106 2984 musicis

520 3030 760 3102 hypaton
789 3031 1074 3086 diatonum
1103 3029 1399 3100 appellant.

2219 2016 2479 2080 ζωδιακὸν
2513 2015 2708 2071 κύκλον
2739 2017 2813 2081 ὡς
2848 2021 2905 2072 ἐν
2936 2019 3173 2091 ἁρμονίᾳ
3201 2020 3364 2087 τάξιν
3393 2021 3534 2093 ἔχειν
3567 2024 3758 2093 φθόγγου

2216 2105 2310 2160 τοῦ
2344 2108 2442 2179 τῆς
2470 2109 2827 2181 χρωματικῆς
2863 2110 3245 2183 διεζευγμένου
3265 2128 3281 2144 ⁸
3319 2114 3416 2168 τὸν
3461 2116 3518 2169 δέ
3545 2117 3628 2170 τοῦ
3654 2119 3758 2189 Κρό-

2215 2216 2306 2251 νου
2332 2200 2549 2270 ἐπέχειν
2573 2201 2729 2270 λόγον
2765 2203 2862 2272 τῆς
2899 2205 3221 2274 ἐναρμονίου
3266 2205 3360 2259 τὸν
3408 2204 3753 2278 διεζευγμένον

2214 2292 2242 2344 6
2283 2291 2340 2344 δέ
2392 2291 2486 2346 τοῦ
2533 2291 2654 2356 Διὸς
2712 2291 2866 2357 τάξιν
2906 2294 3050 2365 ἔχειν
3099 2297 3145 2328 ⁸³
3174 2299 3234 2350 ἐν
3267 2301 3504 2369 μουσικῇ
3563 2299 3749 2369 φθόγγου

2212 2383 2306 2435 τοῦ
2362 2383 2696 2454 καλουμένου
2746 2385 2988 2439 διατόνου
3039 2387 3458 2460 διεζευγμένου.
3524 2391 3578 2444 Ὁ
3609 2391 3749 2444 δὲτοῦ

2215 2477 2426 2547 ’Ἄρεως
2467 2477 2620 2542 τάξιν
2659 2476 2770 2548 ἔχει
2820 2479 3056 2549 φθόγγου
3099 2480 3193 2533 τοῦ
3244 2481 3575 2553 καλουμένου
3615 2502 3748 2553 παρι-

2215 2570 2398 2640 μέσου.
2445 2570 2502 2623 Ὀ
2526 2571 2580 2624 δέ
2618 2571 2712 2624 τοῦ
2746 2571 2945 2643 Ἐρμοῦ
2978 2573 3131 2640 τάξιν
3154 2573 3348 2645 ἐπέχει
3376 2573 3602 2644 φθόγγου
3636 2579 3747 2646 παρὰ

2213 2660 2492 2726 μουσικοῖς
2534 2659 2632 2729 τῆς
2670 2659 2864 2730 μέσης.
2929 2661 2986 2713 Ὀ
3029 2661 3086 2715 δὲ
3131 2663 3234 2734 τῆς
3288 2665 3596 2736 Ἀφροδίτης
3632 2666 3744 2730 τάξιν

2213 2747 2325 2818 ἔχει
2359 2747 2598 2817 φθόγγου
2640 2749 2932 2822 λεγομένου
2957 2752 3122 2823 μέσου
3145 2756 3419 2811 διατόνου.
3458 2757 3512 2810 Ὁ
3537 2757 3587 2809 δέ
3615 2757 3743 2826 ἥλιξ,

2212 2840 2307 2893 ἐὰν
2343 2839 2418 2912 μὴ
2441 2840 2720 2912 τέταρτος,
2747 2842 2884 2896 ἀλλὰ
2928 2844 3087 2909 ἕκτος
3117 2847 3273 2918 δοθῇ,
3312 2848 3464 2901 ἔσται
3514 2848 3648 2912 τάξιν
3672 2852 3744 2902 έπ-

2210 2929 2349 3000 έχων
2375 2931 2539 3003 μέσου
2563 2931 2805 3004 λιχανοῦ.
2843 2936 2908 2988 Ἡ
2927 2936 2983 2991 δέ
3007 2938 3228 3010 σελήνη,
3257 2940 3461 3012 ἑϐδόμη
3475 2936 3743 3004 οὖσα,τὰξι·ι

2210 3019 2397 3090 ἐπέχει
2438 3019 2678 3091 φθόγγου
2736 3023 2831 3079 τοῦ
2865 3025 3156 3097 λεγομένου
3201 3029 3420 3100 ὑπάτης
3472 3030 3639 3101 μέσης.
3688 3031 3742 3082 Ti

519 3122 575 3175 δέ
600 3122 706 3175 67:6
757 3123 860 3192 γῆς
900 3122 1177 3192 διάστημα
1234 3120 1398 3192 μέχρι
1457 3120 1556 3190 τῆς
1617 3119 1862 3190 σελήνης,
1899 3114 2144 3169 θέλουσιν
2184 3105 2324 3164 εἷναί
2375 3129 2522 3191 τινες
2565 3115 2673 3169 67:6
2699 3116 2938 3188 φθόγγου
2987 3117 3082 3171 τοῦ
3132 3119 3288 3192 παρὰ
3345 3123 3458 3185 τοῖς
3507 3124 3734 3192 μουσικοῦ,

522 3218 742 3274 ὑπάτων
769 3218 798 3272 6
805 3218 1032 3272 ιατόνου.

518 3331 626 3402 81
674 3329 749 3383 De
781 3347 838 3402 eo
864 3346 1022 3402 anno,
1059 3330 1148 3402 qui
1177 3346 1395 3398 magnus
1427 3329 1646 3402 dicitur,
1688 3337 1735 3381 et
1783 3334 1906 3396 quot
1947 3323 2097 3378 annis

2211 3316 2302 3384 Τίς
2335 3320 2768 3402 όικαλούέιενος
2795 3322 3444 3402 μέγας-ἐνιαυτὸς,φώ
3478 3323 3738 3402 biﬁdae;

715 3401 992 3469 cujuslibet
1021 3399 1355 3469 planetarum
1391 3399 1645 3453 revolutio
1683 3405 1906 3451 constet.

593 3577 680 3632 18.
701 3577 913 3633 llursus
936 3579 1109 3649 prima
1124 3579 1367 3633 omnium
1391 3577 1612 3633 Saturni
1636 3580 1790 3634 stella
1819 3581 1884 3634 ab
1901 3596 2010 3636 uno
2027 3580 2104 3635 si-

518 3685 628 3742 gno
657 3669 723 3724 ad
759 3671 924 3734 idem,
957 3681 1015 3724 ut
1047 3672 1229 3726 minus
1265 3681 1519 3727 accurate
1545 3671 1747 3736 dicam,
1779 3680 1833 3727 et
1878 3672 2099 3740 plalice,
2136 3709 2150 3718 -

519 3762 576 3816 in
608 3761 765 3816 annis
799 3761 1026 3830 triginta
1051 3760 1376 3826 revertitur;
1405 3761 1472 3816 ab
1509 3761 1699 3816 eodem
1733 3775 1860 3816 vero
1895 3769 2102 3830 puncto

520 3855 588 3908 ad
637 3855 779 3908 idem
828 3861 1110 3922 punctum,
1152 3854 1206 3906 in
1251 3853 1408 3907 annis
1446 3852 1676 3909 550635.
1716 3854 1893 3924 Atque
1925 3855 1973 3909 is
2017 3861 2104 3910 est

523 3947 617 4015 qui
653 3961 881 4015 magnus
916 3961 1091 4000 annus
1132 3946 1455 4015 appellatur.
1492 3943 1641 4000 Jovis
1674 3947 1830 4002 stella
1861 3947 2100 4004 secunda

521 4037 630 4092 situ
661 4037 728 4091 ad
759 4037 899 4091 idem
931 4038 1145 4107 signum
1173 4038 1369 4106 plalice
1401 4038 1457 4091 in
1490 4038 1648 4092 annis
1673 4037 1739 4091 12
1763 4040 2098 4108 regreditur;

523 4127 591 4182 ad
643 4128 786 4184 idem
840 4138 1100 4198 punctum
1150 4130 1205 4183 in
1248 4130 1408 4184 annis
1445 4128 1677 4185 170620.
1723 4130 1910 4187 Martis
1941 4133 2100 4188 stella

517 4222 813 4276 circuitum
842 4223 1076 4277 absolvit
1113 4239 1143 4277 a
1174 4223 1330 4293 signo
1354 4223 1421 4279 ad
1446 4223 1660 4294 signum
1694 4225 1910 4280 rediens
1940 4226 2099 4280 annis

515 4312 765 4380 duobus;
805 4313 872 4368 ad
899 4314 1038 4369 idem
1062 4331 1194 4371 vero
1217 4323 1482 4386 punctum
1507 4317 1668 4372 annis
1691 4315 1919 4372 l20000.
1944 4315 2099 4373 Luna

516 4405 760 4474 quolibet
794 4421 983 4461 mense
1029 4421 1060 4460 a
1108 4408 1265 4476 signo
1295 4408 1364 4462 ad
1395 4408 1536 4463 idem
1595 4409 1814 4480 signum
1871 4409 2100 4464 reverti-

517 4507 640 4563 tur;
671 4498 754 4553 sol
784 4513 911 4552 vero
940 4498 1134 4555 diebus
1179 4499 1286 4554 365
1328 4509 1381 4554 et
1419 4501 1630 4556 minuto
1663 4520 1677 4556 :
1709 4501 1856 4572 quod
1886 4509 2098 4571 tempus

517 4589 716 4667 solaris
765 4591 1070 4661 appellatur
1119 4607 1319 4648 annus.
1373 4593 1637 4648 Similiter
1677 4601 1734 4649 et
1772 4593 2002 4651 Veneris
2035 4611 2098 4650 ac

2275 3389 2519 3456 χρόνοις
2581 3389 2841 3458 ἕκαστος
2882 3389 2892 3392 ⁷
2931 3392 3049 3446 τῶν
3127 3394 3457 3460 πλανήτων
3523 3395 3731 3448 ἀποκαθ-

2276 3460 2533 3513 (σταται.

2275 3581 2366 3645 ιη’.
2401 3573 2570 3628 Πάλιν
2607 3576 2634 3628 6
2667 3573 2901 3645 πρῶτος,
2931 3577 2960 3628 6
2986 3571 3082 3628 τοῦ
3111 3577 3325 3649 Κρονου
3347 3577 3534 3646 αστὴρ,
3582 3579 3723 3644 παρα·

2207 3665 2420 3733 γίνεται
2466 3664 2573 3718 ἀπὸ
2619 3663 2812 3729 ζωδίου
2850 3664 2942 3717 ἐπὶ
2973 3664 3160 3727 ζώδιον
3190 3665 3523 3738 παχυμερῶς
3551 3663 3634 3734 μὲν
3659 3661 3730 3712 καὶ

2211 3757 2524 3820 πλατυκῶς,
2546 3755 2689 3809 ἔτεσι
2717 3756 3030 3826 τριάκοντα,
3064 3757 3172 3811 67:6
3205 3757 3264 3812 δέ
3301 3757 3519 3828 σημείου
3539 3752 3730 3808 ἀποκαον

2214 3849 2424 3902 ίσταται
2452 3849 2510 3900 ἐν
2549 3845 2682 3900 ἐτῶν
2728 3847 2953 3917 μυριάσι
3008 3848 3466 3918 τριακονταπέντε
3490 3845 3574 3900 καὶ
3595 3844 3730 3896 ἔτεσιν

2203 3942 2505 4008 ἑξακοσίοις
2542 3939 3023 4011 τριακονταπέντε.
3061 3933 3231 4004 Οὗτος
3265 3941 3324 3994 δέ
3356 3941 3497 3992 ἐστιν
3525 3938 3552 3989 6
3575 3931 3706 3990 καλοὺ

2204 4052 2362 4107 μενος
2391 4034 2565 4106 μέγας
2593 4031 2854 4095 ἐνιαυτός.
2897 4032 2956 4084 '0
2986 4031 3042 4084 δὲ
3072 4031 3164 4102 τρῢ
3195 4032 3318 4096 Διὸς
3349 4031 3515 4101 ἀστὴρ
3539 4030 3564 4081 6
3587 4025 3727 4080 δεύτε-

2206 4145 2298 4200 ρος
2345 4125 2706 4197 παραγίνεται
2755 4121 2862 4175 ἀπὸ
2903 4122 3093 4185 ξωδίου
3131 4121 3225 4174 ἐπὶ
3270 4121 3456 4186 ζώδιον
3494 4113 3724 4175 πλατυκῶς

2200 4219 2296 4273 καὶ
2321 4215 2654 4288 παχυμερῶς
2675 4213 2848 4268 ἐτεσιν
2875 4213 2960 4283 ιβ’⁶
2978 4213 3084 4267 67:6
3105 4213 3162 4266 6.-’:
3185 4214 3412 4284 σημείου
3440 4212 3524 4264 ἐπὶ
3550 4206 3724 4277 σημεῖον

2199 4310 2628 4366 ἀποκαθίσταται
2662 4310 2720 4360 ἐν
2753 4307 3010 4379 μυριάσιν
3035 4306 3172 4360 ἐτῶν
3200 4307 3265 4371 ιζ’
3297 4305 3390 4359 καὶ
3413 4304 3543 4357 ἔτεσι
3567 4306 3652 4372 χκ¹.
3680 4297 3722 4348 '0

2199 4404 2256 4458 δὲ
2285 4403 2376 4456 τοῦ
2418 4403 2612 4474 Ἀρεος
2645 4401 2993 4472 περιέρχεται
3024 4398 3131 4451 67:6
3153 4397 3346 4461 ζωδίου
3380 4397 3467 4451 ἐπὶ
3493 4393 3652 4460 ζώδιον
3671 4386 3720 4440 δι’

2201 4493 2337 4550 ἐτῶν
2381 4493 2494 4558 δύο,
2526 4493 2620 4547 καὶ
2665 4491 2774 4544 67:6
2807 4490 3033 4561 σημείου
3066 4491 3157 4543 ἐπὶ
3181 4495 3404 4564 σημεῖον
3433 4490 3489 4542 ἐν
3515 4481 3719 4558 μυριάσιν

2203 4587 2339 4640 ἐτῶν
2376 4584 2462 4654 ιβ’.
2505 4584 2562 4636 ὐ
2600 4582 2655 4635 δὲ
2695 4585 2791 4654 τῆς
2853 4581 3170 4650 Ἀφροδίτης
3193 4581 3237 4614 ³⁸
3289 4581 3610 4653 περιέρχεται
3639 4569 3717 4625 ἀπὺ

517 4665 771 4744 Mercurii
813 4684 1006 4749 stellae,
1043 4683 1227 4740 itidem
1260 4694 1318 4738 ut
1359 4686 1463 4748 sol.
1494 4686 1562 4741 ad
1596 4686 1652 4740 id
1682 4688 1920 4757 signum,
1953 4689 2096 4745 unde

2211 4679 2388 4744 ξωδίου
2423 4677 2515 4730 ἐπὶ
2551 4675 2739 4740 ζὼδιον
2771 4673 2912 4726 κατὰ
2954 4673 3099 4743 μῆνα
3128 4675 3417 4729 ἓκαστον’ὀ
3441 4673 3493 4725 δὲ
3519 4670 3642 4740 ἥλιος
3673 4663 3715 4712 ἐν

515 4770 776 4842 prolectat
826 4783 973 4840 sunt,
1015 4789 1198 4829 annuo
1249 4776 1537 4832 intervallo
1592 4777 2093 4846 referuntur;nam

514 4875 655 4932 pene
683 4862 872 4917 eadem
905 4863 1188 4919 celeritate
1218 4865 1530 4936 rapiuntur.
1560 4867 1643 4924 0h
1672 4870 1726 4924 id
1763 4871 1830 4926 de
1877 4871 2096 4926 illarum

517 4953 625 5008 situ
657 4956 1033 5011 controversia
1054 4957 1322 5014 nascitur.
1352 4959 1556 5015 Horum
1593 4962 1914 5033 spatiorum,
1948 4965 2098 5018 velut

518 5040 920 5114 phtbongorum
953 5046 1022 5100 ab
1053 5047 1256 5102 inlimis
1301 5049 1436 5104 locis
1466 5051 1535 5105 ad
1583 5051 1868 5108 zodiacum
1899 5070 2092 5125 usque,

515 5134 862 5190 intervallum
911 5137 1181 5206 ejusmodi
1220 5150 1303 5196 est
1340 5145 1486 5213 quod
1533 5160 1564 5198 a
1600 5147 1829 5203 musicis
1868 5157 2092 5203 vocatur

512 5226 798 5298 diapason.
899 5276 901 5278 .

587 5492 656 5544 At
705 5494 966 5561 Chaldaei,
997 5502 1306 5556 mortalium
1343 5507 1587 5562 omnium
1637 5508 1798 5581 longe
1827 5511 2093 5568 curiosis‘

515 5589 660 5654 simi,
687 5591 807 5646 ausi
837 5601 1204 5652 suntcursum
1236 5598 1368 5654 solis
1391 5607 1557 5672 atque
1575 5601 1738 5660 horas
1755 5604 2086 5664 describere.

516 5675 727 5736 Etenim
760 5680 949 5737 horam
979 5685 1150 5751 illam,
1170 5701 1276 5758 qua
1301 5687 1356 5741 in
1385 5689 1730 5760 aequinoctiis
1751 5693 2084 5750 constitutus

583 5861 627 5900 η
654 5860 696 5932 γ’9
744 5861 876 5932 εχει,
953 5862 998 5896 ’⁸
1027 5863 1067 5931 Ῑ.
1098 5862 1341 5938 σελήνης·

2198 4771 2304 4836 τξε⁹
2333 4769 2568 4841 ἡμέραις
2611 4767 2705 4820 καὶ
2747 4765 2949 4835 λεπτῷ·
2983 4763 3041 4828 ὃς
3071 4765 3134 4837 δὴ
3174 4767 3364 4838 χρόνος
3392 4764 3606 4819 καλεῖται
3635 4756 3712 4806 ἐνι-

2199 4863 2362 4925 αυτὸς
2386 4859 2630 4932 ἡλιακὸς.
2679 4857 2909 4930 Ὁμοίως
2941 4857 2999 4910 δὲ
3032 4859 3172 4911 καὶὸ
3202 4859 3299 4930 τῆς
3338 4853 3620 4926 Ἀφροδίτης
3643 4844 3711 4897 καὶ

2196 4955 2292 5024 τοῦ
2329 4951 2533 5026 Ἐρμοῦ
2564 4952 2660 5005 σὺν
2689 4951 2764 5022 τῷ
2793 4950 2927 5022 ἡλίῳ
2960 4951 3027 5003 δι’
3055 4950 3302 5005 ἐνιαυτοῦ
3330 4948 3432 5003 67:6
3463 4942 3624 5010 ζωδίου
3641 4934 3710 4987 ἐπὶ

2199 5049 2388 5115 ζώδιον
2422 5045 2845 5118 παραγίνονται·
2878 5045 3062 5115 σχεδὸν
3087 5045 3194 5119 γὰρ
3226 5043 3482 5113 ἰσοταχεῖς
3516 5037 3618 5087 εισι.
3640 5026 3707 5079 Διὸ

2197 5143 2294 5196 καὶ
2324 5141 2588 5210 διάφωνος
2608 5138 2782 5193 αὐτῶν
2819 5141 2852 5208 ἡ
2888 5138 3058 5204 τάξις.
3092 5138 3307 5190 Τούτων
3335 5136 3394 5206 δὴ
3419 5131 3513 5186 τῶν
3533 5127 3704 5210 διαστηο

2201 5233 2386 5304 μάτων
2417 5231 2526 5284 τῶν
2554 5230 2804 5299 φθόγγων
2833 5229 2942 5282 ἀπὸ
2974 5229 3083 5283 τῶν
3124 5229 3411 5282 κατωτάτω
3436 5221 3592 5276 τόπων
3627 5208 3702 5279 μέο

2196 5345 2290 5398 χρι
2330 5324 2424 5380 τοῦ
2472 5323 2734 5388 ζωδιακοῦ
2768 5323 2974 5391 γίνεται
3020 5321 3294 5392 διάστημα
3328 5310 3604 5388 συμφωνίας
3629 5303 3700 5367 τῆς

2196 5419 2351 5490 παρὰ
2387 5420 2500 5481 τοῖς
2529 5417 2804 5488 μουσικοῖς
2829 5415 3128 5486 λεγομένης
3165 5410 3452 5468 διαπασῶν.

2257 5511 2524 5564 ’Χαλδαῖοι
2567 5509 2642 5576 δὲ,
2677 5508 3087 5579 περιεργότατοι
3131 5507 3421 5577 γενόμενοι,
3456 5491 3621 5579 ἐτόλμη

2195 5603 2288 5656 τοῦ
2325 5602 2474 5673 ἡλίου
2507 5602 2596 5654 τδν
2627 5571 2823 5672 δρόμον
2840 5571 2940 5653 ’καὶ
2971 5597 3068 5662 τὰς
3097 5571 3243 5670 ὥρας
3263 5571 3698 5673 ’διορίσασθαιζτὴν

2195 5693 2302 5765 γὰρ
2346 5666 2403 5748 ἐν
2448 5695 2568 5757 ταῖς
2611 5666 2918 5763 ἰσημερίαις
2965 5690 3113 5763 ὥραν
3148 5666 3563 5754 ἀὑτοὶ-καθ’ἥν
3598 5666 3696 5722 [Μ

3628 5495 3696 5533 σειν
