3928 6266
113 483 116 485 Α
163 437 325 505 9,57
971 438 1289 508 AClllLLlS
1317 438 1505 494 TATII
1546 435 1845 494 lSAGOGE

1882 436 1975 492 AD
2009 434 2222 492 AﬁATl
2259 433 2729 492 ΡΗᾹΞΝΟΜΕΝΑ.
3362 431 3457 486 158

165 553 281 606 δὶέ
294 571 486 625 ρχεται
515 555 607 608 τὸν
633 555 812 622 πόλον,
845 559 922 622 είς
944 557 987 609 λ’
1019 558 1178 628 ὅρους
1209 559 1537 629 μερίζουσιν·
1565 557 1704 610 ὥστε
1735 556 1791 609 τὸ

1899 557 2082 626 polum
2115 571 2180 612 ex
2211 571 2369 627 aquo
2395 555 2730 612 transeundo
2762 553 2976 619 dividit,
3006 552 3062 607 in
3081 552 3319 607 t'ricenos
3350 561 3460 606 ter-
3528 573 3532 578 -

167 641 233 696 λ’
284 645 462 716 μέρος
494 645 596 715 τῆς
625 645 795 718 ὥρας,
820 646 920 715 τῆς
949 649 1007 699 ἐν
1031 650 1096 718 τῇ
1127 644 1410 720 ίσημερινῇ
1437 648 1640 719 ἡμέρᾳ,
1668 647 1792 717 ὅρον

163 733 471 804 λέγεσθαι
526 738 622 790 τοῦ
666 736 864 808 δρόμου
914 736 1010 791 τοῦ
1059 738 1230 808 ἡλίου.
1277 739 1505 808 Λέγουσι
1536 738 1593 790 δὲ
1632 737 1792 792 πάλιν

173 827 408 899 ἀνδρὸς
457 829 703 896 πορείαν,
743 829 878 900 μήτε
918 829 1201 900 τρέχοντος
1256 831 1392 901 μήτε
1427 829 1610 901 ἡρέμα
1645 828 1788 898 βαδί-

172 916 420 982 ζοντος,
440 919 577 991 μήτε
612 918 864 989 γέροντος
899 921 1033 992 μήτε
1063 921 1274 984 παιδὸς,
1291 919 1388 992 τὴν
1410 920 1632 992 πορείαν
1655 915 1790 972 εἶναι

172 1008 309 1061 τοῦ
343 1009 520 1079 ἡλίου,
554 1010 645 1062 καὶ
674 1010 716 1061 λ’
751 1009 977 1063 σταδίων
1000 1010 1256 1082 καθαρῶν
1281 1007 1444 1065 εἶναι.

287 1100 512 1172 Ἐπειδὴ
541 1100 596 1153 δὲ
628 1100 852 1172 εἴπομεν
875 1101 1380 1175 καθυποόεὸηκέναι
1406 1104 1531 1166 τοὺς
1559 1102 1792 1173 ἀστέρας

171 1193 336 1255 τοὺς
386 1193 664 1264 πλάνητας
700 1193 806 1248 τῶν
849 1195 1053 1259 ἐπάνω,
1080 1197 1174 1248 καὶ
1201 1195 1298 1266 τὴν
1330 1196 1589 1249 ἀνωτάτω
1617 1195 1790 1264 ζώνην

172 1284 356 1354 ἔχειν
403 1284 497 1338 τὸν
551 1285 644 1338 τοῦ
691 1287 920 1357 Κρόνου,
952 1289 1051 1358 τὴν
1089 1289 1146 1342 δὲ
1194 1289 1332 1360 μετὰ
1362 1288 1564 1360 ταύτην
1587 1289 1678 1340 τὸν
1700 1286 1790 1340 τοῦ

171 1378 352 1443 Διὸς,
387 1379 489 1451 τὴν
521 1378 576 1431 δὲ
606 1381 792 1451 τρίτην
818 1381 907 1434 τὸν
930 1380 1024 1434 τοῦ
1057 1382 1271 1453 Ἀρεος,
1297 1384 1391 1435 καὶ
1426 1380 1655 1452 καθεξῆς
1685 1381 1790 1434 τῶν

173 1468 387 1523 ἄλλων
406 1485 422 1500 ο
458 1469 588 1534 ἴσως
613 1471 678 1524 ἂν
711 1471 964 1544 ζητήσειέ
993 1489 1073 1536 τις
1097 1472 1212 1536 πῶς
1241 1491 1442 1546 φαμεν,
1467 1476 1514 1527 εί
1538 1473 1678 1527 οὕτω
1701 1473 1792 1524 τύ-

169 1576 315 1628 χοι,
347 1559 561 1631 Κρόνον
587 1561 680 1614 καὶ
710 1563 860 1631 ἣλιον
893 1566 950 1615 ὲν
981 1564 1136 1634 Κριῷ
1170 1561 1341 1618 εἶναι’
1366 1565 1399 1636 ἡ
1441 1565 1668 1635 σελήνην
1698 1565 1792 1618 καὶ

171 1648 308 1702 Δία
365 1652 424 1704 ἐν
475 1651 698 1723 Ταύρῳο
728 1653 759 1724 ἢ
791 1654 983 1717 ἄλλους
1039 1656 1192 1718 τινάς
1226 1656 1459 1727 ἀστέρας
1493 1656 1788 1718 σύνοδονθτ,

171 1743 376 1796 ὁπότε
403 1745 478 1815 μή
517 1747 652 1800 εἰσιν
684 1749 742 1799 ὲν
772 1746 849 1817 τῷ
880 1747 1029 1818 αὐτῷ
1064 1748 1186 1818 ὕψει
1217 1751 1521 1819 φερόμενοι.
1559 1749 1789 1802 Λεκτέον

177 1833 279 1895 δὲ,
300 1834 388 1887 ὅτι
410 1835 502 1888 ὑπ’
519 1835 778 1907 ἀλλήλους
801 1837 953 1902 ὄντες
975 1839 1093 1892 τότε
1123 1839 1369 1902 συνόδους
1391 1839 1789 1902 ποιοῦσιν,ὂταν

1893 644 2074 704 minos
2097 645 2376 711 dividunt,
2401 645 2538 700 adeo
2557 653 2615 700 ut
2641 643 2917 699 tricesima
2934 657 3063 714 pars
3079 642 3248 707 hora,
3265 657 3386 712 qua
3405 641 3461 696 in

1893 736 2258 807 aquinoctiali
2287 737 2377 793 die
2409 735 2491 801 ﬁt,"
2512 738 2804 793 terminum
2832 735 3029 792 solaris
3052 749 3250 790 cursus
3281 733 3462 788 nomi-

1893 837 2044 885 neut.
2077 829 2346 886 Asserunt
2373 837 2637 899 praterea
2667 830 2770 885 iter
2806 828 2930 892 viri,
2962 828 3058 898 qui
3085 840 3264 895 neque
3293 839 3463 879 cursu

1895 922 2122 988 feratur,
2156 938 2332 993 neque
2377 923 2521 978 lente
2550 923 2850 992 gradiatur,
2878 935 3058 991 neque
3081 933 3245 974 senex
3271 917 3343 972 sit
3368 921 3463 970 aut

1893 1031 2051 1087 puer,
2091 1017 2225 1072 solis
2253 1015 2356 1071 iter
2381 1031 2524 1080 esse,
2546 1031 2610 1070 ac
2635 1015 2841 1069 tricena
2871 1027 2993 1069 esse
3013 1025 3162 1067 mera
3190 1007 3384 1065 stadia.

1930 1095 1939 1104 ’
1962 1102 2097 1158 Cum
2124 1112 2305 1158 autem
2335 1104 2582 1175 planetas
2604 1103 2904 1158 dixerimus
2927 1098 3303 1171 superioribus
3329 1096 3464 1152 stel-

1893 1193 1964 1249 lis
2021 1194 2297 1264 subjectos
2342 1211 2487 1259 esse,
2523 1212 2588 1252 ac
2626 1208 2939 1265 supremam
2976 1206 3167 1247 zonam
3215 1190 3464 1244 obtinere

1893 1283 2212 1352 Saturnum,
2257 1289 2561 1358 proximam
2611 1288 2680 1342 ab
2729 1301 2817 1351 eo,
2847 1284 3057 1349 Jovem,
3087 1281 3302 1337 tertiam
3338 1293 3465 1334 esse

1895 1377 2104 1445 Martis,
2156 1394 2219 1435 ac
2280 1379 2538 1449 deinceps
2594 1383 2841 1441 cateros,
2873 1383 3077 1446 quaret
3113 1372 3312 1442 aliquis
3344 1370 3460 1424 for-

1891 1478 2059 1537 tasse,
2092 1470 2365 1542 quomodo
2384 1471 2494 1526 dici
2519 1470 2710 1535 soleat,
2735 1467 3054 1530 Saturnum,
3081 1462 3313 1532 exempli
3341 1475 3462 1532 gra-

1890 1564 1985 1628 tia,
2014 1564 2100 1618 vel
2161 1565 2340 1620 solem
2400 1565 2458 1617 in
2498 1565 2684 1618 Ariete
2729 1561 2976 1626 versari;
3009 1567 3103 1613 aut
3140 1557 3345 1621 lunam,
3374 1553 3461 1610 vel

1889 1646 2076 1702 Jovem
2107 1648 2164 1703 in
2191 1647 2404 1716 Tauro;
2432 1649 2516 1703 vel
2542 1649 2680 1704 alias
2701 1645 2974 1703 stellasibi
2997 1645 3053 1698 in
3081 1641 3291 1714 synodo
3315 1653 3460 1705 esse,

1888 1758 2014 1798 cum
2064 1742 2123 1797 in
2162 1741 2353 1798 eadem
2405 1741 2692 1797 altitudine
2721 1757 2842 1797 esse
2889 1743 3181 1808 nequeant.
3211 1733 3352 1788 Huic
3388 1733 3462 1788 ita

1892 1833 2306 1904 respondemus,
2362 1848 2487 1888 cum
2536 1832 2641 1888 sibi
2685 1831 2917 1886 invicem
2957 1827 3204 1896 subjecta
3237 1829 3367 1879 sunt
3397 1837 3464 1876 ea

179 1917 356 1970 κατά
384 1917 612 1972 κάθετον
641 1921 882 1990 ἀλλήλων
938 1922 1220 1990 γένωνται.
1257 1923 1465 1977 Είδέναι
1493 1923 1548 1976 δὲ
1569 1922 1695 1994 χρὴ,
1719 1923 1791 1986 ὠς

1897 1925 2095 1990 sidera,
2123 1923 2391 1995 synodum
2421 1924 2600 1978 facere
2619 1939 2632 1988 ;
2650 1936 2775 1976 cum
2803 1917 3057 1974 videlicet
3072 1917 3278 1970 directe
3293 1926 3460 1967 unum

179 2010 243 2061 οἱ
270 2011 606 2082 ἀστρονόμοι
645 2012 847 2066 διδόασι
879 2011 1052 2077 ζώνας
1078 2013 1184 2068 τῶν
1218 2014 1504 2086 πλανήτων
1526 2014 1786 2085 ἀστέρων.

193 2102 270 2153 '0
332 2103 393 2154 δὲ
452 2102 674 2156 Πλάτων
732 2105 968 2176 σφαίρας
1017 2104 1154 2159 εἶναι
1182 2105 1328 2174 λέγει
1365 2107 1490 2178 μίαν
1524 2105 1628 2158 ὑπὸ
1663 2106 1792 2176 μίαν

183 2194 450 2265 ἑκάστῳ.
493 2197 548 2249 Ὁ
576 2197 632 2250 δὲ
665 2199 918 2269 Ἄρατος,
947 2197 1076 2268 περὶ
1108 2197 1215 2251 τῶν
1246 2199 1403 2252 πέντε
1433 2197 1608 2266 λέγειν
1654 2213 1792 2268 παρ-

1891 2017 2049 2074 alteri
2100 2016 2411 2087 subjicitur.
2443 2014 2746 2070 Sciendum
2793 2020 2978 2067 tamen
3007 2015 3092 2065 est
3117 2014 3464 2062 astronomOs

1891 2107 2128 2180 planetis
2158 2106 2398 2163 circulos
2431 2105 2732 2178 assignare,
2764 2103 3045 2158 Platonem
3065 2113 3195 2155 vero
3221 2096 3464 2167 spbaras

1889 2216 2014 2257 esse
2063 2208 2276 2272 putare,
2328 2214 2564 2271 quarum
2599 2197 2758 2252 alteri
2807 2197 2978 2251 altera
3035 2190 3319 2264 supposita
3367 2187 3460 2244 sit.

183 2287 598 2358 αιτησάμενος.
635 2291 773 2360 μετὰ
807 2290 906 2363 τὴν
950 2290 1059 2344 τῶν
1097 2291 1437 2360 φαινομένων
1471 2289 1632 2355 δεῖξιν
1664 2289 1791 2361 περὶ

1897 2293 2092 2351 Aratus
2141 2308 2305 2366 porro
2359 2307 2486 2350 cum
2532 2292 2601 2348 de
2653 2290 2897 2362 quinque
2945 2286 3182 2358 planetis
3223 2281 3464 2339 scribere

167 2379 363 2455 ﬁliai;
394 2381 488 2432 καὶ
522 2380 749 2452 σελήνης
775 2382 942 2451 λέγει.

263 2566 403 2620 Τῶν
449 2567 506 2620 δὲ
556 2568 799 2639 ἀστέρων
843 2570 894 2621 οἱ
933 2568 1034 2640 μὲν
1083 2568 1339 2632 ἀπλανεῖς
1378 2568 1676 2640 ὲναρήρασι
1712 2567 1790 2640 τῷ

183 2659 448 2731 οὐρανῷ,
483 2661 576 2714 καί
625 2663 762 2714 εἰσιν
818 2661 1064 2732 ἀκίνητοι
1125 2661 1263 2715 κατά
1303 2661 1396 2716 τὸν
1435 2661 1561 2714 ῐδιον
1598 2661 1784 2729 λόγον’

189 2754 718 2826 συμπεριφέρονται
752 2755 809 2808 δὲ
852 2758 916 2826 τῇ
956 2755 1101 2828 ῥύμῃ
1132 2754 1226 2809 τοῦ
1265 2754 1618 2826 ούρανοῦ,ὰεὶ
1652 2755 1790 2808 κατὰ

186 2846 270 2900 τὰ
331 2846 479 2900 αύτά
524 2846 618 2900 καὶ
660 2846 922 2910 ὡσαύτως
963 2847 1209 2912 δύνοντες
1255 2847 1348 2899 καὶ
1380 2845 1784 2909 ἀνατέλλοντες

188 2938 282 2992 διὸ
333 2939 434 2991 καὶ
495 2938 756 3002 ἀπλανεῖς
809 2939 1137 3010 ἐκλήθησαν.
1165 2937 1359 3016 ’Ἄλλοι
1382 2938 1439 2991 δέ
1483 2939 1619 2990 εἰσιν
1653 2936 1791 2990 ἐπτά

188 3032 443 3103 ἀστέρες
477 3031 772 3102 κατωτέρω
823 3031 915 3084 τοῦ
961 3031 1190 3104 ούρανοῦ
1237 3033 1293 3084 ὲν
1342 3029 1420 3101 τῷ
1463 3030 1669 3100 ἀέρι⁹⁸,
1697 3029 1792 3082 καὶ

195 3123 355 3186 ἰδίως
389 3124 484 3177 καὶ
526 3124 663 3193 μετά
705 3122 798 3176 τοῦ
836 3122 1063 3192 ούρανοῦ
1096 3122 1431 3194 κινούμενοι·
1468 3123 1662 3186 οἵτινες
1713 3120 1790 3192 τῷ

193 3215 347 3269 ίδίαν
406 3217 617 3285 κίνησιν
683 3214 846 3285 ἔχειν,
887 3217 979 3269 καὶ
1043 3217 1117 3289 μὴ
1166 3215 1530 3290 ἀρηρέναιτῷ
1554 3217 1787 3289 οὐρανῷ,
1819 3259 1859 3302 Γ

191 3309 323 3362 ἀλλ’
361 3310 420 3362 ἐν
450 3308 527 3380 τῷ
561 3308 734 3379 αἰθέρι
771 3308 1048 3380 φέρεσθαι,
1077 3307 1199 3362 οὔτε
1230 3308 1373 3363 κατά
1395 3310 1463 3362 τὰ
1495 3308 1632 3365 αὐτὰ
1668 3308 1789 3362 οὔτε
1819 3292 1860 3315 υ

189 3400 475 3464 ὡσαύτως
501 3401 847 3454 ἀνατέλλουσι
868 3421 880 3432 ·
908 3401 987 3454 διὸ
1017 3401 1154 3472 πρὸς
1186 3401 1472 3472 σύγκρισιν
1494 3401 1600 3455 τῶν
1621 3400 1795 3456 ἀπλα-

194 3491 313 3546 νῶν
346 3491 620 3563 πλάνητες
657 3492 925 3560 λέγονται.
959 3494 1022 3546 Οί
1050 3492 1109 3546 δὲ
1151 3493 1507 3565 Πυθαγόρειοι
1537 3494 1596 3546 ού
1635 3493 1792 3563 μόνον

191 3584 333 3647 τοὺς
385 3583 664 3656 πλάνητας
706 3585 842 3638 ἰδίαν
871 3585 1083 3655 κίνησιν
1127 3584 1270 3656 ἔχειν
1319 3587 1504 3655 φασὶν,
1527 3583 1662 3638 ἁλλά
1700 3585 1794 3638 καὶ

195 3678 332 3740 τοὺς
359 3660 671 3740 ’ἀπλανεῖςο
705 3677 848 3731 οὕτω
901 3677 1082 3748 μέντοι
1115 3677 1382 3732 κινεῖσθαι
1416 3677 1493 3740 ὡς
1522 3676 1792 3746 τρύπανον

195 3762 654 3833 περιδινούμενον
695 3769 822 3836 περὶ
849 3765 941 3818 τὸν
972 3766 1136 3819 αὑτὸν
1171 3767 1356 3822 τόπον.
1394 3766 1692 3820 Ἐκλείπειν
1736 3767 1793 3829 δὲ,

195 3856 441 3918 ἕκαστος
485 3857 607 3910 τότε
639 3857 746 3911 τῶν
784 3859 1028 3930 ἀστέρων
1053 3859 1216 3923 δοκεῖ,
1240 3861 1351 3922 ὅτε,
1379 3860 1791 3931 προσγειότερος

197 3941 378 4003 αὑτοῦ
415 3949 556 4004 κατά
587 3951 813 4005 κάθετον
838 3953 1146 4022 γενόμενος,
1176 3952 1478 4007 ὑπεισέλθοι
1507 3952 1601 4025 τὴν
1621 3953 1793 4024 αὐγὴν

196 4041 300 4095 τοῦ
343 4041 518 4113 ἡλίου.
597 4035 604 4044 ’

815 4240 954 4310 Περὶ
994 4241 1191 4309 ἡλίου.

269 4330 371 4386 ιϐ’.
419 4329 612 4385 Πολλοὶ
665 4331 774 4384 τῶν
829 4333 1269 4404 έπιφανεστέρων
1297 4332 1424 4404 περὶ
1447 4333 1489 4364 ⁰⁹
1520 4331 1668 4403 ἡλίου
1699 4329 1794 4386 καὶ

201 4425 447 4497 σελήνης
504 4423 1052 4496 ἐπραγματεύσαντο·
1109 4424 1214 4495 ἰδίᾳ
1267 4424 1323 4478 δὲ
1366 4426 1460 4479 καί⁵
1514 4425 1643 4496 περὶ
1686 4424 1792 4478 τῶν

199 4519 396 4571 πέντε.
449 4517 540 4569 Διὸ
591 4517 684 4571 καλ⁸
727 4517 961 4588 Ἀρατος
1005 4517 1148 4580 ἰδίως
1198 4518 1297 4588 μὲν
1342 4517 1469 4587 περὶ
1515 4517 1664 4589 ἡλίου
1700 4517 1792 4569 καὶ

1890 2387 2181 2449 renuisset,
2201 2394 2490 2456 postquam
2516 2383 2584 2438 de
2609 2379 3002 2454 apparentibus
3031 2390 3252 2433 carmen
3282 2369 3466 2427 absol-

1889 2478 1993 2545 vit,
2023 2477 2091 2534 de
2118 2478 2233 2534 sole
2261 2477 2373 2550 agit
2418 2491 2483 2530 ac
2515 2476 2666 2530 luna.

1961 2571 2130 2642 lgitur
2157 2570 2463 2634 stellarum,
2490 2582 2612 2636 qua
2645 2566 2950 2621 inerrantes
2975 2559 3256 2620 dicuntur,
3288 2553 3466 2610 inﬁxa

1889 2671 2018 2724 Sunt
2064 2661 2224 2725 casio,
2259 2669 2312 2716 et
2363 2659 2626 2731 peculiari
2681 2656 2892 2710 ratione
2936 2659 3064 2708 sunt
3104 2646 3463 2704 immobiles:

1889 2756 2110 2811 tametsi
2169 2754 2290 2809 cali
2355 2749 2851 2807 circumvolutione
2904 2744 3212 2815 rapiantur,
3268 2737 3462 2795 iisdem

1891 2849 2026 2904 locis
2081 2863 2146 2903 ac
2186 2846 2438 2902 similiter
2474 2858 2707 2899 occasus
2749 2845 3014 2908 ortusque
3067 2829 3464 2890 facienteszob

1888 2940 1946 2995 id
2011 2942 2317 2996 inerrantes
2368 2937 2529 2992 dicta
2569 2942 2718 2990 sunt.
2748 2931 2948 2986 Prater
2969 2930 3070 2984 has
3089 2927 3209 2981 alia
3233 2918 3364 2980 Sunt
3385 2937 3468 2978 se-

1891 3043 2035 3102 ptem
2085 3043 2317 3085 numero
2377 3027 2548 3083 stella
2602 3025 2746 3097 inira
2789 3022 2989 3076 calum
3019 3032 3142 3088 quae
3182 3015 3240 3070 in
3266 3012 3467 3068 athere

1891 3132 2001 3178 tam
2030 3123 2254 3194 proprio
2286 3127 2460 3184 motu,
2493 3132 2656 3189 quam
2696 3117 2965 3184 impresso
2993 3111 3060 3166 iis
3089 3110 3159 3164 ab
3189 3107 3330 3162 calo
3357 3119 3466 3158 mo-

1893 3223 2108 3271 ventur.
2136 3213 2274 3283 Qua.
2301 3228 2424 3268 cum
2453 3209 2724 3281 proprios,
2757 3215 2818 3262 ut
2843 3205 2978 3268 dixi,
3001 3207 3182 3256 motus
3205 3197 3466 3258 habeant,

1892 3323 2069 3378 neque
2097 3307 2153 3361 in
2177 3307 2318 3362 calo
2345 3303 2534 3359 deﬁxa
2567 3302 2698 3366 sint,
2726 3298 2822 3356 sed
2853 3298 2910 3353 in
2933 3295 3134 3352 athere
3185 3289 3464 3352 ferantur;

1893 3415 2071 3469 neque
2128 3397 2285 3457 locis.
2317 3395 2532 3460 iisdem,
2568 3407 2670 3448 nec
2703 3390 2894 3447 eodem
2924 3384 3084 3442 modo
3120 3381 3372 3438 oriuntur
3411 3383 3468 3431 et

1892 3493 2150 3548 occidunt
2179 3511 2194 3546 :
2221 3473 2508 3561 propterea
2539 3501 2664 3542 cum
2707 3484 2829 3539 ﬁxis
2863 3483 3190 3551 comparata
3235 3473 3468 3544 planetae

1894 3591 2181 3638 vocantur.
2226 3582 2295 3634 At
2343 3595 2472 3634 vero
2504 3574 2829 3649 Pythagorei
2865 3588 2973 3627 non
3001 3571 3178 3625 solum
3210 3561 3464 3637 planetis.

1893 3675 1988 3730 sed
2011 3675 2176 3729 etiam
2199 3673 2321 3728 lixis
2341 3671 2671 3743 peculiarem
2698 3675 2904 3723 motum
2929 3662 3235 3731 attribuunt
3260 3676 3273 3712 :
3304 3671 3466 3726 quem

1894 3767 2111 3838 quidem
2161 3765 2434 3836 ejusmodi
2473 3777 2596 3819 esse
2625 3761 2834 3826 volunt,
2860 3757 3040 3827 qualis
3081 3763 3164 3809 est
3197 3749 3464 3812 terebra,

1893 3876 2015 3930 qua
2051 3859 2258 3914 circum
2298 3856 2549 3912 eumdem
2575 3856 2751 3910 locum
2773 3851 3028 3907 volvitur.
3066 3845 3306 3916 Denique
3336 3849 3468 3898 tunc

1894 3965 2236 4022 unaquaque
2278 3950 2558 4005 stellarum
2593 3945 2830 4002 deﬁcere
2858 3941 3092 4006 videtur,
3123 3953 3248 3997 cum
3281 3935 3467 3991 citima

1895 4049 2078 4113 terris,
2099 4063 2168 4102 ac
2195 4045 2300 4101 soli
2328 4059 2395 4099 ex
2425 4042 2635 4097 directo
2671 4037 2848 4110 posita
2883 4033 2987 4091 sub
3033 4031 3155 4103 ejus
3208 4027 3468 4100 splendo-

1895 4156 2006 4196 rem
2035 4139 2204 4196 subit.

2559 4244 2638 4298 De
2675 4242 2805 4298 sole.
3340 4289 3344 4292 η

1964 4343 2040 4400 De
2098 4342 2462 4415 principatum
2515 4334 2830 4392 tenentibus
2890 4326 3162 4387 sideribus
3227 4323 3342 4381 sole
3402 4336 3468 4415 ac

1894 4439 2024 4495 luna
2081 4413 2392 4505 complures
2448 4435 2677 4502 egerunt
2734 4446 2748 4481 :
2801 4440 2866 4480 ac
2914 4419 3168 4494 privatim
3210 4416 3372 4471 etiam
3400 4413 3470 4490 de

1894 4526 2153 4604 quinque.
2186 4523 2324 4579 Hinc
2341 4522 2540 4575 Aratus
2563 4519 2630 4573 de
2660 4518 2775 4572 sole
2816 4529 2881 4570 ac
2913 4513 3043 4568 luna
3072 4508 3255 4581 operis
3276 4508 3334 4562 in
3364 4506 3469 4562 ﬁne

204 4610 448 4682 σελήνης
495 4610 632 4683 πρὸς
660 4611 737 4681 τῷ
763 4610 907 4664 τέλει
936 4610 1035 4680 τῆς
1081 4612 1352 4681 ποιήσεως
1389 4607 1562 4674 εἶπεν,
1601 4610 1707 4682 ἰδία
1742 4610 1791 4664 δὲ

1903 4603 2125 4690 Scripsit
2157 4637 2171 4674 ;
2205 4617 2274 4672 de
2319 4613 2562 4687 quinque
2595 4625 2726 4665 vero
2755 4610 2810 4662 in
2843 4621 2909 4662 eo
2937 4604 3033 4676 qui
3063 4603 3362 4672 inscriptus
3388 4609 3472 4690 est

202 4704 342 4775 περὶ
369 4703 480 4757 τῶν
509 4703 670 4757 πέντε
701 4701 853 4774 ὲντῷ
881 4703 1304 4774 ἐπιγραφομένῳ
1326 4704 1564 4758 Κανόνι.
1592 4705 1702 4776 Τὴν
1735 4705 1792 4758 δὲ

200 4797 403 4851 οὐσίαν
435 4795 530 4849 τοῦ
575 4795 724 4867 ἡλίου
750 4795 976 4850 Πλάτων
1020 4796 1328 4867 περιέργως
1361 4795 1426 4850 ὲκ
1455 4796 1627 4888 πυρὸς
1656 4792 1793 4850 εἷναί

205 4906 348 4959 φησι
364 4903 382 4919 ο
413 4888 558 4952 τινὲς
581 4888 638 4942 δὲ
661 4888 769 4942 τῶν
797 4887 1039 4959 φυσικῶν
1061 4887 1120 4952 ἐξ
1140 4887 1552 4958 ἀναθυμιάσεως
1578 4887 1680 4958 γῆς
1700 4888 1793 4942 καἱ

203 4980 392 5050 νεφῶν
426 4982 585 5035 αὐτὸν
615 4976 775 5036 εἶναι.
819 4980 1188 5052 Ἀναξαγόρας
1214 4981 1413 5053 μύδρον
1446 4983 1604 5036 αὐτὸν
1632 4977 1749 5035 εἶπε
1770 4995 1787 5011 ⁸

203 5076 465 5140 Φιλόλαος
517 5076 606 5142 δὲ,
644 5077 704 5131 τὸ
755 5075 1003 5148 πυρῶδες
1043 5077 1134 5130 καὶ
1171 5076 1389 5144 διαυγὲς
1449 5075 1792 5148 λαμϐάνοντα

207 5167 421 5221 ἄνωθεν
457 5168 564 5221 ἀπὸ
587 5167 681 5221 τοῦ
720 5167 961 5240 αἰθερίου
990 5167 1181 5239 πυρὸς,
1209 5169 1343 5240 πρὸς
1369 5169 1517 5239 ἡμᾶς
1563 5168 1794 5239 πέμπειν

205 5261 307 5331 τὴν
344 5261 517 5332 αὐγὴν
549 5260 638 5314 διά
677 5278 838 5314 τινων
879 5261 1273 5332 ἀραιωμάτων·
1301 5256 1445 5314 ’ὥστε
1479 5261 1598 5316 κατ’
1633 5262 1795 5315 αὐτὸν

207 5353 433 5423 τρισσὸν
478 5349 618 5407 εἶναι
669 5353 762 5406 τὸν
799 5352 983 5425 ⁴ἡλιον·
1033 5351 1094 5404 τὸ
1133 5352 1231 5422 μὲν
1271 5353 1378 5406 ἀπὸ
1407 5351 1502 5405 τοῦ
1549 5352 1790 5424 αἰθερίου

209 5444 404 5516 πυρός’
439 5445 502 5499 τὸ
532 5446 589 5499 δὲ
614 5448 707 5500 ἀπ’
741 5446 950 5500 ἐκείνου
979 5445 1330 5516 πεμπόμενον
1353 5445 1445 5498 ἐπὶ
1471 5445 1561 5498 τὸν
1593 5446 1794 5500 ύελοει-

209 5531 274 5604 δῆ
310 5535 403 5587 ὑπ’
437 5533 602 5588 αὐτοῦ
635 5535 925 5608 λεγόμενον
962 5535 1144 5606 ἡλιονο
1174 5535 1233 5587 τὸ
1262 5534 1319 5588 δὲ
1361 5534 1468 5588 ἀπὸ
1496 5535 1589 5588 τοῦ
1620 5535 1793 5589 τοιού-

209 5641 303 5688 του
337 5625 486 5698 ἡλίου
518 5626 654 5697 πρὸς
683 5629 830 5698 ἡμᾶς
859 5626 1229 5697 πεμπόμενον.
1250 5625 1564 5697 Ἐπίκουρος
1588 5624 1641 5678 δὲ
1671 5643 1790 5680 κισ-

213 5719 469 5794 σηροειδῆ
500 5720 662 5774 αὐτὸν
689 5719 792 5792 ἔψη
819 5721 883 5773 ἐκ
904 5719 1074 5790 πυρὸς
1108 5718 1199 5773 διὰ
1228 5718 1518 5790 τρημάτων
1546 5718 1707 5772 τινῶν
1734 5721 1794 5773 τὸ

328 5875 375 5913 ⁸⁷
478 5874 692 5934 σύνοδον
722 5878 911 5930 ποιεῖν.
988 5875 1031 5923 ³³
1063 5875 1104 5944 f.
1141 5871 1360 5944 αἰθέρι(
1416 5876 1458 5909 θ’
1491 5877 1530 5942 Ι.
1571 5872 1713 5945 πέρι.

1901 4689 2107 4768 Caium.
2143 4708 2300 4776 Quod
2339 4706 2408 4762 ad
2437 4704 2575 4760 solis
2617 4708 2870 4757 naturam
2916 4695 3170 4767 pertinet,
3200 4689 3472 4770 curiosius

1906 4804 2058 4860 Plato
2109 4817 2176 4857 ex
2230 4800 2354 4871 igne
2407 4804 2663 4852 constare
2704 4792 2891 4855 docet;
2929 4785 3145 4858 quidam
3181 4779 3390 4854 physici
3442 4795 3473 4835 e

1901 4905 2064 4952 terra
2093 4910 2157 4950 ac
2191 4893 2420 4948 nubium
2462 4884 2920 4945 exhalationibus.
2940 4881 3293 4949 Anaxagoras
3326 4887 3474 4928 mas-.-

1903 5003 2019 5045 sam
2089 4986 2350 5056 ignitam;
2409 4980 2684 5035 Philolaus
2748 4972 2998 5030 eumdem
3045 4964 3310 5040 quidquid
3375 4963 3474 5017 hac

1898 5082 1990 5136 bet
2047 5083 2266 5150 igneum
2319 5091 2383 5130 ac
2427 5084 2778 5141 transparens
2806 5083 2873 5123 ex
2911 5065 3136 5122 atherio
3160 5063 3302 5135 igne,
3328 5058 3471 5150 quod

1906 5148 2088 5241 supra
2119 5168 2296 5240 ipsum
2328 5172 2435 5227 cst,
2467 5161 2773 5233 exprimere
2801 5162 2976 5227 putat,
3005 5170 3069 5209 ac
3098 5168 3195 5224 per
3224 5148 3470 5241 quadam

1901 5239 2164 5320 rimarum
2221 5257 2513 5314 interstitia
2572 5252 2914 5324 splendorem
2953 5249 3022 5303 ad
3048 5261 3149 5302 nos
3188 5239 3470 5299 transmit-

1896 5361 2046 5420 tere;
2085 5353 2219 5406 adeo
2251 5357 2310 5403 ut
2334 5349 2529 5418 triplex
2558 5345 2629 5400 sit
2658 5359 2724 5398 ex
2749 5341 2871 5412 ejus
2900 5339 3157 5410 opinione
3197 5334 3302 5389 sol.
3335 5329 3469 5386 Nam

1897 5447 2096 5517 partim
2127 5459 2194 5499 ex
2226 5443 2449 5498 atherio
2480 5442 2602 5512 igne
2629 5437 2897 5495 conﬂatus
2920 5441 3011 5488 est‘
3039 5451 3052 5486 :
3082 5429 3275 5502 partim
3302 5428 3373 5482 ab
3405 5439 3474 5480 eo

1898 5537 1967 5590 ad
2003 5537 2174 5592 solem
2211 5534 2385 5598 illum,
2411 5547 2574 5603 quem
2621 5531 2748 5586 vitri
2787 5528 3022 5584 similem
3055 5529 3236 5588 vocat,
3272 5519 3471 5574 nonni-

1899 5629 1976 5683 hil
2031 5627 2295 5684 emittitur
2327 5644 2340 5680 :
2372 5626 2572 5696 partim
2629 5625 2699 5679 ab
2731 5623 2837 5678 hoc
2882 5622 3002 5691 ipso
3046 5616 3115 5672 ad
3157 5629 3260 5669 nos
3297 5626 3471 5682 usque

1897 5729 2104 5778 manat.
2142 5719 2412 5792 Epicurus
2444 5718 2677 5792 pumicis
2721 5713 2960 5788 speciem
3011 5709 3216 5767 habere
3261 5710 3470 5767 censet,
