3928 6266
479 415 484 420 ·
507 395 616 451 959

1564 356 1654 448 in
1698 392 1966 450 ausam
1997 386 2392 449 announcon
2419 391 2780 448 serenum.

3709 393 3797 450 960

510 517 679 577 atque
730 523 798 564 ex
841 524 968 578 igne
1017 523 1115 578 per
1158 509 1405 580 quaedam
1449 507 1718 564 foramina
1741 508 2083 579 splendorem

2194 508 2306 576 φῶς
2336 501 2719 579 ἐκπέμποντα.
2750 506 2908 570 Τινὲς
2945 507 3023 571 δὲ,
3059 500 3138 562 ὧν
3178 508 3316 560 ἐστι
3351 503 3458 557 καὶ
3501 501 3798 579 Ἀναξίμαν-

415 633 418 636 -
511 597 798 666 cjaculari.
832 596 1116 662 Nonnulli,
1143 607 1204 654 ut
1247 599 1675 664 Anaximander,
1699 599 1874 654 lucem
1909 601 1980 654 ab
2022 615 2088 654 eo

511 690 608 759 qui
639 690 709 745 sit
740 699 873 746 rotae
906 691 1123 756 similis,
1147 692 1323 747 emitti
1349 693 1612 747 sentiunt.
1640 691 1777 746 Nam
1808 700 1868 746 ut
1895 692 1948 746 in
1970 699 2088 746 rota

514 795 683 835 cavus
704 788 789 838 est
812 781 1108 848 modiolus,
1143 782 1230 837 cui
1266 782 1417 836 inﬁxi
1445 783 1585 837 radii
1615 782 1682 842 ad
1711 798 1938 837 summa:
1961 797 2090 837 cur-

513 879 721 926 vatura:
760 870 1026 927 ambitum
1068 873 1278 928 extensi
1315 879 1482 940 sunt;
1520 872 1594 927 ita
1628 874 1798 929 solem
1836 873 1991 928 aiunt
2021 888 2086 926 ex

513 975 651 1017 cavo
666 960 847 1016 lumen
868 961 1233 1017 eﬁ'undentem
1257 961 1440 1018 radios
1460 977 1739 1034 spargere,
1763 964 1872 1034 82
1891 963 2089 1033 quibus

515 1053 949 1123 circumquaque
983 1053 1290 1108 collustrat.
1317 1052 1457 1107 Sunt
1491 1053 1584 1124 qui
1611 1068 1748 1108 cavo
1779 1069 1847 1108 ex
1873 1053 1995 1108 loco
2036 1060 2089 1108 et

519 1153 775 1216 angusto,
820 1147 962 1201 tubae
1008 1146 1207 1210 instar,
1247 1145 1394 1202 illius
1427 1161 1652 1201 manare
1682 1147 1862 1201 lucem
1894 1143 2088 1218 existi-

520 1243 691 1299 ment,
723 1237 869 1292 velut
918 1237 1102 1308 igneas
1135 1237 1301 1292 faces.
1329 1235 1448 1293 Jam
1481 1237 1650 1309 ﬁgura
1695 1237 1830 1294 solis
1867 1238 1936 1292 ab
1966 1227 2088 1290 aliis

519 1343 644 1384 cum
674 1327 829 1384 disco
868 1337 1238 1398 comparatur.
1275 1329 1582 1385 Heraclitus
1612 1329 1826 1399 scaphae
1857 1319 2087 1383 similem

499 1428 695 1489 putat,
755 1419 925 1474 Stoici
982 1421 1229 1490 sphaerae.
1278 1421 1548 1477 Cazterum
1579 1421 1647 1476 de
1678 1421 1792 1476 sole
1844 1420 2089 1490 plerique

519 1513 944 1567 commentarios
977 1511 1307 1579 ediderunt:
1339 1520 1400 1565 ut
1426 1511 1768 1582 Thrasyllus,
1822 1518 1878 1566 et
1917 1511 2122 1566 Adra-'

517 1604 640 1658 stus
676 1601 1091 1672 Peripateticus,
1142 1609 1198 1657 et
1248 1602 1716 1671 Aphrodisiensis.
1759 1601 1951 1656 Deﬁcit
1993 1617 2090 1656 au-

519 1699 651 1758 tem,
691 1707 756 1746 eo
794 1692 939 1762 quod
970 1694 1120 1757 luna,
1149 1700 1210 1747 ut
1237 1692 1462 1762 quidam
1492 1698 1768 1760 asserunt,
1797 1691 2004 1747 directe
2030 1707 2090 1748 se

2186 599 2334 669 ὄρος,
2381 599 2511 668 φασὶ¹
2569 598 2806 670 πέμπειν
2861 598 3023 652 αὑτὸν
3068 598 3130 651 τὸ
3176 595 3336 665 φῶς,
3382 594 3586 666 σχῆμα
3630 597 3798 666 ἔχοντα.

2186 687 2400 759 τροχοῦ.
2434 689 2646 760 Ὠσπερ
2681 689 2792 760 γὰρ
2812 689 2869 741 ἐν
2900 687 2979 758 τῷ
3016 687 3210 760 τροχῷ
3237 686 3417 756 κοίλη
3452 686 3606 739 ἐστὶν
3627 689 3658 760 ή
3681 690 3796 762 7:12:-

2191 796 2318 850 μνη,
2356 779 2471 850 ἔχει
2502 779 2561 832 δὲ
2583 781 2679 832 ἀπ’
2711 780 2877 850 αὐτῆς
2911 779 3353 850 ἀνατεταμένας
3397 777 3509 841 τὰς
3553 782 3792 850 κνημίδες

2188 870 2328 941 πρὸς
2360 870 2460 942 τὴν
2511 869 2708 937 ἔξωθεν
2739 871 2838 940 τῆς
2887 871 3072 940 ἁψίδος
3116 869 3469 942 περιφοράν
3491 885 3508 898 ·
3550 870 3686 925 οὕτω
3715 878 3789 929 καὶ

2187 962 2369 1025 αὑτὸν,
2387 961 2494 1015 άπὸ
2521 961 2702 1014 κοίλου
2727 961 2788 1014 τὸ
2815 962 2931 1031 φῶς
2956 961 3362 1031 ἐκπέμποντα,
3389 961 3498 1032 τὴν
3521 963 3790 1019 ἀνάστασιν
3829 1013 3845 1031 ,

2187 1052 2293 1106 τῶν
2319 1052 2555 1106 ἀκτίνων
2579 1052 2869 1117 ποιεῖσθαι,
2899 1053 2993 1105 καὶ
3020 1051 3234 1116 ἔξωθεν
3264 1051 3459 1114 αὑτὰς
3487 1052 3670 1125 κύκλῳ
3694 1073 3786 1124 φω.

2186 1141 2374 1206 τίζειν.
2410 1144 2568 1207 Τινὲς
2593 1144 2670 1207 δὲ,
2702 1143 2778 1207 ὡς
2801 1143 2908 1197 ἀπὸ
2941 1143 3284 1212 σάλπιγγος,
3331 1144 3405 1194 ὲκ
3439 1143 3623 1196 κοίλου
3644 1147 3782 1200 τόπου

2188 1235 2282 1287 καὶ
2306 1235 2490 1288 στενοῦ
2524 1235 2827 1306 ἐκπέμπειν
2859 1234 3018 1290 αὐτὸν
3045 1235 3104 1288 τὸ
3134 1236 3292 1304 φῶς,
3331 1233 3542 1304 ὥσπερ
3569 1239 3784 1310 πρηστῆ-

2189 1343 2309 1398 ρας.
2350 1326 2541 1397 Σχῆμα
2574 1327 2631 1380 δὲ
2658 1328 2822 1382 αὐτοῦ
2847 1329 2897 1380 οἱ
2932 1329 3030 1399 μὲν
3061 1325 3428 1390 δισκοειδὲςξ
3460 1325 3781 1397 Ἡράκλειτος

2186 1417 2242 1470 δὲ
2271 1418 2608 1486 σκαφοειδὲς,
2641 1419 2868 1472 Στωϊκοὶ
2900 1419 2954 1472 δὲ
2986 1419 3350 1491 σφαιροειδὲς
3393 1413 3539 1472 εἶναι
3572 1420 3778 1488 λέγουσι.

2189 1506 2411 1570 Πολλοῖς
2425 1508 2483 1561 δὲ
2505 1509 2632 1580 περὶ¹
2655 1507 2846 1561 τούτου
2868 1513 3251 1580 πραγματεῖαι
3274 1508 3602 1577 γεγόνασιν,
3620 1510 3780 1582 ὥσπερ

2187 1598 2483 1671 Θρασύλλῳ
2513 1600 2607 1654 καὶ
2635 1599 2910 1672 Ἀδράστῳ
2941 1601 3019 1671 τῷ
3052 1601 3162 1655 ἀπὸ
3196 1600 3304 1655 τοῦ
3342 1602 3681 1671 Περιπάτου,
3704 1607 3777 1657 καὶ

2202 1689 2528 1762 Ἀφροδισεῖ.
2547 1691 2817 1744 Ἐκλείπει
2843 1691 2922 1756 δὲ,
2957 1692 3034 1755 ὠς
3067 1692 3169 1763 μέν
3193 1692 3358 1756 τινές
3381 1709 3573 1762 φασιν,
3596 1693 3773 1765 ἔμπρο-

521 1787 666 1842 inter
705 1788 882 1858 ipsum
939 1795 993 1842 et
1041 1803 1143 1844 nos
1173 1789 1406 1844 mediam
1454 1789 1798 1860 interponit:
1833 1789 1977 1859 quod
2028 1797 2088 1844 ut

2194 1781 2315 1835 σθεν
2344 1783 2508 1837 αὑτοῦ
2534 1785 2632 1854 τῆς
2662 1783 2890 1855 σελήνης
2923 1785 3062 1838 κατὰ
3096 1783 3352 1838 κάθετον
3406 1782 3581 1836 αὑτοῦ
3623 1802 3776 1853 γιγνο-

523 1852 861 1948 probabilius
894 1887 1113 1948 Oportet
1141 1879 1415 1950 amplecti.
1451 1878 1545 1934 Est
1581 1852 1727 1934 enim
1758 1852 1884 1934 luna
1928 1887 2087 1934 terrae

2194 1875 2375 1945 μένης·
2411 1869 2456 1944 ᾧ
2500 1852 2597 1928 καί
2651 1852 2870 1945 μᾶλλον,
2892 1877 2968 1940 ὡς
3013 1875 3262 1946 πιθανῷ,
3304 1875 3591 1930 πειστέον.
3620 1877 3770 1948 Προσ-

523 1967 756 2024 vicinior
805 1969 921 2024 sole
967 1981 1128 2040 atque
1176 1969 1517 2041 depressior;
1575 1971 1722 2040 quod
1764 1971 1966 2026 Aratus
2010 1971 2086 2024 ita

518 2068 754 2117 testatur
790 2080 803 2116 :

696 2174 858 2230 Stans
888 2175 1026 2229 inter
1049 2183 1244 2230 terram
1267 2175 1528 2246 solemque
1553 2174 1768 2230 directe.

589 2265 777 2337 Neque
808 2282 937 2322 vero
968 2267 1240 2325 defectum
1287 2269 1490 2338 patitur
1514 2268 1596 2322 sol
1634 2286 1647 2323 :
1689 2267 1794 2323 etsi
1825 2267 1899 2322 ita
1930 2267 2087 2324 nobis

520 2356 753 2413 videtur.
778 2357 912 2412 Nam
960 2373 1085 2413 cum
1133 2360 1200 2414 ad
1249 2360 1697 2429 perpendiculum
1743 2359 1793 2415 ei
1843 2361 2088 2430 subjecta

521 2450 652 2504 luna
702 2448 886 2514 fuerit,
926 2451 1072 2506 illius
1099 2450 1270 2506 radiis
1311 2451 1514 2515 obstat,
1538 2465 1607 2504 ne
1637 2450 1704 2505 ad
1741 2465 1864 2516 nos,
1909 2452 2002 2522 qui
2034 2452 2090 2505 in

520 2550 667 2597 terra
705 2557 918 2606 sumus,
952 2557 1126 2611 usque
1158 2543 1484 2612 pertingant.
1511 2543 1698 2613 itaque
1721 2543 1881 2598 nobis
1919 2544 2091 2597 multo

522 2630 884 2687 inferioribus
933 2634 1060 2686 luna
1089 2633 1321 2688 deﬁcere
1372 2632 1609 2690 videtur.
1641 2633 1746 2689 Sed
1792 2649 1894 2688 nec
1924 2635 2091 2690 totius

520 2723 678 2788 solis,
720 2739 910 2778 verum
942 2725 1110 2792 partis
1147 2723 1265 2792 ejus
1299 2721 1564 2779 duntaxat
1609 2725 1840 2780 defectio
1873 2724 2088 2780 accidit.

525 2813 648 2870 Non
688 2816 834 2870 enim
871 2822 1052 2885 potest
1076 2817 1235 2887 longe
1267 2816 1444 2870 minor
1473 2818 1591 2887 ipso
1616 2818 1744 2872 luna
1767 2824 1937 2872 totum
1968 2818 2094 2872 abs~~

519 2903 777 2958 condere.
811 2903 988 2971 Quam
1028 2904 1100 2958 ob
1147 2918 1368 2958 causam
1414 2920 1521 2959 non
1555 2905 1624 2959 ab
1652 2904 1906 2960 omnibus
1930 2905 2093 2959 simul

523 2994 840 3052 hominibus
893 2995 1151 3051 deﬁciens
1193 2997 1454 3061 cernitur,
1501 2996 1598 3054 sed
1637 2997 1774 3054 alias
1822 2997 1892 3052 ab
1933 2997 2091 3062 aliis,

521 3082 670 3137 velut
716 3084 769 3136 in
827 3091 1005 3139 tractu
1055 3083 1282 3156 Syenes,
1327 3085 1668 3141 Alexandria:
1713 3091 1767 3140 et
1818 3083 2091 3156 Elephan.

2184 1967 2433 2038 γειοτέρα
2477 1968 2585 2037 γὰρ
2629 1967 2793 2019 αὑτοῦ
2833 1969 3042 2038 ἐστινὴ
3093 1968 3335 2038 σελήνη,
3376 1967 3477 2020 καὶ
3514 1968 3770 2038 κατωτέρα

2186 2056 2280 2109 τοῦ
2317 2055 2469 2127 ἡλίου
2492 2073 2505 2086 ·
2549 2055 2689 2109 οὕτω
2725 2057 2833 2128 γὰρ
2869 2058 2962 2110 καὶ
2987 2059 3014 2110 ὁ
3049 2059 3299 2129 Ἄρατος
3325 2056 3517 2124 λέγει’

2296 2172 2615 2241 Ἰσταμένη
2671 2172 2845 2242 γαίης
2889 2189 2954 2225 τε
2997 2173 3094 2226 καὶ
3141 2173 3394 2241 ἠελίοιο
3428 2173 3557 2224 κατ’
3588 2172 3687 2226 ἰθύ.

2263 2265 2377 2318 Οὐκ
2402 2263 2642 2317 ἐκλείπει
2673 2264 2728 2317 δὲ
2756 2265 2784 2316 ὁ
2812 2263 2981 2334 ἥλιοςο
3000 2263 3112 2316 ἀλλ’
3137 2265 3281 2335 ἡμῖν
3307 2263 3485 2316 δοκεῖ.
3513 2261 3657 2315 Κατὰ
3683 2266 3760 2316 κά-

2202 2354 2354 2408 θετον
2382 2354 2491 2426 γὰρ
2521 2357 2554 2426 ή
2592 2354 2784 2425 σελήνη
2809 2355 3071 2425 γενομένη
3097 2355 3194 2407 τοῦ
3221 2353 3410 2424 ἡλίου,
3431 2351 3663 2423 ἀνείργει
3684 2353 3761 2416 τὰς

2190 2445 2324 2516 πρὸς
2355 2447 2500 2516 ἡμᾶς
2523 2448 2646 2510 τοὺς
2683 2447 2773 2499 ἐπὶ
2801 2447 2902 2517 γῆς
2929 2445 3105 2514 αὐγὰς
3121 2444 3324 2498 αὑτοῦ.
3347 2445 3462 2497 Καὶ
3491 2447 3615 2514 ἡμῖν
3641 2444 3755 2497 οὕτω

2192 2538 2440 2606 φαίνεται
2475 2538 2768 2607 κατωτέρω
2799 2536 2904 2606 γῆς
2943 2536 3172 2607 σελήνης
3207 2532 3392 2589 οὖσιν.
3430 2535 3543 2603 Ούχ
3563 2533 3674 2586 ὅλου
3693 2534 3751 2598 δὲ,

2191 2627 2324 2681 ἀλλὰ
2353 2628 2552 2699 μέρους
2585 2626 2823 2697 ἔκλειψις
2852 2621 3076 2696 γίνεται,
3108 2628 3183 2680 Οὐ
3213 2624 3330 2696 γὰρ
3361 2623 3601 2686 δυνατὸν,
3627 2622 3750 2674 ἐλάτ-

2190 2735 2316 2772 τονα
2355 2716 2518 2773 οὖσαν
2550 2721 2648 2789 τὴν
2683 2720 2911 2791 σελήνην
2939 2719 3094 2782 πολὺ,
3129 2719 3258 2771 ὅλον
3287 2717 3659 2786 ἀποκρύπτειν
3678 2713 3751 2766 τὸν

2191 2811 2360 2882 ἥλιον.
2393 2811 2484 2863 Διὸ
2532 2811 2592 2864 οὑ
2630 2811 2780 2882 παρὰ
2814 2813 2976 2864 πᾶσιν
3006 2809 3327 2882 ἀνθρώποις
3360 2808 3479 2877 ἅμα
3513 2805 3746 2858 ἐκλείπειν

2191 2904 2424 2966 δοκεῖνί,
2475 2901 2609 2956 ἀλλὰ
2643 2903 2772 2974 παρ’
2822 2902 3027 2973 ἑτέροις
3067 2901 3298 2956 ἄλλοτε·
3333 2895 3448 2953 οἷον
3493 2900 3568 2951 ὲν
3598 2896 3746 2966 Συήνῃ

2192 2994 2287 3046 καὶ
2331 2992 2720 3064 Ἀλεξανδρείᾳ,
2773 2994 2867 3046 καὶ
2915 2993 3273 3063 Ἐλεφαντίνῃ
3311 2991 3431 3062 ἅμα
3485 2987 3739 3042 ἐκλείπειν.

2193 3085 2299 3138 Τοῦ
2369 3085 2478 3157 γὰρ
2542 3086 2707 3140 αὑτοῦ
2753 3086 3012 3156 κλίματος
3056 3085 3207 3138 δοκεῖ
3269 3083 3448 3138 ταῦτα
3496 3081 3562 3134 τὰ
3601 3079 3744 3149 χωρία

523 3175 667 3231 tines
713 3177 903 3232 eadem
938 3186 1182 3247 tempore
1225 3178 1485 3234 deﬁciens
1531 3178 1763 3233 videtur.
1796 3176 1922 3234 Haac
1944 3178 2086 3234 enim

2194 3173 2347 3231 εἶναι.
2389 3177 2941 3249 Ἐπραγματεύσαντο
2981 3178 3037 3230 δὲ
3069 3177 3258 3231 πολλοὶ
3307 3176 3439 3246 περὶ
3487 3172 3738 3240 ἐκλείψεων

519 3265 708 3319 omnia
761 3266 882 3320 loca
930 3267 998 3320 ad
1039 3266 1179 3322 idem
1212 3267 1372 3322 clima
1415 3268 1688 3339 pertinere
1708 3269 1980 3324 videntur.
2016 3266 2090 3322 De

521 3358 818 3427 eclipsibus
849 3360 981 3416 solis
1008 3363 1309 3418 secundum
1343 3363 1565 3416 climata
1589 3370 1794 3434 septem
1823 3363 2090 3433 scripsere

523 3441 854 3519 complﬁres,
883 3461 944 3504 ut
973 3451 1163 3518 Orion,
1191 3453 1545 3524 Apollinaris,
1570 3453 1917 3513 Ptolemaaus.
1959 3453 2092 3524 Hip-

524 3541 784 3610 parchus.
821 3541 1049 3598 Climata
1077 3544 1338 3600 dicuntur
1362 3544 1483 3601 ideo
1508 3546 1655 3616 quod
1685 3554 1828 3601 terra
1871 3545 2093 3601 minime

526 3633 688 3699 plana
730 3634 824 3696 sit,
859 3635 953 3689 sed
985 3636 1279 3692 nonnullas
1317 3636 1652 3693 devexitates
1693 3637 1888 3692 habeat
1919 3656 1933 3690 :
1967 3651 2096 3707 quo-

526 3723 675 3776 niam
705 3734 885 3792 partes
915 3725 1036 3795 ejus
1074 3727 1464 3783 eminentiores
1497 3729 1616 3784 alia:
1659 3737 1810 3795 sunt,
1840 3729 1960 3782 alia:
2000 3729 2095 3783 de-

523 3811 816 3881 jectiores,
865 3829 929 3871 ac
972 3823 1162 3886 gentes
1227 3816 1344 3871 alia:
1374 3817 1496 3873 aliis
1535 3819 1593 3873 in
1641 3819 1779 3874 locis
1828 3817 2093 3874 habitant.

536 3905 730 3960 Annus
760 3910 894 3961 solis
917 3907 1160 3972 ἐνιαυτός
1184 3918 1435 3974 vocatur,
1463 3909 1609 3980 quod
1636 3910 1694 3963 ὲν
1723 3908 1917 3980 ἐαυτῷ,
1939 3910 1995 3962 in
2018 3927 2099 3965 se-

528 3994 648 4064 ipse
685 4003 1039 4066 tempestates
1071 4014 1263 4056 omnes
1310 4009 1547 4072 quatuor
1589 4001 1989 4072 complectitur,
2038 4009 2097 4056 ut

530 4085 825 4159 Euripides
855 4090 1059 4146 indicat
1083 4109 1098 4146 :

636 4202 902 4270 Quoniam
926 4203 981 4256 in
1009 4220 1062 4256 se
1083 4214 1274 4257 cuncta
1305 4203 1646 4272 complectens
1683 4204 1856 4261 habet.

597 4317 920 4388 Appellatur
954 4333 1131 4374 annus
1171 4319 1304 4374 solis
1335 4319 1403 4374 ab
1429 4318 1619 4374 eodem
1659 4318 1814 4390 signo
1846 4319 1913 4374 ad
1955 4319 2097 4374 idem

527 4408 808 4464 redeuntis
859 4410 1143 4466 conversio
1173 4410 1229 4464 in
1259 4410 1364 4465 565
1396 4411 1609 4476 diebus,
1641 4419 1696 4468 et
1723 4413 1916 4483 exigua
1947 4411 2101 4467 insu-

2188 3270 2340 3342 ήλίου
2392 3269 2532 3324 κατὰ
2574 3269 2642 3322 τὰ
2689 3270 2829 3323 ἑπτὰ
2883 3269 3158 3340 κλίματαο
3216 3269 3415 3338 ὥσπερ
3478 3265 3671 3334 Ὠρίων,
3716 3263 3738 3313 ὁ

2202 3357 2622 3428 Ἀπολλινάριος,
2661 3358 3014 3428 Πτολεμαῖος,
3055 3357 3391 3428 Ἵππαρχος.
3426 3354 3657 3424 Κλίματα
3689 3350 3733 3402 δὲ

2191 3452 2423 3524 εἴρηται,
2453 3452 2542 3505 διά
2568 3452 2629 3504 τὸ
2651 3451 2749 3522 τὴν
2777 3453 2880 3522 γῆν
2920 3450 2994 3522 μὴ
3033 3447 3172 3504 εἶναι
3199 3450 3442 3521 ὁμαλὴν,
3473 3443 3598 3499 ἀλλὰ
3621 3441 3734 3512 ἔχειν

2189 3537 2298 3594 οἷον
2338 3539 2642 3610 ὲγκλίματά
2679 3558 2820 3607 τινα,
2863 3541 3210 3612 ὑψηλοτέρων
3251 3539 3425 3593 ὄντων
3461 3536 3549 3590 καὶ
3569 3548 3727 3587 ταπει-

2191 3633 2420 3704 νοτέρων
2468 3631 2575 3686 τῶν
2640 3633 2822 3704 μερῶν
2857 3634 3045 3704 αὐτῆς,
3074 3633 3168 3686 καὶ
3216 3631 3322 3693 τὰς
3376 3629 3605 3698 οἰκήσεις
3643 3620 3730 3674 τῶν

2192 3723 2360 3776 ἐθνῶν
2401 3723 2566 3787 ἄλλας
2612 3722 2844 3794 ἀλλαχοῦ
2897 3721 3052 3778 εἶναι.
3110 3721 3391 3784 Ἐνιαυτὸς
3420 3720 3475 3772 δὲ
3501 3716 3636 3788 ἡλίου
3667 3711 3726 3765 εί-

2196 3829 2378 3884 ρηται,
2411 3815 2532 3867 ἐπεὶ
2563 3814 2672 3884 ἔχει
2701 3817 2800 3878 τὰς
2826 3815 3006 3880 πάσας
3030 3815 3179 3886 ὥρας
3203 3817 3264 3868 ὲν
3293 3809 3472 3882 ἑαυτῷ
3500 3809 3725 3875 τέσσαρας

2195 3905 2335 3959 κατὰ
2371 3905 2462 3960 τὸν
2497 3907 2810 3980 Εὐριπίδην·

2270 4216 2383 4270 ὌίΓ
2413 4216 2608 4270 οὕνεκ’
2644 4218 2712 4270 ἑν
2743 4216 2905 4283 αὑτῷ
2933 4216 3128 4270 πάντα
3168 4213 3491 4271 συλλαϐὼν
3514 4211 3638 4279 ἔχει.

2273 4328 2504 4397 Λέγεται
2528 4328 2583 4381 δὲ
2609 4329 2852 4392 ἐνιαυτὸς
2869 4332 2912 4400 ,ή
2958 4330 3064 4384 ἀπὸ
3089 4329 3183 4384 τοῦ
3209 4329 3401 4394 ζωδίου
3431 4324 3514 4378 ἐπὶ
3542 4321 3594 4375 τὸ
3615 4317 3714 4371 αὐτὸ

2197 4421 2634 4484 ἀποκατάστασις
2671 4420 2833 4473 αὑτοῦ
2883 4422 2939 4472 ὲν
2972 4420 3206 4492 ἡμέραις
3231 4420 3339 4484 τξε¹
3375 4417 3466 4472 καὶ¹
3498 4411 3713 4481 ἐλαχίστῳ

530 4513 630 4569 per
658 4508 847 4568 parte;
881 4498 948 4553 ad
981 4499 1123 4555 idem
1147 4515 1277 4554 vero
1308 4509 1568 4571 punctum
1599 4499 1902 4556 octodecim
1938 4502 2092 4556 annis

2203 4511 2392 4582 μορίῳ·
2427 4509 2533 4565 ἀπὸ
2551 4511 2607 4563 δὲ
2635 4509 2860 4580 σημείου
2887 4510 2978 4564 ἐπὶ
3011 4513 3233 4581 σημεῖον
3262 4505 3648 4563 ἀποκαθίσταται
3666 4497 3708 4546 ἐν

530 4592 869 4647 vertentibus
899 4591 1038 4647 redit
1079 4611 1091 4646 :
1130 4592 1174 4648 si
1207 4601 1290 4647 est
1338 4608 1653 4662 germanum
1703 4608 1842 4664 opus
1903 4592 2095 4647 Erato-

533 4684 763 4740 sthenis.
793 4683 893 4739 Hic
921 4685 1063 4739 enim
1093 4686 1694 4756 scripsit,ostenditque
1715 4702 1822 4740 non
1853 4699 1976 4741 esse
2007 4701 2097 4740 au—

530 4783 737 4831 ctorem
790 4774 1095 4833 Eudoxum.
1127 4776 1215 4841 At,
1245 4784 1308 4832 ut
1351 4787 1576 4832 censent
1619 4777 1733 4842 alii,
1763 4777 1823 4831 ﬁt
1867 4777 1961 4831 illa
2009 4793 2096 4832 re-

529 4868 710 4925 versio
766 4870 822 4923 in
872 4869 1030 4925 annis
1071 4885 1167 4925 sex
1205 4880 1258 4924 et
1291 4870 1633 4941 septuaginta
1671 4889 1684 4924 :
1721 4886 1842 4940 quae
1881 4877 1965 4926 est
1994 4869 2097 4926 Ca-

529 4959 662 5032 lippi
697 4962 986 5017 sententia.
1039 4961 1179 5016 Melo
1213 4977 1340 5016 vero
1381 4961 1756 5016 novemdecim
1785 4961 1946 5016 annis
1979 4961 2090 5017 ﬁeri

531 5059 701 5121 putat.
731 5051 902 5121 Quem
942 5054 1142 5108 Aratus
1170 5053 1257 5108 his
1281 5052 1536 5108 versibus
1566 5062 1788 5108 secutus
1810 5061 1896 5108 est
1928 5072 1943 5107 :

529 5193 739 5204 -————

745 5196 880 5205 ———-
901 5165 1229 5220 celebrantur
1257 5165 1375 5234 jam

537 5232 907 5290 Nooemdecim
934 5236 1118 5288 circuli
1149 5232 1411 5302 splendidi
1437 5235 1588 5288 solis.

534 5303 668 5375 Tum
705 5323 834 5375 quos
861 5323 893 5358 a
933 5305 1102 5360 balteo
1131 5305 1198 5358 ad
1231 5316 1522 5359 extremum
1551 5303 1798 5360 Orionem

535 5373 660 5428 Nox
688 5373 1136 5440 circumvolvitur,
1172 5386 1222 5430 et
1255 5375 1322 5428 ad
1348 5375 1542 5430 Canem
1577 5375 1831 5429 audacem
1861 5374 2093 5431 Orionis.

992 5488 1068 5543 De
1104 5489 1232 5543 solis
1264 5489 1649 5558 magnitudine.

605 5577 695 5631 20.
732 5577 846 5642 Sol,
889 5588 951 5633 ut
981 5581 1151 5645 aiunt,
1185 5589 1386 5635 terram
1434 5581 1808 5651 magnitudine
1856 5593 2096 5652 superat.

543 5669 775 5736 Quidam
803 5687 932 5727 vero
953 5671 1195 5742 pedalem
1217 5713 1232 5737 ,
1262 5673 1358 5726 alii-
1387 5673 1626 5742 octuplo,
1646 5674 1736 5728 alii
1783 5675 2099 5731 undevicies

652 5826 670 5860 ί
703 5825 741 5881 θ’.
766 5825 931 5881 δοκεῖ.
1028 5831 1046 5859 ¹
1084 5827 1340 5884 Mendosa
1375 5828 1475 5884 ista
1518 5837 1664 5884 sunt.

2195 4600 2792 4670 ὀκτωκαιδεκαετηρίδι,
2811 4601 2942 4670 εἴγε
2959 4601 3177 4672 γνήσιόν
3205 4602 3321 4653 ἐστι
3344 4599 3402 4652 τὸ
3429 4595 3708 4662 σύγγραμμα

2208 4691 2674 4764 Ἐρατοσθένους².
2721 4687 2890 4755 Οἶιτος
2940 4692 3049 4764 γὰρ
3095 4690 3397 4764 ἀνέγραψεν
3422 4676 3704 4742 δεικνὺςνώς

2193 4786 2294 4837 οὐκ
2352 4782 2436 4855 εἴη
2481 4783 2731 4850 Εὐδόξου.
2768 4783 2928 4838 Κατὰ
2975 4785 3033 4836 δέ
3079 4801 3232 4847 τινας
3273 4785 3324 4836 ὲν
3367 4767 3704 4847 ἑϐδομήκοντα³

2194 4873 2400 4928 ἔτεσιν·
2449 4868 2517 4944 ἦς
2547 4874 2704 4946 δόξης
2728 4877 2844 4930 ἐστὶ
2875 4877 2969 4929 καὶ
2993 4875 3306 4940 Κάλιππος.
3351 4871 3496 4928 Κατὰ
3535 4867 3582 4918 δὲ
3615 4859 3698 4916 Μέ-

2197 4983 2341 5019 τωνα
2381 4965 2446 5018 δι’
2482 4965 3126 5039 ὲννεακαιδεκαετηρίδος.
3159 4967 3344 5040 Ταύτῃ
3370 4951 3701 5031 κατηκολούθη-

2202 5075 2292 5111 σεν
2324 5058 2558 5129 ’Ἄρατος
2582 5075 2594 5087 ·
2630 5061 2765 5129 φησὶ
2796 5058 2904 5130 γάρ
2924 5077 2937 5089 ·
3325 5053 3335 5060 ’

2201 5200 2551 5210 ———-——
2584 5170 2959 5225 συναείδεται
2989 5171 3103 5239 ἤδη

2216 5241 2670 5294 Ἐννεακαίδεκα
2699 5243 2892 5294 κύκλα
2917 5241 3162 5310 φαεινοῦ
3186 5241 3401 5310 ἠελίοιο
3419 5252 3430 5268 '

2205 5310 2404 5364 Ὄσσα
2442 5311 2488 5363 τ’
2521 5310 2637 5364 ἀπὸ
2669 5311 2857 5377 ζώνης
2887 5308 2973 5377 εἷς
2999 5310 3264 5380 ἔσχατον
3293 5308 3509 5380 Ὠρίωνα

2205 5380 2333 5444 Νὺξ
2356 5375 2724 5445 ἐπιδινεῖται,
2765 5375 2930 5435 Κύνα
2949 5375 3024 5433 ’τε
3055 5375 3288 5447 θρασὺν
3323 5375 3572 5444 Ὠρίωνος·

2251 5559 2259 5574 ,
2651 5493 2788 5562 Περὶ
2825 5492 3113 5564 μεγέθους
3143 5492 3338 5560 ἡλίου.

2277 5591 2349 5637 κ’.
2370 5585 2614 5654 Μέγεθος
2646 5587 2795 5657 ἡλίου
2823 5586 3005 5657 μεῖζον
3029 5586 3131 5655 γῆς
3153 5603 3303 5654 φασι.
3328 5579 3425 5638 Καὶ
3448 5576 3490 5630 Ol
3520 5570 3597 5643 μέν

2203 5677 2390 5733 διαῖον·
2428 5681 2472 5732 οἱ
2529 5679 2583 5732 δὲ
2639 5679 3029 5733 ὀκταπλάσιον·
3071 5681 3117 5731 οί
3161 5678 3217 5731 δὲ
3253 5653 3682 5732 ἐννεακαιδεκαπλέο

1763 5830 1781 5859 ³
1807 5829 1847 5898 f.
1883 5827 1941 5894 ἓξ
1975 5829 2064 5882 καὶ
2092 5829 2200 5884 έδδ.
