3928 6266
119 255 255 311 961
916 256 1234 315 ACHILLIS
1269 255 1455 315 TATll
1489 256 1790 316 ISAGOGE
1827 255 1919 311 AD
1953 253 2162 310 ARATI
2194 254 2668 315 PIIIENOMENA.
3331 256 3442 314 962

123 383 312 423 σιον-
343 368 604 444 Φέρεσθαι
633 369 690 426 δὲ
722 370 884 426 αὐτὸν
931 372 1030 444 τὴν
1069 373 1319 426 ἐναντίαν
1358 376 1471 439 τοῖς
1495 375 1757 430 ἀπλανέσι

1864 372 2123 444 majorem
2178 371 2408 427 faciunt.
2462 372 2726 428 Eumdem
2768 374 3047 430 contrario
3075 373 3252 431 stellis
3301 376 3442 430 iner-

121 462 346 531 φορὰν
394 463 540 517 κατὰ
576 461 676 535 τὴν
707 463 842 518 ἰδίαν
873 463 1086 535 κίνησιν
1125 463 1234 518 ἀπὸ
1263 465 1482 536 δυσμῶν
1515 468 1600 520 ἐπ’
1625 467 1757 519 ἀνα-

1860 462 2110 519 rantibus
2141 478 2205 518 ac
2236 464 2457 534 proprio
2481 473 2637 519 motu
2665 465 2735 519 ab
2764 479 2965 522 occasu
3000 466 3055 520 in
3085 476 3265 522 ortum
3306 465 3437 520 ferri

118 553 359 619 τολάς·
385 554 617 624 ἄγεσθαι
641 555 695 608 δὲ
728 555 834 608 ὑπὸ
856 555 954 626 τῆς
994 554 1268 620 ἀπλανοῦς
1291 557 1402 610 ἀπὸ
1433 556 1538 610 τῶν
1571 557 1757 610 ἀνατο-

1860 552 2077 620 volunt;
2136 552 2354 608 interim
2408 555 2537 609 dum
2589 552 2662 609 ab
2708 553 3079 630 inerrantium.
3107 555 3320 626 sphaera
3368 555 3447 610 ab

122 644 342 700 λικῶν
380 645 565 717 μερῶν
611 647 703 699 ἐπὶ
749 646 819 699 τὰ
863 646 1076 714 δυτικὰ,
1137 649 1279 703 κατά
1321 649 1412 702 τὸν
1460 648 1757 722 Εὐριπίδην

1860 647 2048 702 ortivis
2086 645 2335 716 partibus
2376 646 2430 700 in
2461 645 2720 704 occiduas
2767 649 3002 719 rapitur,
3040 658 3099 703 ut
3156 649 3241 705 his
3273 650 3440 706 versi-

124 736 402 806 λέγοντα
424 751 438 766 ⁸

1861 739 1962 797 bus
2001 747 2232 794 testatur
2255 737 2545 811 Euripides
2579 759 2595 796 :

316 849 531 915 Δείξας
557 847 670 920 γὰρ
699 847 937 917 ἄστρων
968 847 1082 916 τὴν
1108 849 1392 904 ἐναντίαν
1422 849 1587 920 ὁδὸν,

2006 851 2231 908 Ostenso
2259 853 2397 908 enim
2424 863 2694 908 astrorum
2726 853 2996 909 contrario
3024 864 3192 922 motu,

314 920 554 989 Δήμους
584 920 634 974 τ’
666 920 900 984 ἔσωσα,
937 921 1036 973 καὶ
1078 921 1376 988 τύραννος
1416 919 1634 990 ἱζόμην.

1887 972 1890 974 ν
1989 922 2232 993 Populos
2264 925 2489 991 servavi,
2522 936 2569 980 et
2607 934 2866 998 tyrannus
2889 925 3125 981 consedi.

242 1032 485 1101 Ἀτρεὺς
538 1030 648 1102 γὰρ
709 1025 834 1103 εὗρε
877 1031 985 1084 τῶν
1022 1032 1308 1104 πλανήτων
1360 1032 1459 1103 τὴν
1511 1031 1760 1087 ἐναντίαν

132 1122 368 1195 φορὰν,
400 1121 594 1196 ῶσπερ
639 1122 736 1177 καὶ
781 1123 931 1195 ἡλίου
967 1123 1074 1177 ἀπὸ
1111 1123 1381 1178 ἀνατολῶν
1414 1124 1754 1195 κυλιομένου,

133 1216 259 1269 καὶ
295 1215 600 1287 φερομένου
627 1217 706 1280 εἰς
729 1215 958 1286 δυσμάς.
988 1216 1195 1288 Ὥσπερ
1225 1216 1352 1289 γὰρ,
1374 1218 1420 1270 εί
1446 1217 1598 1288 τύχοι
1623 1215 1760 1289 μύρ-

139 1309 283 1379 μηξ
339 1309 531 1380 ’ἕρπων
577 1307 774 1373 ἔξωθεν
808 1307 1160 1379 περιφερείας
1207 1309 1351 1372 τινὸς
1389 1308 1498 1362 ἀπὸ
1540 1309 1761 1381 δυσμῶν

139 1401 252 1452 ἐπ’
307 1399 581 1463 ἀνατολὰς
637 1400 739 1471 τὴν
791 1398 1040 1454 ἐναντίαν
1096 1399 1174 1471 τῷ
1220 1400 1400 1472 τροχῷ
1439 1400 1760 1473 ποιούμενος

1925 1037 2062 1094 Nam
2116 1037 2317 1095 Atreus
2353 1039 2691 1094 contrarium
2738 1045 2946 1094 motum
2980 1041 3324 1110 planetarum
3353 1053 3446 1094 reo

1857 1132 2022 1202 perit,
2058 1138 2120 1186 ut
2157 1140 2212 1187 et
2244 1132 2378 1188 solis
2429 1132 2498 1186 ab
2549 1140 2676 1188 ortu
2720 1133 2996 1188 tendentis
3033 1132 3102 1187 ad
3150 1147 3438 1188 occasum.

1859 1224 2072 1279 Etenim
2101 1225 2562 1295 quemadmodum
2589 1227 2634 1282 si
2660 1227 2888 1282 formica
2917 1228 2972 1281 in
3003 1227 3274 1282 exteriore
3303 1233 3446 1281 rotas

1859 1317 2068 1372 ambitu
2099 1317 2375 1371 contraria
2403 1328 2566 1388 atque
2598 1318 2691 1372 illa
2719 1305 3108 1390 progressione
3135 1317 3204 1372 ab
3233 1331 3442 1373 occasu

1858 1416 2140 1463 moveatur
2174 1409 2231 1463 in
2258 1410 2548 1478 orientem,
2578 1411 2790 1465 accidet
2813 1411 2867 1465 id
2903 1411 3146 1482 quidem,
3178 1410 3256 1464 uti
3300 1417 3442 1465 rotae

139 1491 424 1560 πορείαν,
458 1492 798 1563 συμϐήσεται
831 1493 994 1546 αὐτὸν
1025 1493 1130 1546 ὑπὸ
1165 1493 1262 1563 μὲν
1300 1494 1401 1565 τῆς
1440 1493 1536 1548 τοῦ
1563 1495 1757 1567 τροχοῦ

142 1583 568 1653 περιδινήσεως
618 1582 725 1634 ἀπὸ
771 1583 1046 1636 ἀνατολῶν
1098 1583 1192 1636 ἐπὶ
1250 1583 1459 1656 δυσμὰς
1510 1585 1756 1654 ἄγεσθαι,

143 1675 276 1726 ὑπὸ
307 1673 368 1727 δὲ
397 1674 500 1743 τῆς
535 1673 665 1736 ἰδίας
685 1677 950 1746 κινήσεως
979 1675 1089 1730 ἀπὸ
1114 1675 1334 1746 δυσμῶν
1360 1678 1446 1730 ἐπ’
1473 1677 1756 1743 ἀνατολάς.

157 1766 349 1834 Ἡμῖν
396 1765 455 1818 δὲ
487 1765 934 1837 δυσκατάληπτον
986 1761 1126 1821 εἷναι
1162 1766 1450 1838 συμϐαίνει
1478 1770 1579 1840 τὴν
1620 1771 1757 1825 ἰδίαν
1787 1751 1832 1810 Β

145 1855 340 1908 αὑτοῦ
393 1856 632 1926 κίνησιν,
661 1855 757 1910 ἆτε
781 1855 847 1926 δὴ
879 1856 1083 1927 μικρὰν
1120 1851 1316 1911 οὖσαν⁸
1347 1857 1428 1911 διὸ
1461 1859 1554 1913 καὶ
1582 1877 1760 1932 παρα-

145 1948 357 2020 τρέχει
393 1948 552 2019 ἡμῶν
576 1946 673 2019 τὴν
707 1945 827 2016 δψιν
853 1949 887 2018 ἠ
915 1947 1010 2000 τοῦ
1047 1947 1336 2020 μύρμηκος
1369 1950 1604 2023 κίνησις,
1639 1951 1762 2018 ὀξυ-

146 2039 341 2110 τέρας
377 2038 546 2109 οὓσης
573 2039 672 2110 τῆς
715 2037 909 2110 τροχοῦ
929 2054 940 2068 ·
974 2038 1069 2092 τὸν
1094 2038 1256 2092 αὐτὸν
1283 2039 1484 2110 τρόπον
1525 2041 1634 2095 νόει
1665 2044 1760 2096 καὶ

148 2130 259 2182 ἐπὶ
311 2128 491 2200 ήλίου.
530 2128 710 2181 Ἔστω
741 2127 850 2200 γὰρ
878 2127 1074 2200 τροχὸς
1106 2129 1134 2181 ὁ
1165 2128 1412 2200 οὐρανὸς,
1451 2131 1481 2183 ὁ
1523 2131 1579 2184 δὲ
1608 2132 1758 2204 ἥλιος

149 2219 290 2271 ἀντὶ
331 2217 644 2290 μύρμηκος.
688 2218 799 2290 Τὴν
829 2216 887 2271 δὲ
911 2217 1074 2284 δεῖξιν
1109 2216 1313 2290 ταύτην
1343 2219 1428 2272 ἐπ’
1460 2219 1631 2292 αὐτῆς
1660 2223 1759 2294 τῆς

154 2314 420 2381 σφαίρας
468 2309 613 2363 ἐστιν
664 2309 810 2364 ἰδεῖν.
864 2307 989 2364 Ἐὰν
1030 2308 1140 2382 γὰρ
1173 2308 1501 2382 ὐποθὼμεθα
1543 2311 1758 2385 πρῶτον

153 2402 492 2456 ἀνατέλλειν
540 2401 731 2474 Κριὸν,
759 2400 854 2456 καὶ
891 2401 982 2456 τὸν
1013 2401 1163 2472 ἥλιον
1189 2403 1247 2455 ὲν
1274 2400 1447 2474 τούτῳ
1471 2397 1630 2470 εἶναι,
1665 2404 1758 2457 ἐπὶ

153 2496 394 2567 ἡμέρας
427 2494 469 2548 λ’
500 2495 596 2567 τὴν
633 2493 932 2565 μετάϐασιν
973 2493 1138 2548 αὐτοῦ
1186 2495 1295 2548 ἀπὺ
1330 2494 1422 2549 τοῦ
1461 2495 1634 2566 Κριοῦ
1666 2497 1758 2572 εὐέ

159 2590 442 2660 ρίσκομεν
473 2588 552 2651 είς
582 2587 673 2640 τὸν
706 2586 916 2658 Ταῦρον
944 2588 1233 2658 γινομένην
1256 2603 1270 2616 ο
1303 2589 1331 2641 ό
1368 2586 1412 2639 δ’
1461 2587 1577 2641 ἐστὶ
1619 2573 1758 2658 μετὰ

156 2680 258 2733 τὸν
295 2680 489 2751 Κριόν.
532 2678 666 2732 Ἀπὸ
691 2677 797 2732 τῶν
827 2676 1058 2732 δυτικῶν
1077 2678 1185 2750 ἄρα
1206 2677 1389 2750 μερῶν
1413 2678 1506 2730 ἐπὶ
1533 2679 1602 2732 τὰ
1628 2679 1760 2734 ἀνα-

155 2770 388 2832 τολικὰ,
418 2769 530 2823 ἀλλ’
568 2768 688 2839 οὐχ).
716 2758 982 2822 ἀνάπαλὶν
1007 2768 1115 2821 ἀπὸ
1149 2767 1260 2821 τῶν
1296 2767 1633 2822 ἀνατολικῶν
1664 2769 1757 2822 ἐπὶ

155 2858 234 2912 τὰ
292 2859 489 2913 δυτικὰ
527 2858 850 2930 εὑρίσκομεν
893 2857 1190 2930 φερόμενον
1217 2857 1399 2912 αὐτόν.
1435 2858 1607 2930 Δῆλον
1640 2854 1754 2925 οὖν,

157 2952 242 3015 ὡς
286 2954 542 3016 κινεῖται,
577 2952 669 3006 καὶ
702 2951 924 3023 φέρεται
955 2950 1096 3004 κατὰ
1124 2950 1221 3022 τὴν
1256 2951 1391 3005 ἰδίαν
1417 2950 1629 3024 κίνησιν
1651 2952 1759 3007 ἀπὸ

155 3043 283 3096 τῶν
315 3043 547 3096 δυτικῶν
579 3045 671 3097 ἐπὶ
703 3043 769 3096 τὰ
798 3043 1114 3098 ἀνατολικὰ.

743 3137 882 3204 Περὶ
908 3135 1199 3205 σελήνης.

233 3234 353 3282 κα’.
387 3228 543 3292 Τινὲς
567 3228 688 3282 οὐδὲ
713 3227 848 3292 ὅλως
874 3227 1152 3298 βούλονται
1181 3224 1318 3282 εἶναι
1347 3231 1598 3306 σελήνην.
1627 3233 1757 3287 Ἀλ-

157 3325 248 3377 λοι
287 3323 346 3376 δὲ
374 3323 545 3394 αὐτὴν
591 3322 649 3390 ἐξ
680 3322 1099 3394 ἀναθυμιάσεως
1140 3325 1244 3396 γῆς
1292 3322 1429 3380 εἶναι
1470 3329 1716 3398 λέγουσιν
1739 3347 1753 3362 '

157 3417 356 3488 ἕτεροι
387 3415 446 3470 δὲ
477 3415 544 3468 ὲκ
585 3416 756 3486 πυρός
776 3432 790 3447 ο
823 3414 971 3470 ἄλλοι
1017 3416 1113 3469 καὶ
1141 3417 1305 3489 ἀέρος
1326 3435 1340 3448 ·
1371 3419 1520 3474 ἄλλοι
1547 3423 1612 3476 ὲκ
1649 3421 1758 3477 τῶν

158 3509 461 3579 τεσσάρων
510 3507 820 3577 στοιχείων·
876 3506 1054 3580 ἕτεροι
1107 3509 1166 3562 δὲ
1215 3510 1316 3580 γῆν
1357 3515 1758 3587 πεπυρωμένην

161 3601 519 3673 στερέμνιον,
550 3599 779 3670 ἔχουσαν
818 3599 960 3672 πῦρ⁶
989 3595 1127 3654 εἶναι
1155 3601 1212 3655 δὲ
1241 3604 1326 3655 ἐπ’
1356 3605 1525 3676 αὐτῆς
1545 3609 1758 3679 οῐκησιν

161 3691 366 3762 ἄλλην,
398 3688 680 3760 ποταμούς
700 3706 760 3741 τε
783 3689 877 3742 καὶ
906 3690 1009 3744 ὅσα
1035 3689 1128 3744 ἐπὶ
1153 3692 1256 3762 γῆς
1281 3707 1296 3720 ’
1326 3695 1420 3748 καὶ
1444 3695 1536 3749 τὸν
1568 3697 1759 3752 λέοντα

158 3781 258 3834 τὸν
287 3781 566 3850 Νεμεαῖον
594 3779 802 3833 ἐκεῖθεν
833 3782 1018 3834 πεσεῖν
1049 3780 1450 3852 μυθολογοῦσιν.
1501 3787 1759 3858 Ἐμπεδο-

161 3872 305 3943 κλῆς
349 3871 408 3924 δὲ
440 3871 782 3942 ἀπόσπασμα
825 3873 998 3943 αὑτήν
1037 3891 1202 3944 φησιν
1245 3874 1420 3943 ἡλίου.
1463 3879 1660 3951 Σχῆμα
1699 3881 1757 3935 δὲ

159 3967 344 4038 αὐτῆς
392 3967 444 4018 οἱ
494 3967 590 4036 μὲν
631 3966 987 4038 σφαιροειδὲς,
1037 3967 1088 4020 οι
1133 3967 1191 4021 δὲ
1235 3970 1549 4036 δισκοειδές.
1600 3973 1759 4028 Κατὰ

166 4059 325 4128 μῆνα
345 4057 405 4111 δὲ
435 4057 676 4111 ἐκλείπει
699 4074 713 4087 ο
738 4057 814 4120 ὼς
841 4057 938 4128 μὲν
964 4058 1316 4130 Ἡράκλειτός
1341 4079 1528 4134 φησιν,
1556 4063 1759 4135 ὁμοίως

160 4152 245 4224 τῷ
288 4151 436 4224 ἡλίῳ
466 4150 563 4205 τοῦ
595 4151 918 4221 φωτοειδοῦς
966 4154 1244 4224 σχήματος
1286 4157 1720 4228 ἀναστραφέντος
1739 4176 1754 4190 ’

162 4245 324 4301 ἄλλοι
355 4244 415 4298 δὲ
445 4243 545 4322 τοῦ
580 4243 804 4316 στομίου
837 4242 934 4298 τοῦ
971 4246 1331 4317 τροχοειδοῦς,
1362 4248 1430 4302 δι’
1456 4244 1518 4304 οὗ
1545 4250 1758 4322 ἐκπέμ-

161 4353 340 4390 πεται
380 4321 458 4388 to.
485 4334 623 4404 φῶς,
653 4335 1096 4406 ἀποφραχθέντος
1115 4353 1128 4367 ·
1185 4335 1261 4400 ὡς
1312 4337 1368 4390 δὲ
1414 4338 1584 4403 ἄλλοι,
1631 4321 1757 4395 ὅταν

163 4429 305 4500 περὶ
336 4428 400 4480 τὸ
432 4427 714 4489 κωνοειδὲς
746 4426 847 4498 τῆς
891 4427 995 4499 γῆς
1039 4427 1264 4499 γένηται
1305 4427 1565 4483 δύνουσαο
1591 4431 1666 4496 ὡς
1698 4433 1756 4487 δὲ
1793 4437 1835 4492 D

161 4525 212 4576 oi
249 4520 463 4586 πολλοὶ,
502 4521 644 4574 κατὰ
686 4520 978 4592 διάμετρον
1008 4521 1310 4592 γενομένην
1344 4521 1499 4594 ἡλίῳ.
1544 4523 1756 4578 Γίνεται

161 4615 222 4670 δὲ
250 4613 404 4669 κατὰ
440 4613 587 4684 μῆνα
626 4611 878 4667 ἕκαστον.
908 4611 1076 4666 Γὲννα
1114 4611 1173 4664 δὲ
1213 4611 1464 4685 σελήνης,
1500 4614 1596 4668 καὶ
1626 4616 1758 4668 ἀνα..

160 4708 302 4778 τολὴ
333 4706 600 4777 διαφέρει.
636 4704 791 4759 Μετὰ
816 4703 926 4776 γὰρ
948 4706 1098 4776 τρεῖς
1129 4703 1162 4775 ἢ
1199 4703 1472 4777 τέσσαρας
1499 4705 1593 4760 τοῦ
1637 4724 1759 4777 γεν-

162 4801 407 4871 νηθῆναι
444 4799 656 4870 ἡμέρας
681 4796 948 4868 φαίνεται,
981 4797 1078 4850 καὶ
1109 4796 1207 4867 οὐχ
1236 4795 1354 4867 ἅμα
1389 4796 1466 4868 τῷ
1494 4799 1758 4870 γεννηθῇ

163 4909 285 4947 ναι.
329 4891 632 4942 Ἀνατέλλει
667 4889 724 4942 δὲ
760 4889 862 4959 οὐχ
897 4887 1018 4941 ὅλον
1063 4887 1122 4940 τὸ
1159 4885 1274 4956 φῶς
1301 4887 1499 4958 ἔχουσα
1533 4906 1757 4961 περιφε-

167 4984 290 5053 ρὲς,
319 4981 459 5034 ἀλλὰ
490 4980 774 5052 μηνοειδής
793 4998 806 5010 ·
836 4978 996 5050 μέχρι
1020 4977 1077 5031 δὲ
1101 4975 1195 5032 τοῦ
1218 4977 1441 5050 ἡμίσεος
1463 4976 1758 5051 αὐξηθεῖσα

161 5077 385 5146 γίνεται
414 5075 715 5146 διχότομος.
755 5071 880 5126 Ἐὰν
908 5071 965 5125 δὲ
997 5071 1058 5124 τὸ
1080 5071 1325 5142 δίμοιρον
1359 5073 1752 5146 περιφωτισθῇο

163 5168 420 5221 καλεῖται
455 5167 798 5238 ἀμφίκυρτος
819 5181 834 5195 ι
865 5162 1216 5235 πληρωθεῖσα
1243 5162 1300 5215 δὲ
1323 5162 1532 5230 γίνεται
1563 5164 1758 5237 πληρο-

166 5261 418 5330 σέληνος,
454 5259 548 5313 καὶ
581 5259 937 5329 πανσέληνος,
979 5256 1075 5310 καὶ
1115 5255 1429 5326 διχόμηνις·
1476 5272 1758 5310 πεντεκαι-

163 5352 430 5405 δεκαταία
459 5351 569 5423 γάρ
614 5353 730 5402 ἐστι
761 5347 1111 5420 πληρωθεῖσα
1137 5363 1151 5377 ⁸
1181 5347 1209 5400 ὄ
1255 5347 1404 5398 ἐστιν
1447 5346 1621 5417 ἥμισυ
1653 5365 1757 5419 μη-

165 5442 283 5504 νὸς,
315 5440 686 5511 δικαζομένων
717 5437 828 5491 τῶν
860 5435 902 5488 λ’
932 5435 1175 5508 ἡμερῶν.
1207 5433 1318 5488 Καὶ
1350 5432 1512 5487 πάλιν
1546 5429 1612 5488 αὖ
1646 5435 1756 5488 ἀπὸ

165 5535 268 5604 τῆς
296 5531 636 5603 πανσελήνου
667 5529 892 5600 ἄρχεται
923 5526 1226 5598 μειοῦσθαι,
1255 5524 1351 5579 καὶ
1378 5525 1587 5593 γίνεται
1610 5525 1758 5596 πρῶ-

165 5645 262 5680 τον
315 5625 688 5696 ἀμφίκυρτος,
744 5617 861 5674 εἶτα
910 5620 1212 5691 διχόμηνις,
1265 5615 1384 5671 εἶτα
1443 5617 1749 5689 μηνοειδής.

157 5691 444 5786 ἱ¹Δξιον-δε
466 5691 697 5788 ζητῆσαι
719 5714 771 5767 τί
795 5713 988 5784 δήποτε
1017 5711 1112 5766 ἐπὶ
1142 5709 1234 5764 τοῦ
1264 5709 1440 5780 φωτὸς
1473 5709 1571 5780 τῆς
1593 5706 1754 5778 σελήο

1782 3089 1830 3154 C

1858 1496 2182 1554 circuitione
2223 1499 2293 1556 ab
2349 1502 2560 1556 oriente
2601 1501 2848 1571 rapiatur
2891 1516 3148 1556 occasum
3184 1516 3380 1557 versus
3416 1519 3434 1558 :

1857 1598 2053 1662 suopte
2085 1608 2216 1648 vero
2242 1601 2392 1648 motu
2435 1595 2503 1650 ab
2531 1609 2732 1650 occasu
2754 1595 2810 1649 in
2841 1602 3044 1649 ortum.
3075 1595 3146 1649 At
3173 1610 3274 1650 nos
3306 1609 3436 1666 pro-

1859 1684 2037 1754 prium
2073 1685 2221 1741 illius
2255 1687 2648 1757 motum,quod
2677 1686 3018 1742 lentissimus
3044 1686 3134 1754 sit,
3161 1702 3300 1758 aegre
3323 1687 3439 1742 dis-

1858 1778 2153 1833 cernimus.
2174 1776 2257 1832 0b
2283 1778 2335 1832 id
2361 1779 2553 1835 oculos
2583 1786 2805 1835 nostros
2834 1779 3018 1849 effugit
3047 1778 3289 1834 formica:
3317 1793 3439 1848 pro-

1859 1867 2091 1936 gressio,
2123 1867 2268 1938 quod
2305 1869 2377 1924 sit
2409 1869 2698 1924 conversio
2749 1870 2840 1924 illa
2891 1855 3026 1926 rotae
3075 1871 3310 1925 citatior.
3330 1868 3439 1924 Eo-

1859 1959 1982 2015 dem
2020 1960 2183 2015 modo
2217 1967 2271 2016 et
2300 1961 2368 2016 de
2406 1961 2522 2016 sole
2558 1962 2906 2032 cogitandum
2941 1969 3047 2024 est,
3079 1967 3140 2015 ut
3169 1962 3216 2016 is
3255 1961 3439 2015 formi-

1859 2064 1938 2105 cae
1973 2050 2150 2105 instar
2182 2050 2274 2118 sit,
2310 2051 2511 2105 cmlum
2551 2059 2705 2106 rotae.
2733 2051 2888 2118 Quod
2940 2051 3077 2107 adeo
3123 2053 3178 2105 in
3221 2052 3436 2122 sphaera

1859 2139 1977 2210 ipsa
2007 2139 2374 2196 demonstrari
2398 2147 2596 2210 potest.
2617 2140 2754 2196 Nam
2776 2142 2822 2197 si
2848 2143 3224 2213 concipiamus
3251 2145 3438 2199 animo

1857 2233 2094 2304 primum
2141 2231 2380 2289 Arietem
2429 2235 2652 2299 exoriri,
2686 2235 2742 2290 in
2773 2251 2946 2305 eoque
2986 2238 3193 2292 versari
3235 2238 3432 2303 solem,

1861 2331 1986 2396 post
2005 2324 2074 2378 50
2097 2324 2216 2380 dies
2243 2325 2312 2380 ab
2330 2325 2516 2382 Ariete
2534 2327 2826 2383 transitum
2855 2328 2922 2384 ab
2943 2329 3037 2384 illo
3057 2329 3263 2385 factum
3283 2331 3437 2386 inve-

1858 2419 2043 2473 nimus
2075 2415 2144 2472 ad
2171 2415 2432 2484 Taurum,
2465 2418 2562 2489 qui
2601 2420 2670 2476 ab
2690 2418 2874 2476 Ariete
2902 2421 3187 2491 proximus
3208 2430 3314 2478 est.
3335 2421 3437 2494 lgi-

1859 2519 1949 2565 tur
1971 2510 2041 2566 ab
2073 2509 2320 2566 occiduis
2349 2511 2601 2581 partibus
2636 2513 2704 2568 ad
2737 2515 3056 2579 orientales,
3094 2530 3202 2570 non
3239 2524 3436 2571 contra

1858 2600 1928 2657 ab
1957 2601 2317 2658 orientalibus
2355 2603 2421 2657 ad
2456 2603 2726 2668 occiduas
2757 2604 2910 2659 illum
2951 2605 3084 2660 cieri
3130 2606 3439 2676 deprehen—

1858 2691 2060 2749 dimus.
2097 2690 2369 2758 Quocirca
2422 2693 2650 2748 dubium
2688 2710 2797 2750 non
2840 2703 2945 2760 est,
2976 2697 3186 2752 moveri
3229 2698 3434 2767 ipsum,

1858 2781 2120 2855 ferrique
2152 2783 2378 2856 pr0prio
2457 2793 2612 2840 motu
2663 2785 2733 2842 ab
2780 2787 3029 2843 occiduis
3076 2788 3327 2859 partibus
3378 2789 3434 2844 in

1857 2875 2172 2932 orientales.

2455 3121 2565 3193 83
2605 3120 2683 3176 De
2721 3121 2868 3176 luna.

1888 3195 1892 3200 ’
1926 3209 2017 3267 21.
2054 3208 2194 3266 Sunt
2221 3211 2315 3282 qui
2357 3212 2544 3268 lunam
2602 3229 2727 3270 esse
2771 3213 3022 3270 funditus
3061 3223 3281 3286 negent.
3327 3214 3436 3271 Alii

1857 3304 2092 3361 terrenis
2111 3304 2555 3361 exhalationibus
2586 3319 2841 3363 constare
2864 3314 3087 3377 putant;
3113 3309 3336 3378 quidam
3367 3325 3437 3364 ex

1857 3397 2019 3468 igne;
2052 3397 2144 3451 alii
2177 3413 2244 3452 ex
2284 3413 2445 3466 aere;
2479 3399 2733 3454 nonnulli
2767 3414 2834 3454 ex
2877 3396 3163 3456 elementis
3199 3408 3438 3472 quatuor

1858 3488 2164 3556 exsistere;
2193 3489 2365 3560 aliqui
2394 3497 2599 3544 terram
2641 3491 2893 3562 ignitam,
2929 3492 3184 3558 solidam,
3228 3502 3282 3548 et
3311 3494 3437 3564 igne

1864 3580 2257 3638 circumfusam
2305 3597 2431 3638 esse
2478 3583 2746 3637 sentiunt.
2797 3583 2879 3638 Ad
2918 3584 3034 3638 haec
3069 3585 3232 3639 aliam
3279 3585 3334 3639 in
3367 3600 3433 3640 ea

1861 3677 2144 3748 regionem
2175 3676 2245 3732 ad
2289 3677 2655 3732 habitandum
2712 3677 2936 3742 inesse,
2969 3693 3094 3732 cum
3154 3676 3331 3734 fluviis
3378 3686 3435 3733 et

1858 3769 2098 3834 caeteris,
2134 3784 2258 3839 quae
2288 3769 2342 3823 in
2387 3775 2536 3824 terra
2585 3769 2868 3824 videntur.
2919 3770 3160 3841 Indeque
3201 3769 3434 3828 Nemees

1857 3861 2010 3916 illum
2044 3861 2260 3917 leonem
2294 3860 2582 3932 delapsum
2623 3877 2749 3917 esse
2781 3862 3011 3919 fabulati
3045 3871 3198 3920 sunt.
3231 3862 3434 3936 Empe»

1857 3952 2046 4009 docles
2086 3953 2335 4008 avulsam
2395 3953 2538 4007 hanc
2587 3969 2618 4008 a
2675 3955 2790 4010 sole
2821 3965 3033 4024 partem
3065 3971 3190 4012 esse
3223 3956 3430 4011 docuit.

1856 4041 2115 4114 Figuram
2145 4044 2332 4108 habet,
2367 4052 2427 4098 ut
2456 4042 2681 4113 quidam
2719 4045 2825 4098 rati
2871 4053 3024 4110 sunt,
3075 4045 3324 4115 sphaerae,
3373 4053 3435 4100 ut

1858 4138 1974 4202 alii,
2015 4136 2154 4192 disci
2190 4136 2448 4192 similem.
2485 4135 2678 4192 Deficit
2719 4153 2908 4194 mense
2951 4137 3238 4207 quolibet:
3286 4137 3435 4208 quod

1860 4229 2206 4291 Heraclitus,
2242 4228 2501 4282 similiter
2530 4237 2696 4297 atque
2733 4228 2788 4280 in
2826 4227 2964 4292 sole,
2997 4226 3115 4282 fieri
3160 4235 3318 4297 putat
3347 4228 3436 4282 in-

1857 4336 2019 4377 versa
2053 4319 2377 4391 splendente
2403 4319 2601 4374 forma.
2624 4319 2728 4372 Alii
2763 4333 2898 4373 cavo
2931 4319 3026 4372 illo
3058 4318 3435 4388 circinatoque

1859 4426 1976 4473 ore,
2017 4425 2115 4481 per
2139 4409 2284 4481 quod
2321 4411 2504 4463 lumen
2526 4409 2820 4470 emittitur,
2853 4409 3178 4475 obstructo;
3211 4409 3432 4478 quidam

1859 4514 1990 4559 tunc
2019 4503 2270 4558 accidere
2296 4511 2542 4566 censent,
2575 4519 2700 4557 cum
2730 4503 2875 4556 circa
2897 4512 3059 4557 terrae
3087 4516 3288 4556 conum
3311 4517 3434 4556 ver-

1858 4605 2015 4651 satur
2043 4595 2326 4650 occidens.
2357 4595 2684 4650 Communis
2706 4603 2792 4650 est
2821 4594 3029 4664 opinio,
3061 4594 3115 4649 id
3145 4601 3262 4648 tum
3291 4593 3431 4658 ﬁeri,

1857 4702 1982 4742 cum
2013 4702 2080 4742 ex
2119 4686 2388 4741 diametro
2421 4686 2524 4741 soli
2568 4695 2654 4741 est
2692 4685 2947 4741 obversa.
2993 4683 3109 4740 Hoc
3142 4701 3270 4741 vero
3317 4685 3434 4740 sin-

1859 4781 2002 4852 gulis
2043 4780 2327 4835 mensibus
2357 4778 2557 4835 evenit.
2592 4777 2784 4833 Dilfert
2814 4785 2998 4833 autem
3026 4778 3095 4833 ab
3120 4785 3245 4832 ortu
3291 4778 3436 4831 lunae

1859 4873 2137 4928 nativitas.
2173 4869 2388 4942 Quippe
2437 4879 2562 4941 post
2609 4880 2724 4925 tres
2770 4877 3098 4940 quatuorve,
3134 4884 3300 4941 quam
3348 4877 3435 4924 est

1858 4973 2009 5028 nata,
2046 4964 2163 5019 dies
2192 4969 2439 5034 apparet,
2463 4977 2574 5016 non
2606 4962 2768 5018 simul
2799 4971 2964 5032 atque
2999 4970 3127 5016 nata
3157 4971 3260 5018 est.
3292 4961 3431 5016 Cum

1857 5057 2072 5120 oritur,
2123 5071 2234 5111 non
2274 5056 2606 5125 completum
2661 5054 2824 5110 habet
2862 5055 3005 5110 lucis
3051 5055 3279 5121 orbem,
3334 5057 3430 5110 sed

1859 5147 2145 5202 falcatum.
2197 5146 2410 5201 Exinde
2461 5145 2528 5200 ad
2579 5145 2867 5200 dimidium
2902 5152 3097 5210 aucta,
3131 5146 3470 5215 semiplena.

1861 5239 1940 5295 fit.
1969 5239 2072 5295 Ubi
2121 5240 2283 5295 besse
2331 5238 2655 5293 collustrata
2700 5248 2805 5303 est,
2856 5236 3220 5309 ἀμφίκυρτος,
3266 5238 3320 5291 id
3351 5249 3438 5294 est

1857 5333 2087 5405 gibbosa
2125 5331 2478 5398 nominatur;
2527 5330 2782 5386 absoluto
2808 5329 2918 5400 jam
2953 5330 3085 5385 orbe
3114 5329 3274 5400 plena
3304 5329 3434 5384 luna

1857 5427 2082 5489 dicitur,
2108 5434 2182 5484 .et
2223 5423 2628 5496 plenilunium;
2673 5424 2822 5495 quod
2861 5423 3078 5479 decimo
3117 5421 3314 5493 quinto
3345 5421 3436 5476 die

1857 5519 2081 5590 accidit,
2115 5518 2220 5573 hoc
2260 5525 2348 5573 est
2394 5516 2625 5588 dimidio
2659 5532 2850 5573 mense
2881 5556 2898 5581 ,
2954 5516 3186 5572 tricenis
3236 5513 3435 5570 diebus

1857 5611 2113 5667 bifariam
2158 5609 2399 5680 partitis.
2438 5607 2571 5666 Post
2615 5610 2671 5665 id
2708 5618 2926 5681 tempus
2965 5609 3141 5665 minui
3193 5608 3429 5679 incipit:

1858 5719 1922 5758 ac
1943 5703 2180 5773 primum
2215 5701 2506 5758 dimidiato
2535 5704 2670 5759 orte
2697 5703 2892 5776 major,
2939 5709 3054 5758 tum
3092 5700 3319 5758 dimidia
3345 5698 3430 5773 fit,
