3928 6266
531 255 641 314 965

1552 256 1642 310 AD
1681 251 1952 310 EUSEB"
1975 249 2393 308 CHRONICON
2425 253 2788 312 APPENDIX.
3685 269 3770 324 9σί

533 374 660 432 inde
718 372 933 428 falcata.
965 371 1064 429 Hic
1109 388 1218 428 non
1271 374 1510 430 absurde
1559 375 1832 444 quaeritur
1882 387 1992 444 qua
2031 369 2090 426 de

2206 388 2306 442 γης
2333 373 2504 427 ταῦτα
2533 375 2602 428 τὰ
2649 379 2906 448 σχήματα
2954 378 3177 445 γίνεται.
3228 379 3384 450 Πρὸς
3435 380 3500 451 δὴ
3545 382 3696 438 τοῦτο
3729 390 3767 442 οἰ

530 477 696 518 causa
739 469 822 518 tot
858 464 916 518 in
960 465 1088 519 luna
1143 465 1358 536 species
1416 464 1703 520 accidant.
1750 463 2100 535 Respondent

530 551 720 622 aliqui,
747 567 872 608 cum
909 554 1060 608 circa
1089 562 1250 610 teme
1278 570 1478 610 conum
1519 555 1768 622 exsistit,
1799 555 1853 608 id
1889 555 1942 609 ei
1970 568 2106 608 con-

529 645 762 717 tingere.
790 645 945 702 Velut
975 649 1025 704 si
1057 649 1185 720 quis
1225 659 1465 706 montem
1497 649 1882 708 conscendens
1905 650 1961 705 in
1981 650 2102 720 ejus

526 741 734 795 vertice
761 743 1046 809 consistat,
1079 748 1236 798 totus
1265 758 1296 798 e
1331 743 1632 814 longinquo
1667 745 1916 815 prospici
1943 751 2104 815 pote-

528 829 622 884 rit.
653 830 801 887 idem
843 835 894 889 si
947 833 1015 888 ad
1067 844 1279 906 partem
1316 837 1550 892 alteram
1594 837 1963 902 descenderit,
2005 837 2100 904 iis,

525 921 621 992 qui
652 937 793 994 pone
821 923 1002 994 ipsum
1045 933 1236 991 erunt,
1275 942 1385 982 non
1421 927 1535 999 jam
1583 937 1733 986 totus
1772 933 2100 1001 apparebit;

526 1014 626 1071 sed
679 1026 876 1086 praeter
929 1017 1094 1090 pedes
1142 1020 1322 1090 primo
1361 1021 1631 1091 reliquum
1683 1037 1888 1094 corpus
1920 1063 1937 1091 ,
1985 1032 2100 1078 tum

524 1109 789 1180 paulatim
843 1113 1018 1184 magis
1060 1114 1345 1185 magisque
1399 1115 1695 1172 demittens
1743 1132 1868 1172 sese
1929 1117 2100 1172 videri

523 1208 675 1259 totus
713 1201 946 1259 desinet.
1005 1205 1125 1260 Non
1175 1219 1341 1262 secus
1378 1206 1433 1261 in
1485 1208 1620 1262 luua
1668 1208 1786 1264 ﬁeri
1829 1217 2094 1277 censent;

522 1295 685 1367 plena
714 1303 775 1350 ut
804 1297 937 1352 alias
966 1306 1249 1363 cernatur,
1275 1298 1414 1354 alias
1447 1309 1600 1369 parte
1623 1301 1708 1355 sui
1749 1301 1948 1367 lucida,
1974 1317 2096 1356 cum

522 1397 605 1445 est
636 1389 692 1445 in
721 1405 862 1445 cono
909 1398 1113 1448 terrae:
1159 1409 1271 1448 nou
1316 1394 1466 1464 quod
1506 1397 1786 1450 minuatur
1821 1399 1964 1466 ipsa,
2001 1395 2098 1452 sed

521 1481 668 1552 quod
704 1482 880 1537 nobis
903 1483 980 1538 ita
1014 1483 1288 1540 videatur.
1330 1484 1536 1542 Verum
1568 1488 1662 1558 qui
1695 1487 1905 1558 speculi
1938 1487 2098 1543 simi-

520 1571 627 1628 lem
661 1588 782 1628 eam
829 1589 950 1630 esse
999 1575 1214 1642 dicunt,
1248 1577 1585 1634 defectiones
1644 1580 1817 1650 ipsam
1856 1579 2123 1650 experiri.

519 1667 794 1734 sentiunt;
827 1668 1026 1738 quibus
1055 1668 1297 1726 eﬁicitur‘
1319 1680 1378 1726 ut
1402 1672 1674 1728 interdum
1701 1674 1860 1743 plena
1889 1688 2089 1728 cerua-

518 1762 632 1820 tur,
658 1756 795 1812 alias
829 1757 970 1813 lucis
1010 1758 1216 1828 indiga.
1249 1759 1720 1826 Quemadmodum
1742 1762 1835 1832 qui
1869 1769 2088 1830 sumpto

517 1850 748 1921 speculo
777 1850 1037 1922 imaginis
1076 1851 1329 1908 refracta:
1363 1854 1601 1924 speciem
1635 1853 1692 1907 in
1741 1867 1807 1908 eo
1841 1855 2092 1908 contueri

515 1944 669 2008 velit,
729 1943 867 1998 illud
917 1944 1024 2000 sibi
1083 1960 1150 2000 ex
1200 1946 1428 2001 adverso
1474 1946 1730 2001 collocat.
1773 1946 1852 2000 Ita
1889 1948 2092 2017 quippe

515 2041 692 2090 totum
724 2035 780 2090 in
813 2051 879 2092 eo
925 2035 1136 2090 vultum
1170 2050 1331 2090 suum
1383 2037 1650 2107 aspiciet;
1687 2037 1772 2092 sin
1805 2040 2090 2108 speculum

513 2140 584 2182 ex
618 2126 840 2197 obliquo
870 2127 1191 2197 respexerit,
1215 2136 1380 2198 prout
1411 2129 1885 2203 eritlobliquatio,
1921 2129 2094 2185 decli-

514 2218 776 2289 natioque
803 2221 1032 2289 speculi,
1069 2220 1307 2286 bessem,
1357 2229 1451 2274 aut
1491 2221 1799 2287 semissem,
1844 2231 1938 2276 aut
1971 2223 2091 2276 exi-

515 2323 678 2379 guam
707 2309 949 2380 aliquam
981 2311 1170 2366 vultus
1194 2311 1276 2367 sui
1312 2319 1520 2381 partem
1552 2311 1841 2367 refractam
1863 2313 2087 2381 videbit,

513 2415 615 2472 pro
641 2415 709 2458 eo
756 2402 902 2472 quod
945 2404 1230 2474 speculum
1284 2404 1542 2459 declinet.
1574 2402 1780 2460 Eadem
1830 2412 1886 2460 et
1945 2404 2090 2460 lunze

514 2495 657 2551 ratio
689 2505 794 2551 est.
836 2493 978 2551 Huic
1010 2496 1263 2567 opinioni
1297 2496 1699 2566 subscripsisse
1743 2505 1904 2568 putes
1947 2498 2088 2552 Ara-

513 2593 651 2652 tum,
679 2601 802 2641 cum
834 2587 909 2642 ita
942 2587 1218 2657 loquitur:
1568 2574 1569 2577 η

513 2691 732 2764 Semper
759 2694 976 2748 aliunde
1006 2695 1145 2748 alias
1177 2693 1446 2749 declinans
1478 2695 1640 2763 facies
1659 2733 1674 2759 ,

513 2805 764 2862 alludens
791 2806 858 2859 ad
882 2808 1089 2877 speculi
1121 2805 1562 2863 similitudinem.
1591 2804 1883 2877 Splmricaa
1905 2805 2088 2876 ﬁgurae

511 2912 635 2954 esse
661 2897 927 2952 mundum
950 2898 1064 2966 jam
1089 2897 1350 2958 diximus,
1381 2913 1542 2968 quem
1579 2899 1633 2950 in
1664 2897 1853 2952 orbem
1875 2897 2089 2950 extrin-

511 3005 673 3046 secus
722 2989 1070 3060 amplectitur
1118 2989 1350 3057 cmlum;
1403 2998 1549 3043 terra
1581 2997 1764 3043 autem
1811 2989 1869 3042 in
1905 2987 2087 3042 medio

514 3082 658 3148 sita,
686 3084 861 3138 centri
904 3091 1069 3154 atque
1109 3082 1298 3152 puncti
1349 3083 1620 3137 rationem
1665 3081 1896 3136 obtinet.
1937 3078 2085 3134 Inter
2115 3063 2156 3118 (ἶ

513 3175 654 3228 hanc
677 3175 986 3245 caelumque
1012 3173 1300 3242 interiecta
1328 3181 1460 3229 sunt
1481 3171 1674 3237 mther,
1711 3186 1804 3226 aer
1833 3177 1888 3227 et
1914 3184 2083 3242 aqua,

513 3268 852 3339 spbzerarum
881 3282 1036 3325 more
1059 3266 1294 3323 invicem
1329 3273 1605 3324 conserta.
1624 3263 1887 3319 Mundum
1918 3278 2084 3336 porro

511 3363 716 3435 κόσμον
750 3363 821 3419 ab
863 3363 1058 3419 ordine
1090 3377 1154 3418 ac
1186 3360 1546 3433 dispositione
1591 3366 1807 3418 veteres
1840 3357 2086 3430 appella-

513 3467 669 3527 ruut;
700 3458 781 3514 sic
802 3457 1074 3514 Homerus
1101 3475 1121 3514 :

595 3655 858 3712 Ordinare
891 3671 1048 3726 equos
1068 3693 1084 3721 ,
1109 3663 1159 3710 et
1187 3655 1328 3707 viros
1357 3654 1664 3724 clypeator;

510 3778 638 3830 item
661 3793 675 3828 :

510 3887 771 3943 Caeterum
806 3888 892 3940 ubi
914 3887 1147 3942 ordinati
1176 3895 1298 3940 sunt
1324 3903 1440 3939 cum
1463 3885 1683 3938 ducibus
1709 3885 1934 3954 singuli,

510 4026 928 4082 instructionem
949 4026 1055 4081 hoc
1081 4025 1246 4080 verbo
1268 4023 1605 4094 signiﬁcans.
1620 4022 1760 4078 Nam
1782 4024 1951 4079 aether
1970 4024 2082 4078 απὸ

506 4119 602 4174 τοῦ
623 4118 816 4182 αἴθειν,
835 4118 982 4188 quod
1009 4127 1094 4174 est
1124 4117 1328 4182 ardere,
1347 4117 1679 4184 dicitur;est
1701 4117 1846 4171 enim
1867 4116 2085 4187 igneus,-

507 4210 624 4265 sive
653 4225 685 4264 a
704 4210 872 4266 verbo
901 4209 1033 4273 θεῖν,
1066 4225 1273 4265 currere
1302 4216 1356 4263 et
1385 4208 1607 4285 incitate
1640 4206 1791 4270 ferri,
1821 4207 2084 4277 quoniam

506 4299 729 4358 assidue
758 4300 1170 4371 circumagitur.
1203 4300 1311 4355 Acr
1335 4300 1404 4354 ab
1423 4315 1488 4354 eo
1520 4298 1668 4370 quod
1697 4309 1782 4354 est
1804 4299 1941 4362 ἄειν,
1974 4299 2087 4353 hoc

2210 467 2308 538 μὲν
2337 467 2550 536 λέγουσι
2578 471 2704 540 περί
2727 471 2816 523 τὸν
2847 469 3020 522 κῶνον
3048 472 3214 542 αὐτὴν
3238 476 3542 543 γινομένην
3567 475 3661 544 τῆς
3683 481 3767 550 γῆς

2204 560 2362 613 τοῦτο
2400 559 2644 632 πάσχειν.
2685 563 2896 632 Ὥσπερ
2928 561 3038 634 γὰρ
3066 562 3120 615 εῐ
3143 580 3223 627 τις
3259 566 3346 627 εἰς
3379 565 3508 634 ὅρος
3538 566 3761 642 ἀναϐαίη,

2202 654 2297 705 καὶ
2329 653 2421 705 ἐπὶ
2448 653 2616 724 ἄκρου
2650 653 2814 708 αὐτοῦ
2855 655 3036 725 σταίη,
3070 654 3188 718 ὅλος
3219 657 3484 726 φαίνεται
3518 663 3623 722 τοίς
3646 661 3764 715 ἄπω-

2203 744 2296 799 θεν
2318 743 2435 799 οὖσι
2457 765 2469 777 ·
2496 747 2696 801 κατιὼν
2713 748 2768 801 δὲ
2798 749 2888 802 ἐπὶ
2909 748 2968 802 τὸ
2993 751 3178 821 ἕτερον
3205 751 3275 821 μέ
3288 768 3404 821 ρος,
3431 755 3545 815 τοῖς
3569 756 3761 810 κατόπιν

2201 839 2364 892 αὐτοῦ
2392 841 2491 893 οὐκ
2519 839 2597 894 ἔτι
2630 841 2749 906 ὅλος
2783 843 3029 912 φαίνεται
3049 845 3069 873 ⁶’
3095 843 3229 896 ἀλλὰ
3265 845 3404 916 περὶ
3437 845 3460 875 δ
3482 848 3603 909 τούς
3626 850 3761 914 πόδας

2202 933 2373 1002 ἐφάνη
2417 935 2559 986 ἐκεῖο
2594 933 2626 1004 ἢ
2665 935 2746 986 ἔτι
2781 934 2976 1004 μᾶλλον
3019 935 3219 989 κατιὼν
3255 938 3408 989 κατὰ
3452 935 3637 1008 βραχὺ,
3675 941 3758 1006 ἕως

2199 1021 2259 1079 οὐ
2283 1025 2401 1088 ὅλος
2427 1027 2639 1098 ἀφανὴς
2668 1027 2890 1098 γένηται
2912 1043 2928 1057 °
2961 1026 3104 1081 οὕτω
3128 1030 3260 1098 φασὶ
3306 1029 3407 1083 καὶ
3433 1030 3533 1102 τὴν
3562 1033 3756 1105 σελήνην

2201 1117 2330 1170 ποτὲ
2364 1119 2461 1186 μὲν
2491 1118 2672 1189 πλήρη
2707 1120 3016 1187 φαίνεσθαι,
3046 1121 3176 1173 ποτὲ
3210 1122 3271 1174 δὲ
3310 1122 3381 1174 ἐκ
3416 1122 3630 1192 μέρους,
3653 1129 3755 1200 περί

2198 1205 2290 1258 τὸν
2329 1207 2501 1260 κῶνον
2532 1208 2820 1278 γινομένην
2860 1211 2958 1282 τῆς
3000 1211 3124 1282 γῆς,
3159 1213 3284 1282 οὐχὶ
3332 1217 3652 1286 μειουμένην
3677 1221 3751 1272 αὑ.

2199 1301 2316 1369 τὴν,
2347 1301 2461 1354 ἀλλ’
2489 1303 2618 1372 ἡμῖν
2659 1303 2800 1357 οὕτω
2835 1306 3183 1377 φαινομένην.
3211 1308 3276 1358 Οἱ
3308 1306 3367 1359 δὲ
3409 1306 3649 1374 λέγοντες
3677 1312 3750 1364 αὐ-

2195 1391 2294 1462 τὴν
2337 1393 2628 1465 κατόπτρῳ
2661 1395 3054 1467 παραπλησίαν
3083 1393 3245 1462 εἶναι,
3271 1398 3552 1467 ἐκλείψεις
3570 1398 3748 1467 λέγουσι

2196 1484 2439 1552 γίνεσθαι
2473 1487 2669 1555 αὐτῆς,
2700 1489 2756 1540 αἳ
2799 1487 2892 1541 τοῦ
2937 1489 3067 1542 ποτὲ
3115 1491 3215 1560 μὲν
3260 1489 3453 1560 πλήρη
3504 1491 3748 1559 φαίνεσθαι

2195 1575 2360 1646 αὐτὴν
2392 1576 2564 1632 αἴτιαι
2610 1579 2866 1647 γίνονται,
2911 1581 3042 1634 ποτέ
3083 1580 3140 1633 δὲ
3176 1581 3340 1634 ἐνδεᾶ
3388 1582 3564 1650 φωτὸς
3599 1579 3742 1636 εἶναι·

2195 1667 2382 1738 ὥσπερ
2410 1668 2516 1741 γὰρ
2549 1671 2597 1723 εἰ
2638 1671 2942 1743 κάτοπτρον
2985 1671 3162 1726 λαϐὼν
3196 1691 3285 1736 τις
3325 1672 3505 1726 ἐθέλοι
3550 1675 3640 1745 τὴν
3671 1675 3746 1728 ἀπ’

2197 1761 2361 1814 αὐτοῦ
2407 1762 2800 1816 ἀντανάκλασιν
2833 1763 2925 1816 τοῦ
2968 1764 3184 1817 εἰδώλου
3229 1764 3555 1828 θεάσασθαι,
3588 1766 3640 1830 ἐξ
3678 1768 3744 1820 ὲν-

2195 1853 2382 1916 αντίας
2403 1852 2497 1906 τοῦ
2532 1853 2822 1924 προσώπου
2853 1855 3016 1908 αὐτοῦ
3037 1854 3133 1925 τὴν
3163 1855 3318 1907 θέσιν
3342 1854 3440 1908 τοῦ
3475 1854 3744 1929 κατόπτρου

2195 1947 2518 2015 ποιήσεται·
2567 1946 2723 1999 τοῦτο
2768 1947 2876 2017 γὰρ
2926 1947 3181 2017 ποιήσας,
3225 1946 3353 1999 ὅλον
3389 1947 3450 1998 τὸ
3491 1947 3740 2016 πρόσωπον

2194 2040 2358 2092 αὐτοῦ
2390 2039 2643 2092 θεάσεται
2691 2041 2748 2093 ἐν
2781 2040 2858 2109 τῷ
2899 2039 3225 2110 κατόπτρῳ·
3261 2040 3315 2092 εἰ
3359 2037 3418 2090 δὲ
3461 2037 3740 2106 πλαγιάσειε

2191 2129 2252 2182 τὺ
2285 2132 2610 2203 κάτοπτρον,
2647 2131 2782 2202 προς
2812 2126 2901 2183 τδν
2944 2128 3290 2199 πλαγιασμὸν
3333 2128 3430 2182 καὶ
3473 2127 3568 2199 τὴν
3596 2128 3738 2198 ἔγκλι-

2195 2240 2278 2275 σιν
2314 2224 2406 2276 τοῦ
2455 2225 2762 2295 κατόπτρου
2817 2221 2848 2294 ἢ
2903 2222 2964 2276 τὸ
3015 2223 3281 2294 δίμοιρον,
3329 2221 3364 2291 ἦ
3400 2220 3462 2274 τὸ
3499 2222 3733 2290 ﬂumini]

2194 2317 2365 2388 βραχύ
2398 2335 2449 2369 τι
2482 2317 2645 2388 μέρος
2675 2315 2865 2368 τούτου
2893 2315 3144 2368 θεάσεται
3175 2313 3644 2384 ἀντανακλώμενον
3659 2313 3733 2366 τοῦ

2191 2409 2484 2481 προσώπου
2509 2407 2693 2469 αὐτοῦ,
2712 2406 2806 2460 τοῦ
2833 2406 3135 2477 κατόπτρου
3158 2406 3543 2475 ἐκκλινομένου
3561 2423 3572 2434 ·
3596 2404 3734 2466 οὕτως

2190 2503 2285 2556 καὶ
2317 2501 2411 2553 ἑπῖ
2437 2501 2536 2570 τῆς
2568 2501 2815 2571 σελήνης.
2850 2499 3034 2573 Ταύτῃ
3062 2502 3126 2570 τῇ
3160 2499 3293 2572 δόξῃ
3327 2498 3503 2552 ἔοικεν
3536 2499 3729 2567 Ἄρατος

2190 2591 2500 2646 ἀκολουθεῖν
2519 2608 2534 2622 ο
2573 2592 2704 2662 φησὶ
2736 2593 2842 2661 γάρ
2867 2605 2884 2623 ο

2190 2707 2310 2760 Aie!
2340 2697 2392 2758 δ⁴
2433 2705 2694 2760 ἄλλοθεν
2735 2705 2896 2760 ἄλλα
2929 2705 3440 2774 παρακλίνουσα·
3463 2702 3726 2770 πρόσωπα,

2189 2823 2251 2876 τὸ
2282 2821 2376 2875 τοῦ
2416 2821 2723 2891 κατόπτρου
2758 2820 3109 2893 παράδειγμα
3142 2819 3532 2888 αἰνιττόμενος.
3573 2814 3726 2885 Προεί·

2195 2933 2351 2988 ρηται
2379 2915 2436 2967 δὲ
2465 2915 2493 2965 ὁ
2521 2915 2725 2984 κόσμος
2754 2914 2988 2984 σφαίρας
3016 2913 3160 2981 ἔχειν
3195 2912 3419 2982 σχῆμα-ο
3450 2907 3626 2974 ἔξωθεν
3651 2907 3728 2975 μὲν

2191 3009 2533 3078 κυκλοτερῶς
2579 3007 2961 3079 περικείμενον
2992 3007 3130 3076 ἔχων
3162 3005 3253 3058 τὸν
3289 3003 3535 3076 οὐρανὸν,
3573 3015 3725 3070 μεσαι-

2187 3104 2356 3176 τάτην
2401 3103 2457 3155 δὲ
2501 3103 2600 3173 τὴν
2634 3102 2759 3172 γῆν,
2809 3102 3032 3172 κέντρου
3077 3101 3171 3153 καὶ
3204 3097 3436 3168 σημείου
3479 3094 3614 3159 τάξιν
3648 3094 3725 3143 ἐπ-

2189 3195 2414 3266 έχουσαν
2431 3211 2446 3226 ο
2478 3192 2678 3265 μεταξὺ
2708 3192 2765 3246 δὲ
2793 3192 2960 3263 αὐτῆς
2993 3190 3086 3244 καὶ
3113 3190 3204 3243 τοῦ
3230 3185 3460 3258 οὐρανοῦ
3485 3183 3652 3254 αἰθέρα
3678 3197 3722 3232 τε

2187 3284 2350 3342 αὐτὸν
2384 3279 2544 3348 εἶναι,
2576 3282 2671 3336 καὶ
2703 3282 2860 3354 ἀέρα,
2891 3282 2984 3336 καὶ
3014 3280 3157 3351 ὕδωρ
3202 3276 3506 3349 σφαιρικῶς
3536 3275 3614 3326 ὐπ’
3650 3271 3722 3324 ἀλ·

2186 3378 2360 3450 λήλων
2401 3377 2658 3446 ἐχόμενα.
2701 3375 2921 3445 Κόσμον
2960 3372 3016 3426 δὲ
3057 3372 3155 3444 τὴν
3188 3371 3301 3424 τῶν
3344 3370 3481 3423 ὅλων
3510 3365 3721 3418 σύστασιν

2186 3470 2340 3541 παρὰ
2366 3469 2464 3540 τὴν
2493 3468 2856 3538 διακόσμησιν
2890 3465 2984 3520 καὶ
3018 3465 3275 3531 εὐταξίαν
3304 3461 3557 3516 ἐκάλεσαν
3583 3458 3624 3510 οἰ

2185 3563 2322 3616 λαιοί
2348 3577 2362 3592 ⁶
2393 3563 2468 3625 ὡς
2499 3561 2594 3614 καὶ
2629 3561 2877 3632 Ὅμηρος
2899 3575 2914 3588 ’

2163 3671 2503 3741 ’Κοσμῆσαι
2530 3673 2752 3737 ἵππους
2774 3688 2836 3724 τε
2860 3671 2956 3725 καί
2981 3669 3207 3738 ἄνδρας
3232 3667 3607 3727 ἀσπιδιώτας·

2161 3783 2281 3836 -καὶ
2305 3781 2464 3835 πάλιν
2481 3799 2493 3811 ·

2187 3896 2383 3964 Αὐτὰρ
2429 3895 2557 3950 ἐπεὶ
2588 3898 2894 3966 κόσμηθεν
2924 3893 3021 3963 ἅμ’
3057 3894 3459 3962 ἡγεμόνεσσιν
3496 3887 3712 3943 ἕκαστοι-

2185 4034 2283 4106 τὴν
2323 4033 2574 4100 εὐταξίαν
2615 4032 2808 4101 λέγων.
2856 4030 3028 4102 Αἰθὴρ
3069 4031 3128 4087 δὲ
3162 4031 3383 4100 λέγεται
3412 4029 3512 4082 ἀπὸ
3533 4023 3611 4078 τοῦ
3642 4020 3710 4074 αῖ-

2189 4126 2332 4180 θειν·
2379 4125 2634 4198 πυρώδης
2679 4127 2789 4197 γάρ
2824 4125 3008 4178 ἐστιν·
3054 4124 3087 4196 ἦ
3132 4123 3242 4177 ἀπὸ
3275 4123 3368 4177 τοῦ
3412 4121 3495 4175 ἀεὶ
3519 4119 3614 4170 θεῖν
3639 4112 3712 4166 καὶ

2186 4221 2392 4291 ὁρμᾷν·
2444 4218 2628 4289 ἐπειδὴ
2666 4217 2752 4270 ἀεὶ
2800 4217 3180 4290 περιφέρεται.
3229 4217 3364 4288 Ἀὴρ
3411 4213 3468 4268 δὲ
3511 4208 3602 4265 ἀπὸ
3639 4203 3708 4258 τοῦ

2188 4313 2334 4366 ἄειν⁹
2361 4312 2476 4366 ἀειν
2509 4310 2616 4381 γὰρ
2659 4310 2720 4363 τὸ
2776 4313 2948 4365 πνεῖν.
2999 4310 3242 4383 Οὐρανὸς
3278 4311 3335 4363 δὲ
3376 4307 3492 4361 ὅθεν
3529 4297 3706 4368 ἐκλήθη.

503 4399 592 4448 est
621 4391 774 4454 ﬂare,
807 4406 1006 4446 nomen
1037 4392 1259 4462 accipit.
1283 4391 1495 4447 Caelum
1527 4392 1673 4449 unde
1698 4403 1952 4448 vocatum
1986 4395 2078 4460 sit,

2192 4405 2535 4476 προείρηται.

507 4482 671 4553 paulo
708 4488 835 4536 aute
872 4481 1244 4537 meminimus.

577 4573 678 4628 Hic
711 4589 742 4627 a
786 4574 1064 4627 nonnullis
1108 4573 1398 4643 quaeritur,
1428 4589 1529 4628 cur
1573 4591 1698 4629 cum
1732 4576 1920 4645 ignitae
1969 4577 2081 4632 sint

506 4667 710 4740 stellae,
763 4681 1108 4736 nequaquam
1158 4681 1258 4720 nos
1317 4667 1433 4722 suis
1477 4667 1765 4724 ardoribus
1812 4677 2078 4725 exurant.

505 4757 940 4828 Respondemus,
970 4773 1137 4828 supra
1168 4767 1368 4812 terram
1397 4759 1520 4814 illas
1551 4775 1674 4816 esse
1701 4760 1946 4830 quidem,
1986 4760 2082 4816 sed

505 4850 792 4906 obscurari
830 4850 962 4906 solis
989 4850 1161 4905 radiis
1181 4880 1207 4916 ,-
1243 4858 1297 4906 et
1336 4851 1600 4906 hebetari.
1648 4851 1926 4919 Quocirca
1983 4869 2086 4909 size-

505 4960 804 5017 penumero
830 4945 898 5000 de
923 4945 1030 5009 die,
1061 4959 1184 4998 cum
1208 4945 1291 4999 sol
1320 4943 1525 5009 deﬁcit,
1551 4947 1740 5001 stellas
1775 4947 2082 5006 intuemur.

503 5035 720 5092 Rursus
748 5034 1035 5106 quaeritur,
1076 5035 1125 5090 si
1165 5033 1344 5091 inﬁxa:
1378 5045 1507 5091 sunt
1543 5038 1684 5093 coelo
1733 5039 1941 5104 stellae,
1982 5054 2086 5095 cur

504 5135 675 5203 noctu
714 5133 771 5180 et
809 5123 1049 5180 interdiu
1093 5124 1203 5179 labi
1241 5140 1336 5180 eas
1380 5142 1411 5181 e
1455 5128 1596 5182 coelo
1625 5128 1932 5184 videamus.
1979 5129 2081 5184 Cui

505 5219 588 5274 sic
637 5218 1024 5274 occurrimus:
1072 5232 1183 5272 non
1236 5217 1385 5290 ipsas
1435 5221 1635 5276 cadere
1698 5223 1926 5289 stellas,
1979 5222 2079 5278 sed

506 5310 852 5382 splendorem
878 5310 1167 5382 quemdam
1206 5328 1274 5368 ex
1321 5313 1429 5367 illis
1472 5311 1769 5383 proﬂuere;
1803 5322 1967 5386 atque
2015 5323 2076 5369 ut

506 5402 774 5466 ventilati,
805 5413 900 5457 aut
929 5403 1115 5475 agitati
1149 5405 1416 5460 carbones
1459 5413 1761 5462 coruscant
1794 5407 1971 5478 magis
2019 5423 2082 5463 ac

508 5494 776 5550 scintillas
800 5497 1086 5571 evibrant,
1134 5498 1207 5553 ita
1247 5499 1420 5554 stellae
1454 5499 1706 5556 obscurae
1741 5507 1871 5558 sunt
1903 5501 2080 5558 inter-

559 5672 604 5738 ,δ
633 5672 676 5741 θ’.
705 5672 874 5743 παρά.

2252 4583 2482 4654 Ζτλτοῦσι
2507 4583 2564 4636 δέ
2579 4599 2750 4645 τινες,
2775 4583 2821 4634 εί
2843 4580 3110 4652 πυρώδεις
3135 4582 3271 4635 εἰσὶν
3300 4582 3346 4634 οἰ
3373 4576 3592 4646 ἀστέρες.

2187 4676 2247 4729 οὐ
2283 4675 2456 4728 καίειν
2490 4675 2637 4744 ἡμᾶς
2665 4673 2962 4742 φαίνονται.
3001 4675 3247 4743 Λέγομεν
3279 4668 3388 4734 οὖν,
3419 4668 3489 4729 ὡς
3514 4661 3604 4717 εἰσὶ
3628 4657 3702 4729 μὲν

2189 4766 2329 4838 ὐπέρ
2377 4765 2515 4834 γῆς’
2570 4765 3006 4832 καταυγάζονται
3056 4763 3113 4817 δέ
3158 4763 3264 4816 ὐπὸ
3316 4761 3408 4817 τοῦ
3434 4757 3587 4829 ἡλίου,
3629 4747 3698 4800 καὶ

2188 4857 2578 4928 ἀμαυροῦνται.
2615 4856 2703 4910 Ἐν
2731 4855 2861 4923 γοῦν
2894 4855 3170 4924 ἐκλείψεσι
3201 4853 3295 4909 τοῦ
3325 4853 3467 4924 ἡλίου
3493 4840 3698 4899 πολλάκις

2188 4953 2416 5021 ἀστέρες
2439 4950 2701 5021 ὤφθησαν
2749 4952 2805 5001 ἐν
2852 4949 3055 5021 ἡμέρα.
3090 4950 3200 5004 Καὶ
3234 4949 3390 5004 πάλιν
3413 4941 3636 5012 ζητεῖται.
3657 4930 3693 4981 εί

2187 5043 2542 5114 ὲμπεπὴγασι
2567 5040 2643 5112 τῷ
2671 5040 2882 5111 οὐρανῷ
2920 5043 2967 5094 οἰ
2995 5041 3240 5112 ἀστέρες,
3265 5040 3376 5101 πῶς
3402 5033 3590 5106 ὁρῶμεν
3613 5022 3696 5076 ἑνί-

2186 5153 2275 5188 οτε
2323 5134 2514 5198 νυκτὸς
2574 5133 2667 5187 καὶ
2711 5133 2922 5204 ἡμέρας
2985 5131 3450 5203 καταφερομένους
3489 5117 3689 5186 ἀστέραςι

2186 5226 2368 5297 Φαμὲν
2393 5225 2470 5288 δὲ,
2504 5227 2585 5279 ὅτι
2613 5225 2713 5279 οὐκ
2741 5223 2893 5277 αὐτοί
2925 5222 3372 5285 καταπίπτουσιν,
3397 5212 3520 5272 ἀλλὰ
3544 5205 3634 5278 φῶς
3654 5217 3692 5252 τι

2187 5319 2246 5384 ἐξ
2267 5318 2444 5373 αὐτῶν
2471 5319 2733 5390 ἀπορρεῖ·
2765 5318 2858 5370 καὶ
2889 5317 3077 5386 ὥσπερ
3106 5318 3155 5370 οἰ
3189 5315 3446 5387 ἄνθρακες
3470 5298 3681 5390 ῥιπιζόξε·

2186 5431 2288 5477 νοι,
2317 5413 2349 5485 ἢ
2383 5411 2690 5485 κινούμενοι
2718 5411 3087 5483 λαμπρότεροι
3116 5412 3373 5479 γίνονται,
3399 5403 3484 5458 καὶ
3513 5387 3688 5494 σπινθῆ-

2189 5521 2289 5575 Ρας
2317 5502 2733 5574 ἀποπέμπουσιν
2767 5502 2858 5554 τὸν
2889 5502 3047 5554 αὐτὸν
3078 5502 3276 5573 τρόπον
3316 5496 3399 5554 καὶ
3430 5493 3474 5546 oi
3511 5487 3686 5546 ἀστέρες
