3928 6266
154 252 296 307 963

904 256 1226 314 ACHILLIS
1266 256 1449 315 TATil
1479 254 1781 315 lSAC-OGE
1816 256 1911 313 AD
1947 256 2160 311 ARATI
2199 256 2671 313 PHENOMENA.

3338 252 3443 310 966

153 375 335 430 ποτὶ
384 376 482 448 μὲν
525 376 781 451 ἁμυδροὶ,
816 378 945 431 ποτὲ
991 377 1049 431 δὲ
1101 377 1319 450 φαιδροὶ
1350 378 1591 447 γίνονται
1616 393 1629 408 ο
1660 375 1770 429 ἐσθ’

1888 374 2008 430 dum
2029 415 2045 441 ,
2078 376 2214 432 alias
2234 378 2553 450 splendent;
2577 391 2973 448 nonnunquam
2996 375 3182 433 lumen
3223 389 3295 432 ex
3322 388 3444 437 sese

153 468 270 519 ὅτε
304 467 371 521 δὲ
404 468 500 521 καὶ
527 466 644 537 φῶς
666 467 725 535 ἐξ
745 467 923 522 αὐτῶν
951 468 1322 540 ἐκπέμπουσι.

244 559 377 630 Σχή
385 576 555 631 ματος
579 561 757 613 τοίνυν
791 559 1077 631 σφαιρικοῦ
1097 559 1228 633 περὶ
1257 560 1347 613 τὸν
1376 559 1576 631 κόσμον
1603 559 1774 624 ὄντος,

1873 463 2214 533 jaculantur.

1947 553 2060 627 84
2078 552 2197 609 Jam
2224 571 2356 611 vero
2374 596 2389 621 ,
2429 556 2689 627 quoniam
2711 552 2946 611 mundus
2980 558 3245 627 sphaerica
3269 553 3445 624 ﬁgura

159 651 281 702 καὶ
323 651 426 722 τῆς
466 650 572 721 γῆς
616 652 675 704 ὲν
717 650 867 723 μέσῳ
907 651 1135 723 κέντρου
1189 649 1343 716 τάξιν
1386 649 1707 725 ἐπεχούσης,
1748 650 1770 701 ὁ

1888 647 2140 716 praeditus
2166 654 2274 712 est,
2305 656 2361 703 et
2393 649 2450 704 in
2478 649 2600 719 ejus
2632 648 2815 705 medio
2845 648 3023 703 centri
3057 648 3237 704 locum
3271 659 3443 699 occu-

156 740 299 795 ἀπὺ
324 742 427 814 τῆς
454 742 807 814 περιφερείας
831 741 933 811 τῆς
969 742 1204 812 σφαίρας
1234 741 1327 795 τοῦ
1357 740 1582 811 κέντρου
1609 738 1777 808 αὐτῆς

156 833 402 906 διήκων
437 834 533 889 ἐπὶ
568 835 669 907 τὴν
702 835 1055 907 περιφέρειαν
1084 833 1227 898 ἄξων
1252 832 1517 896 καλεῖται,
1546 832 1676 903 περὶ
1716 830 1779 885 ὃν

158 926 498 999 στρέφεται
539 928 573 998 ή
612 928 819 999 σφαῖρα
853 926 972 997 ἦτοι
997 926 1089 996 ἀφ’
1122 924 1344 996 ἑαυτῆς,
1382 925 1416 997 ἦ
1449 925 1538 994 ὑφ’
1587 923 1775 996 ἑτέρου

160 1018 515 1090 κινουμένη.
560 1019 925 1092 ’Δμφοτέραις
967 1021 1078 1092 γὰρ
1120 1022 1240 1086 ταῖς
1281 1021 1464 1089 δόξαις
1492 1020 1522 1072 6
1548 1019 1778 1075 Πλάτων

160 1111 235 1163 ιν
267 1110 361 1183 τῷ
390 1110 690 1179 Πολιτικῷ
716 1113 1002 1186 κέχρηται.

584 1226 724 1293 Περὶ
753 1226 1013 1291 κύκλων,
1044 1226 1143 1281 καὶ
1171 1227 1263 1281 ὅτι
1296 1234 1389 1283 ια’.

248 1317 376 1388 κβ’.
407 1318 616 1372 Κύκλοι
651 1319 709 1373 δέ
734 1320 872 1372 είσιν
902 1317 968 1373 ια’
989 1336 1002 1349 ο
1036 1318 1235 1386 ἔξωθεν
1269 1320 1369 1391 μὲν
1400 1319 1503 1391 τῆς
1536 1320 1775 1393 σφαίρας

162 1413 278 1466 δύο
316 1413 591 1484 μέγιστοι,
624 1412 654 1466 ὅ
680 1429 738 1466 τε
777 1412 976 1485 ὁρίζων
999 1413 1093 1466 καὶ
1123 1414 1153 1467 ὁ
1186 1412 1583 1485 μεσημϐρινός·
1629 1415 1773 1481 λοξοὶ

164 1506 231 1559 δὲ
264 1506 373 1560 δύο
403 1508 672 1577 μέγιστοι,
704 1507 797 1561 καὶ
825 1508 936 1569 τοῖς
964 1504 1248 1578 προτέροις
1289 1505 1414 1570 ἴσοι,
1444 1508 1473 1560 6
1510 1506 1774 1571 ζωδιακὸς

167 1599 282 1653 καὶ
320 1602 354 1653 ὁ
382 1598 647 1669 γαλαξίας
668 1615 681 1629 ⁸
706 1598 950 1670 κόλουροι
974 1598 1033 1652 δὲ
1062 1599 1155 1653 δύο
1187 1598 1278 1653 καὶ
1307 1599 1459 1653 αὐτοὶ
1486 1598 1731 1669 μέγιστοι
1754 1615 1771 1629 ο

1875 745 1970 806 pat
2001 745 2146 793 terra
2170 756 2187 806 ;
2226 738 2348 796 axis
2374 740 2430 795 in
2463 757 2529 797 ea
2555 747 2786 797 vocatur
2815 741 2981 805 linea,
3007 755 3128 810 quae
3157 755 3186 793 a
3217 738 3467 815 sphaera:

1877 826 2089 882 ambitu
2116 827 2343 899 trajecta
2373 846 2472 901 per
2492 838 2741 887 centrum
2775 832 2843 887 ad
2872 831 3137 885 ambitum
3168 828 3442 901 pertinet;

1874 931 2037 987 quem
2069 918 2279 974 circum
2322 921 2534 991 sphazra
2563 922 2833 989 volvitur,
2869 922 2984 977 sive
3021 937 3119 992 per
3148 936 3290 986 sese,
3326 922 3445 976 sive

1874 1008 2104 1068 alterius
2158 1013 2420 1083 impulsu.
2466 1013 2602 1068 Nam
2658 1024 2890 1086 utraque
2940 1016 3214 1072 sententia
3263 1020 3444 1070 exstat

1874 1103 2021 1174 apud
2058 1102 2343 1162 Platonem
2376 1108 2432 1161 in
2456 1106 2707 1165 Politico.

2051 1217 2131 1273 De
2165 1220 2377 1274 circulis
2405 1220 2641 1289 sphwrte,
2675 1222 2765 1292 qui
2787 1233 2906 1276 sunt
2934 1238 3147 1276 numero
3169 1237 3245 1276 ιι.

1943 1310 2037 1366 22.
2067 1309 2331 1367 Undecim
2365 1324 2495 1368 sunt
2540 1313 2769 1378 circuli,
2802 1329 3033 1385 quorum
3073 1313 3296 1369 maximi
3334 1308 3453 1370 duo

1873 1407 2003 1458 sunt
2026 1410 2184 1457 extra
2219 1403 2488 1473 sphaeram
2511 1447 2526 1472 ,
2555 1404 2785 1460 horizon
2811 1414 2876 1478 et.
2894 1405 3260 1473 meridianus;
3300 1406 3443 1461 ohli-

1873 1491 1968 1561 qui
1991 1503 2121 1548 sunt
2153 1494 2264 1549 duo
2296 1496 2541 1560 maximi,
2566 1497 2945 1567 superioribus
2971 1498 3230 1567 aequales,
3255 1497 3443 1553 zodia-

1873 1598 1973 1641 cus
2000 1592 2057 1640 et
2104 1585 2335 1643 lacteus.
2385 1585 2574 1642 Coluri
2620 1587 2731 1643 duo
2769 1596 2901 1642 sunt
2942 1590 3165 1644 maximi
3212 1595 3265 1644 et
3307 1590 3437 1661 ipsi,

167 1690 535 1762 παράλληλοι
565 1691 622 1743 δὲ
652 1690 833 1753 πέντε,
864 1683 940 1744 ὧν
980 1693 1009 1745 6
1035 1690 1198 1761 μέσος
1225 1689 1366 1744 κατὰ
1401 1689 1630 1762 μέγεθος
1658 1690 1770 1755 ἴσος

1888 1677 2119 1748 paralleli
2177 1679 2454 1749 quinque;
2502 1694 2736 1749 quorum
2795 1680 3010 1735 medius
3074 1682 3300 1752 azqualis
3353 1692 3475 1737 cst'

168 1788 302 1849 τοῖς
332 1782 773 1857 προειρημένοις.
801 1783 963 1836 Ὥστε
995 1782 1191 1856 ὁρίζων
1220 1785 1316 1837 καὶ
1343 1785 1371 1837 6
1397 1782 1770 1854 μεσημϐρινὸς

1888 1769 2129 1825 )mnibus
2181 1769 2250 1825 iis
2276 1785 2418 1841 quos
2470 1771 2869 1827 recensuimus.
2921 1770 3161 1827 llorizon
3202 1788 3334 1845 ergo
3385 1782 3476 1828 et-

170 1878 294 1931 ῐσοι
328 1876 462 1941 εἰσὶ,
489 1875 624 1929 διότι
669 1875 755 1929 διὰ
799 1873 892 1928 τοῦ
923 1874 1149 1946 κέντρου
1193 1875 1448 1947 τέμνουσι
1477 1874 1575 1945 τὴν
1608 1876 1771 1945 σφαῖ-

173 1986 314 2041 ραν.
357 1968 579 2041 Ῥητέον
602 1967 659 2020 δὲ
694 1967 823 2039 περὶ
852 1966 1105 2021 ἑκάστου.

253 2059 499 2128 Λέγεται
536 2057 594 2112 δὲ
623 2055 841 2127 ὁρίζων,
885 2056 1019 2110 διότι
1059 2054 1228 2127 ὁρίζει
1272 2056 1335 2110 τὸ
1384 2055 1490 2109 ὑπὸ
1528 2055 1630 2127 γῆν
1674 2055 1770 2108 καὶ

174 2154 340 2223 ὕπὲρ
370 2152 478 2223 γῆν
510 2151 883 2223 ἡμισφαίριον.
916 2150 1058 2223 Περὶ⁴
1089 2150 1199 2221 γὰρ
1228 2149 1329 2220 τὴν
1377 2151 1608 2218 σφαῖραν
1638 2147 1770 2213 ἔξω·

174 2245 281 2299 θεν
310 2245 417 2308 ὢν,
439 2242 592 2309 τάξιν
621 2242 734 2314 ἔχει
754 2242 851 2297 τοῦ
892 2240 1169 2306 Ὠκεανοῦ,
1200 2241 1259 2305 ὃς
1287 2239 1486 2306 ἔξωθεν
1516 2240 1769 2310 περικλύ-

70 2412 79 2415 _
178 2337 274 2402 ζει
326 2336 432 2409 τὴν
461 2336 599 2407 γῆν·
647 2336 741 2405 ἀφ’
781 2328 842 2389 οὗ
882 2333 1211 2397 ἀνατέλλειν,
1260 2333 1355 2387 καὶ
1382 2334 1463 2397 είς
1496 2331 1556 2386 δν
1592 2330 1769 2385 δύνειν

172 2428 344 2483 δοκεῖ
364 2429 438 2481 τὰ
474 2427 670 2499 ἄστρα.
701 2424 865 2480 Ὅθεν
900 2425 997 2479 καὶ
1022 2424 1401 2496 Νεοπτόλεμος
1424 2426 1454 2478 6
1499 2425 1772 2497 Παριανὸς

177 2523 243 2574 ὲν
278 2522 354 2591 τῇ
392 2516 696 2588 Τριχθονίᾳ
729 2515 891 2588 φησί·

230 2672 244 2683 .
280 2672 295 2683 .
333 2628 416 2696 τῷ
442 2628 611 2685 πᾶσα
641 2630 992 2700 περίρρυτος
1019 2628 1318 2683 ἐνδέδεται
1348 2625 1528 2699 χθών.

190 2774 201 2787 ο
254 2745 430 2797 ’Ὅθεν
463 2744 561 2798 καὶ
605 2744 842 2815 Ἀρατος
888 2741 1140 2797 Ὠκεανὸν
1181 2742 1343 2797 αὐτὸν
1383 2742 1543 2797 καλεῖ
1590 2741 1677 2796 διά
1709 2759 1768 2795 τε

178 2836 403 2891 τούτων
432 2838 528 2891 κα)⁸
551 2836 725 2891 ἄλλων
746 2854 762 2867 ο

175 2949 387 3019 Αὐτὰρ
427 2951 513 3020 ὅτ’
567 2949 843 3006 Ὠκεανοῦ
886 2950 1121 3004 τόσσον
1148 2949 1559 3020 παραμείϐεται
1587 2947 1767 3016 ὕδωρ,

184 3018 427 3076 Ὅσσον
465 3018 566 3076 ἀπ’
603 3020 959 3091 Αἰγοκερῆος
979 3019 1400 3090 ἀνερχομένοιο
1430 3018 1557 3090 μάλ

182 3092 496 3158 Καρκίνον
525 3095 611 3158 εἰς
636 3092 899 3147 ἀνιόντα.

182 3184 357 3247 Είκὸς
398 3184 455 3237 δὲ
498 3184 659 3238 αὐτὸν
691 3186 749 3253 ἐξ
787 3184 1025 3258 Ὀμήρου
1057 3184 1154 3257 τὴν
1188 3182 1442 3256 ἀφορμὴν
1481 3182 1643 3254 ἔχειν,
1678 3181 1768 3235 λέ·-

183 3270 412 3322 reme.

196 3412 302 3465 Ἐν
325 3409 382 3463 δ’
411 3410 582 3465 ἕπεσ’
620 3410 873 3481 Ὠκεανῷ
892 3410 1354 3481 λαμπρὸνᾲςὸάος
1378 3410 1627 3481 ἠελίοιο,

190 3482 424 3535 Ἕλκον
470 3481 661 3536 νύκτα
698 3478 996 3552 μέλαιναν
1034 3478 1133 3534 ἐπὶ
1170 3478 1442 3551 ζείδωρον
1472 3478 1733 3551 ἄρουραν
1753 3495 1767 3511 ο

186 3594 291 3649 καὶ
308 3633 328 3659 ,

199 3701 436 3769 Ἠέλιος
459 3702 512 3754 δ’
533 3703 828 3771 ἀνόρουσε
847 3701 1041 3757 λιπὼν
1064 3702 1430 3772 περικαλλέα
1448 3703 1696 3775 λίμνην.

259 3811 552 3881 ᾦιλόσοφοι
576 3811 633 3866 δὲ
656 3812 751 3867 καὶ
776 3813 1087 3884 γεωμέτραι
1116 3812 1360 3885 ὁρίζοντα
1385 3814 1546 3867 αὐτὸν
1576 3810 1771 3867 καλοῦ⁸

188 3898 301 3968 τιν,
335 3897 448 3955 οἶδε
469 3901 528 3956 δὲ
551 3902 645 3956 καὶ
673 3903 907 3976 ’Δρατος
929 3903 1090 3957 αὐτὸν
1122 3902 1374 3976 ὁρίζοντα
1411 3904 1478 3957 τὰ
1505 3903 1598 3958 δύο
1642 3904 1770 3975 ἡμι-

190 3995 429 4065 σφαίρια
448 4012 461 4026 ·
500 3994 632 4067 φησὶ
659 3993 801 4068 γάρ“

1131 4105 1239 4183 ᾗχι
1253 4125 1363 4181 περ
1383 4110 1555 4183 ἄκραι

189 4181 525 4260 ditamur
549 4180 753 4248 δύσιές
780 4198 845 4236 τε
865 4180 964 4237 καί
1000 4180 1248 4238 ἀντολαὶ
1290 4182 1658 4251 ἀλλήλῃσιν.

260 4291 450 4365 Τὸνδὲ
492 4291 740 4365 ὁρίζοντα
783 4295 878 4349 καὶ
919 4295 1287 4367 μεσημϐρινὸν
1316 4296 1464 4360 ἐντὸς
1500 4290 1638 4350 εἶναι
1668 4296 1768 4367 τῆς

1872 1858 2211 1915 meridianus
2264 1860 2505 1932 aequales
2550 1869 2701 1928 sunt,
2752 1863 3011 1933 quoniam
3050 1878 3148 1934 per
3187 1873 3436 1919 centrum
3471 1884 3477 1893 υ

1872 1950 2125 2007 dividunt
2152 1950 2442 2023 sphaeram.
2475 1954 2653 2025 Atque
2679 1962 2741 2010 ut
2771 1957 2837 2011 de
2863 1957 3096 2027 singulis
3129 1967 3340 2028 agatur.

1944 2041 2183 2100 Horizon
2237 2046 2367 2101 inde
2416 2046 2598 2104 dictus
2646 2054 2733 2104 est
2789 2048 2937 2119 quod
2992 2049 3437 2120 hemisphaerium

1872 2149 2040 2206 supra
2073 2142 2274 2191 terram
2303 2136 2372 2192 ab
2397 2152 2464 2192 eo
2494 2137 2641 2208 quod
2671 2139 2860 2195 subter
2888 2149 2992 2207 est,
3028 2149 3263 2212 separat.
3301 2141 3434 2197 Nam
3473 2150 3479 2156 '

1871 2243 1997 2282 cum
2035 2229 2381 2286 extrinsecus
2421 2231 2649 2302 sphaerae
2689 2234 3121 2306 circumpositas
3166 2236 3257 2300 sit,
3290 2237 3476 2315 velut.

1871 2318 2125 2377 Oceanus
2150 2330 2235 2377 est
2272 2322 2715 2396 circumquaque
2752 2333 2955 2382 terram
2986 2328 3222 2393 alluens,
3263 2343 3295 2385 e
3327 2344 3436 2400 quo

1872 2412 2046 2468 stellae
2075 2414 2237 2470 nobis
2283 2417 2456 2480 oriri,
2499 2423 2555 2473 et
2602 2418 2659 2473 in
2699 2433 2823 2475 eum
2869 2420 3123 2476 occidere
3156 2423 3430 2479 videntur.

1872 2499 2012 2557 Hinc
2051 2501 2444 2575 Neoptolemus
2474 2503 2740 2563 Parianus
2774 2506 2830 2562 in
2871 2507 3215 2565 Trichtltom'a
3238 2527 3259 2567 :

1874 2656 1888 2669 .
1911 2656 1925 2671 .
1947 2659 1961 2673 .
1991 2656 2005 2672 .
2042 2617 2129 2672 cui
2159 2628 2269 2673 tota
2296 2619 2610 2691 circumﬂua
2637 2621 2879 2693 illigatur
2910 2632 3074 2679 terra.

1941 2728 2100 2789 Unde
2140 2732 2341 2790 Aratus
2368 2736 2533 2791 etiam
2564 2738 2836 2793 Oceanum
2863 2739 3101 2808 appellat
3142 2741 3290 2797 hunc
3320 2743 3434 2797 cir-

1870 2825 2055 2879 culum
2084 2840 2210 2879 cum
2232 2827 2288 2880 in
2318 2826 2477 2893 aliis,
2508 2834 2621 2883 tum
2656 2828 2711 2883 in
2739 2829 2862 2885 istis
2896 2831 3144 2887 versibus
3174 2851 3188 2886 :

1870 2934 2042 3008 Porro
2076 2937 2178 2991 iste
2199 2936 2397 2993 Oceani
2426 2948 2634 2992 tantum
2664 2943 3008 3008 supereminet
3036 2944 3256 3008 undam,

1923 3015 2144 3063 uantum
2174 3008 2388 3079 interest
2421 3026 2453 3063 a
2481 3008 2805 3079 Capricorno
2836 3015 3147 3069 ascendente
3174 3016 3404 3070 maxime

1562 3005 1721 3073 ωσι-α’
1751 3005 1765 3015 ’
1870 3005 2144 3131 guamum
2174 3008 2388 3062 interest
2421 3026 2453 3063 a
2481 3008 2643 3079 Capri

1794 3055 1837 3115 α
1917 3092 2138 3131 ancrum
2167 3077 2237 3131 ad
2263 3088 2643 3151 assurgentem.

1867 3189 2025 3257 Quod
2062 3207 2132 3247 ex
2175 3180 2413 3250 Homero
2439 3171 2782 3265 expressisse
2823 3195 3082 3263 videtur,
3125 3199 3289 3270 cujus
3316 3199 3439 3257 hac
3476 3234 3479 3243 ρ

1866 3284 2035 3341 verba
2068 3291 2199 3342 sunt
2224 3304 2241 3341 :

1869 3398 2068 3471 {ncidit
2096 3399 2306 3458 Oceano
2334 3401 2430 3471 fax
2462 3402 2639 3459 lucida
2663 3406 2817 3469 solis,

1872 3469 2106 3528 Trahens
2126 3469 2343 3526 noctem"
2353 3473 2563 3544 nigram
2590 3491 2748 3545 super
2777 3478 2974 3532 almam
3005 3487 3221 3534 terram.

1808 3622 1811 3625 .
1870 3583 2031 3648 Item,

1870 3691 1965 3750 Sol
1990 3703 2204 3751 exortus
2233 3704 2311 3751 est
2341 3696 2635 3767 relinquens
2657 3700 2977 3768 praeclarum
3001 3698 3196 3757 lacum.

1940 3806 2010 3862 At
2039 3808 2351 3881 philosophi
2382 3817 2438 3867 et
2467 3820 2757 3884 geometrae
2784 3814 3122 3870 horizontem
3155 3815 3305 3871 illum
3340 3832 3434 3872 νο-
3475 3787 3481 3793 ’

1867 3905 2018 3961 cant,
2053 3914 2215 3970 quem
2265 3899 2469 3957 Aratus
2516 3900 2896 3983 hemisphaeria
2944 3903 3052 3958 duo
3093 3905 3285 3976 partiri
3317 3921 3432 3963 meo
3476 3948 3484 3966 ι

1806 3986 1811 3991 ’
1867 4000 2067 4057 morat,
2097 4007 2220 4048 cum
2253 3992 2370 4049 ait:

1870 4142 1885 4157 .
1912 4143 1927 4158 .
1952 4142 1969 4157 .
1995 4143 2011 4160 .
2043 4103 2134 4157 ubi
2152 4107 2373 4161 extremi

1866 4170 2161 4229 Miscentur
2185 4192 2422 4242 occasus,
2452 4186 2499 4231 et
2533 4186 2680 4235 ortus
2708 4178 2944 4235 invicem.

1935 4284 2207 4343 Praeterea
2255 4288 2604 4360 cogitandum
2647 4299 2734 4348 est
2768 4294 3107 4351 horizontem
3146 4308 3212 4349 ac
3267 4295 3432 4350 meri-

190 4383 432 4454 σφαίρας
452 4384 557 4436 τῶν
584 4383 719 4437 ὅλων
744 4385 979 4456 νοητέον.
1014 4386 1178 4440 Οὐδὲν
1209 4387 1316 4460 γὰρ
1347 4387 1453 4440 τῶν
1481 4386 1649 4440 ὄντων
1676 4386 1768 4440 αὐ-

1888 4376 2089 4433 lianum
2119 4379 2267 4433 intra
2300 4381 2568 4451 sphaeram
2602 4398 2746 4438 esse.
2789 4383 2923 4439 Nam
2971 4386 3243 4442 nulla‘res
3273 4394 3428 4441 extra

187 4475 296 4547 τῆς
322 4478 471 4529 ἐστιν
497 4475 671 4540 ἐκτός.
702 4475 873 4549 ’Υπὲρ
899 4478 954 4531 δὲ
973 4477 1066 4531 τοῦ
1094 4478 1568 4551 παρακολουθῆσαι
1595 4481 1762 4550 ἡμᾶς,

188 4565 353 4630 ἐκτὸς
399 4561 535 4620 εἶναι
577 4566 826 4636 λέγονται
859 4570 940 4633 είς
977 4569 1039 4622 τὸ
1084 4568 1233 4634 ἐντὸς
1273 4570 1372 4642 τῆς
1401 4570 1635 4642 σφαίρας
1668 4569 1765 4624 πέ-

193 4672 334 4801 ραῗο
379 4747 438 4802 δὲ
486 4749 852 4821 μεσημϐρινὸς
878 4750 1220 4824 παρελήφθη,
1276 4753 1362 4807 ἵνα
1417 4753 1485 4806 τὰ
1521 4754 1635 4830 ἀπὸ
1670 4754 1766 4824 τῆς

189 4836 461 4908 ἀνατολῆς
491 4837 651 4911 μέχρι
682 4838 785 4909 τῆς
814 4838 1017 4903 δύσεως
1044 4840 1282 4915 δεικνύῃ,
1319 4843 1412 4896 καὶ
1458 4843 1544 4896 ἵνα
1580 4842 1766 4914 μάθω·
1806 4844 1811 4851 ’

194 4946 318 5001 μεν,
353 4929 435 4983 ὅτι
462 4930 601 4983 κατὰ
623 4930 809 4983 τοῦτον
841 4931 1120 5003 γινόμενος
1149 4936 1178 4986 ὁ
1199 4934 1349 5005 ἥλιος
1384 4938 1477 4988 καὶ
1507 4934 1575 4988 τὰ
1607 4934 1767 5009 λοιπά

190 5021 372 5093 ἄστρα
419 5021 556 5092 ὑπὲρ
606 5021 713 5092 γῆς
763 5027 1116 5094 μεσουρανεῖ*
1159 5026 1252 5079 καὶ
1299 5026 1328 5079 ὁ
1371 5026 1563 5098 χρόνος
1612 5018 1766 5090 οὗτός

190 5113 309 5164 ἐστι
336 5112 676 5184 μεσημϐρία,
706 5114 1017 5187 μεσημερία
1044 5131 1124 5179 τις
1153 5113 1305 5170 οὖσα.
1330 5117 1468 5180 Τοὺς
1491 5117 1548 5171 δὲ
1580 5114 1768 5181 λοξοὺς

190 5207 241 5256 0i
275 5206 374 5274 μὲν
404 5207 714 5278 αἰσθητοὺς,
745 5208 795 5263 οί
830 5209 888 5262 δὲ
919 5210 1135 5274 πλείους
1179 5211 1269 5264 τὸν
1302 5209 1562 5279 γαλαξίαν
1599 5211 1768 5281 μόνον

192 5294 332 5349 εἶναι
355 5296 633 5367 βούλονται
651 5315 667 5330 ·
700 5301 822 5364 τοὺς
853 5299 908 5352 δὲ
935 5300 1151 5364 λοιποὺς
1179 5301 1384 5365 πάντας
1416 5300 1658 5372 νοητούς.

480 5497 681 5550 Πόσον
698 5497 764 5551 τὸ
788 5497 1015 5564 πλάτος
1041 5498 1147 5553 τοῦ
1179 5497 1482 5560 ζωδιακοῦ.

262 5592 370 5652 κγ’.
401 5587 458 5639 '0
490 5586 547 5640 δὲ
579 5586 837 5651 ζωδιακὸς
868 5588 1017 5656 λοξὸς
1044 5591 1117 5644 ὢν
1143 5590 1497 5662 περιφέρειαν
1527 5590 1637 5662 ἔχει
1672 5568 1767 5664 με·
1804 5605 1811 5609 '

198 5675 406 5748 γίστην,
432 5676 522 5732 διὰ
543 5677 635 5732 τοῦ
665 5678 884 5751 κέντρου
911 5682 1009 5752 τῆς
1038 5681 1271 5753 σφαίρας
1292 5682 1389 5751 τὴν
1414 5686 1760 5755 περιγραφὴν

1869 4467 2043 4539 ipsam
2075 4478 2179 4524 est.
2218 4467 2324 4525 Sed
2373 4480 2432 4526 ut
2467 4472 2651 4527 animo
2692 4487 2888 4542 capere
2934 4474 3233 4543 possimus,
3277 4485 3431 4529 extra

1865 4574 1989 4615 esse
2040 4560 2353 4631 ﬁnguntur,
2404 4570 2459 4619 et
2496 4561 2815 4619 interiorem
2871 4565 3137 4635 sphaeram
3188 4565 3430 4621 circum-
3481 4598 3485 4606 -

1868 4653 2127 4710 scribere.

1936 4742 2275 4821 Meridianus
2332 4746 2402 4802 ad
2451 4747 2556 4804 hoc
2612 4749 2949 4815 assumitur,
3002 4757 3062 4805 ut
3107 4749 3428 4807 orientalem
3477 4787 3484 4795 ς

1866 4837 2057 4893 mundi
2091 4849 2301 4910 partem
2327 4839 2397 4896 ab
2433 4839 2665 4896 occidua
2694 4852 2967 4907 secernat,
2992 4850 3107 4898 tum
3139 4853 3201 4899 ut
3230 4844 3435 4901 intelli-
3469 4858 3482 4887 ο·

1868 4946 2061 5001 gamus
2089 4933 2261 4987 solem
2311 4948 2376 4988 ac
2401 4934 2612 5005 reliqua
2641 4935 2846 5002 sidera,
2876 4950 3000 4992 cum
3032 4937 3101 4992 ad
3132 4936 3281 4993 illum
3309 4953 3433 5008 pars

1865 5033 2155 5086 venerunt,
2191 5025 2429 5080 medium
2463 5041 2630 5096 supra
2661 5035 2863 5082 terram
2914 5028 3163 5085 obtinere
3205 5029 3428 5086 malum.

1868 5112 2022 5181 Quod
2050 5121 2268 5187 tempus
2303 5116 2654 5192 μεσημϐρίαν
2682 5119 3044 5189 appellamus,
3074 5118 3128 5174 id
3151 5126 3236 5175 est
3264 5120 3431 5174 meri-

1868 5208 2034 5273 diem,
2063 5211 2217 5279 quasi
2251 5212 2616 5283 μεσημερίαν.
2650 5210 2915 5283 Obliquos
2943 5213 3182 5267 circulos
3208 5211 3430 5282 quidam
3480 5266 3491 5281 ,

1867 5292 2228 5370 aspectabiles
2250 5313 2441 5356 omnes
2471 5316 2593 5358 esse
2619 5303 2839 5369 volunt;
2875 5301 2967 5355 alii
2995 5302 3098 5356 soli
3125 5300 3234 5355 hoc
3255 5301 3431 5355 lacteo
3483 5361 3488 5366 _

1868 5389 2148 5457 tribuunt;
2181 5398 2411 5446 caeteros
2438 5390 2594 5446 aiunt
2617 5391 2977 5471 intelligentia
3007 5390 3124 5446 sola
3150 5398 3427 5447 constare.
3478 5440 3485 5475 ζ

2312 5502 2390 5559 De
2422 5504 2629 5560 zodiaci
2657 5504 2962 5562 latitudine.
3092 5552 3097 5579 ε
3298 5558 3307 5567 ,

1934 5595 2026 5650 23.
2058 5593 2330 5653 Zodiacus
2375 5597 2619 5654 circulus
2656 5598 2914 5668 obliquus
2945 5594 3241 5651 maximum
3267 5593 3430 5649 habet

1868 5687 2150 5756 ambitum,
2177 5688 2330 5759 isque
2353 5703 2379 5743 a
2411 5688 2635 5759 sphrera'.
2658 5696 2849 5746 centro
2870 5686 3217 5745 describitur.
3240 5681 3420 5756 Hujus
