3928 6266
503 269 606 324 967

1517 267 1608 322 AD
1645 267 1918 325 EUSEBll
1946 264 2342 325 CHRONICON
2381 268 2725 326 APPENDIX
3642 269 3734 325 968

503 372 736 444 latitudo
777 386 1065 443 intervallo
1103 384 1361 441 delinitur
1388 386 1534 458 quod
1565 402 1594 440 a
1627 386 1959 456 Capricorno
1995 383 2060 438 ad

2178 385 2325 456 ἔχων.
2358 387 2570 453 Πλάτος
2612 390 2670 443 δὲ
2699 389 2808 461 εχει
2837 391 2934 462 τῆς
2972 389 3172 454 θέσεως
3203 390 3270 443 τὸ
3305 389 3417 443 ἀπὸ
3451 389 3732 461 Αίγοκέρωη

505 485 779 538 Cancrum
811 482 1069 551 pertinet.
1111 480 1226 536 Hoc
1261 481 1497 551 spatium
1538 479 1846 550 exprimere
1897 478 2070 532 voluit

2178 495 2258 541 τος
2287 479 2447 550 μέχρι
2480 481 2756 552 Καρκίνου
2788 483 3089 553 διάστημα.
3119 483 3296 536 Τοῦτο
3336 482 3399 534 τὸ
3434 481 3631 546 πλάτος
3656 484 3733 554 δη-

505 573 704 626 Aratus
735 571 820 626 liis
852 572 1132 627 versibus:

505 665 768 720 Caeterum
794 665 878 718 hic
907 665 1104 720 Oceani
1136 675 1341 719 tantum
1372 665 1714 734 supereminet
1746 661 1965 727 undam,

506 734 775 800 Quantum
811 747 890 789 est
920 753 953 788 a
979 735 1302 802 Capricorno
1329 735 1638 789 ascendente
1667 735 1897 788 maxime

505 807 591 860 Ad
623 815 982 876 assurgentem
1010 805 1296 860 Cancrum.

578 922 683 977 Per
714 922 860 976 hunc
904 923 1171 976 circulum
1222 936 1532 976 commeare
1561 921 1819 976 videntur
1846 923 2077 992 planetae

508 1022 716 1086 septem
739 1015 842 1069 sub
871 1015 1049 1069 tribus
1074 1015 1254 1070 lineis.
1283 1014 1386 1080 Qui
1412 1014 1633 1084 quidem
1666 1017 1994 1086 exprimitur
2021 1017 2078 1071 in

508 1106 741 1176 sphera,
760 1113 819 1160 ut
840 1105 1050 1161 itineris
1079 1107 1423 1176 planetarum
1449 1106 1792 1162 latitudinem
1815 1123 2081 1179 agnosca-

2171 570 2342 625 λῶσαι
2373 573 2694 645 βουλόμενος
2720 575 2955 647 ’Λρατός
2984 592 3149 646 φησιν
3167 591 3180 604 ·

2172 663 2369 736 ᾼὺτὰρ
2409 664 2494 734 ὅγ’
2531 667 2808 721 Ὠκεανοῦ
2859 667 3088 720 τόσσον
3115 667 3545 736 παραμείϐεται
3580 665 3730 735 ὕδωρ,

2176 733 2409 806 Ὅσσον
2429 733 2530 788 ἀπ’
2560 737 2914 806 Αὶγωιερῆος
2941 733 3374 806 ἀνερχομένοιο
3402 733 3691 804 μάλιστα,
3711 733 3725 754 ‘

2173 805 2470 872 Καρκίνον
2495 808 2584 871 εἰς
2612 805 2880 862 ἀνιόντα.

2245 909 2470 965 Δοκοῢσι
2513 913 2572 966 δὲ
2615 915 2684 966 δι’
2725 915 2892 969 αὐτοῦ
2936 916 3192 988 φέρεσθαι
3219 918 3274 970 οἱ
3309 918 3456 970 ἑπτά
3494 919 3733 992 πλάνητες

2177 1000 2270 1054 ἐπὶ
2300 1001 2463 1072 τριῶν
2503 1005 2796 1076 γραμμῶν.
2823 1008 3108 1061 Δείκνυται
3133 1009 3190 1061 δὲ
3237 1009 3340 1062 ἐπὶ
3367 1009 3469 1080 τῆς
3504 1014 3728 1081 σφαίρας,

2179 1093 2268 1146 ἵνα
2299 1095 2508 1166 νοῶμεν
2550 1097 2612 1150 τὸ
2656 1097 2857 1162 πλάτος
2887 1099 2988 1170 τῆς
3029 1101 3256 1170 πορείας
3295 1100 3411 1154 τῶν
3456 1102 3726 1174 πλανήτων,

2179 1185 2273 1237 καὶ¹
2301 1185 2470 1255 ἡλίου,
2500 1185 2594 1239 καὶ
2623 1186 2877 1258 σελήνης·
2907 1190 3094 1261 ἐπειδὴ
3116 1191 3163 1242 oi
3198 1189 3371 1242 πέντε
3407 1191 3484 1261 μὴ
3515 1194 3600 1244 ἐπὶ
3626 1198 3728 1262 μιᾶς

2179 1277 2444 1348 γραμμῆς
2471 1277 2748 1331 ποιοῦνται
2784 1280 2882 1352 τὴν
2909 1282 3236 1352 περιφοράν.»
3261 1283 3336 1335 Τί
3361 1278 3458 1336 οὖν
3478 1283 3660 1353 δήποτε
3681 1288 3729 1339 οὐ

509 1211 652 1252 mus.
684 1195 817 1249 Nam
839 1195 1066 1264 planetae
1089 1195 1330 1264 quinque
1351 1211 1457 1249 non
1484 1211 1590 1249 una
1613 1196 1668 1250 in
1685 1196 1825 1252 linea
1847 1198 2083 1252 circum-

515 1285 788 1342 feruntur.
822 1283 965 1349 Quid
990 1284 1156 1354 igitur
1177 1299 1357 1338 causa:
1384 1295 1468 1338 est
1494 1300 1593 1338 cur
1616 1300 1727 1339 non
1754 1286 1864 1340 duo
1891 1286 2080 1341 circuli

512 1377 781 1432 circuitus
810 1377 980 1442 illius,
1017 1377 1111 1433 sed
1136 1385 1248 1432 tres
1277 1377 1333 1431 in
1363 1377 1592 1432 zodiaco
1623 1377 1887 1449 descripti
1919 1376 2075 1433 suntl

2180 1368 2273 1422 δύο
2302 1369 2510 1433 κύκλοι,
2543 1371 2680 1425 ἀλλὰ
2716 1376 2866 1444 τρεῖς
2900 1374 3315 1444 ἐσημειώσαντο
3359 1375 3454 1428 ἐπὶ
3479 1377 3576 1446 τῆς
3603 1396 3728 1448 περι-

507 1468 773 1523 Nimirum
805 1467 952 1539 quod
983 1469 1228 1538 quinque
1255 1468 1357 1534 illi,
1390 1484 1530 1539 quos
1561 1469 1826 1532 diximus,
1853 1470 2075 1540 planetu!

2183 1463 2354 1532 φορᾶς
2381 1463 2472 1517 τὸν
2498 1463 2760 1528 ζωδιακὸν
2799 1466 3031 1532 κύκλον;
3075 1467 3218 1520 Διότι
3273 1469 3328 1520 οξ
3377 1471 3728 1540 προειρημένοι

508 1560 680 1615 latum
704 1562 760 1616 id
799 1575 962 1616 omne
995 1561 1254 1630 spatium,
1301 1561 1449 1631 quod
1491 1563 1719 1617 circulis
1747 1563 1964 1619 duobus
1998 1564 2075 1618 in-

2185 1555 2344 1607 πέντε
2383 1555 2608 1628 ἀστέρες
2637 1557 2698 1610 τὸ
2742 1559 2944 1628 μεταξὺ
2989 1559 3098 1612 τῶν
3151 1559 3246 1612 δύο
3292 1559 3514 1614 κύκλων
3559 1562 3728 1628 πλάτος

507 1653 768 1718 cluditur,
789 1653 1042 1709 obeundo
1064 1661 1357 1723 peragrant
1382 1673 1396 1708 :
1422 1655 1502 1708 sol
1529 1661 1708 1708 autem
1731 1670 1840 1708 non
1873 1662 2075 1709 tantum

2185 1647 2570 1718 περιφέρονται
2591 1664 2604 1678 ο
2635 1649 2664 1699 ὁ
2688 1649 2743 1702 δὲ
2772 1650 2921 1719 ἥλιος
2953 1651 3013 1703 οὐ
3037 1652 3295 1706 τοσοῦτον
3318 1655 3636 1724 παραὸαίνει
3655 1659 3728 1710 ἐπὶ

507 1746 578 1801 ad
609 1747 854 1802 dextram
887 1756 982 1800 aut
1013 1747 1200 1802 lteram
1225 1746 1486 1810 deﬂectit,
1517 1755 1782 1817 quantum
1818 1747 1893 1801 illi
1917 1748 2075 1818 quin-

2178 1739 2246 1792 τὰ
2287 1739 2437 1806 δεξιὰ
2485 1740 2582 1793 καὶ
2629 1740 2906 1812 εὐώνυμα,
2959 1744 3082 1797 ὅσον
3128 1747 3176 1797 οἱ
3235 1745 3440 1798 πέντε·
3475 1745 3601 1800 ἀλλὰ
3639 1749 3725 1802 τῶν

506 1851 636 1906 que,
672 1836 766 1891 sed
800 1835 942 1890 inter
985 1835 1125 1892 duos
1169 1837 1305 1891 istos
1340 1837 1654 1892 limitaneos
1690 1837 1928 1892 circulos
1961 1852 2075 1892 me-

507 1927 633 1980 dius
681 1926 1058 1982 movetur.0b
1105 1925 1158 1980 id
1201 1926 1449 1981 heliacus
1504 1927 1574 1980 ab
1624 1925 1792 1996 hujus
1820 1925 2078 1980 doctrinae

507 2017 702 2087 peritis
732 2018 1068 2088 appellatur;
1099 2024 1193 2070 aut
1227 2017 1538 2086 eclipticus,
1579 2017 1724 2082 quod
1754 2017 1812 2071 in
1841 2029 1908 2072 eo
1943 2016 2076 2071 solis

504 2105 740 2175 eclipses
774 2106 1048 2160 accidant.
1080 2105 1274 2159 Latum
1318 2108 1463 2160 hunc
1492 2108 1761 2161 circulum
1794 2106 2076 2162 zodiacum

508 2195 578 2250 ab
622 2195 909 2251 duodecim
951 2197 1124 2268 signis
1166 2199 1488 2254 nominant:
1527 2213 1647 2270 quae
1691 2209 1852 2265 sunt,
1895 2197 2074 2263 Aries,

508 2285 747 2354 Taurus,
782 2288 1017 2352 Gemini,
1049 2289 1278 2356 Cancer,
1307 2289 1439 2353 Leo,
1476 2289 1662 2361 Virgo,
1695 2289 1880 2356 Libra,
1915 2289 2080 2346 Scor-

508 2379 662 2450 pius,
710 2377 1068 2452 Sagittarius,
1097 2381 1488 2451 Capricornus,
1523 2383 1823 2452 Aquarius.
1866 2381 2076 2438 Pisces.

504 2452 640 2532 Quie
673 2475 728 2524 et
757 2468 901 2523 idola
925 2476 1214 2536 vocantur,
1242 2480 1299 2524 ut
1323 2471 1392 2524 ab
1414 2469 1621 2526 Arato:

683 2726 882 2784 Contra
913 2735 1068 2796 atque
1097 2727 1243 2782 idola
1283 2726 1558 2783 duodecim
1602 2728 1901 2784 volvuntur.

577 2817 688 2892 85
707 2817 813 2872 Sed
837 2822 1008 2888 quaeri
1042 2834 1150 2874 non
1172 2820 1442 2874 immerito
1463 2829 1664 2890 potest,
1695 2837 1792 2875 cur
1807 2838 1928 2876 cum
1947 2821 2080 2878 Cas-

509 2909 719 2980 siepea,
752 2917 808 2963 et
837 2909 1200 2975 Andromeda,
1221 2917 1274 2965 et
1329 2911 1434 2964 alia
1462 2911 1756 2966 simulacra
1777 2916 2078 2984 composita

517 3000 630 3056 sint
677 3015 709 3054 e
748 3000 945 3064 stellis,
982 3002 1099 3055 sola
1140 3001 1426 3056 duodecim
1467 3001 1632 3066 ζώδια
1676 3017 2076 3076 nuncupentur,

509 3097 658 3144 astra
705 3103 835 3143 vero
880 3097 1096 3145 caztera.
1129 3092 1212 3144 An
1259 3092 1405 3160 quod
1445 3093 1602 3163 plura
1650 3093 1705 3147 in
1741 3096 1832 3150 illo
1873 3097 2078 3152 circulo
2106 3083 2149 3139 (ἶ

508 3194 673 3250 quam
727 3181 878 3246 alibi,
912 3189 1040 3237 sunt
1091 3182 1370 3248 animalia,
1405 3185 1528 3240 ideo
1571 3187 1728 3240 zodia
1779 3187 2079 3244 dicuntur?

510 3267 650 3322 Sunt
675 3269 819 3324 enim
851 3271 906 3324 in
938 3271 1211 3326 sideribus
1237 3274 1486 3344 reliquis,
1517 3293 1640 3347 qua:
1671 3293 1778 3332 non
1809 3286 1938 3334 sunt
1970 3278 2077 3344 ζώ-

506 3358 615 3426 δια,
647 3360 750 3414 hoc
777 3368 862 3416 est
904 3361 1219 3416 animalium
1267 3363 1582 3423 simulacra.
1616 3367 1699 3422 An
1743 3369 1869 3438 quia
1912 3386 2077 3441 gene-

507 3452 694 3506 tliliaci
735 3453 1015 3509 hominum
1035 3471 1281 3526 geneses,
1316 3473 1382 3512 ac
1403 3461 1527 3514 vitae
1557 3462 1855 3532 mortisque
1883 3463 2078 3520 fatales

507 3543 689 3600 exitus
713 3559 782 3599 ex
830 3545 898 3602 iis
929 3555 984 3600 et
1034 3547 1472 3605 discurrentibus
1512 3562 1604 3621 per
1644 3567 1706 3606 ea
1733 3554 1964 3623 planetis
1992 3554 2078 3608 in-

507 3636 774 3706 quirunt?
823 3653 892 3692 an
933 3639 1059 3708 quia
1111 3655 1209 3709 per
1245 3641 1493 3696 eumdem
1556 3643 1846 3708 circulum,
1905 3659 2078 3716 eaque

508 3730 666 3798 signa
691 3728 918 3797 planetae
956 3731 1221 3786 circuitus
1256 3747 1387 3787 suos
1411 3733 1634 3798 obeunt,
1669 3750 1768 3789 nec
1791 3750 1821 3789 a
1852 3736 2077 3792 zodiaco

507 3819 923 3890 digrediuntur?
961 3820 1102 3876 Sunt
1123 3829 1305 3877 autem
1330 3824 1562 3894 planeta:
1602 3840 1796 3881 omnes
1821 3828 2076 3882 animalia

507 3906 782 3978 quaedam,
821 3910 966 3979 quod
1002 3919 1195 3982 suapte
1229 3923 1424 3982 sponte
1459 3923 1796 3970 moveantur.
1840 3915 2078 3973 Planetae

507 4005 690 4053 autem
722 3999 791 4054 ab
822 4017 1008 4056 errore
1053 4011 1108 4057 et
1149 4006 1435 4074 vagatinne
1477 4005 1756 4063 dicuntur.
1805 4007 2075 4064 Interdum

503 4089 672 4146 etiam
693 4092 957 4148 circulum
984 4095 1148 4151 istum
1173 4097 1384 4170 ἄλησιν,
1407 4097 1557 4155 idest
1572 4101 1923 4171 evagationem
1944 4103 2074 4158 solis

505 4184 805 4253 appellant,
841 4193 901 4240 ut
929 4185 1131 4242 Aratus
1151 4207 1165 4244 :

647 4275 991 4354 genitricem
1027 4281 1194 4335 borea'
1228 4292 1276 4336 et
1317 4283 1640 4354 eragalionis
1674 4284 1803 4340 solis

646 4343 715 4399 In
748 4348 917 4402 medio
943 4363 1283 4420 sparguntur.

578 4456 752 4528 Hujus
779 4460 969 4517 circuli
997 4479 1209 4518 summa
1235 4473 1320 4521 est
1349 4468 1680 4539 magnitudo.
1712 4470 1881 4540 Cujus
1912 4472 2074 4528 dimi-

501 4547 595 4602 dia
625 4564 753 4619 pars
791 4551 897 4606 sub
927 4561 1074 4608 terra
1099 4555 1250 4614 latet.
1293 4557 1523 4629 Ideoque
1553 4575 1646 4616 sex
1678 4572 1940 4634 perpetuo
1975 4581 2072 4621 su-

507 4655 606 4710 pra
655 4649 858 4696 terram
912 4645 1150 4701 interdiu
1197 4651 1438 4705 eminent
1499 4653 1686 4724 signa,
1738 4655 2072 4732 totidemque

506 4741 668 4787 nocte
712 4735 816 4789 sub
858 4742 1062 4791 terram
1105 4739 1325 4795 condita
1356 4751 1504 4799 sunt.
1537 4743 1693 4811 Quod
1744 4746 1949 4805 Aratus
1984 4749 2069 4805 his

505 4825 687 4880 verbis
716 4827 890 4895 aperit
914 4847 930 4882 :

557 4937 664 4993 Sea:
691 4951 938 5011 perpetuo
967 4942 1210 4999 occidunt
1245 4947 1568 5006 duodecima:
1598 4965 1774 5023 partes
1806 4957 2010 5011 circuli.

573 5050 667 5106 Sic
695 5053 839 5108 enim
862 5054 1297 5115 dodecatemoria
1327 5063 1608 5134 signorum
1637 5069 1902 5126 nominat.
1933 5071 2070 5128 Nolo

503 5141 594 5198 hic
620 5160 706 5200 me
733 5146 1005 5218 quispiam
1039 5149 1366 5222 interpellet,
1398 5155 1765 5230 objiciatque:
1794 5162 1847 5217 Si
1877 5162 2070 5222 diebus

502 5233 734 5306 singulis
761 5251 926 5308 supra
953 5239 1203 5311 infraque
1226 5252 1425 5300 terrain
1448 5263 1546 5319 par
1571 5253 1849 5320 signorum
1876 5271 2069 5312 nume-

502 5341 598 5381 rus
642 5329 893 5398 exsistat,
926 5347 1025 5388 cur
1071 5349 1181 5390 non
1217 5339 1454 5410 aequales
1481 5351 1608 5397 sunt
1638 5345 1867 5402 invicem
1909 5349 2067 5406 dies?

501 5413 635 5512 Plain
666 5419 768 5474 hac
791 5419 858 5477 de
877 5438 935 5477 re
960 5431 1076 5480 tum
1099 5442 1342 5499 agemus,
1373 5448 1494 5490 cum
1526 5433 1592 5493 de
1619 5446 1740 5493 ortu
1769 5441 2063 5512 cujuslibet

503 5507 643 5580 signi
681 5513 846 5568 verba
875 5514 1156 5577 faciemus.

573 5663 598 5718 ἓ
622 5665 666 5734 f.
701 5663 884 5729 ζώδια.
2004 5699 2020 5749 Ι(

2174 1829 2340 1901 τριῶν
2367 1831 2571 1884 τούτων
2611 1831 2850 1897 κύκλων,
2883 1833 2990 1886 τῶν
3027 1834 3090 1886 τὸ
3134 1835 3345 1898 πλάτος
3370 1835 3466 1888 τοῦ
3496 1834 3725 1899 ζωδιακοῦ

2174 1921 2494 1976 δεικνύντων
2525 1925 2675 1994 ἡμῖν,
2716 1924 2858 1978 κατὰ
2904 1926 2993 1978 τὸν
3032 1927 3194 1996 μέσον
3244 1929 3274 1980 ὀ
3323 1927 3480 1997 ἥλιος
3513 1929 3720 1998 φέρεται.

2175 2013 2266 2067 Διὸ
2294 2014 2385 2067 καὶ⁸
2425 2014 2646 2084 ήλιακὺς
2684 2015 2788 2069 ὑπὸ
2824 2016 2932 2069 τῶν
2960 2017 3130 2071 ταῦτα
3153 2019 3353 2072 δεινῶν
3389 2021 3725 2091 προσηγόρευ-

2173 2123 2284 2170 ται,
2321 2107 2414 2160 καὶ
2461 2107 2837 2172 ὲκλειπτικός·
2887 2110 3072 2182 ἐπειδὴ
3120 2113 3177 2164 ὲν
3225 2111 3382 2182 αὐτῷ
3433 2113 3488 2164 αἱ
3537 2113 3723 2183 ἡλιακαὶ

2175 2198 2446 2268 ἐκλείψεις
2468 2200 2731 2268 γίνονται.
2761 2202 2864 2254 Τὸν
2898 2202 2956 2255 δὲ
2983 2204 3391 2276 προειρημένον
3420 2205 3614 2260 πλατὺν
3644 2207 3722 2260 κύ-

2176 2290 2301 2344 κλον
2332 2291 2594 2354 ζωδιακὸν
2640 2292 2915 2364 καλοῦμεν
2957 2295 3065 2348 ἀπὸ
3107 2297 3217 2349 τῶν
3255 2299 3318 2352 ὲν
3367 2296 3512 2366 αύτῷ
3554 2297 3614 2368 ιβ’
3635 2299 3722 2362 ζω-

2175 2382 2334 2436 δίων·
2372 2383 2408 2437 ἆ
2463 2387 2576 2437 ἐστι
2623 2385 2813 2458 Κριὸς,
2863 2386 3102 2459 Ταῦρος,
3152 2389 3401 2460 Δίδυμοι,
3448 2390 3720 2462 Καρκίνος,

2177 2474 2349 2540 Λέων,
2380 2476 2677 2547 Παρθένος,
2709 2480 2902 2546 Ζυγὺς.
2931 2481 3218 2551 Σκορπίος,
3246 2481 3503 2552 Τοξότης,
3531 2483 3720 2550 Atrox:-

2179 2583 2310 2638 ρως,
2348 2566 2654 2639 ’Υδροχόος,
2687 2570 2893 2640 ’ἰχθύες
2913 2588 2926 2602 ·
2961 2572 3203 2627 καλεῖται
3230 2573 3290 2626 δὲ
3321 2574 3418 2627 καὶ
3437 2573 3637 2626 εἴδωλα·
3660 2574 3719 2637 ὡς

2177 2659 2270 2711 καὶ
2301 2661 2534 2732 ’Ἄρατος
2548 2677 2561 2690 ·

2287 2751 2580 2820 Ἕμπαλιν
2605 2751 2873 2820 εἰδώλοις
2903 2753 3266 2809 δυοκαίδεκα
3295 2755 3632 2809 δινεύοντα.
3731 2751 3736 2758 ’

2253 2841 2433 2906 Ἀξιον
2461 2843 2518 2895 δὲ
2549 2843 2798 2914 ζητῆσαι,
2827 2846 2880 2898 τί
2911 2846 3110 2916 δήποτε
3138 2833 3238 2916 τῆς
3266 2847 3620 2908 Κασσιεπείας
3643 2845 3714 2898 καὶ

2192 2934 2563 3006 Ἀνδρομέδας,
2610 2936 2705 2988 καὶ
2750 2936 2856 2989 τῶν
2902 2937 3074 2991 ἄλλων
3117 2937 3359 2992 εἰδώλων
3404 2939 3461 3004 ἐξ
3510 2937 3714 3005 ἀστέρων

2185 3027 2575 3098 συγκειμένων,
2610 3027 2676 3080 τὰ
2707 3026 2772 3098 ιβ’
2805 3029 2962 3099 μόνον
2992 3027 3174 3092 ζώδια,
3201 3029 3276 3082 τὰ
3305 3031 3364 3083 δὲ
3395 3029 3549 3082 λοιπὰ
3570 3029 3712 3095 ἄστρα

2182 3118 2444 3172 καλεῖται.
2479 3119 2701 3190 Μήποτε
2725 3115 2818 3172 οὖν
2854 3121 2960 3173 ἀπὸ
2992 3119 3100 3173 τῶν
3141 3121 3538 3186 πλεοναζόντων
3579 3115 3714 3185 ἐντῷ

2179 3210 2360 3280 κύκλῳ
2377 3207 2492 3273 ζῶα
2510 3212 2529 3241 ⁵
2550 3210 2792 3279 λέγεται;
2812 3210 2924 3265 ἐστι
2946 3212 3051 3284 γὰρ
3074 3213 3131 3264 ὲν
3151 3215 3265 3274 τοῖς
3289 3212 3492 3273 λοιποῖς
3510 3209 3709 3278 ἄστροις,

2176 3300 2213 3355 ἃ
2243 3301 2316 3372 μή
2353 3301 2467 3354 ἐστι
2501 3301 2690 3366 costa,
2713 3303 2956 3356 τουτέστι
2990 3303 3143 3367 ζώων
3171 3303 3390 3356 εἴδωλα·
3420 3302 3455 3372 ἢ
3482 3301 3622 3353 πάλιν
3646 3299 3710 3350 ὅτι

2176 3395 2228 3448 οἱ
2253 3394 2621 3463 γενεσιαλόγοι
2649 3395 2749 3459 τὰς
2767 3395 3007 3465 γενέσεις
3029 3395 3136 3448 τῶν
3157 3395 3256 3448 ἀνθ
3266 3397 3482 3468 ρώπων,
3503 3393 3586 3445 καὶ
3607 3391 3708 3458 moi

2177 3487 2322 3556 ζωῆς
2354 3487 2449 3539 καὶ
2483 3486 2732 3550 Θανάτου,
2778 3486 2914 3558 πρὸς
2947 3485 3119 3539 ταῦτα
3155 3485 3442 3546 σκοποῦσι,
3489 3484 3574 3538 καὶ
3607 3483 3707 3545 τοὺς

2177 3577 2303 3648 περὶ
2349 3575 2488 3629 αὐτὰ
2527 3575 2906 3646 διερχομένους
2949 3576 3264 3648 πλάνητας·
3309 3578 3341 3647 ἦ
3387 3577 3464 3631 ὅτι
3496 3574 3609 3645 περὶ
3634 3573 3706 3626 τὸν

2177 3668 2394 3735 κύκλον,
2432 3669 2527 3722 καὶ
2559 3669 2687 3741 περὶ
2715 3667 2854 3721 αὐτὰ
2883 3669 2933 3722 οἱ
2965 3669 3105 3722 ἑπτὰ
3131 3668 3403 3740 πλάνητες
3428 3665 3706 3737 περιφέρον-

2175 3779 2290 3825 ται,
2316 3761 2414 3833 ούχ
2442 3760 2836 3832 ὑπερϐάλλουσι
2859 3762 2950 3814 τὸν
2985 3759 3247 3824 ζωδιακὸν
3286 3759 3500 3814 κύκλον.
3527 3755 3632 3811 Ζῶα
3657 3753 3703 3806 δέ

2175 3852 2282 3906 εἱσι
2302 3852 2395 3906 καὶ
2417 3846 2560 3906 οὗτοι
2581 3853 2630 3904 oi
2648 3851 2788 3904 ἑπτὰ
2807 3851 3098 3923 πλάνητες,
3119 3851 3198 3922 τῷ
3219 3851 3552 3920 αὐτοκίνητοι
3569 3842 3698 3899 εἶναι’

2176 3944 2441 4014 πλάνητες
2470 3944 2527 3996 δὲ
2558 3941 2847 3997 καλοῦνται
2882 3942 3034 4009 παρὰ
3061 3942 3159 4014 τὴν
3187 3942 3324 4016 ἄλην
3359 3943 3455 4013 τὴν
3485 3939 3566 3994 καὶ
3594 3935 3699 3989 πλά-

2175 4053 2292 4106 νην.
2328 4036 2484 4087 Ἕστι
2521 4035 2565 4087 δ’
2592 4036 2682 4088 ὅτε
2721 4034 2909 4088 τοῦτον
2951 4035 3040 4089 τὸν
3076 4034 3278 4089 κύκλον
3319 4036 3412 4089 καὶ¹
3450 4052 3467 4085 ι
3497 4031 3657 4100 ἁλησιν
3678 4045 3694 4078 ι

2175 4125 2527 4197 ὀνομάζουσιν
2559 4144 2578 4177 ‹
2613 4125 2784 4197 ἡλίου·
2825 4145 2844 4180 ι
2878 4126 2953 4190 ὡς
2979 4127 3072 4181 καὶ
3105 4129 3360 4199 Ἀρατος·

2245 4307 2353 4362 Καὶ
2380 4308 2452 4362 τὰ
2467 4307 2584 4376 μὲν
2609 4304 2721 4364 οὗν
2743 4309 2955 4376 βορέω,
2979 4309 3075 4365 καί
3098 4309 3357 4378 ἀλήσιος
3385 4309 3591 4379 ἠελίοιο

2098 4408 2150 4470 D
2239 4379 2570 4448 Μεσσηγὺς
2603 4380 2936 4449 κέχυται....

2251 4491 2403 4562 Ἔχει
2435 4491 2492 4544 δὲ
2521 4483 2674 4555 οὗτος
2705 4493 2734 4543 ὁ
2759 4490 2954 4556 κύκλος
2982 4491 3206 4562 μέγεθος
3238 4492 3502 4562 μέγιστον.
3541 4482 3688 4538 ’Ᾱεὶδὲ

2177 4583 2238 4637 τὸ
2263 4584 2434 4654 ἣμισυ
2464 4583 2568 4638 ὑπὸ
2600 4583 2705 4654 γῆν
2742 4583 2874 4654 ἔχει.
2918 4585 3009 4638 Διὸ
3037 4586 3132 4639 καὶ
3169 4584 3228 4650 ἒξ
3263 4585 3400 4656 ὑπὲρ
3436 4583 3529 4652 γῆν
3557 4576 3688 4632 ἀεῑὺι

2175 4675 2359 4747 ἡμέρᾳ
2386 4675 2500 4726 ἐστὶ
2529 4673 2714 4740 ζώδια,
2737 4676 2915 4741 καὶ-ἒξ
2949 4676 3055 4728 ὑπὸ
3083 4678 3185 4748 γῆν
3219 4679 3276 4730 ὲν
3307 4675 3474 4731 νυκτί.
3511 4673 3688 4734 Ἐπιση-

2181 4765 2424 4836 μαίνεται
2452 4764 2509 4818 δὲ
2539 4764 2694 4818 τοῦτο
2726 4766 2819 4819 καὶ
2846 4767 3079 4837 ’Ἄρατος
3103 4767 3294 4836 λέγων·

2250 4970 2352 5038 Ἓξ
2379 4969 2491 5023 αἰεὶ
2523 4968 2777 5024 δύνουσι
2803 4969 3171 5036 ὃυωδεκάδες
3195 4971 3448 5025 enimdato.

2238 5081 2586 5145 Δυωδεκάδας
2613 5081 2720 5154 γάρ
2749 5077 2868 5136 εἷπε
2905 5081 2976 5135 τὰ
3017 5082 3451 5154 δωδεκατημόρια
3483 5073 3573 5128 τῶν
3598 5070 3677 5133 ζω-

2169 5171 2310 5226 δίων.
2343 5173 2548 5242 Μηδεὶς
2573 5173 2631 5226 δὲ
2662 5173 2756 5227 νῦν
2788 5173 3137 5245 ύποκρουέτω
3157 5174 3346 5243 λέγων’
3366 5173 3425 5227 ΕΞ
3447 5168 3553 5223 καθ’
3577 5159 3676 5215 ἑκά-

2175 5283 2307 5338 στην
2352 5265 2560 5337 ἡμέραν
2605 5266 2744 5338 ὑπὲρ
2783 5267 2884 5338 γῆν
2933 5268 3026 5321 καὶ
3077 5268 3183 5320 ὑπὸ
3235 5268 3337 5338 γῆν
3389 5265 3472 5317 ίσα
3508 5258 3674 5327 γίνεται

2173 5355 2357 5422 ζώδια,
2393 5356 2510 5421 πῶς
2533 5357 2633 5412 οὐκ
2667 5358 2775 5411 ῐσαι
2808 5359 2946 5412 εἰσὶν
2991 5361 3046 5412 αἱ
3081 5359 3284 5432 ἡμέραι
3321 5353 3548 5427 ἀλλήλαις
3579 5342 3672 5406 ἀείῖ

2185 5449 2444 5520 Ἐροῦμεν
2476 5449 2584 5521 γὰρ
2609 5451 2734 5522 περί
2765 5451 2974 5516 τούτου,
3000 5453 3126 5507 ὅταν
3160 5451 3288 5524 περὶ
3312 5444 3544 5514 ἀνατολῆς
3574 5436 3672 5491 ἑκά-

2175 5557 2298 5594 στου
2334 5540 2521 5606 ζωδίου
2552 5542 2813 5614 λέγωμεν.
