3928 6266
232 377 327 437 969

942 375 1258 435 ACHILLIS
1294 373 1478 431 TATII
1510 372 1807 432 ISAGOGE
1844 371 1936 427 AD
1971 371 2184 427 ARATI
2223 367 2695 428 PHENOMENA.

3371 377 3475 433 9'70

295 490 503 546 Τούτου
519 492 622 547 τοῦ
648 491 852 547 κῦκλου
869 491 962 546 τοῦ
981 491 1243 558 ζωδιακοῦ
1257 491 1318 545 τδ
1339 492 1437 563 μὲν
1469 489 1797 564 βορειότεροι

1976 484 2198 550 Zodiaci
2225 486 2421 542 circuli
2462 500 2591 557 pars
2627 486 2739 551 illa,
2774 501 2894 557 quae
2924 485 3159 544 maxime
3198 489 3371 561 vergit
3402 491 3471 547 ad

234 582 393 655 μέρος
426 581 749 652 ἐφάπτεται
763 583 856 637 τοῦ
877 582 1088 656 θερινοῦ
1103 581 1364 655 τροπικοῢ
1395 585 1535 637 κατὰ
1552 582 1644 637 τὸν
1659 584 1821 656 Καρ-ἓ

233 675 394 739 κίνον,
413 674 478 728 τὸ
500 674 565 727 δὲ
591 675 914 748 νοτιώτερον
937 674 1032 730 τοῦ
1053 676 1361 749 χειμερινοῦ
1377 674 1637 747 τροπικοῦ
1669 675 1809 730 κατὰ

229 766 316 820 τὸν
342 765 739 840 Δίγοκέρωτασ
782 766 876 821 τοῦ
904 767 961 821 δὲ
997 767 1320 845 μεωιτατου
1365 766 1459 821 τοῦ
1493 766 1806 840 ἰσημερινοῦ

230 857 364 912 κατὰ
393 858 492 912 δύο
519 859 699 932 μέρη,
725 861 817 915 καὶ
843 858 937 913 δύο
967 858 1151 928 (eam,
1174 860 1316 915 κατά
1332 877 1391 914 τε
1412 860 1581 931 Κριὸν
1596 862 1695 915 καὶ
1710 858 1808 925 τὰς

231 948 434 1020 Χηλὰς·
468 951 572 1004 καὶ
613 951 685 1023 δὴ
722 951 906 1023 τέμνει
936 950 1029 1005 τὸν
1065 952 1394 1025 ἰσημερινὸν,
1430 954 1527 1007 καὶ
1552 952 1808 1024 τέμνεται

232 1040 318 1094 ὑπ’
347 1038 540 1095 αὐτοῦ.
584 1041 724 1095 Ὅτε
765 1043 942 1098 τοίνυν
983 1044 1076 1097 ἐπὶ
1106 1043 1176 1103 τὰ
1216 1044 1527 1118 βορειότερα
1561 1044 1671 1098 ἀπὸ
1700 1044 1809 1098 τῶν

232 1132 562 1205 νοτιωτέρων
584 1134 819 1205 ὑψοῦται
842 1139 871 1190 6
888 1136 1059 1208 ἥλιος,
1085 1137 1247 1210 μέχρι
1273 1138 1546 1211 Καρκίνου
1573 1138 1804 1208 γίνεται.

232 1224 317 1277 Διὸ
339 1224 434 1278 καὶ
467 1224 686 1297 θερμὸς
710 1228 838 1299 ἡμῖν
885 1228 1199 1295 ὑποπίπτει,
1250 1231 1344 1285 ἆτε
1390 1230 1616 1303 πλησίον
1646 1230 1807 1303 ἡμῶν

218 1313 319 1370 ὢν.
348 1316 650 1371 Ἐπέκεινα
682 1317 738 1372 δὲ
759 1320 1032 1390 Καρκίνου
1060 1322 1157 1393 οὐχ
1186 1322 1432 1393 ὑψοῦταν
1463 1323 1600 1377 ἀλλὰ
1635 1341 1805 1395 προσ-

219 1404 322 1460 ειὼν
361 1405 606 1461 ἐνταῦθα
649 1410 909 1482 τρέπεται
952 1414 1045 1466 ἐπὶ
1090 1413 1160 1466 τὰ
1213 1413 1381 1468 νότια’
1426 1416 1520 1468 καὶ
1560 1415 1806 1470 καλεῖται

229 1499 406 1573 θερινὴ
428 1500 617 1573 τροπὴ
644 1501 709 1555 τὸ
732 1505 789 1558 ὲν
814 1502 892 1574 τῷ
915 1503 1172 1576 Καρκίνῳ
1199 1503 1331 1575 ὕψος
1354 1503 1448 1558 τοῦ
1478 1505 1650 1578 ἡλίου.
1682 1506 1809 1560 Βοό-

224 1589 403 1647 Δλονται
439 1589 498 1643 δὲ
546 1590 763 1661 τροπὴν
806 1591 966 1645 αὐτὸν
1013 1593 1280 1647 ποιεῖσθαι
1324 1593 1375 1646 οἱ
1419 1593 1523 1665 μὲν
1552 1594 1680 1664 περὶ
1706 1593 1806 1659 τὰς

232 1680 417 1752 ἀρχὰς,
454 1682 506 1735 οί
540 1682 602 1735 δὲ
637 1683 767 1755 περὶ
796 1683 986 1754 ὀγδόην
1002 1687 1228 1757 μοῖραν,
1249 1688 1298 1738 σί
1326 1686 1383 1740 δὲ
1417 1687 1545 1759 περὶ
1569 1687 1658 1759 ιβ’,
1682 1688 1732 1742 οἱ
1749 1688 1805 1742 δὲ

234 1775 353 1843 περὶ
378 1779 436 1825 ιε’
457 1772 554 1826 τοῦ
581 1774 884 1846 Καρκίνου.
903 1775 1120 1831 Κατιὼν
1138 1776 1194 1830 δὲ
1211 1778 1304 1831 ἐπὶ
1324 1777 1395 1832 τὰ
1413 1779 1560 1833 νότια
1581 1781 1610 1833 6
1629 1779 1799 1851 ἥλιος,

1910 577 2235 648 aquilonem,
2270 578 2539 647 tropicum
2566 577 2818 633 aestivum
2839 578 3107 649 contingit
3133 579 3192 634 in
3216 578 3471 648 Cancro;

1908 684 2029 741 quae
2052 685 2182 726 vero
2204 670 2438 726 maxime
2464 681 2548 726 est
2577 671 2856 738 australis,
2889 672 3178 729 hibernum
3201 675 3471 745 tropicum

1910 763 2082 833 tangit
2119 761 2173 816 in
2206 759 2582 833 Capricorno;
2608 764 2847 819 medium
2878 764 3162 819 amborum
3206 765 3473 821 circulum

1907 852 2339 923 aequinoctialem
2378 853 2435 908 in
2471 853 2686 910 duabus
2723 856 2990 926 partibus,
3031 870 3096 911 ac
3130 857 3302 928 signis
3332 859 3471 913 duo-

1907 944 2238 1021 bus,‘Ariete
2258 961 2324 1000 ac
2355 944 2538 1001 Libra.
2563 945 2734 1013 Quem
2759 948 3010 1003 eumdem
3047 948 3313 1004 circulum
3335 950 3476 1005 bifa-

1908 1035 2045 1089 riam
2064 1042 2240 1099 secat,
2271 1045 2326 1090 et
2342 1036 2590 1093 vicissim
2619 1038 2687 1091 ab
2711 1052 2777 1092 eo
2802 1047 3038 1093 secatur.
3064 1036 3232 1109 Igitur
3251 1042 3473 1110 quando
3520 1080 3525 1085 .

1905 1127 1989 1182 sol
2018 1127 2088 1183 ab
2120 1128 2447 1186 australibus
2479 1129 2724 1199 partibus
2747 1130 3005 1187 recedens
3018 1130 3280 1188 .boreales
3310 1147 3470 1189 scan-

1905 1218 2006 1285 dit,
2051 1218 2119 1275 ad
2164 1219 2433 1278 Cancrum
2481 1236 2653 1291 usque
2698 1222 2963 1292 pervenit.
2993 1221 3290 1294 Propterea
3340 1231 3468 1277 tunc

1908 1312 2067 1368 nobis
2104 1312 2381 1369 ardentior
2410 1313 2629 1379 accidit,
2666 1321 2851 1385 utpote
2894 1317 3272 1387 propinquior.
3311 1314 3468 1372 Ultra

1902 1403 2176 1460 Cancrum
2228 1421 2337 1460 non
2367 1406 2668 1473 attollitur;
2706 1406 2801 1462 sed
2845 1421 2911 1462 eo
2939 1422 3064 1462 cum
3104 1409 3358 1472 accessit,
3400 1408 3466 1462 ad

1907 1503 2152 1551 austrum
2196 1494 2528 1564 reﬂectitur;
2563 1496 2972 1567 appellaturque
3003 1499 3290 1555 conversio
3337 1500 3465 1553 alti-

1907 1584 2038 1641 tudo
2060 1586 2150 1640 illa
2170 1586 2304 1643 solis
2333 1588 2388 1642 in
2407 1587 2639 1643 Cancro.
2669 1587 2818 1643 lianc
2838 1603 3003 1660 porro
3028 1592 3464 1656 conversionem,

1907 1677 2022 1732 sive
2048 1678 2338 1733 solstitium
2363 1679 2453 1733 alii
2484 1678 2640 1734 initio
2662 1677 2859 1736 Cancri
2895 1680 3010 1736 ﬁeri
3035 1681 3253 1750 volunt;
3288 1682 3379 1736 alii
3411 1683 3467 1735 iu

1904 1774 2092 1823 octava
2126 1780 2317 1840 parte;
2352 1771 2443 1825 alii
2464 1770 2614 1825 circa
2641 1769 3049 1840 duodecimam;
3077 1773 3169 1828 alii
3196 1774 3341 1828 circa
3360 1773 3466 1828 de-

232 1839 360 1916 ὲπαν
401 1863 549 1918 κατὰ
584 1839 691 1919 τοῦ.
727 1867 1042 1939 ίσημερινοῦ
1075 1868 1320 1940 γένηται,
1353 1866 1473 1924 τότε
1513 1839 1797 1943 ἰσημερίαν

1904 1860 2099 1915 cimam
2125 1862 2397 1932 quintam.
2421 1862 2551 1919 inde
2575 1864 2658 1919 sol
2681 1864 2737 1919 in
2768 1874 3013 1920 austrum
3037 1864 3313 1935 delapsus,
3327 1878 3463 1918 cum

233 1958 385 2011 ποιεῖ.
420 1956 578 2009 Ποιεῖ
599 1957 661 2011 δὲ
686 1957 846 2013 τοῦτο
866 1960 947 2024 δὶς
972 1959 1066 2014 τοῦ
1091 1961 1356 2014 ἐνιαυτοῦ*
1389 1962 1573 2033 ἐπειδὴ
1601 1964 1694 2016 καὶ
1720 1963 1806 2027 δίς

235 2043 526 2113 ἐφάπτεται
547 2046 647 2100 τοῦ
675 2048 1010 2120 ίσημερινοῦ.
1027 2049 1189 2121 Καὶή
1215 2051 1313 2122 μὲν
1327 2051 1569 2106 καλεῖται
1589 2052 1801 2126 ὲαρινὴ,

232 2135 264 2206 ἡ
291 2135 343 2188 δὲ
376 2139 729 2211 μετοπωρινή
761 2140 1037 2213 ίσημερία·
1066 2141 1255 2214 ὲαρινὴ
1292 2143 1390 2214 μὲν
1416 2145 1475 2199 ὲν
1504 2143 1677 2216 Κριῷ,
1712 2145 1802 2198 ὅτε

235 2225 524 2296 ἐφάπτεται
565 2227 667 2281 τοῦ
713 2229 1027 2301 ίσημερινοῧ
1065 2229 1288 2285 κύκλου·
1339 2233 1683 2305 μετοπωρινὴ
1723 2234 1800 2299 δὲ,

236 2318 315 2371 ὅτε
349 2319 560 2387 γίνεται
600 2320 663 2374 ὲν
707 2322 945 2392 Χηλαῖςε,
995 2324 1157 2378 πάλιν
1186 2324 1558 2396 ἐφαπτόμενος
1589 2324 1683 2378 τοῦ
1718 2328 1802 2380 ἰσ-

233 2411 503 2481 ημερινοῧ.
545 2407 685 2466 ’Δτῶ
713 2413 769 2467 δὲ
788 2414 981 2487 Χηλῶν
1008 2416 1217 2470 κάτεισι
1233 2417 1546 2489 ωτιὼτερος
1575 2417 1679 2482 ἓως
1704 2420 1803 2471 Αί-

235 2500 545 2572 γοκέρωτος·
568 2503 698 2556 τότε
727 2503 784 2557 δὲ
814 2503 1110 2574 ἐφάπτεται
1143 2509 1171 2560 6
1193 2506 1455 2571 ζωδιακὸς
1484 2507 1579 2561 τοῦ
1613 2525 1801 2580 χειμε-

1901 1952 2339 2022 aequinoctialem
2362 1954 2560 2026 attigit,
2592 1955 2976 2027 aequinoctium
2999 1953 3130 2010 facit
3150 1973 3165 2021 ;
3189 1955 3351 2025 iilque
3380 1954 3465 2010 bis

1903 2045 2218 2114 quotannis,
2253 2046 2416 2103 toties
2446 2047 2590 2102 enim
2619 2047 3051 2119 :equinoctialem
3079 2048 3316 2119 attingit.
3350 2046 3464 2101 Hoc

1902 2149 2024 2189 rum
2064 2137 2296 2191 alterum
2342 2137 2731 2208 aequinoctium
2783 2152 3048 2206 vernum;
3092 2138 3322 2193 alterum
3360 2152 3466 2203 auo

1892 2229 2145 2286 {tumnale
2199 2229 2418 2285 dicitur.
2459 2229 2697 2286 Vernum
2739 2230 2799 2285 ﬁt
2838 2231 2892 2285 in
2924 2231 3129 2297 Ariete,
3168 2231 3258 2286 ubi
3287 2231 3467 2285 circu-

1902 2321 2014 2374 lum
2035 2321 2465 2392 aequinoctialem
2491 2322 2686 2394 tangit.
2713 2322 3042 2378 Autumnale
3069 2322 3124 2377 in
3156 2321 3345 2390 Libra;
3370 2322 3465 2378 ubi

1902 2428 2094 2468 rursus
2118 2413 2366 2469 eumdem
2401 2414 2668 2469 circulum
2694 2413 2928 2484 attingit.
2950 2412 2997 2467 A
3022 2412 3185 2469 Libra
3205 2413 3464 2484 deinceps

1901 2505 1960 2559 in
1986 2513 2233 2559 austrum
2280 2505 2453 2575 magis
2482 2519 2546 2560 ac
2587 2503 2759 2575 magis
2803 2503 3031 2571 recedit,
3069 2505 3316 2576 adusque
3348 2504 3464 2560 'Ca-

237 2589 373 2660 ρινοῦ
396 2594 691 2663 τῳπικοῦ,
720 2595 812 2648 καὶ
833 2596 861 2648 6
885 2595 1034 2667 ἥλιος
1062 2597 1223 2652 πάλιν
1261 2597 1369 2651 ἀπὸ
1400 2597 1507 2651 τῶν
1532 2598 1797 2653 ταπεινῶν

1901 2596 2238 2666 pricornum,
2271 2596 2365 2651 ubi
2415 2597 2675 2652 zodiacus
2713 2584 2980 2668 tropiciim
3025 2596 3310 2652 hibernum
3334 2611 3464 2651 con-

236 2684 321 2738 ἐπὶ
335 2684 400 2739 τὰ
424 2682 742 2761 ὑψηλότερα
764 2687 1040 2761 τρέπεταιο
1064 2690 1157 2743 καὶ
1183 2689 1426 2744 καλεῖται
1453 2691 1626 2762 τροπὴ
1650 2689 1797 2762 ἡλίου

1900 2685 2062 2756 tingit
2093 2703 2107 2741 :
2150 2699 2216 2741 ac
2248 2686 2330 2741 sol
2370 2700 2563 2743 rursus
2587 2700 2618 2740 a
2646 2685 3031 2757 dejectioribus
3071 2685 3259 2745 mundi
3288 2685 3465 2756 partio

237 2774 269 2844 ἡ
300 2775 400 2829 ἀπὸ
422 2778 814 2851 ταπεινοτέρου
839 2780 932 2833 ἐπὶ
955 2779 1017 2833 τὸ
1049 2779 1375 2854 ὑψηλότερον
1409 2782 1623 2853 πορεία.
1664 2782 1797 2835 Ποτὲ

1900 2774 2004 2829 bus
2032 2773 2098 2828 ad
2122 2773 2342 2830 altiores
2365 2776 2719 2830 convertitur.
2747 2774 2878 2841 Qua!
2904 2774 3120 2846 quidem
3150 2776 3219 2832 ab
3244 2776 3464 2831 inferio-

238 2862 288 2917 ἃ
308 2866 591 2935 Αἰγύπτιοι
617 2870 731 2924 ἀπὸ
757 2871 1031 2943 Καρκίνου
1054 2872 1146 2926 ἐπὶ
1171 2872 1512 2944 Αίγοκέρωτα
1534 2872 1623 2926 τὸν
1647 2873 1797 2943 ἥλιον

1900 2865 2051 2921 ribus
2084 2865 2151 2919 ad
2188 2866 2358 2920 ardua
2377 2865 2652 2937 migratio,
2688 2867 2821 2922 solis
2852 2867 3140 2923 conversio
3172 2867 3282 2921 dici
3304 2868 3459 2922 solet.

240 2957 478 3011 κατιόντα
502 2959 766 3031 ὁρῶντες,
806 2960 902 3015 καὶ
942 2961 1008 3015 ἐκ
1051 2961 1401 3032 μακροτέρων
1435 2958 1797 3032 σμικρὺνοντα

1902 2955 2141 3029 Egyptii
2170 2956 2443 3027 quondam
2466 2960 2640 3012 solem
2679 2956 2926 3013 videntes
2959 2971 2989 3011 a
3014 2956 3234 3013 Cancro
3260 2957 3326 3011 ad
3358 2957 3465 3011 Ca.

227 3044 330 3110 ’τὰς
360 3048 594 3120 ἡμέρας,
627 3049 911 3115 ἐπένθουν,
951 3049 1334 3122 εὐλαϐούμενοι
1373 3049 1448 3122 μὴ
1482 3050 1797 3122 καταδραχὺ

1899 3048 2215 3118 pricornum
2246 3047 2599 3114 descendere,
2626 3064 2692 3103 ac
2732 3049 3006 3121 longiores
3046 3049 3462 3107 contrahentem

239 3138 497 3214 καταλίπῃ
522 3142 727 3205 αὐτοὺς
756 3144 785 3194 6
816 3141 983 3213 ἥλιος·
1016 3142 1109 3195 καὶ
1138 3141 1280 3195 ἔστιν
1308 3142 1336 3195 6
1372 3140 1559 3212 καιρὸς
1587 3135 1740 3205 οὗτος
1770 3142 1800 3194 6

241 3234 360 3302 παρ’
381 3234 563 3297 αὐτοῖς
591 3233 704 3287 τῶν
733 3232 1078 3305 καλουμένων
1115 3234 1308 3289 Ἰσίων.
1357 3234 1510 3287 Ἐπεὶ
1545 3232 1603 3288 δὲ
1637 3234 1798 3289 πάλιν

238 3319 533 3378 ἀναϐαίνειν
569 3325 797 3397 ἤρξατο,
841 3326 934 3379 καὶ
974 3316 1315 3400 μακροτέρας
1347 3329 1517 3380 ποιεῖν
1544 3326 1640 3391 τὰς
1663 3328 1798 3398 ἡμέ-

231 3425 349 3480 ρας,
382 3415 687 3485 τηνικαῦτα
720 3415 1232 3489 λευχειμονήσαντες
1261 3418 1795 3489 ἐστεφανηφόρησαν.

241 3491 391 3567 οὗτος
423 3508 451 3558 6
478 3499 706 3570 κύκλος,
749 3508 799 3560 εί
829 3507 1122 3580 διαιρεθείη
1163 3509 1244 3573 εἰς
1275 3507 1417 3563 ὀκτὼ
1456 3509 1594 3581 μέρη
1619 3550 1634 3574 ,
1678 3509 1800 3561 τέσ-

234 3599 371 3663 Rapa
388 3596 482 3666 μὲν
496 3597 609 3664 ἔξει
633 3598 775 3671 ὑπὲρ
794 3598 919 3670 γῆν,
938 3599 1009 3653 τὰ
1025 3601 1081 3655 δὲ
1105 3600 1266 3674 ἕτερα
1286 3599 1526 3672 τέσσαρα
1546 3601 1650 3654 ὑπὸ
1670 3602 1794 3672 γῆν.

246 3682 393 3741 Ὥστε
423 3689 535 3743 ἴσον
571 3690 689 3763 ἔχει
718 3690 824 3745 ἀπὸ
855 3692 977 3764 γῆν,
1009 3693 1100 3746 καὶ
1126 3692 1238 3747 ἴσον
1271 3693 1409 3767 ὑπὲρ
1437 3696 1561 3765 γῆν.
1596 3693 1795 3762 Τέμνει

236 3768 295 3829 ‘66
314 3777 401 3834 τὸν
428 3782 764 3857 ἰσημερινὸν,
791 3784 884 3838 καὶ
914 3784 1169 3857 τέμνεται
1195 3785 1284 3839 ὑπ’
1317 3784 1501 3838 αὐτοῦ.

700 3983 841 4053 Περὶ
872 3982 979 4037 τοῦ
1014 3983 1326 4053 γαλαξίου.

308 4068 400 4129 κδ’.
441 4072 501 4128 '0
527 4074 587 4128 δὲ
616 4074 881 4145 γαλαξίας
915 4075 1126 4148 εἴρηται
1153 4075 1273 4147 μὲν,
1306 4076 1382 4138 ὡς
1412 4074 1558 4128 ἔστιν
1578 4070 1791 4148 όρατδς,

245 4159 330 4213 καὶ
350 4161 617 4231 μόνοςέπὶ
635 4165 734 4236 τῆς
756 4165 988 4237 σφαίρας
1007 4165 1280 4237 αἰσθητὸς,
1303 4166 1410 4220 τῶν
1433 4166 1607 4222 ἄλλων
1626 4167 1795 4221 ὄντων

245 4248 451 4317 νοητῶν.
490 4253 631 4327 Περὶ⁹
665 4254 726 4306 δὲ
761 4253 950 4308 τούτου
994 4255 1158 4327 φησιν
1203 4255 1592 4328 Ἐρατοσθένης
1629 4258 1687 4311 ὲν
1718 4255 1795 4327 τῷ

243 4336 653 4412 Καταμερισμῷ
716 4341 1087 4418 μυθικώτερον
1135 4344 1226 4397 τὸν
1274 4344 1536 4413 γαλαξίαν
1596 4344 1795 4399 κύκλον

244 4432 502 4497 γεγονέναι
522 4435 589 4489 ἐκ
615 4435 708 4489 τοῦ
734 4436 833 4507 τῆς
857 4437 1034 4508 ’Ἥρας
1054 4437 1338 4505 γάλακτος.
1364 4436 1470 4490 Τοῦ
1490 4437 1602 4509 γὰρ
1632 4438 1796 4509 Ἦρα-

238 4518 415 4586 κλέους
442 4525 519 4579 ἔτι
547 4527 780 4599 βρέφους
805 4528 976 4593 ὄντος,
1008 4531 1102 4582 καὶ
1128 4529 1216 4583 τὸν
1238 4529 1443 4601 μαστὸν
1476 4531 1575 4601 τῆς
1608 4531 1789 4601 Ἥρας

244 4607 665 4689 ἐπισπασαμένου
693 4620 1067 4691 σφοδρότερον,
1086 4620 1298 4691 ἐκείνην
1319 4622 1665 4677 ἀντισπάσαιο
1694 4624 1791 4677 καὶ

232 4699 371 4757 ὀὗ-ω
417 4709 795 4781 περιχυθέντος
828 4709 922 4763 τοῦ
961 4711 1248 4780 γάλακτος,
1275 4711 1478 4767 κύκλον
1515 4714 1788 4783 γενέσθαι,

234 4794 509 4863 παγέντος.
543 4802 619 4855 Τὸ
645 4801 702 4854 δὲ
740 4802 869 4855 αὐτὸ
909 4802 1002 4856 καὶ
1044 4803 1136 4856 ἐπὶ
1162 4801 1256 4856 τοῦ
1294 4803 1496 4876 Ἑρμοῦ
1528 4804 1676 4874 λέγει
1702 4823 1792 4875 γε·

245 4886 484 4956 τενῆσθαι
508 4887 934 4965 Ἐρατοσθένης,
979 4895 1054 4959 ὡς
1089 4895 1198 4968 ἄρα
1242 4897 1271 4949 6
1316 4896 1524 4968 Ἐρμῆς
1563 4897 1656 4951 τοῦ
1690 4916 1792 4970 μα-

247 4975 360 5030 στοῦ
384 4981 480 5052 τῆς
508 4984 685 5057 Ἥρας
718 4985 1012 5044 ἐσπάσατο.
1052 4987 1232 5041 Ἀλλοι
1255 4987 1312 5042 δὲ
1349 4990 1413 5042 ὲκ
1450 4988 1551 5059 τῆς
1589 4988 1791 5059 συμϐο-

237 5061 331 5151 λῆς
360 5071 462 5126 τῶν
490 5075 584 5130 δύο
623 5078 993 5151 ἡμισφαιρίων
1037 5079 1250 5149 λέγουσι
1288 5079 1448 5134 αὐτὸν
1485 5080 1785 5150 γεγονέναι.

247 5150 445 5231 Ἕτεροι
478 5165 535 5220 δέ
566 5184 750 5238 φασιν,
786 5150 1006 5224 ὧνίὲστι
1032 5171 1128 5225 καὶ
1152 5171 1455 5243 Οἰνωπίδης
1472 5173 1501 5224 6
1523 5173 1673 5237 Χῖος,
1707 5172 1790 5226 ὅτι

247 5250 489 5326 πρότερον
526 5260 667 5315 κατὰ
693 5261 883 5316 τούτου
928 5262 1152 5334 ἐφέρετο
1195 5265 1225 5317 6
1268 5264 1440 5335 ἥλιος,
1487 5264 1576 5318 διὰ
1620 5263 1679 5317 δὲ
1719 5263 1790 5318 τὰ

237 5336 486 5403 Ὁυέστεια
514 5352 700 5409 δεῖπνα
727 5355 1068 5429 ἀπεστράφη,
1098 5357 1193 5410 καὶ
1217 5356 1315 5428 τὴν
1346 5355 1593 5412 ἐναντίαν
1615 5354 1788 5426 τούτῳ

246 5435 518 5519 feminae:
540 5446 862 5518 περιφορὰν,
887 5446 955 5517 ἢν
980 5445 1074 5501 νῦν
1101 5446 1426 5519 περιγράφει
1454 5447 1484 5499 6
1505 5446 1785 5512 ζωδιακός.

254 5516 391 5579 Ἔστι
417 5529 471 5584 δὲ
499 5516 752 5605 μυθῶδες
772 5516 929 5591 τοῦτο
963 5539 1059 5593 καὶ
1094 5516 1306 5608 ψεῧδος.
1340 5537 1405 5591 Τί
1432 5538 1541 5610 γὰρ
1570 5537 1789 5610 ἐροῦσιν

246 5610 294 5701 Ῠὶ
317 5615 475 5675 ταῦτα
504 5624 746 5695 λέγοντες
784 5628 911 5701 περὶ
941 5630 1041 5700 τῆς
1079 5629 1307 5701 σελήνης
1345 5631 1437 5683 καὶ
1476 5628 1583 5682 τῶν
1619 5629 1784 5683 πέντε

249 5698 503 5779 ﬁii‘liéptuv;
538 5718 610 5770 Οὐ
638 5718 746 5790 γὰρ
780 5698 967 5789 eam
995 5698 1139 5772 οὗτοι
1168 5698 1272 5773 διὰ-
1286 5721 1355 5774 τὰ
1383 5720 1642 5774 Θυέστεια
1676 5719 1784 5772 δεῖν

253 5800 803 5882 πναάπεστράφησαν.
841 5812 1022 5866 ’Ἄλλοι
1061 5813 1118 5867 δὲ
1155 5816 1218 5867 ἐκ
1254 5813 1461 5886 μικρῶν
1494 5814 1653 5880 πάνυ,
1686 5814 1782 5869 καὶ

544 5905 813 5967 Pareat.
850 5905 965 5967 Gn.
1004 5907 1178 5969 XIX.

1900 3139 2040 3204 dies,
2089 3140 2272 3210 lugere
2312 3149 2731 3206 consueverant,
2777 3142 2932 3197 veriti
2970 3157 3038 3196 ne
3076 3141 3335 3213 paulatim
3379 3143 3464 3209 sd.

1900 3248 1993 3288 eos
2018 3233 2366 3302 relinqueret.
2392 3232 2547 3298 Quod
2581 3239 2794 3301 tempus
2842 3232 3116 3289 incidebat
3143 3232 3201 3289 in
3229 3231 3462 3291 Isioruln

1901 3321 2117 3377 festum.
2159 3322 2331 3377 Simul
2360 3332 2523 3393 atque
2560 3336 2689 3378 vero
2714 3323 3083 3379 conscendere
3109 3335 3367 3394 coeperat,
3398 3338 3462 3379 ac

1899 3413 2109 3469 dierum
2139 3414 2312 3483 spatia
2343 3415 2686 3483 producere;
2718 3420 2848 3469 tunc
2879 3415 3068 3480 albati,
3109 3416 3463 3486 coronatique

1888 3505 2205 3576 prodibant.
2233 3502 2522 3560 Postremo
2556 3505 2801 3560 circulus
2832 3505 2934 3561 iste
2957 3506 3003 3561 si
3038 3507 3093 3560 in
3127 3515 3253 3560 octo
3283 3518 3461 3576 partes

1898 3597 2189 3662 tribuatur,
2223 3595 2416 3650 harum
2447 3613 2615 3668 supra
2644 3604 2845 3653 terram
2887 3607 3122 3669 quatuor
3145 3609 3457 3670 emergent;

1900 3687 2123 3758 reliqum
2150 3687 2289 3742 infra
2327 3694 2524 3744 terram
2556 3696 2791 3760 quatuor
2827 3701 2987 3746 erunt
3012 3691 3257 3745 occultae.
3288 3692 3364 3745 Ita
3392 3707 3456 3746 ex

1896 3798 2051 3852 aequo
2080 3799 2264 3854 supra,
2299 3771 2550 3854 infraque
2578 3793 2780 3839 terram
2822 3799 2945 3840 sese
2973 3784 3238 3840 continet.
3265 3783 3461 3855 IEqui-

1886 3874 2182 3930 uectiaiem
2213 3883 2394 3929 autem
2410 3882 2584 3940 secat,
2618 3884 2673 3930 et
2700 3875 2769 3929 ab
2798 3890 2863 3931 eo
2887 3875 3129 3931 vicissim
3154 3887 3386 3932 secatur.

2409 3988 2486 4044 De
2514 3989 2681 4044 lacteo
2708 3989 2920 4044 circulo
2946 4034 2947 4037 η

1964 4072 2053 4137 211.
2083 4078 2339 4137 Lacteum
2377 4081 2643 4137 circulum
2677 4081 2853 4135 solum
2878 4096 2946 4135 ex
2974 4078 3252 4145 'onmibus,
3274 4080 3369 4152 qui
3402 4080 3457 4147 in

1895 4172 2105 4242 sphaera
2142 4180 2292 4237 sunt,
2343 4171 2728 4243 aspectabilem
2758 4187 2913 4237 esse,
2939 4186 3015 4226 ac
3042 4187 3206 4227 sensu
3255 4174 3459 4244 percipi

1891 4265 2005 4335 jam
2048 4264 2320 4332 diximus;
2366 4280 2491 4320 cum
2547 4265 2729 4321 caeteri
2768 4258 2892 4321 sola
2922 4264 3282 4335 intelligentia
3326 4279 3458 4319 con-

1896 4363 2061 4412 stent.
2111 4356 2187 4411 De
2225 4356 2331 4411 hoc
2365 4356 2642 4410 fabulatur
2684 4354 3073 4411 Eratosthenes
3106 4355 3163 4409 in
3196 4369 3261 4410 eo
3293 4355 3457 4419 libro,

1895 4448 1989 4518 qui
2020 4448 2482 4517 Καταμεριοήμός,
2521 4447 2577 4501 id
2612 4457 2695 4503 est
2721 4446 2972 4510 Partitio,
3006 4447 3303 4516 inscriptus
3343 4457 3456 4513 est;

1896 4551 1965 4590 ex
1989 4532 2221 4590 Junonis
2252 4536 2393 4590 lacte
2422 4542 2605 4590 ortum
2649 4535 2930 4591 habuisse.
2954 4532 3089 4589 Nam
3119 4549 3244 4591 cum
3275 4534 3458 4590 infans

1893 4627 2071 4682 adhuc
2094 4626 2359 4683 Hercules
2391 4626 2626 4683 Iunonis
2664 4627 2922 4697 papillam
2950 4625 3325 4682 vehementius
3362 4641 3456 4682 ex-

1893 4726 2150 4790 sugeret;
2202 4734 2431 4790 eamque
2468 4729 2659 4775 contra
2690 4718 2782 4773 illa
2834 4719 3180 4804 retraxisset,
3220 4717 3452 4774 effusum

1891 4827 2016 4867 esse
2044 4813 2149 4877 lac,
2180 4817 2235 4865 ct
2259 4811 2373 4883 86
2409 4826 2475 4867 eo
2502 4820 2892 4868 concrescente
2914 4812 3185 4867 circulum
3208 4826 3333 4867 esse
3370 4810 3452 4864 fa-

1891 4908 2072 4967 ctum;
2103 4901 2250 4971 quod
2279 4902 2459 4972 ipsum
2487 4908 2542 4956 et
2562 4899 2832 4956 Mercurio
2863 4900 3160 4972 contigisse
3178 4898 3452 4955 memoria:

1890 4989 2073 5062 prodit
2129 4989 2537 5056 Eratosthenes,
2574 4999 2636 5046 ut
2673 4988 2904 5049 Iunonis
2942 5005 3234 5046 mammam
3268 4990 3451 5045 trahe-

1892 5089 1993 5138 ret.
2028 5082 2134 5136 Alii
2162 5099 2230 5137 ex
2269 5083 2774 5154 hcmispbaeriorum
2816 5084 3050 5139 duorum
3090 5082 3450 5139 commissura

1891 5173 2007 5230 ﬂeri
2039 5182 2283 5230 censent.
2316 5174 2443 5242 Alii,
2473 5183 2533 5230 ut
2559 5175 2870 5248 (EnOpides
2897 5176 3085 5242 Chius,
3114 5183 3447 5241 asseverant.

1890 5268 2060 5323 solem
2089 5276 2249 5323 antea
2284 5269 2386 5323 iter
2411 5268 2547 5324 ‘illac
2579 5268 2800 5334 fecisse,
2830 5270 3004 5326 donec
3031 5278 3252 5339 propter
3271 5268 3448 5339 Thye-

1889 5365 2038 5415 steas
2066 5360 2256 5429 epulas
2292 5374 2539 5426 aversus,
2579 5361 2914 5416 contrariam
2939 5361 3079 5414 viam
3117 5359 3284 5430 coepit
3313 5358 3450 5415 insi-

1889 5456 2056 5514 stere,
2086 5463 2250 5520 quam
2282 5449 2540 5505 zodiacus
2569 5450 2732 5505 modo
2770 5449 3050 5505 describit.
3084 5446 3191 5503 Sed
3221 5449 3334 5503 haec
3352 5446 3450 5519 {fa-

1888 5539 2084 5595 bulosa
2130 5547 2278 5595 sunt.
2312 5539 2448 5594 Nam
2487 5540 2622 5611 quid
2648 5542 2833 5596 dicent
2872 5541 2966 5610 qui
2992 5541 3068 5594 ita
3106 5539 3346 5595 sentiunt
3380 5538 3449 5596 de

1889 5633 2040 5699 luna,
2071 5639 2125 5687 et
2147 5632 2389 5703 quinque
2413 5633 2672 5703 reliquis?
2700 5631 2820 5698 Non
2866 5633 3011 5688 enim
3051 5631 3120 5686 ob
3151 5629 3450 5702 Thyesteas

1889 5721 2055 5790 dapes
2082 5720 2243 5776 etiam
2274 5721 2363 5776 isti
2409 5736 2530 5776 sese
2559 5720 2904 5777 reﬂexerunt.
2939 5721 3077 5775 Sunt
3109 5720 3200 5790 qui
3234 5719 3447 5791 perexi-

1888 5814 2009 5884 guis
2064 5830 2127 5870 ac
2164 5814 2374 5870 crebris
2405 5829 2434 5869 e
2464 5814 2660 5880 stellis,
2691 5829 2811 5883 quae
2841 5814 2911 5868 ob
2956 5813 3078 5867 cmli
3112 5827 3142 5864 a
3189 5823 3327 5866 term
3363 5811 3448 5866 di—

3090 5905 3162 5964 31
