3928 6266
500 382 598 438 971

1526 373 1619 427 AD
1648 371 1916 429 EUSEBII
1956 372 2351 431 CHHONICON
2389 372 2751 429 APPENDIX.

3649 372 3745 431 9η

502 500 761 559 stantiam
794 498 1101 554 coalescere
1121 494 1392 559 videntur,
1425 493 1735 550 confectum
1771 494 1921 549 illum
1951 496 2070 551 exi-

2196 496 2639 567 τεπυκνωμένων,
2667 496 2761 548 καὶ
2790 496 2921 566 ἡμῖν
2948 493 3249 547 δοκούντων
3283 490 3557 564 ἡνῶσθαι,
3589 493 3672 547 διὰ
3692 496 3745 550 sb

461 628 471 666 ;
503 594 727 650 stimant
747 609 762 647 :
783 592 929 647 velut
952 589 1000 646 si
1021 590 1145 660 quis
1163 588 1392 644 minutis
1419 587 1738 658 crebrisque
1761 590 1892 645 salis
1917 589 2076 645 micis

506 683 710 755 aliquid
746 683 1042 753 inspergat.
1071 680 1175 736 Sed
1204 679 1393 735 nescio
1416 695 1486 734 an
1509 694 1616 734 non
1646 682 1715 734 sit
1738 681 2075 750 probabilius

506 777 679 843 dictu,
706 791 772 831 ex
807 775 1044 829 nubibus
1096 790 1220 829 eum
1255 772 1482 830 conﬂari
1535 772 1650 827 sive
1688 772 2075 829 condensatio-

506 885 634 925 nem
680 868 823 923 aeris
861 881 985 939 esse
1023 867 1405 936 pelluccntem,
1448 879 1570 935 qua:
1612 864 1803 919 circuli
1844 867 2079 933 speciem

509 962 693 1016 habet.
728 959 903 1029 Hujus
930 974 1062 1014 sane
1088 959 1333 1014 meminit
1356 957 1557 1013 Aratus
1592 957 1677 1014 his
1701 956 1882 1012 verbis
1914 974 1926 1009 :

513 1162 660 1220 Illud
688 1164 908 1234 insigne,
943 1161 1246 1226 rotundum,
1278 1160 1362 1214 lac
1399 1159 1568 1228 ipsum
1607 1158 1899 1213 nominant.

580 1257 690 1312 Lac
750 1255 895 1310 enim
928 1253 1070 1309 ideo
1109 1258 1328 1317 vocant,
1373 1250 1519 1322 quod
1567 1250 1855 1319 γαλαξίου,
1893 1248 1947 1303 id
1995 1257 2084 1304 est

519 1367 537 1398 ι
570 1348 750 1412 lactei,
778 1367 796 1399 ι
829 1360 1027 1400 nomen
1055 1358 1247 1398 versus
1276 1344 1415 1399 ratio
1456 1358 1562 1399 nou
1602 1334 1929 1397 admitteret.
1967 1337 2084 1394 Cai-

515 1450 692 1494 terum
722 1452 751 1490 a
789 1435 1029 1490 candore
1073 1430 1229 1489 laetis
1270 1433 1345 1487 ita
1404 1439 1769 1502 nuncupatur.
1806 1430 1902 1485 Est
1937 1429 2082 1485 enim

514 1531 782 1586 candidus
821 1536 877 1584 et
917 1537 1287 1598 transparens.
1328 1525 1433 1593 Qui
1471 1524 1758 1595 sphaeram,
1806 1530 1860 1578 et
1897 1522 2085 1577 zodia-

515 1639 642 1677 cum
675 1622 967 1684 circulum,
1006 1628 1061 1675 et
1100 1616 1535 1689 aequinoctialem
1582 1614 1830 1670 bifariam
1863 1613 2082 1678 dividit,

514 1717 585 1773 ab
613 1714 789 1786 iisque
818 1720 1010 1767 mutuo
1047 1710 1329 1775 dividitur,
1360 1724 1483 1764 cum
1512 1709 1583 1763 sit
1605 1707 1847 1777 aequalis.

855 1823 933 1878 De
958 1822 1183 1903 quinque
1204 1819 1477 1891 parallelis
1513 1808 1748 1873 circulis.

584 1917 677 1974 25.
708 1915 959 1986 Quinque
984 1921 1111 1969 sunt
1132 1912 1376 1983 paralleli
1407 1911 1599 1967 circuli
1634 1928 1646 1965 :
1692 1911 1950 1977 arcticus,
1989 1910 2082 1982 qui

518 2012 585 2065 ad
624 2009 931 2080 aquilonem
971 2007 1198 2078 propius
1242 2004 1483 2071 accedit,
1529 2001 1699 2058 Ursas
1734 2002 1875 2057 intra
1930 2018 1989 2058 se
2030 2009 2085 2058 et
2144 1998 2147 1999 ⁷

520 2103 821 2158 Dracouem
839 2100 1155 2167 continens;
1173 2098 1292 2155 etei
1310 2096 1595 2168 oppositus
1614 2096 1896 2161 australis,
1919 2111 2087 2167 quem

521 2193 882 2248 antarcticum
930 2198 1149 2247 vocant.
1200 2188 1465 2261 Tropicus
1495 2188 1721 2244 aestivus
1763 2195 1887 2259 post
1925 2189 2090 2243 arcti-

520 2301 680 2351 cum;
708 2284 971 2341 hibernus
1003 2283 1249 2355 tropicus
1280 2290 1404 2355 post
1434 2282 1818 2348 antarcticum.
1852 2283 2089 2350 Quintus

522 2374 718 2429 horum
746 2375 989 2429 omnium
1026 2373 1240 2430 medius
1272 2385 1365 2429 est
1396 2373 1815 2445 aequinoctialis.
1857 2375 1974 2444 pari
2008 2374 2092 2429 in-

519 2466 748 2521 tervallo
784 2466 994 2521 distans
1024 2465 1094 2521 ab
1144 2466 1332 2522 aestivo
1370 2466 1705 2536 hihernoquc
1734 2467 1963 2537 tropico.
1999 2466 2093 2522 Est

522 2566 703 2613 autem
750 2558 988 2613 arcticus
1031 2558 1379 2614 minimarum
1409 2575 1574 2626 unus,
1605 2560 1696 2629 qui
1734 2560 1879 2614 circa
1912 2561 2090 2629 polum

528 2650 790 2721 descripti
814 2659 963 2715 sunt,
988 2651 1224 2707 medium
1247 2653 1446 2723 ipsum,
1478 2652 1624 2708 velut
1646 2663 1915 2719 centrum,
1943 2668 2094 2707 com-

523 2743 787 2815 plectens,
810 2744 902 2814 qui
933 2744 1172 2799 arcticus
1199 2752 1418 2815 pr0pter
1450 2742 1642 2808 Ursas,
1674 2760 1810 2815 quas
1839 2760 2091 2815 compre-

528 2837 756 2904 hendit;
802 2848 856 2890 et
881 2836 1141 2901 borealis,
1189 2836 1336 2906 quod
1381 2835 1448 2890 ad
1494 2851 1614 2892 eam
1657 2836 1845 2890 mundi
1886 2845 2092 2906 partem

526 2928 723 2998 vergit,
772 2927 1112 2998 appellatur:
1162 2925 1305 2982 idem
1351 2942 1624 2997 apparens
1677 2926 1897 2993 dicitur,
1946 2928 2092 2998 quod

528 3032 744 3088 semper
785 3019 1020 3083 eminet,
1074 3033 1173 3073 nec
1208 3018 1407 3072 occidit
1454 3034 1714 3089 unquam.
1756 3017 1895 3074 Huic
1925 3035 2096 3090 oppo-

530 3111 670 3167 situs
698 3110 955 3165 australis
975 3110 1236 3181 aequalem
1276 3124 1400 3164 cum
1427 3125 1492 3165 eo
1521 3110 1686 3165 situm
1717 3111 1901 3178 habet,
1933 3120 2094 3183 atque

2178 587 2453 657 διάστημα
2478 586 2539 639 τὸ
2566 586 2675 639 ἀπὸ
2707 584 2800 639 τοῦ
2834 582 3066 656 οὐρανοῦ
3096 585 3186 637 ἐπὶ
3211 584 3324 655 τὴν
3353 582 3486 653 γῆν,
3520 583 3745 658 ἀστέρων

2180 678 2342 733 αὐτὸν
2371 674 2511 732 εἷναί
2552 694 2734 747 φασιν·
2764 677 2839 741 ὼς
2861 676 3014 740 εἴτις
3036 676 3159 730 ἁλσὶ
3182 676 3416 739 λεπτοῖς
3440 692 3504 728 τε
3524 676 3615 729 καὶ
3635 680 3746 733 ML

2179 773 2291 836 λοίς
2331 770 2667 825 καταπάσειέ
2713 787 2787 824 τι.
2834 770 3064 841 Μήποτε
3110 770 3297 840 μέντοι
3348 771 3575 840 ἄμεινον
3605 771 3744 828 αὐτὸν

2180 863 2357 932 λέγειν
2394 863 2458 915 ὲκ
2488 861 2687 931 νεφῶν,
2724 859 2758 931 ἢ
2789 859 3000 930 πίλημά
3044 876 3099 912 τι
3138 857 3306 931 ἀέρος
3346 859 3571 927 διαυγὲς
3604 856 3742 925 εἶναι,

2183 954 2378 1011 κύκλου
2414 954 2600 1026 σχῆμα
2626 953 2765 1024 ἔχον.
2800 953 3085 1024 Μέμνηται
3116 951 3172 1005 δὲ
3195 951 3375 1006 αὐτοῦ
3405 952 3504 1005 καὶ
3540 954 3742 1025 Ἄρατος

2179 1047 2245 1102 δι’
2268 1042 2344 1103 ὧν
2365 1064 2550 1120 φησιν·

2181 1164 2355 1220 Κεῖνο
2380 1164 2769 1234 περιγληνον,
2798 1162 3117 1232 τροχαλὸν.
3144 1159 3308 1231 τάλα
3326 1174 3445 1229 μιν
3462 1156 3738 1215 καλέουσι.

2252 1255 2399 1309 Γάλα
2420 1254 2529 1328 γὰρ
2559 1253 2723 1308 αὐτὸν
2747 1253 3018 1325 ὠνόμασε,
3041 1251 3131 1306 διὰ
3153 1252 3213 1306 τὸ
3237 1251 3321 1323 μὴ
3350 1248 3612 1303 δύνασθαι
3636 1252 3743 1304 αὐτὸ

2184 1345 2462 1418 ἐντεθῆναι
2495 1348 2575 1410 είς
2612 1345 2743 1409 ἔπος
2788 1343 2883 1398 τοῦ
2922 1343 3179 1414 γαλαξίου
3207 1342 3273 1396 τὸ
3303 1341 3507 1411 ὄνομα.
3541 1340 3740 1410 Λέγεται

2183 1438 2241 1491 δὲ
2285 1437 2394 1492 ἀπὸ
2436 1438 2536 1509 τῆς
2583 1438 2773 1510 χροιᾶς
2811 1435 2905 1490 τοῦ
2935 1435 3201 1505 γάλακτος
3225 1435 3401 1489 οὕτω
3441 1432 3627 1496 λευκὸς
3653 1435 3742 1503 γὰρ

2185 1533 2280 1587 καὶ
2314 1532 2540 1603 διαυγὴς
2582 1530 2851 1600 φαίνεται.
2889 1529 3090 1599 Τὲμνει
3119 1528 3177 1581 δὲ
3205 1527 3338 1598 δίχα
3381 1524 3485 1598 τὴν
3517 1528 3738 1597 σφαῖραν,

2186 1625 2282 1680 καὶ
2307 1625 2399 1679 τὸν
2429 1624 2691 1689 ζωδιακὸν
2715 1622 2934 1686 κύκλον,
2960 1622 3054 1674 καὶ
3085 1618 3430 1692 ἰσημερινόν*
3460 1617 3554 1671 καὶ
3576 1617 3739 1686 τέμνε-

2185 1735 2275 1771 ται
2310 1718 2400 1771 ὑπ’
2432 1716 2630 1781 αὐτῶν,
2668 1716 2782 1777 ῐσος
2812 1714 2992 1777 αὐτοῖς
3022 1711 3115 1767 ὢν.
3277 1702 3292 1719 ’

2491 1829 2631 1898 Περὶ
2664 1826 2781 1881 τῶν
2809 1826 2988 1881 πέντε
3020 1823 3461 1895 παραλλήλων.

2253 1927 2354 1977 κε’.
2388 1921 2451 1973 Oi
2473 1919 2530 1973 δὲ
2558 1917 2888 1990 παράλληλοί
2909 1918 3014 1970 εἰσι
3040 1916 3219 1984 πέντε,
3242 1913 3535 1987 ἀρκτικὸς,
3562 1914 3616 1979 ὃς
3645 1917 3737 1969 ἐστι

2185 2016 2540 2087 βορειότερος,
2575 2011 2726 2075 ἐντὸς
2749 2010 2887 2081 ἔχων
2918 2009 3018 2074 τὰς
3050 2010 3326 2082 ’Λρκτους
3386 2008 3485 2062 καὶ
3511 2007 3598 2061 τὸν
3625 2009 3739 2079 Δρά-

2186 2121 2368 2160 κοντα⁸
2409 2104 2506 2158 καὶ
2536 2105 2565 2157 ό
2589 2103 2762 2172 τούτῳ
2794 2099 3164 2170 ἀντικείμενος
3191 2097 3395 2162 νότιος)
3432 2097 3461 2150 ό
3485 2097 3736 2169 ἀνταρκτι-

2185 2199 2281 2264 κὸς
2316 2196 2665 2269 καλούμενος-
2701 2196 2730 2247 ὁ
2759 2193 2901 2267 [καὶ]
2942 2191 3151 2264 θερινὸς
3191 2192 3462 2264 τροπικός
3502 2188 3633 2261 μετὰ
3664 2188 3739 2243 τὸν

2189 2285 2468 2357 ἁρκτικόν⁸
2501 2286 2596 2339 καὶ
2618 2286 2647 2338 ό
2669 2283 2974 2355 χειμερινὸς
2998 2282 3256 2354 τροπικός
3289 2280 3437 2353 μετὰ
3465 2280 3553 2334 τὸν
3572 2280 3736 2351 ἀνταρ-

2188 2378 2390 2431 κτικόν’
2416 2376 2577 2448 μέσος
2599 2375 2654 2429 δὲ
2679 2374 2883 2428 τούτων
2905 2373 3151 2445 πέμπτος
3174 2374 3202 2426 ό
3228 2370 3566 2443 ἰσημερινός,
3581 2370 3735 2424 τοσοῦ-

2188 2486 2279 2522 τον
2308 2468 2527 2539 ἀπέχων
2556 2466 2649 2520 τοῦ
2678 2464 2892 2539 θερινοῦ
2928 2463 3217 2536 τροπικοῶ
3241 2465 3376 2517 ὅσον
3404 2462 3497 2516 τοῦ
3525 2478 3732 2533 χειμερι-

2190 2560 2304 2614 νοῦ.
2330 2561 2487 2613 Ἐστι
2510 2559 2567 2612 δὲ
2591 2560 2620 2612 ὁ
2646 2557 2906 2630 ἀρκτικὸς
2926 2556 3032 2610 τῶν
3056 2556 3381 2627 ἐλαχίστων,
3408 2555 3505 2607 καὶ⁸
3529 2552 3644 2624 περὶ
3664 2554 3734 2604 τὸν

2192 2655 2399 2728 βόρειον
2414 2653 2593 2716 πόλον,
2609 2652 2759 2715 ἐντὸς
2778 2650 2914 2721 ἔχων
2933 2647 3255 2720 μεσαίτατον
3272 2646 3369 2699 τὸν
3386 2644 3545 2698 πόλον
3560 2642 3733 2712 ὡσπερ-

2191 2747 2240 2799 εὶ
2266 2746 2486 2817 κέντρον
2510 2743 2698 2799 αὐτοῦ.
2739 2741 3003 2798 Καλεῖται
3041 2739 3101 2793 δὲ
3142 2737 3405 2811 ἀρκτικὸς
3432 2736 3537 2789 ἀπὸ
3556 2732 3638 2787 τοῦ
3664 2735 3732 2785 ὲν-

2190 2840 2282 2903 τὸς
2307 2837 2453 2909 ἔχειν
2490 2836 2587 2900 τὰς
2619 2836 2906 2907 Ἀρκτους·
2932 2832 3027 2887 καὶ
3052 2830 3283 2903 βόρειος,
3315 2828 3407 2883 διὰ
3435 2826 3496 2880 τὸ
3525 2824 3645 2897 πρὸς
3663 2822 3733 2894 βο-

2196 2931 2322 3003 ρέαν
2350 2926 2490 2983 εἶναι
2510 2928 2616 2983 ἀεί.
2636 2927 2874 3000 Φανερὸς
2895 2925 2952 2979 δέ
2975 2929 3093 2979 ἐστι
3112 2924 3133 2953 ⁸
3156 2922 3244 2976 διὰ
3267 2923 3333 2975 τὸ
3353 2920 3441 2974 ἀεὶ
3466 2915 3731 2990 φαίνεσθαι,

2194 3025 2290 3079 καὶ
2323 3024 2398 3096 μὴ
2426 3022 2622 3077 δύνειν.
2667 3020 2727 3075 '0
2759 3021 2816 3074 δὲ
2843 3019 3015 3089 τούτῳ
3037 3015 3419 3087 ἀντικείμενος
3442 3012 3604 3074 νότιος
3621 3007 3731 3062 κατὰ

2192 3116 2291 3189 τὴν
2315 3116 2460 3171 θέσιν
2483 3116 2596 3180 ἴσος
2627 3115 2724 3187 μὲν
2748 3114 2895 3167 ἔστιν
2920 3109 3093 3182 αὐτῷ,
3120 3108 3373 3181 περιέχει
3400 3107 3459 3161 δὲ
3487 3104 3572 3158 τὸν
3592 3102 3732 3156 νότιον

532 3203 823 3258 australem
868 3203 1110 3257 continet
1157 3203 1373 3272 polum;
1428 3204 1760 3259 antarcticus
1803 3210 1982 3260 autem
2029 3220 2095 3260 ex

2199 3211 2379 3264 πόλον.
2414 3209 2646 3279 Λέγεται
2681 3208 2740 3262 δὲ
2767 3203 3126 3279 ἀνταρκτικὸς
3145 3203 3254 3258 ἀπὸ
3272 3200 3373 3256 τοῦ
3397 3198 3617 3259 ἐναντίος
3644 3196 3730 3247 κεί-

520 3311 599 3351 -eo
628 3297 960 3360 nominatur,
1002 3296 1147 3367 quod
1196 3306 1387 3350 contra
1414 3305 1582 3367 atque
1619 3297 1858 3354 arcticus
1888 3298 2099 3371 positus

533 3389 626 3443 sit.
651 3386 789 3442 Nam
823 3391 1060 3444 arcticus
1087 3387 1155 3444 ad
1207 3388 1450 3453 boream,
1481 3389 1585 3443 iste
1617 3389 1685 3443 ad
1719 3398 1989 3457 austrum,
2025 3391 2103 3449 si-

524 3487 624 3535 tus
651 3487 735 3535 est
756 3498 775 3547 v;
803 3480 892 3535 ille
924 3481 1227 3537 altissimus
1271 3490 1357 3537 est
1386 3486 1439 3536 in
1462 3482 1676 3552 sphaira
1702 3502 1715 3538 :
1750 3483 1837 3538 hic
1868 3486 2102 3543 maxime

521 3571 848 3642 depressus.
873 3570 957 3627 0b
986 3573 1038 3627 id
1063 3574 1301 3629 arcticus
1330 3590 1545 3646 semper
1569 3591 1835 3647 apparens
1874 3586 1958 3633 est
1983 3596 1998 3633 :
2023 3579 2101 3632 al-

528 3670 618 3718 ter
650 3673 873 3734 apparet
906 3680 1205 3735 nunquam.
1250 3664 1437 3720 Potest
1474 3676 1529 3721 et
1577 3668 1863 3723 antarctici
1901 3684 2100 3724 nomen

524 3752 661 3807 inde
704 3755 961 3817 derivari,
1005 3754 1149 3824 quod
1197 3755 1402 3810 arctico
1444 3772 1510 3812 ex
1564 3772 1722 3829 aequo
1750 3760 2099 3829 respondeat.

532 3841 671 3895 Nam
705 3846 1013 3913 pra‘positio
1045 3846 1188 3912 ἀντί,
1228 3865 1247 3898 ι
1275 3849 1484 3919 aequale
1505 3869 1534 3903 τι
1572 3851 1880 3922 signiﬁcat;
1911 3861 1972 3906 ut
2008 3854 2105 3909 άν-

533 3932 729 3998 τίθεος,
785 3935 838 3990 id
886 3944 972 3992 est
1001 3956 1020 3989 ι
1049 3939 1274 4008 aequalis
1327 3939 1503 4005 θεον»
1546 3942 1802 3999 famulus.
1853 3942 1999 4000 Idem
2050 3952 2104 4002 ct

537 4025 792 4081 australis
829 4037 1074 4095 vocatur,
1104 4038 1298 4100 estque
1320 4034 1832 4101 semper‘occultus.

604 4117 871 4190 Tropicus
918 4121 1142 4176 aestivus
1186 4122 1328 4177 inter
1361 4124 1625 4179 arcticum
1656 4134 1723 4181 let
1756 4126 2106 4197 aequinoctia-

525 4208 640 4263 ~lem
675 4209 814 4266 uitus
857 4218 963 4276 est;
995 4226 1060 4266 ac
1110 4212 1404 4269 solstitium
1435 4216 1686 4270 aestivum
1735 4217 1792 4272 in
1830 4234 1890 4274 se
1926 4221 2104 4275 conti-

525 4311 648 4355 τίοι.
680 4299 815 4355 Nam
861 4318 986 4357 cum
1031 4303 1111 4359 sol
1156 4305 1211 4358 in
1240 4305 1458 4362 Cancro
1499 4317 1768 4374 versatur,
1814 4310 1908 4365 ubi
1949 4312 2102 4368 illum

526 4393 735 4463 attigit,
776 4395 1025 4449 aastivum
1077 4396 1373 4452 solstitium
1418 4397 1569 4455 facit.
1626 4397 1754 4456 Ideo
1799 4400 2104 4460 solstitialis

2202 3301 2324 3356 σθαι
2351 3300 2429 3372 τῷ
2463 3297 2727 3373 ἀρκτικῷ·
2763 3296 2792 3349 ὁ
2829 3296 2929 3367 μὲν
2961 3294 3070 3364 γὰρ
3101 3293 3366 3367 ἀρκτικὸς
3393 3288 3529 3344 κατὰ
3552 3286 3727 3358 βορέαν.

2199 3389 2351 3460 οὗτος
2373 3394 2430 3447 δὲ
2456 3392 2598 3448 κατὰ
2629 3393 2779 3447 νότον
2805 3390 2940 3444 ἐστί.
2983 3389 3097 3443 Καὶ
3137 3388 3165 3440 ό
3206 3386 3309 3456 μὲν
3349 3381 3593 3457 ἀρκτικὸς
3620 3375 3727 3431 κατὰ

2200 3490 2298 3561 τὴν
2331 3490 2563 3559 σφαῖραν
2606 3482 2939 3556 ὑψηλότατός
2973 3483 3141 3544 ἐστιν,
3186 3482 3217 3534 ό
3260 3479 3322 3533 δὲ
3370 3474 3725 3531 ταπεινότατος.

2199 3583 2292 3636 Διὸ
2312 3583 2341 3635 ὁ
2374 3581 2472 3652 μὲν
2509 3579 2769 3652 ἀρκτικὸς
2795 3576 3058 3646 ἀειφανής
3084 3576 3252 3628 ἐστιν·
3280 3567 3439 3633 οὗτος
3472 3568 3535 3652 δὲᾼ
3552 3567 3604 3619 οὐ
3630 3562 3726 3634 φαί-

2200 3691 2348 3728 νεται
2377 3650 2638 3744 ⁷ἡμῖνίἯ
2676 3672 2759 3724 ὅτι
2802 3670 2915 3732 [σος
2945 3667 3061 3720 ἐστὶ
3100 3666 3178 3736 τῷ
3215 3661 3483 3736 ἀρκτικῷ,
3514 3650 3602 3728 τῆς
3631 3653 3725 3708 ἀνά

2201 3765 2509 3839 προθέσεως
2537 3764 2598 3818 τὸ
2623 3762 2734 3816 ἴσον
2768 3759 3156 3833 σημαινούσης,
3179 3758 3254 3821 ὼς
3281 3758 3344 3810 ὲν
3375 3754 3452 3825 τῷ
3484 3774 3500 3805 ι
3528 3746 3724 3805 ἀντίθεον

2202 3857 2531 3930 θεράποντα.
2573 3873 2592 3908 ι
2637 3852 2901 3907 Καλεῖται
2941 3849 3000 3904 δὲ
3039 3847 3404 3920 ἀνταρκτικὸς
3441 3843 3531 3898 καὶ
3565 3839 3720 3898 νότιος.

2206 3951 2361 4004 Ἐστι
2392 3947 2449 4002 δὲ
2473 3948 2560 4001 ἀεὶ
2584 3946 2816 4017 ἀφανής.

2281 4127 2343 4182 Ὃ
2366 4128 2423 4182 δὲ
2449 4125 2660 4199 θερινὸς
2681 4122 2939 4198 τροπικός
2962 4123 3138 4176 κεῖται
3169 4120 3372 4192 μεταξὺ
3394 4115 3484 4172 τοῦ
3510 4101 3721 4199 ἀρκτικαῦ

2204 4219 2413 4276 καὶτοῦ
2450 4196 2785 4291 ίσήμερινοῦ.
2823 4217 2976 4287 Ἔχει
3004 4214 3061 4268 δὲ
3101 4215 3158 4267 ὲν
3195 4212 3377 4283 ἑαυτῴ
3415 4209 3508 4272 τὰς
3546 4196 3715 4273 θερινάς

2203 4312 2415 4384 τροπὰς
2445 4311 2538 4366 τοῦ
2569 4311 2740 4383 ήλίου.
2783 4309 2911 4364 Ὅτε
2940 4308 3048 4379 γὰρ
3085 4308 3114 4360 ό
3138 4305 3289 4376 ἥλιος
3325 4306 3385 4358 ὲν
3417 4300 3489 4372 τῷ
3510 4291 3717 4367 Καρκίνῳ

2204 4406 2448 4478 γένηται,
2491 4404 2839 4475 ἐφαψάμενος
2876 4399 3065 4464 αὑτοῦ,
3099 4397 3197 4469 τὴν
3224 4395 3442 4467 θερινὴν
3467 4390 3594 4443 ποιεῖ
3618 4397 3714 4478 apo:

532 4486 758 4541 netivus
804 4486 1023 4542 dicitur.
1074 4488 1170 4543 Est
1212 4498 1394 4545 autem
1429 4498 1489 4545 ut
1522 4492 1728 4547 arctico
1778 4493 1975 4564 major,
2023 4497 2095 4552 sic

2207 4470 2335 4570 πήνί
2364 4497 2453 4551 Διὸ
2478 4470 2573 4550 καὶ
2602 4470 2813 4568 θερινὸς
2834 4491 3092 4566 τροπικός
3115 4490 3399 4560 κέκληται.
3423 4486 3562 4539 Ἐστι
3579 4479 3627 4531 δὲ
3643 4470 3714 4527 τοῦ

533 4578 900 4648 ωρυὶιιοοιίαιὶ
929 4580 1128 4636 minor.
1167 4582 1245 4637 Ac
1271 4583 1319 4638 si
1344 4583 1470 4654 quis
1500 4584 1676 4655 ipsum
1722 4585 1779 4640 in
1809 4559 1934 4643 oe'to
1957 4559 2095 4660 vpar-

2208 4559 2307 4665 μὲν
2328 4588 2588 4664 ἀρκτικοῦ
2613 4559 2831 4660 μείζων·
2858 4559 2953 4640 τοῦ
2979 4585 3039 4638 δὲ
3068 4580 3387 4656 ἰσημερινοῦ
3418 4573 3709 4665 βραχύτξρος·

534 4677 619 4724 tes
643 4670 942 4725 secundum
986 4672 1211 4727 Aratum
1240 4672 1482 4740 dividat,
1529 4684 1689 4731 erunt
1736 4678 1977 4751 quinque
2008 4694 2101 4736 su-

535 4774 633 4831 pra
663 4771 883 4829 terram,
914 4771 1026 4821 tres
1052 4761 1217 4818 inira.
1245 4762 1423 4820 Verba
1446 4766 1599 4821 Arati
1636 4784 1651 4823 :

536 4962 778 5036 Quinque
798 4964 851 5017 in
889 4963 1016 5019 caelo
1055 4973 1332 5020 versantur
1353 4981 1514 5036 supra
1539 4976 1759 5024 terram.

535 5032 664 5091 Tres
692 5032 753 5089 in
772 5036 877 5089 imo
894 5051 914 5089 :
942 5038 1143 5091 ws‘tatis
1173 5047 1348 5092 autem
1369 5032 1427 5092 iii
1468 5054 1529 5093 eo
1548 5046 1671 5093 sunt
1707 5040 2102 5108 conversiones;

531 5146 735 5218 quibus
765 5147 947 5202 verbis
981 5162 1046 5202 ex
1085 5155 1211 5203 octo
1242 5147 1490 5218 partibus
1529 5151 1770 5222 quinque
1794 5153 1951 5208 illum
1995 5154 2107 5210 ha-

531 5238 662 5295 bere
695 5255 859 5311 supra
883 5249 1108 5305 terram,
1141 5248 1254 5295 tres
1284 5241 1386 5296 sub
1402 5252 1568 5308 terra,
1599 5244 1888 5316 signiﬁcat.
1914 5246 1975 5302 1n
1999 5247 2106 5304 hoc

531 5327 759 5397 sphaera:
789 5329 920 5393 situ,
938 5330 1042 5400 qui-
1064 5328 1419 5402 Hellesponti,
1444 5331 1856 5393 Maccdoniaeet
1875 5336 2104 5395 Graeciae

527 5421 739 5476 elimati
786 5423 1096 5494 respondet,
1140 5425 1363 5495 quando
1406 5427 1489 5482 sol
1533 5431 1780 5486 aestivum
1822 5433 2100 5504 tropicum

531 5516 702 5575 tenet.
734 5516 1005 5572 maximus
1037 5517 1154 5575 dies
1179 5520 1434 5578 horarum
1465 5533 1550 5580 est
1581 5523 1679 5591 45;
1712 5504 1938 5591 minima
1965 5541 2100 5593 nox,

2192 4980 2392 5036 Πέντε
2412 4979 2529 5049 μὲν

2204 4687 2267 4741 Ei
2292 4683 2350 4738 δέ
2376 4701 2457 4748 τις
2487 4681 2647 4738 αὐτὸν
2672 4680 2833 4734 διέλοι
2866 4679 2946 4744 εἰς
2976 4676 3121 4732 ὀκτὼ
3156 4677 3296 4749 μέρη
3324 4671 3461 4729 κατὰ
3486 4668 3566 4722 τὸν
3585 4664 3713 4749 ’Δρας

2196 4792 2317 4842 σον,
2347 4743 2499 4828 ἔσται
2524 4773 2622 4845 μὲν
2643 4769 2806 4824 αὐτοῦ
2835 4743 2995 4823 πέντε
3019 4767 3118 4839 μὲν
3139 4743 3425 4837 άπερ-γῆν,
3441 4758 3554 4831 τρία
3570 4752 3615 4806 δὲ
3631 4743 3709 4801 ὑπὸ

2205 4867 2329 4939 Ἱῆνο
2359 4866 2496 4938 Φησὶ
2516 4864 2572 4919 δὲ
2596 4859 2913 4934 περὶαύτοῦ
2936 4860 3108 4924 οὕτως
3143 4860 3379 4932 Ἄρατος
3404 4872 3421 4888 ο

2549 4977 2716 5033 ἐνδια
2741 4976 3057 5049 στρέφεται
3083 4974 3211 5049 καθ’
3232 4972 3509 5049 ὑπέρτερα
3529 4972 3679 5049 ταξρῇ

2213 5034 2291 5106 id
2315 5034 2446 5121 τρίᾶ
2464 5049 2515 5103 δ’
2535 5050 2605 5104 ἐν
2626 5034 2871 5119 περάτῇ·
2887 5034 3093 5116 θέρεος
3112 5039 3179 5100 δέ
3209 5048 3264 5100 οι
3281 5034 3545 5112 ὲνὶρόπιιί
3559 5034 3703 5087 εἰσιν

2193 5164 2314 5219 ἀπὸ
2334 5162 2441 5218 τῶν
2467 5161 2613 5216 ὀκτὼ
2637 5160 2818 5234 μερῶν
2844 5160 3020 5232 δηλῶν
3046 5159 3117 5214 τὰ
3138 5158 3301 5214 πέντε
3323 5157 3454 5226 ὑπὲρ
3470 5148 3560 5220 γῆν
3577 5143 3701 5234 ἔχειῆο

2206 5256 2276 5310 τὰ
2300 5256 2358 5311 δὲ
2377 5254 2506 5326 τρία
2531 5224 2785 5324 ὑπογέιν.
2808 5224 2968 5307 Κατὰ
2991 5252 3197 5321 ταύτην
3214 5252 3313 5323 τὴν
3335 5224 3473 5303 θέσιν
3490 5239 3577 5309 τῆς

2196 5365 2333 5421 ,ραςι
2363 5319 2484 5419 ἥτις
2515 5319 2758 5401 κατὰντδ
2795 5345 2963 5417 κλίμα
2993 5344 3084 5399 τοῦ
3125 5319 3500 5414 Ἑλλήσπόντου
3530 5327 3605 5383 καὶ
3627 5319 3701 5388 τῆς

2209 5438 2544 5503 Μακεδονίας
2567 5438 2705 5505 ἐστὶ,
2743 5439 2840 5493 καὶ
2871 5438 2972 5509 τῆς
3013 5436 3281 5501 Ἑλλάδος,
3309 5433 3400 5488 τοῦ
3430 5426 3560 5501 ἡλίου

2212 5531 2372 5603 μένου
2414 5531 2508 5586 ἐπὶ
2545 5530 2640 5585 τοῦ
2684 5529 2895 5604 θερινοῦ
2929 5505 3222 5602 ’τροπικοῶ
3264 5531 3298 5601 ἡ
3341 5522 3542 5599 μεγίστη
3563 5505 3700 5604 illi“:

472 5663 477 5670 ,
532 5602 598 5673 9;
622 5621 745 5661 cum
788 5608 987 5681 ubique
1025 5613 1206 5671 noctis
1245 5616 1437 5675 ac-dici
1465 5619 1641 5689 spatia
1666 5587 1835 5677 simul
1866 5587 2095 5695 sumpta

2198 5587 2354 5679 ἐστὶν
2386 5622 2544 5695 ὡρῶν
2561 5630 2650 5678 ιε’·
2685 5626 2719 5696 ἡ
2746 5587 2804 5679 δὲ
2829 5587 3084 5695 ἐλαχίστη
3114 5587 3273 5694 ὼριῦν
3383 5587 3701 5679 πανταχοῦτοδ

593 5763 693 5837 ‘f.
727 5765 825 5821 Eri.
