3928 6266
249 402 351 461 973

1001 398 1312 457 ACHILLIS
1351 399 1537 456 TA'l‘ll
1569 398 1860 456 lSACOGE
1900 388 1989 453 AD
2022 396 2233 455 ARATI
2271 382 2752 454 PumNOMENA:

3387 391 3499 450 974

250 514 661 590 ἡμερονυκτίου
706 514 781 569 κδ’
810 513 965 587 ὡρῶν
993 512 1165 580 ὄντος.
1197 516 1259 569 Et
1290 515 1707 587 famacqcépslia
1728 511 1833 569 ~05v

1948 516 2100 570 horas
2126 523 2361 584 quatuor
2384 522 2435 569 et
2449 512 2637 583 viginti
2659 510 2936 581 colligant.
2966 507 3136 580 Igitur
3159 507 3205 564 si
3231 507 3283 563 in
3308 510 3499 563 aestivo

250 615 305 668 ἐν
342 616 463 677 ταῖς
496 610 750 681 θεριναῖς
780 610 1026 680 τροπαῖς,
1057 608 1244 681 ὥσπερ
1277 610 1527 680 εἴπομεν,
1573 616 1632 662 ιε’
1674 608 1832 679 ὡρῶν

249 706 342 778 τὴν
369 702 649 776 μεγίστην
683 700 891 773 ἡμέραν
918 694 1077 763 εἶναι,
1108 700 1395 753 ἀκόλουθόν
1423 702 1537 752 ἐστι
1565 699 1833 771 βραχυτά-

251 816 346 867 την
378 794 504 847 τότε
548 792 800 863 νομίζειν
843 787 981 843 εἶναι
1025 791 1125 861 τὴν
1171 789 1361 844 νύκτα.
1395 789 1565 843 Τοῦτο
1596 790 1651 842 δὲ
1676 788 1832 859 δῆλον

252 888 311 942 εκ
343 905 402 940 τε
436 885 648 949 ἄλλων,
685 883 780 936 καὶ
822 881 882 947 ἐξ
919 874 992 935 ῶν
1038 882 1272 954 ’Ἄρατός
1313 897 1496 954 φησιν.
1539 882 1603 934 Εἰ
1640 880 1747 951 γὰρ
1773 879 1834 933 τὸ

252 976 657 1055 ημρονὺκτιόν
698 977 842 1027 ἐστιν
881 974 1334 1044 εἰκοσιτεσσάρων
1372 971 1551 1043 ὡρῶν,
1596 972 1674 1035 εἰς
1700 977 1751 1041 η’
1776 971 1833 1024 δὲ

255 1072 391 1142 μέρη
417 1068 512 1122 τὸν
541 1066 759 1139 θερινὸν
781 1064 1038 1137 τροπικὸν
1061 1063 1352 1135 τέμνεσθαι
1383 1063 1482 1127 δεῖ,
1517 1063 1746 1116 ἕκαστον
1777 1062 1834 1115 δὲ

253 1164 443 1234 τμῆμα
469 1158 639 1231 ὡρῶν
672 1163 719 1227 γ’
739 1173 753 1187 ⁸
781 1156 901 1227 τρὶς
919 1154 974 1208 δὲ
1000 1154 1069 1208 τὰ
1088 1161 1140 1226 η’
1170 1154 1246 1207 κδ’
1268 1171 1283 1186 ο
1316 1156 1366 1207 εἰ
1393 1154 1569 1207 τοίνυν
1596 1154 1703 1207 ἀπὸ
1726 1151 1833 1206 τῶν

252 1251 391 1307 ὀκτὼ
420 1249 639 1304 τούτων
673 1248 851 1321 μερῶν
884 1249 1043 1302 πέντε
1074 1248 1219 1301 ἐστὶν
1248 1246 1388 1318 ὑπὲρ
1426 1247 1529 1317 γῆν
1552 1263 1566 1276 ·
1608 1247 1834 1299 ἕκαστον

255 1344 311 1398 δὲ
338 1342 521 1413 τρισὶν
555 1339 733 1411 ὥραις
752 1339 1122 1410 περιδινεῖται·
1149 1339 1267 1410 τρὶς
1296 1339 1315 1370 "
1356 1338 1422 1391 τὰ
1449 1339 1607 1391 πέντε
1629 1337 1835 1408 γίνεται

256 1441 314 1490 ιε’
327 1451 343 1465 ⁶
367 1432 773 1487 πεντεκαίδεκα
796 1431 954 1497 ὼρῶν
978 1431 1187 1502 γίνεται
1225 1430 1515 1503 περιφορά.
1547 1432 1610 1484 Εἰ
1642 1431 1698 1485 δὲ
1732 1431 1836 1485 ὑπὸ

254 1528 355 1599 γῆν
380 1526 511 1600 τρία
539 1525 687 1597 μέρη
715 1526 831 1579 ἐστὶ
849 1525 990 1578 τότεο
1014 1524 1241 1579 ἕκαστον
1263 1525 1320 1577 δὲ
1338 1523 1448 1578 τῶν
1473 1523 1639 1596 τριῶν
1658 1525 1834 1596 τρισὶν

256 1618 421 1689 ὥραις
448 1616 830 1689 περιδινεῖται·
856 1615 978 1687 τρὶς
996 1615 1051 1669 δὲ
1069 1614 1136 1668 τὰ
1161 1615 1287 1688 τρία
1307 1615 1465 1668 ἐννέα
1492 1614 1631 1668 ἐστίν
1655 1615 1832 1686 δῆλον,

257 1713 334 1766 ὅτι
354 1711 504 1765 ἔσται
532 1711 568 1782 ἡ
593 1705 694 1773 νὺξ
717 1707 875 1781 ὡρῶν
901 1708 944 1761 θ’
966 1725 979 1738 '
1000 1709 1121 1779 ἥτις
1139 1707 1395 1779 ἐλαχίστη
1416 1707 1562 1760 ἐστὶν
1583 1708 1639 1760 ἐν
1662 1706 1834 1778 τούτῳ

258 1805 331 1876 τῷ
358 1804 610 1875 κλίματι.

336 2069 392 2123 '0
417 2068 475 2122 δὲ
504 2068 823 2140 χειμερινὸς
861 2064 1117 2140 τροπικδς
1155 2069 1335 2121 κεῖται
1367 2067 1569 2138 μεταξὺ
1597 2067 1690 2121 τοῦ
1719 2067 1843 2121 ἀντ-

263 2158 518 2232 αρκτικοῦ
569 2160 673 2215 καὶ
716 2159 809 2214 τοῦ
859 2157 1194 2232 ἰσημερινοῦ,
1245 2159 1484 2223 ἐναντίος
1523 2158 1602 2229 τῷ
1648 2159 1843 2231 θερινῷ

262 2251 520 2323 τροπικῷ,
564 2251 689 2315 ἶσος
712 2250 877 2304 αὐτοῦ
906 2251 1186 2323 ὑπάρχων.
1231 2250 1560 2321 Ἐφάπτεται
1590 2251 1646 2304 δὲ
1679 2251 1840 2306 αὐτοῦ

263 2344 291 2394 ὁ
326 2342 587 2407 ζωδιακὸς
643 2342 840 2405 κύκλος
888 2342 1029 2396 κατὰ
1078 2343 1170 2396 τὸν
1213 2342 1584 2414 Αίγοκέρωτα’
1635 2342 1755 2396 καθ’
1782 2342 1842 2397 ὂν

265 2435 547 2506 γενόμενος
573 2437 603 2488 6
645 2434 796 2505 ἣλιος
823 2436 1055 2488 meiut
1083 2435 1396 2507 χειμερινὰς
1427 2434 1655 2506 τροπάς.
1698 2434 1845 2486 Ἐκεῖ

267 2524 368 2597 γὰρ
394 2525 719 2596 γενόμενος,
748 2523 1097 2593 παυσάμενος
1122 2524 1219 2594 τῆς
1247 2524 1495 2587 καθόδου,
1522 2523 1683 2577 πάλιν
1711 2524 1844 2577 ἀνω-

264 2617 396 2687 τέρω
438 2616 626 2670 ἄνεισι
646 2632 660 2646 ο
701 2615 781 2669 διὸ
824 2614 918 2668 κοιλ⁹
963 2614 1138 2686 τροπὴ
1179 2614 1343 2668 αὐτοῦ
1395 2614 1611 2683 λέγεται
1654 2616 1688 2684 ἠ
1735 2612 1843 2667 άπὸ

268 2708 641 2780 Αίγοκέρωτος
692 2707 785 2760 ἐπὶ
835 2706 1106 2778 Καρκίνον
1153 2706 1357 2770 ἄνοδος.
1411 2705 1736 2778 Χειμερινὸς
1783 2705 1841 2759 δὲ

270 2800 481 2872 ἐκλήθη,
515 2802 604 2855 ὅτι
646 2802 702 2853 ἐν
726 2799 873 2870 αὐτῷ
892 2799 1181 2870 γενόμενος
1201 2800 1230 2851 ὁ
1256 2798 1405 2869 ἥλιος
1427 2799 1487 2852 ἐν
1506 2798 1840 2870 Αίγοκέρωτι

270 2892 497 2963 χειμῶνα
530 2896 688 2946 ποιεῖ
707 2892 1024 2964 ἀκρότατον.
1064 2892 1206 2954 "lac;
1233 2891 1290 2944 δὲ
1319 2889 1394 2943 ὢν
1424 2886 1577 2954 οὗτος
1602 2892 1631 2944 6
1656 2908 1843 2961 χειμε-

272 2984 403 3054 ρινὸς
427 2984 698 3056 τροπικδς
728 2983 806 3055 τῷ
840 2981 1035 3054 θερινῷ
1062 2981 1326 3053 τροπικῷ,
1350 2981 1672 3055 Δἐτμήθηιείς
1695 2983 1838 3055 μέρη

268 3081 334 3144 η’,
365 3075 623 3148 καθάπερ
655 3076 883 3137 ἐκεῖνος.
915 3073 1232 3128 Τούναντίον
1263 3069 1357 3128 οὖν
1382 3073 1574 3146 ἐκείνῳ
1598 3073 1708 3142 res:
1732 3075 1842 3129 ἀπὸ

270 3165 368 3218 τῶν
389 3173 437 3239 η’
469 3166 664 3237 μερῶν
688 3164 849 3219 πέντε
884 3165 983 3236 μὲν
1007 3164 1112 3217 ὑπὸ
1143 3165 1266 3235 γῆν,
1305 3164 1430 3236 τρία
1454 3164 1510 3218 δὲ
1538 3165 1676 3236 ὑπὲρ
1712 3165 1834 3236 γῆν·

1935 608 2172 663 solstitio
2201 614 2471 671 sumatur,
2504 604 2583 659 uti
2614 603 2818 658 dictum
2849 608 2953 665 est,
3000 601 3354 672 longissimus
3383 601 3500 656 dies

1938 699 2194 755 horarum
2224 698 2320 764 l5;
2343 711 2683 766 consequens
2709 702 2789 750 est
2819 693 3196 749 brevissimam
3223 708 3346 748 esse
3371 702 3500 747 tunc

1938 800 2174 845 noctem.
2226 790 2402 859 Atque
2439 788 2542 842 hec
2590 803 2714 841 cum
2745 784 2967 839 aliunde
3016 782 3363 839 manifestum
3393 792 3498 847 est,

1937 891 2051 938 tum
2087 899 2151 939 ex
2186 883 2276 945 iis,
2324 897 2446 952 qua:
2482 881 2683 936 Aratus
2730 879 2985 950 explicat.
3030 878 3166 933 Nam
3214 878 3260 935 si
3308 879 3414 934 diei
3448 889 3503 933 et

1937 975 2116 1031 noctis
2135 975 2483 1030 intervallum
2515 973 2772 1028 horarum
2801 979 2887 1028 est
2913 971 3108 1043 viginti
3135 982 3370 1043 quatuor
3398 991 3411 1026 :
3437 988 3503 1028 ac

1937 1068 2205 1139 tropicum
2228 1067 2494 1122 circulum
2530 1064 2585 1119 in
2609 1073 2793 1136 partes
2831 1072 2955 1119 octo
2985 1064 3227 1119 dividere
3250 1072 3500 1132 oportet;

1938 1176 2167 1232 quarum
2198 1159 2454 1230 quaelibet
2482 1157 2648 1213 trium
2677 1165 2762 1212 οει
2790 1155 3049 1210 horarum
3075 1174 3088 1209 :
3116 1172 3241 1210 cum
3275 1163 3358 1210 ter
3379 1162 3505 1209 octo

1939 1256 2049 1310 sint
2065 1252 2252 1323 viginti
2282 1261 2546 1322 quatuor;
2565 1244 2826 1319 quoniam
2855 1263 2920 1303 ex
2938 1254 3059 1303 octo
3082 1247 3326 1318 partibus
3343 1249 3506 1318 quin-

1938 1362 2044 1416 que
2093 1360 2257 1416 supra
2293 1353 2493 1399 terram
2527 1341 2791 1406 eminent,
2844 1349 2899 1396 et
2942 1355 3282 1411 unaquzeque
3326 1340 3507 1396 tribus

1940 1438 2091 1493 horis
2121 1437 2354 1493 volvitur
2389 1457 2402 1493 :
2437 1444 2565 1491 sunt
2606 1442 2787 1490 autem
2830 1434 3120 1505 quinquies
3155 1440 3239 1488 ter
3275 1432 3508 1503 quinde-

1937 1529 2046 1583 cim
2078 1546 2092 1582 :
2123 1542 2348 1584 necesse
2371 1534 2454 1582 est
2473 1525 2785 1596 quindecim
2815 1524 3073 1578 horarum
3099 1524 3351 1578 diurnum
3374 1523 3507 1580 solis

1937 1634 2057 1675 esse
2082 1626 2308 1673 motum.
2339 1616 2497 1685 Quod
2536 1617 2581 1673 si
2618 1626 2748 1671 tunc
2774 1616 3017 1687 quinque
3056 1624 3185 1670 sunt
3215 1623 3398 1685 partes
3423 1614 3509 1683 in-

1941 1710 2024 1766 fra
2054 1720 2295 1779 terram;
2324 1726 2556 1782 quarum
2589 1709 2845 1781 quaelibet
2885 1710 3045 1763 trium
3098 1709 3357 1764 horarum
3390 1724 3511 1780 spa-

1937 1803 2016 1858 tio
2059 1804 2276 1858 cietur:
2309 1817 2434 1857 cum
2468 1802 2579 1857 sint
2607 1809 2703 1860 .ter
2752 1799 2859 1854 tria
2899 1815 3130 1866 novem;
3161 1800 3509 1869 perspicuum

1855 1899 1908 1955 ~B
1928 1906 2020 1952 est
2055 1905 2269 1952 noctem
2301 1896 2454 1951 horis
2496 1905 2750 1952 constare
2790 1908 2984 1949 novem
3012 1910 3027 1960 ;
3059 1908 3180 1964 qua:
3208 1901 3293 1950 est
3333 1895 3388 1949 in
3417 1893 3508 1948 illo

1944 1995 2123 2043 tractu
2151 1987 2492 2044 brevissima.
3273 2039 3276 2042 .

2014 2079 2287 2135 Hibernus
2318 2079 2562 2150 tropicus
2596 2078 2740 2134 inter
2773 2079 3136 2134 antarctieum
3165 2079 3429 2135 circulum
3456 2088 3513 2134 et

1940 2170 2382 2241 aequinoctialem
2430 2170 2641 2240 positus
2684 2176 2788 2234 est,
2831 2179 3021 2225 contra
3069 2179 3229 2241 atque
3268 2169 3512 2240 tropicus

1941 2264 2184 2331 aestivus,
2212 2263 2302 2318 cui
2327 2262 2437 2333 87
2464 2271 2547 2318 est
2571 2262 2816 2333 aequalis.
2855 2261 3013 2318 Hunc
3039 2263 3296 2320 zodiacus
3331 2264 3385 2318 in
3408 2263 3514 2319 Ca-

1942 2357 2200 2427 pricorno
2227 2355 2493 2426 contingit
2523 2374 2535 2409 :
2571 2354 2624 2409 in
2655 2370 2766 2425 quo
2791 2355 2873 2411 sol
2904 2355 3188 2412 hibernum
3216 2356 3511 2412 solstitium

1941 2445 2122 2502 ellicit.
2152 2446 2285 2501 llluc
2310 2446 2455 2501 enim
2490 2444 2583 2500 ubi
2621 2446 2889 2516 pervenit,
2938 2461 3047 2502 non
3096 2447 3239 2501 ultra
3286 2447 3515 2503 descen-

1941 2537 2055 2605 dit;
2084 2537 2179 2595 sed
2218 2536 2518 2594 ascendere
2566 2552 2761 2593 rursus
2808 2537 3031 2607 incipit;
3070 2548 3350 2608 propterea
3382 2552 3514 2593 con-

1940 2631 2121 2687 versio
2149 2630 2297 2685 illius
2322 2629 2525 2684 dicitur
2549 2645 2579 2684 a
2598 2629 2932 2701 Capricorno
2953 2629 3023 2685 ad
3039 2628 3305 2686 Cancrum
3325 2646 3492 2705 a‘scen

1941 2721 2045 2777 sio.
2072 2719 2191 2776 Jam
2234 2719 2498 2776 hibernus
2530 2719 2653 2775 ideo
2686 2720 3024 2785 nominatur,
3057 2721 3204 2791 quod
3265 2736 3391 2775 cum
3441 2720 3515 2775 ibi

1942 2814 2025 2869 sol
2050 2813 2107 2867 in
2127 2812 2463 2883 Capricorno
2491 2819 2763 2878 versatur,
2804 2828 3073 2868 summam
3099 2813 3329 2869 hiemem
3362 2813 3512 2869 facit.

1941 2902 2078 2957 Cum
2122 2911 2304 2958 autem
2341 2902 2589 2973 tropicus
2628 2904 2894 2960 hibernus
2939 2904 3131 2959 aestivo
3163 2905 3236 2959 sit
3266 2903 3514 2974 aequalis,

1942 2994 2196 3050 similiter
2238 3002 2404 3066 atque
2452 2997 2543 3050 hic
2589 2995 2644 3050 in
2683 3003 2868 3068 partes
2915 3003 3042 3051 octo
3094 2995 3374 3051 dividitur.
3410 2995 3518 3051 Sed

1941 3085 2241 3150 contrario,
2280 3101 2445 3157 quam
2481 3087 2595 3152 ille,
2628 3084 2789 3141 modo
2822 3085 2890 3141 de
2920 3084 3171 3156 partibus
3203 3093 3327 3140 octo
3356 3085 3520 3156 quin-

1941 3189 2050 3245 que
2084 3174 2226 3230 inl'ra
2252 3183 2479 3243 terram,
2512 3180 2624 3232 tres
2651 3190 2817 3246 supra
2849 3184 3050 3231 terram
3073 3175 3265 3241 habet;
3298 3184 3359 3230 ut
3391 3185 3519 3230 tunc

273 3258 341 3321 ὡς
370 3256 624 3326 γίνεσθαι
646 3257 744 3330 τὴν
772 3256 983 3329 ἡμέραν
1006 3255 1125 3309 τότε
1151 3255 1457 3329 ἐλαχίστην,
1490 3257 1578 3310 ὅτε
1605 3259 1662 3312 ἐν
1690 3259 1843 3327 Αίγο-

1950 3268 2272 3324 brevissima
2298 3268 2416 3324 dies
2447 3269 2542 3334 sit,
2570 3283 2695 3323 cum
2718 3268 2802 3324 sol
2822 3266 3218 3339 Capricornum
3249 3269 3519 3325 transiens

272 3349 457 3419 κέρωτι
488 3350 792 3421 γεψόμενος
826 3351 855 3402 6
893 3347 1043 3418 ἥλιος
1078 3347 1376 3417 ἐφάπτεται
1404 3346 1500 3401 τοῦ
1532 3348 1842 3420 χειμερινοῦ

273 3442 548 3512 τροπικοῦσ
597 3443 714 3515 ἤτοι
743 3440 900 3512 ὡρῶν
933 3439 976 3493 θ’
997 3455 1011 3469 ⁸
1054 3440 1154 3511 τὴν
1188 3440 1243 3494 δὲ
1276 3439 1447 3494 νύκτα
1480 3440 1638 3510 ὡρῶν
1670 3446 1710 3493 ε’
1750 3442 1845 3495 καὶ

273 3531 410 3599 δέκα,
441 3534 597 3588 κατὲα
623 3533 713 3587 τὸν
742 3532 901 3586 αὐτὸν
930 3531 1087 3601 λόγον
1112 3530 1190 3602 τῷ
1211 3530 1404 3602 θερινῷ
1433 3531 1697 3603 τροπικῷ.

350 3624 403 3678 '0
428 3625 483 3678 δὲ
516 3625 859 3698 ἰσημερινός,
896 3622 1099 3693 μεταξὺ
1146 3623 1251 3677 τῶν
1283 3623 1447 3676 πέντε
1486 3622 1845 3693 παραλλήλων

285 3714 540 3786 κείμενος,
588 3715 793 3788 μείζων
824 3715 940 3769 ἐστι
970 3713 1077 3767 τῶν
1110 3712 1285 3767 ἄλλων
1316 3712 1628 3784 τεσσάρωνο
1661 3712 1846 3785 ἐπειδὴ

284 3804 363 3859 διὰ
375 3806 461 3860 τοῦ
476 3809 706 3881 κέντρου
724 3808 824 3878 τὴν
839 3805 1188 3877 περιφέρειαν
1210 3805 1341 3876 ἔχει.
1367 3805 1517 3859 Ποιεῖ
1535 3805 1592 3859 δέ
1609 3807 1669 3859 ἐν
1701 3805 1848 3876 αὐτῷ

288 3898 315 3950 6
342 3898 485 3968 ἥλιος
526 3900 629 3964 τὰς
683 3898 1086 3971 προειρημένας
1130 3897 1223 3952 δύο
1271 3898 1592 3970 ἰσημερίας·
1628 3897 1848 3971 ἐαρινὴν

293 3990 380 4060 μὲν
415 3994 471 4047 ἐν
505 3993 666 4066 Κριῷ
706 3992 1014 4063 γενόμενος,
1057 3991 1432 4063 μετοπωρινὴν
1457 3990 1513 4045 δὲ
1534 3992 1591 4045 ἐν
1618 3990 1844 4062 Χηλαῖς.

299 4080 620 4157 Ἶσημερινὸς
640 4084 696 4137 δὲ
721 4084 956 4154 λέγεται,
981 4082 1166 4155 ἐπειδὴ
1190 4083 1246 4136 ἐν
1266 4082 1412 4154 αὐτῷ
1434 4083 1532 4148 τὰς
1561 4083 1850 4155 ἰσημερίας

290 4177 422 4227 ⁴ποιεῖ
454 4179 482 4230 6
507 4177 681 4249 ἥλιος.
721 4175 962 4248 Τμηθεὶς
988 4174 1046 4228 δὲ
1083 4176 1163 4237 είς
1192 4174 1264 4247 η’,
1294 4173 1533 4245 τέσσαρα
1575 4174 1672 4246 μὲν
1709 4175 1846 4247 ὑπὲρ

291 4262 405 4332 γῆν,
423 4264 664 4337 τέσσαρα
698 4262 756 4317 δὲ
785 4264 890 4316 ὑπὸ
932 4266 1036 4335 γῆν
1063 4262 1173 4330 ἕξει
1220 4263 1393 4335 μέρη·
1425 4265 1518 4318 καὶ
1548 4264 1695 4319 ἐστιν
1737 4265 1850 4328 ῐσος

290 4353 361 4425 τῷ
386 4354 635 4428 ζωδιακῷ
658 4356 757 4409 καὶ
785 4354 863 4426 τῷ
895 4353 1145 4426 γαλαξίᾳ.

359 4447 509 4513 Ἴσως
532 4448 577 4502 δ’
601 4447 666 4502 ἄν
685 4465 769 4517 τις
799 4446 1071 4519 ζητήσειε,
1098 4446 1213 4511 πῶς
1244 4445 1451 4519 ἔφαμεν
1483 4448 1541 4503 ἐν
1572 4447 1671 4519 μὲν
1704 4446 1848 4519 θερι-

294 4539 404 4602 ναῖς
428 4542 660 4611 ,τροπαῖς
695 4539 985 4609 γενόμενον
1008 4539 1099 4592 τὸν
1125 4538 1276 4609 ἥλιον
1303 4545 1362 4592 ιε’
1391 4538 1548 4611 ὡρῶν
1571 4539 1670 4611 τὴν
1707 4539 1847 4612 ἡμέ-
1879 4584 1922 4638 D

297 4643 388 4697 ραν
423 4634 623 4686 ποιεῖν’
667 4633 726 4684 ἐν
758 4630 815 4683 δὲ
850 4633 1187 4702 χειμεριναῖς
1220 4631 1285 4695 θ’,
1315 4630 1476 4684 ὁπότε
1514 4632 1571 4684 ἐν
1595 4635 1709 4695 τοῖς
1743 4648 1847 4702 μη-

298 4726 520 4788 χανικοῖς
540 4722 872 4796 ὡρολογίοις,
913 4723 1006 4776 καὶ
1039 4721 1365 4793 ὑδρολογίοις
1388 4723 1474 4775 ἀεὶ
1513 4723 1547 4793 ἡ
1575 4721 1757 4793 ἡμέρα
1782 4723 1847 4792 ιβ’

297 4810 442 4881 ὡρῶν
465 4817 730 4885 φαίνεται.
765 4814 1008 4884 Λέγομεν
1032 4809 1144 4879 οὖν,
1175 4814 1278 4880 ὅτι,
1298 4812 1484 4884 ὥσπερ
1509 4815 1616 4876 πᾶς
1641 4812 1849 4885 ἄνθρω-

300 4918 390 4966 πος
407 4906 559 4961 πέντε
583 4906 861 4960 δακτύλων
882 4904 993 4975 ἔχει
1018 4905 1115 4976 τὴν
1140 4907 1315 4976 χεῖρα,
1338 4908 1467 4968 παῖς
1491 4921 1550 4957 τε
1573 4904 1667 4958 καὶ
1687 4903 1845 4974 ἀνὴρ,

297 4992 355 5044 οὐ
378 4995 476 5069 μὴν
502 5000 668 5066 ἴσους,
693 4997 969 5066 ἀναλόγως
994 4998 1087 5051 καὶ
1114 4997 1206 5052 ἐπὶ
1235 4995 1341 5050 τῶν
1372 4995 1592 5068 ἡμερῶν
1621 4997 1716 5050 καὶ
1738 4996 1848 5050 τῶν

303 5086 490 5143 νυκτῶν
511 5089 644 5163 πρὸς
674 5089 735 5143 τὸ
765 5088 991 5160 μέγεθος
1021 5089 1114 5141 καὶ
1144 5089 1242 5160 τὴν
1274 5088 1550 5160 ταχυτῆτα
1581 5086 1725 5158 ἔχειν
1747 5105 1848 5157 φα-

306 5174 395 5242 μὲν
424 5179 518 5245 τὰς
545 5181 692 5255 ὥρας
711 5200 724 5213 ·
769 5181 862 5235 καὶ
894 5180 1142 5252 μεγάλων
1177 5181 1274 5252 μὲν
1304 5180 1563 5252 μεγάλας,
1597 5178 1846 5252 σμικρῶν

301 5263 354 5317 δὲ
383 5276 625 5345 σμικράς.
658 5274 801 5346 Πρὸς
831 5269 923 5327 οὖν
963 5273 1060 5337 τὰς
1089 5271 1400 5345 χειμερινὰς
1424 5272 1637 5344 ἡμέρας
1671 5272 1728 5326 αἱ
1756 5271 1846 5324 θε-

278 5401 283 5407 .
306 5363 438 5426 ριναὶ
479 5368 705 5436 μεγάλαι
751 5363 925 5430 οὖσαι,
967 5371 1026 5419 ιε’
1073 5364 1220 5437 ῶρας
1268 5366 1584 5438 ίσημερινῆς
1633 5365 1844 5437 ἡμέρας

305 5446 558 5527 διάστημα
585 5459 823 5530 ἔχουσαι,
854 5459 934 5524 είς
965 5458 1029 5529 ιβ’
1059 5457 1332 5528 ἀναλόγως
1368 5457 1590 5531 διῃρέθη
1622 5459 1665 5512 ⁸.
1688 5459 1761 5511 Τὸ
1790 5458 1847 5512 δέ

304 5541 425 5601 αὐτὸ
452 5551 541 5603 καὶ
568 5554 658 5606 ἐπὶ
680 5550 888 5607 νυκτῶν
911 5551 1181 5623 μεγάλων,
1210 5552 1305 5607 καὶ
1334 5551 1566 5624 μικρῶν,
1589 5553 1683 5608 καὶ
1706 5555 1846 5626 ἡμε-

308 5632 409 5699 ρῶν
437 5638 457 5669 ⁹
491 5643 695 5714 μικρῶν
720 5644 933 5701 σκόπει,
1594 5659 1598 5666 “

363 5832 389 5865 ν
412 5836 452 5905 ί.
481 5845 592 5914 τρὶς
617 5846 694 5901 δέ.

1948 3357 2233 3412 hibernum
2263 3358 2533 3429 tropicum
2567 3358 2811 3429 attingit;
2844 3358 3101 3413 horarum
3131 3360 3380 3415 videlicet
3417 3376 3519 3416 no-

1944 3463 2063 3503 vem
2097 3467 2111 3503 :
2144 3463 2254 3503 nox
2289 3459 2472 3505 autem
2514 3449 2776 3505 horarum
2810 3450 3124 3521 quindecim
3157 3469 3170 3505 :
3204 3452 3429 3523 perinde
3448 3468 3520 3508 ac

1944 3540 2156 3610 tropico
2177 3541 2367 3597 aestivo
2394 3541 2615 3597 accidit.

2012 3630 2437 3702 rEquinoctialis
2483 3633 2726 3690 circulus
2779 3635 2994 3692 medius
3042 3635 3184 3691 inter
3222 3635 3521 3706 parallelos

1946 3727 2189 3796 quinque
2212 3765 2229 3789 ,
2259 3733 2498 3797 quatuor
2527 3728 2757 3799 reliquis
2786 3730 2963 3800 major
2993 3737 3079 3787 est
3102 3768 3120 3796 ,
3155 3731 3300 3801 quod
3327 3746 3359 3784 a
3385 3746 3520 3786 cen-

1946 3824 2033 3869 tro
2060 3815 2292 3871 ducatur
2322 3817 2443 3886 ejus
2475 3817 2735 3873 ambitus.
2765 3819 2822 3873 ln
2853 3835 2919 3875 eo
2947 3821 3029 3875 sol
3060 3820 3171 3875 duo
3200 3819 3328 3874 facit
3353 3822 3521 3892 arqui-

1949 3908 2160 3972 noctia,
2196 3924 2317 3979 qua:
2341 3924 2506 3979 supra
2529 3910 2826 3965 memoravi
2854 3929 2868 3966 :
2902 3927 3130 3985 vernum
3182 3928 3305 3968 cum
3333 3923 3417 3968 est
3464 3914 3520 3967 in

1950 3999 2134 4054 Ariete
2159 4019 2173 4055 :
2213 4001 2529 4056 autumnale
2557 4009 2740 4057 autem
2762 4045 2776 4069 ,
2804 4004 2858 4057 in
2888 4001 3071 4059 Libra.
3095 4004 3520 4075 Equinoctialis

1947 4085 1996 4139 ei
2033 4100 2229 4139 nomen
2260 4095 2375 4151 est,
2413 4086 2672 4155 quoniam
2709 4088 2766 4141 in
2802 4087 2929 4157 ipso
2957 4087 3284 4158 aequinoctia
3318 4088 3455 4143 fiunt
3487 4104 3520 4142 a

1949 4174 2086 4230 sole.
2124 4173 2222 4229 llic
2254 4177 2301 4230 si
2336 4175 2390 4229 in
2425 4184 2615 4245 partes
2646 4186 2771 4231 octo
2802 4177 3102 4240 tribuatur,
3143 4186 3380 4247 quatuor
3421 4193 3519 4234 su-

1948 4281 2046 4336 pra
2089 4275 2287 4321 terram
2335 4281 2537 4335 erunt;
2582 4267 2724 4322 infra
2757 4268 3021 4335 totidem;
3055 4278 3246 4339 estque
3287 4269 3521 4324 .zodiaco

1948 4358 2174 4428 aequalis
2206 4366 2260 4415 et
2288 4360 2465 4415 lacteo
2495 4360 2725 4416 circulo.

2021 4449 2195 4522 Roget
2239 4451 2437 4521 aliquis
2484 4467 2585 4506 cur
2635 4451 2978 4520 dixerimus,
3024 4452 3194 4507 solem
3244 4452 3299 4506 in
3332 4452 3521 4515 aestivo

1951 4543 2188 4598 solstitio
2238 4545 2596 4600 constitutum
2652 4544 2916 4599 horarum
2964 4544 3277 4615 quindecim
3340 4544 3523 4599 facere

1949 4636 2133 4701 diem;
2169 4635 2224 4689 in
2256 4634 2517 4701 hiberno,
2551 4650 2744 4691 novem
2778 4655 2792 4690 :
2826 4651 2953 4690 cum
2989 4644 3173 4690 tamen
3203 4635 3258 4689 in
3294 4634 3522 4690 mecha-

1950 4726 2087 4780 nicis
2119 4724 2418 4796 horologiis
2462 4734 2515 4781 et
2563 4726 2898 4798 hydrologiis
2930 4727 3048 4782 dies
3074 4733 3343 4798 perpetuo
3370 4725 3523 4780 horis

1949 4817 2237 4873 duodecim
2263 4827 2519 4874 constare
2551 4819 2821 4874 videatur.
2847 4818 2984 4874 Huic
3005 4821 3078 4874 ita
3104 4819 3516 4890 respondemus,

1950 4908 2407 4978 quemadmodum
2442 4909 2606 4964 homo
2638 4910 2869 4981 quilibet
2895 4918 3012 4965 tam
3053 4925 3191 4981 puer
3217 4925 3380 4980 quam
3412 4910 3518 4971 vir,

1953 5001 2153 5071 quinos
2186 5000 2243 5054 in
2297 5014 2463 5053 manu
2511 4999 2710 5071 digitos
2741 5001 2946 5070 habet;
2983 5017 3093 5057 non
3128 5011 3307 5056 tamen
3341 5016 3520 5071 aequa-

1954 5089 2076 5145 les:
2109 5089 2353 5145 eamdem
2392 5093 2554 5162 plane
2587 5093 2643 5147 in
2672 5093 2867 5150 diebus
2906 5109 2972 5150 ac
3024 5094 3277 5149 motibus
3311 5095 3524 5162 magni-

1955 5181 2164 5236 tudinis
2230 5197 2296 5236 ac
2372 5182 2672 5239 celeritatis
2726 5185 2993 5239 rationem
3049 5184 3217 5239 horas
3274 5183 3522 5256 habere:

1954 5273 2091 5329 adeo
2122 5282 2181 5328 ut
2213 5288 2536 5346 magnarum
2569 5290 2779 5350 magna:
2811 5276 2964 5343 sint;
3010 5290 3301 5346 parvarum
3338 5273 3525 5329 itidem

1955 5380 2154 5436 parvae.
2180 5363 2347 5439 Igitur
2367 5367 2538 5422 aestivi
2571 5367 2688 5424 dies
2715 5368 2956 5424 hibernis
2985 5369 3220 5439 majores
3241 5367 3524 5422 intervallo

1954 5466 2212 5515 constant
2241 5458 2499 5512 horarum
2531 5458 2598 5513 15
2625 5458 3089 5529 aequinoctialium
3107 5499 3122 5525 ,
3153 5473 3273 5529 qua:
3302 5456 3356 5511 in
3388 5456 3525 5511 duo-

1955 5549 2133 5604 decim
2175 5549 2524 5620 proportione
2563 5550 2902 5606 dividuntur.
2946 5550 3090 5607 Idem
3129 5566 3260 5623 ergo
3300 5547 3527 5621 majori-

1952 5640 2059 5696 bus
2102 5656 2167 5696 ac
2225 5641 2534 5699 minoribus
2569 5642 2638 5699 de
2666 5644 2959 5711 noctibus,
3012 5651 3067 5701 et
3119 5642 3419 5717 majoribus
3459 5652 3528 5697 ac

1958 5732 2261 5791 minoribus
2288 5732 2481 5790 diebus
2514 5742 2600 5792 est
2625 5734 2914 5806 judicium.

803 5846 826 5879 ⁸
857 5846 899 5915 Ῑ.
926 5847 1269 5922 διῃρέθησαν.
1345 5851 1365 5883 ⁸
1400 5848 1548 5903 Deest
1579 5849 1848 5920 μεγεϊλων,
1874 5851 1986 5904 καί.

3539 3332 3561 3365 ι
