  <div class='ocr_page' id='page_1' title='image "/cluster/home/n/w/nwhite01/storage/ocr_20150623/19/mdp.39015061293422/495.png"; bbox 0 0 3928 6266; ppageno 0'>
   <div class='ocr_carea' id='block_1_1' title="bbox 513 421 616 475">
    <p class='ocr_par' dir='ltr' id='par_1_1' title="bbox 513 421 616 475">
     <span class='ocr_line' id='line_1_1' title="bbox 513 421 616 475; baseline 0.039 -4"><span class='ocrx_word' id='word_1_1' title='bbox 513 421 616 475; x_wconf 72' lang='lat'><strong>975</strong></span> 
     </span>
    </p>
   </div>
   <div class='ocr_carea' id='block_1_2' title="bbox 1530 409 2760 472">
    <p class='ocr_par' dir='ltr' id='par_1_2' title="bbox 1530 409 2760 472">
     <span class='ocr_line' id='line_1_2' title="bbox 1530 409 2760 472; baseline -0.005 0"><span class='ocrx_word' id='word_1_2' title='bbox 1530 417 1619 472; x_wconf 79' lang='lat' dir='ltr'><strong>AD</strong></span> <span class='ocrx_word' id='word_1_3' title='bbox 1658 415 1924 472; x_wconf 86' lang='lat' dir='ltr'><strong>EUSEBII</strong></span> <span class='ocrx_word' id='word_1_4' title='bbox 1962 410 2354 469; x_wconf 76' lang='lat' dir='ltr'><strong>CHRONICON</strong></span> <span class='ocrx_word' id='word_1_5' title='bbox 2397 409 2760 467; x_wconf 79' lang='lat' dir='ltr'><strong>APPENDIX.</strong></span> 
     </span>
    </p>
   </div>
   <div class='ocr_carea' id='block_1_3' title="bbox 3659 414 3756 472">
    <p class='ocr_par' dir='ltr' id='par_1_3' title="bbox 3659 414 3756 472">
     <span class='ocr_line' id='line_1_3' title="bbox 3659 414 3756 472; baseline 0.021 -2"><span class='ocrx_word' id='word_1_6' title='bbox 3659 414 3756 472; x_wconf 85' lang='lat'><strong>976</strong></span> 
     </span>
    </p>
   </div>
   <div class='ocr_carea' id='block_1_4' title="bbox 589 526 2063 606">
    <p class='ocr_par' dir='ltr' id='par_1_4' title="bbox 589 534 2063 606">
     <span class='ocr_line' id='line_1_4' title="bbox 589 534 2063 606; baseline -0.003 -15"><span class='ocrx_word' id='word_1_7' title='bbox 589 536 836 591; x_wconf 87' lang='lat' dir='ltr'><strong>Paralleli</strong></span> <span class='ocrx_word' id='word_1_8' title='bbox 867 534 1105 606; x_wconf 87' lang='lat' dir='ltr'><strong>quinque</strong></span> <span class='ocrx_word' id='word_1_9' title='bbox 1135 535 1325 590; x_wconf 85' lang='lat' dir='ltr'><strong>circuli</strong></span> <span class='ocrx_word' id='word_1_10' title='bbox 1361 545 1623 592; x_wconf 90' lang='lat' dir='ltr'><strong>vocantur</strong></span> <span class='ocrx_word' id='word_1_11' title='bbox 1658 536 1922 590; x_wconf 86' lang='lat' dir='ltr'><strong>translata</strong></span> <span class='ocrx_word' id='word_1_12' title='bbox 1953 550 1982 588; x_wconf 85' lang='lat' dir='ltr'><strong>a</strong></span> <span class='ocrx_word' id='word_1_13' title='bbox 2018 534 2063 587; x_wconf 89' lang='lat' dir='ltr'><strong>li-</strong></span> 
     </span>
    </p>
   </div>
   <div class='ocr_carea' id='block_1_5' title="bbox 2166 526 3753 606">
    <p class='ocr_par' dir='ltr' id='par_1_5' title="bbox 2255 526 3753 605">
     <span class='ocr_line' id='line_1_5' title="bbox 2255 526 3753 605; baseline 0.001 -21"><span class='ocrx_word' id='word_1_14' title='bbox 2255 530 2591 603; x_wconf 81' lang='grc' dir='ltr'>Παράλληλοι</span> <span class='ocrx_word' id='word_1_15' title='bbox 2611 531 2665 583; x_wconf 79' lang='grc' dir='ltr'><strong>δὲ</strong></span> <span class='ocrx_word' id='word_1_16' title='bbox 2689 529 2990 601; x_wconf 75' lang='grc' dir='ltr'><strong>ἐκλήθησαν</strong></span> <span class='ocrx_word' id='word_1_17' title='bbox 3011 527 3058 580; x_wconf 87' lang='grc' dir='ltr'>οἱ</span> <span class='ocrx_word' id='word_1_18' title='bbox 3077 526 3116 580; x_wconf 88' lang='grc' dir='ltr'>ε’</span> <span class='ocrx_word' id='word_1_19' title='bbox 3143 527 3334 582; x_wconf 83' lang='grc' dir='ltr'>κύκλοι</span> <span class='ocrx_word' id='word_1_20' title='bbox 3358 528 3471 582; x_wconf 82' lang='grc' dir='ltr'>ἀπὸ</span> <span class='ocrx_word' id='word_1_21' title='bbox 3485 526 3594 584; x_wconf 86' lang='grc' dir='ltr'><strong>τῶν</strong></span> <span class='ocrx_word' id='word_1_22' title='bbox 3617 537 3753 605; x_wconf 69' lang='grc' dir='ltr'>παρὰ</span> 
     </span>
    </p>
   </div>
   <div class='ocr_carea' id='block_1_6' title="bbox 517 627 2090 699">
    <p class='ocr_par' dir='ltr' id='par_1_6' title="bbox 517 627 2090 699">
     <span class='ocr_line' id='line_1_6' title="bbox 517 627 2090 699; baseline -0.003 -14"><span class='ocrx_word' id='word_1_23' title='bbox 517 632 636 685; x_wconf 86' lang='lat' dir='ltr'><strong>neis</strong></span> <span class='ocrx_word' id='word_1_24' title='bbox 689 629 1083 699; x_wconf 76' lang='lat' dir='ltr'><strong>appellatione,</strong></span> <span class='ocrx_word' id='word_1_25' title='bbox 1135 643 1272 698; x_wconf 90' lang='lat' dir='ltr'><strong>quas</strong></span> <span class='ocrx_word' id='word_1_26' title='bbox 1318 636 1609 698; x_wconf 58' lang='lat' dir='ltr'><strong>geometra</strong></span> <span class='ocrx_word' id='word_1_27' title='bbox 1658 627 1947 697; x_wconf 86' lang='lat' dir='ltr'><strong>parallelas</strong></span> <span class='ocrx_word' id='word_1_28' title='bbox 1997 640 2090 680; x_wconf 81' lang='lat' dir='ltr'><strong>vo-</strong></span> 
     </span>
    </p>
   </div>
   <div class='ocr_carea' id='block_1_7' title="bbox 514 719 2087 791">
    <p class='ocr_par' dir='ltr' id='par_1_7' title="bbox 514 719 2087 791">
     <span class='ocr_line' id='line_1_7' title="bbox 514 719 2087 791; baseline -0.003 -15"><span class='ocrx_word' id='word_1_29' title='bbox 514 734 660 776; x_wconf 80' lang='lat' dir='ltr'><strong>cant.</strong></span> <span class='ocrx_word' id='word_1_30' title='bbox 697 720 975 791; x_wconf 76' lang='lat' dir='ltr'><strong>Ejusmodi</strong></span> <span class='ocrx_word' id='word_1_31' title='bbox 1018 721 1367 775; x_wconf 73' lang='lat' dir='ltr'><strong>nominantur</strong></span> <span class='ocrx_word' id='word_1_32' title='bbox 1407 722 1474 777; x_wconf 93' lang='lat' dir='ltr'><strong>ab</strong></span> <span class='ocrx_word' id='word_1_33' title='bbox 1522 721 1588 774; x_wconf 88' lang='lat' dir='ltr'><strong>iis</strong></span> <span class='ocrx_word' id='word_1_34' title='bbox 1635 719 1820 783; x_wconf 63' lang='lat' dir='ltr'><strong>lineae,</strong></span> <span class='ocrx_word' id='word_1_35' title='bbox 1871 735 1991 789; x_wconf 80' lang='lat' dir='ltr'><strong>quae</strong></span> <span class='ocrx_word' id='word_1_36' title='bbox 2034 719 2087 773; x_wconf 89' lang='lat' dir='ltr'><strong>in</strong></span> 
     </span>
    </p>
   </div>
   <div class='ocr_carea' id='block_1_8' title="bbox 514 811 2089 884">
    <p class='ocr_par' dir='ltr' id='par_1_8' title="bbox 514 811 2089 884">
     <span class='ocr_line' id='line_1_8' title="bbox 514 811 2089 884; baseline -0.001 -17"><span class='ocrx_word' id='word_1_37' title='bbox 514 815 704 868; x_wconf 86' lang='lat' dir='ltr'><strong>eodem</strong></span> <span class='ocrx_word' id='word_1_38' title='bbox 748 813 912 882; x_wconf 90' lang='lat' dir='ltr'><strong>plano</strong></span> <span class='ocrx_word' id='word_1_39' title='bbox 961 811 1152 880; x_wconf 65' lang='lat' dir='ltr'><strong>positae</strong></span> <span class='ocrx_word' id='word_1_40' title='bbox 1192 813 1340 867; x_wconf 89' lang='lat' dir='ltr'><strong>nulla</strong></span> <span class='ocrx_word' id='word_1_41' title='bbox 1370 821 1523 884; x_wconf 88' lang='lat' dir='ltr'><strong>parte</strong></span> <span class='ocrx_word' id='word_1_42' title='bbox 1554 814 1610 867; x_wconf 91' lang='lat' dir='ltr'><strong>in</strong></span> <span class='ocrx_word' id='word_1_43' title='bbox 1640 827 1699 867; x_wconf 89' lang='lat' dir='ltr'><strong>se</strong></span> <span class='ocrx_word' id='word_1_44' title='bbox 1728 811 1970 866; x_wconf 84' lang='lat' dir='ltr'><strong>invicem</strong></span> <span class='ocrx_word' id='word_1_45' title='bbox 2004 812 2089 866; x_wconf 89' lang='lat' dir='ltr'><strong>in-</strong></span> 
     </span>
    </p>
   </div>
   <div class='ocr_carea' id='block_1_9' title="bbox 513 901 2088 974">
    <p class='ocr_par' dir='ltr' id='par_1_9' title="bbox 513 901 2088 974">
     <span class='ocr_line' id='line_1_9' title="bbox 513 901 2088 974; baseline -0.002 -16"><span class='ocrx_word' id='word_1_46' title='bbox 513 905 741 958; x_wconf 89' lang='lat' dir='ltr'><strong>clinant.</strong></span> <span class='ocrx_word' id='word_1_47' title='bbox 789 901 898 956; x_wconf 86' lang='lat' dir='ltr'><strong>Sed</strong></span> <span class='ocrx_word' id='word_1_48' title='bbox 943 918 1041 956; x_wconf 92' lang='lat' dir='ltr'><strong>nos</strong></span> <span class='ocrx_word' id='word_1_49' title='bbox 1068 901 1348 958; x_wconf 73' lang='lat' dir='ltr'><strong>facilitatis</strong></span> <span class='ocrx_word' id='word_1_50' title='bbox 1382 903 1554 974; x_wconf 84' lang='lat' dir='ltr'><strong>gratia</strong></span> <span class='ocrx_word' id='word_1_51' title='bbox 1587 905 1655 957; x_wconf 92' lang='lat' dir='ltr'><strong>ab</strong></span> <span class='ocrx_word' id='word_1_52' title='bbox 1683 919 1749 958; x_wconf 87' lang='lat' dir='ltr'><strong>eo</strong></span> <span class='ocrx_word' id='word_1_53' title='bbox 1775 902 1921 972; x_wconf 90' lang='lat' dir='ltr'><strong>quod</strong></span> <span class='ocrx_word' id='word_1_54' title='bbox 1951 917 2088 957; x_wconf 90' lang='lat' dir='ltr'><strong>con-</strong></span> 
     </span>
    </p>
   </div>
   <div class='ocr_carea' id='block_1_10' title="bbox 514 991 2086 1065">
    <p class='ocr_par' dir='ltr' id='par_1_10' title="bbox 514 991 2086 1065">
     <span class='ocr_line' id='line_1_10' title="bbox 514 991 2086 1065; baseline -0.003 -15"><span class='ocrx_word' id='word_1_55' title='bbox 514 1009 752 1065; x_wconf 89' lang='lat' dir='ltr'><strong>sequens</strong></span> <span class='ocrx_word' id='word_1_56' title='bbox 799 1000 884 1048; x_wconf 88' lang='lat' dir='ltr'><strong>est</strong></span> <span class='ocrx_word' id='word_1_57' title='bbox 915 1007 1010 1048; x_wconf 87' lang='lat' dir='ltr'><strong>eos</strong></span> <span class='ocrx_word' id='word_1_58' title='bbox 1041 993 1396 1063; x_wconf 84' lang='lat' dir='ltr'><strong>explicemus.</strong></span> <span class='ocrx_word' id='word_1_59' title='bbox 1434 991 1729 1048; x_wconf 86' lang='lat' dir='ltr'><strong>Parallelos</strong></span> <span class='ocrx_word' id='word_1_60' title='bbox 1763 993 1946 1063; x_wconf 85' lang='lat' dir='ltr'><strong>itaque</strong></span> <span class='ocrx_word' id='word_1_61' title='bbox 1978 993 2086 1047; x_wconf 91' lang='lat' dir='ltr'><strong>cir-</strong></span> 
     </span>
    </p>
   </div>
   <div class='ocr_carea' id='block_1_11' title="bbox 513 1084 2084 1151">
    <p class='ocr_par' dir='ltr' id='par_1_11' title="bbox 513 1084 2084 1151">
     <span class='ocr_line' id='line_1_11' title="bbox 513 1084 2084 1151; baseline -0.003 -10"><span class='ocrx_word' id='word_1_62' title='bbox 513 1089 667 1142; x_wconf 91' lang='lat' dir='ltr'><strong>culos</strong></span> <span class='ocrx_word' id='word_1_63' title='bbox 713 1100 837 1141; x_wconf 88' lang='lat' dir='ltr'><strong>esse</strong></span> <span class='ocrx_word' id='word_1_64' title='bbox 885 1084 1117 1139; x_wconf 90' lang='lat' dir='ltr'><strong>dicimus</strong></span> <span class='ocrx_word' id='word_1_65' title='bbox 1162 1099 1287 1149; x_wconf 89' lang='lat' dir='ltr'><strong>eos,</strong></span> <span class='ocrx_word' id='word_1_66' title='bbox 1322 1085 1416 1151; x_wconf 89' lang='lat' dir='ltr'><strong>qui</strong></span> <span class='ocrx_word' id='word_1_67' title='bbox 1465 1100 1496 1138; x_wconf 93' lang='lat' dir='ltr'><strong>a</strong></span> <span class='ocrx_word' id='word_1_68' title='bbox 1542 1085 1980 1140; x_wconf 84' lang='lat' dir='ltr'><strong>circumferentia</strong></span> <span class='ocrx_word' id='word_1_69' title='bbox 2019 1084 2084 1138; x_wconf 87' lang='lat' dir='ltr'><strong>ad</strong></span> 
     </span>
    </p>
   </div>
   <div class='ocr_carea' id='block_1_12' title="bbox 511 1177 2082 1248">
    <p class='ocr_par' dir='ltr' id='par_1_12' title="bbox 511 1177 2082 1248">
     <span class='ocr_line' id='line_1_12' title="bbox 511 1177 2082 1248; baseline -0.002 -15"><span class='ocrx_word' id='word_1_70' title='bbox 511 1179 1010 1234; x_wconf 88' lang='lat' dir='ltr'><strong>circumferentiam</strong></span> <span class='ocrx_word' id='word_1_71' title='bbox 1061 1177 1304 1233; x_wconf 80' lang='lat' dir='ltr'><strong>eamdem</strong></span> <span class='ocrx_word' id='word_1_72' title='bbox 1339 1177 1705 1248; x_wconf 89' lang='lat' dir='ltr'><strong>undequaque</strong></span> <span class='ocrx_word' id='word_1_73' title='bbox 1739 1178 2082 1232; x_wconf 86' lang='lat' dir='ltr'><strong>latitudinem</strong></span> 
     </span>
    </p>
   </div>
   <div class='ocr_carea' id='block_1_13' title="bbox 512 1270 2082 1341">
    <p class='ocr_par' dir='ltr' id='par_1_13' title="bbox 512 1270 2082 1341">
     <span class='ocr_line' id='line_1_13' title="bbox 512 1270 2082 1341; baseline -0.003 -15"><span class='ocrx_word' id='word_1_74' title='bbox 512 1273 754 1339; x_wconf 84' lang='lat' dir='ltr'><strong>habent;</strong></span> <span class='ocrx_word' id='word_1_75' title='bbox 806 1271 910 1326; x_wconf 86' lang='lat' dir='ltr'><strong>etsi</strong></span> <span class='ocrx_word' id='word_1_76' title='bbox 963 1286 1069 1325; x_wconf 92' lang='lat' dir='ltr'><strong>non</strong></span> <span class='ocrx_word' id='word_1_77' title='bbox 1111 1271 1334 1341; x_wconf 65' lang='lat' dir='ltr'><strong>aequalis</strong></span> <span class='ocrx_word' id='word_1_78' title='bbox 1388 1272 1531 1325; x_wconf 83' lang='lat' dir='ltr'><strong>inter</strong></span> <span class='ocrx_word' id='word_1_79' title='bbox 1575 1285 1767 1336; x_wconf 79' lang='lat' dir='ltr'><strong>omnes</strong></span> <span class='ocrx_word' id='word_1_80' title='bbox 1797 1270 2082 1341; x_wconf 87' lang='lat' dir='ltr'><strong>interjecta</strong></span> 
     </span>
    </p>
   </div>
   <div class='ocr_carea' id='block_1_14' title="bbox 511 1364 858 1420">
    <p class='ocr_par' dir='ltr' id='par_1_14' title="bbox 511 1364 858 1420">
     <span class='ocr_line' id='line_1_14' title="bbox 511 1364 858 1420; baseline -0.006 -2"><span class='ocrx_word' id='word_1_81' title='bbox 511 1366 738 1420; x_wconf 89' lang='lat' dir='ltr'><strong>latitudo</strong></span> <span class='ocrx_word' id='word_1_82' title='bbox 769 1364 858 1420; x_wconf 91' lang='lat' dir='ltr'><strong>sit.</strong></span> 
     </span>
    </p>
   </div>
   <div class='ocr_carea' id='block_1_15' title="bbox 756 1478 1834 1534">
    <p class='ocr_par' dir='ltr' id='par_1_15' title="bbox 756 1478 1834 1534">
     <span class='ocr_line' id='line_1_15' title="bbox 756 1478 1834 1534; baseline 0.002 -2"><span class='ocrx_word' id='word_1_83' title='bbox 756 1479 834 1533; x_wconf 87' lang='lat' dir='ltr'><strong>De</strong></span> <span class='ocrx_word' id='word_1_84' title='bbox 873 1493 1127 1532; x_wconf 82' lang='lat' dir='ltr'><strong>zonarum</strong></span> <span class='ocrx_word' id='word_1_85' title='bbox 1160 1495 1190 1530; x_wconf 87' lang='grc' dir='ltr'><strong>α</strong></span> <span class='ocrx_word' id='word_1_86' title='bbox 1220 1494 1275 1532; x_wconf 78' lang='lat' dir='ltr'><strong>se</strong></span> <span class='ocrx_word' id='word_1_87' title='bbox 1306 1479 1524 1532; x_wconf 79' lang='lat' dir='ltr'><strong>invicem</strong></span> <span class='ocrx_word' id='word_1_88' title='bbox 1554 1478 1834 1534; x_wconf 80' lang='lat' dir='ltr'><strong>distantia.</strong></span> 
     </span>
    </p>
   </div>
   <div class='ocr_carea' id='block_1_16' title="bbox 575 1569 2082 1641">
    <p class='ocr_par' dir='ltr' id='par_1_16' title="bbox 575 1569 2082 1641">
     <span class='ocr_line' id='line_1_16' title="bbox 575 1569 2082 1641; baseline -0.001 -16"><span class='ocrx_word' id='word_1_89' title='bbox 575 1571 663 1625; x_wconf 74' lang='grc'><strong>26.</strong></span> <span class='ocrx_word' id='word_1_90' title='bbox 706 1570 879 1640; x_wconf 86' lang='lat' dir='ltr'><strong>Atque</strong></span> <span class='ocrx_word' id='word_1_91' title='bbox 911 1579 968 1624; x_wconf 90' lang='lat' dir='ltr'><strong>ut</strong></span> <span class='ocrx_word' id='word_1_92' title='bbox 1008 1569 1200 1623; x_wconf 89' lang='lat' dir='ltr'><strong>horum</strong></span> <span class='ocrx_word' id='word_1_93' title='bbox 1233 1571 1512 1625; x_wconf 90' lang='lat' dir='ltr'><strong>intervalla</strong></span> <span class='ocrx_word' id='word_1_94' title='bbox 1539 1585 1962 1641; x_wconf 82' lang='lat' dir='ltr'><strong>cognoscamus,</strong></span> <span class='ocrx_word' id='word_1_95' title='bbox 1998 1571 2082 1624; x_wconf 78' lang='lat' dir='ltr'><strong>di-</strong></span> 
     </span>
    </p>
   </div>
   <div class='ocr_carea' id='block_1_17' title="bbox 504 1661 2080 1730">
    <p class='ocr_par' dir='ltr' id='par_1_17' title="bbox 504 1661 2080 1730">
     <span class='ocr_line' id='line_1_17' title="bbox 504 1661 2080 1730; baseline 0.001 -16"><span class='ocrx_word' id='word_1_96' title='bbox 504 1662 722 1715; x_wconf 86' lang='lat' dir='ltr'><strong>vidatur</strong></span> <span class='ocrx_word' id='word_1_97' title='bbox 751 1661 962 1730; x_wconf 71' lang='lat' dir='ltr'><strong>sphtera</strong></span> <span class='ocrx_word' id='word_1_98' title='bbox 1002 1675 1098 1730; x_wconf 86' lang='lat' dir='ltr'><strong>per</strong></span> <span class='ocrx_word' id='word_1_99' title='bbox 1131 1669 1378 1716; x_wconf 86' lang='lat' dir='ltr'><strong>centrum</strong></span> <span class='ocrx_word' id='word_1_100' title='bbox 1403 1700 1419 1726; x_wconf 88' lang='lat'><strong>,</strong></span> <span class='ocrx_word' id='word_1_101' title='bbox 1451 1661 1531 1715; x_wconf 77' lang='lat' dir='ltr'><strong>sic</strong></span> <span class='ocrx_word' id='word_1_102' title='bbox 1562 1671 1620 1715; x_wconf 94' lang='lat' dir='ltr'><strong>ut</strong></span> <span class='ocrx_word' id='word_1_103' title='bbox 1652 1661 1894 1730; x_wconf 88' lang='lat' dir='ltr'><strong>paralleli</strong></span> <span class='ocrx_word' id='word_1_104' title='bbox 1943 1662 2080 1715; x_wconf 88' lang='lat' dir='ltr'><strong>bifa-</strong></span> 
     </span>
    </p>
   </div>
   <div class='ocr_carea' id='block_1_18' title="bbox 2189 620 3754 698">
    <p class='ocr_par' dir='ltr' id='par_1_18' title="bbox 2189 620 3754 698">
     <span class='ocr_line' id='line_1_18' title="bbox 2189 620 3754 698; baseline 0.003 -22"><span class='ocrx_word' id='word_1_105' title='bbox 2189 627 2299 688; x_wconf 89' lang='grc' dir='ltr'>τοῖς</span> <span class='ocrx_word' id='word_1_106' title='bbox 2330 622 2669 694; x_wconf 84' lang='grc' dir='ltr'>γεωμέτραις</span> <span class='ocrx_word' id='word_1_107' title='bbox 2698 620 3051 695; x_wconf 76' lang='grc' dir='ltr'><strong>παραλλήλων</strong></span> <span class='ocrx_word' id='word_1_108' title='bbox 3090 622 3394 692; x_wconf 84' lang='grc' dir='ltr'>γραμμῶν.</span> <span class='ocrx_word' id='word_1_109' title='bbox 3424 624 3754 698; x_wconf 80' lang='grc' dir='ltr'>Παράλληλοι</span> 
     </span>
    </p>
   </div>
   <div class='ocr_carea' id='block_1_19' title="bbox 2187 713 3749 786">
    <p class='ocr_par' dir='ltr' id='par_1_19' title="bbox 2187 713 3749 786">
     <span class='ocr_line' id='line_1_19' title="bbox 2187 713 3749 786; baseline 0.003 -18"><span class='ocrx_word' id='word_1_110' title='bbox 2187 715 2243 768; x_wconf 84' lang='grc' dir='ltr'><strong>δὲ</strong></span> <span class='ocrx_word' id='word_1_111' title='bbox 2271 715 2525 786; x_wconf 75' lang='grc' dir='ltr'>γραμμαὶ</span> <span class='ocrx_word' id='word_1_112' title='bbox 2549 714 2794 783; x_wconf 83' lang='grc' dir='ltr'>λέγονται</span> <span class='ocrx_word' id='word_1_113' title='bbox 2821 714 2950 783; x_wconf 84' lang='grc' dir='ltr'>παρ’</span> <span class='ocrx_word' id='word_1_114' title='bbox 2978 713 3160 776; x_wconf 84' lang='grc' dir='ltr'>αὐτοῖς</span> <span class='ocrx_word' id='word_1_115' title='bbox 3181 716 3233 765; x_wconf 92' lang='grc' dir='ltr'><strong>αί</strong></span> <span class='ocrx_word' id='word_1_116' title='bbox 3263 715 3328 767; x_wconf 83' lang='grc' dir='ltr'>ἐν</span> <span class='ocrx_word' id='word_1_117' title='bbox 3357 713 3440 784; x_wconf 82' lang='grc' dir='ltr'>τῷ</span> <span class='ocrx_word' id='word_1_118' title='bbox 3474 716 3622 786; x_wconf 84' lang='grc' dir='ltr'>αὑτῷ</span> <span class='ocrx_word' id='word_1_119' title='bbox 3643 719 3749 772; x_wconf 75' lang='grc' dir='ltr'>ἐπι-</span> 
     </span>
    </p>
   </div>
   <div class='ocr_carea' id='block_1_20' title="bbox 2187 803 3745 883">
    <p class='ocr_par' dir='ltr' id='par_1_20' title="bbox 2187 803 3745 883">
     <span class='ocr_line' id='line_1_20' title="bbox 2187 803 3745 883; baseline 0.004 -25"><span class='ocrx_word' id='word_1_120' title='bbox 2187 807 2331 877; x_wconf 84' lang='grc' dir='ltr'>πέδῳ</span> <span class='ocrx_word' id='word_1_121' title='bbox 2353 803 2527 872; x_wconf 79' lang='grc' dir='ltr'>οὖσαι,</span> <span class='ocrx_word' id='word_1_122' title='bbox 2549 807 2643 859; x_wconf 78' lang='grc' dir='ltr'>καὶ</span> <span class='ocrx_word' id='word_1_123' title='bbox 2666 805 2739 877; x_wconf 83' lang='grc' dir='ltr'><strong>μή</strong></span> <span class='ocrx_word' id='word_1_124' title='bbox 2763 806 3162 877; x_wconf 79' lang='grc' dir='ltr'><strong>συμπίπτουσαι</strong></span> <span class='ocrx_word' id='word_1_125' title='bbox 3185 805 3278 858; x_wconf 77' lang='grc' dir='ltr'><strong>ἐπὶ</strong></span> <span class='ocrx_word' id='word_1_126' title='bbox 3297 806 3585 878; x_wconf 84' lang='grc' dir='ltr'>μηδέτερα</span> <span class='ocrx_word' id='word_1_127' title='bbox 3603 809 3745 883; x_wconf 81' lang='grc' dir='ltr'>μέρη.</span> 
     </span>
    </p>
   </div>
   <div class='ocr_carea' id='block_1_21' title="bbox 2187 897 3746 971">
    <p class='ocr_par' dir='ltr' id='par_1_21' title="bbox 2187 897 3746 971">
     <span class='ocr_line' id='line_1_21' title="bbox 2187 897 3746 971; baseline 0.002 -19"><span class='ocrx_word' id='word_1_128' title='bbox 2187 900 2487 971; x_wconf 83' lang='grc' dir='ltr'>Σαφηνείας</span> <span class='ocrx_word' id='word_1_129' title='bbox 2519 899 2574 952; x_wconf 86' lang='grc' dir='ltr'><strong>δὲ</strong></span> <span class='ocrx_word' id='word_1_130' title='bbox 2607 898 2767 951; x_wconf 74' lang='grc' dir='ltr'>ἕνεκα</span> <span class='ocrx_word' id='word_1_131' title='bbox 2802 899 2866 951; x_wconf 79' lang='grc' dir='ltr'>ὲκ</span> <span class='ocrx_word' id='word_1_132' title='bbox 2898 898 2989 952; x_wconf 85' lang='grc' dir='ltr'><strong>τοῦ</strong></span> <span class='ocrx_word' id='word_1_133' title='bbox 3029 897 3570 968; x_wconf 75' lang='grc' dir='ltr'><strong>παρακολουθοῦντος</strong></span> <span class='ocrx_word' id='word_1_134' title='bbox 3604 904 3746 956; x_wconf 76' lang='grc' dir='ltr'>εἴπω-</span> 
     </span>
    </p>
   </div>
   <div class='ocr_carea' id='block_1_22' title="bbox 2189 986 3744 1064">
    <p class='ocr_par' dir='ltr' id='par_1_22' title="bbox 2189 986 3744 1064">
     <span class='ocr_line' id='line_1_22' title="bbox 2189 986 3744 1064; baseline 0.001 -20"><span class='ocrx_word' id='word_1_135' title='bbox 2189 1009 2304 1064; x_wconf 88' lang='grc' dir='ltr'>μεν.</span> <span class='ocrx_word' id='word_1_136' title='bbox 2339 991 2521 1062; x_wconf 80' lang='grc' dir='ltr'>Φαμὲν</span> <span class='ocrx_word' id='word_1_137' title='bbox 2567 986 2681 1054; x_wconf 83' lang='grc' dir='ltr'>οὖν,</span> <span class='ocrx_word' id='word_1_138' title='bbox 2709 991 2790 1044; x_wconf 81' lang='grc' dir='ltr'>ὅτι</span> <span class='ocrx_word' id='word_1_139' title='bbox 2832 990 3162 1063; x_wconf 86' lang='grc' dir='ltr'>παράλληλοί</span> <span class='ocrx_word' id='word_1_140' title='bbox 3187 993 3326 1044; x_wconf 73' lang='grc' dir='ltr'>εἰσιν</span> <span class='ocrx_word' id='word_1_141' title='bbox 3363 992 3417 1043; x_wconf 87' lang='grc' dir='ltr'><strong>οί</strong></span> <span class='ocrx_word' id='word_1_142' title='bbox 3454 991 3639 1045; x_wconf 84' lang='grc' dir='ltr'>κύκλοι</span> <span class='ocrx_word' id='word_1_143' title='bbox 3663 1011 3744 1064; x_wconf 67' lang='grc' dir='ltr'>με-</span> 
     </span>
    </p>
   </div>
   <div class='ocr_carea' id='block_1_23' title="bbox 2183 1082 3745 1156">
    <p class='ocr_par' dir='ltr' id='par_1_23' title="bbox 2183 1082 3745 1156">
     <span class='ocr_line' id='line_1_23' title="bbox 2183 1082 3745 1156; baseline 0.001 -18"><span class='ocrx_word' id='word_1_144' title='bbox 2183 1084 2313 1152; x_wconf 78' lang='grc' dir='ltr'>ταξὺ</span> <span class='ocrx_word' id='word_1_145' title='bbox 2353 1083 2594 1156; x_wconf 83' lang='grc' dir='ltr'>ἀλλήλων</span> <span class='ocrx_word' id='word_1_146' title='bbox 2631 1084 2740 1138; x_wconf 82' lang='grc' dir='ltr'><strong>ἀπὸ</strong></span> <span class='ocrx_word' id='word_1_147' title='bbox 2779 1082 3130 1154; x_wconf 79' lang='grc' dir='ltr'>περιφερείας</span> <span class='ocrx_word' id='word_1_148' title='bbox 3163 1084 3253 1136; x_wconf 76' lang='grc' dir='ltr'><strong>ἐπὶ</strong></span> <span class='ocrx_word' id='word_1_149' title='bbox 3301 1085 3662 1156; x_wconf 79' lang='grc' dir='ltr'>περιφέρειαν</span> <span class='ocrx_word' id='word_1_150' title='bbox 3697 1089 3745 1140; x_wconf 83' lang='grc' dir='ltr'><strong>τὸ</strong></span> 
     </span>
    </p>
   </div>
   <div class='ocr_carea' id='block_1_24' title="bbox 2185 1173 3744 1246">
    <p class='ocr_par' dir='ltr' id='par_1_24' title="bbox 2185 1173 3744 1246">
     <span class='ocr_line' id='line_1_24' title="bbox 2185 1173 3744 1246; baseline 0 -18"><span class='ocrx_word' id='word_1_151' title='bbox 2185 1176 2295 1228; x_wconf 75' lang='grc' dir='ltr'>ἴσον</span> <span class='ocrx_word' id='word_1_152' title='bbox 2326 1176 2425 1246; x_wconf 85' lang='grc' dir='ltr'>μὲν</span> <span class='ocrx_word' id='word_1_153' title='bbox 2466 1173 2668 1237; x_wconf 81' lang='grc' dir='ltr'><strong>πλάτος</strong></span> <span class='ocrx_word' id='word_1_154' title='bbox 2696 1173 2908 1243; x_wconf 76' lang='grc' dir='ltr'>ἔχοντες</span> <span class='ocrx_word' id='word_1_155' title='bbox 2948 1173 3305 1244; x_wconf 78' lang='grc' dir='ltr'><strong>πανταχόθεν,</strong></span> <span class='ocrx_word' id='word_1_156' title='bbox 3339 1174 3404 1226; x_wconf 84' lang='grc' dir='ltr'><strong>οὑ</strong></span> <span class='ocrx_word' id='word_1_157' title='bbox 3447 1174 3626 1244; x_wconf 84' lang='grc' dir='ltr'>μέντοι</span> <span class='ocrx_word' id='word_1_158' title='bbox 3652 1175 3744 1228; x_wconf 74' lang='grc' dir='ltr'>ἴσον</span> 
     </span>
    </p>
   </div>
   <div class='ocr_carea' id='block_1_25' title="bbox 2182 1266 3131 1336">
    <p class='ocr_par' dir='ltr' id='par_1_25' title="bbox 2182 1266 3131 1336">
     <span class='ocr_line' id='line_1_25' title="bbox 2182 1266 3131 1336; baseline -0.001 -17"><span class='ocrx_word' id='word_1_159' title='bbox 2182 1266 2276 1320; x_wconf 75' lang='grc' dir='ltr'><strong>καὶ</strong></span> <span class='ocrx_word' id='word_1_160' title='bbox 2302 1267 2362 1320; x_wconf 87' lang='grc' dir='ltr'><strong>τὸ</strong></span> <span class='ocrx_word' id='word_1_161' title='bbox 2386 1266 2585 1331; x_wconf 83' lang='grc' dir='ltr'>πλάτος</span> <span class='ocrx_word' id='word_1_162' title='bbox 2608 1267 2666 1320; x_wconf 89' lang='grc' dir='ltr'><strong>τὸ</strong></span> <span class='ocrx_word' id='word_1_163' title='bbox 2701 1266 2900 1336; x_wconf 79' lang='grc' dir='ltr'>μεταξὺ</span> <span class='ocrx_word' id='word_1_164' title='bbox 2934 1266 3131 1320; x_wconf 79' lang='grc' dir='ltr'>αὐτῶν.</span> 
     </span>
    </p>
   </div>
   <div class='ocr_carea' id='block_1_26' title="bbox 2181 1467 3736 1542">
    <p class='ocr_par' dir='ltr' id='par_1_26' title="bbox 2181 1467 3736 1542">
     <span class='ocr_line' id='line_1_26' title="bbox 2181 1467 3736 1542; baseline -0.001 -16"><span class='ocrx_word' id='word_1_165' title='bbox 2181 1472 2318 1542; x_wconf 75' lang='grc' dir='ltr'>Περὶ</span> <span class='ocrx_word' id='word_1_166' title='bbox 2349 1472 2458 1540; x_wconf 83' lang='grc' dir='ltr'>τῆς</span> <span class='ocrx_word' id='word_1_167' title='bbox 2489 1472 2637 1541; x_wconf 80' lang='grc' dir='ltr'>πρὸς</span> <span class='ocrx_word' id='word_1_168' title='bbox 2666 1469 2944 1535; x_wconf 72' lang='grc' dir='ltr'>ἀλλήλας</span> <span class='ocrx_word' id='word_1_169' title='bbox 2980 1467 3097 1523; x_wconf 77' lang='grc' dir='ltr'>τῶν</span> <span class='ocrx_word' id='word_1_170' title='bbox 3125 1467 3325 1530; x_wconf 78' lang='grc' dir='ltr'>ζωνῶν</span> <span class='ocrx_word' id='word_1_171' title='bbox 3365 1469 3736 1537; x_wconf 82' lang='grc' dir='ltr'><strong>διαστάσεως.</strong></span> 
     </span>
    </p>
   </div>
   <div class='ocr_carea' id='block_1_27' title="bbox 2250 1561 3737 1634">
    <p class='ocr_par' dir='ltr' id='par_1_27' title="bbox 2250 1561 3737 1634">
     <span class='ocr_line' id='line_1_27' title="bbox 2250 1561 3737 1634; baseline -0.001 -16"><span class='ocrx_word' id='word_1_172' title='bbox 2250 1571 2360 1630; x_wconf 78' lang='grc' dir='ltr'>κς’.</span> <span class='ocrx_word' id='word_1_173' title='bbox 2394 1565 2510 1617; x_wconf 81' lang='grc' dir='ltr'>Ἵνα</span> <span class='ocrx_word' id='word_1_174' title='bbox 2551 1563 2608 1616; x_wconf 85' lang='grc' dir='ltr'>δὲ</span> <span class='ocrx_word' id='word_1_175' title='bbox 2663 1565 2758 1617; x_wconf 71' lang='grc' dir='ltr'><strong>καὶ</strong></span> <span class='ocrx_word' id='word_1_176' title='bbox 2803 1563 2872 1617; x_wconf 86' lang='grc' dir='ltr'>τὰ</span> <span class='ocrx_word' id='word_1_177' title='bbox 2907 1564 3106 1634; x_wconf 79' lang='grc' dir='ltr'>μεταξὺ</span> <span class='ocrx_word' id='word_1_178' title='bbox 3154 1563 3365 1616; x_wconf 80' lang='grc' dir='ltr'>τούτων</span> <span class='ocrx_word' id='word_1_179' title='bbox 3418 1561 3737 1632; x_wconf 78' lang='grc' dir='ltr'>διαστήματα</span> 
     </span>
    </p>
   </div>
   <div class='ocr_carea' id='block_1_28' title="bbox 2183 1653 3732 1728">
    <p class='ocr_par' dir='ltr' id='par_1_28' title="bbox 2183 1653 3732 1728">
     <span class='ocr_line' id='line_1_28' title="bbox 2183 1653 3732 1728; baseline -0.003 -17"><span class='ocrx_word' id='word_1_180' title='bbox 2183 1656 2460 1728; x_wconf 83' lang='grc' dir='ltr'><strong>μάθωμεν,</strong></span> <span class='ocrx_word' id='word_1_181' title='bbox 2491 1655 2628 1708; x_wconf 79' lang='grc' dir='ltr'>ἔστω</span> <span class='ocrx_word' id='word_1_182' title='bbox 2651 1657 2958 1727; x_wconf 81' lang='grc' dir='ltr'>τεμνομένη</span> <span class='ocrx_word' id='word_1_183' title='bbox 2983 1657 3017 1727; x_wconf 90' lang='grc' dir='ltr'><strong>ἡ</strong></span> <span class='ocrx_word' id='word_1_184' title='bbox 3053 1659 3255 1727; x_wconf 87' lang='grc' dir='ltr'>σφαῖρα</span> <span class='ocrx_word' id='word_1_185' title='bbox 3290 1654 3388 1708; x_wconf 80' lang='grc' dir='ltr'>διὰ</span> <span class='ocrx_word' id='word_1_186' title='bbox 3417 1653 3513 1707; x_wconf 90' lang='grc' dir='ltr'><strong>τοῦ</strong></span> <span class='ocrx_word' id='word_1_187' title='bbox 3535 1655 3732 1725; x_wconf 81' lang='grc' dir='ltr'>κέντρου</span> 
     </span>
    </p>
   </div>
   <div class='ocr_carea' id='block_1_29' title="bbox 505 1745 2063 1824">
    <p class='ocr_par' dir='ltr' id='par_1_29' title="bbox 505 1751 2063 1824">
     <span class='ocr_line' id='line_1_29' title="bbox 505 1751 2063 1824; baseline 0 -18"><span class='ocrx_word' id='word_1_188' title='bbox 505 1753 640 1806; x_wconf 90' lang='lat' dir='ltr'><strong>riam</strong></span> <span class='ocrx_word' id='word_1_189' title='bbox 701 1760 976 1817; x_wconf 89' lang='lat' dir='ltr'><strong>secentur,</strong></span> <span class='ocrx_word' id='word_1_190' title='bbox 1026 1753 1172 1805; x_wconf 87' lang='lat' dir='ltr'><strong>velut</strong></span> <span class='ocrx_word' id='word_1_191' title='bbox 1218 1767 1313 1807; x_wconf 89' lang='lat' dir='ltr'><strong>eos</strong></span> <span class='ocrx_word' id='word_1_192' title='bbox 1341 1753 1514 1806; x_wconf 84' lang='lat' dir='ltr'><strong>coluri</strong></span> <span class='ocrx_word' id='word_1_193' title='bbox 1562 1751 1849 1820; x_wconf 89' lang='lat' dir='ltr'><strong>dividunt;</strong></span> <span class='ocrx_word' id='word_1_194' title='bbox 1903 1755 2063 1824; x_wconf 65' lang='lat' dir='ltr'><strong>sitqur</strong></span> 
     </span>
    </p>
   </div>
   <div class='ocr_carea' id='block_1_30' title="bbox 2166 1745 3732 1824">
    <p class='ocr_par' dir='ltr' id='par_1_30' title="bbox 2177 1745 3732 1820">
     <span class='ocr_line' id='line_1_30' title="bbox 2177 1745 3732 1820; baseline -0.001 -17"><span class='ocrx_word' id='word_1_195' title='bbox 2177 1750 2367 1820; x_wconf 80' lang='grc' dir='ltr'>αὐτῆς,</span> <span class='ocrx_word' id='word_1_196' title='bbox 2398 1748 2536 1802; x_wconf 82' lang='grc' dir='ltr'>ὥστε</span> <span class='ocrx_word' id='word_1_197' title='bbox 2569 1749 2689 1820; x_wconf 88' lang='grc' dir='ltr'>δίχα</span> <span class='ocrx_word' id='word_1_198' title='bbox 2713 1748 3003 1818; x_wconf 84' lang='grc' dir='ltr'>τέμνεσθαι</span> <span class='ocrx_word' id='word_1_199' title='bbox 3032 1748 3156 1812; x_wconf 80' lang='grc' dir='ltr'>τοὺς</span> <span class='ocrx_word' id='word_1_200' title='bbox 3191 1745 3596 1819; x_wconf 80' lang='grc' dir='ltr'>παραλλήλους,</span> <span class='ocrx_word' id='word_1_201' title='bbox 3624 1746 3732 1801; x_wconf 77' lang='grc' dir='ltr'>καθ-</span> 
     </span>
    </p>
   </div>
   <div class='ocr_carea' id='block_1_31' title="bbox 503 1840 2063 1916">
    <p class='ocr_par' dir='ltr' id='par_1_31' title="bbox 503 1843 2063 1916">
     <span class='ocr_line' id='line_1_31' title="bbox 503 1843 2063 1916; baseline -0.003 -17"><span class='ocrx_word' id='word_1_202' title='bbox 503 1844 746 1900; x_wconf 85' lang='lat' dir='ltr'><strong>circulus</strong></span> <span class='ocrx_word' id='word_1_203' title='bbox 780 1843 869 1899; x_wconf 92' lang='lat' dir='ltr'><strong>ille</strong></span> <span class='ocrx_word' id='word_1_204' title='bbox 899 1845 1134 1914; x_wconf 89' lang='lat' dir='ltr'><strong>partium</strong></span> <span class='ocrx_word' id='word_1_205' title='bbox 1165 1843 1233 1898; x_wconf 83' lang='lat'><strong>60</strong></span> <span class='ocrx_word' id='word_1_206' title='bbox 1261 1844 1638 1914; x_wconf 58' lang='lat' dir='ltr'><strong>hemisphaeria</strong></span> <span class='ocrx_word' id='word_1_207' title='bbox 1659 1886 1673 1910; x_wconf 98' lang='lat'><strong>,</strong></span> <span class='ocrx_word' id='word_1_208' title='bbox 1701 1859 1835 1915; x_wconf 79' lang='lat' dir='ltr'><strong>ergo</strong></span> <span class='ocrx_word' id='word_1_209' title='bbox 1863 1846 2063 1916; x_wconf 76' lang='lat' dir='ltr'><strong>Singula</strong></span> 
     </span>
    </p>
   </div>
   <div class='ocr_carea' id='block_1_32' title="bbox 2166 1840 3731 1916">
    <p class='ocr_par' dir='ltr' id='par_1_32' title="bbox 2178 1840 3731 1914">
     <span class='ocr_line' id='line_1_32' title="bbox 2178 1840 3731 1914; baseline -0.004 -17"><span class='ocrx_word' id='word_1_210' title='bbox 2178 1844 2320 1914; x_wconf 86' lang='grc' dir='ltr'>άπερ</span> <span class='ocrx_word' id='word_1_211' title='bbox 2385 1843 2488 1895; x_wconf 85' lang='grc' dir='ltr'><strong>ὑπὸ</strong></span> <span class='ocrx_word' id='word_1_212' title='bbox 2546 1842 2654 1896; x_wconf 89' lang='grc' dir='ltr'><strong>τῶν</strong></span> <span class='ocrx_word' id='word_1_213' title='bbox 2704 1841 2973 1913; x_wconf 83' lang='grc' dir='ltr'>κολούρων</span> <span class='ocrx_word' id='word_1_214' title='bbox 3020 1841 3312 1910; x_wconf 83' lang='grc' dir='ltr'>τέμνονται</span> <span class='ocrx_word' id='word_1_215' title='bbox 3339 1857 3354 1869; x_wconf 83' lang='grc'><em>’</em></span> <span class='ocrx_word' id='word_1_216' title='bbox 3409 1840 3505 1892; x_wconf 73' lang='grc' dir='ltr'><strong>καὶ</strong></span> <span class='ocrx_word' id='word_1_217' title='bbox 3551 1840 3676 1892; x_wconf 79' lang='grc' dir='ltr'>ἔστω</span> <span class='ocrx_word' id='word_1_218' title='bbox 3707 1843 3731 1892; x_wconf 92' lang='grc' dir='ltr'><strong>ὁ</strong></span> 
     </span>
    </p>
   </div>
   <div class='ocr_carea' id='block_1_33' title="bbox 505 1921 2063 2008">
    <p class='ocr_par' dir='ltr' id='par_1_33' title="bbox 505 1936 2063 2008">
     <span class='ocr_line' id='line_1_33' title="bbox 505 1936 2063 2008; baseline 0.003 -20"><span class='ocrx_word' id='word_1_219' title='bbox 505 1936 726 2006; x_wconf 82' lang='lat' dir='ltr'><strong>triginta</strong></span> <span class='ocrx_word' id='word_1_220' title='bbox 758 1937 994 2006; x_wconf 88' lang='lat' dir='ltr'><strong>partimn</strong></span> <span class='ocrx_word' id='word_1_221' title='bbox 1025 1944 1205 1991; x_wconf 89' lang='lat' dir='ltr'><strong>erunt.</strong></span> <span class='ocrx_word' id='word_1_222' title='bbox 1252 1936 1419 2008; x_wconf 79' lang='lat' dir='ltr'><strong>Igitur</strong></span> <span class='ocrx_word' id='word_1_223' title='bbox 1446 1938 1514 1991; x_wconf 90' lang='lat' dir='ltr'><strong>ab</strong></span> <span class='ocrx_word' id='word_1_224' title='bbox 1547 1937 1826 1992; x_wconf 89' lang='lat' dir='ltr'><strong>horizonte</strong></span> <span class='ocrx_word' id='word_1_225' title='bbox 1865 1937 1932 1990; x_wconf 90' lang='lat' dir='ltr'><strong>ad</strong></span> <span class='ocrx_word' id='word_1_226' title='bbox 1977 1939 2063 1992; x_wconf 90' lang='lat' dir='ltr'><strong>bo-</strong></span> 
     </span>
    </p>
   </div>
   <div class='ocr_carea' id='block_1_34' title="bbox 2166 1921 3728 2008">
    <p class='ocr_par' dir='ltr' id='par_1_34' title="bbox 2176 1927 3728 2006">
     <span class='ocr_line' id='line_1_34' title="bbox 2176 1927 3728 2006; baseline -0.003 -17"><span class='ocrx_word' id='word_1_227' title='bbox 2176 1934 2369 1998; x_wconf 76' lang='grc' dir='ltr'>κύκλος</span> <span class='ocrx_word' id='word_1_228' title='bbox 2416 1929 2568 1998; x_wconf 74' lang='grc' dir='ltr'>οὗτος</span> <span class='ocrx_word' id='word_1_229' title='bbox 2611 1933 2815 2006; x_wconf 86' lang='grc' dir='ltr'>μοιρῶν</span> <span class='ocrx_word' id='word_1_230' title='bbox 2857 1933 2918 2000; x_wconf 79' lang='grc' dir='ltr'><strong>ξ’.</strong></span> <span class='ocrx_word' id='word_1_231' title='bbox 2959 1934 3229 1988; x_wconf 86' lang='grc' dir='ltr'>Ἕκαστον</span> <span class='ocrx_word' id='word_1_232' title='bbox 3267 1927 3368 1986; x_wconf 85' lang='grc' dir='ltr'><strong>οῦν</strong></span> <span class='ocrx_word' id='word_1_233' title='bbox 3399 1931 3728 2003; x_wconf 75' lang='grc' dir='ltr'>ἡμισφαίριον</span> 
     </span>
    </p>
   </div>
   <div class='ocr_carea' id='block_1_35' title="bbox 502 2029 2071 2100">
    <p class='ocr_par' dir='ltr' id='par_1_35' title="bbox 502 2029 2071 2100">
     <span class='ocr_line' id='line_1_35' title="bbox 502 2029 2071 2100; baseline 0.003 -20"><span class='ocrx_word' id='word_1_234' title='bbox 502 2029 701 2084; x_wconf 89' lang='lat' dir='ltr'><strong>realem</strong></span> <span class='ocrx_word' id='word_1_235' title='bbox 733 2030 916 2099; x_wconf 85' lang='lat' dir='ltr'><strong>polum</strong></span> <span class='ocrx_word' id='word_1_236' title='bbox 950 2046 1045 2084; x_wconf 84' lang='lat' dir='ltr'><strong>sex</strong></span> <span class='ocrx_word' id='word_1_237' title='bbox 1091 2032 1194 2085; x_wconf 89' lang='lat' dir='ltr'><strong>erit</strong></span> <span class='ocrx_word' id='word_1_238' title='bbox 1236 2030 1471 2100; x_wconf 88' lang='lat' dir='ltr'><strong>partium</strong></span> <span class='ocrx_word' id='word_1_239' title='bbox 1518 2030 1898 2095; x_wconf 87' lang='lat' dir='ltr'><strong>intervallum,</strong></span> <span class='ocrx_word' id='word_1_240' title='bbox 1946 2033 2071 2086; x_wconf 88' lang='lat' dir='ltr'><strong>loti-</strong></span> 
     </span>
    </p>
   </div>
   <div class='ocr_carea' id='block_1_36' title="bbox 503 2120 2066 2192">
    <p class='ocr_par' dir='ltr' id='par_1_36' title="bbox 503 2120 2066 2192">
     <span class='ocr_line' id='line_1_36' title="bbox 503 2120 2066 2192; baseline 0.002 -19"><span class='ocrx_word' id='word_1_241' title='bbox 503 2120 624 2173; x_wconf 87' lang='lat' dir='ltr'><strong>dem</strong></span> <span class='ocrx_word' id='word_1_242' title='bbox 651 2159 666 2184; x_wconf 94' lang='lat'><strong>,</strong></span> <span class='ocrx_word' id='word_1_243' title='bbox 699 2128 834 2189; x_wconf 89' lang='lat' dir='ltr'><strong>quot</strong></span> <span class='ocrx_word' id='word_1_244' title='bbox 864 2121 1085 2192; x_wconf 84' lang='lat' dir='ltr'><strong>triginta</strong></span> <span class='ocrx_word' id='word_1_245' title='bbox 1119 2131 1246 2175; x_wconf 86' lang='lat' dir='ltr'><strong>sunt</strong></span> <span class='ocrx_word' id='word_1_246' title='bbox 1273 2121 1328 2175; x_wconf 91' lang='lat' dir='ltr'><strong>in</strong></span> <span class='ocrx_word' id='word_1_247' title='bbox 1357 2120 1738 2192; x_wconf 63' lang='lat' dir='ltr'><strong>hemisphmrio</strong></span> <span class='ocrx_word' id='word_1_248' title='bbox 1767 2121 2066 2192; x_wconf 88' lang='lat' dir='ltr'><strong>superiore.</strong></span> 
     </span>
    </p>
   </div>
   <div class='ocr_carea' id='block_1_37' title="bbox 502 2213 2070 2284">
    <p class='ocr_par' dir='ltr' id='par_1_37' title="bbox 502 2213 2070 2284">
     <span class='ocr_line' id='line_1_37' title="bbox 502 2213 2070 2284; baseline 0.001 -18"><span class='ocrx_word' id='word_1_249' title='bbox 502 2213 675 2267; x_wconf 89' lang='lat' dir='ltr'><strong>Tanta</strong></span> <span class='ocrx_word' id='word_1_250' title='bbox 705 2221 788 2269; x_wconf 87' lang='lat' dir='ltr'><strong>est</strong></span> <span class='ocrx_word' id='word_1_251' title='bbox 815 2214 960 2268; x_wconf 90' lang='lat' dir='ltr'><strong>enim</strong></span> <span class='ocrx_word' id='word_1_252' title='bbox 990 2213 1282 2270; x_wconf 72' lang='lat' dir='ltr'><strong>eminentis</strong></span> <span class='ocrx_word' id='word_1_253' title='bbox 1311 2215 1422 2284; x_wconf 87' lang='lat' dir='ltr'><strong>poli</strong></span> <span class='ocrx_word' id='word_1_254' title='bbox 1451 2215 1521 2268; x_wconf 90' lang='lat' dir='ltr'><strong>ab</strong></span> <span class='ocrx_word' id='word_1_255' title='bbox 1554 2214 1834 2269; x_wconf 85' lang='lat' dir='ltr'><strong>horizonte</strong></span> <span class='ocrx_word' id='word_1_256' title='bbox 1861 2215 2070 2270; x_wconf 67' lang='lat' dir='ltr'><strong>distan-</strong></span> 
     </span>
    </p>
   </div>
   <div class='ocr_carea' id='block_1_38' title="bbox 501 2303 2070 2378">
    <p class='ocr_par' dir='ltr' id='par_1_38' title="bbox 501 2303 2070 2378">
     <span class='ocr_line' id='line_1_38' title="bbox 501 2303 2070 2378; baseline 0.001 -20"><span class='ocrx_word' id='word_1_257' title='bbox 501 2305 598 2359; x_wconf 86' lang='lat' dir='ltr'><strong>tia.</strong></span> <span class='ocrx_word' id='word_1_258' title='bbox 646 2303 927 2376; x_wconf 88' lang='lat' dir='ltr'><strong>Siquidem</strong></span> <span class='ocrx_word' id='word_1_259' title='bbox 973 2306 1147 2360; x_wconf 90' lang='lat' dir='ltr'><strong>centri</strong></span> <span class='ocrx_word' id='word_1_260' title='bbox 1196 2306 1370 2362; x_wconf 89' lang='lat' dir='ltr'><strong>instar</strong></span> <span class='ocrx_word' id='word_1_261' title='bbox 1414 2312 1498 2360; x_wconf 87' lang='lat' dir='ltr'><strong>est</strong></span> <span class='ocrx_word' id='word_1_262' title='bbox 1532 2305 1770 2362; x_wconf 78' lang='lat' dir='ltr'><strong>borealis</strong></span> <span class='ocrx_word' id='word_1_263' title='bbox 1813 2308 1973 2377; x_wconf 90' lang='lat' dir='ltr'><strong>polus</strong></span> <span class='ocrx_word' id='word_1_264' title='bbox 2004 2308 2070 2378; x_wconf 75' lang='lat' dir='ltr'><strong>ad</strong></span> 
     </span>
    </p>
   </div>
   <div class='ocr_carea' id='block_1_39' title="bbox 501 2396 2070 2453">
    <p class='ocr_par' dir='ltr' id='par_1_39' title="bbox 501 2396 2070 2453">
     <span class='ocr_line' id='line_1_39' title="bbox 501 2396 2070 2453; baseline 0.001 -3"><span class='ocrx_word' id='word_1_265' title='bbox 501 2398 765 2453; x_wconf 87' lang='lat' dir='ltr'><strong>ambitum</strong></span> <span class='ocrx_word' id='word_1_266' title='bbox 799 2399 987 2453; x_wconf 88' lang='lat' dir='ltr'><strong>arctici</strong></span> <span class='ocrx_word' id='word_1_267' title='bbox 1019 2398 1232 2452; x_wconf 91' lang='lat' dir='ltr'><strong>circuli.</strong></span> <span class='ocrx_word' id='word_1_268' title='bbox 1265 2396 1326 2451; x_wconf 88' lang='lat' dir='ltr'><strong>In</strong></span> <span class='ocrx_word' id='word_1_269' title='bbox 1354 2398 1502 2451; x_wconf 92' lang='lat' dir='ltr'><strong>omni</strong></span> <span class='ocrx_word' id='word_1_270' title='bbox 1537 2405 1719 2452; x_wconf 87' lang='lat' dir='ltr'><strong>autem</strong></span> <span class='ocrx_word' id='word_1_271' title='bbox 1750 2398 1957 2451; x_wconf 91' lang='lat' dir='ltr'><strong>circulo</strong></span> <span class='ocrx_word' id='word_1_272' title='bbox 1984 2413 2070 2452; x_wconf 88' lang='lat' dir='ltr'><strong>re-</strong></span> 
     </span>
    </p>
   </div>
   <div class='ocr_carea' id='block_1_40' title="bbox 499 2489 2069 2559">
    <p class='ocr_par' dir='ltr' id='par_1_40' title="bbox 499 2489 2069 2559">
     <span class='ocr_line' id='line_1_40' title="bbox 499 2489 2069 2559; baseline 0.001 -17"><span class='ocrx_word' id='word_1_273' title='bbox 499 2497 599 2542; x_wconf 73' lang='lat' dir='ltr'><strong>cta:</strong></span> <span class='ocrx_word' id='word_1_274' title='bbox 644 2503 833 2544; x_wconf 90' lang='lat' dir='ltr'><strong>omnes</strong></span> <span class='ocrx_word' id='word_1_275' title='bbox 881 2505 911 2542; x_wconf 90' lang='lat' dir='ltr'><strong>a</strong></span> <span class='ocrx_word' id='word_1_276' title='bbox 959 2497 1148 2544; x_wconf 80' lang='lat' dir='ltr'><strong>centro</strong></span> <span class='ocrx_word' id='word_1_277' title='bbox 1187 2490 1363 2545; x_wconf 79' lang='lat' dir='ltr'><strong>ductae</strong></span> <span class='ocrx_word' id='word_1_278' title='bbox 1405 2489 1472 2548; x_wconf 80' lang='lat' dir='ltr'><strong>ad</strong></span> <span class='ocrx_word' id='word_1_279' title='bbox 1524 2491 1790 2545; x_wconf 84' lang='lat' dir='ltr'><strong>ambitum</strong></span> <span class='ocrx_word' id='word_1_280' title='bbox 1832 2491 2069 2559; x_wconf 81' lang='lat' dir='ltr'><strong>aequales</strong></span> 
     </span>
    </p>
   </div>
   <div class='ocr_carea' id='block_1_41' title="bbox 500 2579 2068 2637">
    <p class='ocr_par' dir='ltr' id='par_1_41' title="bbox 500 2579 2068 2637">
     <span class='ocr_line' id='line_1_41' title="bbox 500 2579 2068 2637; baseline 0.001 -2"><span class='ocrx_word' id='word_1_281' title='bbox 500 2587 626 2636; x_wconf 85' lang='lat' dir='ltr'><strong>sunt</strong></span> <span class='ocrx_word' id='word_1_282' title='bbox 677 2581 930 2634; x_wconf 86' lang='lat' dir='ltr'><strong>invicem.</strong></span> <span class='ocrx_word' id='word_1_283' title='bbox 989 2579 1336 2636; x_wconf 87' lang='lat' dir='ltr'><strong>lntervallmn</strong></span> <span class='ocrx_word' id='word_1_284' title='bbox 1391 2582 1459 2636; x_wconf 88' lang='lat' dir='ltr'><strong>ab</strong></span> <span class='ocrx_word' id='word_1_285' title='bbox 1508 2583 1716 2636; x_wconf 90' lang='lat' dir='ltr'><strong>arctico</strong></span> <span class='ocrx_word' id='word_1_286' title='bbox 1763 2583 1968 2637; x_wconf 89' lang='lat' dir='ltr'><strong>circulo</strong></span> <span class='ocrx_word' id='word_1_287' title='bbox 2001 2582 2068 2636; x_wconf 84' lang='lat' dir='ltr'><strong>ad</strong></span> 
     </span>
    </p>
   </div>
   <div class='ocr_carea' id='block_1_42' title="bbox 494 2672 2068 2744">
    <p class='ocr_par' dir='ltr' id='par_1_42' title="bbox 494 2672 2068 2744">
     <span class='ocr_line' id='line_1_42' title="bbox 494 2672 2068 2744; baseline 0.001 -19"><span class='ocrx_word' id='word_1_288' title='bbox 494 2672 768 2741; x_wconf 85' lang='lat' dir='ltr'><strong>tropicum</strong></span> <span class='ocrx_word' id='word_1_289' title='bbox 801 2673 1048 2727; x_wconf 62' lang='lat' dir='ltr'><strong>arstivum</strong></span> <span class='ocrx_word' id='word_1_290' title='bbox 1078 2673 1312 2742; x_wconf 88' lang='lat' dir='ltr'><strong>partium</strong></span> <span class='ocrx_word' id='word_1_291' title='bbox 1341 2675 1444 2729; x_wconf 90' lang='lat' dir='ltr'><strong>erit</strong></span> <span class='ocrx_word' id='word_1_292' title='bbox 1471 2675 1750 2744; x_wconf 88' lang='lat' dir='ltr'><strong>quinque:</strong></span> <span class='ocrx_word' id='word_1_293' title='bbox 1779 2676 1848 2727; x_wconf 90' lang='lat' dir='ltr'><strong>ab</strong></span> <span class='ocrx_word' id='word_1_294' title='bbox 1878 2675 2068 2729; x_wconf 65' lang='lat' dir='ltr'><strong>aestivo</strong></span> 
     </span>
    </p>
   </div>
   <div class='ocr_carea' id='block_1_43' title="bbox 499 2762 2068 2834">
    <p class='ocr_par' dir='ltr' id='par_1_43' title="bbox 499 2762 2068 2834">
     <span class='ocr_line' id='line_1_43' title="bbox 499 2762 2068 2834; baseline 0.003 -20"><span class='ocrx_word' id='word_1_295' title='bbox 499 2763 710 2832; x_wconf 88' lang='lat' dir='ltr'><strong>tropico</strong></span> <span class='ocrx_word' id='word_1_296' title='bbox 763 2762 830 2815; x_wconf 90' lang='lat' dir='ltr'><strong>ad</strong></span> <span class='ocrx_word' id='word_1_297' title='bbox 882 2763 1316 2832; x_wconf 60' lang='lat' dir='ltr'><strong>atquinoctialem</strong></span> <span class='ocrx_word' id='word_1_298' title='bbox 1371 2765 1609 2834; x_wconf 89' lang='lat' dir='ltr'><strong>partium</strong></span> <span class='ocrx_word' id='word_1_299' title='bbox 1666 2773 1940 2834; x_wconf 89' lang='lat' dir='ltr'><strong>quatuor;</strong></span> <span class='ocrx_word' id='word_1_300' title='bbox 1999 2764 2068 2818; x_wconf 93' lang='lat' dir='ltr'><strong>ab</strong></span> 
     </span>
    </p>
   </div>
   <div class='ocr_carea' id='block_1_44' title="bbox 495 2855 2066 2928">
    <p class='ocr_par' dir='ltr' id='par_1_44' title="bbox 495 2855 2066 2928">
     <span class='ocr_line' id='line_1_44' title="bbox 495 2855 2066 2928; baseline 0.003 -21"><span class='ocrx_word' id='word_1_301' title='bbox 495 2855 859 2923; x_wconf 67' lang='lat' dir='ltr'><strong>aequinoctiali</strong></span> <span class='ocrx_word' id='word_1_302' title='bbox 895 2855 960 2909; x_wconf 91' lang='lat' dir='ltr'><strong>ad</strong></span> <span class='ocrx_word' id='word_1_303' title='bbox 1006 2857 1296 2912; x_wconf 89' lang='lat' dir='ltr'><strong>hibernum</strong></span> <span class='ocrx_word' id='word_1_304' title='bbox 1342 2859 1648 2928; x_wconf 89' lang='lat' dir='ltr'><strong>tropicum,</strong></span> <span class='ocrx_word' id='word_1_305' title='bbox 1700 2859 1887 2913; x_wconf 86' lang='lat' dir='ltr'><strong>itidem</strong></span> <span class='ocrx_word' id='word_1_306' title='bbox 1931 2873 2066 2928; x_wconf 87' lang='lat' dir='ltr'><strong>qua-</strong></span> 
     </span>
    </p>
   </div>
   <div class='ocr_carea' id='block_1_45' title="bbox 495 2946 2063 3019">
    <p class='ocr_par' dir='ltr' id='par_1_45' title="bbox 495 2946 2063 3019">
     <span class='ocr_line' id='line_1_45' title="bbox 495 2946 2063 3019; baseline 0.004 -22"><span class='ocrx_word' id='word_1_307' title='bbox 495 2953 659 3010; x_wconf 83' lang='lat' dir='ltr'><strong>tuor;</strong></span> <span class='ocrx_word' id='word_1_308' title='bbox 691 2946 758 3000; x_wconf 90' lang='lat' dir='ltr'><strong>ab</strong></span> <span class='ocrx_word' id='word_1_309' title='bbox 790 2946 1015 3001; x_wconf 90' lang='lat' dir='ltr'><strong>hiberno</strong></span> <span class='ocrx_word' id='word_1_310' title='bbox 1050 2948 1262 3018; x_wconf 89' lang='lat' dir='ltr'><strong>tropico</strong></span> <span class='ocrx_word' id='word_1_311' title='bbox 1306 2949 1374 3002; x_wconf 91' lang='lat' dir='ltr'><strong>ad</strong></span> <span class='ocrx_word' id='word_1_312' title='bbox 1412 2950 1751 3004; x_wconf 85' lang='lat' dir='ltr'><strong>horizontem</strong></span> <span class='ocrx_word' id='word_1_313' title='bbox 1779 2991 1793 3014; x_wconf 95' lang='lat'><strong>,</strong></span> <span class='ocrx_word' id='word_1_314' title='bbox 1829 2951 2063 3019; x_wconf 76' lang='lat' dir='ltr'><strong>partium</strong></span> 
     </span>
    </p>
   </div>
   <div class='ocr_carea' id='block_1_46' title="bbox 495 3037 2064 3110">
    <p class='ocr_par' dir='ltr' id='par_1_46' title="bbox 495 3037 2064 3110">
     <span class='ocr_line' id='line_1_46' title="bbox 495 3037 2064 3110; baseline 0.003 -21"><span class='ocrx_word' id='word_1_315' title='bbox 495 3037 776 3107; x_wconf 90' lang='lat' dir='ltr'><strong>quinque;</strong></span> <span class='ocrx_word' id='word_1_316' title='bbox 828 3039 896 3094; x_wconf 90' lang='lat' dir='ltr'><strong>ab</strong></span> <span class='ocrx_word' id='word_1_317' title='bbox 944 3040 1228 3094; x_wconf 84' lang='lat' dir='ltr'><strong>horizonte</strong></span> <span class='ocrx_word' id='word_1_318' title='bbox 1283 3039 1350 3094; x_wconf 89' lang='lat' dir='ltr'><strong>ad</strong></span> <span class='ocrx_word' id='word_1_319' title='bbox 1403 3041 1586 3110; x_wconf 90' lang='lat' dir='ltr'><strong>polum</strong></span> <span class='ocrx_word' id='word_1_320' title='bbox 1635 3043 1963 3107; x_wconf 86' lang='lat' dir='ltr'><strong>australem,</strong></span> <span class='ocrx_word' id='word_1_321' title='bbox 2011 3050 2064 3096; x_wconf 86' lang='lat' dir='ltr'><strong>et</strong></span> 
     </span>
    </p>
   </div>
   <div class='ocr_carea' id='block_1_47' title="bbox 496 3131 2064 3200">
    <p class='ocr_par' dir='ltr' id='par_1_47' title="bbox 496 3131 2064 3200">
     <span class='ocr_line' id='line_1_47' title="bbox 496 3131 2064 3200; baseline 0.002 -16"><span class='ocrx_word' id='word_1_322' title='bbox 496 3145 711 3198; x_wconf 88' lang='lat' dir='ltr'><strong>semper</strong></span> <span class='ocrx_word' id='word_1_323' title='bbox 741 3131 1046 3196; x_wconf 88' lang='lat' dir='ltr'><strong>occultum,</strong></span> <span class='ocrx_word' id='word_1_324' title='bbox 1078 3139 1260 3200; x_wconf 86' lang='lat' dir='ltr'><strong>partes</strong></span> <span class='ocrx_word' id='word_1_325' title='bbox 1287 3141 1448 3188; x_wconf 85' lang='lat' dir='ltr'><strong>erunt</strong></span> <span class='ocrx_word' id='word_1_326' title='bbox 1480 3149 1573 3188; x_wconf 78' lang='lat' dir='ltr'><strong>sex</strong></span> <span class='ocrx_word' id='word_1_327' title='bbox 1599 3151 1614 3200; x_wconf 94' lang='lat'><strong>;</strong></span> <span class='ocrx_word' id='word_1_328' title='bbox 1654 3134 1724 3188; x_wconf 89' lang='lat' dir='ltr'><strong>ab</strong></span> <span class='ocrx_word' id='word_1_329' title='bbox 1751 3133 1938 3189; x_wconf 85' lang='lat' dir='ltr'><strong>eodem</strong></span> <span class='ocrx_word' id='word_1_330' title='bbox 1969 3150 2064 3188; x_wconf 87' lang='lat' dir='ltr'><strong>au-</strong></span> 
     </span>
    </p>
   </div>
   <div class='ocr_carea' id='block_1_48' title="bbox 494 3223 2130 3322">
    <p class='ocr_par' dir='ltr' id='par_1_48' title="bbox 494 3223 2130 3322">
     <span class='ocr_line' id='line_1_48' title="bbox 494 3223 2130 3322; baseline 0.001 -44"><span class='ocrx_word' id='word_1_331' title='bbox 494 3223 650 3278; x_wconf 82' lang='lat' dir='ltr'><strong>strali</strong></span> <span class='ocrx_word' id='word_1_332' title='bbox 695 3226 821 3294; x_wconf 90' lang='lat' dir='ltr'><strong>polo</strong></span> <span class='ocrx_word' id='word_1_333' title='bbox 862 3223 930 3278; x_wconf 87' lang='lat' dir='ltr'><strong>ad</strong></span> <span class='ocrx_word' id='word_1_334' title='bbox 971 3224 1284 3280; x_wconf 86' lang='lat' dir='ltr'><strong>inferiorem</strong></span> <span class='ocrx_word' id='word_1_335' title='bbox 1322 3227 1583 3281; x_wconf 87' lang='lat' dir='ltr'><strong>ambitum</strong></span> <span class='ocrx_word' id='word_1_336' title='bbox 1627 3228 1819 3281; x_wconf 91' lang='lat' dir='ltr'><strong>circuli</strong></span> <span class='ocrx_word' id='word_1_337' title='bbox 1869 3235 2061 3281; x_wconf 81' lang='lat' dir='ltr'><strong>antar-</strong></span> <span class='ocrx_word' id='word_1_338' title='bbox 2087 3266 2130 3322; x_wconf 64' lang='grc' dir='ltr'>ο</span> 
     </span>
    </p>
   </div>
   <div class='ocr_carea' id='block_1_49' title="bbox 491 3312 2056 3384">
    <p class='ocr_par' dir='ltr' id='par_1_49' title="bbox 491 3312 2056 3384">
     <span class='ocr_line' id='line_1_49' title="bbox 491 3312 2056 3384; baseline 0.004 -16"><span class='ocrx_word' id='word_1_339' title='bbox 491 3312 655 3376; x_wconf 87' lang='lat' dir='ltr'><strong>ctici,</strong></span> <span class='ocrx_word' id='word_1_340' title='bbox 684 3329 776 3370; x_wconf 82' lang='lat' dir='ltr'><strong>sex</strong></span> <span class='ocrx_word' id='word_1_341' title='bbox 811 3323 1036 3384; x_wconf 89' lang='lat' dir='ltr'><strong>partes;</strong></span> <span class='ocrx_word' id='word_1_342' title='bbox 1086 3318 1153 3371; x_wconf 90' lang='lat' dir='ltr'><strong>ab</strong></span> <span class='ocrx_word' id='word_1_343' title='bbox 1183 3319 1484 3374; x_wconf 72' lang='lat' dir='ltr'><strong>antat&#39;ctico</strong></span> <span class='ocrx_word' id='word_1_344' title='bbox 1529 3320 1734 3374; x_wconf 88' lang='lat' dir='ltr'><strong>circulo</strong></span> <span class='ocrx_word' id='word_1_345' title='bbox 1783 3321 1835 3373; x_wconf 92' lang='lat' dir='ltr'><strong>in</strong></span> <span class='ocrx_word' id='word_1_346' title='bbox 1879 3321 2056 3376; x_wconf 90' lang='lat' dir='ltr'><strong>hemi-</strong></span> 
     </span>
    </p>
   </div>
   <div class='ocr_carea' id='block_1_50' title="bbox 492 3405 2059 3483">
    <p class='ocr_par' dir='ltr' id='par_1_50' title="bbox 492 3405 2059 3483">
     <span class='ocr_line' id='line_1_50' title="bbox 492 3405 2059 3483; baseline 0.007 -25"><span class='ocrx_word' id='word_1_347' title='bbox 492 3405 726 3474; x_wconf 66' lang='lat' dir='ltr'><strong>sphaerio</strong></span> <span class='ocrx_word' id='word_1_348' title='bbox 755 3406 1011 3465; x_wconf 89' lang='lat' dir='ltr'><strong>inferiore</strong></span> <span class='ocrx_word' id='word_1_349' title='bbox 1038 3408 1104 3462; x_wconf 92' lang='lat' dir='ltr'><strong>ad</strong></span> <span class='ocrx_word' id='word_1_350' title='bbox 1131 3410 1495 3478; x_wconf 89' lang='lat' dir='ltr'><strong>horizontem,</strong></span> <span class='ocrx_word' id='word_1_351' title='bbox 1525 3420 1580 3467; x_wconf 92' lang='lat' dir='ltr'><strong>et</strong></span> <span class='ocrx_word' id='word_1_352' title='bbox 1603 3421 1909 3466; x_wconf 88' lang='lat' dir='ltr'><strong>contactum</strong></span> <span class='ocrx_word' id='word_1_353' title='bbox 1939 3413 2059 3483; x_wconf 74' lang='lat' dir='ltr'><strong>ejus</strong></span> 
     </span>
    </p>
   </div>
   <div class='ocr_carea' id='block_1_51' title="bbox 493 3499 2060 3583">
    <p class='ocr_par' dir='ltr' id='par_1_51' title="bbox 493 3499 2060 3583">
     <span class='ocr_line' id='line_1_51' title="bbox 493 3499 2060 3583; baseline 0.007 -34"><span class='ocrx_word' id='word_1_354' title='bbox 493 3504 656 3566; x_wconf 88' lang='lat' dir='ltr'><strong>atque</strong></span> <span class='ocrx_word' id='word_1_355' title='bbox 690 3499 883 3553; x_wconf 89' lang='lat' dir='ltr'><strong>arctici</strong></span> <span class='ocrx_word' id='word_1_356' title='bbox 918 3501 1147 3567; x_wconf 86' lang='lat' dir='ltr'><strong>circuli,</strong></span> <span class='ocrx_word' id='word_1_357' title='bbox 1189 3504 1374 3559; x_wconf 91' lang='lat' dir='ltr'><strong>eadem</strong></span> <span class='ocrx_word' id='word_1_358' title='bbox 1408 3520 1515 3575; x_wconf 89' lang='lat' dir='ltr'><strong>qua</strong></span> <span class='ocrx_word' id='word_1_359' title='bbox 1548 3505 1600 3558; x_wconf 91' lang='lat' dir='ltr'><strong>in</strong></span> <span class='ocrx_word' id='word_1_360' title='bbox 1632 3506 1899 3583; x_wconf 85' lang='lat' dir='ltr'><strong>superiori</strong></span> <span class='ocrx_word' id='word_1_361' title='bbox 1931 3521 2060 3576; x_wconf 91' lang='lat' dir='ltr'><strong>pro-</strong></span> 
     </span>
    </p>
   </div>
   <div class='ocr_carea' id='block_1_52' title="bbox 493 3589 2056 3665">
    <p class='ocr_par' dir='ltr' id='par_1_52' title="bbox 493 3589 2056 3665">
     <span class='ocr_line' id='line_1_52' title="bbox 493 3589 2056 3665; baseline 0.005 -23"><span class='ocrx_word' id='word_1_362' title='bbox 493 3589 774 3658; x_wconf 87' lang='lat' dir='ltr'><strong>portione,</strong></span> <span class='ocrx_word' id='word_1_363' title='bbox 807 3591 1029 3661; x_wconf 82' lang='lat' dir='ltr'><strong>reliquae</strong></span> <span class='ocrx_word' id='word_1_364' title='bbox 1062 3604 1188 3651; x_wconf 91' lang='lat' dir='ltr'><strong>sunt</strong></span> <span class='ocrx_word' id='word_1_365' title='bbox 1222 3604 1403 3665; x_wconf 87' lang='lat' dir='ltr'><strong>partes</strong></span> <span class='ocrx_word' id='word_1_366' title='bbox 1433 3595 1760 3651; x_wconf 89' lang='lat' dir='ltr'><strong>octodecim.</strong></span> <span class='ocrx_word' id='word_1_367' title='bbox 1801 3595 2056 3652; x_wconf 85' lang='lat' dir='ltr'><strong>Nonnulli</strong></span> 
     </span>
    </p>
   </div>
   <div class='ocr_carea' id='block_1_53' title="bbox 494 3681 2054 3758">
    <p class='ocr_par' dir='ltr' id='par_1_53' title="bbox 494 3681 2054 3758">
     <span class='ocr_line' id='line_1_53' title="bbox 494 3681 2054 3758; baseline 0.006 -23"><span class='ocrx_word' id='word_1_368' title='bbox 494 3681 759 3750; x_wconf 67' lang='lat' dir='ltr'><strong>sphaeram</strong></span> <span class='ocrx_word' id='word_1_369' title='bbox 792 3697 887 3752; x_wconf 91' lang='lat' dir='ltr'><strong>per</strong></span> <span class='ocrx_word' id='word_1_370' title='bbox 921 3685 1078 3755; x_wconf 90' lang='lat' dir='ltr'><strong>polos</strong></span> <span class='ocrx_word' id='word_1_371' title='bbox 1107 3685 1417 3742; x_wconf 84' lang='lat' dir='ltr'><strong>dividentes</strong></span> <span class='ocrx_word' id='word_1_372' title='bbox 1438 3727 1453 3748; x_wconf 88' lang='lat'><strong>,</strong></span> <span class='ocrx_word' id='word_1_373' title='bbox 1501 3688 1645 3742; x_wconf 90' lang='lat' dir='ltr'><strong>velut</strong></span> <span class='ocrx_word' id='word_1_374' title='bbox 1679 3704 1776 3758; x_wconf 86' lang='lat' dir='ltr'><strong>per</strong></span> <span class='ocrx_word' id='word_1_375' title='bbox 1804 3691 2054 3757; x_wconf 90' lang='lat' dir='ltr'><strong>coluros,</strong></span> 
     </span>
    </p>
   </div>
   <div class='ocr_carea' id='block_1_54' title="bbox 488 3771 2052 3850">
    <p class='ocr_par' dir='ltr' id='par_1_54' title="bbox 488 3771 2052 3850">
     <span class='ocr_line' id='line_1_54' title="bbox 488 3771 2052 3850; baseline 0.008 -26"><span class='ocrx_word' id='word_1_376' title='bbox 488 3771 772 3826; x_wconf 84' lang='lat' dir='ltr'><strong>intervalla</strong></span> <span class='ocrx_word' id='word_1_377' title='bbox 808 3776 1194 3844; x_wconf 85' lang='lat' dir='ltr'><strong>parallelorum</strong></span> <span class='ocrx_word' id='word_1_378' title='bbox 1226 3778 1280 3832; x_wconf 92' lang='lat' dir='ltr'><strong>in</strong></span> <span class='ocrx_word' id='word_1_379' title='bbox 1311 3780 1478 3833; x_wconf 80' lang='lat' dir='ltr'><strong>latum</strong></span> <span class='ocrx_word' id='word_1_380' title='bbox 1514 3796 1623 3834; x_wconf 90' lang='lat' dir='ltr'><strong>non</strong></span> <span class='ocrx_word' id='word_1_381' title='bbox 1668 3782 1723 3834; x_wconf 89' lang='lat' dir='ltr'><strong>in</strong></span> <span class='ocrx_word' id='word_1_382' title='bbox 1753 3790 1934 3850; x_wconf 86' lang='lat' dir='ltr'><strong>partes</strong></span> <span class='ocrx_word' id='word_1_383' title='bbox 1963 3782 2052 3848; x_wconf 82' lang='grc'>60,</span> 
     </span>
    </p>
   </div>
   <div class='ocr_carea' id='block_1_55' title="bbox 490 3862 2056 3940">
    <p class='ocr_par' dir='ltr' id='par_1_55' title="bbox 490 3862 2056 3940">
     <span class='ocr_line' id='line_1_55' title="bbox 490 3862 2056 3940; baseline 0.008 -25"><span class='ocrx_word' id='word_1_384' title='bbox 490 3862 584 3916; x_wconf 91' lang='lat' dir='ltr'><strong>scd</strong></span> <span class='ocrx_word' id='word_1_385' title='bbox 617 3863 673 3917; x_wconf 91' lang='lat' dir='ltr'><strong>in</strong></span> <span class='ocrx_word' id='word_1_386' title='bbox 705 3863 809 3918; x_wconf 79' lang='lat'><strong>360</strong></span> <span class='ocrx_word' id='word_1_387' title='bbox 840 3865 1174 3923; x_wconf 89' lang='lat' dir='ltr'><strong>distribuunt</strong></span> <span class='ocrx_word' id='word_1_388' title='bbox 1204 3886 1218 3933; x_wconf 91' lang='lat'><strong>;</strong></span> <span class='ocrx_word' id='word_1_389' title='bbox 1250 3871 1689 3940; x_wconf 88' lang='lat' dir='ltr'><strong>quandoquidem</strong></span> <span class='ocrx_word' id='word_1_390' title='bbox 1737 3889 1915 3928; x_wconf 90' lang='lat' dir='ltr'><strong>annus</strong></span> <span class='ocrx_word' id='word_1_391' title='bbox 1952 3874 2056 3927; x_wconf 79' lang='grc' dir='ltr'><strong>5ϋὸ</strong></span> 
     </span>
    </p>
   </div>
   <div class='ocr_carea' id='block_1_56' title="bbox 488 3953 2056 4034">
    <p class='ocr_par' dir='ltr' id='par_1_56' title="bbox 488 3953 2056 4034">
     <span class='ocr_line' id='line_1_56' title="bbox 488 3953 2056 4034; baseline 0.01 -27"><span class='ocrx_word' id='word_1_392' title='bbox 488 3953 683 4010; x_wconf 89' lang='lat' dir='ltr'><strong>diebus</strong></span> <span class='ocrx_word' id='word_1_393' title='bbox 732 3966 964 4013; x_wconf 88' lang='lat' dir='ltr'><strong>constat.</strong></span> <span class='ocrx_word' id='word_1_394' title='bbox 1013 3959 1180 4015; x_wconf 88' lang='lat' dir='ltr'><strong>Aiunt</strong></span> <span class='ocrx_word' id='word_1_395' title='bbox 1230 3978 1360 4032; x_wconf 84' lang='lat' dir='ltr'><strong>ergo</strong></span> <span class='ocrx_word' id='word_1_396' title='bbox 1408 3963 1690 4018; x_wconf 88' lang='lat' dir='ltr'><strong>dimidium</strong></span> <span class='ocrx_word' id='word_1_397' title='bbox 1739 3965 1892 4034; x_wconf 90' lang='lat' dir='ltr'><strong>ejus,</strong></span> <span class='ocrx_word' id='word_1_398' title='bbox 1943 3968 2056 4022; x_wconf 87' lang='lat' dir='ltr'><strong>sive</strong></span> 
     </span>
    </p>
   </div>
   <div class='ocr_carea' id='block_1_57' title="bbox 490 4048 2054 4124">
    <p class='ocr_par' dir='ltr' id='par_1_57' title="bbox 490 4048 2054 4124">
     <span class='ocr_line' id='line_1_57' title="bbox 490 4048 2054 4124; baseline 0.006 -23"><span class='ocrx_word' id='word_1_399' title='bbox 490 4048 742 4116; x_wconf 86' lang='lat' dir='ltr'><strong>superius</strong></span> <span class='ocrx_word' id='word_1_400' title='bbox 771 4050 1206 4120; x_wconf 65' lang='lat' dir='ltr'><strong>hemisphaerium</strong></span> <span class='ocrx_word' id='word_1_401' title='bbox 1226 4091 1243 4117; x_wconf 90' lang='lat'><strong>,</strong></span> <span class='ocrx_word' id='word_1_402' title='bbox 1278 4061 1462 4124; x_wconf 88' lang='lat' dir='ltr'><strong>partes</strong></span> <span class='ocrx_word' id='word_1_403' title='bbox 1493 4055 1738 4110; x_wconf 90' lang='lat' dir='ltr'><strong>obtinere</strong></span> <span class='ocrx_word' id='word_1_404' title='bbox 1770 4057 1872 4110; x_wconf 82' lang='grc'><strong>180</strong></span> <span class='ocrx_word' id='word_1_405' title='bbox 1900 4073 1914 4121; x_wconf 91' lang='lat'><strong>;</strong></span> <span class='ocrx_word' id='word_1_406' title='bbox 1949 4065 2054 4111; x_wconf 91' lang='lat' dir='ltr'><strong>tot-</strong></span> 
     </span>
    </p>
   </div>
   <div class='ocr_carea' id='block_1_58' title="bbox 488 4138 2052 4214">
    <p class='ocr_par' dir='ltr' id='par_1_58' title="bbox 488 4138 2052 4214">
     <span class='ocr_line' id='line_1_58' title="bbox 488 4138 2052 4214; baseline 0.007 -22"><span class='ocrx_word' id='word_1_407' title='bbox 488 4138 631 4193; x_wconf 90' lang='lat' dir='ltr'><strong>idem</strong></span> <span class='ocrx_word' id='word_1_408' title='bbox 671 4140 916 4198; x_wconf 85' lang='lat' dir='ltr'><strong>inferius.</strong></span> <span class='ocrx_word' id='word_1_409' title='bbox 955 4143 1029 4210; x_wconf 71' lang='lat' dir='ltr'><strong>Ex</strong></span> <span class='ocrx_word' id='word_1_410' title='bbox 1071 4145 1272 4214; x_wconf 91' lang='lat' dir='ltr'><strong>quibus</strong></span> <span class='ocrx_word' id='word_1_411' title='bbox 1303 4147 1370 4199; x_wconf 92' lang='lat' dir='ltr'><strong>ab</strong></span> <span class='ocrx_word' id='word_1_412' title='bbox 1401 4147 1684 4203; x_wconf 86' lang='lat' dir='ltr'><strong>horizonte</strong></span> <span class='ocrx_word' id='word_1_413' title='bbox 1727 4149 1795 4202; x_wconf 89' lang='lat' dir='ltr'><strong>ad</strong></span> <span class='ocrx_word' id='word_1_414' title='bbox 1827 4150 2052 4204; x_wconf 84' lang='lat' dir='ltr'><strong>boream</strong></span> 
     </span>
    </p>
   </div>
   <div class='ocr_carea' id='block_1_59' title="bbox 488 4228 2053 4309">
    <p class='ocr_par' dir='ltr' id='par_1_59' title="bbox 488 4228 2053 4309">
     <span class='ocr_line' id='line_1_59' title="bbox 488 4228 2053 4309; baseline 0.011 -30"><span class='ocrx_word' id='word_1_415' title='bbox 488 4228 671 4295; x_wconf 73' lang='lat' dir='ltr'><strong>polum</strong></span> <span class='ocrx_word' id='word_1_416' title='bbox 692 4268 708 4291; x_wconf 89' lang='lat'><strong>,</strong></span> <span class='ocrx_word' id='word_1_417' title='bbox 742 4236 795 4283; x_wconf 92' lang='lat' dir='ltr'><strong>et</strong></span> <span class='ocrx_word' id='word_1_418' title='bbox 825 4231 1070 4286; x_wconf 86' lang='lat' dir='ltr'><strong>altiorem</strong></span> <span class='ocrx_word' id='word_1_419' title='bbox 1105 4234 1366 4288; x_wconf 86' lang='lat' dir='ltr'><strong>ambitum</strong></span> <span class='ocrx_word' id='word_1_420' title='bbox 1395 4236 1584 4290; x_wconf 89' lang='lat' dir='ltr'><strong>circuli</strong></span> <span class='ocrx_word' id='word_1_421' title='bbox 1614 4239 1802 4293; x_wconf 84' lang='lat' dir='ltr'><strong>arctici</strong></span> <span class='ocrx_word' id='word_1_422' title='bbox 1823 4278 1839 4304; x_wconf 91' lang='lat'><strong>,</strong></span> <span class='ocrx_word' id='word_1_423' title='bbox 1871 4250 2053 4309; x_wconf 87' lang='lat' dir='ltr'><strong>partes</strong></span> 
     </span>
    </p>
   </div>
   <div class='ocr_carea' id='block_1_60' title="bbox 486 4318 2052 4400">
    <p class='ocr_par' dir='ltr' id='par_1_60' title="bbox 486 4318 2052 4400">
     <span class='ocr_line' id='line_1_60' title="bbox 486 4318 2052 4400; baseline 0.01 -30"><span class='ocrx_word' id='word_1_424' title='bbox 486 4327 611 4371; x_wconf 83' lang='lat' dir='ltr'><strong>sunt</strong></span> <span class='ocrx_word' id='word_1_425' title='bbox 637 4318 742 4384; x_wconf 80' lang='lat'><strong>&#39;58;</strong></span> <span class='ocrx_word' id='word_1_426' title='bbox 774 4335 804 4374; x_wconf 91' lang='lat' dir='ltr'><strong>a</strong></span> <span class='ocrx_word' id='word_1_427' title='bbox 834 4319 998 4377; x_wconf 86' lang='lat' dir='ltr'><strong>boreo</strong></span> <span class='ocrx_word' id='word_1_428' title='bbox 1030 4325 1153 4393; x_wconf 81' lang='lat' dir='ltr'><strong>polo</strong></span> <span class='ocrx_word' id='word_1_429' title='bbox 1181 4323 1248 4378; x_wconf 90' lang='lat' dir='ltr'><strong>ad</strong></span> <span class='ocrx_word' id='word_1_430' title='bbox 1273 4327 1533 4381; x_wconf 90' lang='lat' dir='ltr'><strong>arcticum</strong></span> <span class='ocrx_word' id='word_1_431' title='bbox 1562 4329 1830 4384; x_wconf 90' lang='lat' dir='ltr'><strong>circulum</strong></span> <span class='ocrx_word' id='word_1_432' title='bbox 1863 4338 2052 4400; x_wconf 89' lang='lat' dir='ltr'><strong>partes</strong></span> 
     </span>
    </p>
   </div>
   <div class='ocr_carea' id='block_1_61' title="bbox 488 4410 2054 4491">
    <p class='ocr_par' dir='ltr' id='par_1_61' title="bbox 488 4410 2054 4491">
     <span class='ocr_line' id='line_1_61' title="bbox 488 4410 2054 4491; baseline 0.01 -28"><span class='ocrx_word' id='word_1_433' title='bbox 488 4410 606 4465; x_wconf 67' lang='lat' dir='ltr'><strong>alim</strong></span> <span class='ocrx_word' id='word_1_434' title='bbox 632 4411 742 4477; x_wconf 79' lang='lat'><strong>38;</strong></span> <span class='ocrx_word' id='word_1_435' title='bbox 791 4413 858 4467; x_wconf 88' lang='lat' dir='ltr'><strong>ab</strong></span> <span class='ocrx_word' id='word_1_436' title='bbox 904 4415 1111 4468; x_wconf 90' lang='lat' dir='ltr'><strong>arctico</strong></span> <span class='ocrx_word' id='word_1_437' title='bbox 1141 4415 1209 4469; x_wconf 89' lang='lat' dir='ltr'><strong>ad</strong></span> <span class='ocrx_word' id='word_1_438' title='bbox 1256 4418 1503 4472; x_wconf 67' lang='lat' dir='ltr'><strong>aestivum</strong></span> <span class='ocrx_word' id='word_1_439' title='bbox 1538 4421 1833 4489; x_wconf 83' lang='lat' dir='ltr'><strong>tropicum,</strong></span> <span class='ocrx_word' id='word_1_440' title='bbox 1870 4431 2054 4491; x_wconf 87' lang='lat' dir='ltr'><strong>partes</strong></span> 
     </span>
    </p>
   </div>
   <div class='ocr_carea' id='block_1_62' title="bbox 485 4503 2046 4582">
    <p class='ocr_par' dir='ltr' id='par_1_62' title="bbox 485 4503 2046 4582">
     <span class='ocr_line' id='line_1_62' title="bbox 485 4503 2046 4582; baseline 0.008 -27"><span class='ocrx_word' id='word_1_441' title='bbox 485 4503 592 4569; x_wconf 68' lang='grc' dir='ltr'><strong>εις</strong></span> <span class='ocrx_word' id='word_1_442' title='bbox 623 4518 652 4556; x_wconf 90' lang='lat' dir='ltr'><strong>a</strong></span> <span class='ocrx_word' id='word_1_443' title='bbox 681 4507 892 4574; x_wconf 88' lang='lat' dir='ltr'><strong>tr0pico</strong></span> <span class='ocrx_word' id='word_1_444' title='bbox 919 4507 1107 4561; x_wconf 64' lang='lat' dir='ltr'><strong>aestivo</strong></span> <span class='ocrx_word' id='word_1_445' title='bbox 1138 4508 1206 4562; x_wconf 84' lang='lat' dir='ltr'><strong>ad</strong></span> <span class='ocrx_word' id='word_1_446' title='bbox 1235 4509 1665 4579; x_wconf 64' lang='lat' dir='ltr'><strong>aequinoctialem</strong></span> <span class='ocrx_word' id='word_1_447' title='bbox 1686 4553 1700 4577; x_wconf 95' lang='lat'><strong>,</strong></span> <span class='ocrx_word' id='word_1_448' title='bbox 1729 4521 1914 4582; x_wconf 83' lang='lat' dir='ltr'><strong>partes</strong></span> <span class='ocrx_word' id='word_1_449' title='bbox 1936 4514 2006 4567; x_wconf 71' lang='grc'><strong>24</strong></span> <span class='ocrx_word' id='word_1_450' title='bbox 2032 4531 2046 4579; x_wconf 91' lang='grc'><strong>;</strong></span> 
     </span>
    </p>
   </div>
   <div class='ocr_carea' id='block_1_63' title="bbox 2171 2024 3725 2100">
    <p class='ocr_par' dir='ltr' id='par_1_63' title="bbox 2171 2024 3725 2100">
     <span class='ocr_line' id='line_1_63' title="bbox 2171 2024 3725 2100; baseline -0.005 -17"><span class='ocrx_word' id='word_1_451' title='bbox 2171 2029 2275 2083; x_wconf 78' lang='grc' dir='ltr'><strong>ἀνὰ</strong></span> <span class='ocrx_word' id='word_1_452' title='bbox 2296 2029 2338 2081; x_wconf 85' lang='grc' dir='ltr'><strong>λ’</strong></span> <span class='ocrx_word' id='word_1_453' title='bbox 2369 2027 2570 2100; x_wconf 84' lang='grc' dir='ltr'>μοιρῶν</span> <span class='ocrx_word' id='word_1_454' title='bbox 2594 2027 2725 2093; x_wconf 75' lang='grc' dir='ltr'>ἕξει.</span> <span class='ocrx_word' id='word_1_455' title='bbox 2770 2028 2901 2081; x_wconf 82' lang='grc' dir='ltr'>Ἀπὸ</span> <span class='ocrx_word' id='word_1_456' title='bbox 2921 2027 3099 2080; x_wconf 75' lang='grc' dir='ltr'>τοίνυν</span> <span class='ocrx_word' id='word_1_457' title='bbox 3123 2025 3217 2080; x_wconf 86' lang='grc' dir='ltr'><strong>τοῦ</strong></span> <span class='ocrx_word' id='word_1_458' title='bbox 3242 2025 3525 2097; x_wconf 81' lang='grc' dir='ltr'>ὁρίζοντος</span> <span class='ocrx_word' id='word_1_459' title='bbox 3545 2025 3629 2078; x_wconf 73' lang='grc' dir='ltr'><strong>ἐπὶ</strong></span> <span class='ocrx_word' id='word_1_460' title='bbox 3651 2024 3725 2076; x_wconf 80' lang='grc' dir='ltr'><strong>τὸν</strong></span> 
     </span>
    </p>
   </div>
   <div class='ocr_carea' id='block_1_64' title="bbox 2173 2115 3723 2194">
    <p class='ocr_par' dir='ltr' id='par_1_64' title="bbox 2173 2115 3723 2194">
     <span class='ocr_line' id='line_1_64' title="bbox 2173 2115 3723 2194; baseline -0.005 -19"><span class='ocrx_word' id='word_1_461' title='bbox 2173 2121 2378 2194; x_wconf 89' lang='grc' dir='ltr'>βόρειον</span> <span class='ocrx_word' id='word_1_462' title='bbox 2400 2121 2560 2174; x_wconf 85' lang='grc' dir='ltr'>πόλον</span> <span class='ocrx_word' id='word_1_463' title='bbox 2579 2121 2638 2186; x_wconf 78' lang='grc' dir='ltr'>ἒξ</span> <span class='ocrx_word' id='word_1_464' title='bbox 2657 2121 2860 2192; x_wconf 84' lang='grc' dir='ltr'>μοιρῶν</span> <span class='ocrx_word' id='word_1_465' title='bbox 2881 2121 3032 2176; x_wconf 79' lang='grc' dir='ltr'>ἔσται</span> <span class='ocrx_word' id='word_1_466' title='bbox 3057 2121 3338 2191; x_wconf 84' lang='grc' dir='ltr'>διάστημα</span> <span class='ocrx_word' id='word_1_467' title='bbox 3367 2119 3478 2172; x_wconf 84' lang='grc' dir='ltr'><strong>τῶν</strong></span> <span class='ocrx_word' id='word_1_468' title='bbox 3495 2118 3624 2188; x_wconf 81' lang='grc' dir='ltr'>ὑπὲρ</span> <span class='ocrx_word' id='word_1_469' title='bbox 3639 2115 3723 2186; x_wconf 80' lang='grc' dir='ltr'><strong>γῆν</strong></span> 
     </span>
    </p>
   </div>
   <div class='ocr_carea' id='block_1_65' title="bbox 2169 2209 3720 2286">
    <p class='ocr_par' dir='ltr' id='par_1_65' title="bbox 2169 2209 3720 2286">
     <span class='ocr_line' id='line_1_65' title="bbox 2169 2209 3720 2286; baseline -0.005 -18"><span class='ocrx_word' id='word_1_470' title='bbox 2169 2215 2262 2268; x_wconf 90' lang='grc' dir='ltr'><strong>τοῦ</strong></span> <span class='ocrx_word' id='word_1_471' title='bbox 2283 2216 2638 2286; x_wconf 77' lang='grc' dir='ltr'>ἡμισφαιρίου</span> <span class='ocrx_word' id='word_1_472' title='bbox 2667 2216 2709 2268; x_wconf 86' lang='grc' dir='ltr'>λ’</span> <span class='ocrx_word' id='word_1_473' title='bbox 2736 2214 2937 2286; x_wconf 86' lang='grc' dir='ltr'>μοιρῶν</span> <span class='ocrx_word' id='word_1_474' title='bbox 2957 2231 2969 2245; x_wconf 88' lang='grc'><strong>·</strong></span> <span class='ocrx_word' id='word_1_475' title='bbox 2990 2213 3240 2267; x_wconf 89' lang='grc' dir='ltr'>τοσοῦτον</span> <span class='ocrx_word' id='word_1_476' title='bbox 3265 2211 3382 2284; x_wconf 81' lang='grc' dir='ltr'>γάρ</span> <span class='ocrx_word' id='word_1_477' title='bbox 3410 2210 3617 2266; x_wconf 80' lang='grc' dir='ltr'>ἀπὸτοῦ</span> <span class='ocrx_word' id='word_1_478' title='bbox 3635 2209 3720 2279; x_wconf 86' lang='grc' dir='ltr'>ὁρί-</span> 
     </span>
    </p>
   </div>
   <div class='ocr_carea' id='block_1_66' title="bbox 2170 2303 3718 2379">
    <p class='ocr_par' dir='ltr' id='par_1_66' title="bbox 2170 2303 3718 2379">
     <span class='ocr_line' id='line_1_66' title="bbox 2170 2303 3718 2379; baseline -0.005 -18"><span class='ocrx_word' id='word_1_479' title='bbox 2170 2307 2352 2372; x_wconf 82' lang='grc' dir='ltr'>ζοντος</span> <span class='ocrx_word' id='word_1_480' title='bbox 2382 2309 2475 2360; x_wconf 73' lang='grc' dir='ltr'><strong>ἐπὶ</strong></span> <span class='ocrx_word' id='word_1_481' title='bbox 2505 2308 2594 2361; x_wconf 89' lang='grc' dir='ltr'><strong>τὸν</strong></span> <span class='ocrx_word' id='word_1_482' title='bbox 2625 2307 2832 2379; x_wconf 85' lang='grc' dir='ltr'>βόρειον</span> <span class='ocrx_word' id='word_1_483' title='bbox 2880 2306 3040 2361; x_wconf 88' lang='grc' dir='ltr'>πόλον</span> <span class='ocrx_word' id='word_1_484' title='bbox 3080 2307 3197 2360; x_wconf 57' lang='grc' dir='ltr'><strong>ἐστὶ⁹</strong></span> <span class='ocrx_word' id='word_1_485' title='bbox 3234 2305 3298 2358; x_wconf 88' lang='grc' dir='ltr'><strong>τὸ</strong></span> <span class='ocrx_word' id='word_1_486' title='bbox 3341 2305 3574 2376; x_wconf 78' lang='grc' dir='ltr'>ἐξαρμα.</span> <span class='ocrx_word' id='word_1_487' title='bbox 3612 2303 3718 2355; x_wconf 79' lang='grc' dir='ltr'>Ἀπὸ</span> 
     </span>
    </p>
   </div>
   <div class='ocr_carea' id='block_1_67' title="bbox 2173 2395 3714 2472">
    <p class='ocr_par' dir='ltr' id='par_1_67' title="bbox 2173 2395 3714 2472">
     <span class='ocr_line' id='line_1_67' title="bbox 2173 2395 3714 2472; baseline -0.005 -19"><span class='ocrx_word' id='word_1_488' title='bbox 2173 2401 2269 2471; x_wconf 85' lang='grc' dir='ltr'>μὲν</span> <span class='ocrx_word' id='word_1_489' title='bbox 2300 2401 2408 2472; x_wconf 79' lang='grc' dir='ltr'><strong>γὰρ</strong></span> <span class='ocrx_word' id='word_1_490' title='bbox 2437 2401 2531 2454; x_wconf 90' lang='grc' dir='ltr'><strong>τοῦ</strong></span> <span class='ocrx_word' id='word_1_491' title='bbox 2562 2401 2768 2472; x_wconf 77' lang='grc' dir='ltr'>βορείου</span> <span class='ocrx_word' id='word_1_492' title='bbox 2802 2401 2964 2454; x_wconf 85' lang='grc' dir='ltr'>πόλου</span> <span class='ocrx_word' id='word_1_493' title='bbox 2986 2401 3078 2454; x_wconf 79' lang='grc' dir='ltr'>ἐπὶ</span> <span class='ocrx_word' id='word_1_494' title='bbox 3108 2400 3206 2471; x_wconf 83' lang='grc' dir='ltr'><strong>τήν</strong></span> <span class='ocrx_word' id='word_1_495' title='bbox 3235 2399 3355 2452; x_wconf 82' lang='grc' dir='ltr'><strong>άνω</strong></span> <span class='ocrx_word' id='word_1_496' title='bbox 3394 2395 3714 2469; x_wconf 84' lang='grc' dir='ltr'>περιφέρειαν</span> 
     </span>
    </p>
   </div>
   <div class='ocr_carea' id='block_1_68' title="bbox 2167 2487 3714 2564">
    <p class='ocr_par' dir='ltr' id='par_1_68' title="bbox 2167 2487 3714 2564">
     <span class='ocr_line' id='line_1_68' title="bbox 2167 2487 3714 2564; baseline -0.003 -20"><span class='ocrx_word' id='word_1_497' title='bbox 2167 2491 2260 2544; x_wconf 90' lang='grc' dir='ltr'><strong>τοῦ</strong></span> <span class='ocrx_word' id='word_1_498' title='bbox 2304 2492 2566 2564; x_wconf 88' lang='grc' dir='ltr'>ἀρκτικοῦ</span> <span class='ocrx_word' id='word_1_499' title='bbox 2604 2491 2805 2545; x_wconf 81' lang='grc' dir='ltr'>κύκλου</span> <span class='ocrx_word' id='word_1_500' title='bbox 2851 2491 3078 2563; x_wconf 88' lang='grc' dir='ltr'>κέντρου</span> <span class='ocrx_word' id='word_1_501' title='bbox 3125 2491 3283 2557; x_wconf 80' lang='grc' dir='ltr'>τάξιν</span> <span class='ocrx_word' id='word_1_502' title='bbox 3327 2489 3445 2560; x_wconf 81' lang='grc' dir='ltr'>ἔχει</span> <span class='ocrx_word' id='word_1_503' title='bbox 3476 2490 3505 2543; x_wconf 88' lang='grc' dir='ltr'><strong>ὁ</strong></span> <span class='ocrx_word' id='word_1_504' title='bbox 3537 2487 3714 2558; x_wconf 81' lang='grc' dir='ltr'>βόρειος</span> 
     </span>
    </p>
   </div>
   <div class='ocr_carea' id='block_1_69' title="bbox 2167 2581 3707 2654">
    <p class='ocr_par' dir='ltr' id='par_1_69' title="bbox 2167 2581 3707 2654">
     <span class='ocr_line' id='line_1_69' title="bbox 2167 2581 3707 2654; baseline -0.003 -18"><span class='ocrx_word' id='word_1_505' title='bbox 2167 2585 2326 2648; x_wconf 86' lang='grc' dir='ltr'>πόλος</span> <span class='ocrx_word' id='word_1_506' title='bbox 2343 2603 2355 2614; x_wconf 91' lang='grc'>·</span> <span class='ocrx_word' id='word_1_507' title='bbox 2390 2585 2497 2637; x_wconf 87' lang='grc' dir='ltr'><strong>ἀπὸ</strong></span> <span class='ocrx_word' id='word_1_508' title='bbox 2522 2584 2577 2636; x_wconf 80' lang='grc' dir='ltr'><strong>δὲ</strong></span> <span class='ocrx_word' id='word_1_509' title='bbox 2605 2583 2699 2636; x_wconf 91' lang='grc' dir='ltr'><strong>τοῦ</strong></span> <span class='ocrx_word' id='word_1_510' title='bbox 2736 2584 2900 2654; x_wconf 83' lang='grc' dir='ltr'>μέσου</span> <span class='ocrx_word' id='word_1_511' title='bbox 2931 2584 3154 2654; x_wconf 84' lang='grc' dir='ltr'>κέντρου</span> <span class='ocrx_word' id='word_1_512' title='bbox 3186 2583 3396 2646; x_wconf 86' lang='grc' dir='ltr'>παντὸς</span> <span class='ocrx_word' id='word_1_513' title='bbox 3422 2581 3516 2635; x_wconf 88' lang='grc' dir='ltr'><strong>τοῦ</strong></span> <span class='ocrx_word' id='word_1_514' title='bbox 3542 2581 3707 2634; x_wconf 72' lang='grc' dir='ltr'>κύκλου</span> 
     </span>
    </p>
   </div>
   <div class='ocr_carea' id='block_1_70' title="bbox 2167 2673 3708 2746">
    <p class='ocr_par' dir='ltr' id='par_1_70' title="bbox 2167 2673 3708 2746">
     <span class='ocr_line' id='line_1_70' title="bbox 2167 2673 3708 2746; baseline -0.003 -20"><span class='ocrx_word' id='word_1_515' title='bbox 2167 2676 2221 2726; x_wconf 91' lang='grc' dir='ltr'>αἱ</span> <span class='ocrx_word' id='word_1_516' title='bbox 2250 2673 2638 2744; x_wconf 76' lang='grc' dir='ltr'>ἐκϐαλλόμεναι</span> <span class='ocrx_word' id='word_1_517' title='bbox 2668 2673 2873 2726; x_wconf 81' lang='grc' dir='ltr'>εὐθεῖαι</span> <span class='ocrx_word' id='word_1_518' title='bbox 2911 2676 2990 2737; x_wconf 88' lang='grc' dir='ltr'><strong>είς</strong></span> <span class='ocrx_word' id='word_1_519' title='bbox 3025 2675 3124 2745; x_wconf 83' lang='grc' dir='ltr'><strong>τὴν</strong></span> <span class='ocrx_word' id='word_1_520' title='bbox 3170 2673 3532 2746; x_wconf 86' lang='grc' dir='ltr'>περιφέρειαν</span> <span class='ocrx_word' id='word_1_521' title='bbox 3568 2677 3708 2724; x_wconf 80' lang='grc' dir='ltr'>πᾶσαι</span> 
     </span>
    </p>
   </div>
   <div class='ocr_carea' id='block_1_71' title="bbox 2167 2764 3704 2837">
    <p class='ocr_par' dir='ltr' id='par_1_71' title="bbox 2167 2764 3704 2837">
     <span class='ocr_line' id='line_1_71' title="bbox 2167 2764 3704 2837; baseline -0.002 -19"><span class='ocrx_word' id='word_1_522' title='bbox 2167 2766 2278 2819; x_wconf 76' lang='grc' dir='ltr'>ἴσαι</span> <span class='ocrx_word' id='word_1_523' title='bbox 2303 2764 2560 2836; x_wconf 81' lang='grc' dir='ltr'>ἀλλήλαις</span> <span class='ocrx_word' id='word_1_524' title='bbox 2608 2766 2736 2819; x_wconf 88' lang='grc' dir='ltr'>είσί.</span> <span class='ocrx_word' id='word_1_525' title='bbox 2763 2767 2835 2818; x_wconf 90' lang='grc' dir='ltr'>Τὸ</span> <span class='ocrx_word' id='word_1_526' title='bbox 2863 2766 2918 2820; x_wconf 84' lang='grc' dir='ltr'><strong>δὲ</strong></span> <span class='ocrx_word' id='word_1_527' title='bbox 2949 2767 3059 2821; x_wconf 86' lang='grc' dir='ltr'>ἀπὸ</span> <span class='ocrx_word' id='word_1_528' title='bbox 3099 2765 3195 2819; x_wconf 87' lang='grc' dir='ltr'><strong>τοῦ</strong></span> <span class='ocrx_word' id='word_1_529' title='bbox 3229 2765 3498 2837; x_wconf 88' lang='grc' dir='ltr'>άρκτικοῦ</span> <span class='ocrx_word' id='word_1_530' title='bbox 3537 2765 3704 2818; x_wconf 81' lang='grc' dir='ltr'>κύκλου</span> 
     </span>
    </p>
   </div>
   <div class='ocr_carea' id='block_1_72' title="bbox 2163 2857 3703 2930">
    <p class='ocr_par' dir='ltr' id='par_1_72' title="bbox 2163 2857 3703 2930">
     <span class='ocr_line' id='line_1_72' title="bbox 2163 2857 3703 2930; baseline -0.001 -20"><span class='ocrx_word' id='word_1_531' title='bbox 2163 2857 2437 2929; x_wconf 86' lang='grc' dir='ltr'>διάστημα</span> <span class='ocrx_word' id='word_1_532' title='bbox 2464 2859 2557 2910; x_wconf 73' lang='grc' dir='ltr'>ἐπὶ</span> <span class='ocrx_word' id='word_1_533' title='bbox 2581 2858 2670 2912; x_wconf 89' lang='grc' dir='ltr'><strong>τὸν</strong></span> <span class='ocrx_word' id='word_1_534' title='bbox 2703 2858 2909 2930; x_wconf 84' lang='grc' dir='ltr'>θερινὸν</span> <span class='ocrx_word' id='word_1_535' title='bbox 2944 2858 3200 2930; x_wconf 88' lang='grc' dir='ltr'>τροπικὸν</span> <span class='ocrx_word' id='word_1_536' title='bbox 3242 2858 3407 2912; x_wconf 70' lang='grc' dir='ltr'>ἔσται</span> <span class='ocrx_word' id='word_1_537' title='bbox 3448 2858 3632 2929; x_wconf 85' lang='grc' dir='ltr'>μοιρῶν</span> <span class='ocrx_word' id='word_1_538' title='bbox 3645 2862 3703 2908; x_wconf 88' lang='grc' dir='ltr'><strong>ε’·</strong></span> 
     </span>
    </p>
   </div>
   <div class='ocr_carea' id='block_1_73' title="bbox 2162 2948 3702 3022">
    <p class='ocr_par' dir='ltr' id='par_1_73' title="bbox 2162 2948 3702 3022">
     <span class='ocr_line' id='line_1_73' title="bbox 2162 2948 3702 3022; baseline -0.001 -20"><span class='ocrx_word' id='word_1_539' title='bbox 2162 2950 2224 3002; x_wconf 83' lang='grc' dir='ltr'><strong>τὸ</strong></span> <span class='ocrx_word' id='word_1_540' title='bbox 2245 2950 2303 3004; x_wconf 84' lang='grc' dir='ltr'><strong>δὲ</strong></span> <span class='ocrx_word' id='word_1_541' title='bbox 2335 2950 2442 3003; x_wconf 82' lang='grc' dir='ltr'>ἀπὸ</span> <span class='ocrx_word' id='word_1_542' title='bbox 2475 2948 2568 3002; x_wconf 87' lang='grc' dir='ltr'><strong>τοῦ</strong></span> <span class='ocrx_word' id='word_1_543' title='bbox 2608 2950 2820 3022; x_wconf 89' lang='grc' dir='ltr'>θερινοῦ</span> <span class='ocrx_word' id='word_1_544' title='bbox 2861 2949 3120 3021; x_wconf 88' lang='grc' dir='ltr'>τροπικοῦ</span> <span class='ocrx_word' id='word_1_545' title='bbox 3159 2951 3254 3003; x_wconf 74' lang='grc' dir='ltr'><strong>ἐπὶ</strong></span> <span class='ocrx_word' id='word_1_546' title='bbox 3297 2950 3392 3003; x_wconf 90' lang='grc' dir='ltr'><strong>τὸν</strong></span> <span class='ocrx_word' id='word_1_547' title='bbox 3429 2948 3702 3019; x_wconf 75' lang='grc' dir='ltr'>ἰσημερινὸν</span> 
     </span>
    </p>
   </div>
   <div class='ocr_carea' id='block_1_74' title="bbox 2163 3040 3700 3115">
    <p class='ocr_par' dir='ltr' id='par_1_74' title="bbox 2163 3040 3700 3115">
     <span class='ocr_line' id='line_1_74' title="bbox 2163 3040 3700 3115; baseline -0.002 -21"><span class='ocrx_word' id='word_1_548' title='bbox 2163 3042 2314 3096; x_wconf 77' lang='grc' dir='ltr'>ἔσται</span> <span class='ocrx_word' id='word_1_549' title='bbox 2346 3042 2548 3113; x_wconf 84' lang='grc' dir='ltr'>μοιρῶν</span> <span class='ocrx_word' id='word_1_550' title='bbox 2567 3042 2609 3094; x_wconf 63' lang='grc' dir='ltr'><strong>δε</strong></span> <span class='ocrx_word' id='word_1_551' title='bbox 2628 3057 2642 3072; x_wconf 79' lang='grc'><strong><em>⁸</em></strong></span> <span class='ocrx_word' id='word_1_552' title='bbox 2680 3042 2743 3094; x_wconf 87' lang='grc' dir='ltr'><strong>τὸ</strong></span> <span class='ocrx_word' id='word_1_553' title='bbox 2769 3043 2824 3095; x_wconf 85' lang='grc' dir='ltr'><strong>δὲ</strong></span> <span class='ocrx_word' id='word_1_554' title='bbox 2846 3042 2953 3096; x_wconf 86' lang='grc' dir='ltr'><strong>άπὸ</strong></span> <span class='ocrx_word' id='word_1_555' title='bbox 2992 3043 3086 3096; x_wconf 88' lang='grc' dir='ltr'><strong>τοῦ</strong></span> <span class='ocrx_word' id='word_1_556' title='bbox 3115 3043 3440 3115; x_wconf 87' lang='grc' dir='ltr'>ίσημερινοῦ</span> <span class='ocrx_word' id='word_1_557' title='bbox 3464 3040 3700 3114; x_wconf 84' lang='grc' dir='ltr'>μέχριτοῦ</span> 
     </span>
    </p>
   </div>
   <div class='ocr_carea' id='block_1_75' title="bbox 2161 3132 3698 3208">
    <p class='ocr_par' dir='ltr' id='par_1_75' title="bbox 2161 3132 3698 3208">
     <span class='ocr_line' id='line_1_75' title="bbox 2161 3132 3698 3208; baseline -0.004 -19"><span class='ocrx_word' id='word_1_558' title='bbox 2161 3134 2470 3208; x_wconf 78' lang='grc' dir='ltr'>χειμερινοῦ</span> <span class='ocrx_word' id='word_1_559' title='bbox 2516 3134 2776 3207; x_wconf 90' lang='grc' dir='ltr'>τροπικοῦ</span> <span class='ocrx_word' id='word_1_560' title='bbox 2815 3133 2968 3188; x_wconf 77' lang='grc' dir='ltr'>ἔσται</span> <span class='ocrx_word' id='word_1_561' title='bbox 3009 3135 3116 3189; x_wconf 82' lang='grc' dir='ltr'><strong>τῶν</strong></span> <span class='ocrx_word' id='word_1_562' title='bbox 3156 3135 3293 3189; x_wconf 74' lang='grc' dir='ltr'>ἰσων</span> <span class='ocrx_word' id='word_1_563' title='bbox 3332 3135 3624 3205; x_wconf 83' lang='grc' dir='ltr'>τεσσάρων·</span> <span class='ocrx_word' id='word_1_564' title='bbox 3653 3132 3698 3183; x_wconf 77' lang='grc' dir='ltr'><strong>τὸ</strong></span> 
     </span>
    </p>
   </div>
   <div class='ocr_carea' id='block_1_76' title="bbox 2162 3223 3695 3299">
    <p class='ocr_par' dir='ltr' id='par_1_76' title="bbox 2162 3223 3695 3299">
     <span class='ocr_line' id='line_1_76' title="bbox 2162 3223 3695 3299; baseline -0.002 -19"><span class='ocrx_word' id='word_1_565' title='bbox 2162 3227 2216 3280; x_wconf 84' lang='grc' dir='ltr'>δὲ</span> <span class='ocrx_word' id='word_1_566' title='bbox 2250 3227 2358 3280; x_wconf 85' lang='grc' dir='ltr'><strong>ἀπὸ</strong></span> <span class='ocrx_word' id='word_1_567' title='bbox 2390 3227 2482 3280; x_wconf 88' lang='grc' dir='ltr'><strong>τοῦ</strong></span> <span class='ocrx_word' id='word_1_568' title='bbox 2513 3226 2819 3299; x_wconf 82' lang='grc' dir='ltr'>χειμερινοῦ</span> <span class='ocrx_word' id='word_1_569' title='bbox 2849 3223 3108 3298; x_wconf 87' lang='grc' dir='ltr'>τροπικοῦ</span> <span class='ocrx_word' id='word_1_570' title='bbox 3141 3226 3312 3298; x_wconf 85' lang='grc' dir='ltr'>μέχρι</span> <span class='ocrx_word' id='word_1_571' title='bbox 3343 3226 3437 3280; x_wconf 87' lang='grc' dir='ltr'><strong>τοῦ</strong></span> <span class='ocrx_word' id='word_1_572' title='bbox 3467 3226 3695 3297; x_wconf 73' lang='grc' dir='ltr'>ὁρίζοντος</span> 
     </span>
    </p>
   </div>
   <div class='ocr_carea' id='block_1_77' title="bbox 2168 3315 3690 3390">
    <p class='ocr_par' dir='ltr' id='par_1_77' title="bbox 2168 3315 3690 3390">
     <span class='ocr_line' id='line_1_77' title="bbox 2168 3315 3690 3390; baseline -0.003 -20"><span class='ocrx_word' id='word_1_573' title='bbox 2168 3319 2374 3388; x_wconf 89' lang='grc' dir='ltr'>μοιρῶν</span> <span class='ocrx_word' id='word_1_574' title='bbox 2406 3316 2473 3370; x_wconf 80' lang='grc' dir='ltr'>ε”</span> <span class='ocrx_word' id='word_1_575' title='bbox 2499 3319 2606 3372; x_wconf 86' lang='grc' dir='ltr'>ἀπο</span> <span class='ocrx_word' id='word_1_576' title='bbox 2624 3319 2681 3372; x_wconf 82' lang='grc' dir='ltr'><strong>δὲ</strong></span> <span class='ocrx_word' id='word_1_577' title='bbox 2708 3316 2802 3371; x_wconf 88' lang='grc' dir='ltr'><strong>τοῦ</strong></span> <span class='ocrx_word' id='word_1_578' title='bbox 2825 3319 3093 3390; x_wconf 79' lang='grc' dir='ltr'>ὁρίζοντος</span> <span class='ocrx_word' id='word_1_579' title='bbox 3117 3321 3209 3372; x_wconf 76' lang='grc' dir='ltr'>ἐπὶ</span> <span class='ocrx_word' id='word_1_580' title='bbox 3233 3320 3331 3374; x_wconf 80' lang='grc' dir='ltr'><strong>τὸν</strong></span> <span class='ocrx_word' id='word_1_581' title='bbox 3352 3319 3518 3374; x_wconf 87' lang='grc' dir='ltr'>νότιον</span> <span class='ocrx_word' id='word_1_582' title='bbox 3544 3315 3690 3374; x_wconf 83' lang='grc' dir='ltr'>πόλον,</span> 
     </span>
    </p>
   </div>
   <div class='ocr_carea' id='block_1_78' title="bbox 2160 3407 3691 3481">
    <p class='ocr_par' dir='ltr' id='par_1_78' title="bbox 2160 3407 3691 3481">
     <span class='ocr_line' id='line_1_78' title="bbox 2160 3407 3691 3481; baseline -0.003 -19"><span class='ocrx_word' id='word_1_583' title='bbox 2160 3410 2253 3462; x_wconf 80' lang='grc' dir='ltr'><strong>καὶ</strong></span> <span class='ocrx_word' id='word_1_584' title='bbox 2277 3410 2364 3462; x_wconf 71' lang='grc' dir='ltr'>ἀεὶ</span> <span class='ocrx_word' id='word_1_585' title='bbox 2392 3409 2590 3480; x_wconf 82' lang='grc' dir='ltr'>ἀφανῆ,</span> <span class='ocrx_word' id='word_1_586' title='bbox 2622 3411 2804 3481; x_wconf 78' lang='grc' dir='ltr'>μοῖραι</span> <span class='ocrx_word' id='word_1_587' title='bbox 2835 3412 2940 3463; x_wconf 80' lang='grc' dir='ltr'>εἰσι</span> <span class='ocrx_word' id='word_1_588' title='bbox 2965 3416 3016 3475; x_wconf 88' lang='grc' dir='ltr'>ς’</span> <span class='ocrx_word' id='word_1_589' title='bbox 3039 3428 3054 3442; x_wconf 73' lang='grc' dir='ltr'><strong><em>ο</em></strong></span> <span class='ocrx_word' id='word_1_590' title='bbox 3087 3411 3194 3464; x_wconf 81' lang='grc' dir='ltr'>ἀπὸ</span> <span class='ocrx_word' id='word_1_591' title='bbox 3223 3410 3288 3465; x_wconf 82' lang='grc' dir='ltr'><strong>δὲ</strong></span> <span class='ocrx_word' id='word_1_592' title='bbox 3325 3411 3418 3464; x_wconf 88' lang='grc' dir='ltr'><strong>τοῦ</strong></span> <span class='ocrx_word' id='word_1_593' title='bbox 3450 3407 3597 3463; x_wconf 75' lang='grc' dir='ltr'>αὑτοῦ</span> <span class='ocrx_word' id='word_1_594' title='bbox 3623 3423 3691 3458; x_wconf 79' lang='lat' dir='ltr'><strong>vo-</strong></span> 
     </span>
    </p>
   </div>
   <div class='ocr_carea' id='block_1_79' title="bbox 2158 3497 3688 3576">
    <p class='ocr_par' dir='ltr' id='par_1_79' title="bbox 2158 3497 3688 3576">
     <span class='ocr_line' id='line_1_79' title="bbox 2158 3497 3688 3576; baseline -0.004 -21"><span class='ocrx_word' id='word_1_595' title='bbox 2158 3503 2272 3556; x_wconf 91' lang='grc' dir='ltr'>τίου</span> <span class='ocrx_word' id='word_1_596' title='bbox 2309 3503 2470 3556; x_wconf 87' lang='grc' dir='ltr'>πόλου</span> <span class='ocrx_word' id='word_1_597' title='bbox 2497 3505 2588 3556; x_wconf 76' lang='grc' dir='ltr'>ἐπὶ</span> <span class='ocrx_word' id='word_1_598' title='bbox 2613 3503 2711 3575; x_wconf 83' lang='grc' dir='ltr'>τὴν</span> <span class='ocrx_word' id='word_1_599' title='bbox 2737 3504 2886 3558; x_wconf 89' lang='grc' dir='ltr'>κάτω</span> <span class='ocrx_word' id='word_1_600' title='bbox 2910 3503 3211 3576; x_wconf 76' lang='grc' dir='ltr'>περιφοράν</span> <span class='ocrx_word' id='word_1_601' title='bbox 3238 3503 3339 3558; x_wconf 74' lang='grc' dir='ltr'>’τοῦ</span> <span class='ocrx_word' id='word_1_602' title='bbox 3370 3497 3688 3573; x_wconf 81' lang='grc' dir='ltr'>άνταρκτικοῦ</span> 
     </span>
    </p>
   </div>
   <div class='ocr_carea' id='block_1_80' title="bbox 2159 3587 3686 3670">
    <p class='ocr_par' dir='ltr' id='par_1_80' title="bbox 2159 3587 3686 3670">
     <span class='ocr_line' id='line_1_80' title="bbox 2159 3587 3686 3670; baseline -0.005 -24"><span class='ocrx_word' id='word_1_603' title='bbox 2159 3595 2214 3646; x_wconf 84' lang='grc' dir='ltr'>αἱ</span> <span class='ocrx_word' id='word_1_604' title='bbox 2244 3594 2424 3647; x_wconf 73' lang='grc' dir='ltr'>λοιπαὶ</span> <span class='ocrx_word' id='word_1_605' title='bbox 2447 3593 2578 3670; x_wconf 31' lang='grc' dir='ltr'>,ἑξῆς</span> <span class='ocrx_word' id='word_1_606' title='bbox 2620 3602 2687 3666; x_wconf 87' lang='grc' dir='ltr'>ιη’</span> <span class='ocrx_word' id='word_1_607' title='bbox 2717 3597 2898 3666; x_wconf 88' lang='grc' dir='ltr'>μοῖραι</span> <span class='ocrx_word' id='word_1_608' title='bbox 2916 3614 2930 3627; x_wconf 79' lang='grc' dir='ltr'><strong>ο</strong></span> <span class='ocrx_word' id='word_1_609' title='bbox 2957 3595 3064 3648; x_wconf 84' lang='grc' dir='ltr'><strong>ἀπὸ</strong></span> <span class='ocrx_word' id='word_1_610' title='bbox 3097 3595 3209 3648; x_wconf 81' lang='grc' dir='ltr'><strong>δὲ⁹”</strong></span> <span class='ocrx_word' id='word_1_611' title='bbox 3227 3595 3330 3648; x_wconf 86' lang='grc' dir='ltr'><strong>τοῦ</strong></span> <span class='ocrx_word' id='word_1_612' title='bbox 3374 3587 3686 3662; x_wconf 78' lang='grc' dir='ltr'>άνταρκτικοῧ</span> 
     </span>
    </p>
   </div>
   <div class='ocr_carea' id='block_1_81' title="bbox 2158 3680 3684 3760">
    <p class='ocr_par' dir='ltr' id='par_1_81' title="bbox 2158 3680 3684 3760">
     <span class='ocr_line' id='line_1_81' title="bbox 2158 3680 3684 3760; baseline -0.005 -22"><span class='ocrx_word' id='word_1_613' title='bbox 2158 3688 2215 3738; x_wconf 78' lang='grc' dir='ltr'>ἐν</span> <span class='ocrx_word' id='word_1_614' title='bbox 2243 3685 2320 3756; x_wconf 85' lang='grc' dir='ltr'><strong>τῷ</strong></span> <span class='ocrx_word' id='word_1_615' title='bbox 2352 3687 2499 3740; x_wconf 89' lang='grc' dir='ltr'>κάτω</span> <span class='ocrx_word' id='word_1_616' title='bbox 2539 3689 2878 3759; x_wconf 87' lang='grc' dir='ltr'>ἡμισφαιρίῳ</span> <span class='ocrx_word' id='word_1_617' title='bbox 2922 3689 3081 3760; x_wconf 89' lang='grc' dir='ltr'>μέχρι</span> <span class='ocrx_word' id='word_1_618' title='bbox 3123 3688 3216 3741; x_wconf 88' lang='grc' dir='ltr'><strong>τοῦ</strong></span> <span class='ocrx_word' id='word_1_619' title='bbox 3262 3687 3542 3760; x_wconf 79' lang='grc' dir='ltr'>ὁρίζοντος,</span> <span class='ocrx_word' id='word_1_620' title='bbox 3577 3680 3684 3735; x_wconf 82' lang='grc' dir='ltr'>καθὸ</span> 
     </span>
    </p>
   </div>
   <div class='ocr_carea' id='block_1_82' title="bbox 2157 3774 3682 3849">
    <p class='ocr_par' dir='ltr' id='par_1_82' title="bbox 2157 3774 3682 3849">
     <span class='ocr_line' id='line_1_82' title="bbox 2157 3774 3682 3849; baseline 0.003 -21"><span class='ocrx_word' id='word_1_621' title='bbox 2157 3777 2456 3846; x_wconf 78' lang='grc' dir='ltr'>ἐφάπτεται</span> <span class='ocrx_word' id='word_1_622' title='bbox 2481 3781 2509 3831; x_wconf 87' lang='grc' dir='ltr'><strong>ὁ</strong></span> <span class='ocrx_word' id='word_1_623' title='bbox 2539 3779 2796 3849; x_wconf 86' lang='grc' dir='ltr'>ἀρκτικὸς</span> <span class='ocrx_word' id='word_1_624' title='bbox 2831 3779 3025 3843; x_wconf 79' lang='grc' dir='ltr'>κύκλος</span> <span class='ocrx_word' id='word_1_625' title='bbox 3054 3779 3243 3844; x_wconf 84' lang='grc' dir='ltr'>αὑτοῦ,</span> <span class='ocrx_word' id='word_1_626' title='bbox 3299 3779 3561 3847; x_wconf 83' lang='grc' dir='ltr'>ἀναλόγως</span> <span class='ocrx_word' id='word_1_627' title='bbox 3593 3774 3682 3833; x_wconf 82' lang='grc' dir='ltr'>τοῖς</span> 
     </span>
    </p>
   </div>
   <div class='ocr_carea' id='block_1_83' title="bbox 2157 3864 3676 3944">
    <p class='ocr_par' dir='ltr' id='par_1_83' title="bbox 2157 3864 3676 3944">
     <span class='ocr_line' id='line_1_83' title="bbox 2157 3864 3676 3944; baseline 0.001 -24"><span class='ocrx_word' id='word_1_628' title='bbox 2157 3869 2568 3940; x_wconf 82' lang='grc' dir='ltr'>προειρημένοις</span> <span class='ocrx_word' id='word_1_629' title='bbox 2609 3871 2748 3942; x_wconf 83' lang='grc' dir='ltr'>ὑπὲρ</span> <span class='ocrx_word' id='word_1_630' title='bbox 2785 3871 2890 3940; x_wconf 80' lang='grc' dir='ltr'><strong>γῆς</strong></span> <span class='ocrx_word' id='word_1_631' title='bbox 2927 3868 3312 3944; x_wconf 78' lang='grc' dir='ltr'>εὑρεθήσονται</span> <span class='ocrx_word' id='word_1_632' title='bbox 3340 3871 3404 3923; x_wconf 72' lang='grc' dir='ltr'><strong>ιο.</strong></span> <span class='ocrx_word' id='word_1_633' title='bbox 3448 3868 3584 3930; x_wconf 83' lang='grc' dir='ltr'>Τινὲς</span> <span class='ocrx_word' id='word_1_634' title='bbox 3615 3864 3676 3922; x_wconf 72' lang='grc' dir='ltr'><strong>δὲ,</strong></span> 
     </span>
    </p>
   </div>
   <div class='ocr_carea' id='block_1_84' title="bbox 2153 3954 3677 4035">
    <p class='ocr_par' dir='ltr' id='par_1_84' title="bbox 2153 3954 3677 4035">
     <span class='ocr_line' id='line_1_84' title="bbox 2153 3954 3677 4035; baseline -0.001 -21"><span class='ocrx_word' id='word_1_635' title='bbox 2153 3961 2438 4031; x_wconf 84' lang='grc' dir='ltr'>τέμνοντες</span> <span class='ocrx_word' id='word_1_636' title='bbox 2476 3963 2573 4034; x_wconf 81' lang='grc' dir='ltr'><strong>τήν</strong></span> <span class='ocrx_word' id='word_1_637' title='bbox 2619 3967 2850 4035; x_wconf 84' lang='grc' dir='ltr'>σφαῖραν</span> <span class='ocrx_word' id='word_1_638' title='bbox 2882 3963 2970 4017; x_wconf 87' lang='grc' dir='ltr'>διὰ</span> <span class='ocrx_word' id='word_1_639' title='bbox 3009 3963 3118 4017; x_wconf 90' lang='grc' dir='ltr'><strong>τῶν</strong></span> <span class='ocrx_word' id='word_1_640' title='bbox 3166 3963 3367 4028; x_wconf 87' lang='grc' dir='ltr'>πόλων,</span> <span class='ocrx_word' id='word_1_641' title='bbox 3403 3962 3574 4028; x_wconf 86' lang='grc' dir='ltr'>ῶσπερ</span> <span class='ocrx_word' id='word_1_642' title='bbox 3610 3954 3677 4008; x_wconf 66' lang='grc' dir='ltr'><strong>διὰ</strong></span> 
     </span>
    </p>
   </div>
   <div class='ocr_carea' id='block_1_85' title="bbox 2153 4048 3671 4128">
    <p class='ocr_par' dir='ltr' id='par_1_85' title="bbox 2153 4048 3671 4128">
     <span class='ocr_line' id='line_1_85' title="bbox 2153 4048 3671 4128; baseline -0.002 -23"><span class='ocrx_word' id='word_1_643' title='bbox 2153 4053 2262 4106; x_wconf 91' lang='grc' dir='ltr'><strong>τῶν</strong></span> <span class='ocrx_word' id='word_1_644' title='bbox 2312 4055 2606 4126; x_wconf 83' lang='grc' dir='ltr'>κολούρων,</span> <span class='ocrx_word' id='word_1_645' title='bbox 2633 4059 2702 4108; x_wconf 79' lang='grc' dir='ltr'><strong>τά</strong></span> <span class='ocrx_word' id='word_1_646' title='bbox 2740 4057 2937 4127; x_wconf 78' lang='grc' dir='ltr'>μεταξὺ</span> <span class='ocrx_word' id='word_1_647' title='bbox 2972 4057 3077 4110; x_wconf 89' lang='grc' dir='ltr'><strong>τῶν</strong></span> <span class='ocrx_word' id='word_1_648' title='bbox 3107 4056 3461 4128; x_wconf 86' lang='grc' dir='ltr'>παραλλήλων</span> <span class='ocrx_word' id='word_1_649' title='bbox 3489 4048 3671 4117; x_wconf 83' lang='grc' dir='ltr'>διαστή-</span> 
     </span>
    </p>
   </div>
   <div class='ocr_carea' id='block_1_86' title="bbox 2158 4137 3672 4220">
    <p class='ocr_par' dir='ltr' id='par_1_86' title="bbox 2158 4137 3672 4220">
     <span class='ocr_line' id='line_1_86' title="bbox 2158 4137 3672 4220; baseline -0.003 -23"><span class='ocrx_word' id='word_1_650' title='bbox 2158 4162 2301 4214; x_wconf 88' lang='grc' dir='ltr'>ματα</span> <span class='ocrx_word' id='word_1_651' title='bbox 2329 4146 2469 4199; x_wconf 80' lang='grc' dir='ltr'>κατὰ</span> <span class='ocrx_word' id='word_1_652' title='bbox 2504 4146 2702 4210; x_wconf 87' lang='grc' dir='ltr'>πλάτος</span> <span class='ocrx_word' id='word_1_653' title='bbox 2731 4149 2831 4200; x_wconf 78' lang='grc' dir='ltr'><strong>οὐκ</strong></span> <span class='ocrx_word' id='word_1_654' title='bbox 2871 4150 2949 4210; x_wconf 87' lang='grc' dir='ltr'><strong>είς</strong></span> <span class='ocrx_word' id='word_1_655' title='bbox 2978 4147 3018 4211; x_wconf 82' lang='grc' dir='ltr'><strong>ξ’</strong></span> <span class='ocrx_word' id='word_1_656' title='bbox 3047 4148 3240 4220; x_wconf 88' lang='grc' dir='ltr'>μοίρας</span> <span class='ocrx_word' id='word_1_657' title='bbox 3277 4149 3564 4218; x_wconf 83' lang='grc' dir='ltr'>τέμνουσιν,</span> 
     </span>
    </p>
   </div>
   <div class='ocr_carea' id='block_1_87' title="bbox 2153 4231 3666 4308">
    <p class='ocr_par' dir='ltr' id='par_1_87' title="bbox 2153 4231 3666 4308">
     <span class='ocr_line' id='line_1_87' title="bbox 2153 4231 3666 4308; baseline -0.007 -8"><span class='ocrx_word' id='word_1_658' title='bbox 2153 4237 2233 4299; x_wconf 86' lang='grc' dir='ltr'><strong>εἰς</strong></span> <span class='ocrx_word' id='word_1_659' title='bbox 2279 4236 2355 4301; x_wconf 76' lang='grc' dir='ltr'><strong>τξ¹</strong></span> <span class='ocrx_word' id='word_1_660' title='bbox 2374 4252 2388 4266; x_wconf 90' lang='grc'><strong>⁹</strong></span> <span class='ocrx_word' id='word_1_661' title='bbox 2422 4238 2605 4308; x_wconf 75' lang='grc' dir='ltr'>ἐπειδὴ</span> <span class='ocrx_word' id='word_1_662' title='bbox 2647 4239 2739 4290; x_wconf 61' lang='grc' dir='ltr'><strong>καὶ¹</strong></span> <span class='ocrx_word' id='word_1_663' title='bbox 2781 4240 2810 4291; x_wconf 93' lang='grc' dir='ltr'><strong>ὁ</strong></span> <span class='ocrx_word' id='word_1_664' title='bbox 2843 4240 3082 4302; x_wconf 76' lang='grc' dir='ltr'>ἐνιαυτὸς</span> <span class='ocrx_word' id='word_1_665' title='bbox 3132 4237 3239 4305; x_wconf 81' lang='grc' dir='ltr'>τξε¹</span> <span class='ocrx_word' id='word_1_666' title='bbox 3269 4239 3412 4292; x_wconf 77' lang='grc' dir='ltr'>ἐστὶν</span> <span class='ocrx_word' id='word_1_667' title='bbox 3458 4231 3666 4307; x_wconf 75' lang='grc' dir='ltr'>ἡμερῶν·</span> 
     </span>
    </p>
   </div>
   <div class='ocr_carea' id='block_1_88' title="bbox 2152 4321 3668 4400">
    <p class='ocr_par' dir='ltr' id='par_1_88' title="bbox 2152 4321 3668 4400">
     <span class='ocr_line' id='line_1_88' title="bbox 2152 4321 3668 4400; baseline -0.007 -19"><span class='ocrx_word' id='word_1_668' title='bbox 2152 4328 2246 4381; x_wconf 88' lang='grc' dir='ltr'><strong>καί</strong></span> <span class='ocrx_word' id='word_1_669' title='bbox 2285 4345 2446 4399; x_wconf 89' lang='grc' dir='ltr'>φασιν</span> <span class='ocrx_word' id='word_1_670' title='bbox 2491 4327 2578 4400; x_wconf 85' lang='grc' dir='ltr'>ρπ⁹</span> <span class='ocrx_word' id='word_1_671' title='bbox 2607 4323 2745 4383; x_wconf 79' lang='grc' dir='ltr'>εἶναι</span> <span class='ocrx_word' id='word_1_672' title='bbox 2797 4331 2986 4400; x_wconf 88' lang='grc' dir='ltr'>μοίρας</span> <span class='ocrx_word' id='word_1_673' title='bbox 3014 4331 3075 4384; x_wconf 90' lang='grc' dir='ltr'><strong>τὸ</strong></span> <span class='ocrx_word' id='word_1_674' title='bbox 3116 4331 3311 4400; x_wconf 78' lang='grc' dir='ltr'>ἥμισυ,</span> <span class='ocrx_word' id='word_1_675' title='bbox 3338 4331 3452 4400; x_wconf 75' lang='grc' dir='ltr'>ἦτοι</span> <span class='ocrx_word' id='word_1_676' title='bbox 3479 4326 3532 4378; x_wconf 84' lang='grc' dir='ltr'><strong>τὸ</strong></span> <span class='ocrx_word' id='word_1_677' title='bbox 3559 4321 3668 4389; x_wconf 84' lang='grc' dir='ltr'>ὑπὲρ</span> 
     </span>
    </p>
   </div>
   <div class='ocr_carea' id='block_1_89' title="bbox 2153 4406 3664 4494">
    <p class='ocr_par' dir='ltr' id='par_1_89' title="bbox 2153 4406 3664 4494">
     <span class='ocr_line' id='line_1_89' title="bbox 2153 4406 3664 4494; baseline -0.016 -6"><span class='ocrx_word' id='word_1_678' title='bbox 2153 4421 2253 4490; x_wconf 83' lang='grc' dir='ltr'><strong>γῆς</strong></span> <span class='ocrx_word' id='word_1_679' title='bbox 2280 4421 2631 4493; x_wconf 81' lang='grc' dir='ltr'>ἡμισφαίριον</span> <span class='ocrx_word' id='word_1_680' title='bbox 2655 4438 2668 4452; x_wconf 87' lang='grc'><strong>·</strong></span> <span class='ocrx_word' id='word_1_681' title='bbox 2707 4423 2800 4474; x_wconf 80' lang='grc' dir='ltr'>καὶ</span> <span class='ocrx_word' id='word_1_682' title='bbox 2829 4421 2988 4475; x_wconf 76' lang='grc' dir='ltr'>πάλιν</span> <span class='ocrx_word' id='word_1_683' title='bbox 3018 4429 3108 4494; x_wconf 88' lang='grc' dir='ltr'>ρπ¹</span> <span class='ocrx_word' id='word_1_684' title='bbox 3137 4423 3200 4476; x_wconf 91' lang='grc' dir='ltr'><strong>τὸ</strong></span> <span class='ocrx_word' id='word_1_685' title='bbox 3231 4423 3335 4476; x_wconf 84' lang='grc' dir='ltr'><strong>ὑπὸ</strong></span> <span class='ocrx_word' id='word_1_686' title='bbox 3355 4425 3468 4493; x_wconf 79' lang='grc' dir='ltr'>γῆν.</span> <span class='ocrx_word' id='word_1_687' title='bbox 3509 4415 3585 4479; x_wconf 79' lang='grc' dir='ltr'><strong>Ἐξ</strong></span> <span class='ocrx_word' id='word_1_688' title='bbox 3607 4406 3664 4464; x_wconf 78' lang='grc' dir='ltr'>ὧν</span> 
     </span>
    </p>
   </div>
   <div class='ocr_carea' id='block_1_90' title="bbox 2151 4503 3662 4586">
    <p class='ocr_par' dir='ltr' id='par_1_90' title="bbox 2151 4503 3662 4586">
     <span class='ocr_line' id='line_1_90' title="bbox 2151 4503 3662 4586; baseline -0.001 -21"><span class='ocrx_word' id='word_1_689' title='bbox 2151 4513 2257 4565; x_wconf 88' lang='grc' dir='ltr'><strong>ἀπὸ</strong></span> <span class='ocrx_word' id='word_1_690' title='bbox 2293 4514 2390 4582; x_wconf 82' lang='grc' dir='ltr'><strong>μὲν</strong></span> <span class='ocrx_word' id='word_1_691' title='bbox 2424 4513 2514 4566; x_wconf 86' lang='grc' dir='ltr'><strong>τοῦ</strong></span> <span class='ocrx_word' id='word_1_692' title='bbox 2549 4514 2822 4584; x_wconf 76' lang='grc' dir='ltr'>ὁρίζοντος</span> <span class='ocrx_word' id='word_1_693' title='bbox 2851 4514 3012 4585; x_wconf 89' lang='grc' dir='ltr'>μέχρι</span> <span class='ocrx_word' id='word_1_694' title='bbox 3043 4515 3255 4586; x_wconf 83' lang='grc' dir='ltr'>βορείου</span> <span class='ocrx_word' id='word_1_695' title='bbox 3295 4513 3452 4567; x_wconf 86' lang='grc' dir='ltr'>πόλου</span> <span class='ocrx_word' id='word_1_696' title='bbox 3479 4509 3560 4564; x_wconf 81' lang='grc' dir='ltr'><strong>καὶ</strong></span> <span class='ocrx_word' id='word_1_697' title='bbox 3588 4503 3662 4572; x_wconf 80' lang='grc' dir='ltr'><strong>τῆς</strong></span> 
     </span>
    </p>
   </div>
   <div class='ocr_carea' id='block_1_91' title="bbox 485 4597 2063 4680">
    <p class='ocr_par' dir='ltr' id='par_1_91' title="bbox 485 4597 2048 4674">
     <span class='ocr_line' id='line_1_91' title="bbox 485 4597 2048 4674; baseline 0.006 -23"><span class='ocrx_word' id='word_1_698' title='bbox 485 4597 552 4651; x_wconf 88' lang='lat' dir='ltr'><strong>ab</strong></span> <span class='ocrx_word' id='word_1_699' title='bbox 577 4599 938 4667; x_wconf 66' lang='lat' dir='ltr'><strong>aequinoctiali</strong></span> <span class='ocrx_word' id='word_1_700' title='bbox 967 4601 1033 4654; x_wconf 88' lang='lat' dir='ltr'><strong>ad</strong></span> <span class='ocrx_word' id='word_1_701' title='bbox 1065 4601 1352 4656; x_wconf 87' lang='lat' dir='ltr'><strong>hibernum</strong></span> <span class='ocrx_word' id='word_1_702' title='bbox 1386 4605 1654 4672; x_wconf 91' lang='lat' dir='ltr'><strong>tropicum</strong></span> <span class='ocrx_word' id='word_1_703' title='bbox 1673 4643 1687 4667; x_wconf 98' lang='lat'><strong>,</strong></span> <span class='ocrx_word' id='word_1_704' title='bbox 1722 4612 1904 4674; x_wconf 87' lang='lat' dir='ltr'><strong>partes</strong></span> <span class='ocrx_word' id='word_1_705' title='bbox 1934 4607 2004 4659; x_wconf 72' lang='grc'><strong>24</strong></span> <span class='ocrx_word' id='word_1_706' title='bbox 2033 4621 2048 4672; x_wconf 88' lang='grc'><strong>;</strong></span> 
     </span>
    </p>
   </div>
   <div class='ocr_carea' id='block_1_92' title="bbox 2166 4597 3660 4680">
    <p class='ocr_par' dir='ltr' id='par_1_92' title="bbox 2166 4598 3660 4680">
     <span class='ocr_line' id='line_1_92' title="bbox 2166 4598 3660 4680; baseline -0.001 -22"><span class='ocrx_word' id='word_1_707' title='bbox 2166 4606 2506 4677; x_wconf 79' lang='grc' dir='ltr'>περιφερείας</span> <span class='ocrx_word' id='word_1_708' title='bbox 2519 4606 2612 4660; x_wconf 79' lang='grc' dir='ltr'><strong>τοῦ</strong></span> <span class='ocrx_word' id='word_1_709' title='bbox 2630 4606 2890 4678; x_wconf 88' lang='grc' dir='ltr'>άρκτικοῦ</span> <span class='ocrx_word' id='word_1_710' title='bbox 2906 4607 3106 4661; x_wconf 82' lang='grc' dir='ltr'>κύκλου</span> <span class='ocrx_word' id='word_1_711' title='bbox 3130 4609 3232 4680; x_wconf 79' lang='grc' dir='ltr'>τῆς</span> <span class='ocrx_word' id='word_1_712' title='bbox 3257 4605 3565 4678; x_wconf 77' lang='grc' dir='ltr'>ὑψηλοτέρας</span> <span class='ocrx_word' id='word_1_713' title='bbox 3579 4598 3660 4652; x_wconf 70' lang='grc' dir='ltr'>εἰσὶ</span> 
     </span>
    </p>
   </div>
   <div class='ocr_carea' id='block_1_93' title="bbox 485 4686 2045 4767">
    <p class='ocr_par' dir='ltr' id='par_1_93' title="bbox 485 4686 2045 4767">
     <span class='ocr_line' id='line_1_93' title="bbox 485 4686 2045 4767; baseline 0.007 -28"><span class='ocrx_word' id='word_1_714' title='bbox 485 4686 614 4740; x_wconf 89' lang='lat' dir='ltr'><strong>hinc</strong></span> <span class='ocrx_word' id='word_1_715' title='bbox 654 4689 721 4742; x_wconf 89' lang='lat' dir='ltr'><strong>ad</strong></span> <span class='ocrx_word' id='word_1_716' title='bbox 767 4692 1158 4757; x_wconf 87' lang='lat' dir='ltr'><strong>antarcticum,</strong></span> <span class='ocrx_word' id='word_1_717' title='bbox 1212 4694 1304 4764; x_wconf 91' lang='lat' dir='ltr'><strong>qui</strong></span> <span class='ocrx_word' id='word_1_718' title='bbox 1355 4694 1693 4750; x_wconf 75' lang='lat' dir='ltr'><strong>horizontem</strong></span> <span class='ocrx_word' id='word_1_719' title='bbox 1743 4696 2045 4767; x_wconf 81' lang='lat' dir='ltr'><strong>contingit,</strong></span> 
     </span>
    </p>
   </div>
   <div class='ocr_carea' id='block_1_94' title="bbox 483 4779 2044 4849">
    <p class='ocr_par' dir='ltr' id='par_1_94' title="bbox 483 4779 2044 4849">
     <span class='ocr_line' id='line_1_94' title="bbox 483 4779 2044 4849; baseline 0.008 -19"><span class='ocrx_word' id='word_1_720' title='bbox 483 4779 602 4832; x_wconf 75' lang='lat' dir='ltr'><strong>alia:</strong></span> <span class='ocrx_word' id='word_1_721' title='bbox 631 4789 812 4849; x_wconf 82' lang='lat' dir='ltr'><strong>partes</strong></span> <span class='ocrx_word' id='word_1_722' title='bbox 839 4781 925 4837; x_wconf 74' lang='grc'><strong>52.</strong></span> <span class='ocrx_word' id='word_1_723' title='bbox 956 4782 1048 4839; x_wconf 73' lang='lat' dir='ltr'><strong>Ha:</strong></span> <span class='ocrx_word' id='word_1_724' title='bbox 1080 4799 1269 4840; x_wconf 89' lang='lat' dir='ltr'><strong>omnes</strong></span> <span class='ocrx_word' id='word_1_725' title='bbox 1301 4786 1463 4840; x_wconf 88' lang='lat' dir='ltr'><strong>simul</strong></span> <span class='ocrx_word' id='word_1_726' title='bbox 1494 4787 1734 4842; x_wconf 85' lang='lat' dir='ltr'><strong>collectae</strong></span> <span class='ocrx_word' id='word_1_727' title='bbox 1761 4787 1896 4842; x_wconf 81' lang='lat' dir='ltr'><strong>fiunt</strong></span> <span class='ocrx_word' id='word_1_728' title='bbox 1925 4789 2044 4843; x_wconf 74' lang='lat'><strong>180.</strong></span> 
     </span>
    </p>
   </div>
   <div class='ocr_carea' id='block_1_95' title="bbox 485 4868 2046 4948">
    <p class='ocr_par' dir='ltr' id='par_1_95' title="bbox 485 4868 2046 4948">
     <span class='ocr_line' id='line_1_95' title="bbox 485 4868 2046 4948; baseline 0.008 -26"><span class='ocrx_word' id='word_1_729' title='bbox 485 4868 576 4922; x_wconf 87' lang='lat' dir='ltr'><strong>Sic</strong></span> <span class='ocrx_word' id='word_1_730' title='bbox 605 4871 744 4925; x_wconf 82' lang='lat' dir='ltr'><strong>infra</strong></span> <span class='ocrx_word' id='word_1_731' title='bbox 787 4881 988 4928; x_wconf 87' lang='lat' dir='ltr'><strong>terram</strong></span> <span class='ocrx_word' id='word_1_732' title='bbox 1027 4875 1217 4931; x_wconf 89' lang='lat' dir='ltr'><strong>eodem</strong></span> <span class='ocrx_word' id='word_1_733' title='bbox 1263 4877 1424 4931; x_wconf 89' lang='lat' dir='ltr'><strong>modo</strong></span> <span class='ocrx_word' id='word_1_734' title='bbox 1466 4885 1651 4948; x_wconf 88' lang='lat' dir='ltr'><strong>partes</strong></span> <span class='ocrx_word' id='word_1_735' title='bbox 1684 4878 1908 4934; x_wconf 91' lang='lat' dir='ltr'><strong>totidem</strong></span> <span class='ocrx_word' id='word_1_736' title='bbox 1941 4880 2046 4934; x_wconf 79' lang='grc'><strong>180</strong></span> 
     </span>
    </p>
   </div>
   <div class='ocr_carea' id='block_1_96' title="bbox 482 4964 2045 5040">
    <p class='ocr_par' dir='ltr' id='par_1_96' title="bbox 482 4964 2045 5040">
     <span class='ocr_line' id='line_1_96' title="bbox 482 4964 2045 5040; baseline 0.009 -26"><span class='ocrx_word' id='word_1_737' title='bbox 482 4971 859 5020; x_wconf 88' lang='lat' dir='ltr'><strong>numerantur.</strong></span> <span class='ocrx_word' id='word_1_738' title='bbox 905 4964 1206 5023; x_wconf 87' lang='lat' dir='ltr'><strong>Possumus</strong></span> <span class='ocrx_word' id='word_1_739' title='bbox 1247 4979 1300 5024; x_wconf 93' lang='lat' dir='ltr'><strong>et</strong></span> <span class='ocrx_word' id='word_1_740' title='bbox 1350 4969 1638 5040; x_wconf 88' lang='lat' dir='ltr'><strong>parallelos</strong></span> <span class='ocrx_word' id='word_1_741' title='bbox 1690 4969 1822 5025; x_wconf 89' lang='lat' dir='ltr'><strong>istos</strong></span> <span class='ocrx_word' id='word_1_742' title='bbox 1866 4979 2045 5028; x_wconf 88' lang='lat' dir='ltr'><strong>rectos</strong></span> 
     </span>
    </p>
   </div>
   <div class='ocr_carea' id='block_1_97' title="bbox 481 5055 2044 5124">
    <p class='ocr_par' dir='ltr' id='par_1_97' title="bbox 481 5055 2044 5124">
     <span class='ocr_line' id='line_1_97' title="bbox 481 5055 2044 5124; baseline 0.006 -17"><span class='ocrx_word' id='word_1_743' title='bbox 481 5055 786 5112; x_wconf 88' lang='lat' dir='ltr'><strong>nominare.</strong></span> <span class='ocrx_word' id='word_1_744' title='bbox 819 5056 922 5123; x_wconf 86' lang='lat' dir='ltr'><strong>Qui</strong></span> <span class='ocrx_word' id='word_1_745' title='bbox 953 5059 1024 5113; x_wconf 90' lang='lat' dir='ltr'><strong>ob</strong></span> <span class='ocrx_word' id='word_1_746' title='bbox 1055 5059 1106 5113; x_wconf 89' lang='lat' dir='ltr'><strong>id</strong></span> <span class='ocrx_word' id='word_1_747' title='bbox 1139 5070 1518 5124; x_wconf 86' lang='lat' dir='ltr'><strong>assumuntur,</strong></span> <span class='ocrx_word' id='word_1_748' title='bbox 1551 5068 1610 5114; x_wconf 94' lang='lat' dir='ltr'><strong>ut</strong></span> <span class='ocrx_word' id='word_1_749' title='bbox 1657 5061 1903 5118; x_wconf 86' lang='lat' dir='ltr'><strong>boreales</strong></span> <span class='ocrx_word' id='word_1_750' title='bbox 1946 5077 2044 5117; x_wconf 89' lang='lat' dir='ltr'><strong>au-</strong></span> 
     </span>
    </p>
   </div>
   <div class='ocr_carea' id='block_1_98' title="bbox 481 5144 2038 5222">
    <p class='ocr_par' dir='ltr' id='par_1_98' title="bbox 481 5144 2038 5222">
     <span class='ocr_line' id='line_1_98' title="bbox 481 5144 2038 5222; baseline 0.006 -24"><span class='ocrx_word' id='word_1_751' title='bbox 481 5146 784 5216; x_wconf 88' lang='lat' dir='ltr'><strong>stralesque</strong></span> <span class='ocrx_word' id='word_1_752' title='bbox 812 5157 993 5218; x_wconf 86' lang='lat' dir='ltr'><strong>partes</strong></span> <span class='ocrx_word' id='word_1_753' title='bbox 1016 5165 1111 5219; x_wconf 91' lang='lat' dir='ltr'><strong>per</strong></span> <span class='ocrx_word' id='word_1_754' title='bbox 1135 5151 1248 5220; x_wconf 78' lang='lat'><strong>88</strong></span> <span class='ocrx_word' id='word_1_755' title='bbox 1275 5167 1368 5206; x_wconf 87' lang='lat' dir='ltr'><strong>eas</strong></span> <span class='ocrx_word' id='word_1_756' title='bbox 1399 5151 1611 5208; x_wconf 82' lang='lat' dir='ltr'><strong>facilius</strong></span> <span class='ocrx_word' id='word_1_757' title='bbox 1641 5144 2001 5222; x_wconf 80' lang='lat' dir='ltr'><strong>agnoscamus</strong></span> <span class='ocrx_word' id='word_1_758' title='bbox 2025 5172 2038 5208; x_wconf 90' lang='lat'><strong>:</strong></span> 
     </span>
    </p>
   </div>
   <div class='ocr_carea' id='block_1_99' title="bbox 483 5237 2043 5308">
    <p class='ocr_par' dir='ltr' id='par_1_99' title="bbox 483 5237 2043 5308">
     <span class='ocr_line' id='line_1_99' title="bbox 483 5237 2043 5308; baseline 0.005 -18"><span class='ocrx_word' id='word_1_759' title='bbox 483 5245 593 5290; x_wconf 89' lang='lat' dir='ltr'><strong>tum</strong></span> <span class='ocrx_word' id='word_1_760' title='bbox 629 5237 789 5292; x_wconf 89' lang='lat' dir='ltr'><strong>etiam</strong></span> <span class='ocrx_word' id='word_1_761' title='bbox 822 5242 1205 5295; x_wconf 91' lang='lat' dir='ltr'><strong>conversiones</strong></span> <span class='ocrx_word' id='word_1_762' title='bbox 1237 5241 1492 5298; x_wconf 90' lang='lat' dir='ltr'><strong>hibernas</strong></span> <span class='ocrx_word' id='word_1_763' title='bbox 1541 5250 1596 5296; x_wconf 91' lang='lat' dir='ltr'><strong>et</strong></span> <span class='ocrx_word' id='word_1_764' title='bbox 1649 5243 1886 5308; x_wconf 81' lang='lat' dir='ltr'><strong>aestivas,</strong></span> <span class='ocrx_word' id='word_1_765' title='bbox 1944 5259 2043 5298; x_wconf 90' lang='lat' dir='ltr'><strong>nec</strong></span> 
     </span>
    </p>
   </div>
   <div class='ocr_carea' id='block_1_100' title="bbox 478 5327 1724 5397">
    <p class='ocr_par' dir='ltr' id='par_1_100' title="bbox 478 5327 1724 5397">
     <span class='ocr_line' id='line_1_100' title="bbox 478 5327 1724 5397; baseline 0.006 -16"><span class='ocrx_word' id='word_1_766' title='bbox 478 5343 588 5382; x_wconf 83' lang='lat' dir='ltr'><strong>non</strong></span> <span class='ocrx_word' id='word_1_767' title='bbox 621 5327 1025 5397; x_wconf 64' lang='lat' dir='ltr'><strong>aequinoctiales</strong></span> <span class='ocrx_word' id='word_1_768' title='bbox 1052 5344 1248 5384; x_wconf 86' lang='lat' dir='ltr'><strong>vernas</strong></span> <span class='ocrx_word' id='word_1_769' title='bbox 1281 5340 1333 5384; x_wconf 91' lang='lat' dir='ltr'><strong>et</strong></span> <span class='ocrx_word' id='word_1_770' title='bbox 1365 5332 1724 5389; x_wconf 86' lang='lat' dir='ltr'><strong>autumnales.</strong></span> 
     </span>
    </p>
   </div>
   <div class='ocr_carea' id='block_1_101' title="bbox 2157 4691 3658 4771">
    <p class='ocr_par' dir='ltr' id='par_1_101' title="bbox 2157 4691 3658 4771">
     <span class='ocr_line' id='line_1_101' title="bbox 2157 4691 3658 4771; baseline -0.005 -20"><span class='ocrx_word' id='word_1_771' title='bbox 2157 4700 2339 4768; x_wconf 86' lang='grc' dir='ltr'>μοῖραι</span> <span class='ocrx_word' id='word_1_772' title='bbox 2359 4695 2440 4766; x_wconf 85' lang='grc' dir='ltr'>λη’</span> <span class='ocrx_word' id='word_1_773' title='bbox 2459 4715 2472 4727; x_wconf 79' lang='grc' dir='ltr'><strong>ο</strong></span> <span class='ocrx_word' id='word_1_774' title='bbox 2502 4698 2608 4751; x_wconf 87' lang='grc' dir='ltr'><strong>άπὸ</strong></span> <span class='ocrx_word' id='word_1_775' title='bbox 2630 4699 2685 4751; x_wconf 83' lang='grc' dir='ltr'><strong>δὲ</strong></span> <span class='ocrx_word' id='word_1_776' title='bbox 2709 4699 2802 4752; x_wconf 85' lang='grc' dir='ltr'><strong>τοῦ</strong></span> <span class='ocrx_word' id='word_1_777' title='bbox 2829 4699 3036 4770; x_wconf 85' lang='grc' dir='ltr'>βορείου</span> <span class='ocrx_word' id='word_1_778' title='bbox 3060 4701 3154 4755; x_wconf 80' lang='grc' dir='ltr'><strong>ἐπὶ</strong></span> <span class='ocrx_word' id='word_1_779' title='bbox 3187 4701 3280 4755; x_wconf 88' lang='grc' dir='ltr'><strong>τὸν</strong></span> <span class='ocrx_word' id='word_1_780' title='bbox 3313 4696 3548 4771; x_wconf 82' lang='grc' dir='ltr'>ἀρκτικὸν</span> <span class='ocrx_word' id='word_1_781' title='bbox 3571 4691 3658 4762; x_wconf 87' lang='grc' dir='ltr'>μοῖ-</span> 
     </span>
    </p>
   </div>
   <div class='ocr_carea' id='block_1_102' title="bbox 2154 4785 3653 4865">
    <p class='ocr_par' dir='ltr' id='par_1_102' title="bbox 2154 4785 3653 4865">
     <span class='ocr_line' id='line_1_102' title="bbox 2154 4785 3653 4865; baseline 0.009 -25"><span class='ocrx_word' id='word_1_782' title='bbox 2154 4805 2246 4859; x_wconf 90' lang='grc' dir='ltr'><strong>ραι</strong></span> <span class='ocrx_word' id='word_1_783' title='bbox 2275 4788 2426 4843; x_wconf 82' lang='grc' dir='ltr'>ἄλλαι</span> <span class='ocrx_word' id='word_1_784' title='bbox 2452 4791 2530 4860; x_wconf 86' lang='grc' dir='ltr'>λη¹</span> <span class='ocrx_word' id='word_1_785' title='bbox 2549 4807 2562 4820; x_wconf 77' lang='grc'><strong>’</strong></span> <span class='ocrx_word' id='word_1_786' title='bbox 2597 4791 2703 4845; x_wconf 84' lang='grc' dir='ltr'><strong>ἀπὸ</strong></span> <span class='ocrx_word' id='word_1_787' title='bbox 2735 4791 2792 4845; x_wconf 87' lang='grc' dir='ltr'><strong>δὲ</strong></span> <span class='ocrx_word' id='word_1_788' title='bbox 2826 4793 2918 4846; x_wconf 85' lang='grc' dir='ltr'><strong>τοῦ</strong></span> <span class='ocrx_word' id='word_1_789' title='bbox 2951 4793 3211 4865; x_wconf 86' lang='grc' dir='ltr'>ἁρκτικοῦ</span> <span class='ocrx_word' id='word_1_790' title='bbox 3250 4793 3405 4864; x_wconf 87' lang='grc' dir='ltr'>μέχρι</span> <span class='ocrx_word' id='word_1_791' title='bbox 3437 4788 3516 4842; x_wconf 86' lang='grc' dir='ltr'><strong>τοῦ</strong></span> <span class='ocrx_word' id='word_1_792' title='bbox 3545 4785 3653 4852; x_wconf 62' lang='grc' dir='ltr'>θερί·</span> 
     </span>
    </p>
   </div>
   <div class='ocr_carea' id='block_1_103' title="bbox 2151 4877 3652 4954">
    <p class='ocr_par' dir='ltr' id='par_1_103' title="bbox 2151 4877 3652 4954">
     <span class='ocr_line' id='line_1_103' title="bbox 2151 4877 3652 4954; baseline -0.003 -24"><span class='ocrx_word' id='word_1_793' title='bbox 2151 4878 2240 4930; x_wconf 84' lang='grc' dir='ltr'><strong>νοῦ</strong></span> <span class='ocrx_word' id='word_1_794' title='bbox 2265 4880 2522 4951; x_wconf 91' lang='grc' dir='ltr'>τροπικοῦ</span> <span class='ocrx_word' id='word_1_795' title='bbox 2558 4884 2742 4954; x_wconf 87' lang='grc' dir='ltr'>μοῖραί</span> <span class='ocrx_word' id='word_1_796' title='bbox 2769 4885 2873 4936; x_wconf 86' lang='grc' dir='ltr'>εἱσι</span> <span class='ocrx_word' id='word_1_797' title='bbox 2897 4883 2971 4937; x_wconf 80' lang='grc' dir='ltr'><strong>κδ’</strong></span> <span class='ocrx_word' id='word_1_798' title='bbox 2990 4901 3004 4914; x_wconf 87' lang='grc'><strong>·</strong></span> <span class='ocrx_word' id='word_1_799' title='bbox 3032 4885 3138 4938; x_wconf 85' lang='grc' dir='ltr'><strong>άπὸ</strong></span> <span class='ocrx_word' id='word_1_800' title='bbox 3161 4885 3218 4939; x_wconf 81' lang='grc' dir='ltr'><strong>δὲ</strong></span> <span class='ocrx_word' id='word_1_801' title='bbox 3243 4885 3334 4938; x_wconf 83' lang='grc' dir='ltr'><strong>τοῦ</strong></span> <span class='ocrx_word' id='word_1_802' title='bbox 3355 4877 3542 4953; x_wconf 82' lang='grc' dir='ltr'>θερινοῦ</span> <span class='ocrx_word' id='word_1_803' title='bbox 3557 4889 3652 4943; x_wconf 87' lang='grc' dir='ltr'>τρο-</span> 
     </span>
    </p>
   </div>
   <div class='ocr_carea' id='block_1_104' title="bbox 2149 4965 3648 5049">
    <p class='ocr_par' dir='ltr' id='par_1_104' title="bbox 2149 4965 3648 5049">
     <span class='ocr_line' id='line_1_104' title="bbox 2149 4965 3648 5049; baseline 0.001 -27"><span class='ocrx_word' id='word_1_804' title='bbox 2149 4970 2310 5023; x_wconf 85' lang='grc' dir='ltr'>πικοῦ</span> <span class='ocrx_word' id='word_1_805' title='bbox 2343 4972 2504 5044; x_wconf 86' lang='grc' dir='ltr'>μέχρι</span> <span class='ocrx_word' id='word_1_806' title='bbox 2530 4975 2622 5027; x_wconf 86' lang='grc' dir='ltr'><strong>τοῦ</strong></span> <span class='ocrx_word' id='word_1_807' title='bbox 2667 4976 2980 5048; x_wconf 85' lang='grc' dir='ltr'>ίσημερινοῦ</span> <span class='ocrx_word' id='word_1_808' title='bbox 3020 4980 3205 5049; x_wconf 88' lang='grc' dir='ltr'>μοῖραι</span> <span class='ocrx_word' id='word_1_809' title='bbox 3244 4979 3320 5035; x_wconf 82' lang='grc' dir='ltr'><strong>κδ’</strong></span> <span class='ocrx_word' id='word_1_810' title='bbox 3338 4995 3350 5007; x_wconf 78' lang='grc'><strong><em>⁸</em></strong></span> <span class='ocrx_word' id='word_1_811' title='bbox 3382 4973 3479 5030; x_wconf 82' lang='grc' dir='ltr'>ἀπὸ</span> <span class='ocrx_word' id='word_1_812' title='bbox 3503 4971 3550 5024; x_wconf 85' lang='grc' dir='ltr'><strong>δὲ</strong></span> <span class='ocrx_word' id='word_1_813' title='bbox 3578 4965 3648 5019; x_wconf 72' lang='grc' dir='ltr'><strong>τοῦ</strong></span> 
     </span>
    </p>
   </div>
   <div class='ocr_carea' id='block_1_105' title="bbox 2153 5056 3646 5142">
    <p class='ocr_par' dir='ltr' id='par_1_105' title="bbox 2153 5056 3646 5142">
     <span class='ocr_line' id='line_1_105' title="bbox 2153 5056 3646 5142; baseline -0.004 -26"><span class='ocrx_word' id='word_1_814' title='bbox 2153 5062 2464 5136; x_wconf 80' lang='grc' dir='ltr'>ίσημερινοῦ</span> <span class='ocrx_word' id='word_1_815' title='bbox 2499 5066 2602 5129; x_wconf 72' lang='grc' dir='ltr'>ἕως</span> <span class='ocrx_word' id='word_1_816' title='bbox 2628 5067 2722 5120; x_wconf 90' lang='grc' dir='ltr'><strong>τοῦ</strong></span> <span class='ocrx_word' id='word_1_817' title='bbox 2754 5069 3062 5140; x_wconf 86' lang='grc' dir='ltr'>χειμερινοῦ</span> <span class='ocrx_word' id='word_1_818' title='bbox 3090 5069 3346 5142; x_wconf 86' lang='grc' dir='ltr'>τροπικοῦ</span> <span class='ocrx_word' id='word_1_819' title='bbox 3377 5069 3537 5139; x_wconf 81' lang='grc' dir='ltr'>μοῖραι</span> <span class='ocrx_word' id='word_1_820' title='bbox 3564 5056 3646 5112; x_wconf 72' lang='grc' dir='ltr'><strong>κὸ¹¹</strong></span> 
     </span>
    </p>
   </div>
   <div class='ocr_carea' id='block_1_106' title="bbox 2149 5145 3644 5233">
    <p class='ocr_par' dir='ltr' id='par_1_106' title="bbox 2149 5145 3644 5233">
     <span class='ocr_line' id='line_1_106' title="bbox 2149 5145 3644 5233; baseline -0.001 -25"><span class='ocrx_word' id='word_1_821' title='bbox 2149 5156 2255 5209; x_wconf 88' lang='grc' dir='ltr'><strong>ἀπὸ</strong></span> <span class='ocrx_word' id='word_1_822' title='bbox 2300 5157 2357 5210; x_wconf 83' lang='grc' dir='ltr'>δὲ</span> <span class='ocrx_word' id='word_1_823' title='bbox 2395 5157 2487 5210; x_wconf 88' lang='grc' dir='ltr'><strong>τοῦ</strong></span> <span class='ocrx_word' id='word_1_824' title='bbox 2531 5161 2840 5232; x_wconf 85' lang='grc' dir='ltr'>χειμερινοῦ</span> <span class='ocrx_word' id='word_1_825' title='bbox 2892 5163 2996 5227; x_wconf 82' lang='grc' dir='ltr'>ἓως</span> <span class='ocrx_word' id='word_1_826' title='bbox 3041 5163 3134 5216; x_wconf 84' lang='grc' dir='ltr'><strong>τοῦ</strong></span> <span class='ocrx_word' id='word_1_827' title='bbox 3181 5155 3532 5233; x_wconf 86' lang='grc' dir='ltr'>άνταρκτικοῦ,</span> <span class='ocrx_word' id='word_1_828' title='bbox 3575 5145 3644 5200; x_wconf 70' lang='grc' dir='ltr'>τοῦ</span> 
     </span>
    </p>
   </div>
   <div class='ocr_carea' id='block_1_107' title="bbox 2149 5238 3642 5324">
    <p class='ocr_par' dir='ltr' id='par_1_107' title="bbox 2149 5238 3642 5324">
     <span class='ocr_line' id='line_1_107' title="bbox 2149 5238 3642 5324; baseline 0.004 -24"><span class='ocrx_word' id='word_1_829' title='bbox 2149 5247 2525 5320; x_wconf 77' lang='grc' dir='ltr'>ἐφαπτομένου</span> <span class='ocrx_word' id='word_1_830' title='bbox 2570 5251 2664 5305; x_wconf 88' lang='grc' dir='ltr'><strong>τοῦ</strong></span> <span class='ocrx_word' id='word_1_831' title='bbox 2715 5253 3008 5324; x_wconf 84' lang='grc' dir='ltr'>ὁρίζοντος,</span> <span class='ocrx_word' id='word_1_832' title='bbox 3047 5255 3200 5310; x_wconf 78' lang='grc' dir='ltr'>ἄλλαι</span> <span class='ocrx_word' id='word_1_833' title='bbox 3247 5256 3347 5308; x_wconf 83' lang='grc' dir='ltr'>εἰσὶ</span> <span class='ocrx_word' id='word_1_834' title='bbox 3379 5253 3538 5322; x_wconf 85' lang='grc' dir='ltr'>μοῖραι</span> <span class='ocrx_word' id='word_1_835' title='bbox 3570 5238 3642 5306; x_wconf 72' lang='grc' dir='ltr'>λβἰ</span> 
     </span>
    </p>
   </div>
   <div class='ocr_carea' id='block_1_108' title="bbox 2195 5332 3640 5420">
    <p class='ocr_par' dir='ltr' id='par_1_108' title="bbox 2195 5332 3640 5420">
     <span class='ocr_line' id='line_1_108' title="bbox 2195 5332 3640 5420; baseline 0.006 -28"><span class='ocrx_word' id='word_1_836' title='bbox 2195 5335 2316 5393; x_wconf 75' lang='grc' dir='ltr'>ῦται</span> <span class='ocrx_word' id='word_1_837' title='bbox 2347 5341 2425 5407; x_wconf 82' lang='grc' dir='ltr'><strong>δὲ,</strong></span> <span class='ocrx_word' id='word_1_838' title='bbox 2478 5345 2569 5397; x_wconf 74' lang='grc' dir='ltr'>ἐπὶ</span> <span class='ocrx_word' id='word_1_839' title='bbox 2615 5345 2674 5398; x_wconf 84' lang='grc' dir='ltr'><strong>τὸ</strong></span> <span class='ocrx_word' id='word_1_840' title='bbox 2714 5346 2844 5400; x_wconf 81' lang='grc' dir='ltr'>αὐτὸ</span> <span class='ocrx_word' id='word_1_841' title='bbox 2874 5348 3175 5420; x_wconf 82' lang='grc' dir='ltr'>γινόμεναι,</span> <span class='ocrx_word' id='word_1_842' title='bbox 3219 5349 3292 5411; x_wconf 90' lang='grc' dir='ltr'>ὼς</span> <span class='ocrx_word' id='word_1_843' title='bbox 3333 5345 3546 5411; x_wconf 65' lang='grc' dir='ltr'>εἴπομεν,</span> <span class='ocrx_word' id='word_1_844' title='bbox 3574 5332 3640 5401; x_wconf 61' lang='grc' dir='ltr'><strong>Ρτί</strong></span> 
     </span>
    </p>
   </div>
   <div class='ocr_carea' id='block_1_109' title="bbox 478 5423 3639 5515">
    <p class='ocr_par' dir='ltr' id='par_1_109' title="bbox 478 5423 3639 5515">
     <span class='ocr_line' id='line_1_109' title="bbox 478 5423 3639 5515; baseline 0.007 -39"><span class='ocrx_word' id='word_1_845' title='bbox 478 5426 732 5492; x_wconf 83' lang='grc' dir='ltr'>γίνονται.</span> <span class='ocrx_word' id='word_1_846' title='bbox 785 5427 1013 5496; x_wconf 85' lang='grc' dir='ltr'>Ὁμοίως</span> <span class='ocrx_word' id='word_1_847' title='bbox 1054 5426 1111 5479; x_wconf 82' lang='grc' dir='ltr'><strong>δὲ</strong></span> <span class='ocrx_word' id='word_1_848' title='bbox 1155 5427 1249 5480; x_wconf 77' lang='grc' dir='ltr'><strong>καὶ</strong></span> <span class='ocrx_word' id='word_1_849' title='bbox 1291 5428 1393 5481; x_wconf 80' lang='grc' dir='ltr'><strong>ὑπὸ</strong></span> <span class='ocrx_word' id='word_1_850' title='bbox 1423 5429 1526 5500; x_wconf 80' lang='grc' dir='ltr'><strong>γῆν</strong></span> <span class='ocrx_word' id='word_1_851' title='bbox 1572 5429 1711 5484; x_wconf 79' lang='grc' dir='ltr'>κατὰ</span> <span class='ocrx_word' id='word_1_852' title='bbox 1741 5431 1832 5486; x_wconf 92' lang='grc' dir='ltr'><strong>τὸν</strong></span> <span class='ocrx_word' id='word_1_853' title='bbox 1881 5433 2040 5486; x_wconf 86' lang='grc' dir='ltr'>αὐτὸν</span> <span class='ocrx_word' id='word_1_854' title='bbox 2067 5435 2264 5506; x_wconf 88' lang='grc' dir='ltr'>τρόπον</span> <span class='ocrx_word' id='word_1_855' title='bbox 2299 5438 2407 5492; x_wconf 83' lang='grc' dir='ltr'>ἴσαι</span> <span class='ocrx_word' id='word_1_856' title='bbox 2445 5439 2599 5495; x_wconf 80' lang='grc' dir='ltr'>ἄλλαι</span> <span class='ocrx_word' id='word_1_857' title='bbox 2636 5448 2721 5512; x_wconf 80' lang='grc' dir='ltr'>ρπ⁹</span> <span class='ocrx_word' id='word_1_858' title='bbox 2781 5445 2982 5515; x_wconf 88' lang='grc' dir='ltr'>μοῖραι.</span> <span class='ocrx_word' id='word_1_859' title='bbox 3024 5444 3281 5498; x_wconf 80' lang='grc' dir='ltr'>Δύνανται</span> <span class='ocrx_word' id='word_1_860' title='bbox 3329 5439 3444 5493; x_wconf 84' lang='grc' dir='ltr'>δὲοὶ</span> <span class='ocrx_word' id='word_1_861' title='bbox 3478 5423 3639 5498; x_wconf 54' lang='grc' dir='ltr'>παράλ’</span> 
     </span>
    </p>
   </div>
   <div class='ocr_carea' id='block_1_110' title="bbox 477 5515 3633 5612">
    <p class='ocr_par' dir='ltr' id='par_1_110' title="bbox 477 5515 3633 5612">
     <span class='ocr_line' id='line_1_110' title="bbox 477 5515 3633 5612; baseline 0.001 -42"><span class='ocrx_word' id='word_1_862' title='bbox 477 5519 624 5588; x_wconf 75' lang='grc' dir='ltr'>ληλοι</span> <span class='ocrx_word' id='word_1_863' title='bbox 669 5515 810 5574; x_wconf 74' lang='grc' dir='ltr'>οὗτοι</span> <span class='ocrx_word' id='word_1_864' title='bbox 843 5524 932 5575; x_wconf 71' lang='grc' dir='ltr'><strong>καὶ</strong></span> <span class='ocrx_word' id='word_1_865' title='bbox 973 5523 1120 5592; x_wconf 71' lang='grc' dir='ltr'><strong>ὁρθοὶ</strong></span> <span class='ocrx_word' id='word_1_866' title='bbox 1162 5522 1475 5577; x_wconf 85' lang='grc' dir='ltr'>καλεῖσθαι·</span> <span class='ocrx_word' id='word_1_867' title='bbox 1509 5527 1932 5600; x_wconf 81' lang='grc' dir='ltr'>παρελήφθησαν</span> <span class='ocrx_word' id='word_1_868' title='bbox 1975 5530 2033 5584; x_wconf 83' lang='grc' dir='ltr'><strong>δὲ</strong></span> <span class='ocrx_word' id='word_1_869' title='bbox 2059 5531 2198 5603; x_wconf 81' lang='grc' dir='ltr'>ὑπὲρ</span> <span class='ocrx_word' id='word_1_870' title='bbox 2227 5533 2319 5586; x_wconf 83' lang='grc' dir='ltr'><strong>τοῦ</strong></span> <span class='ocrx_word' id='word_1_871' title='bbox 2353 5536 2886 5610; x_wconf 76' lang='grc' dir='ltr'>εὐπαρακολούθητον</span> <span class='ocrx_word' id='word_1_872' title='bbox 2910 5542 3039 5612; x_wconf 82' lang='grc' dir='ltr'>ἡμῖν</span> <span class='ocrx_word' id='word_1_873' title='bbox 3083 5542 3180 5612; x_wconf 81' lang='grc' dir='ltr'>τὴν</span> <span class='ocrx_word' id='word_1_874' title='bbox 3239 5539 3388 5603; x_wconf 78' lang='grc' dir='ltr'>δεῖξιν</span> <span class='ocrx_word' id='word_1_875' title='bbox 3435 5519 3633 5598; x_wconf 82' lang='grc' dir='ltr'>γενέσθαι</span> 
     </span>
    </p>
   </div>
   <div class='ocr_carea' id='block_1_111' title="bbox 475 5609 3633 5706">
    <p class='ocr_par' dir='ltr' id='par_1_111' title="bbox 475 5609 3633 5706">
     <span class='ocr_line' id='line_1_111' title="bbox 475 5609 3633 5706; baseline 0.007 -46"><span class='ocrx_word' id='word_1_876' title='bbox 475 5610 582 5662; x_wconf 88' lang='grc' dir='ltr'><strong>τῶν</strong></span> <span class='ocrx_word' id='word_1_877' title='bbox 631 5612 977 5684; x_wconf 83' lang='grc' dir='ltr'>βορειοτέρων</span> <span class='ocrx_word' id='word_1_878' title='bbox 1019 5617 1110 5668; x_wconf 68' lang='grc' dir='ltr'><strong>καὶ</strong></span> <span class='ocrx_word' id='word_1_879' title='bbox 1153 5618 1510 5690; x_wconf 86' lang='grc' dir='ltr'>νοτιωτέρων·</span> <span class='ocrx_word' id='word_1_880' title='bbox 1549 5622 1642 5674; x_wconf 75' lang='grc' dir='ltr'><strong>καὶ</strong></span> <span class='ocrx_word' id='word_1_881' title='bbox 1675 5621 1813 5674; x_wconf 83' lang='grc' dir='ltr'>ὥστε</span> <span class='ocrx_word' id='word_1_882' title='bbox 1844 5622 2043 5690; x_wconf 83' lang='grc' dir='ltr'>γνῶναι</span> <span class='ocrx_word' id='word_1_883' title='bbox 2097 5627 2240 5696; x_wconf 77' lang='grc' dir='ltr'>ἡμᾶς</span> <span class='ocrx_word' id='word_1_884' title='bbox 2282 5628 2379 5692; x_wconf 79' lang='grc' dir='ltr'>τὰς</span> <span class='ocrx_word' id='word_1_885' title='bbox 2422 5633 2753 5703; x_wconf 77' lang='grc' dir='ltr'>χειμερινὰς,</span> <span class='ocrx_word' id='word_1_886' title='bbox 2813 5636 2906 5688; x_wconf 74' lang='grc' dir='ltr'><strong>καὶ</strong></span> <span class='ocrx_word' id='word_1_887' title='bbox 2963 5635 3060 5699; x_wconf 77' lang='grc' dir='ltr'><strong>τὰς</strong></span> <span class='ocrx_word' id='word_1_888' title='bbox 3099 5609 3325 5706; x_wconf 83' lang='grc' dir='ltr'>θερινὰς,</span> <span class='ocrx_word' id='word_1_889' title='bbox 3365 5621 3545 5682; x_wconf 72' lang='grc' dir='ltr'>καὶτὰς</span> <span class='ocrx_word' id='word_1_890' title='bbox 3575 5617 3633 5666; x_wconf 74' lang='grc' dir='ltr'><strong>ῖσ·</strong></span> 
     </span>
    </p>
   </div>
   <div class='ocr_carea' id='block_1_112' title="bbox 477 5703 1920 5784">
    <p class='ocr_par' dir='ltr' id='par_1_112' title="bbox 477 5703 1920 5784">
     <span class='ocr_line' id='line_1_112' title="bbox 477 5703 1920 5784; baseline 0.012 -33"><span class='ocrx_word' id='word_1_891' title='bbox 477 5703 756 5769; x_wconf 68' lang='grc' dir='ltr'>ἡμερινὰς,</span> <span class='ocrx_word' id='word_1_892' title='bbox 789 5707 880 5757; x_wconf 74' lang='grc' dir='ltr'><strong>καὶ</strong></span> <span class='ocrx_word' id='word_1_893' title='bbox 908 5706 1145 5776; x_wconf 73' lang='grc' dir='ltr'>ὲαρινέις,</span> <span class='ocrx_word' id='word_1_894' title='bbox 1179 5710 1270 5760; x_wconf 80' lang='grc' dir='ltr'><strong>καὶ</strong></span> <span class='ocrx_word' id='word_1_895' title='bbox 1302 5714 1674 5782; x_wconf 76' lang='grc' dir='ltr'>μετοπωρινὰς</span> <span class='ocrx_word' id='word_1_896' title='bbox 1698 5715 1920 5784; x_wconf 85' lang='grc' dir='ltr'>τροπάς.</span> 
     </span>
    </p>
   </div>
   <div class='ocr_carea' id='block_1_113' title="bbox 542 5838 3570 5934">
    <p class='ocr_par' dir='ltr' id='par_1_113' title="bbox 542 5838 3570 5934">
     <span class='ocr_line' id='line_1_113' title="bbox 542 5838 3570 5934; baseline 0.002 -42"><span class='ocrx_word' id='word_1_897' title='bbox 542 5840 583 5868; x_wconf 68' lang='grc' dir='ltr'>θ’</span> <span class='ocrx_word' id='word_1_898' title='bbox 620 5838 740 5909; x_wconf 62' lang='lat' dir='ltr'><strong>ch.</strong></span> <span class='ocrx_word' id='word_1_899' title='bbox 777 5842 1133 5915; x_wconf 65' lang='grc' dir='ltr'>ἀνταριετικοῦ</span> <span class='ocrx_word' id='word_1_900' title='bbox 1167 5847 1346 5918; x_wconf 80' lang='grc' dir='ltr'>μοῖραί</span> <span class='ocrx_word' id='word_1_901' title='bbox 1369 5851 1503 5901; x_wconf 74' lang='grc' dir='ltr'>εἰσιν</span> <span class='ocrx_word' id='word_1_902' title='bbox 1539 5851 1628 5914; x_wconf 80' lang='grc' dir='ltr'><strong>’ἐξ-</strong></span> <span class='ocrx_word' id='word_1_903' title='bbox 1656 5853 1760 5906; x_wconf 80' lang='grc' dir='ltr'><strong>άπὸ</strong></span> <span class='ocrx_word' id='word_1_904' title='bbox 1791 5852 1868 5921; x_wconf 82' lang='grc' dir='ltr'>δέ,</span> <span class='ocrx_word' id='word_1_905' title='bbox 1904 5861 2012 5912; x_wconf 88' lang='lat' dir='ltr'><strong>etc.</strong></span> <span class='ocrx_word' id='word_1_906' title='bbox 2097 5857 2138 5889; x_wconf 83' lang='grc'><strong>¹⁰</strong></span> <span class='ocrx_word' id='word_1_907' title='bbox 2165 5856 2287 5928; x_wconf 82' lang='lat' dir='ltr'><strong>Leg.</strong></span> <span class='ocrx_word' id='word_1_908' title='bbox 2323 5859 2460 5930; x_wconf 74' lang='grc' dir='ltr'>ὑπὲρ</span> <span class='ocrx_word' id='word_1_909' title='bbox 2492 5862 2593 5929; x_wconf 76' lang='grc' dir='ltr'><strong>γῆς</strong></span> <span class='ocrx_word' id='word_1_910' title='bbox 2613 5862 2670 5916; x_wconf 86' lang='grc' dir='ltr'>αἱ</span> <span class='ocrx_word' id='word_1_911' title='bbox 2694 5862 2874 5916; x_wconf 73' lang='grc' dir='ltr'>λοιπαὶ</span> <span class='ocrx_word' id='word_1_912' title='bbox 2909 5861 2976 5932; x_wconf 86' lang='grc' dir='ltr'>ιη’</span> <span class='ocrx_word' id='word_1_913' title='bbox 3013 5866 3194 5934; x_wconf 84' lang='grc' dir='ltr'>μοῖραι</span> <span class='ocrx_word' id='word_1_914' title='bbox 3230 5858 3570 5930; x_wconf 72' lang='grc' dir='ltr'>εὑρεθήσονται.</span> 
     </span>
    </p>
   </div>
  </div>
