3928 6266
173 365 274 426 9ἹἹ
966 367 1289 424 ACHILLIS
1331 368 1516 424 TATll
1559 367 1758 423 ISAGO

1889 369 1978 421 AD
2018 368 2223 424 ARATI
2261 368 2726 426 PHAENOMENA.

2515 486 2593 541 De
2620 490 2835 544 coluris.

3363 371 3470 432 978

775 488 910 556 Περὶ
936 489 1255 556 κολούρων.
1825 491 1871 548 Α

241 599 350 668 κζ’.
382 601 455 654 Οί
513 601 581 654 δὲ
635 602 889 671 κόλουροί
916 603 1020 654 είσι
1063 601 1160 672 μὲν
1188 601 1280 654 δύο
1317 601 1423 654 ἀπὸ
1469 600 1658 672 βορέου
1705 603 1758 654 ὲτ

1979 602 2070 655 27.
2117 601 2228 656 Duo
2263 611 2390 656 sunt
2423 602 2594 656 coluri
2631 619 2660 656 a
2694 606 3064 674 septentrione
3113 607 3176 661 ad
3220 616 3464 663 austrum

143 724 150 748 τ
167 696 340 755 νότον,
369 692 470 746 διὰ
488 691 614 746 τῶν
634 695 818 748 πόλων
831 693 1117 764 τέμνοντες
1131 694 1230 762 τὴν
1247 697 1478 765 σφαῖραν
1497 695 1589 748 καὶ
1603 695 1726 757 τοὺς
1737 695 1794 746 ἐν

167 789 304 859 αὐτῇ
321 786 555 850 πάντας
572 785 783 850 ἄλλους
794 785 1170 849 κύκλουςΕίσὶ
1179 787 1236 839 δὲ
1255 787 1499 858 μέγιστοι
1515 787 1610 840 καὶ
1620 787 1790 850 αὐτοὶ,

165 879 239 942 ὡς
260 877 329 931 ἂν
347 876 446 930 διὰ
477 875 590 929 τοῦ
617 876 854 946 κέντρου
880 875 980 946 τῆς
998 875 1232 948 σφαίρας
1255 877 1502 948 ἠγμένοι.
1525 875 1792 947 Τέμνουσι

168 971 243 1036 δὲ,
279 970 369 1024 ἵνα
397 967 512 1034 τὰς
542 969 591 1024 δ’
629 970 789 1044 ὥρας
812 968 906 1023 τοῦ
938 968 1180 1023 ἐνιαυτοῦ
1215 968 1411 1041 ῥᾳδίως
1442 967 1792 1040 καταλαμϐά-

169 1080 370 1134 νωμεν.
399 1065 479 1116 Τε
489 1064 757 1134 μνόντων
779 1062 888 1136 γὰρ
915 1063 1116 1118 τούτων
1136 1062 1396 1134 ἀλλήλους
1413 1063 1508 1116 καὶ
1526 1062 1624 1134 τὴν
1643 1063 1792 1130 σφαῖ-

172 1174 291 1230 ραν,
326 1157 706 1229 συμϐήσεται
732 1159 814 1222 είς
837 1158 1080 1228 τέσσαρα
1109 1155 1412 1228 τετμῆσθαι
1431 1172 1446 1187 ο
1478 1154 1618 1208 ὥστε
1662 1155 1789 1209 ἔκα-

172 1265 292 1302 στον
319 1248 437 1302 τῶν
475 1250 788 1322 τεσσάρων
819 1268 928 1322 τμη
939 1251 1121 1322 μάτων
1157 1249 1284 1322 μίαν
1307 1247 1455 1320 ὥραν
1487 1248 1580 1302 τοῦ
1607 1249 1785 1301 ἐνιαυ-

170 1339 261 1396 τοῦ
299 1339 478 1412 ἔχειν.
516 1343 646 1397 Καὶ
679 1345 707 1397 6
731 1341 831 1414 μὲν
863 1342 1042 1397 αὐτῶν
1091 1341 1232 1397 κατὰ
1262 1341 1534 1413 Καρκίνον
1563 1341 1658 1396 καὶ
1693 1340 1788 1393 Αί-

171 1434 462 1505 γοκέρωτα
488 1434 624 1507 ἔχει
660 1438 759 1509 τὴν
783 1436 1133 1510 περιφέρειαν
1148 1453 1162 1467 ο
1191 1435 1278 1490 διὰ
1300 1437 1398 1506 μὲν
1419 1435 1510 1488 τοῦ
1533 1434 1785 1506 ἐνὸς-ἡμι-

172 1527 394 1582 κυκλίου
430 1527 724 1584 δεικνύων
760 1531 818 1583 ὲν
841 1530 1104 1601 Καρκίνῳ
1133 1528 1309 1600 θέρος,
1332 1528 1421 1582 διὰ
1439 1529 1495 1581 δὲ
1530 1527 1622 1582 τοῦ
1663 1528 1780 1580 ἑτέ-

172 1639 264 1694 ρου
303 1623 363 1674 ὲν
396 1622 766 1694 Αίγοκέρωτι
811 1622 1072 1694 χειμῶνα.
1109 1621 1166 1675 ὐ
1203 1621 1260 1675 δὲ
1291 1620 1431 1675 κατὰ
1475 1620 1644 1692 Κριὸν
1689 1619 1781 1672 καὶ

173 1711 353 1784 Χηλὰς
378 1711 486 1785 τὴν
522 1714 898 1785 περιφέρειαν
919 1713 1066 1784 ἔχει’
1100 1712 1192 1766 καὶ
1215 1712 1364 1783 δηλοῖ
1385 1710 1481 1776 τὰς
1505 1711 1669 1774 ἄλλας
1689 1709 1781 1765 δύο

1898 710 1995 764 per
2024 695 2180 764 polos
2237 695 2502 765 sphaeram
2547 696 2777 766 ejusque
2827 697 3064 752 circulos
3104 713 3293 754 omnes
3338 715 3464 770 par-

1897 786 2117 843 tientes.
2172 785 2342 842 Iidem
2393 787 2619 841 maximi
2665 795 2828 850 sunt,
2862 797 2922 844 ut
2949 790 3042 859 qui
3077 806 3172 860 per
3216 799 3461 847 centrum

1897 875 2125 947 sphaera:
2158 885 2466 932 transeunt.
2505 876 2704 932 Secant
2732 886 2911 934 autem
2956 858 3196 944 idcirco,
3240 888 3299 936 ut
3334 858 3494 936 anui‘

1893 975 2242 1039 tempestates
2274 979 2514 1040 quatuor
2544 971 2701 1028 facile
2731 958 3131 1030 discernamus.
3166 973 3300 1028 Nam
3334 966 3489 1030 cum'

1893 1076 2014 1118 sese
2059 1070 2248 1117 mutuo
2287 1061 2567 1128 dividant,
2604 1063 2874 1133 sphaeram
2913 1064 3088 1134 ipsam
3133 1081 3349 1136 quoque
3378 1065 3462 1120 di-

1889 1152 1998 1208 vidi
2028 1168 2253 1209 necesse
2296 1161 2381 1208 est
2408 1154 2474 1224 {in
2528 1163 2712 1226 partes
2743 1165 2998 1226 quatuor,
3029 1157 3164 1212 adeo
3197 1165 3255 1212 ut
3284 1157 3459 1228 quod-

1889 1246 2020 1302 libet
2061 1263 2093 1302 e
2139 1248 2438 1319 segmentis
2466 1258 2709 1319 quatuor
2739 1265 2894 1305 suam
2923 1251 3050 1304 anni
3082 1257 3454 1322 tempestatem

1887 1338 2148 1393 obtineat.
2182 1338 2222 1390 E
2249 1339 2456 1394 coluris
2488 1340 2612 1395 istis
2639 1341 2874 1396 alterius
2911 1341 3150 1398 ambitus
3190 1357 3287 1411 per
3313 1341 3456 1396 Can-

1885 1447 2037 1487 crum
2079 1439 2133 1487 et
2183 1432 2577 1503 Capricornum
2615 1433 2866 1500 ducitur,
2909 1447 2973 1488 ac
3003 1448 3100 1504 per
3135 1434 3455 1489 semicircu-

1884 1523 1998 1577 lum
2028 1539 2194 1578 unum
2228 1533 2472 1580 aestatem
2504 1525 2711 1580 indicat
2738 1525 2793 1580 in
2823 1524 3036 1580 Cancro
3057 1568 3072 1592 ,
3102 1542 3199 1597 per
3224 1527 3451 1581 alterum

1884 1615 2116 1671 hiemem
2145 1618 2201 1672 in
2221 1619 2575 1689 Capricorno.
2604 1618 2842 1676 Alterius
2871 1619 3108 1675 ambitus
3135 1620 3331 1676 transit
3355 1637 3452 1690 per

1881 1705 2120 1762 Arietem
2164 1717 2219 1764 et
2265 1708 2482 1764 Libram
2509 1749 2526 1776 ,
2557 1725 2620 1765 ac
2649 1711 2786 1766 duas
2825 1711 2963 1767 alias
3000 1712 3449 1782 aequinoctiorum

173 1808 313 1877 ὥρας
328 1807 434 1872 τὰς
461 1808 559 1879 ίση
569 1825 646 1879 με
656 1807 825 1880 ρινάς·
849 1807 948 1878 τὴν
977 1807 1074 1877 μὲν
1090 1806 1310 1878 ἐαρινὴν
1331 1807 1389 1860 ὲν
1403 1805 1578 1877 Κριῷ,
1607 1803 1704 1875 τὴν
1719 1803 1758 1857 δ]

1881 1805 2235 1870 tempestates
2265 1801 2486 1857 exhibet
2513 1820 2526 1856 :
2562 1817 2788 1857 vernam
2818 1805 2874 1858 in
2899 1803 3082 1860 Ariete
3111 1820 3126 1870 ;
3160 1812 3448 1859 autumna-

179 1868 668 1969 μετοπωρινὴν-ὲν
681 1868 1181 1969 ΧηλαῖςίΚύλουροι
1212 1868 1278 1950 δὲ·
1300 1868 1613 1968 κέκλτίνται,
1639 1868 1758 1948 έιότδ

1879 1868 2072 1945 lemvin
2105 1891 2290 1947 Libra.
2325 1891 2431 1958 Qui
2465 1894 2642 1948 coluri
2678 1901 2964 1965 propterea
2995 1868 3280 1957 vocantur,
3321 1900 3448 1968 quia

173 1990 418 2044 δοκοῦσιν
445 1991 591 2062 ἡμῖν
611 1989 903 2044 κολοῦσθαι
929 1989 1117 2060 ὥσπερ
1130 1988 1230 2052 τὰς
1243 1987 1430 2060 οὐρὰς,
1446 1987 1534 2042 διὰ
1559 1987 1619 2041 τὸ
1641 1989 1772 2059 ἡμῖν

181 2085 250 2156 μὴ
274 2083 581 2153 φαίνεσθαι
625 2084 810 2138 αὐτῶν
848 2083 916 2136 τὰ
942 2083 1034 2136 ἐπὶ
1070 2083 1164 2136 τοῦ
1211 2081 1570 2154 ἀνταρκτικοῦ
1609 2081 1769 2154 μέρη,

178 2178 264 2229 καὶ
288 2178 470 2230 δοκεῖν
533 2177 836 2230 κολοῦσθαι
872 2177 1068 2240 αὐτοὺς
1114 2177 1254 2230 κατὰ
1293 2174 1452 2229 τοῦτο
1483 2175 1542 2228 τὸ
1586 2175 1771 2247 μέρος.

179 2267 502 2339 Συμϐέϐηκε
554 2267 672 2339 γὰρ
704 2265 771 2321 τὰ
806 2267 904 2338 μὲν
945 2267 1053 2320 ἀπὸ
1079 2266 1172 2321 τοῦ
1218 2267 1506 2338 ἀειφανοῦς
1551 2266 1772 2332 κύκλου,

180 2354 418 2408 τουτέστι
443 2355 547 2408 τοῦ
577 2355 872 2425 ἀρκτικοῦ,
903 2356 1042 2426 μέρη
1074 2355 1388 2426 φαίνεσθαι·
1414 2358 1586 2411 ταῦτα
1618 2357 1674 2410 δὲ
1703 2355 1771 2410 τὰ

185 2444 317 2518 μέρη
365 2445 482 2500 τῶν
526 2447 813 2519 κολούρων
859 2446 1075 2502 κύκλων
1126 2448 1195 2502 τὰ
1249 2448 1343 2502 τοῦ
1407 2447 1766 2522 ἀνταρκτικοῢ

181 2541 262 2593 ἀεὶ
287 2541 471 2613 ἁφανῆ
510 2536 683 2594 εἶναι.

711 2681 863 2752 Περὶ.
878 2682 984 2736 τοῦ
1005 2683 1244 2749 ἄξονος.

245 2800 344 2862 κη’.
380 2795 580 2865 Διήκει
614 2795 674 2849 δὲ
700 2797 730 2850 6
758 2795 902 2861 ἄξων
935 2799 1042 2853 ἀπὸ
1068 2799 1163 2852 τοῦ
1203 2800 1427 2873 κέντρου
1454 2803 1544 2855 τοῦ
1578 2803 1765 2872 ἀρκτι-

188 2883 273 2936 κοῦ
299 2883 503 2940 κύκλου
559 2887 654 2941 διὰ
703 2888 798 2941 τοῦ
846 2890 1070 2961 κέντρου
1103 2893 1203 2963 τῆς
1253 2893 1486 2964 σφαίρας
1534 2893 1638 2958 ’ἐως
1667 2895 1762 2948 τοῦ

184 2975 397 3046 κέντρου
430 2977 530 3031 τοῦ
563 2979 952 3051 ἀνταρκτικοιὶ
986 2983 1363 3056 Παρείληπται
1393 2985 1470 3050 δὲ,
1507 2987 1593 3040 ἵνα
1623 2987 1762 3056 γνῶ-

189 3084 278 3136 μεν
326 3071 410 3124 ὅτι
465 3073 602 3144 περὶ
649 3073 814 3127 αὐτὸν
844 3075 938 3128 καὶ
976 3074 1044 3128 τὰ
1072 3076 1216 3146 ἄκρα
1261 3078 1427 3132 αὐτοῦ
1482 3079 1704 3133 δινεῖται
1730 3082 1760 3134 6

185 3160 396 3232 οὐρανός
418 3180 431 3194 ·
469 3163 669 3237 ὥσπερ
702 3167 828 3237 περὶ
876 3168 1170 3240 ἁρμάτειον
1208 3169 1373 3237 ἄξονα
1408 3169 1671 3225 δινοῦνται
1706 3175 1756 3225 οί

188 3255 374 3325 τροχοί.
398 3257 513 3328 Τὴν
543 3258 606 3312 δὲ
647 3257 778 3330 ὓλην
807 3259 973 3313 αὐτοῦ
1005 3261 1104 3314 οὐκ
1144 3261 1378 3327 ἐδίδαξεν
1417 3264 1563 3334 ἡμᾶς
1588 3266 1756 3335 Ἀρα-

186 3361 297 3408 τος-
324 3347 439 3401 ἀλλ’
479 3351 559 3414 ὡς
602 3352 665 3404 ἐν
705 3353 921 3423 ποιήσει
970 3353 1359 3426 μυθικώτερον,
1411 3355 1598 3430 ὥσπερ
1630 3358 1752 3410 ὀϐε-

190 3437 358 3494 λίσκον
391 3443 559 3496 αὐτὸν
599 3439 773 3498 εἶπεν.
803 3445 866 3498 Ei
908 3445 1006 3516 μὲν
1030 3442 1123 3500 οὖν
1168 3446 1312 3516 λέγοι
1343 3465 1424 3512 τις
1465 3451 1626 3504 αὑτοῦ
1655 3451 1753 3522 τὴν

191 3526 305 3598 ὓλην
333 3530 396 3584 ὲκ
426 3534 626 3604 πυρὸς,
661 3533 830 3587 ἐλθὼν
874 3535 966 3587 ἐπὶ
1009 3533 1107 3606 τὴν
1140 3535 1233 3589 τοῦ
1277 3536 1468 3600 ὓδατος
1519 3541 1752 3610 σφαῖραν

192 3617 532 3693 σϐεσθήσεται
551 3642 569 3660 ο
596 3625 631 3697 ἢ
656 3625 761 3679 ὑπὸ
781 3627 881 3696 τῆς
913 3625 1006 3680 τοῦ
1027 3627 1198 3701 πυρὸς
1225 3629 1460 3699 σφαίρας
1489 3630 1751 3699 καταφλεο

189 3711 461 3783 χθήσεταιο
494 3715 631 3772 εἶ’δὲ
655 3719 719 3771 ὲκ
745 3719 843 3790 τῆς
881 3719 989 3777 τῶν
1021 3719 1241 3784 λοιπῶν,
1278 3720 1438 3792 ἀέρος
1466 3722 1499 3792 ἢ
1535 3721 1775 3788 ὓδατος,,

189 3806 374 3878 ἀμιγὴς
400 3809 554 3865 ἔσται
579 3813 694 3874 τοῖς
720 3811 921 3876 ἄλλοις,
953 3813 1046 3865 καὶ
1069 3813 1173 3866 ὑπὸ
1191 3811 1300 3866 τῶν
1327 3815 1581 3868 ἐναντίων
1606 3817 1747 3884 ἀφα-

189 3898 500 3971 νισθήσεται.
549 3904 862 3977 Γεωμέτραι
895 3905 953 3958 δὲ
996 3907 1158 3959 αὑτὸν
1191 3906 1527 3961 ὑποτίθενται
1569 3925 1746 3980 γραμ-

194 3991 288 4061 μήν
311 4009 428 4048 τινα
467 3996 695 4068 λεπτὴν,
743 3996 1038 4069 διήκουσαν
1083 3999 1190 4052 ἀπὸ
1231 3999 1324 4052 τοῦ
1375 4001 1601 4073 κέντρου
1648 4003 1742 4056 τοῦ

189 4080 430 4152 ἀρκτικοῦ
473 4088 681 4143 κύκλου
724 4090 886 4162 μέχρι
917 4092 1013 4146 τοῦ
1063 4093 1446 4164 ἁνταρκτικοῢ,
1492 4095 1742 4167 καθάπερ

191 4172 398 4245 εἴρηται.
448 4181 510 4234 Oi
545 4181 603 4235 δὲ
642 4183 862 4252 φυσικοὶ
904 4185 1180 4256 φιλόσοφοι
1224 4187 1283 4240 τὸ
1315 4187 1516 4258 μεταξὺ
1555 4187 1740 4260 διῆκον

190 4265 385 4338 πνεῦμα
415 4269 665 4341 λέγουσιν
692 4272 878 4340 ἄξονα.
910 4275 1195 4346 Μέμνίοται
1228 4278 1283 4330 δὲ
1312 4277 1474 4332 αὑτοῦ
1517 4279 1737 4332 Ἐοατο-

192 4353 361 4430 σθὲνης
390 4361 448 4415 ὲν
475 4364 552 4435 τῷ
586 4362 769 4434 Ἐρμῇ
791 4365 963 4434 λέγων
982 4383 996 4397 °

392 4497 508 4575 μέν
527 4518 637 4575 μιν
677 4502 881 4575 ἔτετμε
920 4502 1393 4575 ιιεσήρεανπαντί
1434 4506 1736 4575 Ὀλύμπου

191 4549 895 4641 ausaausa?-
920 4549 1027 4628 ἓῖᾶ
1047 4549 1730 4646 ’ἕ”ἂξ’ἑιῗὸέ’τιρῖῖῖ›ἓῖἓὲἓὲῗ
1768 4549 1810 4604 ι)

189 4670 284 4726 Καὶ
299 4677 328 4727 6
353 4679 582 4753 Ἄρατος
609 4685 809 4755 λέγων·

191 4783 362 4858 Αὐτὰρ
389 4792 472 4864 ὅγ’
494 4797 620 4853 οὐδ’
653 4800 862 4870 ὀλίγον
898 4805 1326 4894 permulceatur
1344 4824 1356 4837 ·
1586 4807 1730 4895 μάλ’

196 4922 368 4992 ’Ἄξων
388 4935 516 4992 αἰὲν
541 4938 760 5010 ἄρηρεν
781 4955 798 4972 ⁸
825 4943 950 5013 ἔχει
973 4944 1026 4997 δ’
1047 4944 1384 5003 ἀτάλαντον
1406 4878 1732 5018 dacili/fg“

191 5061 484 5140 Μεσσηγὺς
506 5077 678 5147 γαῖαν
695 5095 708 5110 ο
739 5080 873 5150 περὶ
913 5081 966 5135 δ’
992 5084 1243 5152 οὐρανὸς
1285 5087 1473 5142 αὐτὸν
1513 5087 1723 5158 ἀγινεῖ.

257 5240 552 5334 Ὦγόμασται
575 5254 622 5310 δ’
653 5257 796 5321 ἄξων
817 5258 905 5314 διὰ
924 5260 986 5314 τὸ
1015 5262 1144 5332 περὶ
1169 5263 1330 5318 αὐτὸν
1355 5265 1604 5334 ἄγεσθαι,
1629 5268 1720 5321 καὶ

204 5333 536 5431 τεριδινείσοαι
557 5347 648 5402 τὸν
672 5351 916 5422 οὐρανόν.
945 5353 1026 5407 Τὰ
1061 5355 1118 5408 δὲ
1156 5356 1367 5428 πέρατα
1393 5333 1559 5412 αὑτοῦ
1584 5361 1720 5431 πρὸς

1877 1980 2035 2036 nobis
2072 1982 2222 2037 velut
2251 1983 2425 2038 cauda
2461 1985 2698 2039 mutilati
2744 1985 3022 2047 videntur.
3057 2002 3123 2042 eo
3151 1988 3294 2058 quod
3323 2002 3447 2058 par-

1874 2084 1958 2131 tes
1993 2075 2209 2132 illorum
2242 2077 2309 2131 ad
2334 2078 2517 2148 polum
2540 2079 2900 2133 antarcticum
2923 2079 3297 2135 occultantur:
3327 2083 3446 2151 qui-

1873 2155 1978 2226 bus
2007 2183 2062 2225 et
2096 2172 2330 2226 mutilati
2361 2172 2639 2228 videntur.
2673 2172 2808 2228 Nam
2855 2191 2976 2245 qua:
3014 2191 3227 2246 semper
3277 2192 3442 2247 appa-

1873 2271 2026 2318 rente
2055 2265 2290 2330 circulo,
2330 2265 2382 2319 id
2419 2275 2503 2322 est
2543 2267 2787 2331 arctico,
2823 2269 3195 2332 continentur,
3226 2269 3440 2323 illorum

1872 2356 2182 2425 conspicuae
2213 2368 2340 2413 sunt
2373 2365 2589 2430 partes:
2626 2375 2748 2430 qua:
2780 2376 2910 2416 vero
2941 2362 3240 2418 antarctico
3267 2362 3441 2418 inciu-

1869 2447 2093 2513 duntur,
2127 2466 2337 2522 semper
2365 2452 2609 2507 occultae.

2540 2678 2614 2732 De
2649 2697 2768 2735 axe.

1933 2789 2022 2842 28.
2065 2791 2146 2845 Ab
2176 2793 2365 2848 arctici
2419 2795 2612 2849 circuli
2661 2804 2851 2852 centro
2901 2813 2996 2868 per
3047 2799 3271 2869 Sphaera:
3309 2815 3436 2856 cen-

1866 2887 2045 2946 trum,
2102 2883 2168 2937 ad
2217 2895 2464 2940 centrum
2516 2887 2663 2942 aliud
2708 2891 2994 2944 antarctici
3045 2894 3244 2947 transit
3292 2893 3430 2948 axis.

1863 2968 1966 3035 Qui
1999 2972 2068 3026 ob
2109 2974 2160 3028 id
2206 2985 2522 3047 assumptus
2559 2987 2676 3046 est,
2712 2987 2770 3034 ut
2812 2982 3180 3052 intelligamus
3223 2983 3430 3038 circum

1861 3061 2008 3116 hunc
2037 3073 2091 3119 et
2118 3065 2241 3136 ejus
2269 3075 2514 3124 extrema
2541 3071 2897 3128 circumvolvi
2929 3075 3126 3128 ccclum
3156 3091 3168 3140 ;
3204 3075 3432 3144 perinde

1861 3160 2024 3224 atque
2049 3157 2254 3212 circum
2277 3174 2476 3217 currus
2503 3179 2659 3219 axem
2683 3173 2816 3220 rotae
2834 3165 3144 3222 volvuntur.
3172 3167 3244 3222 De
3266 3167 3430 3237 hujus

1859 3247 2084 3301 materia
2137 3250 2274 3304 nihil
2318 3267 2419 3308 nos
2465 3253 2665 3311 Aratus
2696 3257 2900 3312 docuit.
2957 3257 3060 3312 Sed
3109 3260 3317 3329 poetica
3365 3260 3430 3314 li-

1855 3342 2035 3396 centia
2066 3341 2372 3402 fabulosius
2403 3347 2633 3417 loquens
2678 3350 2855 3403 veruti
2901 3350 3077 3406 instar
3111 3367 3234 3408 esse
3267 3351 3425 3410 dixit.

1856 3432 2047 3504 Itaque
2077 3437 2194 3492 sive
2223 3439 2348 3508 quis
2378 3440 2530 3495 illum
2575 3457 2643 3496 ex
2671 3443 2792 3513 igne
2812 3484 2826 3503 .
2861 3459 2962 3498 ceu
2995 3446 3252 3511 materia,
3295 3461 3427 3501 con-

1855 3533 2002 3582 stare
2031 3527 2190 3594 velit,
2223 3545 2348 3585 cum
2393 3548 2489 3602 per
2531 3547 2687 3604 aqua:
2725 3536 2992 3606 sphaeram
3032 3545 3311 3604 transeat,
3343 3538 3422 3594 ibi

1855 3619 2269 3688 restinguetur;
2333 3631 2425 3676 aut
2473 3625 2540 3678 ab
2587 3626 2728 3696 ignis
2779 3627 2992 3697 sphaera
3043 3638 3414 3696 consumetur,

1851 3710 1968 3766 sive
1993 3727 2059 3766 ex
2095 3713 2327 3768 aliorum
2381 3717 2772 3773 elementorum
2804 3721 3030 3776 materia
3052 3762 3066 3786 ,
3105 3731 3232 3792 puta
3275 3725 3419 3780 aeris

1850 3811 1942 3858 aut
1971 3819 2142 3875 aqum,
2172 3805 2390 3862 misceri
2423 3824 2547 3863 cum
2592 3810 2714 3866 aliis
2744 3827 2850 3866 non
2877 3815 3075 3883 poterit
3103 3832 3117 3879 ;
3144 3822 3198 3870 ct
3227 3830 3256 3868 a
3283 3830 3418 3870 con-

1848 3895 2033 3950 trariis
2058 3895 2348 3952 delebitur.
2375 3897 2611 3954 Proinde
2634 3910 2926 3972 geometrae
2954 3904 3151 3959 lineam
3183 3920 3307 3960 esse
3334 3905 3418 3960 di-

1846 3995 1979 4040 cunt
2003 3987 2196 4042 exilem
2223 3989 2294 4043 ab
2319 3989 2509 4044 arctici
2536 3999 2727 4048 centro
2755 3993 2822 4048 ad
2850 4002 3097 4050 centrum
3127 3995 3416 4052 antarctici

1845 4080 2210 4148 pertinentem
2231 4121 2246 4146 ,
2272 4083 2350 4136 uti
2378 4082 2641 4140 diximus.
2674 4085 2744 4142 At
2769 4087 2980 4159 physici
3007 4089 3290 4161 spiritum,
3318 4090 3414 4163 qui

1844 4186 1942 4241 per
1965 4173 2314 4243 interjectum
2347 4177 2582 4247 spatium
2605 4179 2833 4244 transit,
2863 4195 3021 4236 axem
3049 4190 3240 4254 putant
3268 4198 3409 4241 esse.

1841 4263 2012 4334 Cujus
2039 4265 2094 4319 in
2127 4265 2391 4323 Mercurio
2419 4271 2663 4325 meminit
2693 4271 3079 4329 Eratosthenes
3113 4295 3125 4329 :

1914 4507 2094 4589 ipsum
2119 4509 2326 4589 quidem
2356 4514 2520 4566 secuit
2547 4515 2772 4570 mediam
2799 4534 3017 4587 prorsus
3054 4520 3298 4589 Olympi,

1910 4576 2101 4635 Centro
2131 4576 2196 4635 ob
2225 4583 2484 4650 sphwrw;
2514 4601 2604 4652 per
2633 4576 2936 4645 axem'vero
2965 4576 3303 4660 fulcieiiat'ur;

1833 4688 2033 4748 Aratus
2058 4708 2274 4764 quoque
2306 4713 2320 4748 :

1903 4801 2076 4859 Porro
2109 4805 2194 4860 hic
2214 4824 2283 4862 ne
2303 4809 2577 4864 minimum
2604 4812 2812 4883 quidem
2841 4813 3101 4886 declinet,
3129 4816 3220 4871 sed
3246 4815 3405 4886 plana

3030 4883 3405 4958 [immobiliter

1905 4945 2039 5000 Axis
2069 4963 2270 5018 semper
2299 4949 2544 5019 ﬁrmatus
2575 4963 2650 5007 est
2675 4970 2694 5018 ;
2725 4954 2976 5028 habetque
3007 4945 3255 5041 libratam
3285 4975 3401 5041 om-

3278 5045 3401 5082 nmo

1902 5084 1969 5140 In
2014 5088 2183 5143 medio
2230 5097 2468 5157 terram;
2505 5093 2702 5149 circum
2743 5104 2919 5150 autem
2958 5097 3094 5151 hunc
3132 5028 3317 5241 «(limi
3347 5115 3402 5152 se

3206 5181 3396 5225 versat.

3206 5181 3396 5225 versat.

1894 5269 2026 5327 Axis
2051 5273 2376 5329 vocabulum
2403 5277 2526 5333 ideo
2553 5280 2786 5346 meruit,
2808 5280 2953 5351 quod
2983 5281 3192 5338 circum
3217 5284 3394 5354 ipsum

1822 5375 2030 5434 agatur,
2061 5367 2417 5440 volvaturque
2447 5373 2666 5428 coelum.
2701 5373 2877 5446 Hujus
2907 5387 3149 5433 extrema
3181 5386 3309 5434 sunt
3339 5379 3396 5435 in

196 5419 282 5482 κοῖς
311 5426 540 5503 κέντροις
566 5437 661 5492 τοῦ
684 5457 744 5493 τε
782 5442 1044 5513 ἁρκτικοῢ
1087 5445 1179 5498 καὶ
1215 5447 1310 5500 τοῦ
1355 5449 1716 5521 ἀνταρκτικοῦ

216 5524 302 5611 στι.
327 5518 548 5582 Καλοῦσι
577 5531 622 5584 δ’
648 5533 789 5587 αὐτὰ
809 5534 1004 5601 πόλους
1024 5535 1134 5590 ἀπὸ
1160 5537 1252 5592 τοῦ
1283 5518 1713 5611 περιπολεῖσθαι,

196 5602 599 5702 ξαιστρέφεσθαι
645 5625 771 5695 περὶ
801 5627 941 5680 αὐτὰ
979 5629 1069 5683 τὸν
1111 5602 1368 5702 οὐρανόν..
1405 5635 1622 5689 Τούτων
1658 5602 1713 5690 δέ

192 5687 320 5801 ῗέλὲζδ
343 5705 569 5767 καλεῖται
597 5687 824 5789 βόρεὶος,
848 5722 938 5774 ἀεὶ
973 5687 1205 5794 φανερὸξ
1231 5725 1337 5780 ὡν·
1373 5730 1400 5781 6
1429 5729 1484 5784 δὲ
1521 5687 1710 5801 νότιος,

190 5782 263 5846 ἀεὶ
288 5792 496 5874 ἀφανής.
520 5782 817 5881 Μέμνηται
840 5782 1018 5870 αὐτῶν
1043 5782 1136 5870 καξι
1166 5782 1424 5890 ’ᾏρατοςο

1821 5456 2027 5510 centris
2061 5457 2250 5511 arctici
2292 5466 2348 5514 et
2396 5461 2682 5516 antarctici
2712 5464 3044 5519 circulorum
3089 5480 3231 5535 quos
3292 5471 3394 5535 p‘o-

1819 5546 1901 5601 los
1931 5549 2248 5616 nominant,
2281 5565 2346 5606 eo
2374 5552 2521 5622 quod
2560 5554 2766 5609 circum
2811 5555 2900 5610 illa
2942 5557 3142 5611 caelum
3171 5554 3386 5613 assidua

1819 5638 2082 5709 vertigine
2125 5649 2469 5712 torqueatur.
2509 5643 2586 5699 Ex
2630 5646 2697 5702 iis
2740 5647 2875 5703 alter
2919 5648 3119 5704 boreus
3162 5647 3380 5717 dicitur,

1819 5746 2032 5801 semper
2061 5748 2329 5805 apparens
2355 5755 2367 5791 :
2403 5737 2539 5793 alter
2563 5740 2851 5809 australis,
2877 5757 3092 5812 semper
3118 5739 3368 5802 occultut

1816 5823 2021 5882 Horum
2051 5830 2297 5885 meminit
2332 5831 2566 5890 Ara-tus;
