3928 6266
166 299 292 373 9st
943 307 1272 366 ACHILLIS
1306 308 1487 363 TATII
1532 304 1804 362 {SAGCCE

1913 305 1950 358 D
1975 304 2183 359 ARATI
2215 303 2658 362 ΡΙΙίΕΝΟΜΕΝΑ
3319 302 3424 362 98²

161 431 240 486 δὲ
284 435 345 488 ὲν
391 431 654 504 Καρκίνῳ
677 432 934 502 γένηται,
970 431 997 483 ὃ
1032 432 1148 483 ἐστι
1199 429 1340 484 κατά
1367 429 1656 499 διάμετρον
1691 427 1804 498 τῷ⁴

1913 427 1956 480 it
1996 430 2063 480 ad
2097 425 2390 489 Cancrum,
2433 426 2525 495 qui
2570 441 2600 479 a
2646 413 2977 494 CapriCorno
3006 433 3116 479 tota
3159 425 3426 478 diametro

166 525 573 597 Δίγοκέρωτι,
629 524 752 577 τότε
806 523 1033 594 πλησίον
1071 522 1228 594 ἡμῶν
1257 523 1401 586 ἐστι,
1445 523 1539 576 καὶ
1580 520 1767 592 καῦμα

1913 520 2076 584 istat,
2133 520 2570 590 appropinquare
2624 507 2807 584 nobis,
2858 535 2922 574 ac
2972 533 3244 575 summum
3284 517 3426 587 apud

171 618 340 671 πολὺ
367 618 498 688 παρ’
529 619 682 687 ἡμῖν.
721 617 780 670 '0
817 616 874 669 δὲ
901 615 1174 686 Καρκίνος
1201 614 1314 669 τῶν
1341 614 1405 684 ιβ’
1445 613 1651 678 ζωδίων
1682 613 1768 684 βο-

1913 625 1973 666 οε
1999 618 2194 666 testum
2229 612 2512 666 exsistere.
2553 611 2621 664 At
2664 606 2873 666 Cancer
2911 612 3192 668 duodecim
3244 614 3430 682 signo-

177 709 482 781 ρειότερός
511 710 648 762 ἐστι.
688 708 856 778 Δῆλον
887 703 1001 770 οῦν,
1028 709 1109 761 ὅτι
1139 707 1240 778 τὴν
1276 707 1480 778 βόρειον
1514 705 1770 776 οἰκοῦμεν

1913 721 1992 759 um
2031 705 2268 760 maxime
2292 705 2526 760 borealis
2555 711 2660 760 est.
2690 695 3043 774 Perspicuum
3071 715 3152 760 est
3179 721 3306 777 ergo
3342 707 3432 762 bo-

175 799 406 874 ζώνην.
425 802 512 855 Ἐν
544 800 652 872 γὰρ
679 799 931 871 Καρκίνῳ
951 799 1236 870 γενόμενος
1259 801 1287 852 ὁ
1314 799 1464 870 ἥλιος
1486 797 1770 870 ἀριστερὸς

1913 797 2074 850 ealem
2107 811 2137 850 a
2168 795 2328 850 nobis
2354 809 2545 849 zonam
2587 794 2772 850 incoli.
2799 793 2932 850 Nam
2966 796 3046 849 sol
3085 812 3206 851 cum
3240 806 3323 853 est
3375 799 3431 854 in

175 895 365 964 ἡμῶν
398 893 698 960 ἀνατέλλει,
735 892 832 964 τὴν
864 891 1021 945 σκιὰν
1059 891 1218 962 ἡμῶν
1251 893 1332 954 εἰς
1359 890 1428 944 τά
1456 890 1602 956 δεξιά
1631 890 1769 962 μέρη

179 983 440 1038 κλίνων·
485 985 514 1037 ὅ
559 983 674 1036 ἐστι
715 983 938 1054 σημεῖον
977 981 1204 1053 ἐναργὲς
1245 980 1338 1034 τοῦ
1375 981 1525 1051 ἡμᾶς
1569 978 1774 1045 δεξιοὺς

177 1068 353 1128 εἶναι
398 1073 494 1127 τοῦ
537 1073 708 1146 ἡλίου.
737 1073 802 1126 Εἰ
836 1073 943 1142 γάρ
970 1089 1055 1137 τις
1109 1069 1298 1141 λύχνον
1343 1069 1486 1140 ἆψας
1526 1071 1585 1122 ὲν
1627 1068 1774 1140 μέσῳ

178 1167 512 1239 οἰκήματος
541 1164 683 1236 θείη,
704 1163 762 1218 ὲν
789 1163 939 1235 δεξιᾷ
957 1163 1013 1217 δὲ
1045 1162 1208 1216 αὐτοῦ
1235 1162 1390 1233 σταίη
1411 1178 1425 1192 ·
1453 1162 1514 1216 τὸ
1537 1160 1778 1230 σκίασμα

183 1255 304 1310 τοῦ
342 1255 575 1320 ἑστῶτος
603 1256 664 1309 οὐ
702 1253 838 1327 πρὸς
880 1253 972 1308 τὸν
1003 1254 1227 1324 λύχνον,
1267 1253 1382 1308 ἀλλ’
1415 1253 1472 1306 ὲν
1507 1251 1659 1323 δεξιᾷ
1681 1250 1776 1304 τοῦ

185 1346 502 1420 ἀνθρώπου
528 1345 806 1418 τρέψεται.
838 1345 902 1398 Εἰ
930 1345 1106 1398 τοίνυν
1137 1344 1231 1398 καὶ
1259 1342 1415 1415 ἡμῶν
1454 1344 1509 1396 αἱ
1543 1341 1692 1396 σκιαὶ
1721 1342 1778 1394 ὲν

184 1439 366 1510 δεξιᾷ
391 1439 548 1510 ἡμῶν
573 1437 832 1508 γίνονται,
849 1437 1122 1508 δῆλον,ὃτι
1147 1435 1431 1508 ἀριστερὸς
1450 1433 1605 1506 ἡμῶν
1634 1434 1779 1486 ἐστιν

187 1531 224 1583 ὁ
257 1530 444 1600 ⁴ἣλιος.
471 1529 760 1583 Ἀνάπαλιν
781 1529 837 1582 δὲ
869 1532 982 1593 τοῖς
1011 1531 1069 1584 ὲν
1089 1531 1155 1599 τῇ
1179 1527 1336 1598 νοτίῳ
1365 1525 1511 1600 ζώνῃ
1541 1525 1780 1580 οἰκοῦσιν

189 1622 260 1674 ὲν
310 1621 462 1692 δεξιᾷ
503 1621 601 1693 μὲν
634 1620 780 1675 ἔστιν
817 1623 846 1674 ὁ
875 1621 1043 1693 ἥλιος·
1074 1622 1130 1674 ὲν
1167 1622 1431 1692 ἀριστερᾲ
1452 1619 1508 1673 δὲ
1535 1618 1712 1672 αὐτῶν
1744 1619 1778 1688 ὴ

1878 890 2096 946 Cancro
2135 889 2359 944 sinister
2403 888 2563 944 nobis
2602 889 2803 954 oritur,
2849 890 3096 945 umbram
3143 906 3296 945 suam
3339 891 3434 947 lle-

1874 989 2031 1038 ctens
2065 981 2131 1036 ad
2181 979 2483 1036 dexteram.
2549 979 2702 1046 Quod
2761 977 3081 1050 argumento
3111 991 3323 1038 estnos
3367 983 3433 1036 ad

1881 1072 2129 1129 dextram
2169 1071 2432 1127 obversos
2476 1086 2598 1128 esse
2637 1073 2759 1129 soli.
2807 1073 3014 1127 Etenim
3038 1073 3083 1129 si
3113 1074 3236 1144 quis
3262 1074 3438 1128 lucer-

1877 1180 2001 1219 nam
2029 1163 2333 1220 accendens
2361 1165 2537 1220 media
2568 1165 2620 1219 in
2652 1165 2814 1220 domo
2850 1167 3101 1230 collocet,
3130 1173 3182 1221 et
3205 1166 3270 1220 ad
3307 1165 3440 1220 dex-

1879 1260 2018 1306 tram
2056 1252 2178 1323 ejus
2211 1261 2336 1320 stet,
2373 1255 2577 1311 stantis
2629 1253 2800 1325 ipsius
2856 1256 3050 1311 umbra
3085 1272 3194 1310 non
3241 1258 3308 1312 ad
3356 1258 3440 1310 ln-

1879 1357 2122 1408 cernam,
2163 1345 2254 1400 sed
2291 1345 2355 1399 ad
2397 1346 2640 1401 dextram
2670 1346 2907 1401 hominis
2940 1347 3142 1402 tendet.
3172 1348 3440 1415 Quocirca

1880 1449 2004 1490 cum
2047 1436 2252 1491 umbra:
2284 1451 2575 1507 corporum
2607 1445 2921 1493 nostrorum
2953 1438 3155 1493 dextra:
3193 1441 3303 1494 sint
3354 1457 3442 1495 no.

1880 1527 1986 1594 bis,
2037 1527 2389 1584 manifestum
2429 1537 2512 1584 est
2543 1530 2826 1584 sinistrum
2872 1544 3088 1599 quoque
3116 1530 3274 1584 nobis
3320 1545 3442 1585 esse

1881 1621 2072 1676 solem.
2113 1619 2155 1674 E
2216 1622 2495 1675 contrario
2541 1636 2672 1676 vero
2709 1621 2798 1686 iis,
2826 1623 2918 1692 qui
2950 1622 3002 1675 in
3042 1623 3267 1677 australi
3307 1638 3444 1677 zona

193 1713 350 1767 σκιά
371 1713 508 1786 πρὸς
528 1713 678 1767 νότον
706 1713 1067 1784 ἐκπέμπεται.
1084 1711 1267 1776 Οῦτως
1292 1707 1384 1766 οῦν
1405 1710 1780 1764 ἀποδείκνυται

1913 1721 2106 1784 regunt,
2139 1714 2219 1768 sol
2247 1713 2439 1768 dexter
2478 1721 2602 1781 est;
2655 1713 2721 1768 ad
2755 1715 3032 1770 sinistram
3064 1731 3192 1770 vero
3229 1716 3444 1770 illorum

193 1807 365 1876 ἡμᾶς
405 1805 502 1877 τὴν
534 1804 740 1877 βόρειον
781 1804 955 1876 ζώνην
987 1805 1084 1875 τὴν
1123 1803 1382 1876 εῦκρατον
1415 1803 1602 1856 οἰκεῖν.
1628 1801 1784 1864 Τινὲς

1913 1805 2078 1858 imbra
2127 1805 2328 1875 jacitur
2361 1805 2639 1860 meridiem
2684 1821 2899 1862 versus.
2953 1805 3064 1861 llac
3115 1809 3321 1862 ratione
3353 1807 3448 1864 de-

192 1896 268 1950 δὶ
314 1897 412 1950 καὶ
457 1895 631 1952 ταῦτα
662 1897 790 1968 περὶ
819 1897 928 1950 τῶν
961 1895 1145 1960 ζωνῶν
1175 1898 1443 1968 εἰρήκασι.
1475 1893 1648 1948 Ζῶναί
1680 1894 1784 1946 είσι

1913 1904 2223 1952 nonstratur
2253 1912 2359 1952 nos
2387 1897 2442 1950 in
2468 1904 2766 1967 temperata
2798 1914 2934 1952 zona
2963 1899 3179 1969 degere.
3216 1897 3446 1964 Quidam

197 1990 314 2059 τῆς
359 1989 469 2060 γῆς
497 1989 603 2042 ὑπὸ
642 1991 766 2053 τοὺς
815 1987 1190 2060 παραλλήλους
1229 1986 1428 2057 ὁμοίως
1466 1983 1658 2038 πέντε·
1699 1982 1788 2053 βό-

1913 1989 2048 2043 τῑῑοιη
2074 1989 2142 2043 de
2173 1989 2327 2044 zonis
2356 1989 2460 2045 ista
2489 1989 2844 2059 scripserunt.
2876 1989 3037 2044 Zonae
3073 1997 3198 2045 sunt
3227 1991 3279 2042 in
3304 1997 3448 2044 terra

203 2097 385 2150 psto;,
403 2081 498 2151 ὅλη
528 2079 815 2150 μετέωρος,
841 2079 1111 2149 ἀοίκητος,
1137 2073 1786 2146 κατεψυγμένη,Κρόνου,

1913 2083 1993 2137 ιιι)
2031 2082 2307 2152 parallelis
2346 2081 2602 2138 similiter
2624 2082 2866 2152 quinque
2901 2101 2913 2136 :
2947 2082 3138 2147 Borea,
3175 2090 3284 2138 tota
3312 2083 3446 2139 sub-

202 2173 531 2243 ἑξηκοστῶν
567 2172 663 2244 μὲν
685 2178 760 2236 ς’,
787 2171 1015 2224 σταδίων
1042 2169 1098 2223 δὲ
1121 2167 1420 2239 δισμυρίων
1448 2172 1536 2238 ἐσ¹
1554 2181 1568 2196 ·
1593 2165 1656 2218 τὸ
1681 2163 1788 2235 γάρ

1913 2176 2057 2240 imis,
2085 2175 2482 2240 inhabitabilis,
2529 2174 2755 2246 frigida;
2793 2173 3073 2243 Saturnia,
3119 2177 3452 2246 sexagesima

206 2265 513 2338 ἑξηκοστὸν
550 2263 780 2318 σταδίων
810 2263 925 2316 ἐστὶ
956 2262 1065 2332 ,δσ¹,
1100 2261 1305 2332 θερινὴ,
1339 2258 1560 2312 πλείονα
1595 2256 1790 2327 ἔχουσα

1913 2267 2152 2337 ίοτυρυιε
2187 2283 2281 2323 sex
2307 2275 2522 2337 patens,
2556 2283 2677 2338 quae
2715 2274 2845 2322 sunt
2873 2267 3048 2323 stadia
3087 2265 3284 2338 25200.
3319 2265 3453 2319 Nam

207 2337 303 2412 τάν
327 2359 476 2430 ὑπὲρ
511 2357 603 2412 τὸν
640 2356 920 2429 ὁρίζοντα·
952 2355 1237 2427 εὔκρατος,
1267 2356 1324 2406 ὲν
1425 2353 1571 2405 ἐστιν
1610 2353 1643 2421 ή
1670 2347 1789 2402 καθ’

1913 2359 2210 2430 ierupulum
2263 2374 2432 2413 unum
2485 2337 2678 2414 stadiis
2733 2364 2947 2412 constat
2986 2356 3143 2411 1200.
3194 2337 3405 2410 ίλΕειίγει
3437 2395 3452 2420 ,

206 2451 370 2522 ἡμᾶς
404 2447 698 2520 οἰκουμένη
718 2465 732 2480 ο
758 2447 898 2512 Διὸς,
927 2445 1234 2519 ἑξηκοστῶν
1257 2451 1318 2509 ε’,
1344 2443 1571 2496 σταδίων
1591 2442 1648 2495 δὲ
1677 2441 1792 2494 δισ-

1913 2453 2057 2523 :ujus
2101 2452 2490 2523 parallelorum
2537 2465 2701 2521 supra
2739 2449 3074 2504 horizontem
3115 2449 3324 2501 minora
3368 2462 3455 2502 se-

209 2541 432 2614 μυρίων
477 2541 680 2611 καὶμο
728 2537 1050 2611 ἰσημερινὴ,
1110 2537 1224 2592 ίσον
1283 2535 1480 2606 ἔχουσα
1516 2533 1609 2587 τὸν
1653 2533 1794 2604 ὑπὲρ

1913 2552 2115 2616 {menta
2149 2552 2302 2602 sunt.
2327 2543 2671 2615 Temperata,
2705 2546 2757 2600 in
2787 2560 2892 2616 qua
2924 2545 3062 2601 situs
3083 2551 3166 2600 est
3188 2543 3335 2597 orbis
3363 2557 3458 2596 no-

210 2633 321 2703 γῆς
348 2630 600 2702 ὁρίζοντα
626 2630 704 2702 τῷ
725 2631 816 2684 ὑπ’
841 2631 1009 2684 αὐτόν
1029 2645 1042 2659 ·
1069 2628 1342 2697 ἀοίκητος,
1362 2623 1760 2694 διακεκαυμένη
1776 2639 1790 2653 ·

1913 2645 2031 2704 iter,
2067 2638 2134 2694 ad
2163 2636 2349 2694 Jovem
2382 2639 2662 2710 pertinens
2693 2638 2902 2708 qttzcin
2935 2637 3266 2708 sexagesima
3295 2635 3458 2706 quin-

216 2726 448 2794 Ἀρεος,
489 2722 794 2794 ὲξηκοστῶν
829 2723 925 2794 μὲν
959 2728 1031 2792 η’,
1079 2720 1139 2787 ἐξ
1176 2717 1436 2791 ἑκατέρου
1478 2715 1676 2789 μόρους
1701 2713 1794 2768 τοῦ

1913 2746 2005 2800 μισ
2047 2730 2374 2801 porrigitur;
2407 2731 2579 2786 stadia
2607 2730 2801 2786 2l000.
2829 2729 3268 2801 A‘Jquinoctialis,
3303 2729 3462 2797 cujus

215 2816 548 2886 ἰσημερινοῦ
591 2815 899 2888 τεσσάρωψ
950 2807 1104 2878 οὗτος
1160 2813 1270 2886 γὰρ
1311 2812 1480 2882 αὐτὴν
1524 2810 1652 2881 ὃλην
1697 2808 1798 2881 τὴν

1913 2821 2125 2876 iurizon
2157 2823 2420 2892 aequalem
2451 2821 2579 2877 facit
2613 2822 2756 2876 infra
2803 2837 3076 2894 supraque
3109 2821 3410 2893 portionem
3445 2839 3458 2872 :

219 2913 466 2981 σφαῖραν
502 2909 686 2980 τέμνει
739 2910 936 2981 μέσηνο
981 2907 1208 2962 σταδίων
1242 2906 1300 2960 δὲ
1337 2904 1675 2977 τρισμυρίων
1704 2903 1800 2956 καὶ

1913 2913 2298 2976 inhabitabilis,
2345 2914 2588 2968 torrida:
2621 2914 2802 2986 dicata
2829 2914 3019 2983 Marti;
3062 2930 3182 2986 quae
3207 2915 3464 2984 scrupula

216 3009 323 3076 .Yl'
347 3020 358 3030 '
398 3001 708 3073 χειμερινὴ,
736 3000 1004 3086 ἀνάπαλιν
1029 3003 1094 3071 τῇ
1129 2999 1337 3071 θερινῇ,
1381 2999 1563 3052 πλεῖον
1602 2997 1801 3068 ἔχουσα

1913 3013 2030 3060 octo
2067 3011 2234 3068 tenet,
2278 3005 2383 3059 hoc
2423 3013 2507 3059 est
2545 3001 2806 3076 utrinque
2831 3006 2899 3061 ab
2934 3005 3298 3077 aequinoctiali
3331 3020 3467 3073 qua-

216 3095 284 3148 τὸ
315 3093 426 3147 ὑπὸ
468 3094 559 3146 τὸν
599 3083 868 3165 ὁρίζοντα,
905 3092 1227 3163 οἰκουμένη,
1264 3089 1555 3162 εὔκρατοςο
1601 3090 1796 3160 Ἀφρο-

1913 3106 2046 3151 tuor.
2087 3095 2186 3150 Hic
2223 3097 2367 3151 enim
2408 3097 2673 3168 sphaeram
2709 3107 2873 3152 totam
2910 3099 2964 3152 iu
2997 3096 3175 3152 medio
3212 3098 3464 3166 partitur.

218 3186 404 3257 δίτης,
438 3184 743 3258 ἑξηκοστῶν
778 3185 842 3252 ε’,
882 3183 1108 3238 σταδίων
1137 3183 1196 3236 δὲ
1244 3182 1544 3253 δισμυρίων
1573 3180 1668 3234 καὶ
1716 3197 1796 3251 ια·

222 3281 430 3346 νότιος,
451 3279 548 3351 ὅλη
574 3277 801 3350 ἀφανὴς,
827 3277 1096 3348 ἀοίκητος,
1135 3273 1548 3345 κατεψυγμένη·
1575 3271 1798 3345 Ἑρμοῦ,

225 3371 548 3443 ἑξηκοστῶν
593 3371 692 3442 μὲν
724 3377 799 3435 ς’,
851 3367 1078 3423 σταδίων
1127 3367 1183 3421 δὲ
1229 3365 1526 3438 δισμυρίων
1555 3372 1665 3438 osa".
1714 3366 1802 3430 Ὧς

225 3460 380 3518 εἶναι
431 3463 491 3516 τδ
539 3463 678 3534 ὑπὲρ
723 3462 817 3515 τὸν
868 3459 1118 3532 ὁρίζοντα
1173 3459 1503 3531 περίμετρον
1552 3459 1651 3530 τῆς
1701 3459 1802 3530 γῆς

226 3555 546 3630 ἑξηκοστῶν
586 3555 684 3626 μὲν
725 3555 1038 3626 τριάκοντα,
1081 3551 1309 3607 σταδίων
1345 3552 1404 3606 δὲ
1437 3552 1710 3624 μυριάδων
1740 3551 1804 3622 ιβ’

226 3649 333 3704 καὶ
356 3666 434 3720 ⁴ς.
477 3645 781 3702 Καλοῦνται
803 3645 862 3700 δὲ
889 3646 938 3698 οἱ
963 3645 1062 3716 μὲν
1097 3645 1190 3697 ἐπὶ
1213 3643 1308 3697 τοῦ
1338 3643 1501 3697 αὐτοῦ
1544 3645 1807 3714 ἡμισφαι-

230 3743 358 3816 ρίου
381 3740 580 3812 βόρειοί
599 3757 659 3793 τε
681 3739 776 3794 καὶ
799 3738 962 3792 νότιοι
986 3736 1363 3799 κατοικοῦντες
1394 3735 1711 3807 αὐτόχθονες
1728 3735 1802 3767 ’⁸-

228 3835 287 3888 οἱ
313 3833 358 3886 δ’
382 3834 468 3902 ἐφ’
498 3831 734 3903 ἑκάτερα
765 3829 872 3884 τῶν
907 3828 1278 3901 ἡμισφαιρίων
1313 3827 1454 3900 ὑπὲρ
1487 3827 1588 3899 γῆς
1615 3845 1675 3881 τε
1715 3828 1810 3881 καὶ

232 3925 349 3981 ὑπὸ
375 3924 502 3995 γῆν,
539 3923 839 3988 ἀντίποδες.

1907 3183 2004 3242 Est
2023 3194 2203 3240 autem
2233 3186 2531 3241 stadiorum
2563 3187 2758 3243 55600.
2793 3187 3069 3252 Hiemalis,
3093 3197 3282 3242 contra
3305 3202 3469 3258 quam

1907 3279 2096 3334 aestiva
2141 3277 2404 3347 majorem
2457 3278 2560 3333 sub
2615 3279 2897 3335 horizonte
2949 3281 3249 3347 portionem
3304 3279 3472 3334 relin-

1907 3384 2119 3440 quens;
2171 3369 2414 3423 habitata
2459 3376 2792 3440 temperata,
2843 3371 3100 3426 attributa
3146 3370 3382 3435 Veneri;
3416 3369 3474 3424 in

1909 3461 2243 3533 sexagesima
2267 3464 2508 3533 quinque
2527 3463 2720 3518 dill'usa
2742 3483 2754 3518 :
2780 3451 2904 3535 qua:
2926 3473 3054 3520 sunt
3082 3463 3255 3519 stadia
3275 3461 3472 3516 2l000.

1911 3554 2186 3609 Australis
2215 3570 2323 3609 non
2362 3570 2631 3626 apparens
2661 3538 3314 3626 omninozinliabitabilis,
3369 3556 3474 3609 fri-

1913 3659 2044 3714 gore
2081 3645 2292 3716 rigens;
2348 3645 2600 3700 Mercurii
2649 3631 2962 3717 peculiaris,
3011 3649 3346 3718 sexagesima
3381 3665 3478 3705 sex

1915 3735 2214 3790 obtinens:
2251 3751 2373 3806 quae
2425 3724 3055 3794 stadiaraciunt‘93200.
3108 3737 3181 3793 ua
3219 3739 3478 3796 dimidius

1919 3843 2085 3898 supra
2121 3821 2458 3884 horizontem
2500 3830 2737 3886 ambitus
2776 3839 2934 3886 terra:
2975 3832 3231 3902 scrupula
3273 3831 3483 3902 colligit

1917 3921 2164 3991 triginta,
2194 3921 2372 3978 stadia
2405 3921 2634 3977 126000.
2667 3922 2840 3977 Porro
2860 3923 3048 3993 quiin
3084 3923 3274 3978 eodem
3306 3923 3484 3978 hemi-

235 4021 482 4092 sphaerio
527 4020 656 4074 hinc
707 4018 776 4073 ad
831 4017 1252 4089 septentriones,
1306 4015 1434 4071 inde
1489 4014 1558 4070 ad
1597 4015 1876 4070 meridiem
1927 4001 2195 4086 habitant,
2249 4016 2635 4074 anticbthoues
2690 4011 2992 4085 vocantur;
3047 4018 3140 4086 qui
3193 4025 3374 4073 autem
3428 4016 3484 4071 in

235 4116 478 4174 diversis
500 4113 892 4186 hemisphaeriis
920 4129 1084 4185 supra
1100 4113 1350 4184 infraque
1363 4120 1588 4176 terram,
1609 4110 1894 4180 antipodes

281 4238 426 4308 Περί
449 4236 570 4292 τῶν
590 4237 660 4290 ἐν
691 4235 820 4302 ταῖς
850 4235 1160 4304 εὐκράτως
1189 4232 1394 4299 ζώναις
1434 4233 1778 4286 οἰκούντων.

315 4352 383 4405 λ’.
413 4349 536 4403 Τῶν
567 4348 624 4402 δὲ
652 4349 712 4400 ὲν
736 4349 858 4410 ταῖς
889 4346 1039 4400 δυσὶν
1063 4345 1350 4417 εὐκράτοις
1380 4342 1576 4408 ζώναις
1605 4343 1817 4397 οἰκούν-

2129 4232 2208 4287 De
2237 4231 2320 4287 his
2348 4233 2440 4303 qui
2485 4240 2802 4303 temperatas
2839 4246 3000 4285 zonas
3031 4228 3290 4284 incolunt.

1989 4327 2078 4383 30.
2106 4327 2211 4395 Qui
2243 4328 2298 4384 in
2325 4327 2637 4398 temperatis
2666 4326 2877 4382 duabus
2911 4325 3173 4387 habitant,
3195 4322 3491 4389 horum,ut

238 4463 376 4510 των,
401 4445 488 4498 ἵνα
513 4441 844 4513 σαφέστερον
874 4413 1246 4509 διέλωμεν,ὀί
1275 4439 1374 4507 μέν
1401 4439 1505 4491 εἰσι
1535 4438 1798 4510 περίοικοι

1931 4420 2252 4478 distinctius
2283 4421 2644 4492 explicemus,
2678 4418 2770 4472 alii
2815 4417 3038 4498 periteci
3068 4421 3366 4478 vocantur;
3398 4413 3492 4468 alii

244 4537 297 4590 οἱ
327 4536 388 4589 δὲ
419 4535 677 4596 ἄντοικοι,
706 4533 754 4585 οἱ
783 4530 839 4583 δὲ
868 4529 1193 4600 ἀντίχθονες,
1221 4531 1270 4582 οἰ
1292 4529 1349 4583 δὲ
1374 4528 1656 4593 ἀντίποδες
1678 4546 1691 4559 ·
1729 4546 1826 4581 πε-

249 4629 447 4702 ρίοικοι
479 4627 600 4699 μὲν.
635 4626 747 4679 ὅσοι
769 4624 866 4695 τὴν
903 4622 1071 4695 αὐτὴν
1097 4623 1310 4694 οἴκησιν
1333 4622 1600 4676 οἰκοῦσινο
1636 4621 1746 4676 οἷον
1775 4623 1825 4675 οἰ

247 4722 352 4793 τὴν
390 4720 599 4792 βόρειον
630 4717 907 4781 οἰκοῦντες
945 4715 1214 4788 περίοικοί
1241 4717 1381 4769 εἰσιν
1412 4715 1691 4788 ἀλλήλοις⁶
1731 4713 1827 4769 καὶ

251 4811 415 4865 πάλιν
441 4811 489 4862 οἰ
525 4810 626 4880 τὴν
655 4807 829 4863 νότιον
860 4805 1126 4878 περίοικοί
1161 4808 1298 4859 εἰσιν
1333 4804 1613 4876 ἀλλήλοις·
1654 4804 1829 4858 ἀντοι-

252 4921 340 4957 κοι
362 4903 420 4955 δὲ
445 4901 496 4954 οἱ
525 4899 620 4971 τὴν
643 4899 817 4952 νότιον
840 4897 1114 4960 οἰκοῦντες
1135 4897 1247 4960 τοῖς
1263 4897 1359 4968 τὴν
1391 4895 1597 4966 βόρειον
1619 4893 1828 4948 οἰκοῦσι

253 4991 456 5062 ζώνην.
482 4992 594 5044 Καὶ
635 4988 1026 5059 ἀντοικουμένη
1067 4988 1214 5040 ἐστὶν
1241 4988 1276 5058 ὴ
1320 4985 1526 5056 βόρειος
1555 4986 1622 5055 τῇ
1650 4984 1828 5053 νοτίῳ,

258 5086 354 5138 καὶ
392 5086 426 5154 ὴ
453 5082 627 5146 νότιος
661 5084 726 5153 τῇ
763 5080 958 5152 βορείῳ
979 5097 991 5109 ·
1023 5077 1334 5149 ἀντίχθονες
1374 5076 1432 5128 δὲ
1455 5077 1504 5129 οἰ
1543 5073 1684 5128 κατὰ
1721 5074 1834 5126 διά-

260 5191 462 5246 μετρον
491 5174 550 5226 ὲν
577 5175 697 5235 ταῖς
718 5172 933 5241 ὁμοίαις
961 5169 1158 5234 ζώναις
1184 5167 1459 5230 οἰκοῦντες
1479 5181 1493 5196 ο
1525 5159 1635 5218 οἷον
1678 5165 1739 5217 ὲν
1765 5165 1832 5235 τῇ

260 5266 458 5338 βορείῳ
481 5268 538 5318 ὲν
565 5265 643 5336 τῷ
685 5264 822 5336 ὑπὲρ
847 5263 952 5333 γῆς
987 5261 1354 5332 ἡμισφαιρίῳ·
1399 5258 1598 5330 ὁμοίως
1646 5257 1704 5310 δὲ
1741 5256 1835 5310 καὶ

255 5358 316 5410 ὲν
349 5356 428 5427 τῷ
459 5355 639 5426 νοτίῳ.
669 5355 971 5420 ’Δντίποδες
991 5355 1047 5408 δὲ
1076 5355 1122 5408 οἰ
1152 5352 1292 5408 κατὰ
1317 5352 1604 5422 διάμετρον
1623 5351 1681 5402 ὲν
1711 5351 1832 5411 ταῖς

257 5446 529 5508 ἐναντίαις
557 5445 753 5510 ζώναις
786 5446 1058 5510 οἰκοῦντες
1077 5461 1091 5476 ο
1128 5442 1238 5499 οἷον
1264 5445 1370 5499 τῶν
1410 5443 1546 5514 πρὸς
1572 5440 1650 5512 τῷ
1682 5443 1831 5512 Καρ-

258 5540 399 5611 κίνῳ
430 5536 722 5591 οἰκούντων
755 5538 1035 5603 ἀντίποδες
1063 5538 1199 5593 εἰσιν
1237 5539 1286 5592 οί
1317 5535 1454 5608 πρὸς
1495 5533 1572 5606 τῷ
1597 5533 1824 5603 Αἰγοκέο

338 5725 384 5761 ⁸⁸
411 5725 541 5798 Ley.
567 5724 891 5798 ἀντίχθονες.

1935 4514 2179 4581 autumi;
2217 4513 2308 4567 alii
2345 4512 2766 4578 antichtbones;
2803 4511 2893 4564 alii
2924 4508 3229 4579 antipodes.
3260 4506 3494 4562 Perimci

1933 4613 2064 4662 sunt
2094 4606 2187 4677 qui
2213 4605 2462 4662 eamdem
2500 4604 2894 4661 habitationem
2931 4603 3198 4657 incolunt.
3249 4597 3494 4667 Exempli

1929 4719 2118 4769 causa,
2141 4703 2235 4776 qui
2270 4704 2543 4759 borealem
2578 4717 2771 4757 zonam
2803 4709 3092 4770 occupant,
3113 4697 3336 4768 perioeci
3370 4700 3502 4749 sunt.

1931 4795 2186 4854 invicem.
2223 4794 2438 4851 Antoeci
2469 4802 2597 4852 sunt
2626 4808 2777 4849 zonae
2807 4792 3063 4848 australis
3089 4790 3281 4845 incolae
3310 4788 3490 4842 borea-

1931 4887 2077 4944 libus
2121 4905 2136 4942 :
2199 4895 2391 4957 estque
2429 4885 2656 4941 australi
2702 4884 2949 4960 opposita
3004 4880 3242 4937 borealis
3280 4877 3496 4932 habita-

1936 4980 2048 5045 tio,
2085 4986 2140 5035 et
2188 4979 2447 5034 australis
2492 4977 2730 5033 boreali.
2778 4976 2889 5047 9o
2939 4973 3336 5030 Antichthones
3375 4975 3503 5023 sunt

1936 5071 2032 5141 qui
2059 5086 2128 5125 ex
2161 5071 2432 5125 diametro
2458 5070 2731 5126 similibus
2770 5069 2825 5122 in
2865 5069 3018 5123 zonis
3056 5066 3326 5128 habitant,
3354 5061 3505 5116 velut

1937 5163 2030 5233 qui
2074 5162 2131 5216 in
2173 5162 2378 5216 boreali
2418 5161 2719 5232 superioris
2767 5157 3134 5231 hemisphaerii
3179 5155 3404 5226 degunt,
3451 5159 3507 5206 et

1938 5255 2034 5325 qui
2086 5255 2141 5308 in
2199 5254 2452 5309 australi.
2505 5254 2808 5323 Antipodes
2841 5260 2970 5307 sunt
3009 5250 3100 5321 qui
3132 5251 3187 5303 in
3227 5247 3380 5302 zonis
3408 5259 3508 5314 op-

1943 5345 2141 5416 positis
2171 5360 2236 5400 ex
2291 5345 2560 5400 diametro
2605 5344 2696 5399 siti
2726 5350 2874 5399 sunt.
2937 5342 3014 5396 lta
3049 5340 3140 5411 qui
3184 5339 3287 5394 sub
3315 5334 3508 5404 Capri-

1939 5455 2114 5494 corno
2152 5447 2444 5493 versantur
2465 5453 2652 5493 corum
2685 5444 2814 5491 sunt
2842 5433 3145 5504 antipodes,
3174 5430 3268 5501 qui
3297 5429 3504 5482 Cancra

1941 5531 2244 5602 subjaccnt.
2288 5529 2454 5603 Igitur
2481 5529 2706 5601 [νοτίωρὶ
2739 5539 2926 5584 noctes
2956 5541 3017 5580 ac
3049 5524 3184 5588 dics,
3217 5526 3270 5576 et
3296 5523 3497 5577 annuat
