3928 6266
515 275 621 333 983

1525 280 1620 335 AD
1647 279 1914 337 EUSEBII
1945 281 2334 338 CHRONICON
2366 281 2725 342 APPENDIX.
3627 285 3714 342 986

519 401 872 463 tempestates
908 394 1110 450 habent
1140 395 1380 451 easdem.
1414 396 1628 452 Antmci
1655 399 1900 454 eamdem
1935 399 2072 454 invi-

2189 419 2338 472 ρωτι.
2362 403 2424 454 Οἱ
2468 403 2565 474 μὲν
2603 398 2695 455 οὖν
2742 398 3006 471 περίοικοι
3049 398 3146 469 τὴν
3187 397 3363 469 αὐτὴν
3401 396 3604 468 ἔχουσιν
3643 401 3714 456 ἀεὶ

514 501 633 540 cem
666 496 878 545 noctem
922 487 1145 556 habent,
1180 497 1234 544 et
1260 489 1404 544 diem
1439 509 1451 542 :
1487 491 1581 545 sed
1628 491 1844 547 diversa
1887 493 2074 548 solsti-

517 578 611 633 tia.
640 576 777 632 Nam
815 581 896 634 sol
936 579 992 634 in
1021 580 1232 636 Cancro
1259 581 1474 652 positus
1511 589 1570 636 ut
1607 591 1852 638 aestatem
1890 584 2073 649 nobis,

515 671 608 741 qui
641 671 708 726 ad
749 673 1150 742 septentriones
1190 673 1537 742 accedimus;
1580 675 1661 731 sic
1713 676 1842 743 illis,
1879 677 1974 746 qui
2009 676 2075 732 ad

516 769 761 816 austrum
794 771 1053 836 vergunt,
1102 765 1258 820 aﬂ'ert
1294 767 1553 823 hiemem.
1607 765 1860 822 Vicissim
1893 781 2075 824 autem

515 854 581 908 ad
610 853 1004 924 Capricornum
1027 855 1239 912 delatus
1266 857 1434 912 nobis
1456 856 1689 912 hiemem
1717 859 2076 928 septentrioni

517 946 1038 1017 propinquioribus;
1066 949 1132 1004 ad
1165 956 1416 1004 austrum
1449 965 1578 1004 vero
1609 951 1803 1020 positis
1833 959 2077 1008 aestatem

515 1038 696 1092 cllicit.
736 1037 972 1106 Rursus,
1015 1055 1140 1095 cum
1182 1042 1290 1096 sint
1323 1041 1655 1111 aequinoctia
1697 1043 1828 1110 duo,
1858 1043 2079 1114 quando

514 1132 594 1184 sol
629 1130 866 1187 Arietem
903 1133 1098 1204 attigit,
1123 1133 1437 1189 borealibus
1463 1134 1624 1188 nobis
1652 1151 1882 1189 vernum
1907 1134 2078 1205 aequi-

513 1224 756 1278 noctium
790 1224 940 1290 facit,
977 1228 1204 1282 antcecis
1242 1229 1572 1283 autumnale.
1609 1228 1667 1282 In
1696 1227 1862 1282 Libra
1887 1235 2078 1281 contra

514 1316 670 1369 nobis
717 1317 1061 1391 autumnale,
1117 1318 1350 1373 antatcis
1409 1333 1636 1372 vernum
1689 1315 2077 1386 :cquinoctium

513 1407 673 1474 parit.
709 1405 837 1464 Post
877 1409 1286 1478 aequinoctium,
1323 1409 1468 1479 quod
1502 1408 1561 1462 ﬁt
1604 1407 1763 1462 nobis
1801 1407 1856 1460 in
1894 1406 2081 1461 Ariete

513 1511 764 1563 vernum,
801 1499 882 1554 sol
927 1499 1254 1566 ascendens,
1291 1499 1347 1555 in
1381 1500 1594 1556 Cancro
1653 1499 1813 1553 nobis
1836 1504 2083 1552 aestatem

513 1589 696 1654 ellicit,
728 1600 996 1663 augetque
1035 1592 1247 1652 dierum
1301 1593 1514 1664 spatia;
1547 1599 1815 1647 nocturna
1859 1596 2078 1645 contra-

511 1680 613 1735 hit.
645 1682 727 1737 Ab
771 1683 1074 1737 autumnali
1102 1683 1430 1753 aequinoctio
1470 1682 1648 1738 Librae
1677 1684 1744 1737 ad
1789 1681 2080 1752 Capricor-

513 1789 643 1828 num
718 1773 1000 1838 delabens,
1040 1773 1184 1844 apud
1233 1789 1334 1829 nos
1376 1772 1494 1828 dies
1545 1772 1840 1836 imminuit,
1893 1778 2081 1827 noctes
2111 1753 2152 1807 Β

513 1866 800 1935 producit;
825 1865 1055 1920 hiemem
1079 1864 1344 1931 aﬂ‘erens;
1375 1863 1517 1935 apud
1547 1864 1670 1920 illos
1703 1870 1763 1918 ut
1788 1872 1946 1934 auget
1974 1863 2085 1919 die-

512 1973 635 2012 rum
689 1957 995 2022 intervalla,
1047 1957 1130 2012 sic
1186 1956 1252 2012 de
1294 1957 1588 2011 nocturnis
1617 1955 1876 2021 detrahit,
1915 1963 2080 2010 aesta-

512 2057 729 2120 temque
774 2050 969 2104 reddit.
1019 2049 1193 2120 Atque
1242 2057 1300 2104 ut
1343 2065 1451 2104 uno
1475 2050 1643 2103 verbo
1682 2048 1880 2114 dicam,
1921 2047 2080 2118 quid-

512 2141 646 2212 quid
679 2140 890 2194 Cancer
932 2140 1092 2194 nobis
1149 2139 1343 2205 eﬂicit,
1397 2139 1501 2193 hoc
1533 2139 1642 2193 illis
1675 2137 2078 2208 Capricornus;

513 2231 733 2303 etquod
757 2231 916 2286 nobis
939 2230 1334 2300 Capricornus,
1370 2229 1470 2284 hoc
1511 2230 1620 2284 illis
1661 2222 1872 2283 Cancer
1897 2245 1912 2295 ;
1937 2227 2082 2298 quod

514 2325 672 2382 nobis
702 2323 880 2387 Aries.
927 2323 1030 2378 hoc
1071 2324 1178 2378 illis
1212 2323 1374 2378 Libra
1407 2332 1498 2379 :et
1526 2338 1556 2378 e
1581 2323 1876 2378 contrario.
1927 2322 2082 2376 Anti-

513 2415 844 2470 chthonibus
870 2414 1141 2470 alternam
1169 2423 1359 2471 noctes
1389 2422 1446 2469 et
1471 2414 1606 2470 dies.
1632 2413 1766 2469 Nam
1789 2413 2084 2485 superiori-

514 2505 618 2558 bus
648 2519 838 2559 eorum
877 2514 1000 2558 ortu
1049 2518 1151 2558 suo
1180 2502 1322 2558 dicm
1367 2504 1448 2559 sol
1479 2503 1718 2559 infundit
1748 2523 1760 2558 :
1795 2504 2084 2560 inferiori-

515 2598 621 2654 bus
645 2605 878 2653 noctem.
911 2597 1124 2652 Rursus
1161 2597 1320 2653 nobis
1343 2597 1423 2657 sol
1453 2612 1654 2674 occasu
1684 2612 1786 2652 suo
1821 2604 2036 2651 noctem
2064 2615 2079 2662 ;

517 2691 620 2744 sub
645 2697 793 2745 terra
821 2688 1080 2751 conditis,
1111 2687 1256 2743 diem
1287 2687 1516 2743 oriendo
1546 2688 1808 2743 restituit.
1837 2686 2082 2742 Solstitia

517 2788 701 2833 tamen
727 2786 780 2832 et
811 2778 1141 2850 aequinoctia
1181 2777 1474 2847 utrobique
1509 2787 1638 2833 sunt
1672 2778 1859 2833 eadem
1889 2779 2082 2832 borea-

518 2870 660 2924 libus
707 2868 852 2923 inl'ra
900 2884 1170 2939 supraque
1209 2870 1421 2939 positis.
1486 2868 1769 2938 Ejusmodi
1809 2876 1937 2924 sunt
1988 2883 2084 2922 an-

516 2960 847 3016 tichthones.
880 2959 1190 3030 Antipodes
1218 2961 1498 3014 contraria
1518 2967 1574 3014 et
1609 2959 1864 3030 Opposita
1897 2957 2083 3012 vident

2177 493 2363 559 νύκτα,
2388 495 2480 547 καὶ
2499 493 2727 566 ἡμέραν,
2745 492 2840 546 καὶ
2863 489 2962 554 τὰς
2989 490 3234 560 ἐτησίους
3265 489 3417 560 ὧρας
3434 509 3446 519 ·
3473 492 3520 542 οἱ
3544 491 3595 542 δὲ
3612 492 3714 547 ἀντ-

2183 601 2330 637 οικοι
2367 583 2464 655 τὴν
2515 584 2612 654 μὲν
2649 581 2816 654 αὐτὴν
2865 581 3076 656 ἔχουσιν
3114 579 3366 650 ἀλλήλοις
3413 581 3613 652 ἡμέραν
3641 585 3714 637 καὶ

2183 677 2372 743 νύκτα,
2411 678 2473 730 οὔ
2504 675 2603 739 τὰς
2649 673 2817 736 αὐτὰς
2843 673 2900 728 δὲ
2944 673 3168 745 τροπάς.
3217 674 3312 726 Ἐν
3349 673 3602 743 Καρκίνῳ
3627 677 3715 746 γὰρ

2179 770 2473 840 γενόμενος
2498 770 2526 822 6
2549 768 2700 838 ἥλιος
2728 767 2858 838 ἡμῖν
2884 766 2981 837 μὲν
3014 765 3190 836 θέρος,
3225 763 3581 836 βορειοτέροις
3598 763 3711 832 οὖσι,

2181 863 2344 926 ποιεῖ,
2363 863 2476 925 τοῖς
2503 859 2560 912 δὲ
2576 858 2929 930 νοτιωτέροις,
2945 856 3204 928 χειμῶνα.
3227 857 3406 910 Ὅταν
3431 856 3486 908 δὲ
3508 859 3563 908 ἐν
3587 859 3714 926 Αἰγο-

2183 951 2383 1022 κέρωτι
2411 950 2657 1022 γένηται,
2681 951 2808 1020 ἡμῖν
2835 951 2932 1020 μὲν
2959 948 3199 1019 χειμῶνα
3222 947 3579 1019 βορειοτέροις
3601 947 3713 1012 οὖσι.

2178 1049 2286 1109 τοῖς
2321 1045 2377 1098 δὲ
2407 1045 2506 1116 τὴν
2547 1044 2722 1098 νότιον
2765 1044 2970 1097 οἰκοῦσι
3015 1042 3190 1113 ζώνην
3238 1042 3405 1114 θέρος
3435 1046 3589 1098 ποιεῖ.
3628 1046 3715 1098 Καὶ

2180 1137 2342 1190 πάλιν
2368 1137 2476 1190 τῶν
2511 1134 2810 1208 ἰσημεριῶν
2837 1135 2930 1188 δύο
2956 1134 3149 1199 οὐσῶν,
3187 1137 3246 1188 ἐν
3291 1133 3394 1204 μὲν
3424 1135 3468 1186 Κ
3479 1135 3571 1206 ριῷ
3596 1136 3715 1206 ἥλιος

2180 1230 2468 1300 γενόμενος
2497 1231 2628 1300 ἡμῖν
2672 1229 2770 1299 μὲν
2804 1227 3044 1298 ἐαρινὴν,
3077 1229 3190 1290 τοῖς
3226 1227 3332 1297 τὴν
3376 1225 3602 1298 βόρειον,
3628 1233 3714 1293 toi;

2179 1323 2236 1376 δὲ
2281 1321 2548 1385 ἀντοίκοις
2595 1319 2966 1391 μετοπωρινὴν
3008 1318 3302 1391 ἰσημερίαν
3338 1321 3500 1371 ποιεῖ.
3539 1319 3648 1373 Ἐὰν
3671 1321 3713 1374 δὲ

2180 1415 2239 1466 ἐν
2263 1413 2470 1485 Χηλαῖς
2499 1413 2723 1483 γένηται
2741 1451 2756 1475 ,
2789 1413 2920 1483 ἡμῖν
2962 1410 3060 1481 μὲν
3109 1409 3519 1481 μετοπωρινὴν,
3544 1415 3643 1474 τοῖς
3668 1412 3715 1466 δὲ

2179 1505 2448 1568 ἀντοίκοις
2485 1503 2702 1574 ἐαρινὴν
2744 1503 3034 1573 ἰσημερίαν
3065 1503 3228 1554 ποιεῖ.
3265 1501 3406 1554 ’Λπὺ
3439 1501 3494 1553 δὲ
3529 1503 3616 1573 τῆς
3639 1503 3712 1556 τοῦ

2186 1594 2361 1666 Κριοῦ
2386 1594 2673 1666 ἰσημερίας
2693 1594 2791 1664 τῆς
2829 1595 2958 1665 παρ’
2985 1594 3114 1664 ἡμῖν
3139 1592 3368 1664 ἐαρινῆς
3389 1593 3418 1644 6
3447 1593 3586 1664 ἥλιος
3612 1595 3715 1647 ἀνσ-

2183 1687 2380 1741 6αίνων
2405 1689 2466 1742 ὲν
2503 1687 2763 1759 Καρκίνῳ
2785 1685 2956 1763 ,Θέρος
2986 1686 3086 1757 μὲν
3113 1689 3243 1757 ἡμῖν
3281 1688 3449 1750 ποιεῖ,
3480 1687 3566 1738 καὶ
3594 1685 3714 1751 αὔξει

2180 1776 2279 1841 τὰς
2307 1777 2538 1849 ἡμέρας,
2575 1777 2674 1840 τὰς
2705 1777 2761 1831 δὲ
2788 1775 2984 1840 νύκτας
3013 1776 3270 1839 ἐλάττους
3293 1778 3441 1830 ποιεί
3464 1777 3504 1807 ¹⁸
3524 1793 3536 1805 -
3565 1777 3714 1830 ἀπὸδδ

2181 1867 2277 1938 τῆς
2302 1866 2594 1936 ἐν--Χηλαῖς
2631 1866 2919 1938 ἰσημερίας
2945 1865 3038 1918 ἐπὶ
3075 1866 3164 1918 τὸν
3189 1865 3544 1937 Δίγοκέρωτα
3579 1881 3713 1918 κατα-

2183 1957 2398 2024 ϐαίνων,
2431 1959 2560 2029 παρ’
2604 1959 2734 2028 ἡμῖν
2791 1958 2888 2028 μὲν
2928 1959 3069 2029 μειοῖ
3106 1957 3204 2022 τὰς
3233 1957 3484 2028 ἡμέρας,
3517 1959 3599 2009 καὶ
3637 1958 3712 2020 τὰς

2181 2052 2380 2115 νύκτας
2405 2051 2578 2118 αὕξει,
2599 2051 2846 2122 χειμῶνα
2869 2050 3316 2123 ἀπεργαζόμενος
3336 2068 3350 2081 ο
3380 2051 3506 2121 παρ’
3527 2050 3713 2112 ἐκείνοις

2179 2144 2237 2198 δὲ
2263 2142 2415 2211 αὕξει
2452 2143 2550 2212 τὴν
2590 2135 2827 2214 ἡμέραν,
2864 2142 2956 2196 καὶ
3002 2142 3099 2213 τὴν
3130 2142 3304 2196 νύκτα
3346 2143 3560 2212 μοιεῖίθ,
3587 2141 3710 2210 θέρος

2182 2236 2369 2291 ποιῶν.
2403 2236 2648 2290 Καθόλου
2697 2235 2754 2288 δὲ
2789 2236 2995 2300 εἰπεῖν,
3026 2235 3054 2287 ὃ
3090 2235 3225 2307 ἡμῖν
3267 2235 3416 2286 ποιεῖ
3463 2232 3708 2302 Καρκίνος,

2181 2325 2326 2380 τοῦτ’
2376 2326 2602 2389 ἐκείνοις
2642 2326 2982 2396 Αἰγόκερως·
3048 2323 3076 2378 ὃ
3113 2324 3160 2377 δ’
3206 2325 3341 2394 ἡμῖν
3403 2323 3706 2391 Αἰγόκερως,

2180 2417 2324 2471 τοῦτ’
2345 2417 2572 2481 ἐκείνοις
2589 2416 2864 2486 Καρκίνος
2881 2432 2895 2446 ο
2932 2415 2960 2468 ὃ
2984 2415 3027 2467 δ’
3055 2416 3190 2486 ἡμῖν
3219 2414 3413 2486 Κριὸς,
3441 2413 3572 2466 τοῦτ’
3595 2413 3709 2465 ἐκεί-

2183 2524 2295 2570 νοις
2327 2505 2507 2578 Χηλαί
2527 2522 2540 2536 ·
2577 2505 2672 2559 καὶ⁴
2695 2505 2758 2558 τὸ
2795 2505 3083 2560 ἀνάπαλιν.
3115 2505 3180 2558 Oi
3228 2504 3287 2558 δὲ
3315 2504 3606 2573 ἀντίχθονες
3632 2503 3706 2566 τὰς

2182 2598 2384 2662 νύκτας
2417 2597 2512 2650 καί¹
2535 2597 2634 2660 τὰς
2656 2596 2870 2669 ἡμέρας
2903 2595 3372 2668 παρηλλαγμένας
3399 2594 3585 2665 έχουσι.
3613 2593 3708 2655 Τοῖς

2182 2689 2289 2761 γὰρ
2316 2688 2456 2759 ὑπὲρ
2483 2689 2588 2758 γῆς
2620 2687 2929 2758 ἀντίχθοσιν
2973 2685 3282 2742 ἀνατέλλων
3311 2687 3340 2738 6
3371 2686 3512 2758 ἥλιος
3537 2685 3705 2755 ἡμέραν

2184 2783 2346 2846 ποιεῖ,
2378 2782 2489 2844 τοῖς
2513 2779 2570 2833 δὲ
2609 2779 2714 2832 ὑπὸ
2747 2779 2852 2850 γῆν
2882 2778 3072 2832 νύκτα.
3103 2778 3216 2832 Καὶ
3254 2777 3418 2831 πάλιν
3458 2775 3576 2846 παρ’
3604 2776 3707 2843 ἡμῖν

2181 2871 2352 2926 δύνων
2380 2872 2409 2923 6
2432 2871 2581 2949 ᾕλιος
2617 2869 2787 2923 νύκτα
2817 2871 2958 2922 ποιεῖ
2976 2885 2991 2900 ο
3023 2866 3174 2940 παρὰ
3203 2867 3263 2922 δέ
3299 2869 3412 2930 τοῖς
3443 2867 3579 2919 κάτω
3607 2865 3706 2925 ἀνα·

2181 2963 2354 3016 τέλλει
2394 2962 2604 3034 ἡμέραν
2635 2961 2825 3016 ποιῶν.
2863 2959 3080 3033 Τροπάς
3109 2959 3294 3030 μέντοι
3327 2960 3422 3012 καὶ
3468 2954 3707 3027 ἰσημερίας

514 3051 716 3107 omnia.
759 3051 892 3107 Nam
931 3061 985 3108 et
1021 3067 1146 3108 cum
1188 3051 1306 3107 dies
1341 3061 1426 3107 est
1461 3052 1640 3117 nobis,
1681 3065 1788 3105 nox
1831 3050 1940 3106 illis
1975 3059 2079 3118 est;

2183 3053 2280 3118 τὰς
2314 3053 2484 3117 αὐτὰς
2507 3051 2719 3124 ἔχουσιν
2741 3053 2790 3104 οἰ
2823 3052 2934 3106 ἄνω
2966 3050 3163 3123 βόρειοι
3185 3051 3302 3114 τοῖς
3321 3048 3467 3103 κάτω
3488 3046 3704 3116 βορείοις’
3815 3094 3820 3102 .

516 3159 569 3204 et
617 3164 741 3204 cum
799 3149 942 3220 apud
982 3150 1104 3204 illos
1154 3157 1320 3205 aestas
1358 3157 1464 3210 est,
1529 3147 1584 3201 in
1618 3145 1752 3201 orbe
1787 3153 1976 3200 nostro
2023 3144 2080 3199 ﬁt

2190 3146 2463 3200 τουτέστιν
2495 3147 2542 3198 οἰ
2572 3144 2901 3214 ἀντίχθονες.
2922 3144 2987 3197 Οἰ
3011 3143 3068 3197 δὲ
3096 3141 3382 3205 ἀντίποδες
3411 3139 3572 3194 πάντα
3588 3138 3707 3189 ἐναν-

516 3242 714 3296 hiems.
742 3239 826 3296 Ad
861 3256 1131 3298 summam
1156 3255 1282 3295 cum
1321 3238 1579 3294 australis
1605 3251 1756 3302 zonae
1797 3237 2080 3294 contrariae.

2189 3239 2280 3291 τία
2317 3237 2413 3291 καὶ
2449 3237 2730 3308 μαχόμενα
2769 3235 3017 3306 έχουσινο
3051 3236 3140 3288 ὅτε
3177 3235 3279 3305 μὲν
3307 3233 3414 3304 γὰρ
3446 3229 3568 3302 πρὸς
3590 3227 3703 3296 ἡμᾶς

520 3333 715 3389 incolis
753 3333 926 3389 hiems
967 3340 1062 3387 aut
1092 3333 1210 3388 dies
1249 3330 1471 3396 accidit,
1509 3338 1642 3383 tunc
1668 3329 1736 3385 iis
1759 3329 1850 3399 qui
1891 3329 2083 3384 borea-

518 3427 624 3482 lem
678 3425 951 3490 incolunt,
988 3433 1163 3483 testas.
1203 3434 1258 3480 et
1311 3439 1423 3479 nox
1461 3421 1796 3494 supervenit.
1855 3420 1932 3476 Ita
1971 3430 2080 3476 tam

518 3524 708 3572 noctes
744 3525 800 3573 et
835 3518 988 3584 dies,
1031 3532 1194 3589 quam
1243 3516 1509 3581 solstitia,
1550 3514 1880 3584 aequinoctia
1925 3513 2080 3569 habi-

516 3611 860 3681 tationesque
895 3626 927 3666 e
962 3609 1238 3664 contrario
1276 3608 1473 3664 antoeci
1513 3608 1783 3664 obtinent.

2186 3328 2282 3393 νύξ
2302 3330 2440 3394 ἐστι,
2472 3328 2602 3398 παρ’
2625 3315 2854 3389 ἐκείνοις
2882 3325 3065 3397 ἡμέρα
3085 3341 3101 3356 ·
3137 3328 3234 3378 καὶ
3263 3324 3353 3378 ὅτε
3381 3320 3503 3391 παρ’
3524 3317 3703 3376 ἐκείνοις

2187 3421 2365 3493 θέρος,
2396 3423 2453 3473 ἐν
2478 3422 2545 3492 τῇ
2581 3419 2702 3474 καθ’
2731 3421 2879 3491 ἡμᾶς
2907 3417 3200 3490 οἰκουμένῃ
3229 3414 3455 3488 χειμών.
3473 3413 3570 3466 Καὶ
3597 3407 3699 3461 καθ-

2181 3514 2303 3567 όλου
2334 3514 2424 3567 ὅτε
2467 3513 2526 3565 ἐν
2548 3514 2663 3575 τοῖς
2684 3512 2842 3582 νοτίῳ
2879 3509 3022 3583 ζώνῃ
3047 3509 3360 3566 ἅντοικοῦσι
3396 3501 3698 3577 χειμών-ἐστι

2187 3610 2282 3662 καὶ
2327 3606 2542 3679 ἡμέρα,
2593 3606 2714 3659 τότε
2748 3608 2861 3668 τοῖς
2905 3606 2965 3657 ἐν
3007 3605 3076 3676 τῇ
3119 3603 3316 3676 βορείῳ
3351 3597 3543 3654 οἰκοῦσι
3579 3592 3699 3662 Θέρος

516 3705 632 3758 ἐστὶ
657 3705 751 3758 καὶ
777 3703 894 3769 νύξ.
928 3705 1089 3758 ⁶Ὠστε
1126 3704 1220 3758 καὶ
1265 3703 1466 3767 νύκτας
1503 3703 1584 3772 δὲ,
1623 3703 1718 3758 καὶ
1765 3702 1996 3778 ἡμέρας,
2054 3703 2148 3757 καὶ
2191 3702 2430 3775 τροπὰς,
2479 3703 2570 3758 καὶ
2616 3700 2936 3772 ἰσημερίας,
2980 3700 3076 3754 καὶ
3128 3699 3371 3770 οἰκήσεις
3417 3689 3628 3751 ἐναντίας
3663 3687 3700 3736 οἱ

519 3801 754 3856 ἃντοικοι
775 3802 1010 3871 ἔχουσιν.

517 3913 594 3969 De
621 3914 928 3987 umbrarum
961 3915 1281 3985 differentia,
1317 3931 1435 3987 qua:
1470 3916 1535 3987 in:
1549 3915 1962 3987 habitationibus
1991 3931 2082 3970 va-

640 3985 738 4039 riis
777 3985 1034 4054 incidunt,
1067 3995 1117 4041 et
1157 3985 1475 4058 quibusnam
1502 3985 1693 4057 degant
1721 3987 1778 4040 in
1808 3986 1958 4039 locis.

586 4101 678 4158 51.
717 4100 776 4154 ιη
815 4101 1209 4157 habitationum
1241 4100 1558 4158 discrimine
1585 4099 1804 4172 quidam
1830 4099 2088 4154 dicuntur

518 4193 679 4258 ascii,
710 4193 803 4247 alii
825 4193 1154 4264 brachyscii,
1174 4193 1267 4248 alii
1295 4191 1607 4257 macroscii,
1633 4191 1854 4263 quidam
1880 4191 2090 4246 hetero-

517 4283 640 4347 scii,
674 4285 767 4338 alii
805 4285 1042 4350 antiscii,
1073 4285 1165 4338 alii
1193 4284 1500 4355 amphiscii.
1575 4282 1722 4339 Ascii
1756 4292 1906 4350 sunt,
1937 4299 2082 4355 quo-

2190 3909 2328 3980 Περί
2363 3907 2650 3980 διαφορᾶς
2685 3906 2803 3961 τῶν
2831 3906 2900 3961 ὲν
2927 3905 3056 3980 ταῖς
3083 3904 3361 3980 οἰκήσεσι
3407 3898 3593 3962 σκιῶν,
3623 3895 3697 3948 καὶ

2493 3975 2644 4032 κατὰ
2669 3981 2880 4044 ποίους
2903 3975 3126 4043 τόπους
3157 3975 3444 4029 οἰκοῦσιν.

2255 4093 2356 4148 λα’.
2390 4092 2511 4145 Τῶν
2539 4091 2596 4144 δὲ
2629 4091 2687 4144 ἐν
2719 4091 2839 4154 ταῖς
2866 4089 3144 4160 οἰκήσεσιν
3169 4089 3218 4140 οἰ
3247 4086 3347 4158 μέν
3375 4086 3506 4138 εἰσιν
3533 4080 3690 4136 amat,

2187 4187 2235 4239 οἰ
2255 4185 2314 4238 δὲ
2342 4183 2683 4255 βραχύσκιοι,
2711 4183 2760 4235 οἱ
2784 4181 2840 4235 δὲ
2876 4179 3224 4252 μακρόσκιοι,
3248 4181 3299 4231 οἰ
3332 4177 3388 4230 δὲ
3420 4172 3690 4244 ἐτερόσκιοι·

2185 4280 2234 4330 οἰ
2286 4278 2345 4331 δὲ
2374 4276 2650 4330 αὑτόσκιοι
2682 4275 2747 4339 ¹⁷,
2785 4275 2835 4327 οἰ
2868 4273 2926 4328 δὲ
2957 4272 3265 4344 ἀμφίσκιοι.
3314 4271 3513 4322 Ἀσκιοι
3554 4262 3633 4333 μὲν
3655 4259 3692 4309 οἱ

517 4390 639 4430 rum
663 4376 922 4432 verticem
953 4377 1036 4431 sol
1074 4377 1304 4431 incubat
1326 4375 1462 4430 hora
1499 4376 1608 4431 diei
1637 4385 1812 4432 sexta.
1840 4373 1912 4430 Ut
1939 4375 2080 4430 enim

2190 4368 2333 4423 κατά
2361 4367 2608 4440 κορυφὴν
2645 4366 2764 4438 ὥρᾳ
2803 4367 2938 4438 ἕκτῃ
2969 4364 3062 4418 τὸν
3103 4364 3253 4434 ἥλιον
3283 4363 3500 4431 ἔχοντες.
3527 4356 3691 4419 Ὥσπερ

519 4469 565 4523 si
596 4468 720 4538 quis
749 4483 1039 4523 accensum
1063 4476 1268 4522 torrem
1294 4475 1503 4522 rectum
1533 4475 1760 4533 statuat,
1787 4466 2080 4535 ejusnulla

516 4560 775 4615 reddetur
797 4560 1020 4625 umbra;
1045 4559 1126 4614 sic
1147 4559 1354 4613 nullam
1379 4557 1580 4614 habent
1600 4557 1662 4623 ii,
1689 4572 1925 4628 quorum
1957 4571 2083 4612 ver-

516 4653 608 4707 tici
633 4651 870 4708 medium
899 4653 1099 4707 coelum
1139 4661 1330 4707 tenens
1362 4649 1442 4706 sol
1470 4651 1738 4706 imminet.
1771 4649 1931 4706 Tales
1955 4657 2084 4706 sunt

515 4746 613 4816 qui
642 4743 746 4802 sub
789 4744 1158 4816 aequinoctiali
1191 4745 1415 4816 degunt,
1440 4744 1536 4816 qui
1575 4745 1691 4801 sole
1719 4743 1961 4799 Arietem
1995 4743 2085 4799 vel

516 4837 740 4896 Libram
760 4839 1041 4894 obtinente
1061 4838 1231 4895 solem
1267 4852 1434 4908 supra
1470 4847 1636 4910 caput
1663 4837 1954 4908 aspiciunt.
1982 4834 2084 4890 Fe-

514 4939 645 4985 runt
689 4929 832 5001 apud
873 4928 1086 5002 Syenen
1127 4939 1181 4986 et
1218 4930 1617 5001 Elephantinen
1668 4927 1920 4984 umbram
1960 4941 2084 4983 esse

513 5023 720 5076 nullam
749 5023 879 5077 hora
917 5023 1021 5079 diei
1047 5031 1224 5089 sexta,
1255 5038 1379 5078 cum
1412 5023 1468 5078 in
1499 5021 1713 5078 Cancro
1741 5021 1825 5077 sol
1857 5019 2081 5076 residet.

517 5113 852 5185 Brachyscii,
901 5113 956 5169 id
1006 5123 1091 5169 est
1127 5133 1146 5166 ι
1184 5114 1367 5170 brevis
1405 5115 1631 5181 umbra},
1673 5134 1692 5166 ι
1729 5121 1858 5171 sunt
1896 5128 1927 5166 a
1959 5113 2084 5183 qui-

517 5204 622 5260 bus
651 5219 842 5274 parum
874 5205 956 5261 sol
987 5204 1194 5273 distat;
1247 5206 1563 5273 macroscii,
1609 5224 1628 5258 ι
1668 5206 1931 5276 longioris
1964 5221 2084 5260 um-

515 5292 648 5358 brae,
689 5313 709 5346 ›
745 5304 876 5350 sunt
901 5294 995 5365 qui
1032 5309 1063 5348 a
1091 5294 1205 5350 sole
1241 5295 1456 5368 longius
1496 5295 1732 5364 distant;
1769 5296 2080 5361 heteroscii,

515 5386 567 5440 id
597 5398 683 5443 est
722 5407 742 5441 ι
771 5403 882 5444 uno
915 5389 1085 5445 latere
1107 5389 1357 5445 umbram
1384 5388 1672 5458 jacientes,
1705 5408 1723 5440 ›
1752 5389 1790 5443 ii
1806 5399 1954 5456 sunt,
1987 5387 2080 5458 qui

516 5476 572 5535 in
605 5490 794 5537 nostro
831 5481 966 5538 orbe
995 5490 1300 5538 versantur.
1366 5480 1502 5536 Nam
1541 5480 1609 5534 ad
1665 5480 1894 5535 alterum
1937 5479 2080 5533 latus

595 5661 638 5694 "
658 5662 810 5716 Deest
844 5663 1088 5734 opposita
1125 5680 1252 5734 pars
1284 5663 1586 5719 divisionis.

2188 4460 2318 4532 γὰρ,
2345 4461 2398 4513 εί
2421 4477 2505 4523 τις
2536 4459 2692 4514 δαλὸν
2735 4457 2945 4527 ἀνάψας
2969 4455 3128 4528 ὀρθὸν
3163 4457 3398 4523 στήσειε,
3435 4449 3596 4504 τούτου
3617 4442 3691 4495 οὐκ

2187 4553 2253 4608 ἂν
2278 4553 2488 4622 γένοιτο
2515 4553 2645 4607 σκιά
2660 4567 2673 4580 ·
2707 4550 2880 4614 οὕτως
2903 4549 3022 4606 οὐδὲ
3041 4547 3150 4602 τῶν
3171 4548 3310 4620 ὑπὲρ
3337 4541 3554 4618 κορυφῆς
3573 4534 3686 4605 έκάν·

2187 4663 2296 4699 των
2328 4645 2419 4700 τὸν
2469 4644 2622 4714 ἥλιον
2676 4641 3111 4714 μεσουρανοῦντα
3150 4639 3360 4710 γένοιτο
3401 4636 3477 4690 ἄν.
3513 4627 3613 4684 Εἰσὶ
3647 4623 3688 4675 δὲ

2187 4729 2331 4790 οὗτοι
2373 4727 2539 4790 οἷ’τδν
2566 4734 2878 4814 ἰσημερινὸν
2897 4732 3169 4797 οἰκοῦντες
3190 4748 3204 4762 ⁶
3228 4725 3387 4795 οὗτοι,
3417 4724 3549 4798 ἡλίου
3573 4729 3686 4816 γενξν

2195 4830 2381 4903 μένου,
2407 4831 2465 4883 ἐν
2498 4827 2654 4900 Κριῷ
2701 4828 2736 4899 ἢ
2787 4829 2846 4881 ἐν
2883 4827 3118 4898 Χηλαίς,
3147 4827 3268 4879 τότε
3315 4819 3448 4877 κατὰ
3493 4819 3685 4903 κορυεξης

2191 4896 2380 4993 έχουσι
2393 4921 2484 4975 τὸν
2515 4896 2685 4990 ἥλιον.
2714 4896 2852 4973 Φασὶ
2873 4918 2928 4972 δὲ
2957 4896 3019 4971 ἐν
3058 4919 3235 4988 Συήνῃ
3275 4914 3366 4968 καὶ
3401 4896 3682 4993 Ἐλεφαντίνῃ

2189 4988 2413 5077 ἀσκίους
2457 4988 2732 5082 γίνεσθαι,
2772 5013 2860 5064 ὅτε
2905 5012 2935 5063 6
2963 5008 3112 5080 ἥλιος
3153 5007 3359 5076 γὲνεται
3395 5004 3446 5055 ἐν
3476 4988 3680 5082 Καρκίνῳ

2188 5107 2317 5178 περὶ
2351 5105 2499 5179 ὥραν
2531 5104 2718 5174 ἕκτην.
2749 5100 3079 5173 Βραχύσκιοι
3101 5099 3158 5152 δὲ
3188 5099 3237 5151 οἰ
3265 5097 3352 5150 τὸν
3383 5092 3514 5165 ἥλιον
3545 5081 3676 5179 ὸλξγςλν

2191 5169 2479 5269 ἀφεστιῖίτα
2521 5169 2769 5267 ἔχοντεςο
2798 5169 3134 5265 -μακρόσκιοι
3177 5190 3235 5244 δὲ
3282 5191 3330 5244 οἰ
3366 5185 3532 5256 πόρρω
3558 5169 3679 5269 αὺξδν

2190 5261 2434 5362 Exorare;-
2484 5261 2783 5360 ἐτέρόσκιοι
2813 5261 2890 5340 ’δὲ
2929 5261 2988 5339 *οἰ
3037 5285 3094 5338 ἐν
3145 5282 3316 5353 ταύτῃ
3342 5282 3402 5350 τῇ
3447 5261 3675 5362 οἰκουμέξῃ

2189 5384 2483 5446 οἰκοῦντες,
2525 5381 2717 5452 ἐπειδὴ
2743 5381 2834 5433 ἐπὶ
2871 5378 2932 5432 τὸ
2951 5379 3134 5449 ἓτερον
3171 5376 3333 5448 μέρος
3367 5373 3392 5443 ἡ
3419 5364 3540 5462 ὁκιά

2190 5475 2480 5547 τρέπεταιο
2514 5473 2655 5543 λέγω
2682 5473 2737 5527 δὲ
2770 5475 2827 5528 ἐν
2865 5471 3010 5544 δεξιᾷ
3039 5472 3131 5524 ἐπί⁸
3168 5469 3226 5524 τὸ
3263 5467 3470 5540 βόρειον.
3498 5456 3673 5522 Ὁμοίως

1671 5664 1708 5694 ¹⁶
1741 5659 1861 5732 Leg.
1903 5661 2064 5731 μειοῖ.
2144 5660 2183 5690 ⁸⁷
2217 5657 2338 5712 Cor.
2371 5655 2654 5710 ἀντίσκιοι.
