1964 3133
84 159 153 187 985

475 155 633 185 ACHILLIS
652 156 745 183 TATll
759 154 907 183 ISAGOGE
925 155 970 182 AD
986 154 1089 182 ARAT]
1109 152 1343 181 PILENOMENA.

1669 153 1719 181 986

85 214 120 242 δὲ
140 215 196 242 καὶ
210 215 235 242 οἱ
255 215 373 242 ἄντοικοι
388 213 537 249 ἐτερόσκιοί
555 214 624 240 εἰσιν
634 221 640 227 ·
656 212 748 248 ἐπειδὴ
766 213 813 239 καὶ
829 212 890 239 τού-

952 213 1035 240 unbra
1051 216 1145 239 nostra
1168 209 1329 246 projicitur:
1350 209 1474 237 videlicet
1487 208 1611 236 dextrum
1630 213 1657 235 et
1676 209 1720 236 bo-

87 268 155 286 των
176 260 194 295 ἡ
214 260 277 286 σκιά
302 259 347 285 ἐπὶ
367 258 397 285 τὸ
418 259 561 294 ἀριστερὸν
580 258 662 293 μέρος
682 258 713 284 τὸ
733 257 889 295 νοτιώτερον

87 305 247 341 τρέπεται.
264 305 407 332 Ἀντίσκιοι
428 304 456 331 δὲ
480 305 504 331 οἱ
526 304 554 331 ὲν
569 304 608 340 τῷ
628 303 725 340 βορείῳ
743 304 780 320 ¹⁸·
796 304 889 340 ἐπειδὴ

88 351 231 383 ἐναντίας
245 350 294 383 τὰς
308 350 386 382 σκιὰς
400 350 504 385 ἔχουσιν
514 358 521 366 ⁸
532 351 557 376 οἱ
566 359 568 361 '
574 350 623 386 μὲν
637 351 677 382 εἰς
687 350 719 377 τὰ
732 350 806 383 δεξιὰ
820 351 889 386 μέρη

89 397 208 430 αὐτῶν,
229 398 252 423 οἱ
271 397 299 423 δὲ
316 397 355 429 εἰς
380 396 415 423 τὰ
435 397 579 432 ἀριστερὰ,
595 396 638 423 διὰ
663 395 694 423 τὸ
720 397 801 432 μέσον
822 395 891 423 εἶναι

90 442 198 469 αὐτῶν
212 442 258 469 τὸν
273 442 357 478 ἣλιον.
374 442 529 477 ’Δμφίσκιοι
543 441 572 468 δὲ
594 441 713 476 γίνονται
732 442 757 468 οἱ
779 442 828 477 μὲν
846 442 891 469 τὸν

94 488 266 523 ἰσημερινὸν
284 487 381 514 κύκλον
395 487 541 519 οἰκοῦντες.
554 488 585 514 Oi
599 487 627 514 δὲ
644 487 720 514 αὐτοὶ
732 487 778 514 κα)⁵
791 487 889 514 ἄσκιοι.

93 533 171 559 Ὅτε
188 533 241 568 μὲν
251 533 306 568 γὰρ
319 533 388 568 ὑπὲρ
403 532 525 568 κορυφῆς
539 532 628 559 αὐτῶν
639 533 712 559 ἐστιν
732 533 746 559 ὁ
759 532 841 568 ἥλιος,
855 532 892 564 ὡς

93 577 232 613 εἴπομεν,
248 578 338 605 ἄσκιοί
359 579 441 605 εἰσιν·
462 578 506 605 ὅτε
520 578 548 605 δὲ
570 578 717 612 ἀφίσταται
732 577 820 605 αὐτῶν
839 577 892 605 ἀπὸ

94 623 193 658 Κριοῦ
209 625 248 656 είς
258 623 362 659 Ταῦρον
376 623 465 650 καὶτὰ
475 623 538 658 ἑξῆς
550 622 642 655 ζώδια,
650 623 699 658 τὴν
714 623 798 658 αὐτὴν
813 622 892 650 σκιὰν

94 667 215 702 ἔχουσιν
228 668 274 694 ἐπὶ
290 668 324 695 τὰ
340 667 466 703 εὐώνυμα
479 667 565 703 μέρη·
581 667 624 694 ὅτε
638 667 665 695 δὲ
679 668 732 694 ἀπὸ
749 668 892 703 ἰσημερίας

94 713 154 748 τῆς
170 714 199 740 ὲν
214 713 317 750 Χηλαῖς
336 714 350 740 ὁ
367 713 443 749 ἥλιος
456 713 566 749 γένηται
589 714 618 743 ὲν
637 713 763 749 Σκορπίῳ
779 713 824 740 καὶ
838 715 893 745 τοῖς

95 755 173 791 ἑξῆς
195 757 310 789 ζωδίοις,
326 757 387 783 τότε
403 758 419 792 ὴ
443 756 507 783 σκιὰ
521 756 610 783 αὐτῶν
625 756 671 783 ἐπὶ
688 756 721 782 τὰ
735 755 808 788 δεξιὰ
823 756 892 791 μέρη

97 802 291 838 ἐκπέμπεται.
311 803 390 829 Ὥστε
413 801 569 837 συμϐαίνειν
588 802 651 833 τοὺς
671 801 733 837 τῇδε
754 801 893 833 οἰκοῦντας

97 849 174 876 ποτὲ
192 849 242 884 μὲν
255 849 366 880 ἀσκίους
381 848 514 882 γίνεσθαι,
532 849 606 881 ὅταν,
625 849 654 874 ὲν
668 848 770 883 Χηλαῖς
783 848 799 883 ἢ
816 847 894 883 Κριῷ

939 266 1026 285 reum.
1046 257 1091 285 Sic
1105 256 1202 284 antmci
1226 255 1369 283 heteroscii
1389 259 1477 288 sunt,
1502 255 1601 290 quippe
1613 255 1719 282 illorum

941 304 1038 331 umbra
1054 304 1197 331 sinistrum
1208 302 1241 329 ad
1253 302 1325 328 latus
1336 304 1363 328 et
1377 301 1498 328 australe
1517 300 1651 336 dirigitur.
1665 300 1719 327 An-

941 351 1010 378 tiscii
1024 349 1178 377 borealibus
1190 354 1253 376 sunt
1269 347 1413 378 australes,
1429 347 1491 381 quia
1511 348 1662 373 contrarias
1675 346 1722 373 ha-

940 396 1005 423 bent
1026 395 1158 428 umbras;
1180 394 1219 420 illi
1239 393 1368 421 dextrum
1395 393 1427 419 ad
1453 393 1535 424 latus,
1556 392 1582 418 hi
1600 392 1631 419 ad
1653 392 1721 419 sini-

941 446 1039 472 strum,
1060 440 1188 475 quoniam
1212 439 1318 467 medius
1337 438 1378 466 sol
1403 438 1536 465 ambobus
1562 437 1721 471 interjchUs

940 491 991 514 est.
1023 485 1188 521 Amphiscii,
1212 484 1238 512 id
1260 488 1312 517 est,
1343 484 1376 511 ad
1399 487 1545 518 utrumque
1565 483 1636 510 latus
1662 491 1721 509 υιιι-

940 531 1016 559 bram
1044 532 1191 562 habentes,
1215 533 1278 557 sunt
1302 528 1484 564 aequinoctiali
1510 527 1613 554 circulo
1629 526 1721 560 subje-

941 577 988 603 cti.
1011 576 1094 603 iidem
1117 579 1143 603 et
1164 576 1246 606 ascii,
1263 574 1290 601 id
1306 578 1348 602 est
1371 573 1471 600 utubi-1c
1490 580 1603 608 prorsus
1624 579 1723 605 exper-

942 626 993 650 tes.
1022 622 1089 649 Nam
1113 629 1173 649 cum
1204 628 1285 656 supra
1308 620 1435 647 verticem
1468 619 1576 646 illorum
1605 618 1645 645 sol
1664 622 1721 648 est,

943 668 1019 699 ﬁniit,
1036 671 1064 695 ut
1080 667 1209 699 diximus,
1226 667 1293 693 ascii
1304 675 1311 700 ;
1324 673 1386 693 cum
1399 665 1474 691 abiis
1492 663 1645 695 recesserit,
1659 667 1722 696 puta

943 714 976 741 ab
995 714 1086 741 Ariete
1102 713 1136 740 ad
1152 712 1271 739 Taurum
1289 716 1315 739 et
1340 709 1534 745 consequentia
1551 710 1637 744 signa,
1649 715 1723 735 eam-

943 759 1002 786 dem
1017 758 1157 786 nobiscum
1174 758 1277 785 habent
1291 757 1413 784 umbram
1427 756 1459 782 ad
1481 755 1623 782 sinistrum
1640 754 1721 780 latus.

944 804 996 832 Sed
1008 812 1069 832 cum
1085 805 1119 831 ab
1130 803 1305 839 aequinoctio,
1330 802 1402 837 quod
1429 802 1456 827 in
1469 800 1548 827 Libra
1578 798 1616 831 ﬁt,
1634 799 1673 826 sol
1690 798 1724 825 ad

944 850 1085 885 Scorpium
1114 854 1141 877 et
1158 850 1211 876 alia
1230 849 1306 884 signa.
1324 848 1467 875 transitum
1488 845 1561 878 facit,
1580 850 1645 872 tunc
1660 846 1725 871 dex-

96 895 114 921 ὁ
132 895 213 930 ἣλιος
223 894 271 928 ὢν,
290 895 361 921 κατὰ
375 894 496 930 κορυφῆς
509 893 597 921 αὐτῶν
638 901 644 908 '
666 893 731 920 ποτὲ
745 893 773 920 δὲ
790 894 819 919 ὲν
830 893 893 928 ἀρι-

952 904 1064 924 .rorsum
1083 896 1188 922 illorum
1215 895 1310 922 umbra
1342 894 1469 922 mittitur.
1493 892 1531 919 lta
1544 891 1583 924 fit,
1605 896 1631 918 ut
1653 891 1725 917 illius

100 941 193 976 στερᾷ
206 940 277 975 ἔχειν
292 940 341 975 τὴν
361 940 451 973 σκιὰν,
464 941 508 967 ὅτε
523 941 551 966 ὲν
564 938 690 975 Σκορπίῳ
703 938 750 965 καὶ
762 940 817 970 τοῖς
828 938 891 973 ἑξῆς

101 988 117 1013 6
131 987 213 1022 ἥλιος
227 988 342 1021 γίνεται.
358 986 436 1019 Τινὲς
454 987 483 1014 δὲ
508 986 556 1013 καὶ¹
576 985 732 1022 περισκίους
748 986 808 1017 τοὺς
828 985 892 1021 περὶ

100 1033 208 1064 αὐτοὺς
221 1032 313 1068 κύκλῳ
328 1032 438 1068 ἔχοντας
451 1032 499 1068 τὴν
515 1031 595 1059 σκιὰν
609 1030 678 1058 εἶναι
691 1030 840 1066 βούλονται.

943 941 1061 975 regionis
1094 940 1189 967 incola:
1205 939 1340 966 interdum
1362 939 1429 966 ascii
1447 938 1512 971 sint,
1528 946 1589 964 cum
1604 937 1629 963 in
1646 936 1726 963 Libra

943 987 985 1015 vel
999 988 1091 1015 Ariete
1110 987 1150 1014 sol
1178 986 1272 1014 vertici
1297 986 1405 1013 illorum
1429 984 1530 1012 insidet
1547 992 1553 1010 :
1578 984 1645 1011 alias
1660 982 1727 1009 sini-

945 1037 1000 1060 stra
1024 1034 1058 1061 iis
1082 1033 1177 1060 umbra
1201 1033 1247 1059 ﬁat.
1266 1032 1375 1067 quando
1392 1031 1432 1059 sol
1452 1030 1595 1066 Scorpium
1615 1033 1642 1057 et
1661 1036 1727 1055 con-

102 1079 251 1114 sequentia
267 1079 344 1114 signa
362 1083 495 1114 peragrat.
528 1078 598 1105 Sunt
616 1078 663 1113 qui
679 1077 811 1113 periscios
834 1077 899 1106 illos.
915 1088 974 1107 esse
994 1080 1097 1113 dicant,
1113 1087 1229 1115 quorum
1251 1079 1278 1105 in
1308 1078 1401 1106 orbem
1420 1078 1635 1112 circumquaque
1668 1082 1728 1102 um-

102 1127 155 1156 bra
174 1126 289 1162 jacitur.

142 1173 257 1209 Πρῶτος
280 1174 308 1200 δὲ
334 1173 505 1210 Παρμενίδης
526 1173 591 1209 περὶ
609 1172 662 1200 τῶν
676 1172 768 1204 ζωνῶν
785 1172 896 1208 ἐκίνησε

105 1220 199 1254 λόγον.
216 1221 284 1256 Περὶ
299 1220 328 1246 δὲ
345 1220 392 1247 τοῦ
412 1219 530 1256 ἀριθμοῦ
551 1219 641 1246 αὐτῶν
663 1219 747 1254 πολλὴ
763 1218 897 1253 διαφωνία

106 1268 165 1298 τοῖς
180 1267 240 1301 μετ’
257 1266 337 1293 αὑτὸν
350 1266 474 1301 γέγονεν·
489 1265 513 1292 οἱ
532 1265 580 1300 μὲν
594 1265 648 1300 γὰρ
664 1265 694 1297 ἒξ
707 1265 790 1296 αὐτὰς
804 1262 879 1291 εἷπον
888 1273 895 1280 ·

108 1313 148 1344 ὡς
165 1312 308 1344 Πολύϐιος,
337 1312 384 1340 καὶ
405 1311 599 1343 Ποσειδώνιος,
616 1310 664 1346 τὴν
680 1310 898 1346 διακεκαυμένην

109 1359 151 1390 εἰς
165 1358 214 1385 δύο
236 1357 416 1394 διαιροῦντες·
432 1357 456 1384 oi
470 1356 498 1383 δὲ
518 1357 599 1383 πέντε
617 1354 784 1392 παρέλαϐον·
803 1355 897 1390 ὥσπερ

115 1403 314 1439 Ἐρατοσθένης
337 1402 383 1430 καὶ
400 1402 474 1429 ἄλλοι
492 1401 593 1433 πολλοὶ,
613 1398 653 1433 οἷς
667 1401 713 1427 καὶ
728 1401 805 1436 ἡμεῖς
831 1408 895 1426 κατ-

109 1449 347 1485 ηκολουοήσαμεν.
363 1449 430 1484 Περὶ
454 1448 482 1477 δὲ
499 1448 630 1483 οἰκήσεων
655 1446 735 1473 πάλιν
747 1466 754 1479 ,
771 1447 819 1473 καὶ
845 1446 897 1472 τῶν

112 1495 299 1527 ἐνοικούντων,
317 1495 364 1521 καὶ
380 1493 535 1529 ὀνομάτων,
557 1493 652 1527 γέγονε
669 1492 752 1528 πολλὴ
774 1491 896 1527 ταραχὴ,

112 1541 161 1568 καὶ
176 1541 241 1577 περὶ
255 1540 418 1576 ἀντιχθόνων
427 1560 434 1573 ,
448 1540 495 1567 καὶ
511 1539 669 1567 ἀντιπόδων.

261 1598 330 1632 Περὶ
348 1597 517 1633 μεταρσίων
533 1596 582 1624 καὶ
603 1595 761 1630 μετεώρων.

148 1655 200 1690 λβ’.
221 1654 348 1690 Διαφέρει
364 1653 516 1690 μεταρσίων
534 1653 673 1688 μετέωρα·
722 1651 755 1678 τὰ
770 1651 819 1686 μὲν
836 1659 900 1686 μετ-

114 1702 191 1736 έωρα
219 1702 248 1727 ὲν
267 1700 373 1736 οὐρανῴ
397 1699 445 1726 καὶ
469 1699 558 1735 αἰθέρι
580 1699 652 1725 ἐστίν
665 1706 672 1714 ’
690 1698 727 1729 ὡς
748 1697 836 1732 ἥλιος,
856 1697 902 1725 καὶ

115 1746 152 1772 τὰ
164 1746 257 1777 λοιπὰ,
272 1745 318 1772 καὶ
336 1745 465 1780 οὐρανὸς,
481 1745 528 1770 καὶ
551 1743 633 1779 αἰθήρ
645 1751 651 1758 ·
672 1743 804 1778 μετάρσια
822 1742 850 1768 δὲ
868 1742 902 1770 τὰ

117 1790 221 1826 μεταξὺ
232 1790 278 1817 τοῦ
294 1790 373 1826 ἀέρος
390 1790 496 1825 καὶτῆς
511 1790 561 1825 γῆς
573 1798 579 1803 ·
596 1787 650 1816 οἷον
668 1789 772 1824 ἄνεμοι,
781 1788 900 1823 νεφέλαι,

114 1836 214 1872 ὄμϐροι
224 1856 232 1869 ,
247 1836 401 1872 ἀστραπαὶ,
418 1836 543 1872 βρονταὶ,
556 1835 690 1871 κομῆται,
710 1834 809 1866 δοκίδες
822 1854 830 1866 ,
845 1843 902 1860 πω-

115 1883 224 1917 γωνίαι,
240 1882 395 1917 λαμπάδες,
415 1881 506 1917 ἴριδες,
519 1880 620 1913 ἇλωες,
634 1880 794 1916 διᾴττοντες,
810 1879 900 1915 ρυμοὶ,

117 1929 229 1964 ρύακες.
246 1929 362 1955 Λεκτέον
380 1928 408 1955 δὲ
421 1927 484 1964 περὶ
505 1926 675 1963 μεταρσίων
692 1926 755 1961 περὶ
774 1925 828 1961 γὰρ
844 1934 903 1960 μετ-

116 1975 211 2011 εώρων
233 1976 403 2011 προείρηται.
428 1974 538 2010 Πρῶτον
558 1974 586 2001 δὲ
609 1973 672 2000 περὶ
692 1973 800 2005 ἀνέμων
822 1972 903 1998 εἴπω-

120 2030 182 2058 μεν.

118 2077 189 2111 Περὶ
209 2076 336 2112 ἀνέμων,
359 2076 409 2103 καὶ
427 2076 471 2103 ὅτι
489 2075 620 2110 διαφέρει
641 2073 718 2109 αὖρα
742 2073 903 2109 ἀναθυμιά-

471 2119 556 2144 σεως.

157 2168 206 2202 λγθ.
232 2168 440 2203 Ἀναξίμανδρος
461 2167 549 2194 τοίνυν
565 2167 641 2202 ῥύσιν
654 2167 732 2202 ἀέρος
748 2166 792 2192 τὸν
806 2165 903 2200 ἄνεμον

120 2213 198 2243 εἷπε-
217 2215 289 2246 τινὲς
309 2214 337 2241 δὲ
356 2214 535 2248 ἀναθυμίασιν
550 2213 639 2249 ἀέρος.
658 2213 748 2239 ’Ἄλλοι
765 2212 793 2239 δὲ
810 2211 902 2246 διαφέ-

122 2269 180 2296 ρειν
193 2260 292 2295 ἄνεμον
307 2259 431 2293 λέγουσιν
442 2257 528 2293 αὔρας
540 2267 546 2274 '
565 2258 664 2293 ἄνεμον
677 2257 731 2292 γὰρ
747 2254 815 2283 εἶναι
828 2256 904 2291 ῥύσιν

120 2305 201 2341 ἀέρος
212 2312 220 2319 ⁸
233 2303 319 2339 αὖραν
335 2304 364 2330 δὲ
383 2303 563 2339 ἀναθυμίασιν
576 2303 637 2338 γῆς.
656 2303 711 2329 Καὶ
729 2303 792 2333 τοὺς
807 2302 855 2337 μὲν
872 2302 904 2327 ὲκ

120 2351 209 2386 νεφῶν
223 2351 345 2385 λέγουσιν
361 2348 430 2376 εἶναι
446 2349 572 2385 ἀνέμους,
591 2349 638 2375 καὶ
648 2347 786 2374 καλεῖσθαι
806 2356 814 2372 ι
827 2348 903 2372 ἐκνε-

120 2398 185 2432 φίας
196 2406 203 2412 ·
220 2407 229 2424 ι
244 2397 306 2428 τοὺς
317 2396 345 2423 δὲ
356 2396 411 2423 ἀπὸ
424 2396 476 2431 γῆς
489 2395 656 2431 φερομένους
667 2394 810 2428 ἀπογείους
820 2401 827 2407 '
841 2392 902 2424 mia;

120 2444 148 2471 δὲ
164 2444 219 2470 ἀπὸ
234 2442 363 2478 ποταμῶν
380 2442 504 2477 ἐνυδρίας
516 2449 524 2457 ”
537 2441 600 2473 τοὺς
614 2440 642 2467 δὲ
656 2440 710 2467 ἀπὸ
721 2439 828 2467 κόλπων
842 2439 904 2465 κολ-

122 2491 186 2521 πίας
197 2498 205 2504 ’
223 2489 277 2516 ἀπὸ
289 2489 318 2515 δὲ
333 2488 403 2525 ὁρῶν
420 2487 506 2524 ὁρίας,
517 2487 534 2523 ἢ
546 2486 685 2522 ὀρεστίας’
700 2486 746 2513 καὶ
762 2485 815 2520 γὰρ
830 2484 904 2520 παρὰ

129 2537 307 2573 Ἀριστοτέλει
323 2538 352 2563 ἐν
366 2536 405 2572 τῷ
421 2535 491 2570 Περὶ
510 2534 637 2569 ἀνέμων,
657 2533 704 2561 καὶ
721 2532 796 2568 παρὰ
805 2531 905 2558 Καλλι-

124 2585 202 2619 μάχῳ
229 2583 314 2615 οὕτως
340 2581 525 2618 ὀνομάζονται.
551 2580 632 2606 ’Ὥστε
656 2579 704 2606 καὶ
732 2577 785 2605 ἀπὸ
816 2578 906 2604 τόπων

121 2630 203 2656 τινῶν
225 2628 290 2664 φασί
311 2636 385 2660 τινας
410 2627 551 2662 λέγεσθαι·
571 2623 627 2653 οἷον
654 2623 772 2652 Καικίαν
787 2624 832 2650 τὸν
853 2623 907 2650 ἀπὸ

123 2676 207 2708 Κάῖος
220 2677 243 2692 ¹⁹
262 2675 385 2710 ποταμοῦ
404 2674 519 2701 πνέοντα
531 2680 539 2688 '
556 2673 604 2700 καὶ
624 2671 763 2707 Σκείρωνα
783 2670 830 2697 τὸν
853 2669 907 2696 ἀπὸ

123 2721 308 2758 Σκειρωνίδων
321 2720 436 2757 πετρῶν.
454 2719 532 2751 Τινὲς
542 2719 570 2746 δὲ
585 2718 639 2745 ἀπὸ
654 2718 741 2753 ὁρμῆς
753 2716 906 2751 ὠνομάσθη-

124 2775 183 2799 σαν,
194 2767 231 2799 ὼς
248 2766 368 2802 σφοδρῶς
386 2766 491 2802 ῥέοντες
501 2774 508 2781 ο
523 2764 571 2791 καὶ
583 2764 607 2790 οἱ
621 2762 689 2798 μετὰ
703 2761 810 2797 παλμοῦ
823 2769 904 2793 τινος,

161 2857 183 2873 ¹⁸
201 2856 274 2884 Deest
288 2856 398 2889 aliquid,
414 2862 474 2883 nuta
492 2857 546 2887 τοῖς
560 2855 587 2882 ὲν
603 2862 639 2887 τῳ
652 2853 740 2887 νοτίῳ.

981 1171 1089 1198 Primus
1107 1171 1140 1198 de
1156 1170 1234 1197 zonis
1247 1167 1425 1196 Parmenides
1442 1167 1533 1194 dicere
1547 1166 1674 1193 instituit.
1691 1167 1728 1194 De.

946 1224 1060 1251 quarum
1076 1222 1189 1242 numero
1202 1221 1298 1249 magna
1315 1213 1450 1240 dissensio
1462 1216 1513 1240 est.
1534 1212 1600 1238 Nam
1617 1212 1660 1238 alii
1681 1220 1728 1240 sex

949 1266 1102 1293 numerant,
1133 1266 1163 1288 ut
1186 1260 1314 1296 Polybius
1333 1263 1361 1286 et
1386 1258 1562 1291 Posidonius,
1581 1258 1628 1293 qui
1650 1258 1730 1285 torri-

947 1309 1008 1336 dam
1025 1308 1051 1335 in
1066 1308 1135 1335 duas
1146 1306 1290 1339 dividunt;
1304 1305 1426 1340 quinque
1442 1305 1546 1331 malunt
1560 1305 1618 1337 alii,
1635 1313 1650 1333 e
1665 1305 1727 1340 qui-

949 1355 1000 1383 bus
1014 1358 1056 1382 est
1066 1353 1269 1384 Eratosthenes,
1281 1356 1307 1379 et
1322 1359 1372 1378 nos
1387 1351 1482 1378 iisdem
1502 1351 1726 1386 subseripsimus.

949 1400 994 1428 Sic
1008 1399 1041 1427 de
1058 1398 1283 1429 habitationibus,
1302 1402 1328 1424 et
1345 1405 1438 1425 earum
1458 1397 1565 1428 incolis,
1580 1405 1730 1431 eorumque

949 1445 1106 1473 numinibus
1126 1443 1197 1471 haud
1221 1442 1288 1470 levis
1307 1441 1450 1469 conﬂictus
1470 1444 1522 1472 est,
1545 1445 1572 1467 ut
1590 1445 1617 1467 et
1630 1442 1663 1468 de
1682 1449 1730 1467 an-

949 1489 1134 1517 tiehthonibus
1147 1492 1174 1515 et
1192 1487 1375 1523 antipodibus.

969 1591 1021 1626 91
1042 1590 1080 1617 De
1102 1590 1134 1616 iis
1151 1597 1208 1624 qua:
1229 1588 1363 1624 μετάρσια
1382 1592 1407 1614 et
1432 1588 1558 1623 μετέωρα
1578 1586 1712 1613 dicuntur.

987 1648 1032 1676 '52.
1049 1647 1181 1675 Dill'erunt
1196 1655 1210 1673 a
1225 1647 1353 1674 meteoris
1367 1653 1427 1680 quae
1441 1645 1574 1680 μετάρσια
1589 1643 1732 1670 nominan-

952 1701 995 1722 tur
1013 1705 1018 1722 :
1035 1702 1097 1721 nam
1117 1697 1236 1721 meteora
1253 1693 1281 1720 in
1297 1692 1366 1719 ccelo
1382 1696 1446 1720 sunt
1468 1695 1495 1718 et
1520 1690 1620 1717 aethere
1636 1699 1641 1716 :
1662 1689 1735 1716 velut

952 1743 1002 1773 soi,
1016 1745 1042 1769 et
1060 1741 1086 1768 id
1101 1747 1185 1775 genus
1201 1743 1307 1771 cattera,
1324 1739 1422 1766 coelum
1433 1757 1440 1769 ,
1466 1736 1566 1768 aether;
1586 1736 1711 1762 metarsia
1725 1754 1733 1764 ,

952 1796 1012 1823 quae
1025 1795 1114 1815 aerem
1130 1787 1201 1813 inter
1214 1790 1240 1813 et
1259 1789 1358 1812 terram
1371 1783 1498 1811 accidunt
1512 1792 1518 1809 :
1537 1786 1565 1808 ut
1582 1782 1665 1811 renli,
1682 1788 1734 1807 nu-

952 1834 1011 1864 bes,
1026 1833 1138 1864 imbres,
1156 1831 1262 1866 fulgura
1273 1849 1282 1862 ,
1298 1830 1418 1857 tonitrua
1431 1848 1438 1860 ,
1466 1831 1577 1855 cometa:
1589 1846 1596 1858 ,
1623 1826 1713 1853 trahes
1725 1844 1732 1855 .

952 1879 1073 1907 barbata
1088 1878 1182 1910 stella,
1198 1877 1282 1907 faces,
1300 1875 1399 1908 irides,
1422 1882 1491 1901 area:
1504 1893 1512 1905 ,
1535 1872 1734 1900 transvolantes

953 1926 1051 1957 stella,
1073 1928 1214 1955 temones,
1243 1921 1384 1958 proﬂuvia.
1410 1920 1448 1948 De
1464 1920 1497 1947 iis
1514 1927 1574 1955 quae
1602 1918 1735 1954 μετάρσια

954 1974 1102 2001 vocantur,
1123 1968 1256 2005 agendum
1284 1966 1363 1994 nobis
1378 1970 1430 1993 est.
1457 1964 1523 1991 Nam
1548 1963 1582 1991 (le
1607 1961 1735 1990 meteoris

951 2017 1007 2052 jam
1024 2015 1151 2043 diximus.
1167 2014 1206 2041 Ac
1220 2013 1295 2048 prius
1308 2012 1342 2039 de
1356 2010 1455 2038 ventis.

957 2072 994 2099 De
1015 2072 1113 2105 ventis,
1134 2071 1213 2106 deque
1233 2077 1304 2096 aura:
1321 2072 1346 2095 et
1373 2066 1549 2094 emltalatianis
1573 2063 1733 2091 discrimine.

994 2161 1046 2191 ⁸55(
1056 2161 1255 2190 Anaximander
1268 2160 1394 2186 ﬂuentem
1411 2165 1502 2185 aerem
1517 2156 1585 2183 dixit
1595 2161 1656 2181 eSSe
1670 2161 1735 2180 ven-

959 2214 1035 2241 tum;
1054 2208 1098 2234 alii
1113 2206 1310 2234 exhalationcm
1327 2203 1407 2230 aeris.
1430 2201 1482 2228 Alii
1497 2204 1605 2227 ventum
1622 2199 1656 2225 ab
1669 2205 1736 2225 aura

959 2254 1118 2288 discrepare
1130 2252 1222 2279 volunt
1234 2260 1240 2277 :
1256 2250 1354 2285 quippe
1368 2252 1476 2275 ventum
1494 2246 1571 2272 aiunt.
1583 2252 1643 2272 esse
1654 2243 1737 2270 ﬂuen-

959 2301 1010 2325 tem
1037 2303 1144 2328 aerem;
1168 2302 1261 2321 auram
1288 2300 1353 2320 vero
1371 2295 1507 2319 terrenam
1522 2289 1733 2318 exhalationem.

960 2343 1108 2370 Ventorum
1126 2349 1206 2377 porro
1221 2340 1288 2367 alios
1302 2347 1317 2367 e
1331 2338 1450 2366 nubibus
1469 2336 1578 2371 prodire
1592 2338 1697 2369 putant,
1711 2339 1738 2361 et

956 2389 1049 2417 vocari
1067 2397 1076 2414 ι
1093 2387 1254 2422 ecnephias;
1275 2395 1284 2411 ι
1303 2385 1371 2412 alios
1388 2392 1403 2411 e
1422 2387 1494 2410 terra
1517 2382 1650 2410 excitatos
1669 2381 1736 2407 ἁπο-

956 2435 1065 2469 γείουςε
1083 2433 1127 2468 qui
1147 2440 1163 2460 e
1190 2430 1346 2458 ﬂuminibus
1362 2430 1505 2461 oriuntur,
1523 2427 1672 2462 aquatiles,
1690 2427 1735 2462 qui

956 2489 971 2507 a
988 2479 1131 2507 maritimis
1153 2475 1401 2509 sinibus,xo)..-.iac,
1418 2483 1432 2501 a
1450 2474 1586 2501 montibus
1602 2473 1678 2508 ὁρίας
1696 2473 1738 2499 vel

958 2526 1099 2563 ὸρεστὶας;
1118 2523 1252 2559 quomodo
1272 2522 1306 2550 ab
1320 2521 1464 2549 Aristotele
1479 2521 1505 2547 in
1521 2519 1592 2546 libro
1609 2519 1647 2545 De
1670 2526 1738 2545 t'en-

957 2576 1001 2607 tis,
1020 2578 1045 2600 et
1062 2571 1228 2599 Callimacho
1241 2570 1424 2597 nominantur.
1456 2567 1500 2595 Sic
1515 2575 1530 2594 a
1545 2566 1612 2593 locis
1628 2565 1738 2600 quidam

958 2628 1056 2648 nomen
1073 2618 1209 2653 accipiunt
1223 2626 1229 2644 :
1247 2621 1276 2644 ut
1284 2616 1385 2644 Caecias
1401 2624 1416 2642 a
1427 2615 1508 2643 Caico
1516 2613 1598 2640 ﬂuvio
1607 2613 1714 2647 spirans
1729 2620 1737 2643 ς

957 2672 984 2695 et
1002 2665 1097 2692 Sciron
1114 2672 1128 2691 a
1145 2663 1291 2691 Scironicis
1315 2662 1445 2697 scopulis.
1468 2659 1610 2688 Nonnullis
1629 2659 1663 2686 ab
1688 2658 1736 2684 im-

957 2717 1020 2748 petu
1053 2719 1149 2738 nomen
1180 2709 1314 2736 inditum:
1345 2712 1374 2735 ut
1400 2708 1446 2743 qui
1479 2705 1668 2733 vehementius
1695 2703 1738 2729 iu-

957 2763 1073 2795 gruum;
1100 2761 1126 2784 (ιι
1149 2757 1194 2791 qui
1213 2755 1329 2791 quadam
1357 2762 1417 2782 cum
1439 2752 1590 2780 vibratione
1614 2758 1644 2777 ar
1675 2748 1740 2777 sub-

798 2851 817 2867 ”
833 2851 852 2885 [.
872 2850 982 2876 Καΐκου.
