3928 6266
444 295 544 353 987
1466 286 1552 340 AD
1583 281 1850 339 EUSEBll
1877 279 2268 340 CHRONICON
2304 283 2662 341 APPE‘NDIX.

446 413 592 466 sultu
629 410 876 465 feruntur
900 452 914 476 ,
964 407 1234 479 procellae.
1267 405 1374 460 Alii
1423 421 1453 460 a
1499 404 1681 477 specie
1710 405 2010 460 dicuntur:

2129 402 2210 455 rat
2243 403 2556 475 πηδήματος
2594 403 2829 459 θύελλαι.
2866 407 2928 462 Οἱ
2955 407 3012 461 δὲ
3045 409 3148 462 ἀπὸ
3189 408 3510 479 σχήματος
3543 407 3730 476 λέγον-

446 505 592 559 velut
615 505 706 574 qui
739 502 972 572 quadam
1009 499 1274 571 vertigine
1300 499 1613 565 volvuntur,
1644 496 2012 569 appellantur-

447 611 553 665 que
588 594 853 648 turbines.
885 593 1017 648 ltem
1048 592 1141 662 qui
1191 592 1259 646 ab
1285 591 1392 646 imo
1422 605 1640 646 sursum
1672 589 2009 655 attolluntur,

2112 510 2236 545 ται·
2262 492 2446 566 ὥσπερ
2479 497 2528 548 οἰ
2567 496 2717 566 μετὰ*
2749 497 3008 568 δινήσεως
3042 500 3336 572 στρόϐιλοι
3357 517 3374 531 ο
3409 500 3514 553 καὶ
3539 501 3592 553 οἱ
3635 501 3728 558 κά-

2111 585 2280 638 τωθεν
2305 587 2385 650 είς
2417 586 2549 656 ὕψος
2575 588 2861 659 φερόμενοι
2884 593 3226 663 πρηστῆρες.
3283 593 3728 664 Ἐπραγματεύ-

450 695 740 756 presteres.
769 685 1000 756 Scripsit
1024 685 1092 740 de
1115 683 1292 740 ventis
1324 685 1485 739 etiam
1508 682 1914 740 Eratosthenes.
1946 683 2014 737 At

2129 695 2243 730 τατο
2278 678 2335 731 δὲ
2372 680 2503 750 περὶ
2528 680 2742 751 ἀνέμων
2768 682 2860 735 καὶ
2895 683 3329 756 Ἐρατοσθένης.
3371 686 3444 738 Οἱ
3489 686 3549 738 δὲ
3587 703 3728 755 γενι-

449 778 752 833 cardinales
792 778 938 833 venti
986 783 1114 832 sunt
1145 783 1416 848 quatuor:
1447 791 1479 830 e
1507 775 1705 846 quibus
1757 774 1849 831 ille
1869 813 1884 840 ,
1919 773 2014 846 qui

2129 770 2344 827 ιώτατοι
2383 773 2573 843 ἄνεμοι
2605 773 2867 845 τέσσαρές
2903 777 3038 829 είσι·
3074 778 3167 830 καὶ
3204 781 3240 831 ὁ
3287 779 3404 848 μὲν
3455 780 3574 832 ἀπὸ
3606 782 3727 834 ἀνα-

449 871 519 924 ab
549 877 672 923 ortu
704 868 832 933 ﬂat,
890 869 1220 924 subsolanus
1271 867 1504 934 dicitur;
1565 866 1658 937 qui
1712 866 1779 921 ab
1812 866 2016 922 arctico

2129 865 2285 918 πολῶν
2331 865 2510 920 πνέων
2571 867 2814 920 καλεῖται
2859 867 3208 941 ἀπηλιώτης,
3261 873 3296 922 ὁ
3351 871 3418 922 δὲ
3477 871 3592 926 ἀπὸ
3641 874 3726 928 τοῦ

448 963 594 1033 polo,
622 963 852 1034 boreas;
887 963 979 1032 qui
1005 964 1072 1016 ab
1103 961 1424 1027 antarctico,
1455 969 1666 1029 auster;
1697 959 1766 1016 ab
1790 975 2013 1027 occasu,

452 1055 743 1127 zephyrus.
780 1053 916 1110 Nam
949 1055 1110 1123 ςέφος
1141 1054 1353 1125 poetice
1376 1067 1634 1110 occasum
1659 1052 1949 1125 signiﬁcat.

1061 1237 1138 1292 De
1177 1239 1412 1293 cometis.

521 1331 609 1386 54.
647 1330 724 1386 De
750 1329 978 1385 cometis
1009 1337 1062 1384 et
1092 1329 1337 1386 trabibus
1370 1327 1641 1401 scripsere
1663 1330 1970 1401 complures
1998 1348 2014 1384 :

2113 959 2373 1031 ἀρκτικοῢ
2417 960 2581 1014 πόλου
2630 960 2840 1034 βορέας,
2872 964 2901 1016 ὁ
2931 964 2986 1016 δὲ
3030 965 3136 1017 ἀπὸ
3180 963 3297 1017 τοῦ
3347 964 3725 1035 ἀνταρκτικοῦ

2114 1053 2284 1118 νότος,
2314 1055 2342 1107 ὁ
2371 1053 2427 1106 δὲ
2457 1053 2564 1108 ἀπὸ
2599 1053 2801 1118 δύσεως
2837 1053 3068 1128 ζέφυρος
3093 1073 3107 1087 '
3136 1056 3324 1127 ζέφος
3365 1055 3491 1128 γὰρ
3523 1058 3557 1128 ἡ
3585 1057 3727 1123 δύσις

2115 1145 2256 1200 κατά
2276 1147 2402 1211 τοὺς
2437 1147 2681 1217 ποιητάς.

2670 1241 2808 1310 Περὶ
2835 1240 3125 1311 κομητῶν,

2185 1330 2278 1383 λδ’.
2301 1330 2436 1404 Περὶ
2457 1330 2512 1384 δὲ
2539 1333 2792 1404 κομητῶν
2809 1334 2901 1386 καὶ
2920 1334 3142 1388 δοκίδων
3161 1335 3721 1406 ἐπραγματεύσαντο

451 1425 598 1480 velut
627 1423 952 1478 Demetrius.
983 1422 1161 1478 Locus
1186 1439 1375 1478 eorum
1412 1434 1496 1478 est
1543 1424 1598 1478 in
1637 1439 1780 1489 aere,
1812 1440 1922 1479 non
1960 1426 2017 1480 in

2129 1420 2328 1474 πολλοί·
2379 1421 2564 1495 ὥσπερ
2611 1424 2706 1477 καὶ
2751 1425 3076 1498 Δημήτριος.
3115 1428 3244 1480 Εἰσὶ
3299 1429 3367 1481 δὲ
3407 1429 3517 1481 οὐκ
3551 1430 3610 1482 ἐν
3638 1430 3720 1482 οὐ·

454 1517 610 1571 caelo.
645 1515 721 1568 Ex
755 1515 824 1570 iis
856 1529 1090 1586 quorum
1140 1515 1320 1570 lumen
1366 1515 1624 1572 deorsum
1666 1517 1925 1586 respicit,
1959 1524 2017 1572 ut

2119 1512 2286 1585 ρανῷ,
2338 1513 2452 1567 ἀλλ’
2502 1517 2560 1570 ὲν
2608 1515 2686 1586 τῷ
2718 1516 2857 1589 ἀέρι.
2889 1519 2950 1571 Οί
3000 1520 3097 1590 μὲν
3135 1517 3231 1574 οὖν
3277 1521 3453 1574 κάτω
3500 1521 3565 1573 τὸ
3615 1521 3718 1590 φῶς

452 1623 644 1663 versus
674 1622 792 1662 eam
815 1613 1021 1677 partem
1039 1621 1328 1664 coruscare
1345 1606 1631 1661 videantur
1648 1647 1664 1673 ,
1705 1627 1722 1659 ‹
1749 1617 1969 1663 cometae
1992 1626 2011 1660 ι

2129 1607 2330 1678 ἔχοντες
2352 1649 2368 1674 ,
2403 1609 2497 1663 καὶ
2540 1609 2640 1673 τὰς
2680 1612 3042 1682 μαρμαρυγὰς
3077 1614 3230 1668 κάτω
3278 1614 3600 1680 νευούσας,
3625 1633 3718 1669 κα-

452 1697 846 1763 nominantur;
917 1711 1151 1767 quorum
1217 1696 1472 1766 splendor
1528 1713 1744 1752 sursum
1805 1699 2014 1767 vergit,

2116 1697 2329 1752 λοῦνται
2388 1718 2407 1751 ι
2450 1700 2718 1771 κομῆταιο
2766 1720 2785 1753 ι
2834 1703 2883 1755 οί
2922 1701 2978 1756 δὲ
3013 1704 3124 1757 ἀνω
3172 1705 3235 1758 τὸ
3287 1704 3423 1775 φῶς
3471 1706 3715 1770 νενευκὸς

458 1809 478 1842 ι
514 1789 700 1856 faces;
741 1808 761 1843 ι
797 1805 922 1844 cum
952 1790 1041 1843 lux
1077 1789 1290 1844 tractim
1321 1789 1658 1859 producitur,
1687 1809 1704 1840 ι
1743 1789 1960 1856 trabes;
1993 1809 2012 1843 ›

2129 1787 2328 1859 ἔχοντες
2366 1789 2648 1845 καλοῦνται
2687 1791 3022 1863 (λαμπάδες.
3055 1814 3074 1846 ι
3113 1795 3318 1850 Ὁπότε
3351 1796 3415 1849 δὲ
3451 1797 3716 1868 ἐπίμηκες

453 1883 672 1952 quando
715 1882 991 1940 roscidum
1044 1883 1226 1937 lumen
1273 1895 1516 1953 apparet,
1549 1902 1568 1935 ε
1604 1883 1702 1937 iris
1741 1902 1759 1935 ι
1798 1883 2014 1939 dicitur.

453 1973 685 2040 Quando
721 1973 890 2029 solem
920 1974 1091 2028 ambit
1124 1973 1362 2028 circulus
1393 1992 1406 2028 :
1439 1973 1744 2043 cujusmodi
1768 1989 2022 2028 nonnun-

454 2081 617 2136 quam
663 2065 771 2120 duo
805 2072 987 2120 tresve
1016 2065 1153 2120 ﬁunt
1179 2085 1191 2120 :
1229 2064 1372 2120 unde
1398 2075 1452 2120 et
1477 2065 1678 2119 Aratus
1705 2063 1841 2118 dixit
1871 2080 1892 2115 ι
1924 2063 2024 2118 tri-

2117 1880 2299 1952 έχουσι
2329 1881 2389 1935 τὸ
2422 1883 2557 1951 φῶς,
2592 1883 2878 1939 καλοῦνται
2911 1905 2928 1937 ι
2949 1886 3152 1950 δοκίδες
3171 1903 3185 1919 ⁸
3217 1906 3239 1940 ι
3276 1887 3454 1941 ὁπότε
3473 1889 3533 1942 δὲ
3563 1891 3710 1960 ἰκμα-

2117 1974 2283 2038 τῶδες
2329 1974 2443 2044 φῶς
2482 1977 2710 2047 ὁρᾶται,
2746 1977 2988 2033 καλεῖται
3024 1998 3042 2030 ι
3072 1980 3209 2050 ῐρις·
3251 1999 3274 2032 ι
3316 1982 3461 2033 ὅταν
3491 1981 3549 2033 δὲ
3594 1982 3711 2053 περὶ

2117 2067 2208 2120 τὸν
2232 2067 2382 2138 ἥλιον
2412 2063 2446 2141 ᾗ
2479 2066 2707 2133 κύκλοςο
2741 2068 2909 2123 ἐνίοτε
2941 2070 3036 2123 καὶ
3062 2071 3107 2102 ¹⁰
3146 2071 3266 2136 δύο,
3307 2073 3413 2126 καὶ
3455 2075 3605 2142 τρεῖς
3628 2074 3705 2141 γί-

453 2159 710 2229 plicatam
745 2174 949 2222 aream,
996 2178 1015 2212 ι
1060 2167 1284 2213 vocatur
1309 2159 1490 2223 ἄλως,
1534 2159 1587 2212 id
1619 2165 1703 2214 est
1753 2175 1772 2208 ι
1813 2170 1960 2211 area.
1995 2173 2015 2208 ›

2129 2177 2326 2216 νονται·
2369 2159 2492 2215 ὅθεν
2517 2161 2609 2214 καὶ
2637 2163 2871 2232 ’Ἄρατος
2910 2158 3032 2217 εἶπε
3079 2182 3097 2216 ι
3120 2164 3449 2235 τριέλικτον
3477 2164 3702 2237 ἀλωήνοι

457 2251 516 2306 Si
543 2251 613 2307 ab
643 2251 809 2307 astris
865 2251 1004 2323 ignis
1050 2250 1117 2305 ad
1151 2250 1410 2308 inferiora
1456 2251 1820 2322 propellatur,
1878 2269 1897 2302 ι
1943 2257 2024 2303 te-

2127 2251 2324 2314 (ἆλωςι
2351 2250 2614 2307 καλεῖται.
2630 2251 2754 2306 Ἐὰν
2770 2252 2825 2306 δὲ
2847 2253 2954 2307 ἀπὸ
2973 2254 3213 2327 ἀστέρων
3230 2249 3383 2318 ὦσις
3412 2253 3511 2308 τοῦ
3541 2257 3700 2324 φωτὸς

454 2359 665 2410 mones,
689 2364 707 2397 ι
727 2351 780 2399 et
801 2363 818 2395 ι
853 2344 1116 2416 proﬂuvia
1141 2365 1160 2397 ι
1192 2353 1597 2415 nuncupantur.
1614 2343 1716 2410 Qui
1734 2342 2020 2400 subsultim

2129 2343 2346 2416 γένηται
2379 2344 2470 2396 ἐπὶ
2498 2343 2564 2398 τὰ
2593 2343 2763 2410 κάτω,
2790 2345 3073 2400 καλοῦνται
3103 2364 3121 2397 ί
3151 2346 3326 2418 ρυμοὶ
3359 2364 3380 2398 ι
3422 2347 3520 2399 καὶ
3551 2346 3702 2418 «ῥύα-

455 2437 563 2491 huc
614 2444 668 2492 et
707 2437 837 2492 illuc
872 2438 1180 2508 agitantur,
1241 2457 1259 2489 ι
1302 2438 1558 2494 salientes
1597 2456 1617 2488 ι
1677 2443 1730 2492 et
1763 2455 1781 2488 ι
1822 2433 2024 2490 transi-
2073 2442 2077 2444 ’

2121 2450 2248 2500 κες·
2279 2453 2298 2486 ι
2331 2436 2380 2489 οἱ
2412 2435 2469 2488 δὲ
2512 2435 2620 2489 ἀπὸ
2647 2435 2814 2489 τόπου
2853 2439 2932 2501 εἰς
2961 2437 3125 2490 τόπον
3169 2437 3575 2509 μετερχόμενοι
3608 2429 3705 2490 κει-ι’

456 2531 650 2585 lientes
681 2550 692 2585 :
724 2530 868 2601 qu;d
904 2531 962 2585 ﬁt
996 2531 1167 2587 stellis
1213 2542 1374 2587 vento
1400 2529 1716 2594 concussis,
1758 2537 1812 2586 et
1865 2529 2024 2600 quasi

2129 2527 2333 2581 λοῦνται
2382 2547 2400 2580 ι
2428 2527 2677 2599 ᾄττοντες
2713 2547 2732 2580 ι
2781 2529 2873 2582 καὶ
2919 2547 2937 2581 ί
2961 2529 3266 2600 διᾴττοντες
3288 2548 3302 2559 ο
3337 2548 3358 2580 ι
3399 2529 3608 2598 γίνεται
3647 2528 3698 2581 δὲ

456 2622 720 2678 scintillas
753 2623 1149 2678 emittentibus.
1186 2620 1325 2678 Hinc
1373 2622 1508 2676 illud
1560 2629 1844 2676 ventorum
1885 2636 2027 2691 pra:-

457 2715 668 2784 sagium
722 2713 902 2770 facere
947 2713 1104 2769 docet
1151 2713 1373 2768 Aratus.
1407 2712 1488 2766 Ad
1522 2711 1636 2766 hate
1669 2730 1688 2764 ι
1725 2727 1966 2783 praesepe
1998 2731 2021 2764 ι

455 2818 650 2862 vocant
686 2809 884 2866 autem
939 2808 1230 2877 quamdam
1289 2809 1436 2862 circa
1489 2806 1760 2862 Cancrum
1797 2805 2022 2876 conglo-

457 2901 639 2954 batam
697 2910 750 2955 et
798 2900 1166 2970 splendidam,
1219 2907 1276 2954 ut
1325 2901 1525 2956 Aratus
1572 2899 1878 2975 significat:
1935 2896 2025 2952 cui

2121 2619 2308 2686 τοῦτο,
2338 2620 2446 2673 τῶν
2493 2620 2735 2692 ἀστέρων
2777 2619 2882 2674 ὑπὸ
2926 2620 3232 2692 πνεύματος
3270 2621 3692 2691 τινασσομένων,

2123 2713 2217 2766 καὶ
2251 2713 2412 2768 οἱονεὶ
2465 2712 2769 2785 σπινθῆρας
2811 2713 3075 2783 ἀφιέντων
3099 2729 3114 2744 °
3158 2714 3238 2767 διὸ
3293 2712 3451 2767 κατὰ
3490 2715 3696 2783 σημεῒδν

2124 2806 2337 2876 ἀνέμων
2375 2802 2528 2860 εἶπεν
2560 2806 2796 2879 Ἀρατος
2835 2806 3011 2860 τοῦτο.
3050 2807 3161 2861 Καὶ
3189 2807 3408 2878 φάτνην
3457 2807 3513 2859 δέ
3551 2805 3691 2873 νέφος

2127 2897 2535 2968 πεφωτισμένον
2589 2897 2718 2969 περὶ
2770 2897 2863 2950 τὸν
2905 2897 3180 2968 Καρκίνον
3229 2897 3407 2966 φασίν
3435 2914 3450 2927 ·
3492 2895 3566 2954 ὡς
3610 2910 3693 2947 και

471 3001 898 3048 consentaneum
929 3000 1030 3056 est,
1049 2992 1191 3062 quod
1218 2992 1269 3045 in
1299 2991 1487 3046 eadem
1510 2998 1662 3061 parte
1685 2989 1855 3044 stella:
1878 3003 2026 3058 qua:-

2131 2988 2381 3058 ⁹Αρατος.
2422 2988 2752 3052 Ἀκολούθως
2793 2987 2850 3041 δὲ
2882 2987 3051 3060 ταύτῃ
3084 2990 3178 3042 καὶ
3212 3007 3229 3039 ι
3253 2990 3421 3053 ὄνους
3445 3007 3463 3040 ι
3493 2987 3689 3055 λέγουσι

461 3085 585 3139 dam
619 3085 764 3138 circa
793 3084 1084 3151 Cancrum,
1118 3103 1136 3134 ι
1177 3084 1316 3138 asini
1356 3103 1374 3135 ι
1411 3083 1690 3137 dicuntur.
1719 3080 1892 3136 Porro
1933 3094 2026 3136 co-

461 3185 634 3231 metas
668 3182 721 3230 et
751 3175 804 3229 id
833 3191 1003 3245 genus
1044 3175 1184 3236 alia,
1231 3174 1450 3244 quidam
1499 3189 1529 3230 e
1569 3172 1741 3228 stellis
1787 3170 2026 3227 densatis

461 3273 516 3321 et
546 3266 863 3320 illuminatis
903 3265 1035 3319 oriri
1066 3265 1308 3320 sentiunt
1337 3283 1349 3319 :
1383 3265 1475 3318 alii
1505 3281 1570 3320 ex
1605 3264 1838 3319 nubibus
1871 3262 2029 3318 undi-

462 3373 570 3426 que
596 3356 962 3423 collustratis;
1014 3356 1262 3412 nonnulli
1293 3371 1357 3411 ex
1400 3355 1614 3410 all‘rictu
1644 3355 1902 3412 succendi
1932 3370 2029 3410 vo-

462 3450 600 3503 lunt.
632 3447 818 3518 Neque
850 3464 979 3504 vero
1013 3465 1226 3519 semper
1252 3455 1532 3518 apparent,
1555 3448 1649 3504 sed
1674 3448 1836 3503 certis
1867 3441 2035 3502 inter?

462 3539 623 3594 vallis
657 3548 978 3610 temporum.
1028 3541 1296 3596 Cmterum
1340 3540 1516 3596 nubes
1549 3541 1693 3594 inter
1729 3555 1789 3594 se
1825 3539 2034 3593 collisa.»

462 3633 705 3686 tonitrua
737 3632 981 3699 faciunt;
1039 3632 1180 3688 ﬁssae
1209 3649 1366 3697 vero,
1409 3641 1464 3688 et
1518 3647 1643 3687 cum
1698 3630 1903 3701 impetu
1963 3643 2030 3684 ac

465 3720 801 3775 vehementia
837 3720 1019 3775 [latum
1052 3724 1362 3778 emittentes
1385 3763 1400 3789 ,
1464 3721 1726 3776 fulmina:
1759 3735 1884 3776 cum
1915 3719 2037 3790 agi-

465 3815 672 3870 tatione
703 3815 864 3871 ﬂatus
910 3814 1264 3882 accenditur;
1321 3814 1534 3886 fulgura
1585 3814 1672 3869 vel
1711 3829 1742 3869 e
1791 3811 2030 3868 nubibus

466 3906 602 3976 ipsis
656 3912 943 3972 oriuntur,
1000 3923 1233 3964 accenso
1284 3907 1408 3979 igne
1465 3921 1528 3961 ac
1585 3906 1892 3961 restincto:
1944 3904 2031 3960 vel

467 3997 724 4068 splendor
751 4007 834 4054 est
863 4016 928 4054 ex
960 4001 1084 4069 igne
1113 4014 1432 4055 coruscans.
1478 3999 1684 4053 Imbres
1705 4013 1772 4051 ex
1814 3995 2032 4050 madido

465 4107 688 4161 vapore,
731 4100 784 4146 et
836 4091 1074 4146 humidis
1114 4091 1352 4145 nubibus
1396 4090 1688 4145 exsistunt.
1727 4087 1854 4142 Haec
1883 4101 2034 4143 sum-

467 4183 654 4237 matim
707 4183 775 4239 de
822 4185 967 4240 aeris
997 4183 1372 4239 affectionibus
1400 4222 1416 4248 ,
1468 4197 1590 4252 quae
1643 4180 1904 4252 μετάρσια
1930 4194 2033 4234 no—

469 4275 700 4330 minant.

966 4445 1043 4500 De
1078 4447 1252 4515 positu
1302 4445 1540 4512 sphazrw.

537 4536 628 4592 55'.
663 4535 897 4607 Sphaerae
927 4540 1102 4605 situs,
1133 4539 1278 4608 quod
1325 4540 1579 4609 ignorare
1630 4553 1740 4593 non
1791 4545 2032 4608 oportet,

469 4625 614 4680 haud
644 4629 809 4683 unius
849 4629 1064 4698 generis
1111 4637 1195 4684 est
1218 4669 1232 4693 ,
1280 4629 1375 4685 sed
1410 4645 1508 4700 pro
1535 4637 1695 4684 terrae
1731 4629 2034 4685 inclinatio—

469 4718 632 4772 nibus
662 4719 801 4772 varii
839 4727 969 4775 sunt
1024 4721 1248 4790 sphaerae
1299 4721 1456 4776 situs.
1507 4719 1548 4773 E
1604 4721 1800 4790 quibus
1831 4735 2034 4792 paucos

469 4811 952 4883 perstringemus:
1015 4821 1070 4868 et
1122 4814 1190 4868 ad
1251 4813 1463 4868 Aratea:
1523 4813 1745 4883 sphaerae
1800 4813 2038 4884 positum

471 4916 660 4976 postea
688 4905 990 4962 veniemus.
1041 4904 1138 4960 Est
1186 4906 1348 4976 igitur
1375 4905 1513 4962 situs
1565 4905 1812 4976 inprimis
1860 4904 2040 4961 Helle-

471 5001 676 5069 sponti,
702 5014 764 5054 ac
793 4998 1120 5054 Macedoniae
1146 4999 1350 5053 elimati
1380 5015 1705 5070 congruens.
1729 4997 1866 5054 Cum
1890 4998 2037 5054 enim

471 5092 613 5158 apud
663 5092 992 5162 Antigonum
1036 5089 1364 5145 Macedonia:
1411 5107 1590 5163 regem
1624 5098 1768 5147 esset
1796 5089 1994 5147 Aratus
2017 5129 2033 5156 ,

472 5181 540 5236 ad
571 5182 720 5236 illius
767 5181 871 5237 loci
918 5181 1079 5236 clima
1107 5181 1483 5252 apparentium
1511 5181 1815 5236 doctrinam
1862 5180 2039 5252 exegit

471 5291 706 5330 omnem.
738 5273 912 5332 Porro
950 5275 1165 5345 quoties
1191 5274 1300 5344 poli
1330 5274 1666 5330 horizontem
1693 5273 2034 5345 contingunt,

474 5369 672 5423 accidit
699 5375 760 5423 ut
792 5383 893 5424 nec
922 5368 1161 5424 arcticus
1215 5369 1454 5424 circulus
1477 5407 1493 5432 ,
1548 5382 1651 5422 nec
1701 5367 2037 5423 antarcticus
2063 5389 2079 5410 ο

476 5473 690 5528 semper
737 5468 1075 5531 appareant:
1108 5461 1205 5517 sed
1258 5460 1698 5530 hemispbaarium
1747 5466 2039 5530 utrumque

476 5549 685 5606 oriatur
748 5559 801 5608 et
859 5553 1091 5609 occidat.
1180 5553 1275 5608 Sin
1307 5554 1578 5609 borealem
1633 5552 1814 5624 polum
1873 5567 2038 5625 supra

560 5737 606 5770 ⁸³
634 5735 676 5806 ἶ.
702 5736 873 5790 ἐνίοτε.
895 5735 972 5790 δέ.
1050 5739 1113 5770 ³⁸·
1141 5739 1182 5807 f.
1203 5739 1359 5793 κατά.
1389 5740 1542 5794 Enn.

2128 3080 2255 3150 περῖ¹
2280 3078 2370 3134 τὸν
2399 3078 2671 3150 Καρκίνον
2715 3078 2948 3148 ἀστέρας
2987 3071 3144 3131 εἶναι.
3176 3078 3320 3141 Τοὺς
3360 3077 3420 3130 δὲ
3466 3076 3690 3146 κομήτας

2129 3172 2220 3224 καὶ
2247 3171 2373 3234 τοὺς
2399 3170 2676 3234 τοιούτους
2699 3170 2748 3222 οἱ
2787 3170 2885 3240 μὲν
2914 3171 3160 3238 λέγουσιν
3204 3169 3262 3234 ἐξ
3301 3168 3549 3239 ἀστέρων
3577 3183 3684 3219 συν-

2127 3281 2152 3316 ε
2159 3263 2432 3334 ρχομένων
2443 3262 2682 3332 γίνεσθαι
2698 3262 2791 3316 καὶ
2811 3264 2836 3314 έ
2843 3263 3084 3334 μφωτιζο
3091 3263 3289 3333 μένων,
3307 3264 3360 3314 οἱ
3383 3261 3442 3314 δὲ
3459 3263 3520 3313 ὲκ
3531 3258 3686 3327 νεφῶν

2129 3356 2677 3427 περιπεφωτισμένων
2697 3371 2711 3385 ·
2744 3353 2893 3409 ἄλλοι
2921 3355 2977 3408 δὲ
3002 3356 3067 3408 ὲκ
3093 3353 3486 3426 παρατρίψεως
3511 3347 3683 3409 αὐτοὺς

2122 3429 2453 3517 ιφωτίζεσθαι
2476 3445 2742 3515 λέγουσιν.
2772 3445 2846 3499 Οὐ
2883 3445 3158 3515 φαίνονται
3202 3445 3260 3498 δὲ
3302 3445 3426 3498 ἀεί·
3463 3441 3589 3495 ἀλλὰ
3612 3438 3682 3507 γί-

2129 3557 2306 3594 νονται
2341 3539 2434 3593 καὶ
2469 3537 2538 3569 ²⁰⁴
2562 3538 2840 3610 περιόδους
2885 3537 3110 3608 χρόνων.
3138 3538 3266 3590 Ὅτε
3309 3536 3409 3607 μὲν
3445 3529 3534 3586 οὖν
3564 3546 3676 3598 συγ·

2119 3629 2414 3702 ’κρούονται
2433 3629 2489 3682 αἱ
2521 3627 2738 3697 νεφέλαι
2768 3628 2904 3700 πρὸς
2927 3627 3180 3698 ἀλλήλας,
3205 3625 3440 3699 βροντὰς
3471 3621 3675 3677 ποιοῦσι·

2132 3721 2379 3793 ῥαγεῖσαι
2417 3719 2495 3782 δὲ,
2528 3719 2620 3772 καὶ
2652 3710 2868 3789 πνεῦμα
2918 3716 3054 3788 μετά
3109 3717 3286 3788 ῥύμης
3335 3717 3428 3770 καὶ
3471 3712 3676 3783 σφοδρᾶς

2130 3811 2304 3881 ὁρμῆς
2345 3811 2600 3881 ἀφεῖσαι,
2630 3809 2926 3882 κεραυνοὺς
2974 3808 3185 3861 ποιοῦσι
3210 3850 3224 3872 ,
3261 3807 3355 3861 διὰ
3391 3807 3487 3877 τῆς
3521 3803 3675 3876 ῥύμης

2130 3901 2500 3972 ἀναπτομένου
2534 3899 2630 3954 τοῦ
2665 3899 2972 3971 πνεύματος
3001 3916 3015 3929 ’
3049 3899 3325 3972 ἀστραπαὶ
3369 3897 3426 3952 δὲ
3465 3895 3670 3966 γίνονται

2131 3993 2249 4063 ἦτοι
2281 3991 2339 4058 ἐξ
2378 3992 2556 4046 αὐτῶν
2595 3992 2755 4046 πάλιν
2793 3993 2899 4046 τῶν
2931 3992 3140 4061 νεφῶν,
3169 3991 3348 4062 φωτὸς
3394 3981 3671 4053 ἀναπτομέ-

2132 4097 2223 4135 νου
2253 4083 2347 4136 καὶ
2376 4082 2730 4154 σϐεννυμένου
2757 4100 2770 4113 ο
2799 4083 2831 4154 ἢ
2864 4085 2928 4136 ἐκ
2957 4084 3127 4155 πυρὸς
3168 4079 3523 4156 μαρμαρυγαί
3554 4077 3668 4130 είσιν

2133 4171 2569 4242 ὲκπεμπόμεναι.
2613 4172 2845 4244 Ὀμϐροι
2877 4173 2935 4225 δὲ
2979 4171 3036 4238 ἐξ
3077 4173 3249 4241 ὑγρᾶς
3282 4168 3573 4226 ἀναδόσεως
3591 4157 3668 4214 καὶ

2134 4263 2370 4332 νεφελῶν
2403 4262 2584 4335 ὑγρῶν
2614 4263 2870 4332 γίνονται.
2900 4262 3083 4316 Ταῦτα
3116 4262 3214 4332 μὲν
3238 4256 3332 4317 οὖν
3356 4262 3432 4324 ὡς
3455 4259 3509 4311 ὲν
3529 4253 3665 4322 ὀλίγῳ

2139 4355 2265 4429 περὶ
2300 4355 2628 4428 μεταρσίων.

2484 4445 2624 4514 Περὶ
2644 4444 2862 4510 θέσεως
2890 4445 3020 4517 [τῆς
3047 4444 3354 4517 σφαίρας].

2209 4538 2299 4592 λε’.
2322 4537 2648 4608 Είδέναιῗχρὴ
2665 4536 2903 4608 περὶτῆς
2923 4536 3120 4601 θέσεως
3137 4536 3234 4608 τῆς
3249 4527 3572 4607 σφαίρας,ὡς
3583 4522 3662 4578 οὒκ

2139 4628 2254 4683 ἔστι
2289 4629 2405 4700 μία,
2439 4628 2576 4682 ἀλλὰ
2603 4627 2739 4699 πρὸς
2762 4627 2830 4680 τὰ
2858 4628 3095 4699 κλίματα
3135 4628 3234 4698 τῆς
3262 4628 3364 4697 γῆς
3400 4623 3490 4679 καὶ
3516 4620 3564 4673 al
3593 4615 3660 4669 θέ-

2141 4739 2252 4785 σεις
2284 4722 2381 4793 τῆς
2419 4720 2651 4792 σφαίρας
2689 4720 2947 4789 γίνονται.
2978 4719 3208 4774 Λεκτέον
3233 4719 3290 4772 δὲ
3315 4717 3440 4788 περὶ
3463 4711 3655 4778 ὀλίγων·

2139 4817 2234 4869 καὶ
2264 4814 2386 4867 τότε
2414 4813 2516 4884 τῆς
2549 4812 2689 4866 κατά
2721 4811 2812 4866 τὸν
2849 4813 3081 4883 Ἀρατον
3109 4810 3377 4883 ἀψόμεθα.
3413 4809 3556 4867 Θέσις
3593 4798 3660 4858 τίς

2139 4907 2255 4960 ἐστι
2289 4905 2432 4961 κατά
2477 4905 2538 4958 τὸ
2579 4904 3062 4976 Ἐλλησποντιακδν
3097 4905 3191 4958 καὶ
3234 4905 3330 4975 τῆς
3369 4891 3654 4957 Μακεδονίας

2139 4999 2330 5072 κλίμα.
2363 4998 2520 5072 Παρὰ
2550 4999 2657 5071 γὰρ
2695 4999 2978 5070 Ἀντιγόνῳ
3007 4998 3294 5071 διατρίϐων
3329 4998 3567 5067 Ἀρατοςν
3595 4979 3655 5072 τῷ

2138 5095 2237 5165 τῆς
2266 5071 2602 5154 Μακεδονίας
2649 5090 2874 5162 βασιλεῖ,
2920 5091 3057 5162 πρὸς
3089 5089 3151 5143 τὸ
3180 5088 3362 5142 αὐτόθι
3399 5085 3546 5152 κλίμα
3581 5071 3652 5165 κρῖ

2138 5164 2236 5259 τήν
2284 5183 2630 5238 διδασκαλίαν
2681 5181 2789 5236 τῶν
2838 5181 3174 5252 φαινομένων
3220 5179 3510 5250 πεποίηται.
3555 5164 3652 5220 Ἐὰν

2142 5280 2239 5352 μὲν
2268 5274 2359 5333 οὖν
2383 5281 2432 5332 οἱ
2458 5278 2608 5331 πόλοι
2639 5277 2775 5348 πρὸς
2806 5275 2884 5346 τῷ
2911 5275 3142 5347 ὁρίζοντι
3176 5275 3274 5344 τὴν
3311 5273 3448 5326 θέσιν
3475 5266 3646 5352 ἔχωσιν,

2137 5350 2279 5424 ὥστε
2325 5369 2660 5440 ἐφάπτεσθαι
2707 5367 2802 5420 τοῦ
2851 5367 3151 5437 ὁρίζοντος,
3186 5363 3502 5436 συμϐήσεται
3542 5350 3646 5440 μήτε

2137 5463 2228 5517 τὸν
2257 5439 2532 5534 ἀρκτικὸν,
2561 5462 2696 5532 μήτε
2740 5460 2831 5513 τὸν
2871 5457 3228 5531 ἀνταρκτικὸν
3269 5450 3482 5522 ἀειφανῆ
3519 5439 3642 5534 εἶναι,

2141 5555 2254 5610 ἀλλ’
2283 5528 2537 5625 ἑκάτερον
2563 5528 2774 5609 τούτων
2803 5528 3122 5624 ἡμικύκλιον
3155 5547 3448 5606 ἀνατέλλειν
3482 5535 3552 5593 ἀεὶ
3574 5528 3641 5586 καῖ
