1964 3133
110 123 202 156 989
528 129 689 158 AClllLLlS
708 128 800 157 TATll
819 129 934 159 ISAGO(

988 130 1032 158 AD
1049 128 1154 157 ABATI
1173 127 1408 157 PHENOMENA.
1721 131 1773 160 990

110 182 254 214 δύνειν.
274 185 337 225 Ἐᾲν
351 187 380 214 δὲ
400 188 447 215 τὸν
462 187 564 223 βόρειον
581 188 662 215 πόλον
681 188 845 225 ὑψηλότερον
867 190 934 226 ποιήι

995 188 1164 216 horizontem
1178 186 1328 216 attollimus
1340 206 1348 218 .
1369 194 1419 222 pro
1438 186 1588 215 altitudinis
1601 191 1716 219 ratione,
1731 196 1775 216 va-

113 240 249 268 υωμεν
262 233 309 260 τοῦ
325 233 471 270 ὁρίζοντος,
486 234 554 270 πρὸς
570 235 600 261 τὸ
610 235 748 270 γινόμενον
765 234 879 271 ἑξαρμα,
892 236 934 262 καλ

992 235 1032 262 ria
1049 239 1127 262 terrae
1139 233 1301 261 ‘climatibus
1316 233 1420 260 dierum
1436 237 1463 260 ct
1477 234 1597 260 noctium
1617 234 1774 268 magnitudo

117 275 220 312 ὖςοος
238 279 333 312 αὑτοῦ,
348 280 442 307 καὶτὰ
457 280 575 315 κλίματα
589 281 639 315 τῆς
653 281 704 316 γῆς
719 281 774 313 ἕξει
786 281 819 308 τὰ
837 281 934 317 μεγέθη

992 280 1137 309 constabit.
1154 279 1302 315 Fingamus
1332 280 1449 314 partium
1478 279 1617 314 sexaginta
1641 279 1773 306 circulum

116 323 204 351 τῶν
216 325 331 361 ἡμερῶν
348 326 394 353 καὶ
407 326 460 352 τῶν
477 325 580 352 νυκτῶν
596 326 718 362 διάφορα.
733 326 825 361 Δῶμεν
841 327 861 360 ξ’
879 335 934 362 μοι·

991 334 1070 358 esse,
1098 325 1145 360 qui
1175 325 1308 360 sphaeram
1332 332 1380 360 per
1400 324 1478 360 polos
1502 325 1637 352 transiens
1655 324 1750 351 dividit
1765 343 1773 356 ,

120 370 207 404 ρῶν
230 371 331 398 κύκλον
346 372 477 407 τέμνοντα
489 371 538 407 τὴν
562 373 678 407 σφαῖραν
698 371 741 398 διὰ
763 372 816 398 τῶν
839 372 934 404 πόλων,

990 370 1043 406 92
1060 374 1088 397 ut
1101 370 1187 397 coluri
1203 370 1316 397 faciunt.
1344 368 1428 405 Igitur
1454 370 1642 404 hemisphaeria
1667 370 1771 404 singula

118 413 249 452 ὥσπερ
265 417 328 448 τοὺς
345 416 497 452 κολούρους.
515 416 597 452 Δῆλον
616 414 679 450 οὖν,
696 417 737 443 ὅτι
757 417 870 443 ἕκαστον
885 417 934 444 τῶν

991 416 1104 443 tricenis
1122 416 1252 450 gradibus
1269 416 1444 448 constabunt,
1468 415 1589 450 adeoque
1604 415 1676 450 quod
1692 423 1773 449 supra

122 460 343 497 ἡμισφαιρίων
357 462 411 495 ἕξει
425 462 477 489 ἀνὰ
489 462 509 488 λ’
520 470 526 477 ”
543 463 596 489 τῶν
611 462 639 489 δὲ
655 463 675 477 ¹¹
691 463 758 498 ὑπὲρ
774 462 826 497 γῆς
842 462 939 498 μοίρας

123 505 159 533 λ’
184 507 245 534 ἀπὸ
264 507 310 534 τοῦ
328 508 463 544 ὁρίζοντος
481 508 560 544 μέχρι
572 508 618 534 τοῦ
628 508 719 536 πόλου.
740 509 801 535 Ἐὰν
816 507 862 535 οὖν
877 516 939 544 μετ-

127 554 265 589 cur;an
298 554 343 581 τὸν
368 554 471 589 βόρειον
494 554 574 581 πόλον
601 555 696 590 μοίρας
727 558 763 587 ς’,
788 554 864 581 ἔσται
891 555 937 581 τοῦ

136 598 357 634 Ἑλλησπόντου
382 600 411 626 τὸ
435 600 519 635 κλίμα
540 600 601 635 ἕχον
624 600 673 636 τὴν
696 601 744 636 μὲν
766 600 871 636 ἡμέραν
890 600 938 636 τὴν

133 645 289 682 μεγίστην
314 645 392 682 ὡρῶν
416 650 456 679 ιε’,
481 646 530 682 τὴν
556 646 583 673 δὲ
610 647 694 673 νύκτα
716 647 765 681 τὴν
795 647 938 682 ἐλαχίστην

130 692 232 728 ὡρῶν
250 692 283 719 θ’.
306 693 367 720 Ἐὰν
383 693 411 719 δὲ
433 693 470 728 μὴ
489 693 568 728 μόνον
587 693 616 725 ἓξ
628 714 635 726 ,
651 693 707 720 ἀλλ’
726 694 803 720 ὲννέα
822 693 875 720 ἀπὸ
891 693 937 720 τοῦ

131 738 290 774 ὁρίζοντος
307 740 463 775 μετεωρίσω
481 739 526 766 τὸν
547 739 649 775 βόρειον
664 740 760 772 πόλον,
783 739 939 775 μακροτέρα.

133 783 227 811 ἔσται
250 785 266 820 ή
283 785 396 821 μεγίστη
415 786 505 822 ἡμέρα
520 786 595 821 παρὰ
610 787 666 817 τοῖς
682 786 766 818 οὕτως
784 786 902 813 οἰκοῦσιν
920 786 936 821 ἢ

135 830 208 861 τοῖς
229 831 439 866 προειρημένοις
458 832 487 857 ὲν
507 831 545 867 τῷ
563 831 756 867 Ἑλλησπόντῳ.
781 832 834 858 Καὶ
858 832 937 859 πάλιν

991 466 1090 489 terram
1105 462 1216 494 eminet,
1235 462 1336 497 gradus
1360 462 1480 489 tricenos
1506 462 1617 489 habebit
1641 461 1675 489 ab
1699 462 1772 488 hori-

991 513 1070 536 zonte
1080 509 1113 536 ad
1128 509 1229 544 polum.
1243 508 1334 541 Quare
1355 508 1379 536 si
1394 508 1427 535 ad
1441 512 1531 543 partes
1543 515 1591 535 sex
1612 508 1704 542 polum
1724 514 1772 534 ex-

992 554 1130 587 tulero,in
1145 554 1311 589 Hellesponti
1324 554 1431 581 climate
1445 553 1619 588 longissimus
1644 553 1703 581 dies
1725 553 1772 580 ho-

991 608 1082 627 rarum
1097 600 1141 628 ﬁet
1153 601 1203 632 15;
1220 600 1382 627 brevissima
1401 608 1455 627 nox
1475 601 1602 627 horarum
1616 599 1642 626 9.
1671 599 1775 632 Quodsi

991 655 1045 674 non
1061 651 1166 674 tantum
1187 654 1234 674 sex
1250 646 1398 682 gradibus,
1422 645 1469 673 sed
1487 653 1583 673 novem
1600 653 1682 680 supra
1700 645 1773 672 hori-

991 696 1097 720 zontem
1114 692 1206 727 polum
1220 692 1355 719 borealem
1368 699 1490 723 crexero,
1513 691 1630 726 longior,
1648 698 1729 725 quam
1745 690 1774 718 in

992 739 1176 773 Hellesponto,
1193 738 1238 765 ﬁet
1254 738 1328 770 dies,
1346 738 1419 764 illius
1439 741 1543 764 tractus
1566 737 1674 764 incolis.
1705 736 1775 763 Rur-

991 793 1038 812 sus
1053 792 1116 812 vero
1139 785 1161 811 si
1186 784 1300 811 arduum
1315 784 1416 818 magis,
1444 791 1475 810 ac
1497 790 1580 818 supra
1606 783 1774 810 horizontem

991 831 1154 858 eminentem
1178 830 1270 865 polum
1296 834 1415 857 statuero
1430 849 1437 860 ,
1461 830 1534 856 horae
1563 829 1700 864 longiores
1728 836 1774 855 ex-

136 875 199 902 ὲάν
221 876 386 913 ὑψηλότερον
408 877 488 905 αὑτὸν
509 879 627 913 ποιήσω,
645 878 691 904 καὶ
708 879 774 905 πολὺ
794 879 875 905 αὐτοῦ
891 879 934 905 soi

988 877 1101 909 sistent,
1130 876 1217 904 donec
1242 876 1360 903 borealis
1387 876 1467 910 polus
1491 875 1630 902 culminet.
1655 874 1694 901 Ac
1710 878 1775 901 tunc

139 921 288 957 ὁρίζοντος
319 923 468 959 ἀπέχοντα,
495 924 659 960 μακρότεραι
688 924 879 960 εὑρεθήσονται
912 926 941 951 αἱ

140 964 219 1002 ὧραι
234 969 256 984 ²¹
267 989 275 1001 ,
293 969 344 1001 ἕως
364 969 396 996 ἂν
410 970 423 996 ὁ
440 969 545 1005 βόρειος
569 970 759 1006 μεσουρανήσῃ
781 970 860 1001 πόλος
873 978 879 984 ·
894 971 941 996 καὶ

143 1013 210 1040 τότε
224 1033 232 1046 ,
248 1014 334 1047 οὕτως
350 1015 480 1051 κειμένης
498 1016 548 1051 τῆς
570 1015 702 1051 σφαίρας,
720 1015 887 1050 συμϐήσεται
912 1015 941 1047 ἒξ

148 1061 245 1096 μηνῶν
262 1058 331 1088 εἶναι
345 1062 394 1097 τὴν
418 1063 535 1098 ἡμέραν,
553 1062 599 1088 καὶ
615 1062 643 1094 ἒξ
659 1062 751 1098 μηνῶν
767 1061 815 1097 τὴν
836 1062 920 1088 νύκτα
932 1071 938 1076 ·

149 1107 382 1142 μεσουρανοῦντος
408 1108 460 1144 γὰρ
485 1107 531 1134 τοῦ
552 1108 657 1144 βορείου
677 1108 758 1135 πόλου
771 1128 778 1140 ,
795 1108 940 1144 εὑρεθήσε-

144 1158 191 1177 ται
207 1151 224 1178 ὁ
240 1151 371 1183 ζωδιακὸς
388 1152 439 1178 ὑπὸ
455 1151 502 1178 τοῦ
526 1152 661 1188 ὁρίζοντος
684 1153 722 1184 εἰς
739 1152 785 1179 δύο
805 1152 938 1187 τεμνόμε-

145 1204 191 1227 νος
204 1204 213 1212 ·
229 1197 277 1223 καὶ
292 1197 322 1223 τὸ
342 1197 391 1232 μὲν
403 1197 487 1232 ἥμισυ
501 1197 570 1233 ὑπὲρ
585 1198 646 1233 γῆς,
661 1198 691 1224 τὸ
705 1198 734 1224 δὲ
746 1198 837 1224 λοιπὸν
853 1198 938 1233 ἥμισυ

145 1240 201 1268 ὑπὸ
212 1241 266 1277 γῆν
279 1242 322 1268 ἀεὶ
336 1241 414 1277 ἔχων.
430 1242 530 1268 Τούτου
545 1243 573 1269 δὲ
596 1243 681 1274 οὓτως
699 1244 784 1275 ὄντος,
798 1243 885 1279 δῆλον,
901 1243 938 1275 ὡς

145 1288 194 1315 καὶ
209 1287 240 1321 ἐξ
253 1288 334 1321 ζὼδια
348 1288 418 1324 ὑπὲρ
436 1289 486 1324 γῆς
505 1289 590 1321 ἔσται,
604 1289 689 1316 ταῦτα
706 1290 834 1325 δηλονότι,
855 1290 884 1316 ὲν
897 1288 937 1322 οἷς

145 1334 160 1360 ὁ
169 1334 248 1370 ἣλιος
263 1335 417 1370 γενόμενος,
430 1335 476 1362 καὶ
489 1335 548 1361 καθ’
557 1336 671 1362 ἕκαστον
685 1336 707 1362 λ’
721 1336 827 1371 ἡμέρας
840 1336 935 1369 ποιῶν,

145 1381 258 1417 ποιήσει
273 1381 321 1417 τὴν
337 1382 441 1417 ἡμέραν
459 1382 550 1417 μηνῶν
569 1385 594 1414 ς’
608 1391 615 1398 ·
632 1382 666 1409 τὰ
682 1382 710 1408 δὲ
727 1382 794 1410 ἄλλα
812 1386 839 1415 ς’
853 1382 937 1414 ξώδια

146 1426 191 1453 ἀεὶ
206 1427 308 1462 ἀφανῆ,
326 1428 373 1453 καὶ
384 1427 435 1454 ὑπὸ
453 1428 504 1463 γῆν
527 1427 601 1454 ἕσται
614 1448 620 1460 ,
635 1428 663 1454 ἐν
679 1425 719 1459 οἷς
738 1430 752 1454 ὁ
771 1428 846 1463 ἥλιος
861 1429 936 1462 γενό-

146 1481 230 1507 μενος
247 1472 353 1508 ποιήσει
368 1473 417 1508 τὴν
428 1473 513 1499 νύκτα
535 1473 625 1508 μηνῶν
643 1476 679 1505 ς’,
702 1473 747 1499 διὰ
764 1473 794 1500 τὸ
813 1473 850 1509 μὴ
870 1474 935 1500 ἁνα-

144 1517 251 1545 τέλλειν
265 1519 294 1545 ἐν
307 1520 363 1550 τοῖς
376 1522 402 1551 ς’
419 1519 523 1551 τούτοις
536 1520 680 1554 γενόμενον
695 1520 785 1546 αὐτόν.
802 1520 894 1547 Ταῦτα
905 1519 933 1546 δὲ

145 1565 215 1600 ἡμῖν
234 1565 354 1600 εἰλήφθω
375 1566 424 1600 τῆς
445 1552 607 1600 ἀνωμαλίας⁷
626 1565 679 1592 τῶν
704 1566 815 1601 ἡμερῶν
836 1575 865 1592 τε
888 1566 934 1592 καὶ
948 1552 971 1581 c

145 1610 252 1637 νυκτῶν
271 1611 360 1646 χάριν.
382 1610 441 1646 Χρὴ
456 1611 484 1637 δὲ
501 1611 608 1642 εἰδέναι,
624 1612 665 1638 ὃτι
685 1611 756 1647 λόγῳ
773 1612 820 1638 καὶ
836 1612 936 1648 θεωρίᾳ

144 1656 234 1683 ταῦτα
259 1657 318 1684 κατ’
346 1657 505 1684 ἀκολουθίαν
528 1658 561 1684 ὲκ
590 1657 644 1684 τῶν
669 1658 792 1693 φανερῶν
816 1659 933 1694 ἐδείχθη,

145 1703 238 1737 ἀφανῆ
252 1703 325 1729 ὄντα.
344 1703 380 1729 Οὐ
395 1703 449 1739 γὰρ
474 1703 570 1739 ἔχομεν
590 1704 644 1730 ἀπὸ
663 1705 807 1740 ἐμπειρίας
826 1704 855 1736 ἓξ
882 1712 934 1739 μη-

144 1749 200 1775 νῶν
214 1748 263 1784 τὴν
277 1748 392 1784 ἡμέραν,
410 1750 456 1776 καὶ
466 1750 515 1785 τὴν
532 1750 614 1776 νύκτα
629 1750 762 1776 τοσούτων
777 1750 869 1783 δεῖξαι.
885 1751 935 1776 Τι-

145 1794 190 1826 νὲς
211 1794 240 1821 δὲ
257 1795 408 1830 ἱστοροῦσιν
424 1798 447 1831 η’
466 1795 577 1830 ἡμερῶν
599 1795 708 1822 ἔκτασιν
733 1797 797 1830 μιᾶς
816 1796 932 1831 ἡμέρας,

146 1840 222 1866 ἄλλοι
234 1840 262 1866 δὲ
273 1844 299 1866 π’
311 1841 421 1876 ἡμερῶν
433 1849 439 1856 ⁸
457 1841 509 1867 εἰσὶ
526 1841 554 1867 δὲ
567 1839 637 1869 οὗτοι
653 1842 677 1868 οἱ
689 1842 757 1877 ὑπὲρ
771 1842 873 1877 Θούλην
885 1842 935 1877 τὴν

147 1884 228 1920 νῆσον
244 1885 384 1920 λεγόμενοι
400 1883 479 1914 εἶναι.
499 1887 529 1912 Ἡ
547 1887 596 1921 μὲν
614 1885 659 1914 οὖν
681 1887 750 1913 κατὰ
767 1887 800 1913 τὰ
815 1880 935 1922 κλίματᾶ

146 1930 263 1966 διαφορὰ
277 1931 330 1958 τῶν
345 1932 456 1968 ἡμερῶν
476 1941 506 1958 τε
529 1933 576 1959 καὶ
594 1934 698 1960 νυκτῶν
716 1933 933 1969 παραδείγματος

146 1976 226 2011 χάριν
242 1976 334 2002 τοῦτον
348 1976 392 2003 τὸν
408 1977 508 2012 τρόπον
524 1979 589 2013 ἡμῖν
607 1978 728 2014 εἴρηται¹
741 1980 757 2014 ἡ
773 1979 801 2005 δὲ
816 1978 886 2005 κατὰ
900 1979 934 2006 τὰ

148 2022 316 2057 Φαινόμενιι
337 2023 450 2058 ’Δράτου
463 2024 512 2059 τῆς
529 2024 645 2060 σφαίρας
662 2025 736 2056 θέσις
749 2025 849 2059 ὀφείλει
862 2025 933 2060 ἔχειν

147 2067 192 2095 τὸν
207 2068 336 2103 ἀρκτικὸν
350 2068 447 2096 κύκλον
466 2069 512 2096 τοῦ
525 2070 659 2105 ὁρίζοντος
673 2071 868 2105 ἐφαπτόμενον,
884 2072 933 2106 τήν

992 922 1133 950 semestris
1152 922 1211 950 dies
1230 922 1283 949 erit
1299 921 1493 954 semestrisque
1508 928 1571 947 nox.
1597 920 1664 947 Nam
1684 920 1706 947 si
1726 919 1775 947 bo-

990 968 1072 995 realis
1088 968 1167 1002 polus
1193 968 1221 994 in
1246 967 1349 995 vertice
1373 967 1425 1000 sit,
1444 967 1571 993 zodiacus
1587 967 1620 993 ab
1636 966 1777 993 horizontc

990 1013 1118 1048 bipertito
1132 1013 1288 1046 secabitur;
1304 1012 1418 1048 ejusque
1441 1020 1505 1046 pars
1518 1012 1629 1039 dimidia
1645 1016 1775 1046 perpetuo

990 1067 1072 1094 supra
1092 1064 1193 1087 terram
1206 1059 1332 1091 exstabit,
1347 1059 1431 1085 altera
1448 1059 1499 1086 sub
1516 1062 1617 1085 terram
1629 1058 1773 1085 condetur.

990 1105 1046 1132 lloc
1068 1113 1133 1133 vero
1158 1106 1265 1140 posito,
1294 1105 1469 1140 perspicuum
1486 1108 1528 1132 est
1552 1112 1599 1131 sex
1622 1103 1678 1131 fore
1699 1104 1774 1139 signa

989 1159 1071 1186 supra
1083 1155 1184 1178 terram
1198 1160 1207 1178 :
1228 1151 1255 1178 in
1276 1151 1376 1186 quibus
1391 1151 1497 1178 scilicet
1513 1150 1619 1185 positus
1636 1150 1688 1181 sol,
1705 1155 1732 1177 et
1748 1150 1775 1177 in

989 1205 1154 1233 unoquoque
1168 1197 1279 1232 triginta
1294 1197 1351 1224 dies
1365 1204 1549 1229 commorans,
1567 1201 1724 1223 semestrem
1737 1195 1775 1223 ef-

988 1245 1059 1272 ficiet
1076 1245 1163 1277 diem;
1178 1244 1284 1278 reliqua
1299 1252 1346 1271 sex
1356 1244 1434 1279 signa
1448 1250 1555 1277 semper
1566 1243 1673 1270 occulta
1684 1247 1774 1274 erunt,

987 1294 1013 1318 et
1028 1291 1078 1318 sub
1091 1295 1164 1317 terra
1182 1290 1291 1317 condita
1305 1299 1312 1317 :
1329 1297 1389 1325 qua:
1404 1298 1466 1316 eum
1488 1290 1528 1316 sol
1546 1289 1711 1324 peragrabil,
1728 1296 1774 1316 sex

987 1337 1122 1365 mensium
1139 1340 1246 1364 noctem
1260 1335 1353 1367 faciet,
1368 1344 1400 1364 eo
1412 1336 1485 1371 quod
1499 1337 1527 1362 in
1542 1335 1596 1362 illis
1617 1335 1687 1363 situs
1702 1343 1775 1362 nun-

986 1391 1066 1418 quam
1080 1383 1175 1410 oritur.
1196 1382 1259 1410 Haec
1282 1382 1315 1409 ad
1332 1382 1438 1410 dierum
1467 1388 1494 1410 et
1516 1381 1637 1408 noctium
1654 1382 1774 1416 inaequa-

986 1430 1088 1456 litatem
1103 1428 1291 1463 explicandam
1307 1428 1518 1462 assumpsimus.
1546 1426 1583 1454 De
1605 1426 1706 1461 quibus
1734 1426 1776 1453 sic

985 1475 1138 1503 habendum
1152 1478 1210 1508 est;
1230 1474 1351 1506 ratione,
1377 1482 1408 1501 ac
1429 1473 1659 1504 consideratione,
1678 1480 1776 1500 conse-

984 1526 1152 1556 quenterque
1167 1521 1201 1548 iis
1216 1529 1277 1556 qua:
1303 1524 1453 1555 apparent,
1482 1520 1540 1546 haec
1566 1526 1581 1545 a
1603 1518 1685 1546 nobis
1713 1525 1776 1545 esse

986 1567 1119 1599 collecta;
1136 1574 1197 1593 cum
1217 1567 1272 1594 sint
1287 1566 1394 1593 occulta
1411 1573 1534 1600 prorsus.
1548 1564 1608 1592 Non
1624 1564 1697 1591 enim
1718 1564 1774 1591 ulla

985 1612 1066 1640 nobis
1080 1613 1247 1648 experientia
1262 1616 1422 1640 semestrem
1444 1611 1515 1638 diem
1535 1614 1699 1645 noctemque
1726 1617 1775 1644 pa-

985 1659 1087 1686 tefecit.
1113 1658 1174 1686 Sint
1189 1659 1235 1694 qui
1251 1659 1350 1686 alicubi
1368 1658 1473 1685 dierum
1500 1661 1562 1684 octo
1585 1664 1647 1684 esse
1667 1657 1774 1690 lucem;

984 1705 1030 1732 alii
1045 1706 1182 1740 octoginta
1205 1704 1326 1732 referant
1342 1714 1348 1731 :
1365 1704 1437 1739 quod
1455 1704 1489 1731 iis
1505 1703 1604 1730 accidit
1621 1703 1667 1737 qui
1692 1709 1776 1737 supra

984 1750 1088 1778 Thulen
1112 1751 1229 1778 insulam
1247 1750 1382 1778 habitant.
1407 1750 1449 1777 Ad
1468 1758 1529 1777 eum
1556 1750 1647 1784 itaque
1662 1749 1774 1777 modum

983 1797 1088 1825 dierum
1111 1797 1287 1832 noctiumque
1313 1805 1362 1832 pro
1377 1797 1516 1824 climatum
1543 1797 1649 1824 ratione
1673 1796 1774 1824 discri-

983 1851 1045 1870 men
1073 1851 1088 1870 a
1119 1843 1199 1871 nobis
1227 1843 1390 1878 explicatum
1416 1847 1469 1871 est.
1494 1842 1595 1870 Verum
1623 1843 1694 1871 situs
1723 1843 1770 1871 ille

982 1890 1104 1924 sphzerze,
1119 1889 1165 1924 qui
1183 1889 1217 1916 ad
1237 1889 1314 1916 Arati
1331 1889 1507 1916 Phwnomena
1522 1889 1669 1922 convenit,
1698 1888 1772 1923 ejus—

983 1935 1055 1961 modi
1067 1942 1127 1962 esse
1138 1934 1229 1967 debet,
1241 1938 1271 1961 ut
1284 1935 1312 1962 in
1332 1942 1364 1962 eo
1380 1935 1500 1962 circulus
1515 1935 1635 1963 arcticus
1663 1935 1772 1962 contin-

987 1983 1032 2015 gat
1050 1980 1231 2012 horizontem,
1246 1988 1363 2016 cumquo
1378 1981 1511 2008 circulum
1528 1985 1622 2016 tangat
1639 1980 1771 2009 Draconis

986 2031 1067 2061 caput
1081 2036 1088 2053 ε
1105 2027 1144 2054 sic
1160 2030 1190 2053 ut
1206 2027 1325 2054 arcticus
1340 2028 1385 2054 ille
1395 2028 1520 2062 attingat,
1530 2035 1561 2054 ac
1570 2027 1771 2063 quodammodo

985 2073 1062 2099 radat
1078 2072 1257 2100 horizontem.
1274 2072 1343 2100 Hinc
1360 2074 1461 2101 Aratus
1475 2083 1481 2100 :

146 2124 175 2142 τε
190 2115 238 2142 τοῦ
256 2116 406 2162 Δράκοντος
426 2117 544 2152 κεφαλὴν
566 2119 755 2154 ἐφαπτομένην
775 2119 820 2145 τοῦ
848 2120 977 2154 ἁρκτικοῦ
1011 2120 1109 2148 κύκλου
1121 2142 1129 2156 ,
1145 2121 1227 2148 αὑτοῦ
1248 2123 1277 2149 δὲ
1294 2122 1342 2149 τοῦ
1367 2122 1496 2158 ἀρκτικοῦ
1519 2123 1705 2158 ἐφαπτομένου
1723 2123 1769 2149 τοῦ

147 2164 282 2200 ὁρίζοντος
295 2186 302 2198 ,
315 2165 361 2192 καὶ
377 2165 470 2201 ὣσπερ
486 2165 555 2198 ξέειν
572 2167 661 2193 αὐτόν.
683 2167 728 2193 Διὸ
748 2167 795 2193 καὶ
816 2167 933 2203 ’Ἄρατός
950 2177 1031 2203 φησι·

146 2223 235 2260 Κείνη
252 2229 311 2250 που
325 2224 440 2260 κεφαλὴ
453 2224 489 2258 τῇ
502 2225 638 2251 νίσσεται
653 2225 686 2256 ’³,
702 2222 754 2260 ᾗχί
772 2233 827 2260 περ
843 2226 930 2260 ἄκραι
947 2229 969 2258 ι)

145 2259 309 2293 Μίσγοντίιι
323 2258 426 2292 δύσιές
439 2268 470 2286 τε
484 2260 533 2286 καὶ
550 2260 674 2287 ἀντολαὶ
688 2258 767 2294 ἄλλή
775 2258 851 2296 ὶῃὶγι.

179 2315 231 2340 Τὸν
248 2314 303 2350 γὰρ
318 2314 443 2350 ὁρίζοντα
466 2315 565 2349 μεταξὺ
586 2315 632 2341 τοῦ
656 2316 724 2351 ὑπὲρ
738 2316 789 2351 γῆς
811 2316 858 2342 καὶ
879 2316 930 2342 ὑπὸ

145 2359 195 2394 γῆν
208 2360 389 2395 ἡμισφαιρίου
405 2357 475 2386 εἶναι
494 2361 660 2396 συμϐέϐηκε.
684 2362 761 2394 Τινὲς
775 2362 803 2389 δὲ
818 2363 867 2389 οὐκ
884 2363 931 2389 ἐπὶ

144 2405 191 2431 τοῦ
202 2405 337 2441 ὁρίζοντος
351 2406 569 2439 ἀκούουσιν,ἀλλ“
584 2407 630 2434 ἐπὶ
644 2408 690 2434 τοῦ
701 2410 885 2445 μεσημϐρινοῦ
899 2411 930 2436 τὸ

146 2451 198 2478 ὑπὸ
210 2451 257 2478 τοῦ
276 2452 388 2487 Ἀράτου
401 2452 506 2488 λεχθέν*
518 2453 584 2480 διότι
598 2454 644 2481 τοῦ
660 2455 729 2491 ὑπὲρ
737 2456 788 2490 γῆς
798 2457 929 2491 ἡμισφαι-

147 2497 204 2532 ρίου
221 2498 386 2533 τεμνομένου
406 2498 458 2524 ὐπὺ
477 2499 522 2525 τοῦ
545 2500 730 2536 μεσημϐρινοῦ
749 2501 779 2527 τὸ
798 2502 846 2536 μὲν
870 2502 928 2529 ἐστι

144 2543 212 2578 πρὸς
234 2545 267 2579 τῇ
287 2544 413 2585 ἀνατολῇ,
426 2546 456 2571 τὸ
476 2545 504 2571 δὲ
521 2546 588 2581 πρὸς
605 2548 636 2582 τῇ
652 2547 736 2575 δύσει,
758 2548 834 2583 Ἐμοὶ
849 2548 878 2575 δὲ
897 2549 927 2575 οὐ

144 2589 213 2614 πάνυ
231 2597 257 2615 τι
273 2589 345 2616 δοκεῖ
363 2590 441 2616 τοῦτο
463 2590 551 2625 λέγειν
571 2592 700 2627 ’Ἄρατος
723 2594 747 2619 εί
763 2594 799 2629 μὴ
821 2593 875 2630 ἄρα
889 2603 930 2626 τις

144 2633 214 2660 οὕτω
229 2634 304 2668 λέγοι
322 2635 370 2671 τὴν
390 2635 509 2671 κεφαλὴν
523 2636 569 2662 τοῦ
586 2637 736 2673 Δράκοντος
751 2638 926 2673 πορεύεσθαι,

509 2713 515 2719 .
521 2690 606 2727 ...ᾗχί
619 2699 673 2727 περ
688 2693 774 2727 ἄκραι

143 2724 307 2760 Μιστονται
325 2726 428 2760 δύσιές
445 2736 477 2757 τε
491 2728 539 2756 καὶ
553 2724 678 2755 ἆᾶῖτολὶιὶ
692 2724 845 2764 ἀλλήλῃσι
855 2739 861 2745 ·

142 2770 212 2798 κα.Θὸ
225 2771 273 2798 τοῦ
291 2772 427 2809 ὁρίζοντος
448 2774 624 2810 ἐφαπτομένη
639 2774 711 2801 ἐστὶν
728 2776 743 2811 ή
759 2776 862 2812 κεφαλὴ
878 2777 925 2804 τοῦ

181 2847 326 2885 ³³1ζτδδή.
363 2851 387 2867 ’³
402 2851 424 2886 Ῑ.
436 2851 552 2888 ἡμέραι..
580 2853 603 2869 ³³
620 2861 665 2886 rp.
679 2853 797 2888 νήνεται.

1092 2227 1164 2254 Illud
1184 2232 1263 2262 caput
1279 2235 1308 2254 eo
1327 2228 1451 2261 pervenit,
1466 2228 1509 2254 ubi
1524 2227 1636 2254 triremi

1096 2262 1243 2290 Miscentur
1260 2271 1380 2295 occasus,
1397 2268 1421 2290 et
1437 2268 1510 2290 ortus
1527 2263 1644 2290 invicem.

1017 2318 1084 2346 Nam
1112 2320 1226 2347 horizon
1261 2320 1333 2347 inter
1365 2320 1584 2354 hemisphwrium
1624 2323 1768 2354 utrumque

983 2365 1110 2400 superius
1139 2369 1166 2393 et
1192 2365 1306 2393 inferius
1335 2365 1496 2400 interjectus
1516 2370 1566 2392 est.
1593 2364 1651 2391 Non
1670 2364 1768 2391 desunt

983 2415 1084 2442 tamen,
1097 2412 1143 2445 qui
1155 2412 1231 2438 Arati
1244 2412 1326 2439 verba
1344 2412 1389 2438 illa
1408 2419 1463 2438 non
1477 2411 1510 2438 ad
1525 2411 1704 2441 horizontem,
1719 2409 1766 2436 sed

983 2457 1015 2484 ad
1034 2457 1215 2484 meridianum
1242 2457 1362 2485 referant
1376 2467 1383 2485 :
1398 2458 1528 2492 quoniam
1555 2464 1617 2483 cum
1642 2455 1768 2490 superius

981 2503 1202 2538 hemisplncrium
1219 2511 1235 2530 a
1250 2504 1400 2531 meridiano
1416 2504 1519 2531 circulo
1543 2503 1688 2535 dividitur,
1706 2501 1767 2536 ejus

981 2549 1066 2575 altera
1087 2557 1150 2584 pars
1163 2549 1196 2576 ad
1212 2554 1301 2577 ortum
1313 2571 1321 2583 ,
1337 2550 1422 2577 altera
1439 2549 1472 2576 ad
1496 2557 1622 2576 occasum
1638 2548 1765 2583 pertinet.

984 2594 1047 2621 Mihi
1062 2603 1127 2623 vero
1151 2604 1206 2623 non
1232 2596 1284 2623 hoc
1300 2596 1368 2623 velle
1382 2595 1433 2622 sibi
1458 2595 1565 2623 videtur
1579 2594 1695 2626 Aratus,
1713 2593 1764 2620 nisi

980 2641 1041 2675 quis
1052 2639 1169 2668 fortasse
1180 2641 1280 2669 dixerit
1293 2641 1425 2669 Draconis
1441 2644 1522 2675 caput
1535 2648 1567 2668 eo
1582 2640 1662 2672 ferri,

1134 2717 1141 2722 .
1182 2717 1189 2724 .
1275 2720 1282 2727 .
1340 2716 1348 2725 θ
1367 2698 1538 2724 αωετιινεηιὶ

1090 2732 1363 2766 Miscenturaccasus,
1375 2738 1399 2760 et
1412 2738 1486 2760 ortus
1497 2733 1603 2759 invicem
1614 2740 1624 2764 ;

980 2779 1025 2807 ubi
1043 2779 1177 2815 contingit
1196 2779 1365 2808 horizontem
1383 2779 1516 2807 Draconis
1531 2781 1611 2814 caput
1634 2777 1666 2805 ad
1683 2776 1760 2804 meri—
