3928 6266
371 473 514 543 Περὶ
545 470 781 542 ἄστρων
807 469 1033 535 δύσεώς
1069 482 1134 522 τε
1166 466 1263 521 καὶ
1298 463 1617 534 ἀνατολῆς.

244 587 378 653 λζ’.
415 587 541 641 Τῶν
570 587 784 659 ἄστρων
807 584 876 639 τὰ
902 584 1001 656 μὲν
1028 582 1174 636 ἔστιν
1203 579 1457 661 ἀειφανῆ,
1489 577 1626 633 τὰδὲ
1650 578 1779 631 ποτὲ

165 679 293 749 μὲν
353 678 680 751 φαινόμενα,
730 677 861 732 ποτὲ
907 677 965 731 δὲ
1010 674 1191 746 ἀφανῆ
1214 671 1489 743 γινόμενα.
1528 669 1778 740 Ἀειφανῆ

169 772 298 842 μὲν
328 767 434 827 οὖν
463 773 580 826 ἐστι
603 770 674 825 τὰ
697 769 847 833 ὲντὺς
867 766 960 822 τοῦ
985 763 1244 840 ἀρκτικοῦ
1270 763 1467 817 κύκλου
1485 779 1499 793 ·
1529 760 1782 814 οὐδέποτε

162 862 309 934 γὰρ
372 862 699 918 καταδύεται
756 859 960 916 ταῦτα’
1015 857 1201 930 ἐπειδὴ
1254 855 1389 928 μηδὲ
1433 855 1463 907 6
1516 850 1782 922 περιέχων

166 956 354 1010 αὐτὰ
380 954 611 1020 κύκλοςο
646 954 762 1021 cur
792 954 937 1013 ἐστιν
977 953 1065 1010 ἀεὶ
1106 948 1285 1028 ἐντῷ
1331 947 1472 1019 ὑπὲρ
1514 946 1614 1017 γῆς
1656 946 1784 1017 ἡμι-

171 1047 456 1119 σφαιρίῳ
507 1044 769 1117 ἀειφανὴς
820 1043 960 1117 μετὰ
1003 1043 1098 1097 καὶ
1133 1041 1241 1096 τῶν
1267 1043 1324 1095 ἐν
1361 1036 1507 1109 αὐτῷ
1537 1037 1749 1108 ἄστρων
1766 1051 1779 1064 ·

172 1139 396 1208 ἀφανῆ
422 1139 483 1192 δὲ
511 1138 579 1192 τὰ
607 1136 755 1200 ἐντὸς
796 1135 890 1190 τοῦ
930 1130 1286 1207 ἀνταρκτικοῢ
1323 1130 1521 1186 κύκλου
1542 1145 1556 1162 ο
1602 1127 1785 1199 ἐπειδὴ

172 1230 296 1283 καὶ
341 1230 510 1294 αὐτὸς
544 1231 632 1285 ἀεὶ
679 1230 890 1299 ἀφανής
925 1229 1058 1283 ἐστι.
1108 1226 1228 1281 Τῶν
1260 1225 1317 1280 δὲ
1344 1214 1544 1279 λοιπῶν
1573 1224 1786 1297 ἄστρων

171 1323 263 1378 τὰ
296 1324 410 1394 μὲν
448 1323 580 1379 ποτὲ
630 1323 728 1395 μὲν
770 1319 1064 1385 ἀνατέλλει,
1101 1319 1229 1374 ποτὲ
1268 1319 1326 1374 δὲ
1368 1318 1511 1373 δύνει
1535 1334 1549 1350 ο
1603 1316 1673 1371 τά
1729 1315 1787 1370 δὲ

174 1413 295 1466 ἐπὶ
335 1414 444 1485 τῆς
470 1411 639 1483 αὐτῆς
666 1411 858 1476 νυκτὸς
890 1412 983 1466 καὶ
1013 1409 1292 1466 ἀνατέλλει
1320 1409 1415 1464 καὶ
1455 1408 1619 1464 δύνει.
1662 1400 1788 1461 Οἷον

179 1501 358 1557 ἔστω
390 1505 423 1556 6
462 1502 612 1575 ἥλιος
644 1503 703 1555 ὲν
738 1501 925 1574 Κριῷσ
972 1500 1159 1556 τούτου
1219 1498 1617 1563 ἀνατέλλοντος,
1653 1515 1788 1570 προι

183 1592 499 1647 ἀνατέλλει
528 1592 755 1655 Ἵπποςο
801 1591 860 1645 ὲν
908 1590 1114 1662 Χηλαῖς
1157 1587 1214 1642 δὲ
1268 1587 1419 1651 ὄντος
1470 1585 1564 1640 τοῦ
1613 1585 1787 1657 ἡλίου,

185 1685 305 1739 καὶ
351 1683 730 1748 ἀνατέλλοντος
750 1722 766 1747 ,
802 1682 1020 1736 δέδυκεν
1068 1682 1170 1754 ἡδη
1205 1681 1421 1744 Ἵππος.
1458 1680 1620 1733 ’Ὥστε
1659 1678 1789 1732 ποτὲ

190 1780 316 1849 μὲν
350 1778 602 1848 φαίνεται
633 1775 933 1832 ἀνατέλλων
967 1777 996 1829 6
1028 1774 1222 1837 Ἵππος
1245 1816 1260 1840 ,
1304 1773 1432 1828 ποτὲ
1480 1773 1538 1828 δὲ
1588 1772 1787 1827 δύνων⁶

186 1871 423 1944 ὁμοίως
461 1871 522 1926 δὲ
560 1871 661 1925 οιαὶ
689 1869 758 1924 τὰ
789 1869 922 1925 ἄλλα
955 1869 1128 1940 ἄστρα
1154 1866 1261 1922 ἀπὸ
1289 1864 1500 1940 θερινοῦ
1533 1862 1792 1938 τροπικοῦ

197 1965 385 2036 μέχρι
413 1963 511 2018 τοῦ
541 1962 873 2035 χειμερινοῦ.
909 1962 990 2017 Τά
1018 1961 1126 2034 γὰρ
1170 1962 1228 2016 ὲν
1260 1958 1336 2031 τῷ
1358 1957 1698 2032 ἀνταρκτικῷ
1716 1956 1795 2029 τῷ

195 2058 360 2129 πρὸς
380 2060 522 2131 νότῳ
539 2058 668 2113 ὄντα
688 2057 903 2130 βράδιον
926 2056 1282 2110 ἀνατέλλοντα
1295 2053 1439 2108 δύνει
1464 2054 1689 2124 ταχέως,
1706 2050 1796 2107 διὰ

207 2150 281 2203 τὸ
317 2150 503 2204 πλεῖον
527 2146 663 2203 εἶναι
696 2149 860 2220 μέρος
892 2147 993 2218 τῆς
1022 2147 1253 2219 σφαίρας
1288 2145 1392 2199 ὑπὸ
1422 2144 1527 2216 γῆν
1560 2145 1697 2217 πρὸς
1718 2142 1796 2215 τῷ

207 2240 364 2310 νότῳ
383 2256 399 2269 ⁶
430 2238 698 2293 ἀνάπαλιν
728 2239 786 2292 δὲ
808 2238 876 2291 τά
901 2238 1230 2310 βορειότερα,
1258 2238 1350 2290 καὶ
1389 2235 1585 2307 μεταξὺ
1610 2235 1796 2307 ἀρκτι-

205 2329 315 2386 κοῦ
357 2330 563 2385 κύκλου
609 2330 705 2386 καὶ
760 2329 1071 2402 ίσημερινοῠ
1094 2370 1109 2395 ,
1166 2328 1375 2400 ταχέως
1422 2327 1794 2391 ἀνατέλλοντα,

206 2421 468 2494 βραδέως
492 2421 655 2489 δύνει,
691 2421 779 2475 διὰ
814 2422 874 2475 τὸ
920 2422 1103 2475 πλεῖον
1134 2421 1279 2493 ἔχειν
1315 2421 1477 2492 μέρος
1526 2419 1667 2491 ὑπὲρ
1695 2420 1797 2490 γῆν

205 2511 317 2579 τὴν
356 2513 593 2583 σφαῖραν
638 2511 773 2583 πρὸς
820 2511 896 2583 τῷ
937 2511 1120 2584 βορέα.
1155 2511 1495 2582 Συμὸἡσεται
1539 2507 1633 2565 οὖν
1676 2526 1797 2564 τινα

206 2605 327 2658 τῶν
369 2603 604 2659 ἐνταῦθα
634 2605 901 2676 κειμένων
943 2604 1157 2676 ἄστρων
1202 2604 1308 2658 ὑπὸ
1347 2603 1448 2674 τῆς
1493 2603 1661 2675 αὐτῆς
1702 2619 1797 2657 νυ-

214 2696 352 2760 κτὸς
389 2694 694 2749 ἀνατέλλειν
737 2694 832 2748 καὶ
877 2694 1083 2759 δύνειν,
1120 2694 1157 2749 ἄ
1196 2693 1440 2748 καλεῖται
1492 2691 1795 2763 ἁμφιφανῆ.

212 2788 674 2860 Παραδείγματος
714 2788 773 2841 δὲ
806 2788 967 2859 χάριν
1010 2786 1364 2859 παρειλήφθω
1411 2784 1440 2837 6
1483 2785 1541 2837 ὲν
1589 2783 1797 2853 γόνασι,

213 2880 320 2934 καὶ
365 2880 507 2934 ἔστω
547 2881 577 2936 6
620 2878 768 2952 ἡλιος
803 2881 862 2932 ὲν
910 2878 1148 2953 Τοξότῃ,
1195 2877 1287 2932 καὶ
1330 2875 1609 2931 ἀνατέλλει
1655 2877 1700 2909 ’⁵
1742 2870 1805 2930 ὲν

216 2969 400 3040 αὐτῷ.
430 2969 599 3024 Πάλιν
624 2969 798 3027 δυέτω
829 2968 1073 3033 δύνοντος
1104 2968 1253 3040 ἡλίου
1272 2985 1287 2999 ·
1315 2967 1520 3039 ἑσπέρα
1559 2965 1677 3019 ἐστὶ
1709 2966 1803 3020 καὶ

206 3062 323 3129 νύξ
343 3080 360 3093 -
388 3064 419 3115 6
444 3062 502 3117 δὲ
529 3063 587 3118 έν
609 3061 828 3132 γόνασιν
854 3061 1061 3116 οὐδέπω
1088 3060 1305 3116 δέδυκεν
1323 3076 1337 3090 ·
1372 3059 1484 3113 ἀλλ’
1516 3058 1804 3130 ἐπιμείνας

216 3157 281 3207 ὲν
326 3153 412 3225 τῷ
451 3154 590 3226 ὑπὲρ
632 3156 736 3226 γῆς
769 3154 1125 3225 ἡμισφαιρίῳ,
1161 3152 1295 3223 πρὸς
1336 3154 1402 3223 τῇ
1426 3150 1573 3204 δύσει
1609 3149 1798 3215 δύνων,
1828 3168 1871 3227 α

221 3247 462 3319 ὕστερον
491 3247 586 3301 ἐπὶ
619 3247 716 3316 τῆς
753 3245 923 3316 αὐτῆς
948 3246 1139 3308 νυκτὸς
1184 3242 1553 3316 προλαμϐάνει
1584 3241 1681 3314 τὴν
1708 3240 1801 3294 τοῦ

222 3340 382 3412 ἡλίου
432 3339 689 3411 ἀνατολὴν
728 3339 821 3393 καὶ
850 3338 943 3392 τοῦ
973 3336 1224 3403 Τοξότου,
1264 3334 1675 3409 προανατέλλων
1707 3334 1805 3387 αύ-

221 3430 365 3492 τῶν,
414 3432 511 3484 καὶ
565 3430 789 3503 ὕστερον
833 3428 1011 3484 αὐτῶν
1063 3428 1254 3483 δύνων.
1288 3426 1450 3499 Δηλοῖ
1485 3425 1616 3495 γοῦν
1648 3424 1806 3480 τοῦτο

228 3525 471 3595 Ἄρατος
508 3524 712 3593 λέγων·
761 3558 769 3565 -

227 3616 479 3668 Ὄντινα
536 3615 751 3668 τοῦτον
800 3614 1011 3669 ἄιστον
1061 3612 1165 3669 ὑπ’
1214 3613 1508 3681 οὐρανίων
1549 3610 1808 3666 ειδώλων

241 3686 607 3754 Ἀμαότερον
636 3683 917 3748 δύνοντα,
947 3685 1046 3738 καὶ
1077 3683 1148 3750 ἐξ
1177 3683 1387 3753 ἑτέρης
1414 3682 1657 3737 ἀνιόντα

227 3755 541 3821 Πολλάκις
568 3754 856 3824 αὐτονυχὶ
883 3756 1195 3824 θηεύμεθα.

505 3868 628 3921 Ὅτι
648 3866 856 3933 δύσεις
877 3865 1084 3931 διτταὶ,
1110 3865 1210 3920 καὶ
1240 3866 1544 3921 duntaxat.

306 3960 410 4032 λη’.
444 3958 605 4023 Δύσις
626 3958 683 4013 δὲ
713 3959 926 4031 ἄστρων
955 3959 1073 4012 ἐστὶ
1102 3956 1273 4030 διττὴ,
1299 3959 1391 4012 κα)⁸
1422 3956 1651 4027 ἀνατολή
1670 3972 1684 3988 ο
1714 3956 1811 4010 ml.

236 4059 273 4120 ἡ
300 4052 401 4120 μὲν
425 4049 537 4120 ἑῴα
567 4050 804 4118 λέγεται,
827 4052 860 4121 ἡ
888 4049 944 4103 δὲ
976 4048 1224 4121 έσπερία.
1263 4047 1403 4121 Έῴα
1430 4049 1528 4121 μὲν
1557 4048 1808 4119 ἀνατολὴ,

236 4141 367 4194 ὅταν
399 4141 757 4214 συνανατέλλῃ
787 4140 864 4212 τῷ
897 4141 1029 4213 ἡλίῳ
1069 4139 1192 4214 [ὡς]
1224 4140 1419 4214 ἄστρα,
1453 4140 1546 4195 καὶ
1581 4139 1657 4213 μὴ
1694 4142 1810 4213 μετ’

239 4231 408 4288 αὑτοῦ
448 4233 529 4265 ¹⁶·
566 4234 795 4307 ὲσπερία
839 4234 915 4298 δὲ,
962 4235 1110 4302 ὅταν,
1157 4234 1402 4298 δύνοντος
1450 4233 1636 4305 ἡλίου,
1680 4234 1811 4288 ἀνα-

238 4325 402 4397 τέλλῃ
433 4325 555 4379 τινὰ
604 4325 710 4379 τῶν
741 4325 974 4398 ἄστρων.
1020 4325 1180 4390 Δύσις
1212 4325 1268 4380 δὲ
1305 4325 1414 4396 ἑῴα
1452 4326 1619 4391 ἐστὶν,
1663 4325 1810 4387 ὅταν,

242 4416 395 4487 ἡλίου
442 4415 839 4482 ἀνατέλλοντος,
881 4417 1013 4492 δύνῃ
1064 4415 1134 4471 τὰ
1177 4417 1351 4489 ἄστρα
1406 4417 1530 4471 τάδε
1572 4417 1606 4488 ἢ
1649 4417 1808 4471 τάδε⁹

243 4505 477 4578 ὲσπερία
499 4505 578 4570 δὲ,
607 4506 733 4562 ὅταν
764 4506 1108 4578 συγκαταδύῃ
1147 4505 1312 4578 αὐτῷ.

510 4620 640 4675 Ὅτι
668 4620 930 4691 διαφέρει
960 4621 1226 4689 ἀνατολὴ
1255 4620 1560 4691 ἐπιτολῆς.

314 4711 414 4767 λθ’.
437 4711 692 4784 Διαφέρει
707 4711 764 4765 δὲ
781 4710 1012 4783 ἀνατολὴ
1032 4710 1304 4781 ὲπιτολῆς.
1334 4707 1591 4780 Ἀνατολὴ
1605 4708 1701 4781 μὲν
1711 4708 1819 4780 γάρ

243 4820 396 4857 εστιν
431 4805 465 4873 ἡ
504 4802 621 4875 ἅμα
650 4802 729 4874 τῷ
753 4802 890 4875 ἡλίῳ
924 4802 1063 4874 ὑπὲρ
1104 4802 1196 4857 τὸν
1243 4802 1492 4876 ὁρίζοντα
1537 4799 1816 4872 ἀναφορὰ·

243 4894 472 4966 ὲπιτολὴ
502 4895 580 4959 δὲ,
612 4895 742 4950 ὅταν
769 4896 875 4968 πρὸ
913 4895 1065 4968 ἡλίου
1097 4895 1201 4949 ὑπὸ
1240 4893 1336 4966 τὴν
1380 4893 1519 4965 ἑῴαν
1568 4891 1823 4965 ἀνατείλῃ

244 4984 467 5056 ἄστρον,
501 4979 622 5038 εἶτα
657 4984 745 5038 ἐπ’
773 4983 921 5056 αύτῷ
965 4987 993 5039 ὁ
1033 4984 1181 5055 ἥλιος
1213 4983 1475 5056 ὲπιτείλῃ.
1510 4983 1602 5037 Δεῖ
1640 4982 1698 5036 δὲ
1734 4985 1814 5035 εί-

246 5075 418 5139 δέναι,
449 5076 556 5141 ὅτι,
588 5077 768 5149 πάσης
797 5075 945 5151 ὥρας
984 5076 1434 5149 περιφερομένης,
1473 5076 1565 5130 καὶ
1611 5075 1818 5146 περιδι-

247 5168 517 5241 νουμένης
557 5169 656 5241 τῆς
691 5169 945 5240 σφαίρας,
994 5169 1206 5240 ἀνάγκη
1241 5169 1367 5222 -ὲστὶ
1395 5169 1490 5222 καὶ
1533 5167 1601 5221 τὰ
1645 5166 1818 5238 ἄστρα

249 5263 416 5315 παντὶ
466 5262 666 5335 καιρῷ,
719 5262 812 5318 καὶ
845 5264 903 5316 ἐν
934 5261 1115 5334 ἡμέρα
1154 5262 1247 5316 καὶ
1292 5263 1351 5316 ἐν
1391 5260 1547 5315 νυκτὶ
1576 5252 1714 5313 εἶναι
1760 5261 1819 5312 ὲν

250 5353 466 5426 οὐρανῷ
497 5355 1021 5427 συμπεριδινούμενα
1040 5371 1054 5384 ·
1080 5354 1153 5425 μὴ
1175 5352 1456 5423 φαίνεσθαι
1479 5351 1534 5404 δὲ
1559 5354 1616 5405 ὲν
1637 5349 1823 5423 ἡμέρᾳ

250 5450 320 5518 τῇ
350 5447 621 5519 ὑπερϐολῇ
661 5447 760 5519 τῆς
803 5446 1182 5517 λαμπρότητος
1225 5442 1319 5497 τοῦ
1359 5443 1508 5515 ἡλίου
1550 5443 1823 5497 καλυπτό-

260 5554 416 5605 μενα.
458 5538 740 5608 Ἀνατολὴν
785 5538 841 5591 δὲ
872 5537 933 5590 ού
962 5536 1179 5592 λεκτέον
1218 5536 1437 5607 ἄστρου,
1471 5535 1565 5589 ὲάν
1596 5534 1823 5606 δευτέρᾳ

228 5625 381 5698 δῶρα
400 5628 435 5696 ἡ
461 5629 617 5700 τρίτῃ
636 5628 967 5703 ἀναφέρηται
997 5629 1137 5693 ὑπὲρ
1166 5628 1267 5698 γῆς
1289 5645 1302 5659 ·
1336 5626 1468 5681 ἀλλά
1495 5626 1614 5681 τότε
1640 5627 1820 5698 μόνον,

335 5782 379 5851 ι’.
414 5783 464 5817 ³⁸
495 5784 771 5859 ἀνατέλλῃ.
845 5788 891 5820 ⁸⁸
925 5787 967 5858 Ῑ.
1004 5787 1186 5865 αὐτόν.

940 350 1254 409 ACHILLIS
1291 348 1476 405 TATII
1512 345 1810 405 ISAGOGE
1847 344 1937 400 AD
1974 342 2185 399 ARATI
2224 338 2695 396 ΡῙΙᾹΞΝΟΜΕΝΑ.

1814 466 1861 523 Α
2275 441 2348 510 De
2377 455 2608 509 siderum
2631 468 2818 507 occasu
2844 459 2893 507 et
2911 460 3051 508 ortu.

3334 337 3448 395 934

1947 570 2035 627 '57.
2069 568 2319 626 Siderum
2341 569 2446 624 alia
2471 582 2684 638 semper
2707 573 3000 637 apparent;
3050 565 3157 619 alia
3187 564 3440 621 videntur

1885 664 2154 721 interdum
2179 704 2195 729 ,
2249 663 2386 721 alias
2428 661 2642 718 occulta
2671 668 2817 717 sunt.
2854 661 3129 731 Apparent
3156 665 3437 729 perpetuo,

1884 769 2005 825 quae
2028 753 2562 823 comprehenduntur
2601 752 2808 806 arctico
2851 749 3060 806 circulo
3106 767 3118 802 :
3159 762 3438 818 nunquam

1892 846 2036 901 enim
2066 846 2358 914 occidunt;
2389 846 2465 899 uti
2491 856 2666 915 neque
2694 843 3010 913 complexus
3055 841 3145 895 illa
3176 838 3453 904 circulus,

1881 936 1977 1006 qui
2004 935 2059 990 in
2092 936 2371 1006 superiore
2402 942 2586 990 manet
2639 932 3018 1004 hemisphaerio
3060 945 3274 1001 semper
3317 946 3440 984 cum

1882 1028 2057 1085 stellis
2088 1028 2203 1084 suis
2238 1042 2527 1098 apparens.
2571 1024 2857 1096 Nunquam
2912 1033 3174 1095 apparent
3220 1039 3285 1078 ea
3325 1037 3439 1092 quas

1888 1120 2190 1174 antarctico
2218 1118 2426 1173 circulo
2470 1117 2841 1181 continentur,
2906 1115 3164 1186 quoniam
3220 1121 3273 1168 et
3331 1114 3443 1184 ipse

1885 1226 2102 1281 semper
2123 1209 2371 1265 occultus
2398 1218 2501 1266 est.
2532 1207 2889 1278 Reliquorum
2935 1209 3175 1263 siderum
3225 1206 3329 1260 alia
3365 1207 3440 1258 iu-

1885 1303 2097 1359 terdum
2149 1302 2403 1357 oriuntur
2463 1320 2477 1356 :
2523 1301 2796 1356 interdum
2851 1301 3140 1362 occidunt;
3200 1298 3445 1370 quaedam

1886 1390 2075 1447 eadem
2102 1392 2156 1445 in
2183 1400 2340 1447 nocte
2398 1392 2652 1446 oriuntur
2677 1398 2731 1445 et
2759 1390 3036 1445 occidunt.
3101 1388 3184 1443 Sit
3215 1388 3446 1457 exempli

1888 1498 2052 1539 causa
2084 1485 2164 1539 sol
2191 1485 2243 1538 in
2266 1483 2451 1539 Ariete
2481 1503 2494 1538 :
2524 1491 2649 1538 ante
2677 1483 2822 1538 hunc
2854 1483 3029 1536 oritur
3061 1481 3264 1552 Equus.
3303 1474 3449 1535 Ideni

1889 1576 2003 1633 sole
2030 1575 2084 1630 in
2117 1575 2280 1631 Libra
2339 1577 2640 1631 constituto
2679 1582 2805 1629 ante
2849 1574 2996 1627 hunc
3048 1573 3277 1628 occidet.
3311 1569 3450 1625 Hinc

1889 1669 2182 1743 aliquando
2232 1669 2478 1724 cernitur
2526 1667 2711 1738 Equus
2740 1667 2947 1729 oriens,
2985 1666 3121 1721 alias
3144 1664 3401 1720 occidens
3434 1683 3446 1718 :

1892 1761 1973 1816 sic
2022 1770 2167 1816 astra
2224 1760 2431 1831 reliqua
2470 1760 2540 1814 ab
2575 1760 2765 1815 aestivo
2792 1757 3002 1828 tropico
3035 1757 3104 1811 ad
3138 1756 3446 1811 hibernum.

1891 1850 2025 1906 Nam
2048 1868 2168 1924 qua:
2201 1852 2255 1906 in
2297 1851 2597 1927 antarctico
2629 1858 2757 1905 sunt
2810 1850 2878 1904 ad
2929 1856 3198 1912 austrum,
3243 1848 3452 1901 tardius

1893 1939 2122 1995 orientia
2165 1940 2326 1995 citius
2375 1938 2636 1994 occidunt
2690 1939 2881 2010 :quod
2934 1939 3129 2008 majori
3176 1953 3238 1991 ex
3299 1943 3454 2006 parte

1895 2031 2105 2102 sphaera
2134 2031 2274 2086 infra
2301 2039 2504 2087 terram
2538 2031 2756 2086 condita
2787 2032 2858 2085 sit
2884 2032 2948 2085 ad
2986 2029 3296 2096 meridiem;
3322 2044 3453 2084 conv

1894 2130 1977 2178 tra
2011 2136 2131 2193 quas
2157 2121 2394 2177 borealia
2419 2132 2546 2177 sunt
2575 2121 2716 2175 inter
2770 2123 3031 2175 arcticum
3089 2120 3354 2174 circulum
3399 2126 3455 2173 et

1893 2213 2327 2285 a‘quinoctialem
2360 2213 2560 2285 posita,
2589 2214 2754 2269 citius
2784 2221 2963 2267 ortum
2991 2211 3220 2276 faciunt,
3248 2212 3464 2265 tardius

1895 2319 2151 2361 occasum
2188 2322 2201 2357 :
2235 2314 2518 2377 propterea
2545 2304 2688 2375 quod
2713 2304 2904 2373 majori
2942 2313 3094 2374 parte
3128 2304 3214 2359 sui
3244 2303 3455 2373 sphaera

1896 2410 2062 2467 supra
2089 2403 2291 2450 terram
2352 2397 2578 2466 emergit
2625 2398 2690 2451 ad
2738 2396 3181 2466 septentrionem.
3237 2396 3461 2450 Accidct

1896 2502 2026 2559 ergo
2057 2486 2303 2557 quaedam
2342 2497 2400 2541 ut
2428 2487 2502 2542 ibi
2532 2487 2800 2542 collocata
2853 2485 3032 2541 sidera
3076 2486 3263 2541 eadem
3299 2497 3459 2539 nocte

1897 2576 2144 2630 oriantur
2162 2581 2216 2630 et
2247 2574 2498 2631 occidant
2526 2590 2539 2627 :
2571 2590 2693 2644 qua:
2709 2575 2994 2647 ἀμφιφανῆ
3015 2585 3228 2633 voeant.
3260 2574 3426 2635 Excm
3447 2606 3459 2616 -

1896 2667 1972 2737 pli
2002 2667 2175 2738 gratia
2206 2667 2277 2721 sit
2306 2665 2676 2737 lngeniculus,
2709 2666 2889 2736 sitque
2920 2667 3004 2720 sol
3051 2668 3106 2721 in
3138 2665 3460 2736 Sagittario;

1898 2758 1955 2813 in
1979 2773 2045 2819 eo
2066 2759 2219 2816 sidus
2251 2757 2385 2814 illud
2407 2758 2634 2813 orietur.
2657 2755 2869 2814 Rursus
2907 2758 3122 2813 occidat
3153 2758 3256 2814 sub
3301 2773 3464 2814 occa-

1899 2865 2023 2905 sum
2061 2850 2217 2915 solis,
2242 2864 2469 2920 vespera
2491 2851 2617 2914 erit,
2643 2856 2698 2904 et
2721 2864 2829 2904 nox
2855 2868 2869 2904 :
2914 2850 3145 2906 necdum
3178 2848 3463 2921 lngenicu-

1901 2940 1987 2994 lus
2005 2938 2267 2995 occiderit
2292 2957 2306 2992 :
2334 2938 2429 2994 sed
2461 2940 2514 2992 in
2543 2934 2923 3009 hemisphaerio
2952 2941 3235 3011 superiore
3277 2943 3463 2995 consi-

1902 3038 2053 3086 stens
2073 3033 2272 3095 adhuc,
2295 3045 2359 3084 ac
2388 3031 2491 3086 sub
2519 3045 2773 3087 occasum
2818 3031 3097 3093 occidens.
3124 3040 3309 3101 postea
3371 3047 3466 3100 per

1903 3122 2144 3179 eamdem
2175 3131 2388 3178 noctem
2419 3123 2551 3179 solis
2569 3132 2620 3179 et
2650 3122 2926 3197 Sagittarii
2954 3133 3236 3194 praevertet
3250 3132 3460 3190 ortum,

1903 3220 2029 3270 ante
2051 3214 2198 3284 ipsos
2230 3215 2437 3279 oriens,
2465 3223 2519 3269 et
2552 3225 2675 3285 post
2702 3232 2798 3273 eos
2823 3216 3098 3273 occidens.
3135 3216 3291 3284 Quod
3319 3217 3459 3271 Ara-

1900 3316 1991 3362 tus
2023 3306 2107 3363 bis
2130 3306 2575 3378 verbisexprimit
2612 3326 2625 3360 :

1977 3591 2143 3666 Quem
2171 3593 2377 3666 quidem
2402 3595 2633 3664 ignotum
2659 3596 2795 3651 inter
2822 3597 3051 3650 catastas
3077 3596 3327 3666 imagines

1974 3662 2191 3717 Pariter
2224 3662 2565 3725 occidentem.
2599 3676 2648 3720 et
2678 3667 2892 3721 aliunde
2918 3671 3169 3722 orientem

1979 3731 2131 3803 Same
2154 3734 2333 3788 eadem
2357 3745 2505 3790 nocte
2542 3740 2826 3791 cemimus.

2142 3846 2288 3904 Duos
2320 3866 2538 3904 occasus
2559 3866 2695 3915 esse,
2726 3861 2973 3922 ortusque
2997 3852 3232 3909 totidem.

1976 3940 2065 3997 58.
2104 3940 2356 3999 Siderum
2376 3958 2610 3998 occasus
2641 3952 2908 4014 ortusque
2932 3946 3131 4016 duplex
3155 3954 3240 4002 est
3271 3964 3286 4000 :
3336 3946 3475 4002 alter

1908 4033 2209 4087 matutinus
2237 4072 2252 4098 ,
2299 4036 2640 4105 vespertinus
2702 4037 2841 4090 alter
2886 4037 3107 4092 dicitur.
3179 4037 3476 4094 Matutinus

1908 4131 2063 4180 ortus
2096 4123 2173 4188 ﬁt,
2207 4140 2330 4180 cum
2355 4128 2563 4182 oriente
2591 4130 2705 4183 sole
2732 4128 2986 4184 oriuntur
3010 4145 3133 4183 cum
3178 4145 3242 4184 eo
3273 4130 3473 4194 sidera,

1910 4231 2023 4273 non
2052 4225 2175 4287 post
2199 4216 2400 4287 ipsum.
2446 4217 2827 4288 Vespertinus,
2862 4234 2987 4273 cum
3034 4220 3319 4275 occidente
3360 4221 3476 4275 sole

1911 4309 2091 4364 sidera
2149 4307 2396 4379 quaedam
2453 4310 2724 4364 oriuntur.
2761 4307 3057 4366 Matutinus
3116 4325 3357 4381 occasus
3394 4318 3479 4365 est

1912 4415 2036 4456 cum
2068 4403 2276 4456 oriente
2299 4402 2419 4456 sole
2454 4402 2709 4455 occidunt
2742 4402 2854 4456 haec
2883 4403 2966 4456 vel
2998 4402 3091 4456 illa
3133 4402 3349 4471 sidera;
3383 4418 3479 4457 ve-

1842 4513 1886 4568 ι)
1914 4495 2187 4566 spertinus
2218 4509 2342 4549 cum
2367 4509 2475 4549 una
2503 4509 2628 4579 cum
2664 4495 2778 4549 sole
2811 4494 3088 4550 conditur.

2067 4662 2081 4673 _
2123 4609 2264 4677 Quid
2296 4607 2561 4676 ἀνατολὴ
2594 4619 2642 4663 et
2674 4608 2922 4678 ἐπιτολή
2961 4609 3237 4679 differant.

1981 4702 2071 4762 39.
2105 4704 2293 4759 Diﬂert
2331 4711 2510 4759 autem
2550 4704 2779 4775 ἀνατολή
2810 4711 2865 4759 et
2891 4705 3133 4775 ἐπιτολή.
3164 4703 3299 4758 Nam
3354 4704 3457 4757 ἀνα

1913 4798 2041 4872 τολή
2063 4805 2146 4854 est
2170 4798 2494 4854 conscensio
2529 4812 2654 4852 cum
2695 4798 2811 4853 sole
2836 4812 3002 4868 supra
3026 4798 3332 4869 [inituremj
3362 4799 3483 4850 ἐπι-

1917 4891 2046 4963 τολή
2103 4907 2228 4946 cum
2275 4880 2600 4947 ante'solem
2656 4891 2834 4961 primo
2877 4906 3037 4946 mane
3084 4892 3261 4946 oritur
3292 4891 3482 4952 stella;

1918 4998 2082 5055 quam
2116 4985 2249 5040 solis
2277 4991 2429 5039 ortus
2451 4984 2718 5054 sequitur.
2745 4984 2856 5059 94
2893 4983 3004 5040 Nec
3042 4984 3174 5039 illud
3227 4984 3485 5054 ignoran-

1921 5079 2049 5133 dum
2073 5085 2190 5142 est;
2217 5077 2350 5131 hora
2385 5077 2646 5147 qualibet.
2689 5077 3019 5132 circumacta
3057 5086 3112 5131 et
3150 5077 3398 5131 volvente
3425 5089 3488 5127 se

1923 5170 2156 5241 sphaera,
2199 5170 2380 5226 sidera
2434 5169 2551 5240 ipsa
2604 5171 2914 5227 necessario
2946 5185 3044 5240 per
3071 5184 3233 5224 omne
3275 5177 3491 5237 tempus

1925 5269 2085 5319 nocte
2111 5276 2175 5316 ac
2204 5261 2290 5316 die
2315 5277 2437 5316 cum
2462 5263 2602 5317 coelo
2633 5261 2973 5317 circumferri
3011 5280 3024 5315 :
3060 5275 3167 5315 non
3204 5270 3381 5314 tamen
3407 5259 3460 5311 in

1924 5349 2107 5405 terdiu
2151 5348 2344 5415 videri,
2388 5350 2791 5406 vehementiori
2813 5349 3103 5421 splendore
3130 5349 3264 5406 solis
3291 5346 3484 5402 otTusa.

1925 5443 2197 5498 Caeterum
2256 5454 2408 5498 ortus
2466 5443 2636 5499 stella:
2688 5444 2873 5499 vocari
2904 5458 3014 5498 non
3040 5442 3221 5504 debet,
3270 5440 3491 5511 quando

1928 5535 2167 5591 secunda
2194 5537 2419 5595 tertiave
2440 5544 2561 5608 post
2599 5536 2732 5591 liora
2761 5536 3082 5593 conscendit
3110 5535 3486 5600 horizontem;

1906 5628 2023 5701 tsed
2053 5641 2181 5686 tunc
2218 5629 2428 5697 solum,
2460 5646 2584 5688 cum
2612 5646 2720 5688 una
2743 5647 2866 5688 cum
2909 5633 3023 5689 sole
3050 5631 3246 5688 oritur.
3302 5628 3391 5684 Sic
3438 5637 3491 5681 et
