3928 6266
155 356 258 416 99⁸3

939 357 1250 414 ACHlLLIS
1290 356 1476 413 TATII
1518 353 1811 411 ISAGOGE
1843 351 1933 405 Al)
1967 347 2177 404 ARATI
2215 343 2687 400 PI‘l/ENOMENA.

3320 340 3426 397 998

156 474 381 543 δειγμα.
427 473 560 526 Καὶ
593 472 712 546 γὰρ
735 472 1018 548 φακοειδής
1055 476 1199 526 ἐστιν
1223 475 1256 542 ἡ
1286 473 1359 542 γῆ
1379 489 1392 500 ·
1428 475 1491 524 ὲκ
1521 473 1615 542 μὲν
1641 471 1764 522 ἐκα-
1793 475 1836 529 Α
1862 467 1889 518 6
1919 463 2232 524 διδάσκαλός
2255 478 2353 532 μου
2407 456 2762 548 Ἰσιδωριανὸς
2793 456 3066 528 διαφέρειν
3106 455 3340 527 σφαίρας
3369 455 3430 511 τὸ

160 562 333 633 τέρων
366 560 490 614 τῶν
539 563 740 633 μερῶν
772 562 864 616 τοῦ
893 579 949 614 τε
977 562 1107 627 ἀνω,
1149 564 1243 616 καὶ
1279 563 1426 615 κάτω
1472 562 1606 632 πρὸς
1639 560 1768 630 ύψος

158 652 489 722 οἰκουμένη,
527 653 685 724 πρὸς
721 654 778 706 δὲ
818 653 887 706 τὰ
923 658 1132 724 πέρατα
1162 656 1241 716 εἰς
1270 655 1566 724 λεπτότητα
1594 671 1770 707 στενο-

161 742 526 815 χωρουμένη.
576 745 676 807 Ὠς
717 740 809 796 οὖν
845 743 1160 815 ὑποστάθμη
1205 741 1338 798 οὖσα
1370 743 1455 796 διὰ
1486 743 1547 797 τὸ
1587 743 1768 814 βάρος,

163 839 356 908 πρώτη
414 836 574 908 μετά
625 837 690 890 τὸ
733 836 862 908 χάος
917 837 1154 906 πέπηγε.
1203 836 1300 889 Διά
1347 852 1429 889 τοι
1475 835 1631 888 τοῦτο
1680 837 1772 888 καὶ

174 930 444 993 Ἡσίοδος,
477 929 648 983 τοῦτ’
679 930 853 996 εἰδὼς,
880 928 1040 1000 φησίν
1059 944 1074 957 ·
1173 990 1177 996 η

170 1047 332 1128 ’ξριζρι
356 1041 487 1128 μὲν
528 1042 848 1128 ειιερώτιοιιναΔ
872 1041 1018 1128 χάος
1045 1039 1462 1128 raw-sinuat?
1491 1038 1692 1128 ἔπειτα

167 1113 293 1168 Γαῖ’
317 1110 776 1182 εἰψύστὲρνος,
804 1110 1044 1165 πάντων
1073 1110 1206 1176 ἕδος
1231 1110 1503 1178 ἀσφαλὲς
1533 1111 1665 1163 αἰεί.

168 1205 272 1274 95
305 1206 434 1257 ’Ότι
469 1203 533 1255 δὲ
555 1205 662 1258 καὶ
694 1205 833 1274 μέση
851 1205 884 1274 ἠ
901 1203 994 1272 γῆ,
1019 1203 1281 1273 μαρτυρεῖ
1301 1203 1366 1253 Ἀ
1376 1218 1551 1271 ρατος,
1567 1200 1736 1269 λέγων
1755 1217 1768 1231 ·

173 1316 371 1380 ’Ἄξων
410 1316 561 1370 αἰὲν
613 1316 855 1386 ἄρηρεν.
893 1316 1053 1385 Ἔχει
1084 1314 1136 1368 δ’
1176 1314 1511 1369 ἀτάλαντον
1537 1313 1770 1385 ἁπάντη

174 1387 517 1456 Μεσσηγνὺς
552 1387 757 1457 γαῖαν.

174 1499 244 1550 Τὸ
281 1499 394 1570 γὰρ
449 1499 771 1552 ἀτάλαντον
811 1499 931 1552 ἀντὶ
979 1496 1071 1550 τοῦ
1103 1497 1375 1568 ἀκίνητον.
1410 1495 1544 1570 Περὶ
1586 1495 1642 1550 δὲ
1675 1495 1772 1567 τὴν

179 1592 278 1659 γῆν
309 1589 612 1655 κυκλικῶς
645 1590 776 1660 ἄλλη
824 1591 972 1642 ἐστὶν
1007 1588 1189 1642 ἐπάνω
1223 1591 1422 1660 σφαῖρα
1457 1591 1489 1659 ἡ
1522 1587 1614 1640 τοῦ
1650 1586 1773 1640 ὓδα-

177 1698 285 1746 τος,
319 1681 540 1751 μείζων
579 1681 686 1752 τῆς
730 1682 852 1753 γῆς.
890 1679 963 1732 Τὸ
995 1683 1102 1751 γὰρ
1130 1680 1379 1751 περιέχον
1407 1680 1498 1732 τοῦ
1531 1696 1776 1751 περιεχο-

187 1775 342 1844 μένου
403 1774 608 1844 μεῖζον
663 1770 800 1828 εἰναι
843 1773 939 1826 δεῖ.
992 1775 1144 1826 Μετά
1180 1773 1236 1825 δὲ
1279 1772 1374 1843 τὴν
1424 1771 1516 1824 τοῦ
1561 1772 1772 1836 ὓδατος,

187 1865 343 1929 εὐθὺς
379 1868 413 1936 ἡ
457 1865 560 1918 τοῦ
595 1866 781 1938 ἀέρος,
820 1866 914 1920 καὶ
944 1864 1080 1936 αὑτὴ
1122 1863 1302 1934 κύκλῳ
1334 1863 1395 1915 τὺ
1436 1861 1578 1934 ὕδωρ
1623 1880 1778 1934 περι-

188 1957 402 2027 έχουσα.
427 1956 600 2010 Μετά
617 1958 676 2010 δὲ
703 1958 802 2028 τὴν
824 1956 918 2010 τοῦ
946 1956 1102 2029 ἀέρος
1125 1958 1157 2027 ὴ
1187 1955 1280 2008 τοῦ
1315 1954 1548 2027 αἰθέρος.
1566 1955 1656 2008 Διὸ
1684 1955 1777 2008 καὶ

189 2050 435 2121 Ὅμηρός
468 2068 582 2104 που
614 2050 764 2120 λέγει
785 2067 798 2080 ·

193 2165 287 2226 Εἰς
314 2162 552 2230 ἐλάτην
576 2163 810 2229 ἀναϐὰς
837 2163 1247 2233 περιμήκετον,
1276 2162 1315 2230 ἢ
1350 2164 1463 2216 τότ’
1485 2164 1554 2216 ἐν
1580 2162 1708 2232 Ἴδῃ

193 2233 555 2303 Μακροτάτη
589 2234 878 2303 πεφυυῖα,
908 2235 981 2287 δι’
1014 2233 1184 2302 ἠέρος
1218 2233 1396 2300 αἰθέρ’
1431 2235 1649 2287 ἵκανεν.

201 2347 346 2402 Εἰσὶν
371 2341 468 2401 οῦν
503 2347 780 2419 τέσσαρες
815 2349 1068 2419 σφαῖραι·
1113 2345 1150 2400 ἃ.
1185 2349 1418 2416 στοιχεῖα
1444 2345 1698 2398 καλοῦσιν
1729 2345 1778 2398 οἰ

199 2439 434 2502 παλαιοὶ,
462 2438 558 2492 διά
585 2439 656 2491 τὸ
679 2438 873 2509 στοίχῳ
899 2439 994 2492 καὶ
1023 2437 1414 2504 τάξειέκαστον
1448 2436 1626 2490 αὐτῶν
1650 2437 1780 2488 ὑπο-

202 2529 406 2583 κεῖσθαι
426 2546 440 2560 ·
468 2529 550 2593 ὦς
568 2547 679 2582 που
697 2529 791 2583 καὶ
823 2528 1062 2600 Ἀλκμὰν
1081 2527 1424 2598 όμθστοίχους
1445 2527 1668 2579 ἐκάλεσε
1683 2525 1780 2589 τὰς

203 2624 256 2676 ἐν
284 2624 437 2690 τάξει
476 2623 823 2696 χορευούσας
863 2622 1183 2694 παρθένους.
1212 2621 1314 2675 Καὶ
1337 2625 1394 2676 ὲν
1425 2624 1778 2693 γραμματικῇ

205 2720 430 2786 στοιχεῖα
472 2719 578 2787 μὲν
636 2716 792 2770 καλεῖ
831 2717 872 2747 ³¹
905 2717 975 2770 τά
1005 2715 1322 2787 γράμματα,
1362 2715 1449 2768 διὰ
1483 2715 1544 2767 τό
1578 2715 1775 2786 στοίχῳ

201 2806 284 2858 καὶ
310 2805 463 2872 τάξει
501 2807 616 2871 τὰς
645 2807 732 2860 ἐπ’
761 2806 938 2860 αὐτῶν
971 2806 1265 2860 πλέκεσθαι
1304 2807 1587 2870 συλλαϐάς.
1621 2807 1780 2860 Μέσα

202 2893 287 2949 οὖν
315 2899 430 2950 ἐστι
463 2898 539 2951 τά
576 2897 756 2969 βαρέα
792 2901 1047 2968 στοιχεῖα.
1101 2897 1436 2967 Θαυμαστῶς
1460 2897 1566 2968 γὰρ
1605 2897 1781 2950 πάντα

204 2988 487 3054 κατέταξεν
511 2991 542 3042 6
575 2989 944 3061 Δημιουργός.
976 2990 1033 3042 Ὁ
1058 2989 1164 3060 γάρ
1196 2988 1354 3060 αἰθὴρ
1385 2988 1551 3042 καὶτὸ
1569 2987 1782 3058 πνεῦμα

209 3081 376 3134 πάντα
417 3083 497 3144 εἰς
554 3080 735 3134 ὲαυτὰ
782 3079 978 3145 ἔξωθεν
1023 3082 1219 3134 ὲπαι...
1253 3081 1347 3135 καὶ
1375 3079 1495 3132 οὕτε
1536 3079 1615 3150 τῷ
1659 3079 1781 3151 ἀέρι

212 3173 398 3241 πτῆναι
423 3176 731 3246 συγχωρεῖ,
762 3172 886 3226 οὔτε
919 3172 997 3243 τῷ
1024 3172 1172 3226 ὕδατι
1202 3173 1427 3243 χυθῆναι
1451 3189 1465 3203 ·
1498 3173 1611 3225 ἀλλ’
1655 3174 1781 3227 ὲκά-
1807 3176 1848 3234 C

220 3277 338 3331 στην
373 3264 606 3334 μόνιμον
632 3261 728 3316 τοῦ
770 3263 935 3316 τόπου
990 3266 1147 3333 τηρεῖ
1168 3264 1266 3334 τὴν
1297 3264 1502 3327 στάσιν,
1539 3263 1678 3317 κατὰ
1719 3263 1779 3316 τὸ

217 3352 301 3405 ἐπὶ
334 3355 428 3407 τοῦ
468 3356 671 3426 λύχνου
695 3355 1016 3426 ὑπόδειγμα,
1035 3355 1240 3426 καὶτῆς
1264 3357 1412 3422 παρά
1439 3359 1550 3419 τοῖς
1581 3357 1780 3425 ἰατροῖς

223 3445 419 3509 σικύας,
471 3448 505 3519 ἠ
557 3448 642 3519 τῷ
670 3447 802 3518 πυρὶ
841 3447 978 3518 πρὸς
1019 3448 1214 3517 ἑαυτὴν
1246 3448 1400 3517 ἄγχει
1428 3447 1526 3510 τὰς
1559 3448 1779 3516 φλέϐας.

233 3535 285 3588 '0
311 3539 403 3607 μὲν
433 3537 528 3594 οῦν
553 3541 666 3612 ἀὴρ
697 3539 802 3592 ὑπὸ
833 3539 924 3592 τοῦ
967 3539 1136 3610 πυρὸς
1164 3539 1440 3610 συνέχεται
1463 3556 1477 3569 ·
1502 3541 1560 3593 τὸ
1584 3540 1638 3592 δὲ
1673 3539 1782 3609 πῦρ

228 3628 351 3695 μετά
376 3630 468 3683 τοῦ
501 3631 669 3702 ἀέρος
691 3629 759 3683 τὰ
789 3629 986 3683 πάντα.
1017 3629 1115 3682 Διά
1146 3627 1320 3693 τοῦτο,
1343 3629 1496 3697 ὕδωρ
1526 3629 1623 3683 καὶ
1648 3628 1784 3698 γαῖα

225 3718 506 3786 γένοισθε,
547 3723 651 3793 οὺχ
705 3721 779 3785 ῶς
816 3739 960 3785 τινες
994 3721 1238 3792 κατάραν
1285 3723 1396 3784 τοῖς
1431 3719 1782 3791 στρατιώταις

228 3813 558 3882 κατηράσατο
581 3830 595 3843 ·
629 3812 763 3866 ἀλλά
808 3813 900 3866 τὸν
925 3812 1079 3866 ὄκνον
1110 3811 1267 3876 εἰδὼς
1298 3813 1363 3866 ὲκ
1407 3812 1514 3866 τῶν
1546 3811 1783 3883 βαρυτά-

226 3903 464 3958 τωνδντα
485 3905 786 3976 στοιχείων,
829 3905 928 3977 τὴν
965 3904 1238 3976 βαρύτητα
1265 3905 1445 3968 αὐτοῖς
1493 3905 1782 3973 ὠνείδισεν,

233 3990 387 4047 εἰπών
404 4013 419 4029 ·

243 4104 381 4159 Ἀλλ’
405 4114 573 4180 ῠμεις
611 4128 727 4182 μεν
759 4125 979 4179 παντες
1013 4112 1168 4180 ὕδωρ
1190 4111 1286 4165 καὶ
1325 4111 1461 4180 γαῖα
1494 4111 1783 4183 γένοισθε.

546 4187 615 4236 Εἰ
643 4183 954 4253 ἓστηκεγή
995 4183 1093 4252 γῆ,
1117 4185 1154 4250 ἢ
1192 4185 1456 4237 κινεῖται.

300 4287 367 4356 γ’.
407 4293 565 4358 Τινὲς
615 4296 708 4350 καὶ
735 4296 902 4368 αὐτὴν
940 4294 1598 4368 συμπεριστρέφεσθαιτῷ
1625 4294 1788 4350 παντί

241 4395 408 4446 φασιν.
445 4385 806 4458 Ἀναισθήτως
832 4387 888 4440 δὲ
920 4389 1064 4458 ἡμᾶς
1101 4389 1224 4451 τοὺς
1256 4386 1593 4450 ἐνοικοῦντας
1623 4385 1784 4458 ἔχειν,

239 4469 318 4522 διὰ
340 4473 396 4524 τὸ
425 4476 483 4528 ὲν
512 4476 692 4548 μικρῷ
721 4477 853 4549 όρίῳ
896 4478 996 4548 τῆς
1027 4479 1129 4549 γῆς
1154 4481 1444 4534 κατοικεῖν.
1480 4478 1693 4532 Βέλτιον
1729 4477 1787 4532 δὲ

244 4560 396 4634 αὑτὴν
411 4566 664 4638 ἀκίνητον
682 4567 844 4638 ἔχειν,
871 4570 1201 4639 πανταχόθεν
1217 4570 1320 4623 ὑπὸ
1339 4569 1444 4622 τῶν
1467 4570 1594 4640 περὶ
1617 4570 1787 4641 αὐτὴν

248 4657 502 4724 στοιχείων
522 4677 589 4711 πε
596 4663 790 4731 ριωθου
799 4661 981 4732 μένην.
1003 4661 1185 4715 Δῶκεν
1205 4649 1248 4694 ³”¹
1277 4662 1332 4716 δὲ
1355 4663 1447 4716 καὶ
1467 4663 1785 4734 ὑπόδειγμα.

246 4741 308 4795 "0
335 4747 468 4812 ἄξων
489 4751 598 4804 ἀπὸ
633 4753 893 4824 ἀρκτικοῦ
923 4753 1084 4808 πόλου
1111 4755 1270 4825 μέχρι
1302 4753 1396 4807 τοῦ
1429 4753 1786 4825 ἀνταρκτικόῦ

247 4833 426 4904 διήκει,
466 4842 552 4896 διὰ
597 4843 689 4896 τοῦ
746 4844 978 4914 αἰθέρος,
1023 4845 1118 4899 καὶ
1161 4845 1273 4898 τῶν
1308 4845 1480 4899 ἄλλων
1515 4844 1789 4916 στοιχείων

253 4923 562 4999 ἱκνούμενος.
601 4934 664 4986 Ἦ
699 4935 769 5003 γῆ
791 4930 881 4987 οῦν
899 4935 1171 5007 βαρυτάτη
1195 4931 1328 4988 οὖσα
1345 4935 1576 4988 ὲνεῖκται
1607 4935 1671 5000 ³³,
1692 4935 1788 4989 καὶ

252 5015 664 5094 ὲμπεπερόνηται
691 5027 1189 5099 ὲμπεριειλημμένη
1213 5028 1316 5080 ὑπὸ
1342 5025 1434 5080 τοῦ
1454 5027 1638 5093 ἄξονος
1658 5045 1672 5059 ·
1713 5029 1790 5091 ὡς

1871 554 2200 626 σφαιροειδὲς
2219 552 2388 625 ταύτῃ
2407 595 2423 619 ,
2518 551 2550 620 ἡ
2571 549 2668 620 μὲν
2695 551 2897 619 σφαῖρα
2925 548 3265 618 κυκλοτερῶς
3291 562 3429 600 παν-

1867 647 2088 718 ταχόθεν
2123 647 2203 708 εἰς
2230 645 2475 714 λειότητα
2507 643 2863 712 ἀπήρτισται·
2905 640 2965 693 τὸ
3003 639 3334 711 σφαιροειδὲς
3373 635 3431 689 δὲ

1867 740 2085 803 κύκλος,
2111 739 2171 792 οὐ
2201 736 2304 808 μὴν
2331 737 2462 803 ἴσος,
2506 735 2620 788 ἀλλ’
2661 733 2797 804 ἔχων
2829 731 3046 803 εἰσοχάς
3085 733 3178 785 καὶ
3218 729 3429 801 ἐξοχάς.

1872 832 2057 884 Ἔστιν
2075 825 2166 883 οὖν
2199 830 2231 899 ἡ
2270 828 2340 899 γῆ
2371 825 2710 898 σφαιροειδὴς
2733 827 2790 878 ὲν
2826 823 3098 894 κοιλότησί
3140 840 3198 874 τε
3243 839 3435 876 ταπειι

1869 921 2121 991 νουμένη,
2174 919 2268 972 καὶ
2315 919 2374 972 ὲν
2432 919 2807 988 ἀναστήμασιν
2862 914 3160 986 ὑψουμένη.
3199 916 3302 967 Ἦν
3341 910 3434 966 οῦν

1869 1011 2119 1081 οἰκοῦμεν
2138 1012 2296 1081 ἡμεῖς
2323 1010 2444 1079 γῆν,
2473 1008 2671 1078 μαστός
2694 1006 3064 1081 ἐστινοῶσπερ,
3092 1005 3187 1059 καὶ
3223 1003 3434 1076 κορυφὴ

1869 1100 1968 1170 τῆς
2017 1101 2220 1170 πάσης·
2273 1097 2522 1168 καθάπερ
2566 1097 2658 1150 καὶ
2693 1095 2791 1159 τὰς
2824 1097 3018 1167 νήσους
3075 1095 3132 1147 ὲν
3167 1093 3314 1164 μέσῳ
3356 1091 3434 1162 τῷ

1871 1191 2094 1260 πελάγει
2124 1189 2469 1253 ὲπαναϐάσας
2491 1188 2568 1254 τῷ
2600 1187 2751 1241 ὓδατι
2774 1187 3007 1258 ὁρῶμεν.
3043 1185 3199 1240 Οὕτω
3226 1185 3320 1238 καὶ
3338 1183 3436 1255 τὴν

1870 1283 2048 1334 πᾶσαν
2093 1281 2414 1352 οἰκουμένην
2469 1280 2759 1350 γενήσουσι
2788 1278 2986 1348 τρόπον
3033 1277 3220 1348 ὲπέχει
3277 1277 3323 1308 ³⁸
3359 1276 3438 1346 τῷ

1870 1373 2016 1444 ὄγκῳ
2037 1373 2130 1428 τοῦ
2179 1375 2557 1444 ἀναστήματος
2589 1372 3094 1426 ὲπανακύπτουσαν.
3149 1372 3218 1423 Συ
3227 1371 3438 1442 μΰαίνει

1871 1463 1979 1534 γὰρ
2003 1465 2062 1517 τὸ
2093 1464 2234 1535 ὕδωρ
2267 1464 2408 1517 κατά
2437 1482 2556 1518 τινα
2589 1464 2728 1535 μέρη
2760 1465 2858 1534 τῆς
2882 1465 3004 1534 γῆς,
3032 1462 3097 1516 ἂν
3127 1462 3285 1534 τύχῃ,
3311 1461 3441 1514 ποτὲ

1875 1555 1971 1625 μὲν
2003 1554 2334 1620 πλεονάζειν,
2365 1555 2493 1608 ποτὲ
2513 1556 2568 1608 δὲ
2601 1555 2784 1626 λήγειν
2805 1553 2996 1618 οὕτως,
3021 1553 3163 1606 ὥστε
3187 1556 3437 1623 ὲπινηχο-

1876 1646 2041 1718 μένην
2087 1637 2288 1699 οἴεσθαι
2343 1644 2440 1716 τὴν
2485 1646 2608 1716 γῆν.
2673 1644 2781 1698 Καὶ
2825 1643 2886 1696 τὺ
2930 1642 3101 1706 πάθος
3129 1643 3188 1696 οὐ
3223 1644 3350 1713 περὶ
3376 1642 3439 1694 τὸ

1873 1739 2101 1808 πάσχον,
2150 1737 2286 1792 ἀλλά
2327 1738 2454 1810 περὶ
2478 1738 2538 1790 τὸ
2561 1737 2849 1806 βαστάζον,
2889 1736 3139 1807 καθάπερ
3168 1736 3260 1790 καὶ
3287 1737 3344 1789 ὲν
3372 1738 3437 1806 τῇ

1808 1839 1849 1895 Β
1879 1830 2118 1902 θαλάσσῃ
2157 1830 2398 1899 γίνεται·
2440 1829 2501 1884 τὸ
2546 1829 2690 1901 ὓδωρ
2721 1829 2824 1882 ὑπὸ
2860 1829 2967 1884 τῶν
3001 1830 3216 1900 ἀνέμων
3262 1829 3440 1882 κινού-

1880 1939 2037 1994 μενον
2076 1921 2358 1992 ἀνώμαλον
2397 1921 2635 1974 δείκνυσι
2666 1922 2764 1993 τὴν
2799 1921 3149 1990 ἐπιφάνειαν·
3179 1921 3308 1974 ποτὲ
3345 1921 3442 1992 μὲν

1876 2013 2254 2085 κυρτουμένων
2303 2011 2561 2082 κυμάτων
2617 2011 2704 2064 διὰ
2732 2012 2831 2084 τὴν
2861 2011 2953 2064 τοῦ
2981 2011 3291 2082 πνεύματος
3312 2029 3438 2080 σφο-

1875 2107 2125 2178 δρότητα,
2154 2102 2250 2158 εἶθ’
2285 2105 2388 2158 ὑπὸ
2417 2105 2518 2175 τῆς
2552 2104 2786 2175 φυσικῆς
2816 2104 3058 2175 ἀνάγκης
3089 2106 3169 2168 είς
3193 2104 3438 2176 λειότητα

1875 2199 2257 2270 διαχεομένων.
2288 2199 2352 2251 Εἰ
2395 2193 2488 2251 οὗν
2519 2214 2580 2249 συ
2590 2197 2758 2268 μὸαίη
2791 2195 2940 2267 κῦμα
2972 2195 3172 2267 ὑψηλὸν
3218 2196 3444 2268 ὑποδρα-

1880 2294 1997 2362 μεῖν
2024 2288 2172 2354 ναῦν,
2196 2288 2513 2360 ὲπαιωρίζει
2558 2288 2656 2359 μὲν
2685 2288 2854 2358 αὐτὴν
2893 2288 2973 2351 εἰς
3006 2287 3159 2356 ὕψος,
3191 2287 3441 2358 διαχυθὲν

1876 2381 1931 2434 δὲ
1949 2383 2306 2453 συγκατασπᾷ
2353 2381 2448 2434 καὶ
2495 2379 2594 2452 τὴν
2619 2380 2770 2434 ναῦν.
2807 2378 2917 2432 Καὶ
2946 2382 2979 2450 ὴ
3008 2380 3221 2451 κίνησις
3251 2382 3311 2434 ού
3343 2381 3443 2450 τῆς

1877 2473 2021 2545 νηὸς,
2052 2473 2185 2527 ἀλλά
2205 2473 2295 2526 τοῦ
2319 2473 2508 2536 ὕδατος
2534 2471 2762 2541 γίνεται.
2790 2475 2882 2525 Δεῖ
2894 2473 2949 2526 δὲ
2973 2474 3190 2535 εἰδέναι,
3222 2472 3303 2525 ὅτι
3336 2472 3445 2524 τῶν

1880 2565 2153 2635 στοιχείων
2205 2565 2434 2620 ἕκαστον
2476 2565 2536 2618 ού
2569 2564 2667 2635 τὴν
2698 2565 2890 2618 ἑαυτοῦ
2917 2564 3085 2636 μόνην
3119 2564 3229 2635 ἔχει
3261 2565 3442 2634 φύσιν,

1878 2657 1992 2710 ἀλλ’
2055 2658 2296 2712 ἑκάστων
2356 2657 2464 2712 τῶν
2501 2657 2722 2722 λοιπῶν,
2762 2658 2857 2712 καὶ
2886 2658 3036 2711 οὐδὲν
3080 2659 3303 2729 ἄμοιρον
3347 2659 3446 2728 τῆς

1877 2748 1985 2803 τῶν
2037 2750 2238 2804 λοιπῶν
2297 2752 2604 2821 μετουσίας.
2649 2750 2775 2803 Ἐπὶ
2823 2749 3033 2812 τούτοις
3063 2749 3126 2820 δὴ
3162 2753 3273 2812 τοῖς
3313 2766 3448 2802 στοι-

1879 2840 2043 2910 χείοις
2070 2840 2264 2906 ἔξωθέν
2291 2842 2406 2894 ἐστι
2433 2842 2610 2895 πάντα
2636 2841 2902 2912 περιέχων
2929 2841 2957 2892 ὁ
2992 2839 3216 2911 οὐρανὸς
3246 2842 3449 2911 σφαῖρα

1880 2932 2123 3002 πέμπτη,
2146 2930 2268 2984 οὔτε
2301 2930 2489 3003 βαρὺς,
2516 2931 2638 2985 οὔτε
2667 2932 2866 3000 κοῦφος
2889 2949 2904 2963 ·
2935 2930 3448 3002 ἀλλά’μεμιγμένην

1881 3024 1944 3076 ὲκ
1974 3023 2189 3077 πάντων
2221 3022 2332 3092 ἔχει
2357 3023 2454 3095 τὴν
2479 3025 2674 3094 κρᾶσιν
2703 3037 2717 3051 ·
2747 3022 2826 3074 διὸ
2862 3022 2954 3075 καὶ
2981 3021 3078 3093 τὴν
3105 3021 3358 3074 σύστασιν
3387 3023 3450 3074 ἐκ

1880 3114 1978 3184 τῆς
2007 3114 2252 3186 κράσεως
2298 3113 2520 3183 βεϐαίαν
2571 3113 2703 3184 ἔχει.
2732 3113 2841 3166 Καὶ
2866 3113 3177 3184 ὠνόμασται
3212 3113 3362 3183 παρά
3392 3113 3452 3166 τὸ

1879 3205 2109 3277 όρούειν,
2137 3207 2164 3259 ὅ
2193 3207 2338 3260 ὲστιν
2355 3206 2529 3277 όρμᾷν
2548 3219 2562 3235 ·
2595 3205 2925 3278 προώρμησε
2949 3207 3056 3277 γὰρ
3093 3206 3320 3277 οὐρανὸς
3343 3206 3452 3260 τῶν

1849 3297 2050 3364 ⁸ἄλλων
2071 3297 2370 3367 στοιχείων.
2405 3299 2469 3351 Εἰ
2489 3297 2544 3351 δέ
2566 3298 2682 3351 ἐστί
2705 3316 2758 3350 τι
2779 3299 2935 3352 κενὸν
2959 3298 3154 3364 ἔξωθεν
3181 3297 3274 3351 τοῦ
3293 3299 3456 3370 οὐρα-

1879 3387 1993 3454 νοῦ,
2019 3390 2080 3442 ού
2111 3389 2400 3461 περίεργος
2434 3391 2565 3461 ἡμῖν
2605 3392 2638 3460 ἡ
2679 3391 2924 3461 ζήτησις.
2955 3390 3102 3461 Πλὴν
3143 3391 3191 3442 οἰ
3227 3389 3455 3442 Στωϊκοὶ

1879 3480 2125 3550 λέγουσιν
2147 3477 2284 3535 εἶναι
2306 3498 2318 3511 ·
2347 3481 2520 3554 ταύτῃ
2549 3481 2654 3553 γὰρ
2676 3481 2954 3554 διαφέρειν
2973 3482 3034 3535 τὸ
3051 3482 3170 3536 ὅλον
3195 3483 3290 3535 τοῦ
3316 3499 3453 3534 παν-

1877 3573 1991 3637 τός.
2026 3573 2164 3626 Ἀλλ’
2184 3575 2282 3628 οὐκ
2305 3564 2643 3646 ἇπειρον,ὼς
2675 3575 3016 3646 Ἐπίκουρος.
3052 3575 3147 3627 καὶ
3179 3575 3226 3626 οἰ
3254 3573 3449 3626 λοιποί.

1893 3664 2046 3718 Ἐπεὶ
2073 3666 2130 3718 δὲ
2171 3666 2541 3738 συμμεμίχθαι
2572 3666 2649 3736 τῷ
2679 3667 2826 3719 ὕδατι
2864 3666 2960 3738 τὴν
2991 3666 3094 3736 γῆν
3128 3681 3326 3734 φαμεν,
3357 3681 3452 3715 τυ-

1881 3756 1992 3828 χὼν
2031 3758 2076 3790 ³⁸
2110 3759 2429 3830 ἀμφοτέρων
2459 3759 2666 3829 ποίημα
2695 3754 2763 3830 ἦν
2796 3760 2825 3810 ό
2848 3758 2942 3812 ἄνθ
2953 3774 3162 3829 ρωπος,
3194 3756 3451 3819 Ἡσίοδος·

1883 3849 2072 3903 Γαῖαν
2090 3849 2217 3904 ὕδει
2241 3852 2468 3920 φύρειν,
2495 3851 2564 3903 ἐν
2591 3833 2644 3903 δῖ
2674 3849 2984 3919 ἀνθρώπου
3025 3848 3201 3919 θέμεν
3238 3847 3451 3914 αὐδήν.

1883 3939 2164 3995 Καὶτοῦτό
2193 3943 2339 3996 ἐστιν
2370 3944 2398 3994 6
2434 3940 2601 4013 μῦθος
2624 3943 2652 3994 6
2686 3941 3040 4014 Προμηθέως.

2305 4055 2375 4107 Εἰ
2402 4051 2511 4114 ζῶα
2547 4053 2744 4124 τρέφει
2783 4057 2816 4107 ὁ
2841 4053 3033 4122 αἰθήρ.

1953 4163 2016 4218 δ’.
2057 4164 2113 4218 'U
2142 4165 2240 4236 μὲν
2281 4167 2511 4237 ποιητής
2559 4183 2660 4220 που
2690 4165 2835 4234 λέγει
2864 4165 2936 4218 δι’
2967 4163 3194 4231 αἰθέρος
3219 4163 3458 4233 ἀτρυγέ-

1885 4274 2028 4313 τοιο,
2064 4258 2287 4326 ’Λγονον
2315 4258 2410 4311 καὶ
2462 4259 2728 4329 ἄκαρπον,
2775 4257 2848 4320 ὥς
2888 4274 3032 4320 τινες
3081 4256 3242 4310 αὑτὸν
3293 4258 3460 4309 αἰνιτ-

1887 4349 2130 4420 τόμενοι·
2168 4349 2213 4381 ³⁸
2261 4346 2330 4422 ἧς
2362 4348 2584 4420 γνώμης
2625 4348 2920 4402 κινδυνεύει
2971 4349 3063 4401 καὶ
3113 4352 3142 4402 6
3199 4348 3460 4419 Πίνδαρος

1891 4436 2053 4507 εἶναι,
2101 4441 2307 4511 λέγων·
2354 4440 2575 4510 ἐρήμας
2607 4440 2680 4493 δι’
2729 4440 2981 4508 αἰθέρος.
3030 4439 3367 4510 Εὑρίσκομεν
3402 4439 3460 4492 δὲ

1817 4521 1864 4579 Ι)
1892 4533 2054 4586 αὐτὸν
2105 4532 2488 4602 ξωογονοῦντα,
2541 4532 2634 4586 καὶ
2687 4530 2802 4596 ζῶα
2828 4531 3035 4601 ἔχοντα,
3064 4531 3296 4601 μάλιστα
3337 4533 3461 4595 τοὺς

1893 4623 2192 4694 πλάνητας,
2225 4624 2312 4678 διὰ
2330 4624 2390 4676 τὸ
2415 4624 2786 4694 αὐτοκίνητον.
2821 4625 2931 4676 Καὶ
2958 4623 3224 4694 Ὅμηρος,

1907 4735 2148 4802 Ἠέλιος,
2201 4737 2270 4803 ὃς
2313 4736 2484 4791 πάντ’
2522 4735 2761 4806 ἐφορᾷς,
2788 4737 2884 4791 καὶ
2918 4736 3090 4790 πάντ’
3129 4737 3460 4802 ἐπακούεις,

1895 4850 2034 4915 ζῶον
2077 4850 2244 4905 εἰπὼν
2298 4850 2465 4917 ἔδειξε
2505 4850 2595 4904 τὸν
2624 4850 2793 4922 ἥλιον·
2833 4849 2897 4902 Τί
2922 4844 3014 4902 οῦν
3041 4848 3270 4918 λέγομεν
3299 4848 3464 4918 ἀτρύ-

1893 4958 2080 5012 γετον;
2112 4942 2172 4995 ού
2211 4941 2271 4994 τὸ
2313 4941 2580 5013 ἄκαρπον.
2615 4941 2723 4994 Καὶ
2761 4939 2870 5011 γὰρ
2905 4939 3077 5010 γῆν...
3126 4937 3267 4991 ἔοικε
3296 4937 3468 4990 δὲκαὶ

1894 5036 1982 5090 διὰ
2032 5034 2128 5105 τὴν
2171 5033 2322 5100 τάξιν
2363 5032 2456 5086 τοῦ
2507 5030 2704 5095 παντὸς
2736 5031 2832 5084 καὶ
2870 5030 2968 5100 τὴν
3007 5027 3187 5098 φύσιν.
3221 5026 3466 5096 ’Όμηρος

259 5108 952 5177 μὴδύνασθαικινεῖσθαι.Τά
970 5118 1027 5171 δὲ
1042 5118 1174 5171 ἄλλα
1189 5119 1622 5190 χαυνότεραδντα
1637 5119 1797 5175 τόπον
1901 5121 1994 5179 οῦν
2049 5124 2386 5195 καταμιγνὺς
2443 5123 2505 5176 τὸ
2560 5121 2804 5192 μυθῶδες
2854 5119 2932 5190 τῷ
2987 5116 3200 5188 φυσικῷ
3228 5131 3244 5148 ·
3297 5117 3325 5168 ὁ
3359 5115 3467 5186 γὰρ

256 5195 425 5267 ἔχοντα
470 5209 790 5280 στρέφεται·
827 5209 1012 5280 ὥσπερ
1039 5209 1104 5262 ἂν
1135 5211 1189 5262 εἴ
1226 5227 1310 5273 τις
1350 5209 1608 5280 ὀϐελίσκῳ
1641 5209 1794 5274 ξύλον
1899 5215 2054 5278 Ζεὺς,
2096 5213 2155 5266 ὅν
2209 5229 2386 5282 φαμεν
2419 5207 2557 5264 εἶναι
2585 5210 2678 5264 τοῦ
2715 5208 2913 5273 παντὸς
2947 5205 3295 5279 δημιουργὸν,
3329 5205 3468 5275 πρὸς

259 5287 502 5364 ἀκινήτως
535 5301 902 5372 ἐμπερονήσῃ,
937 5299 1253 5370 ὲμπεριθείς
1280 5299 1358 5370 τῷ
1407 5299 1547 5370 ξύλῳ
1566 5301 1793 5372 τροχοὺς

261 5382 590 5458 κυκλοτερῶς,
635 5392 923 5464 Συμόαίνει
948 5392 1056 5463 γάρ
1081 5393 1206 5454 τοὺς
1249 5393 1346 5463 μὲν
1378 5393 1604 5462 τροχοὺς
1629 5395 1794 5444 κινεῖ-

264 5469 391 5540 σθαι.
418 5479 473 5532 τὸ
493 5482 548 5536 δὲ
581 5483 732 5549 ξύλον
760 5485 1034 5554 ἀκινητεῖν
1065 5482 1168 5536 ὑπὸ
1189 5482 1284 5536 τοῦ
1316 5481 1644 5552 κρατοῦντος
1673 5500 1794 5536 στε-

1897 5305 1989 5358 τὺν
2016 5303 2155 5375 ἀέρα
2182 5303 2279 5373 τὴν
2303 5303 2480 5372 ’Ἥραν
2513 5301 2658 5370 λέγει
2679 5315 2693 5331 ⁸

1903 5399 1974 5450 Ἦ
1997 5399 2068 5450 οὺ
2099 5395 2315 5464 μέμνῃ,
2342 5396 2440 5448 ὅτε
2462 5397 2510 5448 τ’
2533 5395 2754 5464 ἐκρέμω
2777 5395 3027 5464 ὑψόθεν,
3150 5391 3220 5464 δέ
3237 5389 3473 5464 ποδοῖιν

1903 5461 2194 5535 Ἀκμονας
2220 5462 2338 5536 ἦκα
2373 5466 2513 5533 δύω,
2553 5461 2686 5534 περί
2715 5463 2887 5534 χερσί
2930 5463 2998 5517 δὲ
3034 5462 3261 5532 δεσμὸν
3294 5461 3470 5528 1ηλα;

266 5570 654 5642 νοκωρηύμενον..
687 5577 821 5628 Φασί
840 5577 897 5629 δὲ
937 5575 1215 5645 Διόδωρος,
1251 5576 1343 5630 καὶ
1377 5577 1667 5646 Κοδρᾶτος,
1699 5577 1794 5630 καὶ
1900 5575 2014 5630 ἔστι
2051 5577 2150 5646 μὲν
2171 5577 2274 5648 γὰρ
2297 5578 2326 5629 6
2353 5575 2695 5648 κρεμάμενος
2730 5576 2836 5648 ἀὴρ
2866 5577 3014 5648 Ἥρα
3033 5592 3046 5606 ·
3071 5575 3122 5629 οἱ
3141 5573 3206 5628 δὲ
3239 5573 3471 5644 ἄκμονες

273 5679 370 5776 ,οἳ
396 5684 716 5776 Ῑοίκαλείται.
793 5699 836 5730 ³³
869 5697 989 5769 ch.
1028 5699 1221 5768 δῶμεν.
1299 5699 1343 5731 ³³
1374 5699 1413 5768 Ῑ.
1445 5700 1698 5769 ἐνεῖρται.

339 5750 377 5820 f.
397 5750 773 5832 αἰνιττόμενος.

1778 5700 1823 5732 ³⁸
1848 5700 1890 5773 ι’.
1924 5700 2028 5772 γῆν
2051 5702 2215 5768 νήσου
2243 5710 2295 5752 (ιι
2325 5700 2559 5770 ἐπέχειν.
2598 5701 2642 5733 ³⁸
2674 5700 2715 5770 f.
2747 5699 2928 5772 τυχόν,
2959 5715 3085 5757 mox
3103 5697 3180 5763 ὼς
3211 5694 3468 5758 Ἡσίοδος.
