3928 6266
336 304 464 360 1001

1308 303 1676 365 HIPPARCHI
1713 307 1805 363 AD
1840 302 2287 363 ΡΗΕΝΟΜΕΝΑ
2324 302 2452 357 LIB.
2491 304 2537 358 ῐ.

3409 302 3550 361 1002

331 422 428 488 νάς
459 422 553 475 καὶ
609 423 893 494 χθαμαλάς
922 462 938 488 ,
967 423 1067 490 τὰς
1119 422 1288 488 κάτω,
1323 426 1449 481 ὅταν
1484 430 1542 482 ἐν
1569 429 1850 503 Αἰγόκερῳ
1871 445 1885 461 ο
1918 444 1968 503 Α
1994 425 2133 482 αύτά
2166 424 2234 479 δι’
2254 425 2526 496 ἑκατέρων
2553 414 2798 496 ἀλλήλοις
2818 423 3019 496 έχουσι,
3045 424 3142 488 τάς
3158 441 3217 478 τε
3244 422 3337 479 τοῦ
3367 426 3550 480 ἐνιαυ-

330 515 427 578 τάς
450 514 508 568 δὲ
532 514 704 587 μέσας
718 516 811 569 καὶ
827 515 946 579 ίσας
971 517 1190 588 ἀμφοῖν,
1216 518 1391 591 ὅτανῆ
1409 518 1563 593 Κριῷ
1586 522 1634 555 ⁸⁸
1656 521 1690 593 ἢ
1712 521 1886 594 Ζυγῷ.

914 606 1051 676 Περί
1085 606 1298 670 ζωνῶν.

402 694 495 765 ς’.
530 695 703 751 Ζῶναι
728 696 786 751 δέ.
834 699 970 752 εἰσιν
1002 700 1060 754 ἐν
1088 701 1302 773 οὐρανῷ
1336 703 1429 757 καὶ
1456 704 1547 757 ἐπὶ
1573 703 1888 774 γῆςπέντε.

327 780 427 842 Ὧν
459 787 553 842 δύο
576 789 733 858 μόναι
752 789 1043 854 οἰκοῦνται,
1074 792 1172 862 μία
1200 793 1345 865 μὲνὴ
1365 794 1564 865 μεταξὺ
1582 794 1676 847 τοῦ
1706 795 1893 868 ἀρκτι-

330 878 425 933 κοῦ
450 879 544 933 καὶ
578 879 788 951 θερινοῦ
810 881 1068 953 τροπικοῦ
1088 900 1102 913 ·
1135 883 1297 957 ἑτέρα
1332 883 1389 939 δὲ
1410 887 1443 957 η
1482 885 1682 957 μεταξὺ
1705 903 1893 958 χειμε-

330 970 478 1043 ρινοῦ
526 971 783 1043 τροπικοῦ
821 973 1015 1045 μέχρις
1076 975 1455 1047 ἀνταρκτικοῦ.
1503 977 1569 1031 Δί
1618 976 1676 1031 δὲ
1711 977 1894 1032 λοιπαὶ

330 1062 601 1135 ἀοίκητοι·
660 1063 752 1117 δύο
789 1065 887 1136 μὲν
918 1065 1005 1119 διά
1052 1066 1385 1139 ψυχρότητα,
1415 1070 1470 1123 αἰ
1506 1068 1610 1123 ὑπὸ
1636 1069 1892 1141 ἀρκτικὸν

330 1155 421 1210 καὶ
460 1157 819 1229 ἀνταρκτικόν
839 1173 853 1188 °
884 1159 984 1228 μία
1022 1159 1079 1213 δὲ
1113 1159 1200 1214 διὰ
1233 1160 1561 1234 θερμότητα,
1606 1163 1640 1233 ἠ
1677 1162 1782 1216 ὑπὸ
1801 1162 1892 1217 τὸν

329 1247 662 1320 ἰσημερινὸν,
710 1247 953 1302 καλεῖται
1024 1249 1448 1323 διακεκαυμένη.
1505 1249 1773 1322 Οἱκοῦμεν
1836 1250 1893 1305 δὲ

326 1339 488 1409 ἡμεῖς
504 1337 603 1411 τὴν
633 1340 784 1412 παρά
817 1339 1061 1412 θερινοὺς
1097 1341 1418 1413 τροπικούς·
1445 1343 1889 1416 τεκμαιρόμενοι,

324 1430 409 1484 ὅτι
462 1432 642 1502 ἡμεῖς,
681 1432 881 1505 ταύτην
923 1432 1136 1505 ἔχοντες
1162 1435 1261 1507 τὴν
1292 1435 1635 1507 οἰκουμένην,
1668 1435 1816 1508 δεξιᾷ
1845 1435 1890 1467 ιι

328 1523 433 1594 μὲν
452 1522 647 1594 ἔχομεν
663 1524 762 1595 τὴν
791 1524 876 1578 διὰ
899 1525 1213 1598 ψυχρότητα
1242 1527 1496 1599 ἀοίκητον
1527 1528 1669 1582 κατὰ
1690 1528 1892 1600 βορρᾶν

326 1612 524 1684 ζώνην,
559 1617 616 1669 ἐν
647 1616 911 1688 ἀριστερᾷ
962 1617 1019 1671 δὲ
1056 1617 1153 1691 τὴν
1191 1617 1644 1692 διακεκαυμένην.
1683 1620 1746 1675 Εἰ
1785 1622 1892 1694 γὰρ

324 1708 423 1781 τὴν
466 1698 582 1763 ⁴ὑπὸ
617 1711 960 1781 χειμερινοὺς
1015 1713 1307 1784 τροπικοὺς
1350 1713 1604 1785 οἰκοῦμεν
1645 1715 1711 1781 ⁸³,
1745 1714 1891 1787 δεξιᾷ

1988 518 2083 574 τοῦ
2108 516 2275 589 ὥρας.
2304 514 2396 570 καὶ
2415 515 2514 580 τάς
2532 515 2755 581 νύκτας;
2773 517 2867 570 καὶ
2885 515 2982 580 τὰς
3000 519 3031 587 ἡ
3042 516 3105 587 μέ
3114 533 3212 587 ρας
3240 514 3337 579 τάς
3357 516 3545 573 αὐτάς.

1991 611 2053 664 Οἱ
2082 608 2316 663 ἀντοικοι
2352 607 2412 662 τδ
2457 607 2554 680 μὲν
2583 607 2691 661 τῶν
2724 608 2947 680 ἡμερῶν
2994 608 3205 678 ἔχουσιν
3249 607 3509 672 ὡσαύτως
3531 626 3546 641 ·

1989 699 2050 753 τὸ
2087 699 2144 753 δέ
2173 698 2282 753 τῶν
2310 699 2515 770 καιρῶν
2540 698 2639 752 οὐκ
2659 698 2890 769 ἔχουσιν.
2923 700 2986 752 Ui
3031 698 3336 770 ἁντίχθονες
3354 699 3415 752 τὸ
3451 699 3551 772 μὲν

1990 789 2099 844 τῶν
2129 789 2334 862 καιρῶν
2367 788 2570 860 έχουσι,
2608 787 2670 843 τὸ
2720 789 2777 843 δὲ
2802 790 2917 843 τῶν
2943 789 3163 862 ἡμερῶν
3190 789 3272 846 οῦ.
3312 792 3374 844 OE
3403 789 3552 845 ἀντί-

1992 884 2150 948 ποδες
2174 882 2295 937 οὕτε
2322 884 2368 916 ⁸³
2398 882 2504 937 τῶν
2537 883 2776 955 ἡμερῶν,
2806 882 2928 938 οὔτε
2958 884 3020 938 τὸ
3049 883 3159 937 τῶν
3205 884 3382 956 ὡρῶν.
3404 884 3553 957 Πλὴν

1989 975 2085 1028 καὶ
2120 973 2292 1045 ταύτῃ
2339 976 2387 1027 οἰ
2427 973 2734 1045 ἀντίχθονες
2760 973 2998 1045 ἀλλήλων
3025 973 3389 1046 διαφέρουσιν,
3443 975 3554 1047 ὅσῳ

1990 1066 2100 1120 τῶν
2131 1066 2242 1122 ἄνω
2268 1065 2505 1135 ἀγόντων
2546 1065 2758 1138 μακρὰς
2785 1065 3015 1138 ἡμέρας,
3049 1068 3097 1119 οἰ
3132 1067 3281 1120 κάτω
3321 1066 3554 1121 κολοϐω-

1990 1157 2152 1229 τέρας
2204 1156 2383 1228 ἔχουσι
2411 1156 2508 1220 τὰς
2534 1155 2739 1210 ἑαυτῶν
2757 1156 2987 1229 ἡμέρας.
3014 1158 3086 1210 Τὸ
3117 1156 3173 1211 δέ
3198 1157 3423 1230 αῖτιονρὴ
3444 1157 3554 1212 τῶν

1990 1247 2201 1303 κύκλων
2222 1244 2490 1319 ἀνισότης.
2520 1246 2812 1320 Στρέφεται
2834 1245 2891 1299 δὲ
2913 1245 2972 1300 τὸ
2998 1246 3104 1299 πᾶν
3124 1246 3254 1301 αὐτὸ
3283 1248 3409 1319 περί⁹
3424 1246 3556 1302 αὐτὸ

1990 1339 2277 1412 ὁσημέραι,
2311 1340 2405 1393 κα)⁵
2428 1332 2586 1410 ὧραι·
2618 1338 2750 1393 καθὸ
2768 1339 2859 1392 καὶ
2881 1339 2910 1391 6
2946 1337 3229 1409 Ἀσκραῖός
3256 1355 3414 1410 φησιο

2065 1430 2330 1498 Σφαίρας
2367 1428 2718 1498 κυκλοτερεῖ
2723 1431 2909 1500 μανίᾳ
2933 1429 2979 1463 ⁸⁸
3005 1430 3268 1502 περιηγέϊ
3281 1433 3532 1502 χαίρωνθ

1993 1527 2224 1595 σφαῖραν
2256 1523 2355 1595 μὲν
2408 1521 2639 1586 καλέσας
2667 1522 2768 1592 τὴν
2800 1524 3052 1594 σφαῖραν,
3078 1523 3153 1586 ὡς
3179 1523 3554 1597 καὶ”’ομηρος

1991 1619 2242 1691 ἑσπέριον
2288 1617 2386 1690 τὴν
2446 1616 2716 1687 ἑσπέρανο
2773 1616 2866 1669 καὶ
2920 1615 3218 1687 κυκλοτερῆ
3261 1617 3317 1670 δέ
3364 1617 3451 1673 διά
3494 1618 3556 1672 τὸ

1994 1708 2361 1781 σφαιροειδές·
2411 1707 2606 1778 μανίαν
2648 1706 2705 1760 δὲ
2742 1706 3010 1779 περιηγέα
3061 1708 3160 1778 τῆς
3188 1709 3426 1780 στροφῆς
3454 1708 3555 1781 τὴν

328 1800 428 1871 μὲν
450 1795 518 1872 ἦν
538 1800 603 1854 ἂν
631 1803 818 1873 ήμῖνὴ
856 1800 1280 1876 διακεκαυμένη,
1313 1805 1576 1878 ἀριστερᾷ
1605 1806 1663 1860 δὲ
1693 1808 1725 1878 ἡ
1758 1806 1893 1877 πρὸς
1925 1795 1967 1849 Β
1994 1800 2180 1872 μονήν.
2211 1799 2435 1869 Φέρεται
2458 1797 2515 1851 δέ
2536 1798 2564 1850 6
2584 1797 2810 1867 οὐρανὸς
2840 1796 2944 1851 ἀπὸ
2967 1797 3075 1850 τῶν
3104 1798 3434 1867 ἀνατολικῶν
3461 1799 3555 1852 ἐπὶ

324 1892 416 1945 τδν
440 1893 587 1946 νότον
611 1893 1020 1967 κατεψυγμένη.
1059 1896 1215 1960 Τινὲς
1245 1898 1322 1962 δὲ,
1345 1890 1420 1952 ὧν
1452 1900 1569 1952 ἐστι
1606 1897 1893 1961 Παναίτιος

325 1984 354 2035 6
391 1982 647 2047 Στωϊκὸς,
677 1983 772 2036 καὶ
801 1981 1052 2055 Εὔδωρος
1087 1984 1117 2037 6
1166 1985 1587 2058 Ἀκαδημαϊκὸς,
1633 1986 1896 2041 οἰκεῖσθαί

327 2089 459 2142 φασι
498 2073 596 2144 τὴν
649 2072 1105 2148 διακεκαυμένην,
1163 2078 1262 2148 τῆς
1304 2078 1556 2149 κράσεως
1595 2076 1689 2132 τοῦ
1736 2076 1896 2149 ἀέρος

325 2163 615 2235 γινομένης
640 2163 703 2218 ἐκ
751 2180 812 2218 τε
846 2163 940 2219 τοῦ
977 2166 1364 2239 σφοδροτέρους
1390 2162 1528 2223 εῖναι
1564 2169 1742 2222 ἐκεῖσε
1769 2168 1897 2231 τοὺς

305 2255 570 2326 ἐτησίας,
601 2256 697 2309 καί⁸
724 2258 789 2310 ἐκ
806 2254 900 2310 τοῦ
920 2257 1020 2328 τὴν
1050 2257 1323 2332 ἀναπνοὴν
1349 2263 1464 2324 τοῖς
1502 2261 1620 2314 ἐκεῖ
1657 2259 1897 2331 μεγάλης

327 2347 601 2417 θαλάσσης
635 2347 884 2418 μιγνύναι
904 2348 1003 2421 τὴν
1040 2350 1403 2422 ἀναθυμίασιν
1430 2351 1533 2422 τῆς
1562 2351 1897 2425 ψυχρότητος

328 2441 465 2513 πρὸς
490 2438 588 2511 τὴν
617 2439 719 2510 τῆς
779 2441 1110 2514 θερμότητος
1161 2442 1378 2514 κράσινς
1421 2444 1726 2499 Καλοῦνται
1757 2445 1814 2499 δέ
1845 2445 1896 2499 οί

326 2530 529 2596 ταύτας
549 2530 824 2596 οἰκοῦντες
841 2533 940 2597 τὰς
958 2532 1132 2598 ζώνας
1158 2534 1443 2605 περίοικοι,
1466 2535 1723 2600 ἄντοικοι,
1752 2537 1897 2591 ἀντί-

325 2624 533 2695 χθονες,
555 2624 851 2690 ἀντίποδες·
873 2626 1138 2698 περίοικοι
1157 2628 1254 2700 μὲν
1266 2630 1314 2682 οἰ
1328 2629 1427 2700 τὴν
1443 2630 1611 2702 αὐτὴν
1627 2630 1898 2696 οἰκοῦντες

327 2714 525 2787 ζώνην,
558 2714 647 2769 διά
673 2716 735 2770 τὸ
759 2717 884 2788 περὶ
910 2717 1001 2771 τὸν
1039 2719 1200 2774 αὑτὸν
1227 2721 1394 2775 οἰκεῖν
1425 2721 1585 2776 τόπον
1608 2739 1622 2755 ο
1661 2721 1897 2776 ἄντοικοι

325 2808 383 2863 δὲ
410 2808 660 2880 ἀλλήλοις
685 2811 735 2862 οἰ
773 2811 870 2883 τὴν
894 2811 986 2863 ὑπ’
1011 2812 1295 2886 Αῑγόκερω
1336 2811 1511 2885 ζώνην
1534 2816 1646 2879 τοῖς
1670 2813 1768 2886 τὴν
1792 2813 1900 2867 ὑπὸ

325 2900 416 2956 τόν
439 2901 714 2973 Καρκίνον
740 2899 978 2955 οἰκοῦσιν
996 2917 1011 2931 ’
1038 2901 1429 2974 ἀντίχθονεςδέ,
1458 2903 1508 2956 οἳ
1533 2904 1590 2956 ἐν
1608 2902 1684 2974 τῷ
1704 2903 1899 2975 θερινῷ

326 2992 360 3063 ἢ
389 2990 688 3064 χειμερινῷ
717 2991 966 3064 τροπικῷ
991 2993 1251 3048 οἰκοῦσιν.
1282 2994 1430 3049 Ἀνω
1457 2994 1514 3048 δὲ
1546 2997 1593 3048 οἰ
1629 2995 1899 3048 αὐτοίκαὶ

326 3085 636 3156 ἀντίχθονες
688 3083 935 3153 λέγονται
958 3102 971 3115 ·
1020 3085 1328 3157 ἁντίχθονες
1393 3086 1515 3159 μὲν,
1565 3086 1654 3140 διὰ
1697 3086 1759 3141 τὸ
1785 3086 1896 3141 ἄνω

1995 1891 2094 1956 τὰς
2104 1884 2314 1961 δυσμάς
2332 1903 2347 1919 ⁶
2369 1890 2398 1942 6
2412 1889 2469 1942 δὲ
2488 1888 2637 1960 ἥλιος
2653 1889 2744 1942 καὶ
2755 1891 2802 1942 οἱ
2820 1889 2992 1941 λοιποὶ
3010 1889 3275 1960 πλάνητες
3288 1891 3383 1962 τὴν
3403 1892 3558 1945 ἐναν-

1995 1983 2136 2048 τίαν,
2151 1983 2425 2037 τουτέστιν
2437 1981 2546 2037 ἀπὸ
2561 1981 2669 2036 τῶν
2696 1980 2912 2053 δυσμῶν
2946 1983 3038 2036 ἐπὶ
3055 1981 3154 2046 τὰς
3181 1982 3459 2048 ἀνατολάςο
3478 1982 3557 2048 ώς

1995 2070 2135 2131 εῖναι
2151 2075 2342 2146 διπλῆν
2366 2073 2579 2146 κίνησιν
2606 2072 2753 2144 αὐτῷ
2785 2089 2851 2142 γε
2877 2073 2945 2139 ⁸⁸,
2966 2074 3065 2147 τὴν
3092 2074 3189 2147 μὲν
3220 2075 3553 2146 ἐρχομένων,

1996 2165 2096 2236 τὴν
2111 2165 2168 2218 δέ
2188 2162 2501 2238 φερομένων
2523 2160 2774 2217 meum.
2791 2162 2885 2216 τοῦ
2900 2151 3119 2235 τροχοῦ,
3136 2163 3230 2217 καὶ
3248 2163 3554 2235 μύρμηκος,

1997 2258 2092 2312 καὶ
2105 2257 2205 2328 τῆς
2215 2258 2361 2329 νηὸς,
2388 2255 2590 2312 καὶτοῦ
2606 2255 2819 2328 ἐνιαύτῇ
2842 2256 2978 2328 πρὸς
3004 2257 3102 2329 τὴν
3118 2257 3365 2312 ἐναντίαν
3386 2259 3555 2330 αὐτῆς

1997 2347 2168 2421 φοράν
2192 2348 2406 2420 ἔχοντος
2452 2347 2817 2421 παράδειγμα.
2850 2348 3121 2421 Πεποίηκε
3155 2349 3213 2402 δὲ
3233 2348 3388 2404 τοῦτο
3415 2352 3444 2404 6
3463 2349 3560 2422 δη-

2002 2441 2274 2514 μιουργδς,
2302 2440 2389 2495 ἴνα
2420 2440 2494 2513 μὴ
2525 2441 2908 2513 μεταρυμῆσαι
2940 2439 2987 2472 ⁸⁸
3025 2441 3320 2513 φερόμενον
3357 2441 3420 2496 τὸ
3447 2444 3557 2497 πᾶν

1997 2533 2080 2587 ἐτε
2091 2532 2431 2606 ροκλινησίαν
2458 2533 2555 2605 τὴν
2588 2534 2798 2605 κίνησιν
2846 2531 2966 2605 ἕχον
3003 2534 3265 2606 σφοδράν·
3305 2535 3558 2591 ἀνθελκό-

2001 2643 2159 2700 μενον
2191 2625 2269 2692 δὲ,
2304 2626 2399 2680 καὶ
2427 2627 2524 2697 τῆς
2553 2625 2764 2688 ἐντόνου
2787 2627 2956 2699 φορᾶς
2982 2627 3297 2698 μειούμενον
3337 2630 3404 2700 τῇ
3446 2628 3558 2683 τῶν

1999 2718 2284 2791 πλανητῶν
2318 2718 2453 2792 πρὸς
2496 2718 2803 2773 τούναντίον
2827 2718 2979 2790 ὁλκῇ,
3019 2719 3438 2792 εύσταθεστέραν
3455 2720 3557 2791 τῆς

1997 2813 2261 2884 κινήσεως
2305 2810 2402 2882 τὴν
2432 2811 2608 2884 ὁρμὴν
2644 2808 2929 2882 λαμϐάνοι.
2963 2811 3126 2876 Ὣςδέ
3162 2813 3209 2865 οἱ
3243 2810 3399 2886 μῦθοι
3426 2811 3557 2864 παί-

1998 2904 2199 2969 ζουσιν,
2254 2903 2575 2976 ἀπεστράφη
2617 2902 2788 2958 ταῦτα
2844 2903 2911 2958 τὰ
2968 2903 3143 2974 ἄστρα
3182 2902 3252 2957 τά
3301 2902 3557 2956 Θυέστεια

1998 2993 2207 3055 δεῖπνα.
2237 2995 2330 3047 καὶ
2370 2992 2553 3064 ἔμεινε
2596 2995 2663 3064 τῇ
2704 2994 2844 3065 φορᾷ
2875 2990 3218 3062 πλανώμενα.
3259 2991 3349 3043 Δεῖ
3371 2989 3429 3043 δέ
3465 2988 3557 3042 τὸν

1998 3085 2098 3159 τὴν
2152 3088 2387 3158 σφαῖραν
2421 3084 2781 3156 ἐξηγούμενον
2806 3085 2899 3138 ἀπ’
2923 3083 3194 3139 ἀνατολῶν
3219 3082 3313 3135 ἐπὶ
3349 3078 3559 3152 δυσμὰς

326 3155 583 3230 εἶναικαὶ
606 3175 755 3229 κάτω
775 3190 789 3204 ·
816 3174 1097 3240 ἀντίποδες
1207 3178 1295 3232 διὰ
1320 3155 1538 3250 τὺγκατά
1554 3177 1778 3232 κάθετον
1805 3178 1900 3232 ἀλ-
1925 3155 1968 3212 C
2003 3155 2172 3252 αύτὴν
2200 3155 2390 3243 κινεῖν,
2421 3155 2683 3242 ἀνατολὰς
2729 3176 3072 3248 λαμϐάνοντα
3106 3175 3204 3248 τὴν
3233 3173 3372 3230 κατὰ
3394 3173 3558 3247 πρόσ-

325 3268 500 3341 ληλων
546 3269 755 3323 στῆναι.
817 3266 1103 3340 Συντόμως
1129 3270 1185 3324 δὲ
1224 3272 1417 3336 εἰπεῖν,
1447 3270 1497 3324 οἰ
1531 3270 1798 3342 περίοικοι
1824 3270 1894 3324 τὰ
2000 3288 2146 3325 ωπον
2173 3267 2335 3324 αὑτοῦ
2369 3269 2463 3323 τοῦ
2489 3268 2764 3333 κινοῦντος
2787 3269 2977 3339 φοράν.

395 3364 440 3396 ⁸ο
471 3364 510 3433 f.
541 3358 667 3437 ἐν
685 3360 863 3437 Κριῷ.
937 3366 980 3397 ⁸¹
1012 3363 1134 3436 Leg.
1168 3369 1226 3420 ἐν
1257 3368 1367 3434 δεξ.
1442 3367 1488 3401 ⁸³
1521 3365 1562 3436 Ῑ.
1597 3364 1870 3437 ᾠκοῦμεν,
1900 3364 1976 3419 ἐν.
2080 3365 2127 3397 ⁸³
2158 3364 2198 3435 f.
2227 3364 2288 3418 τὸ
2317 3362 2444 3419 τῶν.
2519 3363 2567 3396 ⁸⁸
2598 3364 2638 3433 f.
2674 3365 2852 3437 μονίᾳ.
2927 3363 2973 3396 ⁸⁸
3005 3362 3046 3433 Ῑ.
3081 3363 3261 3416 αὐτῶν
3279 3377 3365 3431 γε.
3441 3362 3487 3395 ⁸⁸
3513 3362 3556 3433 Ῑ.

328 3450 435 3489 cor.
468 3423 604 3506 μετά
644 3432 706 3505 ρύ
715 3423 842 3504 μηξ.

943 3618 1054 3690 ³⁷
1087 3606 1992 3743 ΙΠΠΑΡΧοΥ
2061 3607 2939 3745 ΒΙΘΥΝΟΥ(⁵¹)

429 3821 655 3911 ΤΩΝ
703 3813 1132 3909 ΑΡΑΤΟΥ
1192 3814 1390 3905 ΚΑΙ
1427 3804 1959 3905 ΕΥΔΟΞΟΥ
2013 3799 2750 3905 ΦΑΙΝΟΜΕΝΩΝ
2786 3809 3453 3909 ΕΞΗΓΗΣΕΩΝ

1291 3967 1963 4088 ΒΙΒΛΙΑ
2109 3973 2600 4105 ΤΡΙΑΑ.

1464 4160 1901 4249 ΒΙΒΛΙΟΝ
1936 4159 2416 4248 ΠΡΩΤΟΝ.

1143 4314 2017 4524 ΗΙΡΡΑΒΟΙΞΙ
2093 4314 2760 4522 BITHYNI

329 4618 478 4710 AD
533 4616 885 4712 ARATI
959 4614 1112 4708 ET
1179 4606 1651 4703 EUDOXI
1726 4607 1925 4697 ΡΗ,

1994 4603 2526 4698 INOMENA
2594 4602 3577 4721 ENARRATIONUM‘

1504 4762 1913 4902 'LlBRI
1974 4783 2385 4932 TRES,

1343 4962 1706 5022 DIONYSIO
1741 4960 2071 5019 PETAVIO
2111 4958 2611 5021 INTERPRETE.

1491 5105 1847 5194 LIBER
1932 5103 2426 5194 PRIMUS.

403 5324 482 5381 Δθ.
510 5326 808 5399 Ἵππαρχος
825 5331 1119 5415 Αἰσχρίωνι
1140 5330 1355 5403 χαίρειν
1367 5328 1466 5383 ⁸⁸⁶.
1501 5327 1704 5392 Ἡδέως
1729 5322 1897 5398 ἐπέγ-

2072 5328 2115 5381 I.
2146 5322 2491 5397 Hipparchus
2511 5320 2827 5381 IEschrioni
2861 5323 3112 5380 salutem.
3145 5320 3392 5415 Magnum
3418 5414 3421 5415 γ
3444 5319 3567 5391 cepi

337 5430 443 5470 νων
467 5416 557 5471 διὰ
578 5418 679 5488 τῆς
704 5418 991 5493 ἐπιπολῆς
1012 5424 1073 5476 τὸ
1097 5419 1353 5492 ἐπίμονύν
1385 5435 1478 5473 σου
1507 5418 1608 5489 τῆς
1632 5417 1771 5489 πρὸς
1806 5434 1896 5488 φι-

2002 5419 2337 5490 voluptatem
2366 5433 2435 5474 ex
2463 5417 2664 5474 litteris
2693 5416 2827 5483 tuis,
2850 5431 2978 5473 cum
2998 5431 3066 5472 ex
3093 5417 3163 5472 iis
3190 5414 3432 5472 intellexi
3453 5425 3567 5470 stuc

406 5530 474 5565 ⁸⁶¹
507 5534 665 5589 Abest
691 5534 800 5590 haec
819 5538 1066 5594 salutatio
1082 5556 1118 5594 α
1141 5537 1297 5608 Regio
1321 5537 1440 5592 cod.

404 5624 877 5702 (5l)_Prqposil_um
910 5632 1011 5687 hoc
1037 5633 1090 5686 in
1120 5647 1282 5702 opere
1311 5638 1395 5686 est
1427 5628 1736 5701 Hipparcho
1760 5629 1871 5702 τῶν
1977 5624 2190 5682 Eudoxi
2220 5632 2275 5681 et
2327 5622 2474 5678 Arati
2507 5623 2666 5702 l_i_l_1ris
2709 5631 2765 5702 ει
2789 5623 3112 5702 auctoritgite
3142 5624 3197 5680 in
3218 5624 3388 5702 _illam
3433 5625 3569 5681 irm.

336 5694 585 5753 ἀπλανῶν
613 5694 913 5756 dbctrinam
948 5705 1017 5759 ab
1037 5694 1315 5772 erro'rihus
1336 5694 1649 5775 repurkitre,
1680 5700 1776 5774 qui
1801 5715 1869 5757 ex
1984 5703 2227 5770 pse‘rant,
2248 5711 2487 5773 quorum
2519 5695 2611 5755 ille
2645 5697 2901 5766 princeps
2923 5694 2992 5752 ad
3024 5696 3168 5753 hanc
3201 5696 3346 5752 diem
3390 5706 3574 5754 astu-op

726 5794 993 5862 ΡΑτιιοι..
1035 5799 1153 5861 Gn.
1186 5795 1362 5860 XIX.
1806 5878 1813 5881 .
1860 5882 1867 5888 .
1904 5886 1908 5889 .

2061 5867 2076 5873 ν-
2086 5873 2094 5880 .
2198 5870 2211 5877 -
2302 5844 2338 5878 .1"
3228 5789 3312 5850 32
