3928 6266
415 221 558 279 1005

1391 219 1478 274 AD
1508 215 1776 275 EUSEBII
1813 211 2210 276 CIIRONICON
2244 217 2606 278 APPENDIX.

3494 213 3633 281 £004

405 337 510 395 'dio
537 347 590 394 te
617 352 744 411 erga
777 335 1092 410 disciplinas
1118 352 1181 392 ac
1209 337 1484 394 voluntate
1523 353 1645 394 esse
1671 337 1961 393 constanti.

2068 335 2236 407 λομαθ
2246 337 2330 390 ίαν
2357 337 2693 401 οίκειὼσεως.
2730 337 2808 392 Τά
2825 354 2882 390 τε
2909 336 3015 408 γὰρ
3035 335 3237 406 φυσικὰ
3251 334 3360 391 τῶν
3376 334 3634 409 ὲπιζητη-

420 430 628 487 Etenim
660 445 780 501 quae
817 429 883 484 de
921 429 1258 488 naturalibus
1287 430 1484 493 rebus,
1516 427 1689 498 deque
1736 427 1804 483 iis
1852 442 1970 497 quae

418 523 486 577 ob
516 523 681 577 Arato
726 521 925 592 scripta
957 529 1083 577 sunt
1113 521 1169 576 in
1202 520 1502 586 coortibus,
1536 533 1566 572 a
1609 533 1695 573 me
1722 516 1973 572 sciscita-

413 616 528 678 ris,
567 629 890 686 propensum
935 613 990 668 in
1022 615 1192 670 bonas
1223 621 1368 669 artes
1415 612 1656 666 animum
1699 617 1852 664 tuum
1882 599 1971 664 ‘si-

409 708 706 782 guiﬁcant;
738 715 898 778 atque
920 707 1022 762 hoc
1047 716 1198 762 tanto
1225 706 1447 776 majoris
1481 719 1510 758 a
1538 719 1623 759 me
1655 703 1733 769 ﬁt,
1767 710 1970 773 quanto

417 818 481 856 ex
529 801 957 856 clarissimorum
1002 799 1233 855 fratrum
1275 808 1589 855 nostrorum
1635 798 1807 862 obitu,
1861 797 1969 852 fre.

416 893 789 966 quentioribus
816 894 938 948 vitae
961 893 1122 963 hujus
1151 893 1379 963 negotiis
1409 891 1716 962 implicatus
1743 889 1966 956 teneris.

415 986 494 1042 Ac
526 986 593 1042 de
623 985 832 1041 casteris
857 984 1076 1056 quidem
1124 983 1254 1054 quid
1297 983 1522 1039 sentiam
1559 991 1747 1053 postea
1786 981 1967 1036 decla-

408 1078 576 1140 rabo;
603 1093 748 1132 nunc
775 1077 841 1132 de
868 1077 934 1131 iis
958 1090 1076 1146 quae
1096 1075 1150 1130 in
1181 1073 1541 1129 Phwnomenis
1565 1073 1777 1144 prodita
1807 1081 1970 1128 suunt

403 1168 485 1224 hab
515 1169 701 1235 Arato,
745 1167 956 1221 institui
976 1167 1055 1221 .ad
1093 1173 1146 1220 te
1175 1166 1436 1230 scribere,
1467 1175 1524 1220 ut
1553 1165 1807 1220 universe
1839 1164 1970 1234 quid

413 1267 561 1315 recte
593 1267 686 1314 aut
726 1272 886 1315 secus
930 1258 986 1312 in
1027 1258 1135 1314 illis
1173 1257 1433 1329 Scriptum
1471 1257 1544 1312 s'it
1589 1256 1866 1328 aperiam:
1903 1272 1966 1311 ex

414 1351 613 1422 quibus
660 1365 782 1404 cum
833 1347 1120 1419 perspicua
1171 1349 1268 1403 tibi
1311 1356 1472 1404 erunt
1511 1349 1714 1412 omnia,
1747 1356 1861 1402 tum
1896 1363 1968 1404 ea

402 1443 667 1508 maxime,
697 1457 816 1513 quae
855 1443 910 1496 in
940 1450 1033 1496 tua
1076 1443 1479 1513 percontatione
1507 1440 1758 1512 posuisti.
1902 1511 1906 1516 η

481 1539 657 1604 Atque
688 1533 840 1588 Arati
882 1533 1098 1603 quidem
1133 1532 1484 1588 Phamomena
1534 1548 1654 1588 cum
1701 1531 1792 1586 alii
1822 1523 1971 1586 corn-

401 1628 594 1699 plures
623 1626 962 1698 interpretati
991 1633 1118 1682 sunt
1148 1644 1160 1680 :
1204 1633 1321 1679 tum
1374 1625 1467 1680 ille
1501 1625 1636 1695 ipse,
1681 1624 1776 1695 qui
1811 1631 1968 1679 aetate

409 1725 597 1774 nostra
625 1717 777 1784 vixit,
801 1717 1216 1774 mathematicus
1245 1717 1486 1771 omnium
1512 1716 1724 1772 videtur
1749 1732 1970 1773 accura-

402 1809 620 1864 tissime
646 1807 1164 1878 diligentissimeque
1197 1807 1506 1877 scripsisse.
1530 1806 1732 1862 Verum
1772 1808 1970 1862 carmi—

401 1916 540 1955 num
567 1901 727 1956 istius
764 1907 931 1970 poetae
959 1901 1256 1955 sententias
1302 1899 1597 1970 explicare,
1632 1915 1720 1955 res
1748 1910 1832 1955 est
1859 1915 1968 1955 non

400 2007 623 2064 magna,
660 2008 778 2048 meo
809 1993 1021 2064 quidem
1045 1991 1272 2062 judicio,
1307 2006 1438 2046 cura
1467 2000 1521 2047 et
1559 1993 1856 2065 attentione
1882 1991 1968 2046 di-

407 2101 534 2156 gna.
565 2085 661 2142 Est
686 2085 828 2142 enim
852 2085 1076 2156 simplex
1128 2092 1181 2140 et
1213 2085 1470 2142 concisus
1502 2085 1591 2140 hic
1627 2094 1783 2155 poeta
1809 2102 1822 2138 :
1853 2093 1966 2141 tum

404 2180 492 2235 vel
537 2179 794 2234 mediocri
835 2193 1016 2234 rerum
1068 2177 1420 2248 intelligentia
1462 2177 1700 2248 praeditis
1746 2179 1967 2249 cognitu

407 2272 587 2330 facilis
624 2292 637 2327 :
679 2287 800 2343 quae
847 2283 1027 2327 autem
1075 2271 1390 2327 coelestibus
1432 2270 1499 2326 dc
1550 2271 1714 2326 rebus
1757 2271 1824 2326 ab
1873 2272 1966 2327 illo

405 2364 608 2434 scripta
641 2371 788 2427 sunt,
837 2363 1016 2418 animo
1050 2378 1261 2433 capere,
1297 2379 1362 2419 ac
1413 2364 1544 2436 quid
1592 2365 1964 2434 apparentium

397 2471 586 2512 rerum
631 2455 1014 2526 experimentis
1060 2463 1455 2522 consentanee,
1513 2456 1643 2528 quid
1695 2457 1966 2512 contrarie

405 2547 608 2604 dictum
639 2548 730 2612 sit,
759 2562 1057 2619 agnoscere
1083 2567 1096 2614 ;
1127 2548 1230 2604 hoc
1255 2557 1308 2603 et
1334 2549 1491 2620 longe
1527 2548 1769 2604 omnium
1795 2550 1968 2606 utilis-

406 2638 625 2702 simum,
660 2647 714 2694 et
761 2638 1032 2710 imprimis
1071 2639 1447 2694 mathematica
1477 2638 1706 2694 scientia
1745 2639 1965 2711 dignum

406 2732 636 2788 videtur.
678 2729 1038 2798 Quamobrem
1085 2746 1206 2786 cum
1244 2730 1300 2784 in
1340 2731 1635 2802 plerisque,
1679 2739 1733 2786 et
1777 2733 1967 2804 praeci-

407 2825 533 2897 puis
563 2825 785 2879 Aratum
825 2839 1103 2881 cernerem
1145 2824 1212 2878 ab
1244 2825 1630 2894 apparentibus
1661 2824 1967 2895 cujusmodi

402 2919 584 2990 reipsa
612 2919 930 2988 contingunt
959 2917 1215 2972 aberrare
1241 2935 1254 2971 :
1286 2926 1338 2972 et
1369 2920 1423 2971 in
1452 2918 1640 2973 iisdem
1686 2934 1823 2988 pene
1851 2933 1969 2974 om-

2072 428 2270 485 θέντων
2285 430 2389 484 ὑπὸ
2405 430 2496 484 σοῦ
2523 431 2617 485 καὶ
2647 430 2715 485 τὰ
2736 430 2862 503 περὶ
2877 430 2982 484 τῶν
3005 429 3154 502 παρὰ
3181 432 3390 502 Ἀράτῳ
3409 429 3633 502 λεγομέ-

2071 538 2173 574 νων
2195 532 2253 574 εν
2267 524 2387 586 ταῖς
2415 523 2793 586 συνανατολαίς
2820 521 3152 592 ἱκανωτέραν
3177 521 3420 592 ὲνέφαινέ
3443 539 3532 593 μοι
3549 541 3633 591 φι-
3729 539 3738 548 ‘

2069 612 2345 684 λοτεχνίαν
2362 630 2375 645 ο
2397 615 2490 668 καὶ
2519 595 2696 686 πολλῷ
2716 632 2778 684 γε
2810 612 3026 686 μᾶλλον,
3047 614 3154 684 ὅσῳ
3181 613 3555 677 πεπλεόνακας
3579 616 3634 667 ἐν

2069 705 2186 768 ταῖς
2215 701 2491 774 βίωτικαῖς
2527 706 2802 777 ἀσχολίαις
2831 705 2918 758 διὰ
2947 705 3042 778 τὴν
3065 705 3172 759 τῶν
3195 704 3634 774 ἀξιολογωτάτων

2069 795 2312 866 ἀδελφῶν
2356 797 2512 868 ἡμῶν
2542 797 2818 868 τελευτήν.
2869 797 3006 869 Περὶ
3053 796 3150 868 μὲν
3181 792 3276 849 οὖν
3307 794 3417 847 τῶν
3462 794 3633 849 ἄλλων

2072 889 2210 960 μετὰ
2233 888 2405 943 ταῦτά
2429 907 2510 943 σοι
2539 891 2634 962 τὴν
2668 889 2801 943 ἰδίαν
2822 890 3002 961 κρίσιν
3024 889 3342 960 διασαφήσω
3360 903 3374 916 ο
3409 888 3538 958 περὶ
3577 887 3632 940 δὲ

2067 981 2176 1036 τῶν
2197 983 2301 1035 ὑπὸ
2336 981 2561 1054 Ἀράτου
2591 982 2895 1051 λεγομένων
2915 983 2970 1034 ὲν
2992 984 3102 1044 τοῖς
3123 978 3505 1050 Φαινομένοις
3541 978 3632 1031 νῦν

2068 1073 2424 1146 προτέθειμαί
2466 1092 2548 1127 σοι
2603 1075 2842 1147 γράψαι,
2898 1076 3005 1128 πᾶν
3055 1073 3280 1128 καθόλου
3343 1073 3406 1126 τὸ
3452 1071 3629 1136 καλῶς

2068 1168 2102 1240 ἢ
2159 1169 2344 1233 κακῶς
2399 1168 2687 1239 λεγόμενον
2759 1171 2941 1233 αὐτοῖς
2985 1168 3381 1223 ὑποδεικνύων
3439 1167 3500 1231 ἐξ
3557 1159 3629 1221 ὧν

2068 1262 2219 1315 ἔσται
2253 1279 2336 1316 σοι
2365 1262 2573 1334 φανερὰ
2606 1263 2801 1330 πάντα,
2831 1264 2927 1318 καὶ
2962 1263 3029 1318 τά
3068 1261 3220 1334 παρὰ
3249 1261 3342 1316 σοῦ
3373 1261 3630 1332 διαπορη-
3689 1257 3691 1259 ’

2069 1352 2250 1409 θέντα.

2138 1537 2371 1608 Ζήτησιν
2396 1536 2439 1567 ⁵⁷
2467 1535 2565 1607 μὲν
2579 1530 2671 1592 οὗν
2698 1534 2805 1590 τῶν
2846 1534 3071 1606 ’Δράτου
3104 1531 3502 1602 Φαινομένων,
3537 1529 3631 1586 καὶ

2068 1629 2214 1684 ἄλλοι
2243 1629 2463 1693 πλέονες
2495 1630 2879 1701 συντετάχασιν
2899 1644 2912 1660 ·
2959 1629 3359 1707 ἐπιμελέστατα
3399 1627 3457 1680 δὲ
3488 1627 3632 1679 δοκεῖ

2069 1722 2283 1776 πάντων
2305 1721 2471 1786 αὐτὸς
2511 1721 2557 1754 ⁸⁸
2589 1725 2617 1775 ὁ
2649 1721 2771 1775 καθ’
2801 1723 2946 1793 ἡμᾶς
2977 1718 3352 1792 μαθηματικὸς
3380 1718 3470 1771 τὸν
3504 1719 3631 1789 περὶ

2066 1813 2245 1866 αὐτῶν
2270 1813 2598 1883 πεποιῆσθαι
2625 1814 2799 1883 λόγον.
2844 1812 3000 1866 Ἀλλά
3025 1813 3085 1865 τὸ
3118 1812 3216 1884 μὲν
3259 1809 3628 1881 ἐξηγήσασθαι

2065 1905 2164 1976 τὴν
2187 1905 2243 1959 ὲν
2267 1906 2380 1968 τοῖς
2437 1906 2702 1977 ποιήμασι
2726 1903 2962 1957 διάνοιαν
2992 1903 3050 1956 οὐ
3089 1901 3333 1974 μεγάλης
3377 1902 3628 1972 ἐπιστρο-

2067 1998 2172 2068 φῆς
2206 1997 2548 2068 προσδεῖσθαι
2587 1995 2822 2067 νομίζωο
2854 1994 3056 2059 ἁπλοῦς
3089 2013 3146 2047 τε
3169 1995 3276 2067 γὰρ
3320 1993 3412 2047 καὶ
3444 1992 3629 2045 σύντο-

2069 2087 2168 2158 μός
2212 2089 2326 2141 ἐστι
2358 2088 2614 2160 ποιητήςδ
2666 2087 2745 2140 ἔτι
2776 2085 2833 2140 δὲ
2882 2087 3054 2158 σαφὴς
3097 2088 3211 2150 τοῖς
3254 2087 3348 2138 καὶ
3393 2083 3627 2155 μετρίως

2066 2178 2600 2251 παρηκολουθηκόσιο
2637 2176 2698 2232 τὸ
2727 2179 2783 2233 δὲ
2815 2181 3049 2232 συνεῖναι
3089 2177 3159 2231 τὰ
3191 2176 3460 2246 λεγόμενα
3500 2174 3628 2246 περὶ

2063 2269 2171 2324 τῶν
2221 2271 2485 2343 οὐρανίων
2538 2272 2626 2324 ὑπ’
2672 2269 2856 2337 αὐτοῦ,
2903 2270 3024 2324 τίνα.
3063 2287 3123 2322 τε
3183 2266 3486 2340 συμφώνως
3519 2269 3629 2330 τοῖς

2065 2365 2406 2435 φαινομένοις
2427 2363 2855 2436 ἀναγέγραπται,
2887 2363 2980 2417 καὶ
3001 2362 3119 2416 τίνα
3151 2360 3626 2433 διημαρτημένως,

2063 2456 2207 2510 τοῦτ’
2231 2456 2649 2528 ὠφελιμώτατον
2681 2458 2928 2528 ἡγήσαιτ’
2959 2457 3022 2510 ἄν
3056 2472 3159 2521 τις,
3195 2455 3287 2508 καὶ
3315 2454 3627 2525 μαθηματι-

2065 2549 2166 2620 κῆς
2216 2549 2346 2604 ἴδιον
2385 2549 2693 2621 ἐμπειρίας.
2729 2546 2959 2619 Θεωρῶν
2991 2547 3035 2600 δ’
3080 2543 3174 2601 οὖν
3214 2548 3324 2608 τοῖς
3357 2545 3630 2607 πλείστοις

2065 2641 2157 2694 καὶ
2196 2642 2630 2711 χρησιμωτάτοις
2666 2638 3036 2709 διαφωνοῦντα
3077 2638 3170 2692 τὸν
3206 2639 3442 2709 Ἄρατον
3494 2635 3630 2708 πρὸς

2065 2732 2132 2786 τὰ
2159 2734 2476 2804 φαινόμενα,
2521 2732 2614 2786 καὶ
2639 2733 2896 2804 γινόμενα
2939 2732 3078 2786 κατὰ
3117 2730 3394 2801 ἀλήθειαν,
3421 2730 3631 2791 τούτοις

2064 2824 2121 2877 δὲ
2150 2823 2320 2878 ἅπασι
2353 2823 2537 2895 σχεδὸν
2565 2825 2624 2878 οὐ
2663 2826 2820 2896 μόνον
2849 2824 2973 2888 τοὺς
3000 2823 3211 2888 ἄλλους,
3253 2821 3387 2878 ἀλλὰ
3415 2819 3510 2874 καὶ
3539 2818 3630 2872 τὸν

2070 2919 2331 2972 ’Ἄτταλον
2364 2919 2897 2989 συνεπιγραφόμενον
2918 2932 2931 2948 δ
2968 2917 3156 2988 ἔκρινα
3186 2913 3286 2984 τῆς
3329 2914 3426 2984 σῆς
3469 2912 3630 2965 ἕνεκα

407 3012 568 3069 nibus
601 3011 876 3066 erroribus
907 3025 1018 3064 non
1051 3009 1226 3065 solum
1261 3007 1520 3078 reliquos,
1558 3009 1652 3064 sed
1687 3011 1851 3065 etiam
1873 3011 1961 3064 At-

2068 3010 2388 3082 φιλομαθίας
2422 3010 2640 3080 καὶτῆς
2683 3010 2868 3080 κοινῆς
2902 3006 3163 3076 ὡφελείας
3207 3003 3519 3075 ἀναγράψαι
3564 3001 3630 3056 τὰ

407 3106 574 3159 talum
604 3104 778 3174 ipsum
809 3119 931 3159 esse
955 3111 1249 3165 versatum,
1281 3100 1456 3155 visum
1502 3100 1635 3155 mihi
1678 3108 1782 3165 est,
1813 3110 1872 3157 ut
1910 3111 1964 3158 et

405 3194 585 3250 studio
613 3181 741 3265 erga
771 3194 979 3248 litteras
1010 3202 1125 3258 tuo,
1153 3199 1206 3246 et
1249 3190 1524 3246 communi
1568 3192 1788 3246 utilitati
1832 3208 1962 3249 con-

404 3285 666 3348 sulerem,
699 3299 762 3338 ea
792 3282 1048 3340 mandare
1077 3283 1207 3337 huic
1229 3283 1388 3347 libro,
1414 3283 1470 3336 in
1502 3285 1699 3353 quibus
1722 3293 1961 3341 erratum

406 3374 606 3430 abillis
632 3389 754 3430 esse
779 3375 1046 3446 perspexi.
1081 3373 1236 3441 Quod
1263 3373 1374 3445 98
1393 3390 1499 3430 non
1533 3389 1596 3430 eo
1623 3376 1883 3447 suscipio,
1902 3385 1962 3433 ut

403 3482 472 3523 ex
500 3467 732 3523 aliorum
758 3466 1180 3537 reprehensione
1201 3466 1378 3521 inanis
1391 3466 1671 3534 cujusdam
1689 3467 1961 3538 opinionis

405 3559 641 3614 fructum
673 3558 956 3630 colligam;
985 3557 1040 3613 id
1061 3559 1205 3614 enim
1227 3571 1448 3625 vanum,
1474 3567 1529 3614 et
1554 3559 1815 3616 illiberale
1841 3576 1962 3618 esse

405 3649 619 3720 judico;
665 3650 773 3705 imo
811 3665 937 3705 vero
975 3649 1042 3703 iis
1080 3649 1335 3704 omnibus
1379 3664 1410 3705 e
1447 3651 1722 3706 contrario
1761 3654 1960 3724 gratias

403 3741 680 3798 habendas
729 3756 949 3806 censeo,
975 3741 1088 3812 {qui
1134 3742 1440 3797 communis
1485 3743 1738 3800 utilitatis
1788 3747 1961 3816 gratia

404 3832 655 3904 privatim
687 3832 965 3887 elaborare
994 3832 1317 3899 voluerunt;
1345 3832 1440 3888 sed
1468 3841 1526 3888 ut
1552 3849 1726 3906 neque
1757 3845 1836 3901 tu,
1868 3853 1962 3893 ne-

403 3940 511 3994 que
548 3923 775 3979 studiosi
818 3923 997 3978 caeteri
1049 3923 1104 3978 in
1153 3924 1456 3979 ccelestium
1507 3927 1961 3997 contemplatione

403 4031 584 4071 rerum
613 4030 643 4070 a
674 4016 900 4071 veritate
926 4015 1139 4087 longius
1177 4017 1546 4085 abhorreatls;
1578 4018 1725 4089 quod
1764 4023 1959 4077 merito

404 4106 673 4178 plerisque
713 4106 929 4161 accidit.
963 4105 1098 4161 Nam
1139 4106 1384 4177 poeticus
1426 4107 1577 4179 lepor
1605 4110 1694 4178 iis,
1724 4127 1844 4182 qua:
1873 4113 1959 4169 di-

404 4205 621 4264 cuntur,
656 4197 837 4253 nescio
867 4211 1026 4267 quam
1084 4195 1242 4252 ﬁdem
1276 4206 1330 4253 et
1358 4198 1738 4256 auctoritatem
1772 4205 1961 4259 conci"-

403 4289 525 4350 liat;
552 4303 616 4343 ac
640 4289 1024 4359 propemodum
1047 4304 1254 4353 omnes,
1284 4289 1376 4359 qui
1401 4296 1617 4360 poetam
1641 4291 1785 4347 hunc
1809 4307 1959 4350 com-

2067 3102 2325 3158 δοκοῦντά
2351 3119 2442 3172 μοι
2493 3101 2915 3174 διημαρτῆσθαι.
2951 3098 3119 3153 Τοῦτο
3150 3098 3207 3152 δὲ
3240 3097 3464 3167 ποιῆσαι
3500 3110 3632 3165 προ-

2067 3195 2266 3268 εθὲμην
2298 3195 2397 3250 οὐκ
2427 3198 2491 3249 ὲκ
2532 3195 2624 3250 τοῦ
2670 3195 2795 3258 τοὺς
2841 3193 3030 3256 ἄλλους
3075 3192 3317 3262 ἐλέγχειν
3337 3189 3631 3260 φαντασίαν

2067 3285 2469 3355 ἀπενέγκασθαι
2501 3283 2925 3358 προαιρούμενος
2947 3300 2960 3309 ο
2993 3280 3142 3336 κενὸν
3173 3280 3282 3352 γὰρ
3312 3279 3406 3332 καὶ
3440 3277 3632 3350 μικρό-

2065 3376 2233 3448 ψυχον
2265 3376 2574 3440 παντελῶς·
2628 3375 2934 3430 τούναντίον
2983 3373 3040 3428 δὲ
3092 3373 3201 3426 δεῖν
3231 3373 3412 3442 οἴομαι
3471 3371 3634 3423 πᾶσιν

2064 3471 2214 3540 ἡμᾶς
2241 3469 2600 3541 εὐχαριστεῖν,
2635 3469 2749 3522 ὅσοι
2784 3468 2882 3537 τῆς
2912 3466 3095 3536 κοινῆς
3139 3465 3324 3518 ἕνεκεν
3366 3460 3634 3532 ὠφελείας

2067 3560 2174 3613 ἴδια
2207 3560 2251 3592 ’⁵⁵
2283 3561 2462 3613 πονεῖν
2498 3558 2879 3629 ἀναδεχόμενοι
2906 3555 3263 3626 τυγχάνουσιν
3283 3569 3296 3582 ο
3324 3551 3437 3606 ἀλλ’
3471 3549 3632 3603 ἕνεκα

2065 3654 2158 3708 τοῦ
2191 3655 2322 3726 μήτε
2350 3653 2432 3719 σὲ,
2465 3657 2601 3724 μήτε
2633 3652 2757 3714 τοὺς
2786 3650 3002 3711 λοιποὺς
3031 3648 3135 3700 τῶν
3161 3644 3475 3716 φιλομαθῶν
3501 3645 3633 3697 ἀπο-

2065 3746 2366 3800 πλανᾶσθαι
2395 3745 2494 3816 τῆς
2527 3745 2655 3815 περὶ
2684 3742 2752 3797 τὰ
2793 3742 3090 3812 φαινόμενα
3124 3739 3266 3792 κατὰ
3307 3736 3397 3790 τὸν
3431 3735 3631 3806 κόσμον

2066 3838 2329 3910 θεωρίας·
2379 3838 2516 3908 ὅπερ
2545 3837 2778 3905 εὐλόγως
2815 3833 2998 3887 πολλοὶ
3026 3831 3377 3886 πεπόνθασιν.
3419 3829 3483 3882 Ἦ
3523 3827 3631 3901 γὰρ

2063 3931 2171 3985 τῶν
2208 3929 2526 4001 ποιημάτων
2553 3929 2712 4000 χάρις
2741 3927 3078 3993 ἀξιοπιστίαν
3114 3925 3236 3979 τινὰ
3267 3926 3380 3986 τοῖς
3405 3920 3631 3992 λεγομέ-

2064 4039 2176 4085 νοις
2202 4020 2545 4094 περιτίθησιο
2595 4021 2690 4074 κώ⁹
2736 4021 2934 4082 πάντες
2979 4019 3162 4090 σχεδὸν
3203 4017 3253 4069 οἱ
3285 4016 3373 4068 τὸν
3404 4014 3632 4085 ποιητὴν

2064 4113 2250 4167 τοῦτον
2297 4112 2647 4184 ἐξηγούμενοι
2683 4112 3058 4182 προστίθενται
3086 4112 3198 4172 τοῖς
3228 4107 3320 4160 ὑπ’
3349 4105 3513 4159 αὐτοῦ
3541 4104 3632 4156 λε-

2065 4205 2333 4276 γομένοις.
2393 4204 2810 4276 Ἐμπειρότερον
2849 4203 2904 4256 δὲ
2945 4200 3170 4266 Εὔδοξος
3217 4200 3315 4271 τὴν
3353 4197 3520 4266 αὐτὴν
3551 4193 3630 4266 τῷ

2076 4298 2286 4369 Ἀράτῳ
2332 4297 2459 4368 περὶ
2502 4295 2608 4349 τῶν
2641 4294 2978 4365 φαινομένων
3021 4289 3269 4357 σύνταξιν
3316 4287 3622 4359 ἀναγέγρα-

402 4377 682 4434 mentariis
732 4378 848 4433 suis
892 4379 1252 4443 illustrarunt,
1299 4379 1368 4434 iis
1423 4394 1542 4450 qua:
1600 4381 1668 4436 ab
1717 4397 1784 4438 eo
1831 4398 1959 4442 sunt

2068 4406 2178 4459 φεν.
2209 4389 2456 4459 Εύλόγως
2477 4384 2570 4443 οὖν
2599 4389 2691 4442 καὶ
2713 4389 2778 4440 ὲκ
2803 4387 2902 4458 τῆς
2946 4386 3053 4440 τῶν
3077 4382 3344 4438 τοσούτων
3381 4381 3477 4435 καὶ
3527 4394 3625 4451 τη-

471 4552 514 4586 ιτ
552 4552 888 4624 ΐοὲξήγησιν.
964 4552 1011 4584 ⁴⁸
1037 4552 1078 4622 f.
1116 4551 1393 4616 ΙἌτταλος.
1471 4554 1516 4586 ⁸⁸
1550 4553 1592 4623 f.
1628 4554 1771 4625 ἰδίᾳ..

401 4731 596 4806 nomize
618 4739 786 4806 totam
806 4748 923 4788 eam
946 4743 1150 4806 partem
1173 4733 1390 4806 duobus
1412 4733 1571 4790 libris
1600 4735 1950 4806 comprehen-

401 4803 574 4874 derat.
614 4803 816 4874 Aratus
841 4803 971 4859 vero
1001 4803 1212 4872 poetico
1268 4805 1454 4874 lepore
1504 4803 1781 4860 conditam
1825 4821 1952 4861 cum

399 4873 593 4945 iisdem
608 4873 755 4945 vitiis
787 4873 1142 4942 periculosius
1172 4873 1336 4930 etiam
1387 4875 1454 4928 ad
1480 4883 1730 4945 posteros
1776 4884 1960 4931 trans-

408 4944 654 5015 miserat.
687 4944 1028 5015 _5\ccessit_et
1059 4945 1252 5000 tertius
1283 4945 1466 4998 Aratei
1489 4944 1770 5015 poematis
1792 4947 1957 5001 inter-

403 5027 546 5087 pres,
570 5014 663 5084 qui
686 5011 998 5087 Hipparchi,
1031 5021 1092 5068 ut
1125 5015 1338 5087 opinor,
1372 5011 1593 5078 saeculo,
1637 5017 1954 5087 paulopante

400 5083 601 5156 ipsum,
636 5085 1063 5156 commentarios
1083 5083 1334 5156 ad‘illum
1375 5083 1656 5140 auctorem
1709 5086 1952 5156 scripse-

401 5161 506 5225 rat,
529 5152 742 5225 Attalus
782 5154 1203 5225 grammaticus.
1237 5154 1441 5209 Contra
1494 5156 1595 5211 hos
1647 5163 1759 5212 tres
1815 5152 1953 5225 opus

404 5222 927 5294 istudelucubr‘avit
956 5222 1318 5294 Hipparchus,
1349 5239 1414 5278 ac
1453 5231 1626 5279 totum
1671 5222 1954 5281 distribuit

402 5291 457 5345 in
505 5292 850 5366 librostres.
899 5291 1115 5366 Primus
1167 5293 1324 5348 initio
1373 5295 1700 5366 testimoniis
1747 5296 1954 5366 aliquot

404 5362 656 5436 ostendit,
675 5365 894 5436 Aratum
908 5364 976 5419 ab
993 5363 1214 5419 Eudoxo
1225 5372 1409 5436 mutuo
1419 5365 1600 5436 omnia
1616 5362 1949 5436 sumpsisse;

405 5431 483 5507 sic
518 5439 575 5485 ut
605 5436 660 5507 in
703 5434 886 5489 multis
910 5433 1285 5507 tantummodo
1322 5434 1714 5507 paraphrasten
1743 5431 1948 5507 egerit.

401 5499 530 5555 Post
551 5503 833 5557 amborum
878 5511 1054 5574 errata
1088 5511 1241 5574 notat
1269 5499 1340 5558 in"
1359 5499 1535 5560 stellis
1563 5520 1659 5574 per
1703 5499 1845 5571 sese,
1897 5515 1950 5562 et

400 5586 586 5651 earum
615 5574 743 5635 situ,
768 5574 853 5651 vel
871 5573 1259 5651 descriptione,
1321 5589 1424 5629 nec
1456 5573 1579 5628 non
1609 5576 1798 5651 Attali,
1850 5579 1946 5646 qui

400 5644 686 5710 utriusque
707 5644 932 5713 vestigia
964 5653 1283 5714 persecutus
1314 5653 1422 5711 est,
1482 5646 1714 5702 maxime
1763 5644 1946 5704 autem

2051 4736 2110 4790 in
2155 4734 2491 4791 delineandis
2514 4734 2808 4804 parallelis,
2836 4733 3068 4804 aliisque
3093 4732 3320 4790 circulis
3349 4733 3633 4790 aberrasse

2057 4806 2334 4861 convincit
2352 4820 2567 4860 omnes.

2128 4873 2412 4930 Secundus
2436 4875 2574 4930 liber
2603 4873 2856 4929 bifariam
2906 4883 3090 4930 sectus
3120 4879 3225 4928 est.
3263 4871 3440 4928 Prima
3500 4885 3627 4941 pars

2055 4947 2220 5000 trium
2251 4946 2468 4999 illorum
2518 4945 3024 5015 peccatacastigat
3072 4944 3129 4997 in
3175 4951 3447 4997 astrorum
3497 4957 3625 4993 συν-

2054 5017 2358 5078 ανατολαῖς,
2385 5014 2480 5068 καὶ
2511 5013 2966 5083 συγκαταδύσεσί,
2993 5028 3135 5085 quos
3153 5022 3389 5085 coortus,
3413 5020 3626 5085 etcooc-

2053 5103 2208 5140 casus
2229 5086 2503 5156 appellare
2531 5082 2697 5151 lieet;
2746 5082 3026 5154 posterior
3080 5084 3149 5156 de
3179 5082 3527 5156 iisdem_agit
3556 5096 3622 5156 ex

2052 5157 2131 5211 rei
2161 5151 2409 5220 veritate,
2431 5167 2485 5210 et
2517 5151 2774 5225 opinione
2797 5169 2898 5209 sua
2937 5154 3254 5210 constitutis
3295 5152 3350 5206 in
3385 5151 3622 5206 boreali-

2053 5227 2156 5282 bus
2187 5225 2510 5282 asterismis.

2123 5295 2340 5352 Tertius
2371 5294 2690 5350 australium
2747 5295 3155 5350 asterismorum
3194 5298 3350 5346 ortus
3377 5297 3434 5345 et
3465 5304 3623 5346 occa-

2053 5368 2149 5437 sus
2182 5366 2449 5437 explicat;
2485 5364 2679 5420 deinde
2698 5365 2986 5437 duodecim
3017 5362 3315 5437 imaginum
3339 5368 3496 5437 ortus
3533 5362 3619 5415 iti-

2052 5436 2174 5491 dem
2211 5431 2268 5513 et"
2283 5450 2514 5513 occasus
2535 5453 2549 5500 ;
2571 5443 2854 5513 postremo
2881 5435 2948 5490 de
2974 5431 3274 5513 intervallis
3296 5431 3616 5513 asteriqu

2052 5522 2173 5560 rum
2202 5506 2439 5569 disserit,
2493 5502 2692 5575 quibus
2744 5507 3003 5563 horarum
3051 5509 3285 5576 quatuor
3313 5510 3370 5560 et
3396 5502 3612 5577 _viginti

2052 5577 2227 5649 spatia
2253 5577 2614 5646 complentur.
