3928 6266
305 309 435 363 1005

1270 304 1632 362 lllPPARCHl
1671 305 1760 359 AD
1797 301 2241 361 PIIENOMENA
2263 304 2387 360 LIB.
2428 303 2469 359 1.

3381 313 3518 376 1006

302 423 562 479 λικούτων
609 421 999 494 μαθηματικῶν
1053 421 1368 492 συμφωνίας
1446 420 1752 487 ἀξιόπιστος
1826 423 1858 492 ἡ

1963 419 2106 474 dicta
2142 419 2508 473 consentiunt.
2544 417 2802 476 Eudoxus
2833 430 3012 478 autem
3041 422 3108 478 ad
3144 426 3410 492 eamdem,
3462 431 3516 486 in

301 517 518 587 ποίησις
563 512 726 568 αὐτοῦ
766 512 1200 584 διαλαμϐάνεται.
1259 512 1513 582 Καίτοιγε
1556 511 1648 566 τοῦ
1700 512 1860 583 Ἀρά-

298 626 390 663 του
430 608 529 679 μὲν
587 606 717 670 ἴσως
767 607 867 659 οὐκ
917 605 1063 672 ἄξιον
1111 603 1468 673 ἐφάπτεσθαι,
1515 604 1606 655 καὶ
1651 601 1746 655 ὲάν
1802 601 1858 654 έν

299 715 406 751 τισι
441 695 744 750 διαπίπτων
787 696 1025 767 τυγχάνῃ
1047 712 1061 724 ·
1100 697 1166 765 τῇ
1206 693 1315 765 γὰρ
1355 692 1582 757 Εὐδόξου
1613 691 1858 756 συντάξει

301 791 773 862 κατακολουθήσας
817 789 886 843 τά
941 788 1234 859 φαινόμενα
1275 788 1584 859 γέγραφεν·
1631 785 1743 840 ἀλλ’
1797 786 1859 838 οὐ

300 883 546 943 κατιδίαν
611 881 1039 953 παρατηρήσας,
1112 881 1144 950 ἢ
1217 877 1602 950 μαθηματικὴν
1679 877 1858 950 κρίσιν

299 971 780 1043 ἐπαγγελλομένων
828 973 886 1024 ἐν
943 971 1055 1033 τοῖς
1115 967 1382 1039 οὐρανίοις
1440 967 1856 1038 προσφέρεσθαι,

299 1064 393 1118 καὶ
423 1061 895 1134 διαμαρτανόντων
921 1061 1030 1115 τῶν
1051 1061 1109 1113 ἐν
1131 1061 1312 1122 αὐτοῖς
1335 1059 1404 1114 ⁸⁸.

1960 525 2122 580 quam
2165 514 2364 566 Aratus
2402 510 2678 577 incubuit,
2725 515 3098 585 apparentium
3137 519 3518 578 tractationem

1960 601 2134 655 multo
2161 601 2422 671 majorem
2463 617 2620 658 usum
2663 619 2726 659 ac
2765 605 3014 674 peritiam
3055 609 3304 664 contulit.
3346 609 3520 668 Habet

1960 692 2127 764 igitur
2153 709 2219 748 ex
2245 700 2328 748 tot
2353 701 2738 766 tantorumque
2769 697 3276 757 mathematicorum
3321 701 3521 759 suffra-

1961 786 2049 856 gio
2077 787 2323 842 veritatis
2369 788 2679 857 opinionem
2729 804 2866 861 opus
2896 791 3028 847 illud
3067 794 3358 864 poeticum.
3411 791 3520 850 Sei

1963 893 2071 934 non
2099 889 2182 934 cst
2208 879 2458 946 fortasse,
2489 881 2633 952 quod
2670 882 2892 939 Aratum
2931 899 3272 951 accusemus,
3311 887 3359 943 si
3389 885 3518 957 quid

1963 971 2013 1026 ei
2070 973 2274 1029 erroris
2316 974 2554 1029 oblatum
2599 975 2704 1042 sit;
2745 979 2941 1049 quippe
2979 979 3071 1050 qui
3119 978 3328 1034 Eudoxi
3370 994 3525 1034 com-

1966 1064 2289 1118 mentarium
2322 1073 2562 1129 secutus,
2604 1081 2715 1121 non
2745 1067 3120 1124 observatione
3153 1068 3371 1139 propria
3414 1067 3523 1122 fre.

297 1170 410 1226 tus,
485 1162 834 1231 phaenomena
894 1157 1240 1227 conscripsit.
1283 1155 1389 1211 Sed
1452 1155 1532 1210 illi
1581 1155 1761 1225 potius
1824 1158 2181 1227 castigatione
2217 1159 2367 1231 digni
2421 1171 2568 1227 sunt,
2614 1163 2711 1233 qui
2755 1163 3138 1220 mathematico
3191 1165 3409 1236 dignam
3453 1163 3522 1219 de

297 1256 366 1312 iis
405 1253 688 1326 iudicandi
728 1253 980 1324 peritiam
1020 1251 1275 1323 professi,
1321 1251 1377 1306 in
1433 1251 1623 1307 iisdem
1672 1259 1854 1307 tamen
1891 1253 2166 1310 aberrant.

365 1371 549 1442 Χωρὶς
571 1370 627 1423 δὲ
653 1369 761 1422 τῶν
789 1368 1140 1439 ἠγνοημένων
1169 1368 1226 1420 έν
1250 1368 1363 1430 τοῖς
1392 1366 1733 1437 φαινομένοις
1754 1367 1859 1420 ὑπό
1924 1408 1936 1428 ,

295 1482 355 1520 τε
383 1463 615 1530 Εὐδόξου
654 1463 748 1516 καὶ
789 1461 883 1514 τοῦ
929 1462 1178 1533 Ἀράτου,
1213 1462 1308 1515 καὶ
1347 1459 1439 1514 τοῦ
1466 1477 1863 1532 συνεπιγράφο-

247 1583 249 1586 ⁴
297 1556 462 1628 μένου
493 1557 612 1618 ταῖς
641 1554 867 1624 φάσεσιν
895 1553 1095 1618 αὐτῶν,
1126 1552 1483 1622 ἀναγέγραφά
1522 1570 1602 1606 σοι
1636 1554 1731 1605 καὶ
1759 1553 1858 1617 τὰς

294 1646 414 1699 κατ’
477 1643 734 1714 ἀλήθειαν
789 1643 1076 1714 γινομένας
1140 1642 1370 1696 ἑκάστου
1430 1641 1540 1694 τῶν
1608 1642 1858 1695 ἀπλανῶν

293 1736 507 1807 ἄστρων
541 1736 636 1788 σὺν
666 1735 846 1798 αὐτοῖς
867 1737 976 1798 τοῖς
1009 1732 1523 1806 κατηστερισμένοις
1552 1732 1622 1802 ιβ’
1649 1731 1858 1796 ζωδίοις

295 1826 652 1890 συνανατολάς
684 1827 778 1880 καὶ
807 1825 1231 1896 συγκαταδύσεις
1250 1842 1264 1856 ο
1303 1825 1406 1890 ἵνα,
1438 1823 1887 1894 παρακολουθῶν.

293 1919 542 1984 ἑκάστοις
567 1919 827 1993 ἀκριϐῶς,
855 1921 950 1972 καὶ
977 1919 1075 1982 τάς
1095 1918 1204 1972 τῶν
1230 1917 1405 1973 ἄλλων
1435 1917 1692 1972 ἁπάντων
1724 1917 1860 1970 ἀπο-

292 2011 484 2081 φάσεις
518 2014 574 2065 ὲν
601 2011 810 2074 τούτοις
852 2010 1168 2083 δοκιμάζῃς.
1220 2009 1332 2062 Καὶ
1369 2008 1616 2078 διασαφῶ
1649 2009 1750 2080 μὲν
1795 2007 1855 2060 οὐ

295 2104 456 2174 μόνον
481 2103 579 2176 τὴν
609 2102 988 2174 συνανατολὴν,
1031 2101 1064 2173 ἢ
1110 2100 1506 2170 συγκατάδυσιν
1525 2117 1540 2132 ο
1577 2100 1656 2153 ἔτι
1686 2101 1743 2153 δὲ
1768 2101 1860 2153 καὶ

292 2196 436 2260 τίνες
465 2195 692 2268 ἀστέρες
723 2195 952 2248 ἑκάστου
989 2194 1096 2248 τῶν
1147 2193 1360 2265 ἄστρων
1410 2192 1616 2264 πρῶτοί
1660 2209 1718 2246 τε
1768 2191 1860 2244 καὶ

292 2288 509 2359 ἔσχατοι
563 2286 958 2351 ἀνατέλλουσιν,
1002 2285 1035 2358 ἢ
1080 2284 1360 2340 δύνουσιν·
1418 2286 1512 2339 καὶ
1553 2285 1698 2349 τίνες
1750 2283 1859 2339 τῶν

292 2377 467 2432 ἄλλων
526 2377 772 2448 ἀστέρων
827 2375 1285 2447 μεσουρανοῖηιν·
1343 2375 1574 2430 ἕκαστόν
1635 2393 1696 2429 τε
1749 2374 1860 2428 τῶν

292 2467 548 2522 ἀπλανῶν
601 2468 816 2538 ἄστρων
865 2468 962 2521 σὺν
1008 2468 1190 2531 αὐτοῖς
1234 2469 1346 2532 τοῖς
1404 2467 1470 2538 ιβ’
1528 2466 1737 2532 ζωδίοις
1801 2468 1859 2522 ὲν

293 2560 490 2622 πόσαις
523 2560 860 2629 ίσημεριναῖς
909 2557 1080 2630 ὥραις
1108 2557 1404 2619 ἀνατέλλει,
1440 2557 1472 2629 ἢ
1522 2557 1685 2613 δύνει.
1735 2557 1859 2610 Ἐπὶ

293 2651 429 2704 πᾶσι
488 2649 546 2702 δὲ
598 2648 843 2718 διασαφῶ
893 2649 986 2702 καὶ
1049 2648 1194 2712 τίνες
1256 2649 1483 2720 ἀστέρες
1541 2647 1859 2720 ἀφορίζουσι

293 2745 472 2798 πάντα
521 2742 590 2796 τά
634 2733 1043 2812 εἰκοσιτέσσαρα
1087 2740 1285 2812 ὼριαῖα
1326 2740 1685 2812 διαστήματα.
1715 2740 1858 2794 Διάτι

294 2835 402 2905 γάρ
433 2835 662 2887 ἕκαστον
674 2827 896 2886 ’τούτων
930 2831 1187 2886 συντείνει
1227 2832 1362 2903 πρὸς
1406 2829 1575 2885 πολλὰ
1607 2830 1702 2884 καὶ⁵
1727 2832 1862 2903 χρή-

297 2945 431 2998 σιμα
479 2927 586 2979 τῶν
629 2927 686 2979 έν
727 2927 843 2988 τοῖς
878 2924 1162 2995 μαθήμασι
1201 2924 1592 2996 θεωρημάτων,
1632 2922 1862 2976 εὐκατα-

293 3019 482 3091 νόητον
515 3013 653 3070 εἶναι
685 3017 780 3070 καὶ
813 3016 894 3069 co‘t
925 3016 1148 3087 νομίζω.

2031 1369 2144 1442 Ego
2171 1387 2299 1428 vero
2323 1379 2518 1444 praeter
2545 1372 2754 1429 Eudoxi
2779 1382 2832 1430 et
2856 1376 3008 1430 Arati
3039 1383 3093 1430 et
3125 1375 3245 1445 ejus
3271 1373 3365 1446 qui
3407 1388 3525 1429 amo

1959 1463 2151 1518 borum
2182 1465 2512 1534 apparentiis
2541 1465 2862 1535 astipulator
2895 1464 3075 1529 venit,
3104 1465 3160 1519 in
3209 1463 3523 1534 phaanome—

1960 1556 2046 1611 nis
2075 1563 2276 1619 errata,
2310 1555 2538 1611 lixarum
2571 1571 2790 1627 quoque
2833 1555 3111 1612 stellarum
3145 1555 3388 1609 omnium
3426 1569 3522 1610 ve-

1960 1661 2052 1702 ros
2077 1662 2199 1702 cum
2232 1645 2516 1701 duodecim
2547 1647 2777 1702 stellatis
2808 1645 2980 1716 signis
3007 1652 3162 1701 ortus
3184 1658 3525 1716 occasusque

1960 1741 2252 1810 perscripsi
2279 1739 2410 1805 tibi;
2447 1746 2528 1805 ut,
2568 1747 2822 1793 accurate
2849 1738 3119 1808 perceptis
3143 1736 3394 1808 singulis,
3419 1749 3528 1790 cae-

1958 1843 2197 1888 terorum
2248 1831 2306 1886 in
2343 1831 2466 1888 istis
2515 1831 2741 1886 decreta.
2778 1828 3082 1899 cujusmodi
3134 1828 3244 1885 sint
3291 1827 3523 1899 probare

1954 1924 2154 1994 possis.
2183 1923 2370 1994 Neque
2405 1938 2533 1978 vero
2573 1928 2784 1977 tantum
2823 1922 2947 1978 illos
2980 1920 3261 1978 stellarum
3288 1933 3414 1975 cum
3443 1917 3522 1975 si-

1956 2017 2078 2088 gnis
2101 2023 2256 2072 ortus
2300 2031 2641 2087 occasusque
2683 2028 3019 2086 persequar:
3066 2012 3164 2070 sed
3207 2011 3372 2068 etiam
3405 2024 3527 2082 quas

1957 2108 2295 2179 singulorum
2321 2108 2733 2164 asterismorum
2762 2107 2931 2164 stella:
2952 2105 3162 2176 primae,
3193 2119 3315 2174 quae
3341 2103 3526 2160 novis-

1956 2198 2106 2254 simae
2135 2199 2403 2264 oriantur,
2421 2207 2514 2255 aut
2541 2199 2812 2264 occidant,
2837 2212 3025 2270 quaeve
3047 2197 3277 2252 aliarum
3308 2194 3526 2250 culmen

1954 2297 2204 2358 teneant;
2256 2297 2371 2345 tum
2426 2305 2763 2362 unaquaeque
2821 2289 3103 2345 stellarum
3165 2277 3524 2344 inerrantium

1957 2387 2089 2453 quot
2124 2381 2594 2452 aequinoctialibus
2622 2380 2775 2436 horis
2805 2395 2930 2436 cum
2956 2379 3242 2436 duodecim
3276 2377 3414 2449 ipsis
3447 2377 3525 2433 si—

1956 2473 2082 2545 gnis
2111 2482 2302 2541 ortum
2348 2488 2711 2543 occasumque
2755 2470 2940 2526 faciat.
2987 2467 3270 2527 Postremo
3300 2476 3356 2524 et
3391 2467 3527 2523 illud

1957 2579 2246 2636 exponam,
2275 2563 2602 2634 quibusnam
2634 2563 2808 2619 stellis
2837 2563 3048 2634 singula
3079 2560 3268 2632 viginti
3293 2569 3528 2631 quatuor

1957 2656 2177 2712 boraria
2220 2657 2400 2732 spatia
2444 2655 2825 2712 terminentur.
2855 2652 2992 2708 Nam
3022 2654 3216 2708 horum
3247 2651 3527 2723 quodlibet

1958 2745 2028 2800 ad
2050 2746 2248 2800 multas
2275 2754 2329 2800 et
2361 2746 2662 2816 praecipuas
2694 2752 2875 2814 partes
2901 2743 3404 2799 mathematicarum
3433 2755 3525 2796 ar-

1959 2837 2096 2892 tium
2141 2837 2602 2907 opportunitatem
2646 2837 2841 2892 aﬂ‘erre
2887 2849 3181 2906 summam.
3227 2833 3386 2889 facile
3423 2831 3528 2888 tibi

1957 2937 2300 3000 perspectum
2337 2943 2458 2985 esse
2484 2927 2722 2984 confido.

360 3128 438 3181 B'.
480 3128 601 3181 Ὅτι
638 3127 733 3198 μὲν
765 3123 857 3179 οὖν
889 3128 954 3197 τῇ
978 3125 1204 3192 Εὐδόξου
1230 3126 1357 3195 περὶ
1388 3124 1495 3179 τῶν
1522 3123 1858 3196 φαινομένων

2031 3132 2099 3190 ΙΙ.
2129 3132 2355 3188 Aratum
2390 3133 2556 3204 igitur
2600 3131 2813 3188 Eudoxi
2853 3132 2921 3188 de
2966 3130 3338 3204 pbaanomenis
3379 3143 3530 3186 com-

293 3222 580 3292 ἀναγραφῇ
615 3217 1085 3290 κατηκολούθηκεν
1115 3221 1144 3272 ό
1178 3219 1432 3289 Ἀρατος,
1473 3216 1633 3288 μάθοι
1666 3217 1764 3288 μὲν
1792 3215 1859 3270 άν

1958 3226 2286 3282 mentarium
2330 3241 2452 3281 esse
2493 3235 2766 3290 secutum,
2820 3233 2944 3280 eum
2989 3239 3057 3280 ex
3099 3222 3348 3294 pluribus
3391 3236 3528 3278 con-

293 3333 376 3379 τις
405 3315 493 3368 διά
525 3314 804 3378 πλειόνων,
851 3310 1169 3384 παρατιθεὶς
1211 3312 1324 3374 τοῖς
1367 3311 1660 3380 ποιήμασιν
1693 3307 1856 3362 αὐτοῦ

1961 3326 2108 3374 stare
2143 3325 2340 3387 potest,
2373 3317 2422 3373 si
2451 3317 2577 3387 quis
2615 3331 2742 3372 cum
2778 3315 2924 3372 illius
2969 3330 3134 3386 opere
3171 3314 3385 3387 poetico
3432 3327 3531 3385 per

293 3410 420 3478 περὶ
479 3408 707 3462 ἑκάστου
757 3405 884 3459 ιτῶν
946 3402 1249 3474 λεγομένων
1307 3401 1407 3466 τάς
1473 3400 1566 3454 τοῦ
1631 3400 1856 3466 Εὐδόξου

1961 3409 2140 3480 capita
2189 3408 2420 3479 singula,
2471 3408 2638 3464 verba
2691 3407 2904 3464 Eudoxi
2957 3405 3208 3462 conferre
3261 3405 3526 3462 voluerit:

294 3502 464 3567 λέξεις
486 3519 498 3532 ·
529 3503 629 3556 οὐκ
660 3503 928 3573 ἄχρηστον
959 3499 1017 3552 δὲ
1048 3497 1141 3552 καὶ
1168 3495 1259 3550 νῦν
1288 3496 1355 3549 δι’
1393 3495 1586 3563 ὀλίγων
1612 3493 1860 3565 ὑπομνῆ-

1961 3510 2075 3556 ιιιω
2107 3501 2210 3554 hoc
2249 3501 2369 3555 loco
2395 3513 2828 3554 commemorare
2871 3498 3130 3564 breviter,
3165 3494 3310 3550 haud
3338 3494 3530 3551 inutile

296 3609 405 3656 σαι,
433 3592 522 3645 διὰ
568 3591 630 3644 τὺ
678 3588 1024 3654 διστάζεσθαι
1065 3585 1222 3640 τοῦτο
1267 3585 1418 3657 παρὰ
1459 3587 1571 3649 τοῖς
1621 3583 1854 3647 πολλοῖς.

1961 3593 2200 3659 videtur;
2231 3593 2376 3662 quod
2405 3608 2468 3647 ea
2490 3607 2581 3648 res
2607 3607 2638 3646 a
2660 3590 2936 3646 nonnullis
2958 3597 3184 3646 vocetur
3205 3589 3260 3644 in
3280 3587 3526 3644 dubium.

307 3682 658 3753 Ἀναφέρεται
703 3681 761 3733 δὲ
792 3682 870 3743 είς
904 3680 994 3733 τὸν
1027 3677 1248 3741 Εὔδοξον
1283 3676 1325 3746 β’
1357 3675 1534 3746 βιϐλία
1576 3673 1704 3745 περὶ
1749 3673 1857 3727 τῶν

307 3772 655 3828 Ραινομένων.
691 3771 956 3828 σύμφωνα
983 3767 1126 3822 κατά
1153 3767 1330 3821 πάντα
1373 3765 1555 3828 σχεδὸν
1591 3764 1854 3828 ἀλλήλοις,

1961 3679 2075 3828 Euo
2115 3689 2244 3736 sunt
2295 3681 2363 3736 de
2409 3681 2779 3752 phaanomenis
2816 3680 2961 3748 libri,
3015 3679 3111 3751 qui
3159 3677 3382 3734 Eudoxo
3429 3677 3531 3731 tri-

1999 3779 2232 3828 uuntur:
2267 3786 2404 3828 bene
2436 3772 2493 3826 in
2529 3771 2784 3826 omnibus
2820 3770 3226 3826 consentientes
3271 3767 3527 3826 invicem.

295 3772 655 3842 Φαινομένων,
691 3771 956 3842 σύμφωνα
983 3767 1126 3822 κατά
1153 3767 1330 3821 πάντα
1373 3765 1555 3836 σχεδὸν
1591 3764 1854 3836 ἀλλήλοις,

1961 3764 2232 3840 buuntur;
2267 3786 2404 3843 pene
2436 3772 2493 3826 in
2529 3771 2784 3826 omnibus
2820 3770 3226 3826 consentientes
3271 3767 3527 3826 invicem.

295 3861 432 3932 πλὴν
479 3863 673 3931 ὀλίγων
707 3862 927 3932 σφόδρα.
960 3861 1034 3914 Τὸ
1069 3861 1168 3931 μὲν
1209 3855 1301 3912 οὖν
1327 3857 1385 3910 ἒν
1416 3857 1594 3911 αὐτῶν
1631 3858 1858 3929 ἐπιγρά-

296 3969 454 4021 φεται
485 3952 836 4020 Ἔνοπτρον,
887 3950 949 4004 τὸ
987 3950 1043 4004 δὲ
1093 3950 1278 4021 ἕτερον
1329 3949 1683 4017 Φαινόμενα.
1715 3947 1858 4019 Πρὸς

295 4043 361 4096 τά
404 4045 736 4113 Φαινόμενα
777 4043 834 4097 δὲ
879 4044 977 4115 τὴν
1029 4043 1246 4112 ποίησιν
1286 4041 1624 4111 συντέταχεν.
1673 4041 1759 4092 Ἐν
1793 4039 1858 4110 δὴ

294 4135 467 4205 τούτῳ
507 4133 586 4205 τῷ
636 4135 968 4204 συντάγματι
1016 4131 1242 4197 Εὔδοξος
1283 4133 1410 4202 περὶ
1455 4130 1552 4202 μὲν
1591 4129 1686 4184 τοῦ
1720 4130 1860 4200 Δρά-

298 4241 482 4288 κοντος
536 4223 707 4288 οὖτως
757 4226 988 4295 γράφει’
1038 4243 1056 4276 ι
1094 4223 1310 4290 Μεταξὺ
1357 4222 1414 4276 δὲ
1457 4221 1564 4276 τῶν
1608 4223 1858 4295 ’Λρκτων

296 4315 441 4368 ἐστὶν
483 4319 519 4386 ή
565 4315 658 4369 τοῦ
694 4318 908 4386 Ὄφεως
935 4316 1090 4387 οὐρὰ,
1122 4317 1212 4369 τὸν
1245 4314 1439 4386 μικρὸν
1470 4313 1675 4384 ἀστέρα
1717 4313 1858 4384 ὑπὲρ

294 4408 392 4477 τῆς
422 4407 672 4479 κεφαλῆς
698 4409 893 4480 ἔχουσα
929 4409 1030 4479 τῆς
1062 4409 1300 4480 μεγάλης
1337 4408 1603 4477 Ἀρκτου’
1635 4404 1858 4476 καμπὴν

1959 3873 2156 3935 praeter
2181 3863 2514 3933 paucissima
2541 3862 2808 3932 quaedam.
2833 3859 3040 3916 Horum
3067 3859 3204 3915 alter
3232 3855 3531 3926 inscriptus

1958 3965 2043 4014 est
2073 3955 2390 4027 Speculum,
2425 3955 2581 4021 alter,
2627 3953 2998 4009 Pliamomena.
3035 3952 3118 4008 Ad
3155 3951 3303 4006 hunc
3349 3954 3532 4019 poste-

1958 4051 2160 4105 riorem
2199 4064 2337 4119 opus
2379 4063 2540 4105 suum
2583 4045 2781 4102 Aratus
2827 4044 3024 4116 exegit.
3065 4041 3125 4097 ln
3156 4042 3261 4098 hoc
3301 4053 3433 4096 vero
3461 4036 3530 4092 de

1959 4141 2207 4197 Dracone
2250 4142 2326 4197 ita
2358 4140 2552 4196 scribit
2592 4137 2890 4194 Eudoxus:
2942 4155 2961 4189 ι
2996 4133 3142 4189 inter
3183 4131 3353 4201 Ursas
3378 4131 3529 4183 'vero

1963 4232 2244 4304 Serpentis
2270 4239 2354 4288 est
2401 4231 2575 4288 cauda
2610 4246 2624 4283 :
2673 4243 2796 4301 quae
2844 4227 2991 4281 illam
3034 4225 3286 4294 exiguam
3314 4219 3530 4278 stellam

1961 4339 2130 4394 supra
2174 4330 2338 4394 caput
2375 4322 2575 4378 attollit
2616 4319 2840 4388 majoris
2883 4315 3066 4384 Ursae;
3101 4312 3301 4369 ﬂexum
3348 4315 3530 4365 autem

1964 4415 2033 4470 ad
2066 4415 2294 4471 minoris
2327 4413 2478 4470 Ursae
2511 4419 2679 4482 caput
2711 4410 2901 4471 habet;
2928 4419 2982 4464 et
3015 4408 3118 4464 sub
3155 4403 3324 4476 pedes
3351 4397 3530 4472 porri-

295 4499 350 4552 δὲ
376 4500 491 4571 ἔχει
519 4478 670 4572 παρά
698 4478 795 4572 τήν
827 4501 1065 4574 κεφαλὴν
1095 4501 1192 4572 τῆς
1231 4478 1433 4570 μικρᾶς
1475 4498 1734 4568 Ἀρκτου,
1766 4496 1861 4550 καὶ

1967 4510 2132 4580 gitur,
2159 4508 2232 4564 ibi
2255 4507 2483 4563 alterum
2514 4503 2716 4559 faciens
2745 4503 2978 4569 ﬂexum;
3010 4513 3073 4554 ac
3099 4511 3292 4554 rursus
3318 4492 3532 4562 erigens

295 4592 668 4664 παρατέταται
697 4593 801 4646 ὑπὸ
830 4593 957 4654 τοὺς
989 4591 1151 4654 πόδας
1170 4608 1184 4621 ·
1224 4590 1417 4661 ἑτέραν
1439 4588 1497 4642 δὲ
1523 4587 1749 4660 καμπὴν
1777 4590 1862 4643 ὲν-

297 4684 466 4738 ταῦθα
491 4684 874 4756 ποιησάμενος,
911 4683 1070 4738 πάλιν
1100 4681 1370 4738 ἀνανεύων
1401 4679 1710 4752 ἔμπροσθεν
1749 4679 1860 4750 ἔχει

300 4777 390 4847 τὴν
422 4776 700 4847 κεφαλήν’
746 4799 764 4828 ι
813 4779 842 4830 ό
876 4775 934 4830 δὲ
979 4776 1232 4848 Ἄρατος,
1266 4775 1342 4839 ὡς
1370 4774 1435 4828 ἂν
1478 4770 1859 4844 παραγράφων

302 4866 483 4933 ταῦτα,
520 4867 684 4938 φησίν
703 4885 717 4901 ο

303 5002 495 5074 ᾼῠτὰρ
535 5003 622 5074 ὅγξ
655 5003 852 5070 ἄλλην
892 5003 1009 5074 μὲν
1049 5002 1230 5074 νεάτῃ
1270 5000 1619 5074 ἐπιτείνεται
1663 4996 1822 5074 οὐρῇ
1846 5015 1861 5030 ⁸

303 5069 542 5139 ’Λλλὴν
563 5069 631 5142 δὲ
669 5069 1330 5142 σπείρῇπεριτέμνὲται.
1375 5070 1438 5125 Ἡ
1467 5069 1583 5142 μέν
1621 5073 1673 5124 οι

266 5223 272 5233 ,
307 5142 464 5210 Cupit
491 5138 628 5211 crdo
979 5138 1247 5211 ’Ἑλῖκης
1294 5140 1674 5236 ἀποπαύε’ταῖ
1723 5138 1860 5236 "Ap:

304 5279 520 5349 Σπείρῃ
558 5279 626 5352 6‘;
662 5281 732 5336 ἐν
763 5281 1116 5352 Κυνόσουρα
1153 5282 1303 5351 κάρη
1333 5279 1480 5350 ἔχει.
1527 5278 1600 5334 Ἦ
1618 5207 1856 5366 ora”???

307 5420 559 5490 εἱλεῖται
586 5419 883 5490 κεφαλῆφι,
909 5422 1008 5476 καί
1051 5425 1105 5477 οἱ
1131 5421 1314 5488 ποδὸς
1334 5420 1569 5490 ἔρχεται
1594 5345 1848 5488 Φ

318 5488 418 5543 Ἐκ
455 5490 506 5543 δ’
537 5485 706 5556 αὖτίς
735 5485 1101 5560 παλίνορσος
1131 5485 1457 5561 ἀνατρέλέὶ.

1969 4619 2112 4668 sese,
2158 4603 2214 4657 in
2261 4599 2534 4656 anteriora
2563 4605 2726 4668 caput
2763 4593 3023 4651 extendit.
3066 4609 3086 4644 ι
3134 4590 3336 4644 Aratus
3365 4597 3532 4656 porro

1967 4692 2116 4747 velut
2138 4690 2243 4746 ista
2268 4688 2604 4753 describens,
2638 4687 2719 4742 sic
2755 4684 3034 4756 loquitur:

1966 4998 2068 5056 Sed
2097 4998 2179 5052 hic
2207 4995 2666 5067 alteramrquidem
2701 5002 2934 5067 extreme
2957 4981 3428 5067 emetiturcauda.‘

1963 5055 2203 5124 Alteram
2233 5084 2349 5122 vero
2375 5055 2521 5136 spira
2561 5059 3061 5136 circumscribitin
3088 5055 3296 5129 quidem
3327 5061 3532 5107 summa

1965 5139 2154 5197 Cauda
2181 5137 2249 5192 ad
2279 5129 2432 5206 caput
2468 5136 2674 5191 Helices
2707 5133 2926 5205 quiescit
2968 5129 3140 5184 Ursae.

1967 5268 2036 5326 In
2057 5271 2203 5340 spira
2227 5284 2346 5324 vero
2369 5265 2642 5340 Cynosura
2663 5273 2820 5336 caput
2842 5262 3014 5318 habet.
3038 5257 3168 5315 Haec
3193 5249 3534 5396 autgzgm

1967 5411 2196 5485 eratur
2225 5418 2405 5485 caput,
2431 5410 2578 5485 eique
2605 5408 2673 5463 ad
2699 5400 3123 5485 pedemymeuit
3145 5409 3328 5470 usque.

1969 5475 2167 5536 Rursus
2187 5475 2304 5536 vero
2330 5475 2659 5536 Fetroéedem
2688 5475 2929 5533 recurrit.

375 5675 420 5705 '°
443 5673 565 5743 Reg.
597 5672 1052 5748 ἐπαγγελλόμενος
1084 5679 1141 5734 ὲν
1166 5680 1276 5742 τοῖς
1295 5678 1411 5750 οὐρ.
1445 5692 1602 5747 προσ.
1635 5674 1727 5729 καὶ
1763 5668 2144 5742 διαμαρτάνων
2176 5661 2284 5718 τῶν
2307 5663 2366 5717 ὲν
2395 5662 2482 5717 αὖ.
