3928 6266
295 359 430 415 1013

1273 363 1636 422 ΗιΡΡΑΒΟΗΙ
1679 366 1768 420 AD
1807 364 2252 422 ΡΗᾸΞΝΟΜΕΝΑ
2293 369 2417 424 LIB.
2447 370 2486 424 l.

3367 380 3508 439 1018

293 471 369 540 τῷ
392 471 818 543 ἐπιγραφομένῳ
855 473 1143 545 Ἐνόπτρῳ
1169 476 1260 537 τὸν
1281 480 1536 550 τροπικὸν
1563 478 1854 550 τέμνεσθαί

1985 496 2114 546 quem
2169 483 2501 552 Ἕνοπτρον
2544 483 2852 557 inscripsit,
2901 489 3168 558 tropicum
3214 490 3288 545 ita
3329 497 3501 548 secari

296 581 458 636 φησιν
479 563 673 628 οὕτως,
703 563 842 620 ὥστε
869 566 1023 637 λόγον
1052 567 1193 640 ἔχειν
1217 569 1284 624 τὰ
1311 576 1568 644 τμήματα
1603 572 1736 644 πρὸς
1763 573 1854 627 ἆλ-

295 657 429 728 ληλα
457 658 550 711 τὸν
573 659 754 724 αὐτὸν,
786 656 896 713 οἷον
925 659 1036 731 ἔχει
1069 662 1140 718 τὰ,
1173 669 1213 716 ε’
1245 664 1380 734 πρὸς
1408 664 1476 718 τὰ
1508 670 1577 733 γ’.

366 774 441 827 Δ’.
476 773 599 827 Ὅτι
636 773 730 845 μὲν
761 769 853 830 οῦν
877 777 1088 850 Εὐδόξῳ
1114 778 1553 850 ἐπακολουθήσας
1573 781 1601 832 6
1625 781 1858 852 ’Ἄρατος

299 865 591 936 συντέταχε
623 866 690 920 τὰ
717 870 1065 939 Φαινόμενα,
1091 871 1286 934 ἱκανῶς
1315 867 1464 941 οἶμαι
1484 871 1748 926 δεικνύναι
1772 873 1858 926 διὰ

296 957 403 1011 τῶν
429 960 840 1031 προειρημένων
859 978 871 991 ·
907 964 964 1016 ἐν
993 957 1074 1026 οἷς
1109 962 1165 1016 δὲ
1209 963 1585 1017 διαπίπτουσιν
1613 959 1759 1019 οὗτοί
1797 981 1857 1018 τε

300 1051 388 1106 καὶ
408 1051 456 1103 οἱ
482 1055 1009 1126 συνεπιγραφόμενοι
1036 1057 1238 1122 αὐτοῖς,
1258 1051 1330 1112 ῶν
1353 1059 1467 1112 ἐστι
1494 1059 1587 1112 καὶ
1615 1060 1644 1112 6
1665 1061 1860 1115 Ἀττα-

298 1140 404 1206 λος,
436 1142 535 1197 νῦν
563 1145 914 1216 ὐποδείξομεν
939 1165 954 1180 ο
987 1147 1332 1220 ἐκθησόμεθα
1364 1151 1420 1204 δὲ
1443 1150 1642 1216 εὐθέως
1678 1153 1773 1206 καὶ
1802 1155 1859 1208 ὲν

297 1227 375 1296 οἷς
401 1233 512 1306 ἰδίᾳ
533 1235 760 1300 ἕκαστος
788 1238 966 1292 αὐτῶν
998 1239 1372 1312 διαμαρτάνει.
1402 1243 1744 1314 Προληπτέον
1779 1245 1857 1308 δὲ,

297 1324 427 1380 διότι
471 1328 739 1393 Ἀτταλος
788 1332 920 1384 πᾶσι
969 1333 1152 1403 σχεδὸν
1190 1336 1303 1398 τοῖς
1345 1335 1448 1388 ὐπὸ
1496 1335 1590 1393 τοῦ
1634 1337 1859 1408 Ἀράτου

1954 572 2134 638 docet,
2174 585 2232 628 ut
2266 589 2328 628 ea
2366 577 2436 630 sit
2469 576 2607 630 ratio
2641 585 3042 648 segmentorum
3087 584 3229 638 inter
3269 599 3347 646 se,
3385 601 3506 642 suae

1953 673 2036 720 est
2059 667 2091 720 5
2115 667 2178 722 ad
2213 668 2264 722 5.

2030 780 2179 850 101
2215 781 2298 838 ιν.
2319 775 2539 837 Aratum
2559 783 2722 855 igitur
2737 784 2960 842 Euooxo
2977 787 3030 841 in
3047 789 3298 844 omnibus
3317 804 3506 845 assen~

1959 871 2176 928 tientem
2233 872 2584 930 Phwnomena
2633 891 2730 932 sua
2783 878 3196 948 conscripsisse,
3246 879 3380 934 satis
3423 896 3510 935 me

1962 965 2196 1020 arbitror
2220 967 2484 1024 hactenus
2510 967 2832 1025 ostendisse.
2891 969 3046 1025 Nunc
3076 979 3146 1026 eat
3159 971 3511 1027 'demonstra-

1957 1057 2156 1122 bimus,
2211 1059 2266 1114 in
2323 1061 2521 1130 quibus
2577 1069 2684 1116 tam
2749 1063 3065 1120 aberrarunt
3113 1065 3274 1119 iidem
3328 1065 3508 1127 ambo,

1958 1165 2123 1219 quam
2159 1151 2250 1220 qui
2279 1151 2386 1206 illis
2424 1151 2868 1223 subscripserunt
2900 1173 2912 1207 :
2953 1170 2984 1208 e
3010 1154 3207 1225 quibus
3241 1161 3324 1209 est
3356 1152 3511 1207 Atta-

1959 1239 2066 1293 lus.
2101 1240 2308 1304 Quibus
2347 1256 2411 1295 ea
2451 1241 2705 1314 deinceps
2743 1244 3078 1314 adjiciemus,
3115 1260 3234 1316 quae
3264 1245 3518 1316 privatim

1961 1330 2029 1385 ab
2064 1346 2389 1402 unoquoque
2417 1341 2637 1403 peccata
2683 1344 2830 1391 sunt.
2872 1334 2976 1392 Sed
3013 1336 3144 1391 illud
3183 1344 3338 1392 antea
3367 1338 3516 1406 cogi-

296 1416 612 1488 λεγομένοις
646 1423 772 1492 περὶ
809 1423 916 1478 τῶν
957 1425 1220 1494 οὐρανίων
1261 1429 1747 1499 συνεπιγράφεται,
1786 1429 1861 1494 ῶς

1985 1422 2185 1477 andum
2231 1433 2312 1479 est
2345 1443 2358 1478 :
2392 1423 2626 1480 Attalum
2657 1427 2910 1482 omnibus
2942 1426 3076 1492 fere,
3112 1443 3231 1499 quae
3257 1427 3324 1482 ab
3349 1427 3516 1483 Arato

300 1511 606 1580 συμφώνως
651 1516 763 1592 τοῖς
808 1516 1150 1587 φαινομένοις
1184 1517 1276 1570 ὐπ’
1319 1518 1482 1572 αὐτοῦ
1529 1519 1862 1592 λεγομένοις,

1985 1513 2276 1570 :mlestibus
2317 1515 2386 1570 de
2432 1516 2596 1572 rebus
2629 1516 2844 1588 prodita
2887 1526 3036 1584 sunt,
3079 1519 3356 1581 assentiri,
3394 1526 3518 1572 tan-

300 1602 436 1674 πλὴν
471 1605 560 1674 ἐφ’
590 1606 707 1670 ἐνὸς
741 1588 838 1662 καὶ
882 1609 1164 1681 δευτέρουο
1200 1611 1237 1666 ὃ.
1279 1612 1342 1684 δὴ
1382 1612 1476 1666 καὶ
1515 1588 1863 1684 ὑποδείξομεν

1985 1620 2126 1676 luam
2178 1612 2327 1660 recte
2372 1615 2427 1660 et
2482 1614 2845 1677 congruenter
2906 1608 2998 1672 iis,
3051 1623 3173 1678 quae
3233 1615 3514 1678 apparent,

300 1694 356 1747 ὲν
395 1699 515 1761 τοῖς
559 1697 774 1770 ἐφεξῆς.
834 1701 997 1780 Λέγει
1031 1703 1161 1772 γοῦν
1225 1704 1283 1758 ὲν
1326 1704 1404 1776 τῷ
1465 1705 1730 1776 προοιμίῳ
1773 1705 1872 1762 τὸν⁷

1985 1697 2231 1768 explicata
2280 1696 2518 1765 fuerint;
2565 1699 2611 1754 si
2655 1715 2824 1754 unum
2873 1700 2959 1755 vel
3000 1700 3226 1754 alterum
3254 1699 3518 1769 excipias,

299 1790 502 1886 τρόπον
534 1791 756 1846 τοῦτον·
805 1811 823 1844 ι
849 1795 940 1849 Διὸ
979 1797 1043 1866 δὴ
1083 1798 1203 1851 τότε
1254 1797 1347 1852 τοῦ
1386 1799 1610 1870 Ἀράτου
1663 1798 1862 1870 βιϐλίον

1985 1790 2030 1846 lc
2073 1791 2272 1860 quibus
2320 1800 2505 1862 postea
2555 1791 2784 1846 dicetur.
2823 1791 2914 1847 Sic
2951 1791 3114 1862 igitur
3152 1792 3230 1846 in.
3257 1790 3527 1861 procemio

299 1878 780 1954 ὲξαπεστάλκαμέν
806 1904 887 1939 σοι
914 1887 1286 1960 διωρθωμένον
1317 1890 1406 1960 ὑφ’
1434 1890 1614 1962 ἡμῶν,
1643 1892 1735 1944 καὶ
1763 1891 1874 1962 τὴν.

1988 1884 2206 1954 oquitur
2245 1883 2457 1941 Attalus
2515 1903 2528 1940 :
2583 1902 2603 1936 ι
2654 1884 2945 1956 Propterea
2984 1899 3085 1938 nos
3130 1882 3278 1938 Arati
3321 1882 3530 1937 librum.

301 1972 564 2046 ἐξήγησιν
615 1978 813 2044 αὐτοῦ,
839 1983 948 2045 τοῖς
990 1999 1050 2034 τε
1085 1982 1428 2053 φαινομένοις
1473 1983 1678 2038 ἕκαστα
1723 1985 1867 2054 σύμ-

1985 1977 2030 2031 ιςΙ
2073 1985 2125 2032 te
2159 1977 2404 2034 misimus
2433 1976 2776 2032 emendatum
2806 1992 2836 2030 a
2865 1976 3042 2042 nobis,
3073 1991 3180 2030 una
3218 1989 3342 2031 cum
3376 1974 3530 2030 illius

303 2083 454 2134 φωνα
495 2071 816 2140 ποιήσαντες
841 2074 934 2126 καὶ
961 2077 1072 2138 τοῖς
1103 2076 1206 2128 ὑπὸ
1237 2076 1330 2128 τοῦ
1367 2075 1589 2147 ποιητοῦ
1620 2093 1866 2148 γεγραμ-

1989 2071 2429 2141 nterpretatione,
2485 2069 2620 2126 adeo
2674 2077 2734 2124 ut
2785 2077 2840 2125 et
2895 2067 3230 2141 apparentiis
3289 2081 3533 2124 consen~

302 2158 490 2230 μένοις
517 2162 796 2218 ἀκόλουθα.
826 2183 843 2216 ι
878 2166 986 2219 Καὶ
1025 2167 1183 2221 πάλιν
1215 2167 1342 2238 ἑξῆς
1388 2185 1551 2238 φησιο
1586 2187 1604 2219 ι
1628 2168 1778 2239 Τάχα
1805 2169 1863 2222 δέ

1985 2176 2128 2216 ,anea
2173 2167 2232 2216 et
2285 2175 2407 2216 cum
2446 2167 2617 2231 poetae
2660 2159 2974 2215 narratione
3021 2156 3378 2230 congruentia
3411 2157 3526 2212 sin-

298 2265 448 2313 τινες
473 2251 788 2323 ἐπιζητοῦσι
811 2254 912 2307 τίνι
935 2256 1076 2327 λόγῳ
1107 2258 1414 2322 πεισθέντες
1445 2258 1620 2330 φαμὲν
1646 2258 1867 2314 ἀκολού-

298 2339 414 2404 θως
442 2345 507 2414 τῇ
553 2342 647 2396 τοῦ
693 2346 916 2416 ποιητοῦ
956 2348 1266 2420 προαιρέσει
1308 2349 1405 2422 τὴν
1450 2349 1730 2420 διόρθωσιν
1771 2350 1864 2404 τοῦ

303 2431 517 2501 βιϐλίου
551 2436 897 2508 πεποιῆσθαι.
931 2439 1118 2510 Ἡμεῖς
1143 2441 1200 2494 δὲ
1231 2442 1663 2514 ἀναγκαιοτάτην
1689 2443 1867 2498 αἰτίαν

301 2525 627 2598 ἀποδίδομεν
656 2529 752 2600 τὴν
780 2529 870 2584 τοῦ
915 2532 1138 2602 ποιητοῦ
1182 2535 1517 2604 συμφωνίαν.
1554 2553 1572 2586 ι
1601 2535 1867 2607 Τοιαύτην

301 2611 398 2669 οὐν
425 2616 638 2688 ἔχοντος
661 2621 752 2673 τοῦ
789 2624 1040 2678 Ἀττάλου
1070 2625 1168 2698 τὴν
1200 2626 1468 2698 διάληψιν,
1503 2630 1604 2682 ὅσα
1641 2628 1707 2682 ἂν
1733 2629 1868 2682 ἀπο-

301 2707 637 2781 δεικνύωμεν
665 2712 772 2766 τῶν
797 2715 898 2767 ὐπὸ
918 2715 1010 2768 τοῦ
1048 2718 1273 2790 ’Λράτου
1301 2720 1390 2772 καὶ
1422 2719 1651 2786 Εὐδόξου
1678 2720 1870 2784 κοινῶς

303 2797 614 2870 λεγομένων
640 2803 1010 2884 διαφωνοῦντα
1038 2809 1174 2878 πρὸς
1202 2808 1271 2862 τὰ
1302 2810 1621 2880 φαινόμενα,
1659 2809 1740 2864 δεῖ
1764 2810 1871 2864 δια-

302 2888 607 2959 λαμϐάνειν
628 2896 721 2948 καὶ
748 2896 835 2948 τὸν
862 2897 1120 2952 Ἄτταλον
1153 2899 1282 2970 περὶ
1311 2899 1420 2955 τῶν
1446 2900 1621 2955 αὐτῶν
1641 2902 1872 2972 διημαρ-

302 2983 554 3054 τημένως
587 2988 1133 3059 συναποφαινόμενον.

1968 2255 2094 2326 gula
2138 2253 2462 2310 faceremus.
2504 2272 2524 2306 ι
2563 2251 2708 2309 Idem
2750 2253 3009 2322 deinceps
3043 2243 3272 2308 adeum
3303 2248 3530 2305 modum

1969 2347 2156 2402 scribit
2216 2363 2228 2398 :
2278 2363 2296 2398 ι
2359 2344 2613 2413 Quaerent
2662 2345 2829 2416 aliqui
2876 2343 3108 2398 fortasse
3156 2355 3264 2412 qua
3315 2339 3527 2395 ratione

1970 2439 2095 2496 freti
2138 2439 2458 2505 dixerimus,
2490 2446 2856 2496 consentanee
2895 2443 3066 2506 poeta:
3095 2433 3373 2506 proposito
3401 2431 3531 2487 libri

1971 2549 2071 2590 nos
2117 2533 2265 2590 illius
2313 2532 2746 2588 emendationem
2801 2529 3124 2586 instituisse.
3175 2526 3349 2597 Hujus
3399 2541 3528 2580 vero

1975 2640 2194 2682 causam
2215 2641 2317 2680 nos
2352 2624 2680 2696 prmeipuam
2721 2621 3062 2687 adducimus,
3094 2627 3266 2691 poetae
3297 2633 3531 2674 consen-

1974 2719 2204 2776 sionem.
2275 2737 2295 2770 ι
2340 2718 2475 2774 Cum
2541 2719 2654 2773 haec
2713 2715 2876 2771 Attali
2925 2715 3190 2770 sententia
3240 2713 3332 2776 sit,
3391 2727 3531 2782 qure-

1975 2827 2189 2882 cunque
2229 2811 2298 2868 ah
2349 2811 2535 2875 Arato,
2579 2811 2661 2866 vel
2717 2809 2940 2864 Eudoto
2989 2807 3346 2862 communiter
3384 2805 3537 2859 dicta

1975 2902 2200 2958 minime
2255 2917 2378 2956 cum
2435 2901 2766 2973 apparentiis
2827 2899 3120 2954 convenire
3193 2897 3532 2951 demonstra-

1979 2995 2179 3059 bimus,
2211 2994 2401 3050 eadem
2435 2993 2503 3049 ab
2536 2992 2716 3048 Attalo
2744 3006 2959 3064 quoque
2993 2987 3290 3061 putandum
3329 2987 3533 3055 scripta

1975 3104 2096 3144 esse
2125 3086 2405 3143 mendose.

379 3180 454 3234 E'.
490 3181 714 3252 Πρῶτον
751 3184 848 3255 μὲν
883 3179 974 3238 οὖν
1012 3188 1041 3238 6
1084 3187 1319 3256 ’Ἄρατος
1355 3186 1564 3256 ἀγνοεῖν
1601 3204 1689 3258 μοι
1731 3187 1874 3240 δοκεῖ

2050 3197 2116 3253 V.
2152 3197 2395 3253 Primum
2422 3197 2587 3268 igitur
2599 3197 2800 3250 Aratus
2826 3195 2878 3249 in
2900 3193 3097 3249 mundi.
3123 3191 3230 3247 situ
3250 3190 3547 3244 aberrasse

306 3271 372 3324 1‘5
422 3271 656 3345 ἕγκλιμα
682 3273 776 3328 τοῦ
820 3277 1047 3348 κόσμου,
1094 3279 1328 3348 νομίζων
1358 3281 1414 3333 έν
1447 3283 1558 3343 τοῖς
1602 3279 1729 3351 περὶ
1781 3279 1876 3351 τὴν

321 3362 551 3419 Ἐλλάδα
582 3367 767 3430 τόποις
812 3369 1050 3423 τοιοῦτον
1096 3365 1252 3438 εἶναι,
1290 3371 1429 3425 ὥστε
1462 3373 1559 3441 τὴν
1617 3371 1876 3444 μεγίστην

310 3455 528 3528 ἡμέραν
576 3456 732 3527 λόγον
765 3458 906 3530 ἔχειν
944 3461 1080 3532 πρὸς
1111 3462 1208 3535 τὴν
1241 3463 1528 3534 ἐλαχίστην
1571 3462 1661 3517 τὸν
1694 3464 1875 3528 αὐτὸν,

312 3549 373 3603 ὃν
396 3550 508 3622 ἔχει
535 3552 606 3605 τὰ
629 3559 670 3606 ε’
710 3553 846 3624 πρὸς
883 3554 952 3607 τὰ
982 3562 1049 3624 γ’.
1085 3557 1246 3625 Λέγει
1275 3557 1383 3630 γὰρ
1411 3557 1504 3612 ἐπὶ
1542 3557 1636 3610 τοῦ
1668 3555 1877 3628 θερινοῦ

313 3644 576 3713 τροπικοῦ
601 3660 614 3675 ·

322 3802 441 3875 Τοῦ
464 3801 594 3875 ps:
611 3803 760 3858 ὅσον
787 3823 851 3858 τε
875 3805 1140 3875 μάλιστα
1171 3807 1244 3860 δι’
1271 3806 1422 3860 ὀκτὼ
1451 3806 1845 3875 μετωθέντος

316 3870 503 3946 nam
670 3875 838 3928 ἐνδια
861 3870 1197 3944 ἁτρέφετιιι,
1222 3879 1320 3932 καὶ
1352 3870 1642 3946 ὺπέρτέρα
1672 3870 1845 3945 γαίης·
1862 3893 1878 3908 ⁸

323 3942 400 3996 Τὰ
437 3945 570 4011 τρία
599 3943 658 3996 ‘6’
686 3946 756 3999 ἐν
781 3942 1028 4015 περάτῃζ
1461 3942 1475 3946 ⁷
1562 3942 1575 3945 ⁷
1623 3995 1626 3999 .
1681 3942 1689 3945 ⁷
1798 3942 1834 3984 λ

387 4097 460 4150 Συ
468 4101 766 4168 μφωνεῖται
792 4099 877 4170 δὴ,
893 4101 1028 4154 διότι
1058 4103 1117 4154 ἐν
1143 4102 1239 4172 μὲν
1257 4105 1368 4167 τοῖς
1390 4103 1519 4175 περὶ
1540 4103 1639 4174 τὴν
1663 4101 1883 4156 Ἐλλάδα

318 4187 508 4251 τόποις
543 4191 572 4242 6
617 4189 851 4261 γνώμων
892 4191 1050 4260 λόγον
1099 4191 1214 4262 ἔχει
1249 4193 1385 4264 πρὸς
1421 4193 1521 4264 τὴν
1567 4193 1884 4265 ἰσημερινὴν

321 4280 504 4348 σκιὰν,
543 4282 603 4335 ὃν
637 4282 748 4353 ἔχει
780 4284 847 4336 τὰ
878 4283 1118 4355 τέσσαρα
1162 4284 1298 4356 πρὸς
1336 4285 1406 4340 τὰ
1443 4286 1589 4357 τρία.
1642 4287 1788 4340 Ἐκεῖ
1821 4287 1884 4358 δὴ

318 4375 498 4427 τοίνυν
527 4376 560 4446 ἡ
597 4375 825 4447 μεγίστη
861 4375 1042 4446 ἡμέρα
1084 4377 1232 4430 ἐστὶν
1268 4376 1425 4448 ὡρῶν
1467 4377 1796 4450 ἰσημερινῶν
1827 4377 1884 4432 ιδ’

1976 3292 2195 3348 videtur
2233 3311 2246 3345 :
2285 3291 2377 3362 qui
2406 3289 2669 3360 ejusmodi
2708 3289 2859 3344 illum
2893 3302 3016 3344 esse
3051 3294 3204 3356 putat
3226 3284 3281 3338 in
3302 3281 3536 3348 Graecia,

1983 3391 2043 3438 ut
2066 3383 2300 3438 maxima
2330 3383 2448 3438 dies
2465 3397 2584 3437 eam
2617 3381 2684 3436 ad
2711 3381 2988 3436 minimam
3021 3379 3284 3433 rationem
3316 3375 3532 3440 habeat,

1978 3489 2140 3544 quam
2181 3476 2420 3545 quinque
2452 3475 2650 3530 habent
2681 3472 2748 3527 ad
2779 3472 2914 3529 tria.
2932 3469 3068 3526 Nam
3107 3468 3176 3524 de
3213 3467 3402 3522 αδειίνο
3427 3471 3540 3520 tra-

1977 3569 2098 3638 pico
2127 3567 2206 3622 sic
2227 3567 2466 3637 loquitur
2495 3585 2510 3621 :

1988 3811 2100 3866 Hoc
2129 3827 2276 3874 sane,
2305 3818 2531 3879 quantus
2551 3817 2776 3879 quantus
2803 3816 2904 3872 est,
2935 3807 2990 3859 in
3016 3813 3129 3879 octo
3155 3809 3328 3873 partes
3350 3799 3546 3867 diviso,

1985 3881 2222 3951 Quinque
2250 3879 2455 3952 quidern
2481 3883 2754 3934 volvuntur
2773 3893 2933 3947 supra
2968 3886 3161 3930 terram
3189 3891 3209 3940 ;

1985 3953 2111 4007 Tres
2139 3950 2314 4005 autem
2345 3950 2508 4019 infra.

2055 4109 2153 4166 Est
2193 4117 2372 4165 autem
2420 4107 2562 4180 apud
2609 4123 2799 4164 omnes
2837 4107 2894 4162 in
2931 4103 3206 4168 confesso,
3239 4102 3296 4158 in
3322 4099 3551 4157 Graeciae

1987 4206 2166 4255 tractu
2197 4187 2522 4271 gnomonem
2570 4197 2712 4253 hanc
2743 4197 2811 4251 ad
2835 4193 3265 4266 aquinoctialem
3296 4189 3555 4245 umbram:

1988 4289 2395 4362 proportionem
2434 4289 2664 4351 habere,
2717 4300 2839 4357 qua:
2885 4293 2970 4340 est
3009 4289 3242 4354 quatuor
3291 4278 3359 4334 ad
3415 4277 3541 4331 tria.

1989 4381 2168 4449 Quare
2223 4381 2420 4437 ibidem
2480 4379 2716 4434 maxima
2770 4377 2886 4432 dies
2938 4376 3197 4430 horarum
3248 4380 3328 4428 est
3371 4369 3556 4440 atquin

321 4467 418 4520 καὶ
459 4472 509 4534 γ’
550 4466 776 4534 έγγιστα
826 4465 1280 4537 πεμπτημορίων.
1315 4465 1387 4518 Τὸ
1436 4466 1492 4518 δὲ
1537 4466 1749 4539 ἔξαρμα
1791 4467 1877 4521 τοῦ

1993 4475 2309 4529 noctialium
2339 4473 2405 4526 l4
2445 4479 2499 4527 et
2549 4470 2631 4525 ὅθ’
2662 4469 2898 4524 circiter.
2932 4465 3050 4523 Poli
3096 4473 3273 4520 autem
3317 4460 3546 4516 altitudo

322 4560 488 4612 πόλου
528 4558 734 4630 μοιρῶν
775 4559 853 4623 λζ’
882 4559 958 4622 ὡς
1002 4557 1250 4628 ἔγγιστα.
1296 4561 1468 4613 Ὅπου
1505 4559 1620 4632 su)
1656 4563 1884 4634 μεγίστη

323 4651 509 4724 ἡμέρα
548 4651 705 4721 λόγον
753 4651 866 4723 ἔχει
912 4653 1047 4724 πρὸς
1089 4653 1185 4725 τὴν
1217 4654 1529 4724 ἐλαχίστην,
1565 4655 1624 4708 ὃν
1671 4655 1783 4727 ἔχει
1822 4656 1892 4709 τὰ

325 4749 365 4797 ε’
394 4745 532 4814 πρὸς
560 4744 630 4798 τὰ
657 4751 725 4813 γ’,
745 4746 863 4798 ἐκεῖ
892 4747 924 4816 ἠ
959 4746 1058 4816 μὲν
1089 4746 1322 4818 μεγίστη
1354 4747 1535 4818 ἡμέρα
1566 4748 1711 4803 ἐστὶν
1733 4747 1897 4819 ὡρῶνε

332 4840 390 4885 ιε’
409 4851 422 4864 ’
450 4833 513 4886 τὸ
536 4834 593 4890 δὲ
622 4835 836 4907 ἕξαρμα
868 4835 977 4888 τοῦ.
1000 4835 1162 4889 πόλου
1191 4836 1393 4908 μοιρῶν
1417 4844 1504 4908 μα’
1535 4836 1612 4900 ὼς
1645 4835 1891 4905 ἔγγιστα.

330 4924 496 4994 Δῆλον
521 4924 722 4992 τοίνυν,
740 4925 820 4978 ὅτι
845 4925 906 4978 οὐ
931 4924 1153 4978 δυνατὸν
1177 4927 1235 4979 ἐν
1263 4927 1375 4988 τοῖς
1401 4926 1528 4997 περὶ
1550 4925 1648 4997 τὴν
1671 4924 1902 4980 Ἑλλάδα

222 5062 226 5066 .
330 5013 422 5066 τὸν
453 5015 851 5086 προειρημένον
884 5011 1025 5068 εἶναι
1057 5013 1214 5082 λόγον
1249 5015 1352 5084 τῆς
1389 5015 1651 5086 μεγίστης
1685 5015 1896 5087 ἡμέρας

335 5106 469 5178 πρὸς
497 5107 598 5177 τὴν
645 5107 957 5178 ἐλαχίστην,
987 5107 1125 5161 ἀλλὰ
1159 5107 1358 5178 μᾶλλον
1384 5109 1441 5160 ὲν
1493 5109 1605 5170 τοῖς
1635 5107 1764 5179 περὶ
1805 5105 1896 5161 τὸν

347 5198 740 5269 Ἑλλήσποντον
784 5201 990 5263 τόποις.
1029 5199 1286 5268 Καίτοιγε
1329 5201 1357 5253 6
1393 5199 1489 5270 μὲν
1516 5198 1771 5270 Ἄρατος,
1800 5197 1899 5251 οὐκ

339 5290 430 5359 ἀφ’
456 5292 652 5344 ἑαυτοῦ
679 5291 860 5363 κρίσιν
890 5292 1018 5363 περὶ
1047 5291 1157 5346 τῶν
1184 5291 1440 5345 τοιούτων
1475 5289 1898 5363 προφερόμενος,

340 5383 617 5454 γέγραφεν
644 5426 659 5450 ,
696 5383 833 5437 ἀλλὰ
876 5384 954 5454 τῷ
982 5384 1199 5455 Εὐδόξῳ
1231 5385 1326 5438 καὶ
1372 5384 1500 5455 περὶ
1544 5383 1733 5436 τούτου
1767 5399 1900 5436 κατ-

339 5477 707 5550 ακολουθήσας
726 5495 740 5508 ·
780 5481 827 5532 εί
851 5479 908 5532 δὲ
935 5479 1028 5534 καὶ
1057 5481 1148 5549 ἀφ’
1181 5477 1372 5532 ἑαυτοῦ
1394 5478 1690 5550 γέγραφεν,
1709 5476 1768 5530 οὐ
1791 5476 1904 5529 δια·

346 5573 597 5643 σαφησας
633 5574 691 5625 ὲν
713 5572 882 5637 ποίοις
904 5574 1050 5627 ἐστὶν
1078 5576 1110 5646 ἡ
1137 5573 1504 5646 προειρημένη
1545 5571 1785 5641 ἔγκλισις
1809 5569 1902 5626 τοῦ

347 5666 588 5737 κόσμου,
643 5667 784 5736 τάχα
841 5665 906 5720 ἂν
961 5667 1102 5722 κατά
1146 5683 1210 5736 γε
1255 5664 1414 5718 τοῦτο
1458 5664 1796 5736 διακρούοιτο
1843 5662 1906 5716 τὸ

348 5755 616 5830 ιγκλημα.
703 5757 760 5812 '0
821 5756 1066 5827 μέντοιγε
1130 5757 1392 5822 ’Ἄτταλος
1465 5755 1906 5830 ὁμολογουμένως

1993 4566 2224 4634 partium
2257 4569 2340 4619 est
2370 4562 2480 4618 fere
2514 4561 2602 4616 57.
2641 4561 2712 4614 At
2757 4560 2848 4615 ubi
2885 4557 3134 4613 maxima:
3179 4555 3286 4611 diei
3321 4554 3458 4608 ratio
3479 4551 3548 4606 ad

1996 4655 2371 4711 brevissimam
2409 4651 2680 4720 eiusmodi
2710 4658 2814 4715 est,
2851 4649 3028 4720 qualis
3053 4653 3136 4702 est
3157 4647 3190 4702 5
3220 4644 3287 4700 ad
3306 4644 3363 4706 5,
3393 4642 3466 4696 ibi
3495 4649 3550 4695 et

1995 4747 2112 4802 dies
2154 4745 2388 4799 maxima
2437 4743 2696 4798 horarum
2738 4751 2822 4796 est
2863 4740 2951 4805 15,
3004 4745 3058 4794 et
3097 4737 3256 4809 polus
3294 4733 3550 4806 gradibus

1991 4839 2056 4892 41
2091 4837 2309 4892 circiter
2339 4835 2623 4889 attollitur.
2658 4833 2898 4903 Apparet
2921 4845 3052 4901 ergo
3085 4829 3200 4884 ﬁeri
3224 4842 3334 4882 non
3366 4837 3546 4894 posse,

1995 4937 2058 4985 ut
2096 4929 2149 4982 in
2190 4925 2396 4982 Graecia
2432 4925 2574 4980 ratio
2612 4926 2705 4980 illa
2746 4925 2818 4979 sit
2853 4923 3105 4978 maximae
3140 4921 3244 4977 diei
3290 4918 3358 4973 ad
3399 4917 3553 4972 mini-

1995 5037 2139 5076 mam
2167 5063 2185 5086 ,
2240 5018 2336 5075 sed
2386 5019 2567 5089 potius
2613 5018 2667 5074 id
2719 5018 2777 5072 in
2821 5014 3154 5086 Hellesponti
3191 5020 3370 5067 tractu
3422 5025 3548 5065 con-

1995 5113 2223 5182 tingere.
2278 5108 2600 5178 Quanquam
2640 5124 2750 5164 non
2786 5123 2854 5162 ex
2895 5113 3087 5176 suopte
3117 5102 3325 5174 judicio
3371 5102 3439 5156 iis
3487 5104 3555 5155 de

1997 5204 2162 5259 rebus
2195 5203 2556 5274 pronuntians
2602 5201 2708 5258 ista
2736 5199 2957 5269 scripsit
2981 5196 3212 5262 Aratus;
3243 5193 3335 5249 sed
3364 5191 3420 5246 in
3448 5191 3554 5246 illis

2000 5298 2162 5354 etiam
2205 5296 2449 5352 imitatus
2495 5294 2800 5350 Eudoxum.
2846 5290 2999 5358 Quod
3047 5289 3093 5343 si
3141 5285 3405 5358 judicium
3443 5281 3558 5352 ipse

2002 5405 2165 5446 suum
2207 5388 2621 5460 interposuerit,
2685 5395 2865 5441 tamen
2915 5398 3037 5439 cum
3083 5381 3136 5436 id
3179 5394 3287 5434 non
3335 5391 3558 5447 expres-

2004 5482 2172 5548 serit,
2216 5483 2546 5552 quibusnam
2601 5476 2913 5550 regionibus
2955 5474 3114 5529 talem
3158 5471 3280 5526 ειειί
3327 5471 3557 5538 positum

2005 5575 2348 5639 attribuerit,
2416 5573 2524 5629 bac
2566 5573 2778 5628 ratione
2835 5567 3049 5638 culpam
3095 5580 3128 5620 a
3177 5578 3237 5619 se
3281 5559 3562 5631 deprecari

2005 5667 2240 5724 videtur.
2275 5665 2489 5723 Attalus
2528 5679 2660 5720 vero
2704 5662 2840 5718 citra
2873 5654 3297 5714 controversiam
3328 5649 3554 5718 castiga-

2012 5759 2165 5818 tione
2208 5758 2406 5829 dignus
2457 5763 2562 5825 est,
2615 5755 2707 5829 qui
2765 5753 2965 5810 diserte
3018 5749 3208 5807 scribit
3256 5746 3311 5801 in
3359 5738 3568 5799 (ἔγκεἰά
