3928 6266
397 381 536 439 1015

1372 365 1466 421 AD
1502 359 1773 421 EUSEBII
1808 353 2200 416 CIIBONICON
2234 351 2593 410 APPENDIX.

3468 336 3603 393 ιοιο

393 491 664 569 ejusmodi
689 502 811 547 esse
841 485 1089 543 maxima
1118 482 1226 538 diei
1254 480 1520 536 rationem
1545 477 1614 533 ad
1646 475 1944 538 minimam,

2071 472 2264 546 “mmet,
2288 471 2460 540 λέγων
2496 470 2555 523 ὲν
2579 468 2691 531 τοῖς
2732 464 2860 538 ’περὶ⁵
2903 461 3002 535 τὴν
3036 457 3257 515 Ἑλλάδα
3291 455 3478 521 τόποις
3510 455 3606 528 τὴν

393 558 555 658 quam
602 582 807 659 habent
846 580 880 634 5
919 577 988 632 ad
1032 576 1084 631 5.
1122 572 1421 643 Postquam
1462 569 1604 626 enim
1643 558 1794 620 Arati
1826 578 1949 621 cara

2056 565 2323 636 μεγίστην
2375 561 2586 634 ἡμέραν
2619 558 2754 631 πρὸς
2789 558 2888 628 τὴν
2928 553 3212 625 ἐλαχίστην
3250 549 3407 618 λόγον
3445 546 3604 618 ἔχειν,

394 637 539 732 mina
563 675 630 730 de
669 654 857 728 astiro
878 667 1087 737 tropico
1116 637 1339 719 adduxit
1380 662 1438 716 in
1479 658 1737 719 medium,
1765 655 1949 711 statim

2071 676 2108 712 IV
2141 655 2209 709 τὰ
2242 661 2281 708 ε’
2322 652 2457 724 πρὸς
2492 652 2564 705 τὰ
2589 657 2658 720 γ’.
2699 647 3101 720 Προεκθέμενος
3130 644 3239 714 γὰρ
3268 641 3339 695 τὰ
3381 641 3478 693 ἐπὶ
3516 637 3607 693 τοῦ

394 766 500 822 ista
527 764 758 834 subjecit
787 778 802 814 :
842 779 861 813 ι
906 758 966 813 ln
989 757 1107 830 jhoc
1135 771 1264 812 vero
1294 752 1578 826 perspicue
1615 749 1852 805 declarat
1891 760 1951 801 se

394 865 569 912 totum
601 856 655 910 id
692 854 872 924 operis
900 853 955 906 in
985 847 1206 905 Gracia
1235 844 1547 916 regionibus
1582 841 1947 897 elucubrasse.

2056 745 2272 819 θερινοῦ
2307 742 2566 817 τροπικοῦ
2597 742 2894 813 ποιήματα,
2924 736 3240 808 ἐπιφέρεται
3263 731 3447 787 ταυτίο
3472 750 3493 782 ι
3515 731 3610 784 Διὰ

2048 840 2108 894 δὲ
2139 838 2329 893 τούτου
2354 835 2583 908 φανερὸν
2610 836 2771 896 ποιεῖ,
2796 831 2929 885 διότι
2956 829 3052 901 τὴν
3078 827 3204 898 ὃλην
3232 822 3610 901 πραγματείαν

400 947 534 1002 Nam
589 914 744 1017 apud.
776 945 899 1000 illos
942 956 1007 997 ea
1046 940 1185 994 ratio
1230 914 1320 993 est
1361 935 1692 1006 longissima
1731 931 1839 987 diei
1883 927 1951 983 ad

2071 949 2110 985 ιν
2155 934 2268 995 τοῖς
2305 930 2434 1001 περὶ
2478 926 2576 998 τὴν
2615 923 2839 978 Ἐλλάδα
2886 923 3069 984 τόποις
3115 918 3425 987 πεποίηται.
3475 914 3610 984 Παρ’

400 1037 782 1095 brevissimam
818 1040 1052 1096 noctem,
1093 1043 1213 1100 qua
1239 1033 1324 1083 est
1358 1025 1392 1080 5
1420 1025 1487 1080 ad
1524 1025 1578 1081 3.
1619 1044 1638 1077 ι

562 1233 620 1286 in
659 1230 792 1287 illud
833 1238 993 1302 auget
1023 1227 1458 1291 admirationem,
1495 1221 1640 1295 quod
1669 1221 1954 1276 Eudoxum

408 1321 512 1377 alio
541 1319 595 1374 in
625 1320 763 1375 libro
790 1321 948 1390 longe
976 1319 1132 1373 aliter
1163 1316 1451 1388 scripsisse
1480 1330 1590 1369 non
1618 1310 1956 1367 animadver-

404 1411 551 1474 terit.
597 1418 927 1469 asserentem
984 1417 1320 1481 segmentum
1366 1407 1500 1462 illud
1542 1404 1757 1477 trepici,
1810 1401 1954 1473 quod

405 1513 569 1568 supra
611 1506 809 1552 terram
863 1505 968 1563 est,
1032 1499 1100 1552 ad
1153 1499 1407 1564 alterum,
1462 1496 1609 1566 quod
1654 1495 1756 1549 sub
1809 1501 1955 1547 terra

404 1590 676 1654 conditur,
722 1605 841 1645 eam
885 1590 1152 1645 rationem
1201 1589 1403 1645 habere
1443 1603 1564 1659 qua
1600 1596 1685 1642 est
1710 1585 1777 1640 12
1810 1584 1876 1638 ad
1902 1583 1954 1640 7.

402 1681 502 1738 Cui
534 1690 899 1738 consentanea
925 1681 1227 1754 Philippus,
1254 1692 1309 1738 et
1355 1681 1662 1751 complures
1693 1677 1784 1732 alii
1829 1675 1961 1731 scri-

402 1782 650 1843 pserunt,
713 1780 768 1829 et
823 1773 1180 1829 nihilominus
1234 1781 1478 1837 coortus,
1545 1778 1599 1826 et
1662 1781 1959 1825 cooccasus

403 1864 641 1921 siderum
673 1865 747 1920 ita
779 1865 1228 1936 perscripserunt,
1257 1873 1513 1934 tanquam
1548 1862 1697 1932 ipsos
1729 1859 1785 1915 in
1816 1860 1960 1914 Gra-

402 1954 504 2011 cia
564 1956 863 2028 provinciis
929 1956 1332 2013 observassent.
1384 1955 1465 2008 Ita
1521 1954 1578 2007 in
1630 1952 1736 2007 loci
1792 1950 1958 2019 hujus

404 2047 756 2104 inclinatione
782 2048 916 2120 fugit
942 2048 1063 2104 illos
1085 2048 1243 2103 ratio.
1270 2045 1380 2102 Nos
1402 2054 1582 2101 autem
1609 2044 1712 2098 hoc
1740 2043 1959 2098 illorum

403 2155 590 2196 errore
641 2141 1024 2210 pratermisso,
1063 2147 1233 2195 totam
1289 2153 1475 2195 eorum
1525 2137 1960 2192 lucubrationem

404 2232 471 2286 ad
502 2231 722 2289 Gracia
767 2223 1101 2289 horizontem
1136 2231 1435 2302 exegimus.
1482 2226 1600 2282 Non
1638 2229 1783 2283 enim
1817 2228 1960 2284 veri-

404 2321 536 2377 tatis
580 2329 884 2388 amantem,
932 2321 1029 2378 sed
1074 2321 1312 2377 inaniter
1366 2319 1647 2375 curiosum
1697 2319 1853 2374 decet
1902 2319 1960 2373 in

405 2410 541 2468 falsa
579 2413 797 2469 illorum
845 2414 1132 2487 hypothesi
1170 2411 1569 2475 convincenda,
1615 2421 1669 2467 et
1715 2412 1782 2467 iis
1824 2412 1960 2483 ipsis

403 2506 862 2577 reprehendendis
907 2514 1080 2563 totum
1124 2504 1426 2571 immorari,
1465 2505 1560 2561 sed
1599 2504 1645 2558 si
1674 2503 1740 2557 ad
1768 2504 1960 2559 obser-

403 2598 651 2655 vationes
680 2597 852 2655 factas
891 2598 947 2654 in
993 2598 1201 2655 Gracia
1240 2595 1640 2653 accommodari
1680 2604 1958 2665 queant...

401 2689 739 2746 Adhibcatur
765 2688 932 2761 igitur
959 2689 1029 2745 ad
1057 2704 1175 2746 eam
1211 2687 1701 2744 considerationem
1732 2686 1962 2742 horizon

401 2781 764 2853 Athenarum;
787 2780 881 2835 ubi
911 2781 1146 2835 maxima
1176 2779 1293 2835 dies
1323 2788 1407 2835 cst
1435 2778 1696 2833 horarum
1726 2778 1812 2844 14,
1841 2777 1958 2843 56';

402 2874 632 2928 altitudo
652 2889 780 2930 vero
804 2874 911 2944 poli
938 2871 1199 2943 graduum
1233 2871 1322 2925 57.

476 2963 553 3018 Ac
584 2962 653 3019 de
689 2965 892 3020 boreali
921 2965 1044 3035 polo
1083 2963 1251 3019 falsus
1283 2970 1367 3019 est
1395 2961 1678 3026 Eudoxus,
1720 2959 1848 3015 dum
1883 2958 1964 3014 sic

406 3055 597 3110 scribit
636 3071 651 3107 :
700 3073 719 3108 ι
754 3056 851 3112 Est
874 3072 1006 3112 vero
1035 3056 1189 3112 stella
1218 3055 1462 3126 quadam
1508 3055 1565 3109 in
1592 3053 1781 3109 eodem
1823 3065 1964 3107 sem-

2054 1022 2286 1085 ἐκείνοις
2336 1020 2448 1090 γάρ
2495 1019 2705 1087 ἐστινὴ
2750 1011 3064 1087 μακροτάτη
3110 1009 3291 1082 ἡμέρα
3335 1005 3475 1078 πρδς
3517 1003 3614 1075 τὴν

2061 1113 2395 1186 μικροτάτην
2424 1110 2614 1171 νύκτα,
2647 1107 2721 1169 ὡς
2744 1104 2810 1159 τὰ
2834 1102 2873 1157 ε’
2902 1104 3038 1174 πρὸς
3073 1100 3140 1155 τὰ
3162 1107 3232 1169 γ’.
3270 1117 3290 1151 ι

2127 1227 2253 1279 Ἔτι
2305 1225 2364 1277 δὲ
2406 1222 2603 1293 μᾶλλον
2639 1218 2967 1289 θαυμάσειεν
2997 1214 3061 1270 ἄν
3086 1230 3169 1277 τις
3206 1211 3322 1275 πῶς
3355 1225 3488 1263 ποτε
3520 1208 3616 1262 οὐκ

2055 1318 2324 1389 ἐπέστησε
2349 1314 2443 1368 τοῦ
2475 1311 2704 1379 Εὐδόξου
2743 1312 2798 1362 ὲν
2823 1309 2900 1379 τῷ
2939 1307 3109 1379 ἑτέρῳ
3132 1303 3469 1373 συντάγματι
3505 1299 3616 1353 δια-

2055 1409 2240 1481 φόρως
2280 1405 2597 1476 ἐκθεμένου,
2631 1402 2725 1457 καὶ
2763 1400 3084 1471 γράφοντος,
3128 1397 3210 1450 ὅτι
3242 1394 3303 1448 τὸ
3347 1392 3486 1464 ὑπὲρ
3517 1391 3618 1461 γῆν

2054 1502 2149 1556 τοῦ
2176 1497 2440 1571 τροπικοῢ
2472 1497 2667 1567 τμῆμα
2688 1493 2822 1562 πρὸς
2853 1492 2913 1545 τὸ
2935 1490 3039 1545 ὑπὸ
3068 1490 3167 1559 γῆν
3202 1487 3359 1554 λόγον
3382 1485 3519 1554 ἔχει,
3560 1481 3619 1535 δν

2055 1592 2123 1646 τὰ
2158 1591 2222 1662 ιβ’
2254 1591 2389 1662 πρὸς
2419 1589 2487 1643 τὰ
2537 1587 2581 1653 ζ’
2603 1603 2617 1617 ·
2664 1585 2864 1656 ὁμοίως
2901 1582 2959 1636 δὲ
2995 1581 3168 1650 τούτῳ
3209 1579 3305 1632 καὶ
3350 1575 3459 1629 τῶν
3494 1574 3621 1644 περὶ

2056 1684 2326 1737 Φίλιππον
2357 1679 2802 1752 ἀναγραφόντων,
2832 1675 2927 1730 καὶ
2962 1673 3136 1727 ἄλλων
3165 1670 3445 1724 πλειόνων.
3474 1666 3620 1735 Πλὴν

2060 1776 2516 1845 ὲπισυντετάχασι
2552 1772 2648 1845 μὲν
2680 1770 2779 1834 τὰς
2804 1764 3162 1829 συνανατολάς
3192 1780 3253 1817 τε
3287 1762 3380 1815 καί
3420 1774 3621 1826 συγκα-

2057 1867 2308 1932 ταδύσεις
2335 1867 2443 1920 τῶν
2487 1866 2720 1936 ἄστρων,
2755 1861 2829 1925 ὡς
2866 1861 2924 1913 ὲν
2956 1861 3067 1921 τοῖς
3097 1855 3224 1927 περὶ
3259 1853 3358 1924 τὴν
3397 1847 3621 1904 Ἐλλάδα

2056 1963 2242 2025 τόποις
2268 1957 2651 2031 τετηρημένων
2671 1970 2686 1985 ’
2721 1951 2860 2007 κατὰ
2879 1951 2938 2004 δὲ
2965 1951 3027 2003 τὸ
3054 1947 3288 2018 ἔγκλιμα
3310 1944 3419 1999 τῶν
3442 1942 3621 1995 τόπων

2057 2053 2485 2126 διημαρτήκασι,
2516 2045 2993 2118 Παραπέμψαντες
3010 2043 3056 2075 ⁵⁸
3084 2041 3241 2094 τοῦτο
3262 2039 3325 2091 τὸ
3349 2035 3621 2106 ἀγνόημα,

2057 2148 2156 2218 τὴν
2180 2146 2306 2216 ὃλην
2331 2141 2508 2198 αὐτῶν
2540 2137 2786 2204 σύνταξιν
2826 2131 3249 2205 ἐπεσκεψάμεθα
3286 2128 3422 2201 πρὸς
3446 2125 3540 2179 τὸν
3568 2126 3624 2176 ὲν

2058 2216 2127 2312 τῇ
2169 2237 2379 2292 Ἐλλάδι
2427 2233 2698 2307 ὁρίζοντα.
2744 2229 2878 2285 Οὐδὲ
2920 2229 3031 2300 γὰρ
3082 2223 3440 2296 φιλαλήθους,
3493 2216 3625 2272 ἀλλά

2060 2309 2444 2392 κενοσπούδου,
2478 2325 2539 2379 τὸ
2579 2322 2723 2378 κατὰ
2760 2320 2940 2375 πάντα
2974 2317 3277 2389 μαχόμενον
3305 2316 3374 2385 τῇ
3410 2309 3625 2379 διεψευ-

2062 2424 2236 2497 σμένῃ
2282 2419 2534 2475 ὑποθέσει
2578 2413 3043 2486 ἐπιλαμϐάνεσθαι
3075 2408 3288 2472 αὐτῶν,
3335 2404 3441 2459 κᾶν
3490 2401 3626 2474 τύχῃ

2062 2494 2369 2588 συμφ-ώνως
2395 2511 2663 2581 λεγόμενα
2681 2508 2795 2570 τοῖς
2821 2507 2878 2560 ἐν
2909 2506 2975 2575 τῇ
3015 2500 3223 2555 Ἐλλάδι
3256 2494 3621 2567 φαινομένοις.

2070 2584 2410 2659 ’Υποκείσθω
2434 2601 2491 2654 δὲ
2515 2601 2645 2671 ἡμῖν
2668 2596 2867 2668 ὁρίζων
2893 2593 3029 2665 πρὸς
3053 2589 3150 2660 τὴν
3193 2586 3486 2655 ἐπίσκεψιν
3515 2585 3544 2636 6
3568 2584 3625 2637 ὲν

2074 2699 2358 2768 Ἀθήναις’
2399 2685 2460 2747 οὗ
2493 2694 2638 2745 ἑστιν
2677 2691 2711 2760 ἡ
2748 2685 2979 2758 μεγίστη
3011 2681 3192 2754 ἡμέρα
3232 2677 3391 2768 ὡρῷν
3434 2679 3625 2747 ἰσημε-

2065 2766 2225 2861 ρινῶν
2252 2787 2311 2840 ιδ’
2361 2786 2455 2840 καὶ
2483 2790 2529 2853 τ
2568 2775 3035 2851 πεμπτημορίων’
3081 2772 3142 2827 τὸ
3180 2770 3239 2824 δὲ
3282 2767 3500 2839 ἕξαρμα
3536 2766 3624 2820 τοῦ

2062 2881 2227 2934 πόλου
2257 2876 2386 2948 περὶ
2413 2871 2615 2946 μοιρῶν
2637 2869 2735 2933 λζ’.

2133 2970 2270 3042 Περὶ
2326 2967 2424 3039 μὲν
2456 2961 2548 3019 οὖν
2578 2960 2672 3017 τοῦ
2717 2957 2925 3030 βορείου
2967 2954 3126 3009 πόλου
3160 2949 3387 3016 Εὔδοξος
3426 2948 3627 3017 ἀγνοεῖ,

2064 3038 2236 3133 λέγων
2269 3038 2474 3121 οὕτως·
2505 3074 2524 3107 ι
2552 3055 2711 3108 Ἔστι
2736 3050 2794 3104 δέ
2831 3066 2913 3112 τις
2949 3046 3124 3117 ἀστὴρ
3158 3043 3334 3115 μένων
3373 3040 3461 3095 ἀεὶ
3493 3038 3631 3093 κατὰ

404 3159 502 3215 per
525 3144 831 3203 consistens
855 3146 974 3202 loco
993 3161 1113 3217 qua
1143 3145 1359 3216 quidem
1391 3144 1548 3216 polus
1578 3150 1663 3198 est
1689 3140 1899 3196 mundi.
1938 3159 1956 3193 ι

2071 3128 2154 3211 τὸν
2186 3152 2345 3208 αὐτὸν
2379 3150 2564 3205 τόπον.
2605 3140 2772 3207 Οὗτος
2807 3142 2866 3195 δὲ
2895 3141 2924 3192 6
2964 3137 3138 3208 ἀστὴρ
3182 3135 3346 3198 πόλος
3380 3132 3499 3186 ἐστὶ
3536 3128 3631 3183 τοῦ

404 3235 541 3292 Nam
572 3237 626 3293 in
654 3238 781 3310 polo
811 3239 929 3308 ipso
965 3239 1118 3296 stella
1154 3239 1301 3294 nulla
1336 3238 1442 3293 sita
1469 3243 1555 3293 est
1583 3255 1597 3291 :
1636 3236 1729 3292 sed
1758 3250 1964 3291 vacuus

407 3341 493 3388 est.
534 3333 711 3398 locus,
762 3334 849 3389 cui
903 3334 1073 3390 stella
1119 3342 1232 3389 tres
1273 3331 1523 3401 adjacent
1571 3349 1586 3385 :
1635 3330 1965 3400 quibuscum

408 3434 668 3497 punctum
698 3428 875 3498 ipsum
899 3427 1007 3499 poli
1032 3426 1459 3498 quadrangulam
1488 3424 1709 3480 circiter
1738 3423 1966 3494 ﬁguram

409 3516 569 3572 etiicit
600 3535 615 3572 :
647 3522 709 3572 ut
736 3523 791 3573 et
826 3516 1058 3589 Pytheas
1085 3516 1443 3573 Massiliensis
1473 3516 1569 3570 ait.

482 3698 635 3770 102
680 3696 771 3752 Vl.
811 3693 1118 3752 Secundum
1156 3693 1270 3748 hac
1314 3707 1414 3764 par
1438 3692 1681 3747 omnium
1723 3705 1878 3747 error
1912 3689 1969 3744 in

407 3789 671 3846 Draconis
708 3787 1087 3844 constituendo
1123 3785 1232 3840 situ
1282 3805 1294 3839 :
1337 3783 1496 3854 cujus
1547 3784 1743 3838 ﬂexum
1783 3781 1972 3837 existi-

407 3887 559 3935 mant
618 3880 766 3934 circa
824 3879 1050 3933 minoris
1109 3875 1262 3932 Ursae
1327 3882 1489 3944 caput
1563 3873 1699 3928 ﬁeri.
1756 3870 1970 3927 Etenim

409 3971 756 4028 lucidissima
798 3969 1287 4038 antecedentesque
1332 3967 1635 4030 stellarum,
1692 3978 1816 4035 qua
1843 3971 1971 4018 sunt

410 4065 465 4119 in
536 4063 685 4119 illius
765 4061 1055 4122 laterculo,
1117 4073 1347 4130 quarum
1420 4057 1623 4112 alterca
1703 4054 1975 4110 borealior

408 4155 705 4211 secundum
774 4154 896 4209 illos
950 4165 1115 4222 supra
1163 4155 1325 4219 caput
1374 4147 1547 4217 ipsius
1607 4151 1738 4212 est;
1805 4144 1971 4199 altera

2067 3249 2292 3318 κόσμου.
2319 3262 2338 3296 ›
2378 3241 2502 3297 Ἐπὶ
2523 3237 2632 3310 γὰρ
2666 3235 2760 3290 τοῦ
2790 3231 2953 3287 πόλου
2972 3229 3094 3284 οὐδὲ
3116 3222 3198 3292 εἷς
3227 3227 3403 3300 ἀστὴρ
3431 3226 3633 3292 κεῖται,

2067 3317 2202 3396 ἀλλὰ
2229 3335 2384 3399 κενός
2408 3336 2524 3387 ἐστι
2546 3331 2729 3393 τόπος,
2754 3319 2799 3395 ᾧ
2825 3323 3183 3395 παράκεινται
3203 3321 3353 3392 τρεῖς
3381 3317 3631 3388 ἀστέρες,

2072 3433 2190 3506 μεθ’
2221 3423 2296 3484 ὧν
2340 3428 2402 3483 τὸ
2431 3426 2654 3499 σημεῖον
2680 3421 2741 3474 τὸ
2782 3417 2925 3475 κατὰ
2962 3414 3053 3468 τὸν
3091 3413 3253 3467 πόλον
3296 3411 3633 3482 τετράγωνον

2069 3500 2298 3595 ἐγγιστα
2333 3520 2517 3592 σχῆμα
2534 3514 2794 3587 περιέχει·
2827 3509 3077 3578 καθάπερ
3110 3508 3203 3561 καὶ
3230 3504 3443 3567 Πυθέας
3471 3500 3634 3572 φησὶν

2070 3618 2098 3670 6
2114 3611 2531 3673 Μασσαλιώτης.

2141 3710 2233 3775 (τ’.
2272 3702 2576 3775 Ἐχομένως
2599 3699 2658 3752 δὲ
2686 3696 2782 3752 καὶ
2804 3694 3230 3767 διαμαρτάνουσι
3257 3686 3457 3749 πάντες
3479 3684 3537 3736 ὲν

2070 3769 2184 3850 τοῦ-
2214 3769 2514 3865 Δράκοντος
2556 3788 2730 3852 θέσει,
2767 3784 3234 3855 ὑπολαμϐάνοντες
3273 3776 3371 3847 τὴν
3410 3769 3637 3844 καμπὴν

2073 3887 2238 3943 αὑτοῦ
2273 3881 2540 3945 ποιεῖσθαι
2568 3881 2698 3950 περὶ
2727 3879 2826 3951 τὴν
2869 3874 3110 3947 κεφαλὴν
3148 3874 3247 3943 τῆς
3272 3868 3473 3941 μικρᾶς
3503 3866 3635 3935 ’Δρ-

2072 3997 2226 4036 κτου.
2258 3979 2321 4032 Οἱ
2353 3974 2462 4046 γάρ
2493 3971 2865 4045 λαμπρότατοι
2896 3970 2990 4023 καὶ
3026 3965 3315 4038 ἡγούμενοι
3336 3960 3447 4014 τῶν
3475 3961 3532 4011 ὲν
3562 3954 3637 4025 τῷ

2073 4070 2303 4142 πλινθίῳ
2331 4068 2534 4139 ταύτης
2573 4065 2839 4136 ἀστέρων,
2866 4055 2941 4115 ὧν
2976 4062 3004 4115 6
3038 4059 3135 4131 μὲν
3164 4050 3498 4128 βορειότερός
3527 4050 3638 4101 ἐστι

2075 4163 2217 4220 κατὰ
2243 4139 2337 4217 τοῦ
2355 4162 2402 4193 ⁸⁸
2467 4159 2560 4212 ἐπὶ
2599 4157 2699 4229 τῆς
2730 4152 2993 4224 κεφαλῆς,
3022 4152 3051 4204 6
3091 4149 3148 4202 δὲ
3185 4143 3505 4215 νοτιώτερος
3549 4139 3641 4193 ἐπὶ

410 4251 699 4306 australior
727 4250 782 4303 in
812 4246 1176 4303 anterioribus
1227 4243 1496 4315 pedibus;
1545 4240 1816 4312 parallela
1850 4249 1963 4295 sunt

2076 4256 2186 4311 τῶν
2209 4250 2555 4327 ἐμπροσθίων
2584 4247 2780 4313 ποδῶν,
2808 4242 3169 4319 παραλλήλως
3188 4240 3416 4310 ἔγγιστα
3436 4239 3641 4292 κεῖνται

418 4344 637 4399 circiter
680 4340 868 4398 cauda
900 4338 1183 4394 Draconis.
1229 4334 1392 4393 Falso
1420 4336 1583 4408 igitur
1619 4334 1733 4390 hac
1772 4332 1963 4405 scripta

2076 4351 2144 4421 τῇ
2166 4347 2302 4419 οὑρᾴ
2333 4343 2425 4399 τοῦ
2456 4341 2776 4412 Δράκοντος.
2807 4336 3016 4401 Ψεῦδος
3040 4330 3133 4389 οὖν
3161 4334 3278 4386 ὲστι
3311 4330 3391 4383 τό·

411 4444 577 4490 sunt'

2003 4500 2050 4556 D

517 4593 583 4648 In
613 4594 756 4660 spira
780 4600 957 4646 autem
982 4590 1261 4661 Cynosura
1287 4594 1442 4656 caput
1471 4585 1645 4661 habet.
1690 4582 1819 4661 How
1850 4598 1967 4638 vero

524 4654 759 4719 Volvitur
786 4671 965 4732 caput.
1027 4654 1047 4661 ⁷
1352 4654 1359 4656 “
1522 4654 1687 4727 [circa
1724 4656 1898 4724 ipsum

407 4821 616 4889 Quibus
651 4820 850 4876 similia
904 4818 1122 4889 scripsit
1175 4815 1453 4871 Eudoxus.
1517 4811 1624 4871 Sed
1676 4810 1970 4882 peculiaris

406 4914 559 4968 Arati
611 4912 678 4967 de
738 4911 984 4966 Dracone
1035 4918 1121 4966 est
1167 4908 1399 4964 inscitia
1437 4907 1624 4976 lapsus
1674 4920 1686 4955 :
1735 4903 1972 4979 primum

406 5004 553 5077 quod
615 5004 686 5061 ab
736 5010 968 5074 utraque
1022 5002 1182 5072 spira
1228 5009 1381 5072 parte
1432 4998 1721 5054 collocavit
1774 4994 1968 5052 Ursas.

408 5099 548 5153 Sunt
611 5098 754 5153 enim
816 5096 1104 5165 utrinque,
1158 5108 1271 5149 non
1323 5091 1470 5164 spira
1518 5088 1822 5160 intcrjecta,
1878 5085 1973 5143 sed

409 5190 604 5245 cauda.
639 5188 775 5243 Nam
807 5203 932 5243 cum
971 5187 1215 5243 obversa
1252 5184 1383 5246 sint,
1416 5197 1481 5236 ac
1513 5181 1654 5237 velut
1678 5178 1969 5249 parallela,

408 5282 673 5338 Draconis
699 5280 873 5337 cauda
899 5278 1093 5333 ambas.
1118 5278 1258 5332 inter
1287 5277 1341 5330 in
1367 5275 1588 5344 longum
1629 5270 1922 5342 porrigitur
1954 5285 1972 5334 ;

407 5381 463 5427 at
508 5371 657 5443 spira
699 5370 967 5424 minorem
1017 5366 1208 5423 Ursam
1251 5365 1595 5435 amplexatur
1639 5380 1653 5416 :
1705 5375 1736 5414 a
1768 5360 1975 5427 majore

407 5464 731 5534 sejungitur.
749 5460 832 5517 0b
854 5461 1099 5517 eamdem
1116 5474 1332 5530 quoque
1354 5470 1576 5512 causam
1603 5453 1771 5509 etiam
1804 5450 1974 5515 istud,

412 5574 433 5609 ‹
470 5555 795 5626 Circumque
831 5554 1058 5615 fractus,
1098 5571 1119 5605 ι
1154 5564 1438 5622 perperam
1483 5546 1708 5601 dicitur.
1745 5542 1885 5597 Tum
1919 5540 1976 5595 id

406 5646 552 5702 enim
580 5661 768 5702 verum
798 5652 963 5711 esset,
997 5645 1042 5700 si
1062 5628 1139 5699 ab
1165 5651 1395 5713 utraque
1424 5638 1587 5710 spira
1616 5643 1770 5709 parte
1805 5634 1976 5690 collo-

2080 4570 2299 4638 Σπειζρῃ
2322 4566 2374 4620 δ’
2403 4565 2473 4621 ἐν
2490 4564 2847 4638 Κυνόσουρα
2868 4558 3022 4630 κάρη
3050 4557 3175 4628 ἔχει
3191 4569 3208 4587 ⁶
3234 4553 3275 4623 ἠ
3300 4551 3369 4606 δὲ
3387 4547 3530 4638 ηιξτέ
3539 4548 3644 4638 αὺ-

2072 4634 2328 4695 Εἱλεῗτάι
2360 4634 2652 4706 κεφαλήν.

2092 4797 2327 4871 Ὁμοίως
2363 4796 2421 4850 δὲ
2443 4795 2539 4849 καὶ
2566 4795 2594 4849 6
2616 4791 2845 4858 Εὔδοξος
2870 4789 3090 4862 γράφει.
3119 4785 3249 4857 ’ἰδίᾳ
3272 4782 3328 4837 δὲ
3350 4782 3381 4835 6
3411 4782 3645 4851 ’Ἄρατος

2081 4893 2174 4949 ἐπὶ
2210 4890 2304 4945 τοῦ
2344 4889 2643 4961 Δράκοντος
2668 4886 2876 4955 ἀγνοεῖ·
2912 4880 3126 4954 πρῶτον
3162 4876 3261 4949 μὲν
3298 4873 3378 4944 τῷ
3416 4871 3645 4942 φάσκειν

2081 4984 2313 5056 σπείρης
2354 4978 2614 5051 ἑκάτερθε
2644 4974 2903 5049 φέρεσθαι
2941 4974 3040 5036 τὰς
3076 4971 3373 5042 Ἀρκτουςο
3408 4965 3508 5035 τῆς
3539 4961 3644 5034 γάρ

2082 5077 2251 5148 οὐρᾶς
2280 5070 2613 5146 ἑκατέρωθέν
2643 5071 2771 5132 εἱσι,
2815 5066 2910 5120 καὶ
2938 5066 2997 5119 οὐ
3041 5062 3142 5133 τῆς
3181 5059 3429 5129 σπείρης.
3495 5056 3644 5108 Ἀντ-

2078 5166 2475 5242 εστραμμένων
2521 5164 2631 5235 γὰρ
2655 5160 2831 5216 αὐτῶν
2850 5203 2865 5227 ,
2896 5159 2990 5212 καὶ
3039 5154 3238 5209 ὡσανεὶ
3287 5147 3643 5221 παραλλήλως

2080 5259 2372 5332 κειμένων,
2405 5260 2439 5329 ἡ
2470 5254 2607 5328 οὐρά
2635 5252 2727 5308 τοῦ
2771 5251 3069 5324 Δράκοντος
3105 5244 3304 5317 μεταξὺ
3347 5239 3528 5295 αὐτῶν
3560 5235 3644 5289 διὰ

2084 5326 2293 5425 μήκους
2324 5326 2722 5423 παρατέταται·
2753 5347 2786 5415 ἡ
2820 5344 2879 5397 δὲ
2929 5343 3127 5411 σπεῖρα
3174 5336 3273 5407 τὴν
3311 5333 3410 5404 μὲν
3445 5326 3644 5403 μικράν

2082 5419 2322 5519 ζ’Ᾰρκτον
2348 5419 2744 5515 περιλαμϐάνει
2763 5454 2776 5467 ’
2807 5436 2906 5506 τῆς
2931 5434 2988 5489 δὲ
3030 5427 3270 5503 μεγάλης
3299 5425 3433 5480 πολὺ
3474 5419 3645 5519 κεχώῗ

2083 5510 2286 5612 ρισται.
2335 5510 2435 5589 mai
2496 5510 2593 5603 την
2641 5529 2810 5601 αὐτὴν
2857 5527 2916 5580 δὲ
2966 5522 3145 5579 αἰτίαν
3185 5520 3278 5574 καὶ
3322 5517 3404 5580 τὸ,
3473 5510 3645 5612 Ἀμξί

2082 5601 2132 5683 τ’
2168 5626 2375 5699 ἐαγὼς,
2407 5601 2811 5698 ἡμαρτημένως
2846 5618 3083 5689 λέγεται.
3120 5609 3408 5668 Συνέὸαινε
3434 5604 3544 5676 γὰρ
3578 5601 3642 5656 ἃν

499 5821 550 5857 ⁸⁸
589 5820 742 5875 Deest
762 5820 981 5892 aliquid,
1012 5830 1139 5892 puta
1162 5821 1322 5893 ἡμεῖς
1345 5814 1437 5874 οὖν
1474 5833 1685 5890 παρα-π.
1762 5815 1807 5850 ³⁸
1835 5811 1958 5899 Cor:

2071 5811 2105 5864 ι’
2124 5805 2351 5872 αὐτούς.
