3928 6266
186 385 314 444 1017
1162 385 1529 447 HIPPARCHI
1563 389 1656 445 AD
1690 389 1737 445 PI

1854 388 2136 448 NOMENA
2164 389 2292 447 LIB.
2332 388 2379 446 Ι.
2691 440 2706 449 ,
3267 396 3405 456 1018

186 501 350 567 τοῦτο,
384 497 434 551 ει
460 497 522 566 ἐξ
552 499 816 573 ἑκατέρου
842 501 1042 573 μέρους
1066 503 1168 573 τῆς
1193 505 1423 577 σπείρης
1442 506 1737 579 ἀμφότεραι

1855 514 2113 564 carentur
2141 506 2318 564 Ursae.
2348 505 2618 562 Prmterea
2647 507 2716 565 de
2752 506 2998 566 Dracone
3026 509 3169 569 falso
3193 522 3249 570 et
3273 513 3406 570 illud

190 591 384 645 ἔκειντο
417 591 471 645 αἱ
502 592 752 664 ¹’Δρκτοα
784 593 905 647 Ἔτι
931 594 988 648 δὲ
1019 595 1205 664 ἀγνοεῖ
1226 598 1356 671 περὶ
1384 597 1478 652 τοῦ
1504 600 1741 673 Δράκον-

893 613 905 647 ι
931 594 988 648 δὲ
1019 595 1205 664 ἀγνοεῖ
1226 598 1356 671 περὶ
1384 597 1478 652 τοῦ
1504 600 1744 673 Δράκον-
1850 599 1919 655 ab
1946 599 2113 655 Arato
2139 599 2398 656 scribitur
2424 619 2444 657 :

190 699 291 746 τος,
314 680 488 751 λέγων
519 680 696 747 οὕτως
714 699 730 714 ο

190 796 371 862 Δοξὸν
397 796 451 851 δ’
473 796 611 853 ἐστὶ
642 798 793 869 κάρη
809 818 823 831 ο
858 802 1094 857 νεύοντι
1120 801 1189 857 δὲ
1216 803 1465 874 πάμπαν
1483 806 1690 862 ἔοικεν’

1766 762 1793 791 *1
1854 796 2075 869 Obliquo
2104 814 2220 854 vero
2240 805 2320 855 est
2337 794 2503 868 capite
2528 813 2546 852 :
2571 797 2847 854 inclinant:
2870 814 2987 855 vero
3015 815 3071 854 se
3085 814 3300 883 pri-orsus

193 936 396 1004 Ἀκρην
424 937 514 1002 εἰς
544 935 781 1007 Ἑλίκης
812 939 1002 1008 οὐρήν
1020 957 1034 970 ·
1060 940 1227 1010 μάλα
1263 941 1316 995 δ’
1335 942 1468 996 ἐστὶ
1504 945 1629 997 κατ’
1652 944 1744 999 ἰθὺ

1857 935 2162 993 Extremam
2205 937 2274 992 ad
2311 936 2522 994 Helices
2556 937 2782 993 caudam
2811 956 2831 1004 ;
2870 868 3304 994 admodmlifzggz
3327 881 3405 927 ea

3010 1010 3086 1063 [in
3109 1011 3306 1063 directo
3330 1017 3408 1063 est

3032 1027 3086 1064 ιη
3109 1027 3306 1064 αι’νεειο
3330 1027 3383 1064 es

189 1068 289 1122 Καὶ
309 1069 522 1138 στόμα,
551 1070 651 1125 καὶ
682 1072 998 1142 κροτάφοιο
1021 1074 1095 1130 τὰ
1123 1074 1292 1140 δεξιὰ
1332 1077 1543 1147 νειάτῳ
1571 1079 1740 1149 οὐρῇ.

1950 1078 2024 1133 Et
2059 1096 2116 1133 os
2150 1087 2199 1133 et
2228 1080 2475 1148 temporis
2502 1079 2692 1134 dextra
2714 1096 2839 1151 pars
2866 1010 3357 1136 extreliizedgfﬁgf

191 1178 257 1233 Οὐ
283 1179 387 1250 γὰρ
418 1181 447 1232 ὁ
475 1180 653 1247 δεξιὸς
678 1183 970 1254 κρόταφος,
1015 1184 1130 1238 ἀλλ’
1163 1187 1192 1240 6
1222 1187 1510 1261 ἀριστερὸς
1542 1190 1629 1243 ἐπ’
1657 1190 1742 1242 εύ-

1854 1194 1960 1249 N’on
1988 1194 2131 1249 enim
2164 1191 2413 1248 dextrum
2447 1201 2683 1263 tempus,
2721 1193 2814 1248 sed
2858 1193 3144 1248 sinistrum
3181 1191 3405 1262 majoris

192 1266 329 1331 θείας
359 1271 476 1322 ἐστὶ
512 1274 582 1342 τῇ
614 1271 835 1347 γλώσσῃ
864 1275 958 1329 τοῦ
992 1277 1207 1345 Ὄφεως
1240 1281 1306 1350 τῇ
1349 1279 1494 1351 ἄκρᾳ
1520 1281 1618 1352 τῆς
1646 1298 1743 1351 με-

1852 1285 1997 1341 Ursae
2023 1284 2078 1338 in
2104 1282 2311 1337 directo
2328 1289 2412 1337 est
2431 1280 2498 1336 ad
2520 1280 2762 1352 linguam
2787 1281 3067 1351 Serpentis
3086 1292 3403 1338 extremam.

190 1359 345 1431 γὰλης
382 1363 644 1434 Ἄρκτου.
676 1365 748 1417 Τὸ
780 1366 879 1437 μὲν
914 1368 1022 1440 γὰρ
1053 1369 1252 1440 λέγειν,
1280 1374 1360 1426 ὃτι
1403 1374 1741 1446 ἀντεστραμ-

1856 1376 1978 1431 Nam
2011 1374 2156 1445 quod
2201 1374 2415 1427 Attalus
2465 1372 2683 1437 asserit,
2726 1371 2781 1425 in
2826 1373 3096 1426 contraria
3125 1387 3339 1427 versum
3374 1387 3407 1426 a

195 1452 350 1522 μένην
384 1456 487 1526 τὴν
538 1458 784 1530 κεφαλὴν
810 1458 905 1512 τοῦ
946 1461 1250 1531 Δράκοντος
1287 1465 1617 1531 ὑποτίθεται,
1651 1467 1743 1520 καὶ

1857 1474 2001 1534 poeta
2039 1463 2167 1535 ﬁngi
2198 1471 2361 1534 caput
2390 1461 2676 1527 Draconis,
2706 1476 2807 1517 nec
2837 1462 2904 1516 ad
2936 1464 3123 1517 mundi
3146 1464 3408 1519 interiora

191 1545 297 1616 οὐχὶ
320 1547 396 1610 εἰς
421 1547 492 1600 τὰ
519 1550 674 1613 ἐντὸς
703 1549 800 1604 τοῦ
821 1552 1025 1622 κόσμου
1055 1555 1532 1628 ὲπεστραμμένην,
1569 1559 1741 1613 καθά-

1854 1572 2202 1619 conversum,
2255 1556 2407 1610 nullo
2456 1554 2619 1609 modo
2688 1554 2968 1624 probabile
3026 1563 3129 1611 est.
3192 1555 3405 1610 Etenim

193 1653 285 1708 περ
303 1639 458 1709 φησιν
479 1642 507 1693 6
526 1642 809 1707 Ἄτταλος,
828 1644 1024 1708 τελέως
1043 1646 1187 1698 ἐστὶν
1207 1648 1741 1704 ἁπίθανον.”Απαντα

1853 1650 2018 1705 sidera
2061 1648 2240 1703 omnia
2293 1646 2357 1699 ad
2408 1656 2689 1716 aspectum
2737 1653 2985 1700 nostrum
3031 1648 3404 1707 conformata.

192 1727 287 1798 γὰρ
311 1729 376 1782 τὰ
410 1728 589 1803 ἄστρα
635 1734 952 1807 ὴστερίσθαι
997 1737 1131 1807 πρὸς
1159 1737 1257 1809 τὴν
1299 1742 1572 1813 ἡμετέραν
1612 1742 1743 1798 θεω-

1855 1750 1893 1797 at
1934 1739 2001 1795 ad
2042 1755 2143 1795 nos
2171 1753 2435 1794 conversa
2479 1744 2655 1801 sunt;
2706 1753 3044 1808 quaecunque
3082 1738 3194 1792 illic
3234 1736 3406 1809 ﬁgura

193 1817 317 1884 Ρίανν
346 1822 436 1873 καί
464 1822 541 1887 ὡς
583 1823 650 1878 ἂν
685 1827 820 1897 πρὸς
841 1830 986 1899 ἡμᾶς
1022 1832 1394 1903 ἐστραμμένα,
1422 1836 1470 1885 εἰ
1499 1835 1573 1906 μή
1598 1853 1649 1888 τι
1669 1835 1739 1868 ⁸⁶⁴

1856 1842 1988 1888 :erta
2021 1832 2366 1887 detineantur
2404 1849 2419 1887 :
2450 1830 2597 1901 quod
2626 1831 2828 1885 Aratus
2860 1830 2976 1900 ipse
3008 1845 3117 1884 non
3150 1846 3258 1884 uno
3289 1831 3407 1886 loco

192 1910 520 1984 κατάγραφον
544 1914 589 1945 ⁸⁷
626 1916 805 1970 αὐτῶν
832 1921 968 1973 ἐστι.
1012 1921 1248 1992 Φανερὸν
1287 1922 1345 1975 δὲ
1392 1923 1551 1977 τοῦτο
1597 1928 1742 1979 ποιεῖ

1854 1924 2130 1996 signiﬁcat.
2164 1922 2299 1978 Nam
2344 1923 2655 1992 ubicunque
2706 1922 2974 1987 dextram,
3006 1928 3100 1975 aut
3128 1921 3405 1976 sinistram

192 2003 274 2060 καὶ
308 2007 335 2058 6
372 2006 605 2078 ’Ἄρατος
641 2008 731 2061 διὰ
773 2010 1057 2068 πλειόνων.
1114 2014 1230 2083 Ἐφ’
1272 2007 1347 2068 ὧν
1374 2014 1482 2088 γὰρ
1513 2013 1736 2088 δεξιὺνῆ

1857 2026 2048 2073 )artem
2103 2015 2360 2087 imaginis
2420 2015 2714 2085 exprimit,
2763 2030 2888 2069 cum
2936 2030 3000 2070 eo
3054 2015 3207 2084 ipso,
3263 2014 3408 2085 quod

191 2097 455 2168 ἀριστερὸν
492 2100 663 2172 μέρος
696 2103 895 2175 ἄστρου
929 2105 1199 2176 διασαφεῖ,
1228 2108 1320 2160 ἐπὶ
1361 2108 1575 2162 πάντων
1603 2126 1740 2179 συμ-

1859 2109 2145 2175 )οευίῐηιιε,
2184 2108 2496 2175 consentit;
2536 2114 2895 2179 praeterquam
2941 2104 3085 2175 quod
3132 2119 3410 2160 commen-

191 2195 341 2258 φωνεῖ
374 2195 438 2263 τῇ
475 2195 856 2269 προειρημένῃ
881 2196 1133 2251 ὑποθέσει
1152 2214 1166 2228 ·
1202 2199 1296 2251 καὶ
1322 2198 1496 2263 ἄλλως
1520 2199 1577 2253 δὲ
1604 2198 1741 2253 πλα-

1856 2201 1961 2255 ;itia
1988 2208 2043 2256 et
2069 2200 2137 2254 ad
2171 2214 2286 2254 rem
2335 2198 2403 2254 de
2436 2199 2707 2254 industria
2735 2196 2964 2252 conﬁcta
3003 2196 3107 2249 ista
3151 2195 3293 2249 ratio
3324 2195 3407 2249 vi-

194 2282 455 2356 σματώδης
500 2285 652 2338 ἐστὶν
692 2288 724 2358 ὴ
761 2286 1018 2352 ὑπόθεσις
1061 2290 1154 2344 καὶ
1205 2290 1548 2363 ἡρμοσμένῃ.
1594 2292 1740 2363 Πρὸς

1856 2293 2016 2348 letur.
2073 2290 2217 2358 Quin
2259 2289 2327 2344 ad
2374 2291 2624 2346 eumdem
2670 2289 2833 2345 etiam
2888 2301 3131 2343 errorem
3179 2284 3407 2340 convin—

191 2375 344 2446 τούτῳ
373 2393 429 2429 τε
460 2375 539 2446 τῷ
577 2379 886 2449 ἀγνοήματι
933 2379 1215 2453 βοηθήσειε
1252 2382 1346 2435 καὶ
1386 2381 1446 2434 τὸ
1490 2382 1618 2454 περὶ
1647 2382 1738 2438 τὸν

1857 2383 2068 2441 :endum
2100 2383 2336 2454 pertinet
2367 2382 2513 2452 quod
2552 2380 2621 2436 de
2661 2379 2888 2436 sinistro
2931 2378 3068 2448 pede
3110 2375 3408 2447 lngeniculi

191 2467 448 2539 ἀριστερὸν
478 2469 617 2524 πόδα
642 2469 736 2523 τοῦ
752 2471 838 2525 Ἐν
868 2472 1110 2549 γούνασι,
1136 2473 1262 2547 περὶ
1293 2469 1353 2528 οὗ
1387 2474 1739 2546 προελθόντες

1502 2474 1739 2540 ελθόντες
1837 2476 2061 2546 scripsit
2092 2493 2106 2530 :
2139 2474 2207 2530 de
2237 2489 2347 2546 quo
2380 2474 2437 2529 in
2462 2471 2821 2544 sequentibus
2845 2476 3053 2540 agetur.

193 2560 418 2631 ἐροῦμεν.

255 2651 379 2724 Περὶ
396 2653 450 2707 δὲ
473 2654 575 2725 τῆς
606 2654 812 2721 θέσεως
832 2657 930 2729 τῆς
961 2656 1056 2711 τοῦ
1082 2659 1385 2730 Δράκοντος
1407 2660 1648 2732 κεφαλῆς
1687 2662 1738 2716 οε

1905 2653 2026 2710 Jam
2064 2652 2213 2726 quod
2265 2653 2334 2708 ad
2381 2652 2550 2708 situm
2602 2651 2800 2721 capitis
2851 2646 3118 2704 Draconis
3170 2651 3408 2717 spectat,

198 2742 280 2812 μὲν
312 2744 430 2816 περὶ
475 2745 707 2813 Εὔδοξον
754 2750 850 2802 καὶ
885 2749 1121 2820 ’Ἄρατον
1152 2751 1458 2822 συμφώνως
1500 2755 1737 2823 ἁποφαί-

1855 2745 2096 2801 Eudoxus
2141 2753 2194 2799 et
2227 2742 2428 2797 Aratus
2480 2741 2537 2795 in
2571 2755 2636 2795 eo
2667 2736 3055 2794 constituendo
3095 2736 3235 2790 belle
3280 2749 3406 2789 cum

193 2849 349 2887 νονται
383 2834 451 2888 τὰ
490 2838 827 2909 φαινόμενα·
865 2841 894 2893 6
932 2841 990 2894 δὲ
1044 2842 1305 2907 Ἄτταλος
1356 2843 1633 2914 διαφωνεῖ.
1680 2846 1738 2900 Ὀ

1852 2836 2174 2908 apparentiis
2225 2839 2539 2904 congruunt
2586 2847 2599 2883 :
2652 2831 2803 2887 solus
2858 2829 3117 2885 dissentit
3164 2827 3403 2883 Attalus.

196 2923 281 2994 μὲν
308 2926 408 2998 γὰρ
448 2929 720 3000 Ἀρατος,
769 2931 1078 2987 ἀκολουθῶν
1109 2933 1187 3005 τῷ
1218 2935 1467 3005 Εὐδόξῳ,
1509 2937 1602 2990 ἐπὶ
1642 2936 1736 2991 τοῦ

1855 2934 2040 2985 tratus
2081 2928 2229 2984 enim
2296 2925 2511 2980 Eudoxi
2556 2924 2783 2993 vestigia
2843 2929 3065 2977 secutus
3118 2920 3174 2975 in
3238 2933 3406 2990 appa-

194 3016 401 3088 φανεροῦ
459 3020 663 3076 κύκλου
718 3024 880 3095 φησιν
950 3025 1121 3097 αὐτὴν
1192 3025 1510 3096 φαίνεσθαι,
1564 3028 1739 3098 λέγων

1859 3029 1992 3077 'ente
2053 3033 2268 3090 semper
2337 3017 2546 3073 circulo
2592 3014 2745 3071 cerni
2795 3013 2930 3068 illud
2987 3018 3262 3068 asseverat
3321 3009 3410 3066 his

191 3098 349 3162 οὖτωθ

1834 3114 2019 3170 verbis
2059 3128 2071 3164 :

191 3220 348 3303 ξςείνῃ
373 3225 489 3294 πάρ
520 3226 770 3303 πεφαρῑῇ
787 3226 862 3297 τῇ
884 3229 1276 3303 releuetur”,
1300 3224 1408 3303 ᾗχί
1433 3244 1543 3301 περ
1561 3231 1737 3302 ἄκραι

1612 3249 1737 3302 κραι
1763 3233 1808 3293 α
1947 3224 2096 3303 {ad
2120 3226 2282 3303 ferme
2308 3230 2465 3294 caput
2492 3221 2593 3274 hac
2626 3227 2797 3303 natat,
2830 3217 2920 3301 ubi
2946 3225 3163 3298 extrema

192 3289 488 3362 Μισγοντάι
510 3289 810 3365 δύῑτιέςὶε
828 3289 939 3354 ’καὶ
967 3301 1215 3355 ἀντολαὶ
1238 3289 1570 3374 magna.
1633 3289 1653 3302 '

1539 3321 1570 3357 t.
1633 3289 1653 3302 ’
1776 3289 1806 3293 ᾖ
1943 3289 2236 3351 Miscentur
2262 3289 2582 3362 occasusque
2610 3299 2660 3344 et
2684 3299 2832 3343 ortus
2852 3289 3090 3345 invicem.

203 3420 253 3478 '0
275 3425 327 3480 δὲ
361 3431 625 3497 Ἄτταλος
674 3432 855 3505 μικρῷ
885 3436 1210 3507 νοτιωτέραν
1238 3436 1407 3509 αὐτὴν
1445 3433 1584 3493 εἷναί
1605 3457 1738 3512 φησι

1909 3427 2130 3484 Attalus
2156 3442 2286 3482 vero
2309 3426 2474 3497 paulo
2512 3424 2590 3478 ait
2626 3422 2923 3480 australius
2951 3420 3006 3475 id
3035 3433 3160 3475 esse
3196 3430 3414 3487 semper

191 3515 272 3569 τοῦ
298 3521 379 3573 ἀεὶ
412 3525 651 3598 φανεροῦ
686 3525 918 3580 κύκλουσ
952 3526 1092 3580 ὥστε
1125 3527 1294 3600 αὐτὴν
1339 3508 1444 3583 ύπὸ
1480 3529 1572 3583 τὸν
1618 3508 1737 3600 69t-

1863 3529 2134 3593 lpparente
2177 3519 2385 3575 circulo
2422 3533 2436 3570 :
2486 3517 2621 3572 adeo
2658 3524 2722 3571 ut
2759 3513 2976 3569 modico
3018 3521 3261 3581 tempore
3308 3508 3414 3564 sub

192 3606 331 3671 ζοντα
357 3613 555 3688 βραχὺν
582 3619 827 3687 γίνεσθαι
856 3619 1068 3692 χρόνον.
1096 3621 1217 3673 Ὅτι
1240 3599 1297 3674 δὲ
1320 3622 1580 3692 διαφωνεῖ
1602 3599 1737 3693 πρὸς

1861 3615 2123 3670 iorizonte
2154 3611 2462 3666 delitescat.
2492 3607 2553 3663 In
2581 3622 2690 3679 quo
2718 3605 2831 3661 falli
2863 3604 3106 3658 Attalum
3134 3599 3412 3657 haecratio

191 3699 242 3752 τὸ
265 3707 573 3779 φαινόμενον
604 3713 634 3764 6
660 3711 944 3776 Ἄτταλος,
976 3711 1150 3775 οὕτως
1180 3712 1245 3767 ἂν
1276 3713 1642 3785 ὲπιλογισθεὶη
1662 3729 1676 3742 ·
1711 3715 1739 3767 6

1862 3704 2151 3760 persuadet.
2204 3699 2341 3755 Nam
2393 3699 2573 3764 stella,
2625 3713 2748 3769 qua:
2790 3697 2845 3751 in
2890 3703 3137 3752 extremo
3180 3698 3265 3748 est
3316 3705 3413 3745 ore

194 3790 277 3857 μὲν
303 3793 402 3867 γὰρ
430 3799 486 3850 ὲν
522 3800 685 3871 ἄκρῳ
713 3800 792 3870 τῷ
827 3801 1054 3872 στόματι
1082 3800 1176 3853 τοῦ
1214 3802 1516 3873 Δράκοντος
1546 3781 1737 3873 ἀπέχει

1861 3794 2128 3861 )raconis,
2161 3794 2316 3849 abest
2347 3807 2377 3845 a
2406 3791 2531 3863 polo
2577 3790 2828 3861 partibus
2861 3788 2952 3854 54,
2993 3786 3114 3851 56';
3154 3781 3412 3839 australis

190 3879 269 3933 τοῦ
293 3884 439 3939 πόλου
474 3889 682 3961 μοιρῶν
709 3890 780 3943 λδ¹
798 3891 889 3944 καὶ
921 3889 969 3959 γ’
998 3908 1065 3943 πε
1074 3908 1221 3963 μπτη
1230 3892 1410 3966 μόρια·
1438 3895 1465 3946 6
1485 3892 1541 3945 δὲ
1566 3893 1740 3957 νότιος

1865 3897 2024 3943 intem
2062 3884 2309 3956 ejusdem
2333 3885 2528 3940 oculus
2562 3884 2813 3967 partibus
2854 3882 2959 3949 55;
3004 3878 3244 3936 australe
3283 3884 3416 3932 tem-

189 3970 331 4027 αὐτοῦ
350 3977 626 4052 ὀφθαλμὸς
651 3982 855 4053 μοιρῶν
879 3981 974 4035 λε’·
1006 3985 1034 4035 ὁ
1056 3982 1112 4036 δὲ
1136 3983 1307 4047 νότιος
1323 3984 1591 4055 κρόταφος
1623 4001 1740 4056 μοι-

1862 3993 1943 4034 ius
2007 3977 2261 4049 partibus
2306 3975 2394 4030 57.
2446 3974 2514 4029 Αι
2563 3974 2803 4029 circulus
2860 3986 3077 4041 semper
3138 3982 3413 4039 apparens

193 4060 283 4130 ρῶν
307 4064 377 4131 λζ’
395 4085 408 4098 ·
439 4073 466 4123 6
493 4071 553 4124 δὲ
576 4072 662 4125 ἀεὶ
694 4073 928 4146 φανερὸς
948 4074 1143 4139 κύκλος
1162 4077 1222 4130 ἐν
1248 4079 1358 4140 τοῖς
1372 4094 1437 4130 πε
1445 4077 1499 4148 91
1514 4076 1740 4150 Ἀθήνας

1862 4069 2093 4131 athenis,
2125 4075 2180 4123 et
2210 4079 2450 4137 gnomon
2480 4065 2863 4135 sesquitertius
2892 4068 2977 4117 est
3011 4057 3413 4130 aequinoctialis

187 4150 354 4219 τόποις
379 4160 471 4212 καὶ
500 4163 530 4214 6
566 4160 799 4233 γνώμων
825 4164 1100 4237 ὲπίτριτός
1128 4166 1245 4220 ἐστι
1272 4167 1372 4237 τῆς
1418 4169 1738 4240 ἰημερινῆς

1863 4159 2070 4222 umbrae,
2098 4165 2152 4212 et
2182 4172 2214 4210 a
2248 4157 2373 4226 polo
2403 4157 2650 4226 partibus
2676 4156 2832 4210 abest
2863 4153 2951 4208 ⁸57.
2980 4153 3208 4207 Constat
3246 4151 3414 4218 igitur

191 4245 346 4329 ςξιιᾶς,
361 4250 453 4302 καὶ
467 4252 581 4307 ἀπὸ
595 4252 690 4306 τοῦ
708 4254 869 4307 πόλου
887 4254 1079 4326 ἀπέχει
1092 4275 1157 4310 πε
1165 4258 1219 4328 91
1232 4257 1434 4329 μοιρῶν
1452 4257 1548 4322 λζ’.
1570 4258 1740 4329 Δῆλον

1862 4264 2056 4319 semper
2101 4249 2158 4302 in
2204 4255 2503 4318 apparente
2540 4248 2665 4302 coeli
2702 4246 2921 4316 regione
2955 4243 3101 4314 ,ferri
3149 4241 3413 4298 Draconis

189 4325 269 4385 οὖν
287 4335 361 4390 ὅτι
383 4340 468 4394 ἀεὶ
513 4344 577 4396 ὲν
615 4343 694 4415 τῷ
720 4344 937 4417 φανερῷ
963 4325 1116 4419 τόπῳ
1146 4325 1375 4418 φέρεται
1407 4348 1502 4402 καὶ
1529 4325 1738 4419 κεφαλὴ

1864 4352 2026 4415 :aput,
2060 4344 2291 4415 ejusque
2338 4344 2626 4399 sinistrum
2658 4350 2874 4413 tempus
2913 4342 3180 4397 duntaxat
3224 4340 3280 4394 in
3320 4338 3415 4394 illa

190 4422 271 4511 τοῦ
291 4429 607 4500 Δράκοντος,
631 4438 723 4489 τὸν
747 4436 1034 4509 ἀριστερὸν
1064 4439 1335 4511 κρόταφον
1366 4439 1525 4511 μόνον
1543 4439 1741 4510 ἔχουσα.

1862 4439 2010 4493 situm
2055 4452 2180 4492 esse
2228 4452 2241 4488 :
2292 4452 2495 4506 neque,
2538 4442 2598 4490 ut
2651 4435 2832 4490 Attalo
2878 4435 3074 4506 placet,
3116 4430 3413 4488 australius

190 4510 267 4622 ἐπ’
291 4520 477 4577 αὐτοῦ·
509 4527 607 4580 καὶ
655 4526 772 4598 οὐχ,
817 4528 892 4591 ὡς
920 4530 949 4581 6
974 4529 1237 4594 Ἄτταλός
1264 4548 1418 4603 φησι,
1450 4529 1741 4603 νοτιωτέρα

190 4619 305 4637 nn-..
355 4614 483 4637 ἕλη-γ
533 4618 562 4637 n
680 4620 692 4636 \
846 4620 861 4637 1
1060 4624 1073 4637 ι
1127 4623 1139 4637 ο
1265 4621 1331 4637 0“

1770 4578 1817 4637 Β
1842 4543 1984 4594 esse,
2009 4542 2074 4581 ac
2100 4526 2254 4582 brevi
2291 4535 2534 4596 tempore
2561 4525 2812 4581 occidere
2841 4525 3003 4580 simul
3023 4531 3078 4579 et
3099 4522 3252 4578 oriri.
3312 4564 3321 4571 .

190 4600 328 4677 οὖσα,
352 4614 492 4670 δύνει
533 4618 740 4691 βραχὺν
765 4620 954 4692 χρόνον
988 4624 1084 4675 καὶ
1115 4600 1417 4677 ἀνατέλλει.

253 4700 317 4755 Ζ’.
366 4706 485 4764 Ἐπὶ
520 4712 580 4766 δὲ
628 4710 723 4765 τοῦ
772 4713 859 4766 Ἐν
904 4712 1127 4782 γούνασι
1177 4715 1594 4787 παρεωρακέναι
1647 4732 1738 4786 μοι

1915 4700 2028 4755 VII.
2058 4700 2232 4757 Porro
2247 4701 2510 4758 Eudoxus
2548 4711 2603 4757 et
2638 4700 2838 4756 Aratus
2883 4700 2952 4756 de
2971 4699 3283 4771 lngeniculo
3304 4713 3413 4754 non

193 4783 412 4851 δοκοῦσιν
442 4800 470 4852 ὅ
509 4818 570 4854 τε
606 4800 835 4869 Εὔδοξος
883 4803 977 4858 καὶ
1007 4805 1037 4857 6
1071 4783 1302 4874 Ἄρατος
1323 4821 1337 4835 ’
1372 4783 1485 4858 ἀλλ’
1539 4804 1600 4857 οὐ
1649 4783 1740 4858 ⁷δι-

1866 4806 2130 4863 gnorasse
2157 4793 2313 4856 mihi,
2335 4792 2429 4849 sed
2457 4792 2684 4862 insuper
2706 4792 2962 4847 habuisse
2984 4791 3256 4858 videntur,
3289 4805 3415 4845 cum

193 4891 566 4959 ημαρτηκέναι,
586 4894 833 4960 εἰπόντες
857 4895 948 4948 τὸν
973 4895 1146 4962 δεξιὸν
1186 4895 1320 4949 πόδα
1338 4896 1429 4949 ἐπὶ
1451 4894 1620 4966 μέσης
1640 4895 1739 4966 τῆς

1866 4885 2037 4940 licunt
2104 4885 2358 4939 dextrum
2427 4884 2574 4940 illius
2642 4882 2834 4954 pedem
2880 4883 2938 4937 in
3005 4881 3185 4937 medio
3240 4880 3417 4952 capite

194 4976 412 5060 δεφαλῆς
443 4985 534 5039 τοῦ
558 4987 862 5058 Δράκοντος
895 4988 1130 5043 κεῖσθαι.
1167 4989 1223 5041 Ὁ
1256 4988 1505 5060 μέντοιγε
1545 4989 1743 5041 Ἀτταο

1866 4975 2115 5032 )raconis
2143 4992 2266 5032 esse
2295 4976 2556 5045 positum.
2593 4974 2809 5030 Attalus
2850 4990 3000 5038 vero,
3030 4982 3226 5045 prmter
3264 4988 3417 5028 men-

194 5056 275 5125 λος
300 5072 443 5143 παρὰ
471 5076 529 5129 τὸ
563 5056 809 5151 βούλημα
846 5078 939 5133 τοῦ
973 5079 1197 5149 ποιητοῦ
1224 5056 1373 5134 δοκεῖ
1403 5098 1492 5152 μοι
1527 5079 1587 5132 τὸ
1612 5080 1738 5150 ἡμι-

1871 5084 1955 5123 em
2008 5075 2182 5139 poetae
2223 5066 2358 5121 mihi
2396 5066 2612 5122 videtur
2658 5065 3067 5122 hemistichium
3108 5064 3217 5119 hoc
3255 5061 3419 5116 modo

198 5154 381 5227 στίχιον
412 5171 771 5237 μετατιθέναι,
804 5173 1031 5243 γράφων
1057 5171 1228 5237 οὕτως
1247 5190 1260 5203 ⁸

757 5212 771 5237 ,
804 5173 1031 5243 γράφων
1057 5171 1260 5237 οὕτως’
1845 5159 2253 5231 transposuisse
2293 5177 2305 5212 :

407 5307 697 5370 ...μέσσου
717 5305 770 5359 δ’
799 5306 1093 5376 ἐφύπερθε
1130 5306 1394 5377 καρήνου
1414 5322 1429 5340 ⁸
1954 5337 1958 5350 ι

1291 5324 1394 5360 νου
1414 5322 1429 5340 ·
2051 5294 2285 5350 Medium
2312 5310 2430 5349 vero
2462 5307 2623 5362 supra
2650 5300 2842 5362 caput;

195 5424 279 5478 καὶ
298 5430 388 5501 τὴν
410 5439 643 5513 κεφαλὴν
663 5439 755 5494 τοῦ
781 5441 1080 5514 Δράκοντος
1099 5440 1204 5506 ἔξω
1234 5440 1328 5494 τοῦ
1363 5440 1568 5512 κόσμου
1590 5440 1744 5511 στρέ-

1864 5441 1903 5485 at
1952 5439 2115 5499 caput
2157 5428 2424 5485 Draconis
2466 5438 2618 5483 extra
2644 5413 3109 5499 [mundum‘ver'ti
3150 5418 3352 5489 ﬁngere
3397 5430 3415 5470 :

200 5527 332 5580 φων·
363 5522 445 5579 ἵνα
484 5507 701 5604 γένηται
721 5507 851 5585 αύτδ
884 5531 945 5584 τὸ
969 5531 1138 5598 δεξιὸν
1168 5532 1329 5603 μέρος
1361 5507 1478 5600 τῆς-
1502 5507 1744 5598 κεφαλῆς

1864 5532 1910 5578 ιι
1967 5523 2160 5578 dextra
2211 5522 2330 5592 ipsa
2387 5537 2513 5592 pars
2559 5521 2755 5592 capitis
2809 5519 2874 5575 ad
2928 5516 3119 5589 pedem
3173 5512 3277 5568 sita
3321 5507 3415 5604 sit.

202 5609 326 5666 κατὰ
350 5616 436 5671 τὸν
649 5624 731 5678 Τά
761 5641 820 5677 τε
852 5624 960 5697 γὰρ
992 5597 1180 5693 ιὶίστρα⁷
1200 5597 1373 5678 πάντα
1401 5597 1481 5685 εἰς
1510 5620 1570 5673 τὸ
1593 5597 1743 5683 ἐντδς

1866 5616 2064 5688 Quippe
2115 5615 2567 5673 constellationes
2605 5628 2794 5670 omnes
2838 5611 2894 5667 in
2937 5606 3196 5666 interiora
3229 5597 3417 5657 mundi

263 5764 325 5801 ω
354 5772 392 5841 Ῑ.
431 5777 483 5831 εἴ
499 5797 568 5837 τι.
646 5784 690 5817 ⁵⁷
721 5781 841 5856 Reg.
875 5780 1242 5852 καταγράφον.
1332 5781 1377 5812 ⁸⁸
1414 5777 1529 5835 Scr.
1549 5779 1716 5848 Κείνη
1745 5793 1848 5831 που
1886 5773 2090 5847 κεφαλὴ
2118 5777 2181 5846 τῇ
2214 5775 2450 5846 νήχεται.
