3928 6266
459 394 597 450 1019

1440 382 1535 442 AD
1571 382 1843 442 EUSEBII
1878 378 2274 440 CHRONICON
2312 377 2677 437 APPENDIX.

3551 375 3698 432 1020

458 521 740 563 conversae
759 511 1037 576 ponuntur
1061 503 1131 560 ab
1155 476 1430 567 omnibus,
1456 500 1703 575 adeoque
1723 501 1793 559 ab
1815 500 1982 557 Arato
2006 539 2022 566 ,

2159 494 2218 548 οὖ
2249 494 2455 566 κόσμου
2497 493 2661 566 μέρος
2693 492 3149 565 ἐπεστραμμένα,
3175 492 3252 557 ὡς
3289 493 3461 563 ἔφην,
3495 493 3698 567 ἀστρο-

457 601 618 671 cujus
654 600 709 654 in
736 599 899 656 libris
923 599 1180 655 omnibus
1206 598 1283 654 ita
1311 596 1507 668 legitur
1536 613 1555 653 :

567 844 633 865 ...
670 801 847 859 Medio
876 819 993 858 vero
1023 815 1183 867 supra
1216 806 1372 867 caput

461 875 653 931 Dextri
682 876 828 944 pedis
857 866 1146 928 extremum
1170 866 1323 924 habet
1352 868 1574 925 tortuosi
1605 866 1888 923 Draconis.

533 989 804 1045 Praeterea
863 1003 988 1043 cum
1052 983 1349 1057 lngeniculi
1406 982 1669 1054 ﬁguram,
1722 996 1787 1037 ac
1861 981 2028 1038 silum

464 1081 741 1152 explicare
782 1079 941 1135 nobis
975 1078 1177 1132 Aratus
1205 1082 1450 1146 cuperet,
1490 1073 1686 1130 merito
1720 1073 2030 1146 signiﬁcare

464 1172 679 1238 debuit,
720 1180 844 1228 uter
884 1186 983 1242 pes
1009 1169 1130 1239 ejus
1164 1168 1330 1241 capiti
1370 1166 1636 1224 Draconis
1667 1167 2027 1223 incumberet.

463 1263 587 1320 Non
628 1265 774 1320 enim
823 1264 930 1319 alia
959 1263 1027 1318 de
1059 1275 1225 1317 causa
1258 1260 1456 1331 capitis
1496 1259 1761 1316 Draconis
1799 1260 2031 1316 mentio-

464 1371 590 1412 nem
618 1339 825 1427 injicit,
853 1354 959 1410 nisi
997 1362 1058 1408 ut
1089 1367 1154 1408 eo
1174 1353 1336 1409 modo
1370 1350 1666 1423 lngeniculi
1696 1352 1849 1424 103
1867 1353 2032 1409 situm

466 1448 687 1519 assequi
735 1445 1035 1516 possimus,
1078 1444 1226 1517 quod
1268 1445 1325 1500 in
1376 1445 1499 1500 aliis
1541 1445 1816 1516 plerisque
1854 1445 2034 1501 facere

465 1540 639 1605 solet;
684 1538 830 1594 velut
860 1536 928 1592 de
975 1535 1290 1608 lngeniculo
1339 1537 1608 1604 scribens,
1659 1547 1879 1593 caeteras
1914 1536 2032 1609 ejus

468 1639 648 1699 partes
676 1629 750 1684 ita
774 1639 1165 1685 commemorat
1200 1648 1215 1685 :

464 1721 638 1801 Dorso
679 1722 886 1801 quidem
918 1718 1137 1801 Corona
1161 1722 1521 1801 propinquat:
1549 1734 1704 1795 caput
1731 1740 1848 1778 uero
1869 1739 2034 1801 'sum-
2078 1742 2081 1745 ·
2132 1718 3085 1801 λέξὶξξὲλ-έιξν-ξῖέξξινςςῆειᾷέειᾋ

1869 1792 2036 1866 [mum
2066 1842 2108 1866 ἢ
2137 1777 2393 1833 Σκέπτεο
2432 1778 2552 1848 πάρ
2582 1777 2856 1852 κεφαλὴν
2897 1777 3238 1854 Ὀφιούχὲον

469 1788 700 1846 Observa
723 1792 884 1861 juxta
910 1801 1067 1861 caput
1104 1788 1399 1863 Aliguiferi.

465 1902 599 1961 Item
632 1906 700 1961 de
726 1905 866 1978 Lyra
903 1922 917 1959 :

535 2019 620 2074 Ad
649 2037 782 2092 genu
804 2021 890 2076 illi
911 2022 1095 2076 lacuum
1126 2021 1344 2076 accedit.

469 2133 582 2190 Nec
615 2150 723 2189 non
752 2134 818 2190 de
840 2134 1075 2193 Perseo:

472 2244 792 2330 {repetiero
825 2250 928 2319 ipsi
952 2249 1136 2304 la’vum
1157 2264 1305 2322 genu'
1322 2248 1604 2303 admodum
1631 2265 1807 2304 omnes

469 2316 717 2372 Pleiades
743 2316 1004 2379 feruntur.

472 2431 604 2487 Item
626 2449 642 2486 :

472 2543 515 2619 4
523 2553 640 2614 tque
668 2546 789 2601 huic
815 2545 1005 2619 dextra
1027 2549 1234 2619 quidem
1273 2563 1435 2618 supra
1463 2545 1699 2602 lecticam
1747 2546 2049 2601 extenditur

475 2612 742 2672 Socerali's
774 2616 939 2673 sellae.

476 2725 571 2784 Sic
598 2728 668 2786 de
699 2729 887 2803 Cygno
921 2749 937 2785 :

595 2884 608 2896 .
637 2882 651 2896 .
689 2883 705 2897 .
741 2886 756 2899 .
795 2883 812 2900 .
846 2885 861 2900 .
900 2829 982 2899 Ad
1008 2845 1247 2899 dextram
1276 2862 1487 2900 manum

475 2910 738 2984 Cepheam
770 2931 954 2984 penna:
978 2915 1191 2970 dextras
1220 2919 1578 2971 extremitates
1606 2918 1904 2988 porrigens.

550 3025 629 3081 lta
661 3028 714 3082 in
766 3028 890 3084 aliis
944 3029 1224 3099 plerisque
1255 3029 1559 3100 propinqua
1608 3029 1788 3085 sidera
1844 3029 2049 3086 descri-

478 3118 638 3185 bens,
664 3120 869 3175 indicat
900 3119 1164 3176 dextrane
1192 3121 1496 3191 adjaceant,
1523 3137 1592 3176 an
1621 3123 1869 3179 sinistra.

548 3296 706 3365 Quod
768 3305 947 3352 autem
1007 3298 1279 3368 neglectu,
1313 3313 1422 3353 non
1473 3313 1664 3355 errore
1706 3308 1779 3356 sit
1813 3301 1943 3356 illud
1979 3302 2048 3358 ab

479 3389 704 3446 Eudoxo
729 3397 782 3445 et
810 3388 979 3443 Arato
1015 3389 1085 3444 de
1124 3388 1260 3461 pede
1296 3391 1674 3458 commissum,
1703 3408 1767 3447 ex
1822 3394 2047 3465 reliquis

478 3490 727 3555 apparet,
757 3496 878 3552 quae
909 3489 1138 3553 uterque
1167 3480 1234 3538 de
1272 3480 1586 3553 lngeniculo
1619 3486 1882 3556 prodidit.
1913 3487 2048 3544 Nam

481 3574 549 3628 de
583 3572 723 3644 Lyra
751 3574 867 3645 haec
896 3572 1137 3655 Aratus:

480 3688 774 3743 Collocavit
800 3699 977 3744 autem
1010 3687 1133 3758 (ait,
1163 3688 1363 3765 ipsam)
1410 3704 1532 3749 ante
1559 3695 1795 3766 ignotum
1824 3694 2046 3749 simula-

1813 3783 1957 3820 crum

485 3827 550 3904 ζει
578 3828 764 3904 caelum
798 3831 1122 3904 transferens
1147 3852 1165 3889 :
1191 3844 1345 3904 atque
1377 3834 1433 3888 in
1451 3835 1694 3890 cruribus
1725 3766 1938 3892 volatile
1965 3805 1980 3829 ’

485 3897 632 3952 Genu
649 3901 698 3953 ei
717 3900 932 3957 sinistro
952 3897 1367 3976 appropinquat.

553 4013 725 4069 Porro
770 4032 899 4072 crus
955 4017 1109 4089 Lyra:
1159 4018 1398 4073 vicinum
1461 4018 1516 4073 in
1568 4017 1830 4076 Draconis
1879 4021 2055 4091 capite

487 4106 721 4173 positum
761 4117 863 4164 est.
898 4107 1111 4165 Rursus
1140 4109 1208 4165 de
1248 4116 1374 4164 ortu
1410 4108 1708 4181 Ingeniculi
1753 4111 1833 4167 sic
1878 4114 2056 4184 loqui-

487 4205 575 4252 tur
606 4215 620 4252 :

563 4349 578 4364 .
616 4352 631 4365 .
674 4353 691 4368 .
737 4353 750 4366 .
785 4354 800 4368 .
843 4313 1026 4368 Solum
1048 4332 1167 4371 vero
1189 4315 1364 4372 lihelle
1387 4327 1551 4386 agunt

492 4378 744 4457 Dextrum
775 4401 896 4457 crus
921 4386 989 4438 ad
1006 4387 1195 4457 ipsum
1219 4403 1379 4456 usque
1409 4378 1565 4457 genu,

489 4447 703 4522 Semper
732 4447 1102 4523 geniculatim;
1133 4447 1332 4525 scmpér
1361 4447 1432 4511 ad
1459 4447 1652 4529 Lyram
1683 4459 1986 4515 accidentis.

2128 586 2362 641 θετεῖται
2385 586 2489 640 ὑπὸ
2512 586 2749 650 πάντων,
2773 587 2867 640 καὶ
2891 587 2983 640 ὑπ’
3005 584 3166 639 αὐτοῦ
3193 584 3290 640 τοῦ
3322 587 3579 658 Ἀράτου,
3601 591 3699 645 καὶ

2128 681 2186 732 ὲν
2218 680 2351 734 πᾶσι
2379 680 2491 742 τοῖς
2525 677 2751 750 βιϐλίοις
2788 678 3056 750 γράφεται
3076 695 3092 711 ο

2129 828 2146 843 .
2190 830 2211 843 .
2243 830 2257 843 .
2285 830 2300 846 .
2326 828 2343 844 .
2372 830 2386 844 .
2417 832 2429 846 .
2460 789 2673 859 μέσσῳ
2704 789 2755 843 δ’
2785 789 3080 859 ἐφύπερθε
3104 788 3341 858 καρήνῳ

2127 860 2435 929 Δεξιτεροῦ
2467 860 2651 926 ποδὸς
2683 859 2869 928 ἀκρον
2900 859 3025 929 ἔχει
3047 860 3315 915 σκολιοῖο
3339 862 3408 917 ⁵³.

2196 973 2341 1046 Πρὸς
2380 974 2438 1028 δὲ
2466 973 2625 1027 τοῦτο
2644 973 2688 1006 ⁶⁰
2721 974 2816 1026 καὶ
2860 972 2956 1026 τὸν
3000 973 3377 1045 σχηματισμὸν
3422 975 3555 1046 ἡμῖν
3598 974 3699 1028 τοῦ

2139 1067 2229 1121 Ἐν
2260 1067 2483 1136 γούνασι
2529 1066 2625 1120 καὶ
2673 1065 2773 1138 τὴν
2803 1065 2950 1120 θέσιν
2992 1065 3273 1136 διασαφεῖν
3315 1066 3639 1139 βουλόμενος
3666 1071 3705 1123 6

2132 1160 2365 1228 ’Ἄρατος
2396 1159 2631 1228 εὐλόγως
2658 1158 2725 1213 ἂν
2757 1159 3033 1230 σημαίνοι,
3062 1159 3159 1214 καὶ
3190 1161 3338 1222 ποῖος
3362 1160 3528 1215 αὐτοῦ
3557 1162 3699 1226 ποῦς

2131 1253 2305 1306 κεῖται
2338 1252 2430 1304 ἐπὶ
2445 1252 2545 1322 τῆς
2575 1250 2669 1306 τοῦ
2695 1252 2995 1323 Δράκοντος
3018 1251 3277 1323 κεφαλῆς.
3292 1253 3368 1307 Οὐ
3392 1253 3503 1326 γὰρ
3522 1254 3700 1318 ἄλλως

2132 1342 2464 1415 παρατίθησι
2489 1343 2587 1415 τὴν
2615 1342 2709 1397 τοῦ
2742 1343 3041 1417 Δράκοντος
3068 1346 3330 1416 κεφαλὴν,
3357 1344 3475 1400 ἀλλ’
3513 1346 3607 1401 ἵνα
3630 1349 3698 1419 τῇ

2132 1436 2280 1491 Θέσει
2326 1434 2420 1489 τοῦ
2455 1436 2542 1491 Ἐν
2584 1437 2810 1504 γούνασι
2853 1438 3379 1513 παρακολουθῶμεν·
3425 1440 3566 1511 ὅπερ
3605 1440 3703 1493 καὶ

2132 1526 2225 1578 ἐπὶ
2255 1524 2429 1579 ἄλλων
2480 1525 2738 1581 πλειόνων
2775 1531 2940 1583 ποιεῖ·
2972 1529 3222 1601 καθάπερ
3277 1530 3371 1583 καὶ
3414 1529 3505 1583 ἐπ’
3532 1528 3704 1582 αὐτου

2131 1614 2226 1669 τοῦ
2265 1617 2354 1670 Ἐν
2385 1615 2609 1686 γούνασι
2639 1619 2709 1674 τὰ
2737 1619 2872 1675 ἄλλα
2897 1620 3061 1675 αὐτοῦ
3093 1620 3235 1693 μέρη
3263 1619 3396 1691 φησι
3414 1636 3430 1651 ·

2132 1707 2309 1784 ζξνώςῳ
2331 1709 2449 1777 μὲν
2475 1708 3012 1784 {reparat-naida:
3029 1730 3043 1744 ο
3063 1712 3295 1783 κεφαλῇ
3320 1731 3386 1784 γε
3403 1711 3523 1783 μὲν
3548 1712 3706 1781 ἄκρῃ

2136 1893 2247 1947 Καὶ
2274 1892 2353 1948 ἔτι
2379 1898 2447 1968 τῇ
2473 1895 2628 1969 Λύρᾳ
2652 1898 2806 1971 φησί·

2203 2031 2466 2086 ratirati
2493 2035 2548 2087 ot
2572 2033 2762 2099 σκαιῷ
2784 2033 3010 2090 excidet.

2136 2141 2249 2194 Καὶ
2275 2141 2351 2205 ὡς
2385 2142 2479 2196 ἐπὶ
2508 2144 2603 2198 τοῦ
2634 2145 2918 2216 Περσέως·

2144 2254 2407 2332 ᾎγχι-δέ
2428 2258 2483 2311 cl
2514 2257 2735 2332 σκαιῆς
2753 2259 3131 2331 ἐπιγουνίδος
3147 2261 3328 2332 ἤλιθα
3351 2261 3544 2318 πᾶσαν.

2140 2324 2436 2393 Πλητάδες
2464 2324 2776 2397 φορέονται
2795 2346 2809 2359 ³

2142 2438 2238 2491 καὶ
2268 2439 2428 2493 πάλιν
2444 2457 2458 2470 ·

2141 2553 2255 2629 {at
2278 2556 2332 2629 cl
2364 2553 2632 2629 ᾷεξιζερὴ
2662 2556 2773 2624 μὲν
2800 2557 2898 2611 ἐπὶ
2926 2557 3187 2629 κλισμὸν
3214 2560 3572 2617 τετάνυσται

2144 2625 2461 2693 Πενθερίπ
2488 2625 2740 2695 δίφροιο.

2143 2734 2255 2789 Kal.
2286 2735 2363 2799 ὡς
2393 2736 2486 2791 ἐπὶ
2512 2737 2605 2790 τοῦ
2642 2739 2891 2810 Ὄρνιθός
2915 2758 3080 2813 φησι·

2150 2890 2222 2926 .__.
2255 2889 2269 2905 .
2309 2890 2333 2926 ._
2360 2888 2376 2905 .
2413 2891 2428 2907 .
2463 2889 2481 2905 .
2514 2852 2667 2926 κειτᾲ
2693 2853 2860 2926 δεξιὰ
2889 2855 3085 2926 χειρὸς

2144 2922 2426 2990 Κηφείης,
2456 2923 2697 2992 ταρσοῖο
2727 2924 2799 2979 τὰ
2832 2922 3002 2993 δεξιὰ
3024 2922 3272 2997 acerbata
3293 2928 3543 2998 φαίνων.

2215 3034 2326 3089 Καὶ
2370 3034 2456 3090 ἐπ’
2487 3036 2661 3091 ἄλλων
2693 3038 2751 3091 δὲ
2784 3040 3042 3096 πλειόνων
3090 3038 3191 3105 τὰς
3234 3041 3564 3113 παραθέσεις
3603 3042 3727 3098 τῶν

2147 3126 2361 3198 ἄστρων
2406 3126 2704 3197 διασαφῶν,
2753 3131 3008 3202 σημαίνει
3056 3132 3282 3205 πότερον
3316 3131 3384 3186 τά
3407 3133 3558 3201 δεξιὰ
3586 3137 3622 3207 ῆ
3650 3135 3725 3190 τέ.

2072 3194 2114 3252 C
2146 3194 2408 3291 ἀριστερὰ
2430 3194 2779 3290 παράκειται.

2219 3309 2339 3362 Ὅτι
2373 3309 2430 3362 δὲ
2458 3310 2757 3382 παρόραμα
2787 3311 2902 3365 ἐστι
2926 3311 3020 3365 τοῦ
3047 3312 3276 3378 Εὐδόξου
3301 3313 3392 3368 καὶ
3419 3314 3516 3368 τοῦ
3556 3314 3727 3387 ’Δρά-

2146 3416 2239 3453 του
2282 3398 2343 3452 τὸ
2386 3400 2516 3472 περὶ
2541 3399 2632 3455 τὸν
2664 3400 2821 3468 πόδα,
2849 3402 2944 3456 καὶ
2970 3403 3068 3474 οὐχ
3093 3403 3415 3475 ἁμάρτημα,
3442 3405 3603 3477 δῆλον
3630 3406 3721 3475 τι-

2149 3509 2296 3546 νεται
2348 3494 2412 3545 ἐκ
2455 3492 2564 3546 τῶν
2604 3493 2805 3548 λοιπῶν
2841 3493 2949 3548 τῶν
2995 3495 3299 3566 λεγομένων
3330 3498 3419 3567 ὑφ’
3452 3497 3727 3569 ἐκατέρου

2151 3585 2280 3654 περὶ
2302 3584 2395 3639 τοῦ
2436 3586 2524 3639 Ἐν
2554 3584 2796 3656 γούνασι.
2825 3587 2961 3655 Περὶ
2986 3587 3084 3658 μὲν
3107 3589 3215 3660 γὰρ
3234 3589 3333 3660 τῆς
3354 3588 3543 3662 Δύρας
3561 3608 3578 3622 ·

2152 3698 2332 3753 Καδδ⁹
2389 3696 2577 3765 ἔθετο,
2624 3702 2824 3773 φησιν,
2873 3702 3040 3776 αὐτὴν
3087 3705 3521 3793 εφοεξιξὶειῖοιθεῖος1⁵
3540 3705 3729 3793 diuv-

2450 3786 2453 3791 λ
2688 3772 2693 3773 ⁷
2997 3772 3007 3776 ⁷
3239 3772 3403 3844 [θέος
3429 3773 3725 3836 εἰδώλοιο,

2157 3839 2425 3912 Οὐρανὸν
2450 3842 2799 3912 εἰσαγαγών·
2824 3841 2902 3897 τὸ
2912 3840 2963 3896 δ’
2981 3843 3079 3897 ἐπὶ
3105 3842 3431 3898 σκελέεσσι
3457 3843 3737 3912 aetum

2153 3911 2413 3964 Γούνατὶ
2444 3914 2498 3964 οἱ
2526 3911 2716 3977 σκαιῷ
2748 3912 2976 3967 πελάει·

2155 4022 2214 4075 τὸ
2245 4021 2301 4075 δὲ
2335 4022 2471 4094 πρὸς
2518 4025 2585 4094 τῇ
2632 4023 2787 4095 Λύρα
2820 4021 3009 4087 σκέλος
3050 4023 3167 4077 ἐστὶ
3210 4023 3458 4095 κείμενον
3496 4023 3592 4076 ἐπὶ
3630 4022 3737 4093 τῆς

2153 4112 2248 4166 τοῦ
2288 4114 2589 4186 Δράκοντος
2614 4114 2871 4186 κεφαλῆς.
2904 4114 3074 4170 Πάλιν
3097 4115 3153 4168 δὲ
3180 4116 3425 4188 περὶτῆς
3461 4114 3734 4183 ἀνατολῆς

2158 4203 2250 4258 τοῦ
2296 4204 2384 4257 Ἐν
2415 4205 2636 4274 γούνασι
2663 4205 2853 4274 λέγων,
2890 4207 3042 4279 φησί·

2387 4360 2398 4373 .
2433 4357 2449 4373 .
2488 4360 2500 4373 .
2528 4321 2725 4389 μόνην
2756 4318 2808 4373 δ’
2837 4319 2937 4373 ἐπὶ
2964 4320 3154 4386 Χηλαὶ
3190 4318 3408 4389 ἄγουσι

2160 4358 2470 4461 hiccine}
2488 4358 2745 4461 ’κπῖάῧν
2756 4358 3371 4460 Ῑλιὺῖῑῑϊὲἕτῖἓυῖῒέἕὲ
3386 4358 3595 4461 "quam.

2161 4459 2285 4513 Αὶεὶ
2317 4458 2490 4528 γνὺξ,
2512 4460 2629 4513 αἰεὶ
2659 4459 2728 4513 δὲ
2752 4461 2917 4529 Λύρῃ
2953 4458 3480 4529 παραπεπτηῶτος.

557 4566 719 4621 Aliud
747 4577 830 4622 est
873 4584 1000 4623 crus
1038 4570 1101 4623 ad
1141 4583 1428 4651 occasum,
1463 4571 1606 4642 quod
1650 4572 1801 4643 prius
1860 4575 2039 4629 oritur.

2232 4570 2397 4643 Ἀλλη
2452 4572 2589 4644 πρὸς
2641 4575 2706 4644 τῇ
2747 4571 2896 4625 δύσει
2949 4575 3131 4645 κνήμη
3172 4576 3352 4646 ἐστὶὴ
3401 4577 3737 4647 προανατέλ-

493 4674 671 4730 ncque
695 4661 747 4714 id
776 4662 940 4730 capiti
970 4660 1234 4719 Draconis
1263 4664 1554 4721 incumbit.
1594 4664 1950 4737 Perspicuum
1973 4677 2057 4723 est

494 4752 660 4822 igitur
692 4753 841 4840 illam
871 4755 940 4809 ab
967 4770 1033 4810 eo
1063 4756 1344 4812 sinistram
1396 4757 1646 4831 intelligi.
1690 4757 1786 4816 His
1823 4774 2058 4817 consen-

495 4852 653 4899 tanea
683 4844 752 4919 de
779 4853 900 4900 ortu
934 4844 1133 4902 Leonis
1156 4846 1355 4903 cecinit
1385 4868 1397 4903 :

572 5091 602 5124 ._
625 5091 640 5104 .
672 5089 688 5105 .
720 5089 735 5105 .
769 5090 784 5104 .
825 5050 1087 5124 Cafterum
1123 5053 1205 5106 hic
1233 5054 1570 5124 geniculatim

499 5120 694 5178 Sedens
733 5136 850 5174 cum
878 5123 998 5191 jam
1034 5123 1171 5178 alias
1202 5120 1413 5192 partes;
1453 5135 1563 5180 tum
1593 5142 1759 5196 genu,
1791 5135 1842 5180 et
1879 5127 2058 5196 pedem

1762 5196 2060 5267 [sinistrum

500 5258 754 5315 Nondum
783 5261 1075 5331 ﬂuctuante
1107 5263 1310 5319 reducit
1346 5263 1578 5321 Oceano.

570 5370 651 5427 Ex
681 5372 769 5429 his
816 5374 1075 5430 omnibus
1124 5384 1371 5447 apparet,
1408 5378 1694 5434 sinistrum
1728 5395 1858 5437 crus
1905 5380 2059 5436 illum

501 5462 686 5520 dicere
711 5462 779 5518 ad
801 5462 1065 5521 Draconis
1090 5474 1252 5538 caput
1273 5468 1598 5541 pertingere.

576 5641 1170 5702 \‘Ill.PosthocAratus
1178 5646 1427 5718 privatim
1440 5646 1803 5719 deOphiuclio
1815 5650 2062 5710 scribens

592 5797 640 5830 ³⁹
672 5796 825 5854 Deest
856 5800 1171 5868 Δράκοντος.
1247 5802 1292 5836 ⁶⁰
1321 5801 1361 5871 f.
1393 5799 1583 5873 τούτῳ.

2156 4663 2341 4727 λουσα,
2378 4664 2473 4717 καὶ
2501 4664 2600 4717 οὐκ
2631 4664 2774 4720 ἔστιν
2801 4663 2939 4736 αὕτη
2975 4667 3067 4719 ἐπὶ
3093 4666 3194 4736 τῆς
3223 4667 3467 4739 κεφαλῆς
3483 4668 3585 4722 τοῦ
3606 4669 3739 4741 Δρά-

2157 4773 2363 4821 κοντος.
2392 4756 2557 4827 Δῆλον
2580 4752 2672 4810 οὖν
2693 4757 2774 4811 ὅτι
2807 4757 3022 4829 ἐκείνην
3070 4759 3363 4830 ἀριστερὰν
3384 4760 3561 4829 λέγει.
3593 4763 3736 4833 Συμ-

2160 4848 2352 4920 φωνῶν
2379 4849 2435 4902 δὲ
2466 4847 2675 4915 τούτοις
2713 4848 2804 4902 καὶ
2841 4848 2935 4903 ἐπὶ
2960 4850 3059 4921 τῆς
3085 4851 3347 4916 ἀνατολῆς
3374 4852 3471 4907 τοῦ
3509 4854 3735 4918 Λέοντός

2162 4956 2327 5012 φησιν
2351 4957 2364 4970 ·

2167 5075 2180 5087 .
2219 5073 2233 5087 .
2263 5071 2277 5085 .
2322 5071 2338 5087 .
2379 5071 2393 5086 .
2429 5071 2500 5104 ε.
2530 5072 2545 5087 .
2584 5032 2950 5104 ,αὐτὰρίὸγε
2985 5033 3139 5104 γνὺξ

2167 5104 2421 5173 Ἦμεν-ος
2444 5102 2607 5157 ἄλλα
2630 5102 2746 5172 μὲν
2769 5102 2907 5172 ἤδη,
2927 5102 3074 5174 ἀτὰρ
3095 5106 3240 5160 νόνυ
3262 5104 3360 5159 καὶ
3382 5104 3547 5159 πόδα
3566 5105 3739 5161 λαιὸν

2159 5244 2335 5298 Οὔπω
2358 5243 2752 5313 κυμαίνοντος
2788 5243 3150 5312 ὑποστρέφει
3184 5240 3506 5297 Ὠκεανοῖο.

2235 5376 2470 5448 Φανερδν
2497 5371 2588 5430 οὖν
2611 5376 2676 5430 ὲκ
2703 5375 2922 5430 πάντων
2949 5375 3177 5446 γίνεται,
3194 5372 3328 5427 διότι
3363 5372 3424 5426 τὺ
3450 5371 3745 5445 ἀριστερὸν

2170 5468 2360 5533 σκέλος
2393 5469 2526 5541 φησὶ
2557 5468 2820 5543 καθήκειν
2853 5469 2946 5522 ἐπὶ
2972 5466 3068 5539 τὴν
3096 5465 3189 5521 τοῦ
3230 5466 3538 5539 Δράκοντος
3566 5481 3743 5534 κεφα-

2167 5561 2286 5616 λήν.

2201 5580 2318 5709 ηέίυ.
2353 5653 2509 5728 Ἑξῆς
2531 5654 2587 5711 δὲ
2610 5655 2735 5729 περὶ
2757 5654 2850 5711 τού
2865 5651 3145 5726 Ὀφιούχου
3164 5652 3335 5723 λέγων
3359 5650 3508 5716 ἰδίως
3523 5653 3554 5705 ὁ
3570 5652 3742 5723 Ἀριν
3810 5628 3815 5632 1
