3928 6266
251 429 277 483 1
290 424 386 483 Oi!

1235 408 1604 468 HIPPABCHI
1638 407 1731 465 AD
1766 401 2213 462 PHAENOMENA
2248 398 2376 458 LIB.
2413 397 2458 456 1.

3352 389 3485 449 rom

247 568 360 615 τος,
392 546 551 620 ὀρθόν
586 562 718 617 φησι
761 542 976 599 κεῖσθαι
1024 539 1185 597 αὐτὸν
1231 542 1296 611 τῇ
1347 538 1515 603 θέσει,
1554 532 1822 607 βεϐηκότα

1945 529 2090 585 ,alem
2116 528 2166 585 ei
2197 527 2363 584 situm
2394 521 2602 586 tribuit,
2636 526 2697 603 ut
2724 518 2898 577 oculis
2924 516 3139 589 Scorpii
3182 529 3246 571 ac
3275 514 3484 587 pectori

247 643 309 699 εν
340 659 401 696 τε
439 641 551 704 τοῖς
596 635 892 709 ὀφθαλμοῖς
923 633 1017 689 τοῦ
1051 632 1323 706 Σκορπὶου
1370 630 1465 686 καὶ
1498 628 1577 700 τῷ
1613 624 1822 699 στήθει.

246 736 330 808 Τῇ
360 734 417 787 δὲ
438 731 701 806 ἀριστερᾷ
729 729 886 802 μόνον
917 727 1103 800 κνήμῃ
1124 724 1352 797 βέϐηκεν
1381 718 1822 790 ἀποτετμημένῃ,

251 824 458 898 μεταξὺ
489 821 718 894 κειμένῃ
746 820 840 874 τοῦ
871 836 931 873 τε
962 816 1214 890 μετώπου
1237 813 1444 869 καὶτοῦ
1474 810 1706 883 στήθους
1729 808 1824 862 τοῦ

247 919 522 993 Σκορπίου
542 936 556 949 ·
589 918 649 972 τὸ
681 916 737 971 δὲ
769 915 939 980 δεξιὸν
979 913 1165 978 σκέλος
1216 910 1328 983 ἔχει
1380 905 1823 978 συνεσταλμένον.

250 1010 386 1065 Οὐδὲ
430 1011 461 1063 6
513 1006 742 1073 Εὔδοξος
778 1005 835 1059 δὲ
889 1005 1155 1074 διασαφεῖ,
1185 1003 1267 1056 ὅτι
1316 1000 1465 1054 ἔστιν
1510 998 1687 1071 ὀρθός.
1723 995 1827 1051 Τὸν

247 1100 360 1173 γάρ
390 1098 563 1166 δεξιὸν
595 1096 731 1152 πόδα
762 1093 926 1151 αὐτοῦ
971 1095 1111 1166 ὑπὲρ
1153 1094 1215 1146 τὸ
1247 1091 1405 1164 σῶμα
1440 1090 1655 1145 κεῖσθαί
1692 1104 1827 1161 φησι

246 1191 345 1246 τοῦ
399 1189 690 1262 Σκορπίου,
721 1189 796 1254 ὡς
823 1189 918 1243 καὶ
948 1189 1060 1259 ἔχει
1185 1184 1433 1256 ἀληθείᾳ,
1470 1181 1564 1237 καὶ
1603 1180 1703 1235 οὐκ
1735 1179 1830 1233 ἐπὶ

247 1280 344 1335 τοῦ
379 1280 625 1354 στήθους.

318 1375 481 1428 Δοκεῖ
498 1373 556 1428 δέ
586 1390 678 1445 μοι
709 1373 804 1427 καὶ
825 1371 954 1444 περὶ⁵
983 1370 1093 1424 τῶν
1115 1372 1174 1424 ὲν
1203 1370 1321 1434 ταῖς
1353 1369 1510 1440 χερσὶ
1536 1364 1629 1420 τοῦ
1675 1363 1826 1434 Ὀερι-

248 1466 414 1538 οὖχου
442 1466 686 1539 ἀστέρων
716 1463 858 1519 κατά
886 1465 949 1517 τὸ
985 1460 1213 1534 μέγεθος
1238 1460 1415 1517 αὐτῶν
1444 1459 1829 1530 ἀγνοεῖν.Τοὺς

248 1560 361 1633 γὰρ
406 1561 466 1613 ἐν
514 1562 627 1624 τοῖς
659 1557 831 1631 ὤμοις
872 1555 963 1612 τοῦ
1003 1555 1286 1627 Ὀφιούχου
1332 1555 1511 1625 φήσας
1544 1551 1830 1624 λαμπροὺς

248 1648 416 1719 εἶναι,
443 1653 582 1708 ὥστε
609 1652 705 1706 καὶ
731 1653 789 1706 ὲν
820 1649 1139 1720 πανσελήνῳ
1172 1645 1514 1719 θεωρεῖσθαι,
1544 1644 1788 1717 ἐπιφέρει
1811 1659 1825 1672 ⁸

249 1895 270 1915 ο
301 1899 317 1914 .
354 1896 371 1912 .
412 1897 430 1913 .
468 1898 482 1911 .
525 1895 540 1910 .
577 1895 590 1908 .
620 1852 769 1920 ἀτὰρ
800 1850 971 1921 χέρες
1008 1851 1080 1903 οὐ
1111 1847 1251 1921 μῇ’
1288 1847 1474 1900 ἐΐσαιο

247 1927 455 1997 Aeaci;
487 1926 599 1997 γὰρ
636 1922 710 1993 τῇ
728 1916 840 1976 ’κάὶ
865 1916 943 1990 τῇ
972 1916 1426 1987 ἐξεπήιδέδρομεν
1456 1916 1658 1987 αἴγλη.

334 2040 475 2094 Ἀλλ’
506 2040 557 2094 οἱ
588 2039 646 2091 έν
672 2040 792 2101 ταῖς
818 2035 974 2108 χερσὶ
1000 2032 1095 2088 τοῦ
1136 2032 1432 2106 Ὀφιούχουῑ
1461 2033 1689 2105 ἀστέρες
1717 2048 1830 2084 κοι-

247 2132 333 2189 νοί
351 2133 462 2186 εἰσι
494 2130 587 2186 καὶ
617 2127 712 2183 τοῦ
749 2130 984 2197 Ὄφεως,
1006 2125 1259 2198 καθάπερ
1295 2129 1390 2182 καὶ
1418 2127 1446 2180 6
1473 2124 1635 2188 αὐτὸς
1659 2124 1828 2194 Ἀρα-

247 2246 344 2294 τος
374 2226 524 2298 λέγει
545 2243 560 2258 ο

332 2319 672 2388 Ἀμφότεροι
699 2315 754 2378 δ’
786 2317 988 2386 Ὄφιος
1027 2311 1414 2381 «exornatae.

323 2430 385 2484 οἱ
413 2428 457 2483 δ’
491 2430 549 2482 ὲν
576 2427 655 2500 τῷ
690 2430 852 2499 Ὀφει
905 2426 1154 2498 ἀστέρες,
1197 2416 1273 2479 ὧν
1322 2423 1503 2495 ἔχεται
1545 2424 1574 2477 6
1617 2421 1830 2493 ὐιριοῦ-

248 2538 368 2593 χος,
403 2521 463 2574 οὐ
512 2518 820 2591 λειπόμενοι
867 2520 974 2573 εἰσι
1006 2521 1072 2590 τῇ
1112 2514 1454 2589 λαμπρότητι
1494 2514 1602 2570 τῶν
1632 2515 1689 2568 ὲν
1720 2516 1831 2579 τοῖς

246 2606 449 2678 ὤμοις⁸
504 2606 683 2678 πολλῷ
706 2607 763 2660 δὲ
793 2607 1161 2681 λαμπρότεροι
1189 2603 1300 2677 (55)
1320 2605 1371 2657 οἱ
1392 2605 1451 2658 ὲν
1492 2605 1605 2667 τοῖς
1634 2602 1826 2674 ὤμοις.

252 2701 348 2755 Διὸ
375 2700 473 2755 καὶ
504 2701 848 2773 έπιστήσειεν
874 2700 940 2754 ἄν
970 2717 1057 2764 τις
1082 2699 1200 2763 πῶς
1222 2699 1318 2754 καὶ
1336 2700 1366 2753 6
1388 2696 1647 2761 Ἄτταλός
1670 2713 1830 2767 φησιν

177 2854 185 2862 ,
243 2793 443 2857 αὐτοὺς
473 2792 675 2859 ἱκανῶς
706 2793 992 2866 λαμπροὺς
1021 2790 1178 2848 εἶναι.

320 2931 398 2986 Θ’.
445 2929 603 3000 Ἑξῆς
627 2928 840 3001 δὲγπερὶ
870 2927 979 3001 τῶν
1008 2925 1203 3001 Χηλῷν
1233 2927 1520 3001 όΪΑρατος
1548 2923 1729 2993 λέγει’

332 3003 493 3057 Ἀλλ’
627 3000 746 3070 μὲν
786 2992 993 3068 "scde
1042 2992 1442 3139 év‘ttaevéecilﬁ,
1457 2992 1831 3136 ἓὲμᾶεὲέεξ]

1008 3106 1017 3115 ς
1383 3084 1453 3120 ου
1710 3082 1787 3119 va
1813 3103 1828 3116 .

1008 3106 1017 3115 ~
1357 3082 1367 3120 Ι
1383 3082 1565 3120 ουσεν
1592 3082 1804 3120 αταυαι
1813 3103 1828 3116 .

316 3185 455 3256 Φησὶ
497 3185 556 3240 δὲ
656 3182 920 3248 Ἀτταλος
952 3183 1028 3256 μὴ
1055 3181 1144 3236 διὰ
1182 3181 1244 3236 τὸ
1285 3181 1512 3254 μικροὺς
1542 3175 1681 3236 εἶναι
1708 3181 1835 3244 τοὺς
1859 3220 1902 3277 C

254 3280 314 3332 ὲν
346 3279 469 3341 ταῖς
497 3276 705 3348 Χηλαῖς
749 3275 986 3347 ἀστέρας
1016 3274 1199 3344 λέγειν
1228 3273 1319 3328 τὸν
1354 3274 1590 3343 ’Ἄρατον
1635 3271 1834 3342 scaeam

244 3370 616 3442 ἐπιιιεμερέίις
663 3369 835 3433 αὐτὰς
891 3365 1032 3424 εἶναι
1055 3381 1069 3394 ·
1114 3366 1253 3422 ἀλλά
1301 3365 1392 3420 διὰ
1441 3365 1503 3419 τὸ
1546 3365 1591 3418 δ’
1641 3363 1833 3434 μόνους

246 3459 388 3517 εἶναι
439 3464 566 3526 τοὺς
615 3461 854 3525 πάντας·
885 3459 981 3524 οὓς
1034 3458 1108 3531 μὴ
1150 3456 1501 3530 συμπληροῦν
1530 3456 1630 3529 τὴν
1652 3454 1834 3526 ὁμοιό-

244 3571 385 3627 τητα
414 3555 622 3608 αὐτῶνθ
650 3554 714 3607 τὸ
737 3555 795 3607 δὲ
822 3553 1020 3624 μηδὲν
1052 3552 1283 3624 ἀγαυὰς
1316 3550 1501 3619 λέγειν
1532 3547 1713 3613 αὐτὸν,
1744 3546 1833 3600 διὰ

246 3648 308 3702 τὸ
344 3648 481 3719 μηδὲ
525 3647 718 3719 ὁμοίας
743 3645 913 3711 αὺτάς
937 3645 1221 3716 ὑπάρχειν,
1255 3643 1329 3697 Οὐ
1358 3642 1505 3695 δοκεῖ
1527 3641 1593 3712 δή
1629 3657 1719 3711 μοι
1745 3637 1833 3692 διὰ

244 3741 406 3796 τοῦτο
441 3739 624 3810 λέγειν
656 3740 827 3803 αὐτὲις
854 3738 1054 3808 φαέων
1093 3734 1479 3806 ἐπιμεμφέας,
1512 3731 1611 3786 καὶ
1638 3730 1833 3800 μηδὲν

246 3833 503 3905 ἀταυὰς.
536 3832 650 3890 ἀλλ’
678 3832 754 3895 ὡς
790 3831 857 3884 ἂν
892 3830 969 3903 μὴ
984 3829 1280 3901 λαμπράς.
1312 3827 1423 3882 Καὶ
1467 3826 1576 3898 γὰρ
1623 3829 1681 3880 ὲν
1713 3827 1831 3889 ταῖς

248 3922 634 3986 συνανατολαῖς
658 3920 802 3975 οὕτω
823 3920 971 3989 λέγει
1000 3919 1128 3990 περὶ
1160 3917 1337 3972 αὐτῶν
1355 3935 1368 3949 ·

252 4031 392 4086 Οὐδ’
425 4032 508 4086 ἂν
535 4031 930 4099 ἐπερχόμεναι
963 4028 1177 4096 Χηλαὶ,
1208 4025 1310 4081 καὶ
1337 4027 1528 4082 λεπτὰ
1568 4025 1831 4098 φάουσαι

252 4103 585 4171 Ἀφραστοι
618 4101 909 4171 παρίοιεν.

260 4194 544 4269 Ἐπιφέρει
575 4193 707 4265 γοῦν
732 4193 951 4257 εὐθέως·

251 4324 268 4338 .
316 4328 329 4341 .
367 4326 383 4339 .
416 4324 430 4338 .
459 4323 475 4338 .
511 4322 526 4336 .
561 4323 611 4336 ..
637 4283 767 4337 ἐπεὶ
799 4282 955 4352 μέγα
996 4280 1161 4352 σῆμα
1194 4280 1432 4349 Βοώτης

261 4356 504 4425 Ἀθρόος
535 4351 816 4409 ἀντέλλει
843 4351 1256 4422 βεϐολημένος
1295 4351 1676 4421 Ἀρκτούροιο.

332 4470 421 4533 Ὠς
478 4469 545 4523 ἂν
590 4468 656 4521 ὲκ
694 4467 790 4521 τοῦ
832 4466 1161 4539 Ἀρκτούρου
1196 4465 1352 4537 ἡμῶν
1396 4463 1704 4535 δυναμένων
1733 4480 1829 4532 ση-

1923 627 2109 676 rectus
2132 617 2373 674 insistat.
2404 613 2606 671 Verum
2636 602 2802 667 crure
2839 609 3070 667 sinistro
3097 607 3363 663 duntaxat
3402 606 3488 661 in-

1924 711 2093 776 sistit,
2125 708 2423 779 eodemque
2451 703 2674 770 mutilo;
2715 701 2860 773 quod
2887 701 3028 756 inter
3060 699 3292 755 frontem
3318 697 3487 753 Scor-

1926 803 2002 874 pii
2029 817 2095 858 ac
2137 809 2328 873 pectus
2365 797 2652 854 incumbit.
2694 794 2954 851 Dextrum
2994 806 3161 863 porro
3187 806 3316 847 crus
3354 805 3490 844 con-

1927 901 2161 950 tractum
2210 892 2392 948 habet.
2453 889 2562 946 Sed
2598 903 2699 945 nec
2734 887 2992 943 Eudoxus
3030 884 3085 939 id
3112 899 3234 940 esse
3279 889 3489 937 rectum

1927 994 2112 1058 aperte
2139 980 2585 1057 signiﬁcat.Nam
2614 980 2864 1037 dextrum
2894 977 3087 1048 pedem
3124 975 3296 1046 ipsius
3324 986 3491 1043 supra

1929 1080 2143 1152 Scorpii
2181 1093 2385 1150 corpus
2426 1077 2592 1133 situm
2633 1088 2755 1129 esse
2803 1070 2993 1135 refert,
3033 1067 3180 1140 quod
3216 1074 3271 1124 et
3299 1077 3491 1121 verum

1925 1182 2040 1240 est,
2073 1187 2182 1228 non
2210 1176 2393 1226 autem
2413 1182 2579 1239 supra
2603 1170 2820 1237 pectus.

1996 1352 2263 1408 Praeterea
2282 1348 2500 1405 videtur
2533 1350 2679 1404 idem
2706 1357 2871 1418 poeta
2906 1349 2965 1399 in
3009 1341 3283 1414 Ophiuchi
3310 1341 3494 1398 stella-

1927 1460 2050 1501 rum
2098 1440 2472 1514 magnitudine
2524 1438 2833 1497 deﬁnienda
2882 1451 3072 1493 errore
3119 1436 3326 1506 lapsus.
3357 1434 3495 1489 Cum

1926 1538 2072 1594 enim
2105 1537 2313 1600 stellas,
2339 1551 2462 1607 quae
2488 1535 2545 1590 in
2575 1531 2857 1604 Anguileri
2896 1536 3024 1586 sunt
3063 1528 3311 1593 humero,
3357 1525 3495 1582 luci-

1927 1631 2027 1687 das
2078 1645 2202 1686 esse
2254 1629 2511 1691 dixisset,
2551 1626 2688 1682 adeo
2720 1631 2782 1679 ut
2833 1624 2890 1677 in
2942 1619 3244 1693 plenilunio
3279 1631 3496 1691 quoque

1929 1722 2172 1781 discerni
2206 1729 2431 1793 queant,
2471 1734 2598 1774 mox
2619 1715 2846 1786 subiicit
2883 1732 2899 1769 :

2338 1830 2442 1886 Sed
2458 1845 2644 1884 manus
2675 1843 2781 1881 non
2808 1824 3029 1879 multum
3060 1821 3285 1892 aequales
3324 1833 3344 1872 :

1854 1882 1901 1938 Β
2010 1904 2203 1960 Tenuis
2222 1904 2365 1958 enim
2383 1902 2503 1956 hinc
2534 1910 2583 1954 et
2611 1899 2732 1953 hinc
2749 1896 2958 1952 exsistit
2986 1870 3263 1963 splendor.

2001 2016 2109 2073 Sed
2135 2032 2258 2089 quae
2286 2016 2343 2071 in
2373 2013 2648 2086 Ophiuchi
2686 2018 2817 2069 sunt
2840 2008 3093 2064 manibus
3131 1992 3319 2069 stellae,
3346 2019 3498 2060 com-

1927 2126 2122 2166 munes
2160 2117 2288 2166 sunt
2315 2116 2370 2164 et
2393 2105 2643 2178 Serpenti
2665 2145 2680 2171 ,
2707 2101 3172 2177 quemadmodum
3202 2110 3257 2157 ct
3293 2099 3495 2153 Aratus

1928 2203 2047 2273 ipse
2067 2208 2301 2258 testatur
2324 2217 2339 2252 :

1998 2292 2179 2349 Ambw
2204 2303 2378 2347 autem
2401 2291 2647 2363 Serpente
2678 2293 2993 2361 fatigantur.

2001 2405 2355 2476 Verumque:
2385 2406 2441 2461 in
2481 2405 2746 2477 Serpente
2776 2410 2906 2460 sunt
2935 2402 3125 2467 stellae,
3156 2400 3356 2473 quibus
3403 2399 3500 2455 ad-

1932 2501 2099 2556 haeret
2129 2499 2470 2571 Ophiuchus,
2525 2496 2813 2568 splendore
2860 2511 2971 2552 non
3018 2497 3219 2551 cedunt
3257 2494 3345 2558 iis,
3379 2505 3502 2562 qua:

1933 2599 2062 2648 sunt
2086 2593 2143 2647 in
2188 2589 2452 2654 humeris,
2481 2604 2675 2647 verum
2712 2588 2857 2643 haud
2896 2587 3068 2642 multo
3096 2593 3225 2641 sunt
3261 2582 3501 2655 splendi-

1931 2682 2135 2738 diores.
2158 2679 2238 2735 Ex
2261 2696 2370 2751 quo
2405 2679 2661 2735 dubitare
2700 2678 2879 2749 possit
2916 2678 3115 2748 aliquis
3144 2676 3366 2748 quinam
3405 2688 3502 2730 eas

1931 2773 2146 2829 Attalus
2175 2771 2466 2828 admodum
2499 2770 2817 2842 splendidas
2843 2785 2967 2827 esse
2991 2762 3208 2825 dixerit.

2006 2906 2166 2979 ι,οᾷ
2186 2904 2280 2979 lX.
2309 2905 2578 2979 Deinceps
2595 2904 2797 2979 Aratus
2816 2903 2885 2958 de
2905 2900 3087 2979 Chelis
3115 2920 3127 2979 ς

1935 2971 2156 3033 Setina?
2177 2978 2291 3032 luce
2321 2971 2615 3048 indigentes
2641 2975 2801 3046 (alias
2829 2971 3136 3044 culpandus)
3172 2984 3503 3048 nequaquam

3225 3037 3498 3112 [insignes.

2006 3161 2107 3219 Hic
2139 3163 2377 3227 Attalus,
2406 3177 2515 3218 non
2541 3161 2687 3232 q'uod
2726 3173 2907 3230 partus
2940 3157 3060 3214 ista:
3084 3155 3195 3212 sint
3231 3155 3288 3209 in
3316 3152 3502 3209 Chelis

1934 3257 2124 3322 stellm,
2166 3257 2236 3312 ab
2277 3258 2445 3310 Arato
2494 3253 2780 3309 luminibus
2830 3249 3128 3321 culpandus
3166 3247 3352 3304 vocari
3400 3261 3505 3317 puv

1933 3356 2013 3403 tat
2046 3367 2059 3403 :
2092 3348 2188 3403 sed
2234 3348 2379 3418 quod
2408 3360 2636 3402 numero
2678 3345 2792 3401 sint
2821 3359 2931 3399 non
2956 3341 3195 3412 amplius
3229 3346 3502 3410 quatuor,

1934 3454 2109 3510 neque
2160 3437 2577 3493 similitudinem
2618 3450 2775 3491 suam
2835 3434 3139 3504 impleant;
3183 3429 3294 3486 dici
3345 3442 3502 3491 vero,

1932 3544 2257 3600 nequaquam
2324 3527 2552 3598 insignes
2575 3566 2591 3592 ,
2664 3525 2813 3597 quod
2879 3538 3057 3595 neque
3118 3522 3231 3577 sint
3295 3518 3505 3576 similes

1933 3616 2247 3695 ipsae.°Ego
2318 3638 2451 3677 vero
2519 3622 2796 3677 nominari
2856 3628 3145 3692 propterea
3216 3615 3504 3673 luminibus

1933 3710 2222 3781 culpandas
2265 3718 2316 3766 et
2371 3728 2699 3783 nequaquam
2731 3711 2989 3773 illustres,
3046 3724 3160 3763 non
3216 3707 3500 3763 arbitror:

1932 3803 2026 3858 sed
2058 3802 2204 3873 quod
2241 3803 2469 3858 minime
2508 3803 2622 3858 sint
2669 3802 2987 3874 splendidae.
3020 3790 3236 3857 Etenim
3281 3813 3407 3879 cum
3436 3797 3507 3853 de

1931 3896 2212 3952 cnortibus
2240 3895 2372 3967 agit,
2406 3896 2479 3950 ita
2518 3895 2587 3951 de
2617 3895 2725 3951 illis
2753 3894 2998 3967 loquitur
3028 3909 3044 3947 :

1933 4009 2116 4079 Neque
2144 4010 2420 4065 subeuntes
2447 4008 2646 4078 Chelaa,
2675 4028 2737 4065 ac
2762 4011 2986 4065 tenuiter
3021 4010 3252 4064 lucentes

1933 4081 2187 4136 Obscura:
2209 4089 2544 4150 praetereant.

1931 4172 2117 4244 Itaque
2142 4174 2328 4229 statim
2360 4172 2585 4242 subiicit
2610 4191 2624 4228 :

2039 4305 2051 4317 .
2081 4307 2094 4318 .
2137 4304 2151 4318 .
2186 4263 2626 4334 Quandoquidem
2650 4279 2898 4333 magnum
2922 4264 3129 4334 signum
3162 4264 3351 4319 Bootes

2038 4334 2342 4403 Confertim
2375 4337 2546 4389 oritur
2568 4335 2850 4389 distinctus
2878 4334 3128 4389 Arcturo.

2000 4448 2157 4515 Quod
2188 4447 2388 4505 Chelas
2415 4463 2513 4519 per
2539 4446 2837 4502 Arcturum
2862 4448 3173 4504 discernere
3196 4444 3505 4517 possimus:

252 4557 590 4632 μειώσασθαι
621 4556 722 4621 τὰς
754 4558 959 4630 Χηλὰς
988 4536 1110 4612 καθ’
1137 4536 1306 4622 αὑτὰς
1333 4557 1388 4613 δὲ
1421 4557 1494 4628 μὴ
1514 4555 1719 4627 ,ῥᾳδίως
1746 4555 1830 4609 διά

1945 4555 2035 4610 per
2063 4555 2187 4596 sese
2208 4555 2338 4596 vero
2371 4552 2741 4610 nequaquam,
2784 4548 2842 4593 ut
2869 4539 2990 4609 ejus
3017 4539 3204 4611 opinio
3238 4537 3378 4606 fert;
3411 4536 3506 4607 qui

248 4652 350 4724 τὴν
381 4652 685 4725 μικρότητα
713 4651 913 4705 αὐτῶν·
943 4652 1019 4717 ὡς
1045 4644 1417 4723 ὑπολαμϐάνει
1435 4649 1547 4721 (Si)
1566 4666 1625 4702 τε
1654 4648 1830 4721 ἀμαυ-

257 4745 384 4816 ροῦς
439 4743 675 4816 ἀστέρας
713 4742 904 4814 ἔχοντα
947 4742 1056 4798 τῶν
1095 4744 1311 4816 ἄστρων
1364 4742 1593 4796 εἴθισται
1646 4740 1829 4796 καλεῖν

250 4836 327 4901 ὡς
360 4837 454 4890 ἐπὶ
484 4835 643 4902 πολὺ,
678 4836 869 4890 λεπτὰ
896 4837 990 4890 καὶ
1018 4835 1198 4891 οὐδὲν
1234 4836 1446 4905 ἀγαυοὶ.

321 4930 380 4983 I'.
411 4929 501 4982 Ἐν
526 4928 583 4982 δὲ
612 4931 725 4994 τοῖς
753 4927 882 5001 ἑξῆς
908 4929 1038 5000 περὶ
1067 4929 1168 5001 τῆς
1191 4930 1425 5002 ’Ἄρκτου
1453 4928 1729 4991 παντελῶς
1747 4928 1831 4982 δο-

254 5021 414 5075 κοῦσι
448 5038 539 5093 μοι
559 5021 801 5091 ἀγνοεῖν·
835 5023 865 5076 6
900 5023 997 5094 μὲν
1028 5021 1256 5088 Εὔδοξος
1274 5021 1416 5075 οὕτω
1433 5020 1625 5090 λέγων·
1654 5040 1673 5072 ι
1694 5019 1832 5074 Ὑπὸ

251 5110 309 5164 δὲ
328 5109 428 5182 τὴν
448 5111 692 5183 κεφαλὴν
718 5110 817 5181 τῆς
852 5110 1094 5182 μεγάλης
1112 5112 1347 5182 ’Ἄρκτου
1374 5110 1424 5163 οἱ
1445 5110 1665 5180 Δίδυμοι
1686 5111 1830 5162 κεῖν-

253 5216 364 5278 ·ξαισ
398 5201 540 5256 κατά
564 5201 728 5273 μέσον
751 5201 807 5255 δὲ
831 5204 859 5256 6
882 5202 1173 5275 Καρκίνος·
1189 5195 1295 5255 ὑπὸ
1324 5201 1380 5254 δὲ
1403 5202 1529 5267 τοὺς
1552 5199 1829 5265 ὀπισθίους

253 5292 420 5356 πόδας
448 5292 478 5345 ό
503 5293 686 5347 Λέωψ
730 5311 749 5344 ι
790 5293 819 5344 6
849 5292 904 5345 δὲ
944 5293 1178 5364 Ἀρατος
1197 5309 1210 5321 ·

252 5384 431 5452 Κρητὶ
448 5384 517 5455 δέ
530 5388 584 5439 ol
607 5384 845 5455 Δίδυμοι
863 5403 876 5416 ο
910 5383 1117 5455 μέσσῃ
1134 5384 1188 5438 δ’
1215 5385 1335 5440 ὑπὸ
1360 5386 1651 5454 Καρκίνος
1672 5386 1827 5441 ἐστί’

251 5455 451 5510 Ποσσὶ
475 5454 530 5527 δῖ
557 5454 1050 5525 όπισθοτέροισιθι
1079 5455 1246 5509 Λέων
1267 5455 1384 5510 ὑπὸ
1405 5458 1563 5513 καλὰ
1577 5459 1827 5529 φαείνει.

323 5569 372 5604 ⁸⁸
399 5588 489 5638 φρ.
530 5571 622 5624 ὑπ’
646 5569 1016 5642 ἀμφοτέροισι.

1935 4633 2202 4690 obscuras
2226 4632 2670 4689 constellationes
2700 4639 2762 4686 ut
2802 4633 3093 4704 plurimum
3132 4645 3329 4688 vocare
3370 4629 3508 4688 solet

1937 4735 2114 4781 tenues
2144 4732 2201 4781 et
2239 4726 2453 4780 minime
2470 4723 2729 4779 illustres.

2004 4923 2075 4978 Χ.
2109 4922 2193 4978 Ad
2233 4922 2348 4977 haec
2382 4920 2451 4976 de
2477 4918 2617 4976 Ursa
2648 4921 2869 4991 penitus
2903 4919 3191 4976 aberrasse
3216 4917 3506 4984 videntur,

1937 5013 2209 5086 imprimis
2224 5012 2486 5068 Eudoxus
2512 5011 2659 5066 hunc
2687 5011 2742 5066 in
2760 5010 2981 5066 modum
3010 5009 3297 5067 scribens:
3337 5026 3358 5060 ι
3392 5007 3510 5063 Sub

1937 5108 2118 5179 capite
2155 5105 2382 5176 majoris
2417 5104 2573 5162 Ursa:
2630 5104 2721 5160 siti
2767 5113 2896 5161 sunt
2942 5101 3189 5167 Gemini;
3230 5101 3284 5156 in
3327 5098 3509 5155 medio

1934 5215 2068 5256 vero
2113 5198 2363 5266 Cancer;
2409 5197 2514 5254 sub
2574 5196 2974 5269 posterioribus
3014 5194 3246 5268 pedibus
3317 5190 3450 5248 Leo.
3481 5208 3502 5243 ι

1933 5295 2136 5348 Aratus
2160 5298 2339 5347 autem
2368 5307 2383 5344 :

1939 5385 2052 5443 Sub
2072 5385 2245 5454 capite
2264 5398 2383 5454 vero
2401 5381 2569 5454 illius.
2587 5378 2797 5454 _Gem_ini
2821 5378 2966 5454 :_sub
2987 5375 3157 5454 medio
3185 5374 3387 5433 Cancer
3400 5380 3501 5428 est.

1939 5457 2013 5513 At
2048 5449 2268 5529 pedibus
2298 5453 2395 5510 sub
2423 5451 2673 5507 ambobus
2695 5449 2799 5507 Leo
2819 5451 2963 5506 clare
2990 5449 3151 5521 fulget

329 5682 444 5756 (εὖ)
472 5683 694 5756 Πολλίρ
713 5683 783 5737 δὲ
800 5687 1223 5756 λαμπρότεροι.
1253 5684 1521 5742 Videntur
1546 5686 1664 5743 haec
1714 5687 1820 5742 mi-

1945 5684 2094 5756 alus,
2122 5693 2228 5738 nec
2275 5683 2460 5736 tamen
2512 5675 2772 5734 dilIitetur:
2819 5675 2983 5747 paulo
3028 5672 3211 5729 minus
3257 5668 3504 5726 illustres

261 5769 367 5816 nus
397 5753 630 5827 integra.
656 5753 901 5827 corrige,
923 5753 984 5810 οὖ
1013 5753 1195 5827 πολλῷ
1213 5756 1291 5810 δέ.
1327 5758 1544 5823 Stellas,

263 5825 527 5904 manibus
544 5832 673 5904 sunt
698 5824 1053 5904 Serpentarii,
1077 5824 1226 5904 haud
1258 5827 1393 5904 adeo
1421 5824 1820 5904 splendidiores

266 5908 390 5951 esse
420 5895 536 5950 vult
567 5895 633 5950 iis
666 5911 786 5966 quae
817 5907 943 5952 sunt
995 5898 1049 5958 in
1077 5898 1338 5967 humeris,
1375 5906 1434 5955 ut
1453 5895 1693 5973 'putavit
1725 5898 1815 5954 At-

1591 5772 1726 5841 ειιξξε-
1756 5757 1821 5813 in
1925 5754 2119 5841 fuisse:

1998 5823 2116 5897 (54)
2143 5820 2679 5897 leviterAcorruptus
2716 5820 2890 5877 locus.
2917 5814 3082 5876 Forte
3099 5813 3501 5891 ὑπολαμϐάνειν

1927 5889 2021 5972 τάξ
2051 5889 2187 5967 οἱα,
2216 5889 2477 5984 ειθίσθάιἼ
