  <div class='ocr_page' id='page_1' title='image "/cluster/home/n/w/nwhite01/storage/ocr_20150623/19/mdp.39015061293422/519.png"; bbox 0 0 3928 6266; ppageno 0'>
   <div class='ocr_carea' id='block_1_1' title="bbox 413 411 552 469">
    <p class='ocr_par' dir='ltr' id='par_1_1' title="bbox 413 411 552 469">
     <span class='ocr_line' id='line_1_1' title="bbox 413 411 552 469; baseline 0 -1"><span class='ocrx_word' id='word_1_1' title='bbox 413 411 552 469; x_wconf 74' lang='grc'><strong>1025</strong></span> 
     </span>
    </p>
   </div>
   <div class='ocr_carea' id='block_1_2' title="bbox 410 492 2170 599">
    <p class='ocr_par' dir='ltr' id='par_1_2' title="bbox 410 492 2170 599">
     <span class='ocr_line' id='line_1_2' title="bbox 410 492 2170 599; baseline -0.021 -11"><span class='ocrx_word' id='word_1_2' title='bbox 410 531 623 599; x_wconf 87' lang='lat' dir='ltr'><strong>Quibus</strong></span> <span class='ocrx_word' id='word_1_3' title='bbox 652 527 866 583; x_wconf 75' lang='lat' dir='ltr'><strong>Attalus</strong></span> <span class='ocrx_word' id='word_1_4' title='bbox 906 521 1197 592; x_wconf 65' lang='lat' dir='ltr'><strong>caaterique</strong></span> <span class='ocrx_word' id='word_1_5' title='bbox 1248 515 1601 576; x_wconf 90' lang='lat' dir='ltr'><strong>subscribunt</strong></span> <span class='ocrx_word' id='word_1_6' title='bbox 1641 520 1851 599; x_wconf 60' lang='lat' dir='ltr'><strong>omnes.</strong></span> <span class='ocrx_word' id='word_1_7' title='bbox 1913 503 1973 599; x_wconf 70' lang='lat' dir='ltr'><strong>in</strong></span> <span class='ocrx_word' id='word_1_8' title='bbox 2001 504 2050 563; x_wconf 73' lang='grc' dir='ltr'><strong>Α</strong></span> <span class='ocrx_word' id='word_1_9' title='bbox 2074 492 2170 599; x_wconf 74' lang='grc' dir='ltr'><strong>Οἷς</strong></span> 
     </span>
    </p>
   </div>
   <div class='ocr_carea' id='block_1_3' title="bbox 411 593 1971 682">
    <p class='ocr_par' dir='ltr' id='par_1_3' title="bbox 411 593 1971 682">
     <span class='ocr_line' id='line_1_3' title="bbox 411 593 1971 682; baseline -0.019 -6"><span class='ocrx_word' id='word_1_10' title='bbox 411 593 516 676; x_wconf 62' lang='lat' dir='ltr'><strong>lioc</strong></span> <span class='ocrx_word' id='word_1_11' title='bbox 544 633 677 675; x_wconf 84' lang='lat' dir='ltr'><strong>vero</strong></span> <span class='ocrx_word' id='word_1_12' title='bbox 707 616 841 682; x_wconf 79' lang='lat' dir='ltr'><strong>falli,</strong></span> <span class='ocrx_word' id='word_1_13' title='bbox 883 630 951 669; x_wconf 77' lang='lat' dir='ltr'><strong>ex</strong></span> <span class='ocrx_word' id='word_1_14' title='bbox 976 627 1042 669; x_wconf 93' lang='lat' dir='ltr'><strong>eo</strong></span> <span class='ocrx_word' id='word_1_15' title='bbox 1078 608 1424 665; x_wconf 78' lang='lat' dir='ltr'><strong>manifestum</strong></span> <span class='ocrx_word' id='word_1_16' title='bbox 1447 609 1549 659; x_wconf 86' lang='lat' dir='ltr'><strong>est.</strong></span> <span class='ocrx_word' id='word_1_17' title='bbox 1580 599 1716 655; x_wconf 84' lang='lat' dir='ltr'><strong>Nam</strong></span> <span class='ocrx_word' id='word_1_18' title='bbox 1745 593 1971 666; x_wconf 80' lang='lat' dir='ltr'><strong>majoris</strong></span> 
     </span>
    </p>
   </div>
   <div class='ocr_carea' id='block_1_4' title="bbox 410 688 1972 780">
    <p class='ocr_par' dir='ltr' id='par_1_4' title="bbox 410 688 1972 780">
     <span class='ocr_line' id='line_1_4' title="bbox 410 688 1972 780; baseline -0.017 -13"><span class='ocrx_word' id='word_1_19' title='bbox 410 710 568 767; x_wconf 81' lang='lat' dir='ltr'><strong>Ursae</strong></span> <span class='ocrx_word' id='word_1_20' title='bbox 600 715 769 780; x_wconf 90' lang='lat' dir='ltr'><strong>caput</strong></span> <span class='ocrx_word' id='word_1_21' title='bbox 798 723 867 763; x_wconf 79' lang='lat' dir='ltr'><strong>ex</strong></span> <span class='ocrx_word' id='word_1_22' title='bbox 890 707 1132 768; x_wconf 91' lang='lat' dir='ltr'><strong>illorum,</strong></span> <span class='ocrx_word' id='word_1_23' title='bbox 1158 716 1296 772; x_wconf 89' lang='lat' dir='ltr'><strong>quos</strong></span> <span class='ocrx_word' id='word_1_24' title='bbox 1327 697 1460 759; x_wconf 81' lang='lat' dir='ltr'><strong>dixi,</strong></span> <span class='ocrx_word' id='word_1_25' title='bbox 1485 693 1777 757; x_wconf 77' lang='lat' dir='ltr'><strong>sententia,</strong></span> <span class='ocrx_word' id='word_1_26' title='bbox 1816 688 1972 746; x_wconf 89' lang='lat' dir='ltr'><strong>stella</strong></span> 
     </span>
    </p>
   </div>
   <div class='ocr_carea' id='block_1_5' title="bbox 408 782 1969 856">
    <p class='ocr_par' dir='ltr' id='par_1_5' title="bbox 408 782 1969 856">
     <span class='ocr_line' id='line_1_5' title="bbox 408 782 1969 856; baseline -0.015 0"><span class='ocrx_word' id='word_1_27' title='bbox 408 808 496 856; x_wconf 89' lang='lat' dir='ltr'><strong>est</strong></span> <span class='ocrx_word' id='word_1_28' title='bbox 521 800 796 855; x_wconf 89' lang='lat' dir='ltr'><strong>borealior</strong></span> <span class='ocrx_word' id='word_1_29' title='bbox 822 798 1056 852; x_wconf 91' lang='lat' dir='ltr'><strong>duarum</strong></span> <span class='ocrx_word' id='word_1_30' title='bbox 1089 788 1523 847; x_wconf 79' lang='lat' dir='ltr'><strong>antecedentium</strong></span> <span class='ocrx_word' id='word_1_31' title='bbox 1556 787 1611 840; x_wconf 86' lang='lat' dir='ltr'><strong>in</strong></span> <span class='ocrx_word' id='word_1_32' title='bbox 1654 782 1922 838; x_wconf 85' lang='lat' dir='ltr'><strong>laterculo</strong></span> <span class='ocrx_word' id='word_1_33' title='bbox 1954 794 1969 832; x_wconf 87' lang='lat'><strong>:</strong></span> 
     </span>
    </p>
   </div>
   <div class='ocr_carea' id='block_1_6' title="bbox 410 874 1970 963">
    <p class='ocr_par' dir='ltr' id='par_1_6' title="bbox 410 874 1970 963">
     <span class='ocr_line' id='line_1_6' title="bbox 410 874 1970 963; baseline -0.013 -17"><span class='ocrx_word' id='word_1_34' title='bbox 410 900 469 946; x_wconf 87' lang='lat' dir='ltr'><strong>at</strong></span> <span class='ocrx_word' id='word_1_35' title='bbox 501 892 558 948; x_wconf 87' lang='lat' dir='ltr'><strong>in</strong></span> <span class='ocrx_word' id='word_1_36' title='bbox 595 892 825 963; x_wconf 86' lang='lat' dir='ltr'><strong>pedibus</strong></span> <span class='ocrx_word' id='word_1_37' title='bbox 849 886 1211 944; x_wconf 89' lang='lat' dir='ltr'><strong>anterioribus</strong></span> <span class='ocrx_word' id='word_1_38' title='bbox 1242 883 1343 938; x_wconf 84' lang='lat' dir='ltr'><strong>sita</strong></span> <span class='ocrx_word' id='word_1_39' title='bbox 1384 888 1469 935; x_wconf 90' lang='lat' dir='ltr'><strong>est</strong></span> <span class='ocrx_word' id='word_1_40' title='bbox 1495 877 1809 934; x_wconf 83' lang='lat' dir='ltr'><strong>earumdem</strong></span> <span class='ocrx_word' id='word_1_41' title='bbox 1841 874 1970 930; x_wconf 75' lang='lat' dir='ltr'><strong>stel-</strong></span> 
     </span>
    </p>
   </div>
   <div class='ocr_carea' id='block_1_7' title="bbox 411 968 1975 1044">
    <p class='ocr_par' dir='ltr' id='par_1_7' title="bbox 411 968 1975 1044">
     <span class='ocr_line' id='line_1_7' title="bbox 411 968 1975 1044; baseline -0.012 -6"><span class='ocrx_word' id='word_1_42' title='bbox 411 984 589 1038; x_wconf 88' lang='lat' dir='ltr'><strong>larum</strong></span> <span class='ocrx_word' id='word_1_43' title='bbox 622 981 935 1037; x_wconf 89' lang='lat' dir='ltr'><strong>australior.</strong></span> <span class='ocrx_word' id='word_1_44' title='bbox 980 977 1133 1044; x_wconf 84' lang='lat' dir='ltr'><strong>Quod</strong></span> <span class='ocrx_word' id='word_1_45' title='bbox 1178 976 1321 1030; x_wconf 91' lang='lat' dir='ltr'><strong>enim</strong></span> <span class='ocrx_word' id='word_1_46' title='bbox 1361 972 1571 1027; x_wconf 87' lang='lat' dir='ltr'><strong>stellam</strong></span> <span class='ocrx_word' id='word_1_47' title='bbox 1605 971 1764 1025; x_wconf 88' lang='lat' dir='ltr'><strong>istam</strong></span> <span class='ocrx_word' id='word_1_48' title='bbox 1802 968 1855 1022; x_wconf 91' lang='lat' dir='ltr'><strong>in</strong></span> <span class='ocrx_word' id='word_1_49' title='bbox 1882 982 1975 1023; x_wconf 89' lang='lat' dir='ltr'><strong>ca-</strong></span> 
     </span>
    </p>
   </div>
   <div class='ocr_carea' id='block_1_8' title="bbox 413 1061 1972 1146">
    <p class='ocr_par' dir='ltr' id='par_1_8' title="bbox 413 1061 1972 1146">
     <span class='ocr_line' id='line_1_8' title="bbox 413 1061 1972 1146; baseline -0.01 -18"><span class='ocrx_word' id='word_1_50' title='bbox 413 1075 528 1146; x_wconf 89' lang='lat' dir='ltr'><strong>pite</strong></span> <span class='ocrx_word' id='word_1_51' title='bbox 556 1075 846 1139; x_wconf 88' lang='lat' dir='ltr'><strong>collocent,</strong></span> <span class='ocrx_word' id='word_1_52' title='bbox 883 1072 1017 1127; x_wconf 86' lang='lat' dir='ltr'><strong>satis</strong></span> <span class='ocrx_word' id='word_1_53' title='bbox 1050 1083 1116 1124; x_wconf 91' lang='lat' dir='ltr'><em>c0</em></span> <span class='ocrx_word' id='word_1_54' title='bbox 1148 1068 1542 1128; x_wconf 89' lang='lat' dir='ltr'><strong>demonstrant,</strong></span> <span class='ocrx_word' id='word_1_55' title='bbox 1571 1065 1714 1133; x_wconf 88' lang='lat' dir='ltr'><strong>quod</strong></span> <span class='ocrx_word' id='word_1_56' title='bbox 1761 1061 1972 1117; x_wconf 84' lang='lat' dir='ltr'><strong>stellam</strong></span> 
     </span>
    </p>
   </div>
   <div class='ocr_carea' id='block_1_9' title="bbox 412 1154 1975 1229">
    <p class='ocr_par' dir='ltr' id='par_1_9' title="bbox 412 1154 1975 1229">
     <span class='ocr_line' id='line_1_9' title="bbox 412 1154 1975 1229; baseline -0.009 -9"><span class='ocrx_word' id='word_1_57' title='bbox 412 1165 470 1220; x_wconf 90' lang='lat' dir='ltr'><strong>in</strong></span> <span class='ocrx_word' id='word_1_58' title='bbox 497 1175 737 1220; x_wconf 85' lang='lat' dir='ltr'><strong>extrema</strong></span> <span class='ocrx_word' id='word_1_59' title='bbox 768 1164 1031 1218; x_wconf 77' lang='lat' dir='ltr'><strong>Draconis</strong></span> <span class='ocrx_word' id='word_1_60' title='bbox 1052 1160 1225 1215; x_wconf 91' lang='lat' dir='ltr'><strong>cauda</strong></span> <span class='ocrx_word' id='word_1_61' title='bbox 1255 1158 1511 1229; x_wconf 86' lang='lat' dir='ltr'><strong>positam,</strong></span> <span class='ocrx_word' id='word_1_62' title='bbox 1539 1156 1595 1209; x_wconf 93' lang='lat' dir='ltr'><strong>in</strong></span> <span class='ocrx_word' id='word_1_63' title='bbox 1615 1156 1769 1211; x_wconf 91' lang='lat' dir='ltr'><strong>Ursae</strong></span> <span class='ocrx_word' id='word_1_64' title='bbox 1795 1154 1975 1223; x_wconf 84' lang='lat' dir='ltr'><strong>capite</strong></span> 
     </span>
    </p>
   </div>
   <div class='ocr_carea' id='block_1_10' title="bbox 414 1243 1975 1318">
    <p class='ocr_par' dir='ltr' id='par_1_10' title="bbox 414 1243 1975 1318">
     <span class='ocr_line' id='line_1_10' title="bbox 414 1243 1975 1318; baseline -0.007 -11"><span class='ocrx_word' id='word_1_65' title='bbox 414 1254 767 1307; x_wconf 85' lang='lat' dir='ltr'><strong>constitutam</strong></span> <span class='ocrx_word' id='word_1_66' title='bbox 798 1266 919 1306; x_wconf 91' lang='lat' dir='ltr'><strong>esse</strong></span> <span class='ocrx_word' id='word_1_67' title='bbox 968 1251 1169 1306; x_wconf 86' lang='lat' dir='ltr'><strong>dicant.</strong></span> <span class='ocrx_word' id='word_1_68' title='bbox 1203 1247 1367 1318; x_wconf 81' lang='lat' dir='ltr'><strong>Atqui</strong></span> <span class='ocrx_word' id='word_1_69' title='bbox 1391 1246 1541 1300; x_wconf 88' lang='lat' dir='ltr'><strong>nulla</strong></span> <span class='ocrx_word' id='word_1_70' title='bbox 1569 1252 1653 1299; x_wconf 90' lang='lat' dir='ltr'><strong>est</strong></span> <span class='ocrx_word' id='word_1_71' title='bbox 1681 1245 1784 1298; x_wconf 91' lang='lat' dir='ltr'><strong>alia</strong></span> <span class='ocrx_word' id='word_1_72' title='bbox 1818 1243 1975 1297; x_wconf 90' lang='lat' dir='ltr'><strong>stella</strong></span> 
     </span>
    </p>
   </div>
   <div class='ocr_carea' id='block_1_11' title="bbox 410 1336 1971 1414">
    <p class='ocr_par' dir='ltr' id='par_1_11' title="bbox 410 1336 1971 1414">
     <span class='ocr_line' id='line_1_11' title="bbox 410 1336 1971 1414; baseline -0.006 -15"><span class='ocrx_word' id='word_1_73' title='bbox 410 1343 570 1413; x_wconf 77' lang='lat' dir='ltr'><strong>juxta</strong></span> <span class='ocrx_word' id='word_1_74' title='bbox 596 1361 750 1409; x_wconf 84' lang='lat' dir='ltr'><strong>eam,</strong></span> <span class='ocrx_word' id='word_1_75' title='bbox 785 1360 905 1414; x_wconf 77' lang='lat' dir='ltr'><strong>quae</strong></span> <span class='ocrx_word' id='word_1_76' title='bbox 944 1352 1029 1398; x_wconf 87' lang='lat' dir='ltr'><strong>est</strong></span> <span class='ocrx_word' id='word_1_77' title='bbox 1070 1343 1127 1396; x_wconf 92' lang='lat' dir='ltr'><strong>in</strong></span> <span class='ocrx_word' id='word_1_78' title='bbox 1181 1349 1423 1397; x_wconf 89' lang='lat' dir='ltr'><strong>extrema</strong></span> <span class='ocrx_word' id='word_1_79' title='bbox 1465 1337 1640 1393; x_wconf 90' lang='lat' dir='ltr'><strong>cauda</strong></span> <span class='ocrx_word' id='word_1_80' title='bbox 1685 1336 1971 1401; x_wconf 89' lang='lat' dir='ltr'><strong>Draconis,</strong></span> 
     </span>
    </p>
   </div>
   <div class='ocr_carea' id='block_1_12' title="bbox 414 1428 1969 1506">
    <p class='ocr_par' dir='ltr' id='par_1_12' title="bbox 414 1428 1969 1506">
     <span class='ocr_line' id='line_1_12' title="bbox 414 1428 1969 1506; baseline -0.005 -18"><span class='ocrx_word' id='word_1_81' title='bbox 414 1440 775 1506; x_wconf 64' lang='lat' dir='ltr'><strong>praeterquam</strong></span> <span class='ocrx_word' id='word_1_82' title='bbox 820 1435 1093 1490; x_wconf 88' lang='lat' dir='ltr'><strong>borealior</strong></span> <span class='ocrx_word' id='word_1_83' title='bbox 1132 1431 1567 1488; x_wconf 83' lang='lat' dir='ltr'><strong>antecedentium</strong></span> <span class='ocrx_word' id='word_1_84' title='bbox 1598 1430 1653 1483; x_wconf 88' lang='lat' dir='ltr'><strong>in</strong></span> <span class='ocrx_word' id='word_1_85' title='bbox 1685 1428 1969 1483; x_wconf 85' lang='lat' dir='ltr'><strong>laterculo.</strong></span> 
     </span>
    </p>
   </div>
   <div class='ocr_carea' id='block_1_13' title="bbox 417 1519 1975 1596">
    <p class='ocr_par' dir='ltr' id='par_1_13' title="bbox 417 1519 1975 1596">
     <span class='ocr_line' id='line_1_13' title="bbox 417 1519 1975 1596; baseline -0.004 -16"><span class='ocrx_word' id='word_1_86' title='bbox 417 1524 696 1596; x_wconf 82' lang='lat' dir='ltr'><strong>Siquidem</strong></span> <span class='ocrx_word' id='word_1_87' title='bbox 729 1526 884 1580; x_wconf 85' lang='lat' dir='ltr'><strong>stella</strong></span> <span class='ocrx_word' id='word_1_88' title='bbox 921 1527 1025 1579; x_wconf 90' lang='lat' dir='ltr'><strong>ista</strong></span> <span class='ocrx_word' id='word_1_89' title='bbox 1058 1542 1179 1596; x_wconf 72' lang='lat' dir='ltr'><strong>qua:</strong></span> <span class='ocrx_word' id='word_1_90' title='bbox 1202 1532 1285 1578; x_wconf 92' lang='lat' dir='ltr'><strong>cst</strong></span> <span class='ocrx_word' id='word_1_91' title='bbox 1320 1524 1376 1577; x_wconf 90' lang='lat' dir='ltr'><strong>in</strong></span> <span class='ocrx_word' id='word_1_92' title='bbox 1419 1523 1763 1578; x_wconf 86' lang='lat' dir='ltr'><strong>extremitate</strong></span> <span class='ocrx_word' id='word_1_93' title='bbox 1789 1519 1975 1575; x_wconf 70' lang='lat' dir='ltr'><strong>caudae</strong></span> 
     </span>
    </p>
   </div>
   <div class='ocr_carea' id='block_1_14' title="bbox 415 1612 1976 1685">
    <p class='ocr_par' dir='ltr' id='par_1_14' title="bbox 415 1612 1976 1685">
     <span class='ocr_line' id='line_1_14' title="bbox 415 1612 1976 1685; baseline -0.003 -16"><span class='ocrx_word' id='word_1_94' title='bbox 415 1613 701 1677; x_wconf 86' lang='lat' dir='ltr'><strong>Draconis,</strong></span> <span class='ocrx_word' id='word_1_95' title='bbox 730 1616 937 1670; x_wconf 88' lang='lat' dir='ltr'><strong>obtinet</strong></span> <span class='ocrx_word' id='word_1_96' title='bbox 971 1616 1024 1669; x_wconf 91' lang='lat' dir='ltr'><strong>in</strong></span> <span class='ocrx_word' id='word_1_97' title='bbox 1071 1616 1329 1685; x_wconf 88' lang='lat' dir='ltr'><strong>parallelo</strong></span> <span class='ocrx_word' id='word_1_98' title='bbox 1377 1614 1586 1668; x_wconf 90' lang='lat' dir='ltr'><strong>circulo</strong></span> <span class='ocrx_word' id='word_1_99' title='bbox 1623 1612 1821 1667; x_wconf 88' lang='lat' dir='ltr'><strong>Leonis</strong></span> <span class='ocrx_word' id='word_1_100' title='bbox 1852 1627 1976 1681; x_wconf 89' lang='lat' dir='ltr'><strong>par-</strong></span> 
     </span>
    </p>
   </div>
   <div class='ocr_carea' id='block_1_15' title="bbox 415 1703 1975 1774">
    <p class='ocr_par' dir='ltr' id='par_1_15' title="bbox 415 1703 1975 1774">
     <span class='ocr_line' id='line_1_15' title="bbox 415 1703 1975 1774; baseline -0.004 -13"><span class='ocrx_word' id='word_1_101' title='bbox 415 1714 525 1761; x_wconf 78' lang='lat' dir='ltr'><strong>tem</strong></span> <span class='ocrx_word' id='word_1_102' title='bbox 556 1706 802 1771; x_wconf 89' lang='lat' dir='ltr'><strong>tertiam;</strong></span> <span class='ocrx_word' id='word_1_103' title='bbox 837 1706 992 1760; x_wconf 87' lang='lat' dir='ltr'><strong>stella</strong></span> <span class='ocrx_word' id='word_1_104' title='bbox 1021 1720 1184 1772; x_wconf 81' lang='lat' dir='ltr'><strong>vero,</strong></span> <span class='ocrx_word' id='word_1_105' title='bbox 1211 1705 1278 1759; x_wconf 88' lang='lat' dir='ltr'><strong>de</strong></span> <span class='ocrx_word' id='word_1_106' title='bbox 1302 1720 1410 1774; x_wconf 87' lang='lat' dir='ltr'><strong>qua</strong></span> <span class='ocrx_word' id='word_1_107' title='bbox 1437 1704 1696 1768; x_wconf 79' lang='lat' dir='ltr'><strong>diximus,</strong></span> <span class='ocrx_word' id='word_1_108' title='bbox 1727 1705 1785 1756; x_wconf 91' lang='lat' dir='ltr'><strong>in</strong></span> <span class='ocrx_word' id='word_1_109' title='bbox 1812 1703 1975 1757; x_wconf 89' lang='lat' dir='ltr'><strong>later-</strong></span> 
     </span>
    </p>
   </div>
   <div class='ocr_carea' id='block_1_16' title="bbox 415 1795 1971 1866">
    <p class='ocr_par' dir='ltr' id='par_1_16' title="bbox 415 1795 1971 1866">
     <span class='ocr_line' id='line_1_16' title="bbox 415 1795 1971 1866; baseline -0.003 -16"><span class='ocrx_word' id='word_1_110' title='bbox 415 1796 541 1851; x_wconf 91' lang='lat' dir='ltr'><strong>culo</strong></span> <span class='ocrx_word' id='word_1_111' title='bbox 574 1797 699 1859; x_wconf 88' lang='lat' dir='ltr'><strong>sita,</strong></span> <span class='ocrx_word' id='word_1_112' title='bbox 732 1796 894 1865; x_wconf 90' lang='lat' dir='ltr'><strong>paulo</strong></span> <span class='ocrx_word' id='word_1_113' title='bbox 948 1797 1133 1849; x_wconf 91' lang='lat' dir='ltr'><strong>minus</strong></span> <span class='ocrx_word' id='word_1_114' title='bbox 1192 1796 1352 1850; x_wconf 88' lang='lat' dir='ltr'><strong>tertia</strong></span> <span class='ocrx_word' id='word_1_115' title='bbox 1385 1803 1538 1866; x_wconf 84' lang='lat' dir='ltr'><strong>parte</strong></span> <span class='ocrx_word' id='word_1_116' title='bbox 1560 1795 1680 1863; x_wconf 85' lang='lat' dir='ltr'><strong>ejus</strong></span> <span class='ocrx_word' id='word_1_117' title='bbox 1722 1801 1971 1862; x_wconf 87' lang='lat' dir='ltr'><strong>occupat.</strong></span> 
     </span>
    </p>
   </div>
   <div class='ocr_carea' id='block_1_17' title="bbox 1396 370 2631 447">
    <p class='ocr_par' dir='ltr' id='par_1_17' title="bbox 1396 370 2631 447">
     <span class='ocr_line' id='line_1_17' title="bbox 1396 370 2631 447; baseline -0.017 0"><span class='ocrx_word' id='word_1_118' title='bbox 1396 391 1486 447; x_wconf 82' lang='lat' dir='ltr'><strong>AD</strong></span> <span class='ocrx_word' id='word_1_119' title='bbox 1523 386 1799 446; x_wconf 78' lang='lat' dir='ltr'><strong>EUSEBll</strong></span> <span class='ocrx_word' id='word_1_120' title='bbox 1834 378 2228 440; x_wconf 75' lang='lat' dir='ltr'><strong>CHRONICON</strong></span> <span class='ocrx_word' id='word_1_121' title='bbox 2264 370 2631 433; x_wconf 73' lang='lat' dir='ltr'><strong>APPENDIX.</strong></span> 
     </span>
    </p>
   </div>
   <div class='ocr_carea' id='block_1_18' title="bbox 3514 357 3667 417">
    <p class='ocr_par' dir='ltr' id='par_1_18' title="bbox 3514 357 3667 417">
     <span class='ocr_line' id='line_1_18' title="bbox 3514 357 3667 417; baseline 0 -1"><span class='ocrx_word' id='word_1_122' title='bbox 3514 357 3667 417; x_wconf 61' lang='grc' dir='ltr'><strong>ιῦολ</strong></span> 
     </span>
    </p>
   </div>
   <div class='ocr_carea' id='block_1_19' title="bbox 2198 481 3661 554">
    <p class='ocr_par' dir='ltr' id='par_1_19' title="bbox 2198 481 3661 554">
     <span class='ocr_line' id='line_1_19' title="bbox 2198 481 3661 554; baseline -0.012 -4"><span class='ocrx_word' id='word_1_123' title='bbox 2198 498 2227 550; x_wconf 86' lang='grc' dir='ltr'><strong>ὂ</strong></span> <span class='ocrx_word' id='word_1_124' title='bbox 2256 512 2316 550; x_wconf 85' lang='grc' dir='ltr'><strong>τε</strong></span> <span class='ocrx_word' id='word_1_125' title='bbox 2353 490 2619 554; x_wconf 85' lang='grc' dir='ltr'><strong>Ι’Δτταλος</strong></span> <span class='ocrx_word' id='word_1_126' title='bbox 2676 485 2769 542; x_wconf 74' lang='grc' dir='ltr'>καὶ</span> <span class='ocrx_word' id='word_1_127' title='bbox 2818 486 2867 539; x_wconf 90' lang='grc' dir='ltr'>οἱ</span> <span class='ocrx_word' id='word_1_128' title='bbox 2922 483 3095 538; x_wconf 74' lang='grc' dir='ltr'>λοιποὶ</span> <span class='ocrx_word' id='word_1_129' title='bbox 3158 481 3358 547; x_wconf 79' lang='grc' dir='ltr'>πάντες</span> <span class='ocrx_word' id='word_1_130' title='bbox 3428 497 3661 534; x_wconf 81' lang='grc' dir='ltr'>συνεπι-</span> 
     </span>
    </p>
   </div>
   <div class='ocr_carea' id='block_1_20' title="bbox 2078 574 3660 661">
    <p class='ocr_par' dir='ltr' id='par_1_20' title="bbox 2078 574 3660 661">
     <span class='ocr_line' id='line_1_20' title="bbox 2078 574 3660 661; baseline -0.013 -18"><span class='ocrx_word' id='word_1_131' title='bbox 2078 589 2399 661; x_wconf 73' lang='grc' dir='ltr'>γράφονται.</span> <span class='ocrx_word' id='word_1_132' title='bbox 2426 584 2550 637; x_wconf 86' lang='grc' dir='ltr'>Ὅτι</span> <span class='ocrx_word' id='word_1_133' title='bbox 2582 578 2640 634; x_wconf 80' lang='grc' dir='ltr'>δὲ</span> <span class='ocrx_word' id='word_1_134' title='bbox 2674 576 2974 646; x_wconf 77' lang='grc' dir='ltr'><strong>ἀγνοοῦσιν,</strong></span> <span class='ocrx_word' id='word_1_135' title='bbox 3006 577 3068 629; x_wconf 85' lang='grc' dir='ltr'><strong>ἐκ</strong></span> <span class='ocrx_word' id='word_1_136' title='bbox 3095 574 3295 629; x_wconf 82' lang='grc' dir='ltr'>τούτων</span> <span class='ocrx_word' id='word_1_137' title='bbox 3327 574 3448 626; x_wconf 78' lang='grc' dir='ltr'>ἐστὶ</span> <span class='ocrx_word' id='word_1_138' title='bbox 3490 588 3660 643; x_wconf 66' lang='lat' dir='ltr'><strong>(pave-</strong></span> 
     </span>
    </p>
   </div>
   <div class='ocr_carea' id='block_1_21' title="bbox 2083 661 3659 753">
    <p class='ocr_par' dir='ltr' id='par_1_21' title="bbox 2083 661 3659 753">
     <span class='ocr_line' id='line_1_21' title="bbox 2083 661 3659 753; baseline -0.011 -20"><span class='ocrx_word' id='word_1_139' title='bbox 2083 679 2192 753; x_wconf 90' lang='grc' dir='ltr'>ρόν.</span> <span class='ocrx_word' id='word_1_140' title='bbox 2238 678 2302 731; x_wconf 82' lang='grc' dir='ltr'><strong>Ἠ</strong></span> <span class='ocrx_word' id='word_1_141' title='bbox 2333 677 2428 747; x_wconf 84' lang='grc' dir='ltr'><strong>μὲν</strong></span> <span class='ocrx_word' id='word_1_142' title='bbox 2453 673 2562 745; x_wconf 83' lang='grc' dir='ltr'><strong>γὰρ</strong></span> <span class='ocrx_word' id='word_1_143' title='bbox 2606 669 2813 741; x_wconf 68' lang='grc' dir='ltr'>κεφαλὴ</span> <span class='ocrx_word' id='word_1_144' title='bbox 2841 669 2939 738; x_wconf 78' lang='grc' dir='ltr'>τῆς</span> <span class='ocrx_word' id='word_1_145' title='bbox 2969 666 3209 738; x_wconf 82' lang='grc' dir='ltr'><strong>μεγάλης</strong></span> <span class='ocrx_word' id='word_1_146' title='bbox 3243 666 3483 736; x_wconf 83' lang='grc' dir='ltr'>Ἀρκτου</span> <span class='ocrx_word' id='word_1_147' title='bbox 3511 661 3659 715; x_wconf 77' lang='grc' dir='ltr'>κατὰ</span> 
     </span>
    </p>
   </div>
   <div class='ocr_carea' id='block_1_22' title="bbox 2080 753 3659 839">
    <p class='ocr_par' dir='ltr' id='par_1_22' title="bbox 2080 753 3659 839">
     <span class='ocr_line' id='line_1_22' title="bbox 2080 753 3659 839; baseline -0.013 -16"><span class='ocrx_word' id='word_1_148' title='bbox 2080 773 2209 833; x_wconf 76' lang='grc' dir='ltr'>τοὺς</span> <span class='ocrx_word' id='word_1_149' title='bbox 2236 764 2664 839; x_wconf 80' lang='grc' dir='ltr'><strong>προειρημένους</strong></span> <span class='ocrx_word' id='word_1_150' title='bbox 2689 759 2887 831; x_wconf 82' lang='grc' dir='ltr'>ἄνδρας</span> <span class='ocrx_word' id='word_1_151' title='bbox 2909 758 3053 811; x_wconf 72' lang='grc' dir='ltr'>ἐστὶν</span> <span class='ocrx_word' id='word_1_152' title='bbox 3068 758 3097 809; x_wconf 99' lang='lat'><strong>6</strong></span> <span class='ocrx_word' id='word_1_153' title='bbox 3124 754 3459 827; x_wconf 83' lang='grc' dir='ltr'>βορειότερος</span> <span class='ocrx_word' id='word_1_154' title='bbox 3480 753 3659 825; x_wconf 80' lang='grc' dir='ltr'>ἀστὴρ</span> 
     </span>
    </p>
   </div>
   <div class='ocr_carea' id='block_1_23' title="bbox 2078 845 3659 931">
    <p class='ocr_par' dir='ltr' id='par_1_23' title="bbox 2078 845 3659 931">
     <span class='ocr_line' id='line_1_23' title="bbox 2078 845 3659 931; baseline -0.013 -16"><span class='ocrx_word' id='word_1_155' title='bbox 2078 861 2184 915; x_wconf 90' lang='grc' dir='ltr'><strong>τῶν</strong></span> <span class='ocrx_word' id='word_1_156' title='bbox 2202 859 2246 931; x_wconf 86' lang='grc' dir='ltr'><strong>β’</strong></span> <span class='ocrx_word' id='word_1_157' title='bbox 2265 858 2371 912; x_wconf 89' lang='grc' dir='ltr'><strong>τῶν</strong></span> <span class='ocrx_word' id='word_1_158' title='bbox 2390 856 2702 928; x_wconf 82' lang='grc' dir='ltr'>ἡγουμένων</span> <span class='ocrx_word' id='word_1_159' title='bbox 2721 854 2778 907; x_wconf 86' lang='grc' dir='ltr'><strong>ἐν</strong></span> <span class='ocrx_word' id='word_1_160' title='bbox 2792 850 2868 921; x_wconf 82' lang='grc' dir='ltr'>τῷ</span> <span class='ocrx_word' id='word_1_161' title='bbox 2885 848 3127 918; x_wconf 81' lang='grc' dir='ltr'><strong>πλινθίῳ·</strong></span> <span class='ocrx_word' id='word_1_162' title='bbox 3147 846 3238 901; x_wconf 70' lang='grc' dir='ltr'>ἐπὶ</span> <span class='ocrx_word' id='word_1_163' title='bbox 3260 846 3317 899; x_wconf 81' lang='grc' dir='ltr'>δὲ</span> <span class='ocrx_word' id='word_1_164' title='bbox 3332 845 3440 898; x_wconf 89' lang='grc' dir='ltr'><strong>τῶν</strong></span> <span class='ocrx_word' id='word_1_165' title='bbox 3452 847 3659 915; x_wconf 73' lang='grc' dir='ltr'>ἐμπρον</span> 
     </span>
    </p>
   </div>
   <div class='ocr_carea' id='block_1_24' title="bbox 2081 936 3654 1015">
    <p class='ocr_par' dir='ltr' id='par_1_24' title="bbox 2081 936 3654 1015">
     <span class='ocr_line' id='line_1_24' title="bbox 2081 936 3654 1015; baseline -0.01 -11"><span class='ocrx_word' id='word_1_166' title='bbox 2081 953 2244 1006; x_wconf 87' lang='grc' dir='ltr'>σθίων</span> <span class='ocrx_word' id='word_1_167' title='bbox 2273 949 2446 1003; x_wconf 75' lang='grc' dir='ltr'>ποδῶν</span> <span class='ocrx_word' id='word_1_168' title='bbox 2476 950 2650 1000; x_wconf 83' lang='grc' dir='ltr'>κεῖται</span> <span class='ocrx_word' id='word_1_169' title='bbox 2678 948 2705 998; x_wconf 92' lang='lat'><strong>6</strong></span> <span class='ocrx_word' id='word_1_170' title='bbox 2730 942 3043 1015; x_wconf 84' lang='grc' dir='ltr'>νοτιὼτερος</span> <span class='ocrx_word' id='word_1_171' title='bbox 3059 939 3167 994; x_wconf 89' lang='grc' dir='ltr'><strong>τῶν</strong></span> <span class='ocrx_word' id='word_1_172' title='bbox 3190 938 3366 992; x_wconf 79' lang='grc' dir='ltr'>αὐτῶν</span> <span class='ocrx_word' id='word_1_173' title='bbox 3382 936 3654 1008; x_wconf 86' lang='grc' dir='ltr'>ἀστέρων.</span> 
     </span>
    </p>
   </div>
   <div class='ocr_carea' id='block_1_25' title="bbox 2082 1027 3659 1113">
    <p class='ocr_par' dir='ltr' id='par_1_25' title="bbox 2082 1027 3659 1113">
     <span class='ocr_line' id='line_1_25' title="bbox 2082 1027 3659 1113; baseline -0.011 -16"><span class='ocrx_word' id='word_1_174' title='bbox 2082 1043 2204 1097; x_wconf 83' lang='grc' dir='ltr'>Ὅτι</span> <span class='ocrx_word' id='word_1_175' title='bbox 2241 1042 2336 1113; x_wconf 82' lang='grc' dir='ltr'><strong>μὲν</strong></span> <span class='ocrx_word' id='word_1_176' title='bbox 2361 1039 2471 1111; x_wconf 82' lang='grc' dir='ltr'><strong>γὰρ</strong></span> <span class='ocrx_word' id='word_1_177' title='bbox 2499 1041 2527 1093; x_wconf 90' lang='grc' dir='ltr'>ὁ</span> <span class='ocrx_word' id='word_1_178' title='bbox 2556 1034 2949 1108; x_wconf 77' lang='grc' dir='ltr'><strong>προειρημένος</strong></span> <span class='ocrx_word' id='word_1_179' title='bbox 2978 1031 3149 1103; x_wconf 79' lang='grc' dir='ltr'>ἀστὴρ</span> <span class='ocrx_word' id='word_1_180' title='bbox 3183 1030 3302 1085; x_wconf 89' lang='grc' dir='ltr'>κατ’</span> <span class='ocrx_word' id='word_1_181' title='bbox 3336 1029 3533 1091; x_wconf 77' lang='grc' dir='ltr'>αὐτοὺς</span> <span class='ocrx_word' id='word_1_182' title='bbox 3558 1027 3659 1079; x_wconf 77' lang='grc' dir='ltr'>ἐπὶ</span> 
     </span>
    </p>
   </div>
   <div class='ocr_carea' id='block_1_26' title="bbox 2078 1121 3658 1207">
    <p class='ocr_par' dir='ltr' id='par_1_26' title="bbox 2078 1121 3658 1207">
     <span class='ocr_line' id='line_1_26' title="bbox 2078 1121 3658 1207; baseline -0.011 -17"><span class='ocrx_word' id='word_1_183' title='bbox 2078 1138 2176 1207; x_wconf 82' lang='grc' dir='ltr'>τῆς</span> <span class='ocrx_word' id='word_1_184' title='bbox 2226 1134 2467 1204; x_wconf 80' lang='grc' dir='ltr'><strong>κεφαλῆς</strong></span> <span class='ocrx_word' id='word_1_185' title='bbox 2500 1135 2695 1196; x_wconf 83' lang='grc' dir='ltr'>κεῖται,</span> <span class='ocrx_word' id='word_1_186' title='bbox 2742 1129 2973 1200; x_wconf 81' lang='grc' dir='ltr'>φανερὸν</span> <span class='ocrx_word' id='word_1_187' title='bbox 3030 1126 3186 1180; x_wconf 76' lang='grc' dir='ltr'>τοῦτο</span> <span class='ocrx_word' id='word_1_188' title='bbox 3218 1123 3460 1177; x_wconf 81' lang='grc' dir='ltr'>ποιοῦσιν</span> <span class='ocrx_word' id='word_1_189' title='bbox 3497 1121 3559 1174; x_wconf 79' lang='grc' dir='ltr'><strong>ἐκ</strong></span> <span class='ocrx_word' id='word_1_190' title='bbox 3591 1136 3658 1173; x_wconf 80' lang='grc' dir='ltr'><strong>τε</strong></span> 
     </span>
    </p>
   </div>
   <div class='ocr_carea' id='block_1_27' title="bbox 2079 1212 3660 1296">
    <p class='ocr_par' dir='ltr' id='par_1_27' title="bbox 2079 1212 3660 1296">
     <span class='ocr_line' id='line_1_27' title="bbox 2079 1212 3660 1296; baseline -0.011 -14"><span class='ocrx_word' id='word_1_191' title='bbox 2079 1228 2172 1282; x_wconf 81' lang='grc' dir='ltr'>τοῦ</span> <span class='ocrx_word' id='word_1_192' title='bbox 2192 1228 2367 1296; x_wconf 89' lang='grc' dir='ltr'>λέγειν</span> <span class='ocrx_word' id='word_1_193' title='bbox 2389 1227 2479 1279; x_wconf 87' lang='grc' dir='ltr'><strong>τὸν</strong></span> <span class='ocrx_word' id='word_1_194' title='bbox 2498 1227 2554 1277; x_wconf 86' lang='grc' dir='ltr'><strong>ἐν</strong></span> <span class='ocrx_word' id='word_1_195' title='bbox 2582 1225 2724 1294; x_wconf 83' lang='grc' dir='ltr'>ἄκρᾳ</span> <span class='ocrx_word' id='word_1_196' title='bbox 2750 1224 2814 1292; x_wconf 85' lang='grc' dir='ltr'>τῇ</span> <span class='ocrx_word' id='word_1_197' title='bbox 2845 1221 2981 1291; x_wconf 79' lang='grc' dir='ltr'>οὐρᾷ</span> <span class='ocrx_word' id='word_1_198' title='bbox 2999 1217 3090 1272; x_wconf 80' lang='grc' dir='ltr'>τοῦ</span> <span class='ocrx_word' id='word_1_199' title='bbox 3116 1217 3418 1288; x_wconf 80' lang='grc' dir='ltr'>Δράκοντος</span> <span class='ocrx_word' id='word_1_200' title='bbox 3447 1212 3660 1283; x_wconf 81' lang='grc' dir='ltr'><strong>ἀστέρα</strong></span> 
     </span>
    </p>
   </div>
   <div class='ocr_carea' id='block_1_28' title="bbox 2081 1304 3658 1387">
    <p class='ocr_par' dir='ltr' id='par_1_28' title="bbox 2081 1304 3658 1387">
     <span class='ocr_line' id='line_1_28' title="bbox 2081 1304 3658 1387; baseline -0.011 -14"><span class='ocrx_word' id='word_1_201' title='bbox 2081 1319 2290 1374; x_wconf 87' lang='grc' dir='ltr'>κεῖσθαι</span> <span class='ocrx_word' id='word_1_202' title='bbox 2316 1316 2457 1372; x_wconf 83' lang='grc' dir='ltr'>κατὰ</span> <span class='ocrx_word' id='word_1_203' title='bbox 2481 1315 2579 1387; x_wconf 86' lang='grc' dir='ltr'>τὴν</span> <span class='ocrx_word' id='word_1_204' title='bbox 2622 1311 2859 1382; x_wconf 83' lang='grc' dir='ltr'>κεφαλὴν</span> <span class='ocrx_word' id='word_1_205' title='bbox 2886 1311 2985 1381; x_wconf 77' lang='grc' dir='ltr'>τῆς</span> <span class='ocrx_word' id='word_1_206' title='bbox 3020 1311 3281 1380; x_wconf 77' lang='grc' dir='ltr'><strong>ΙἌρκτου.</strong></span> <span class='ocrx_word' id='word_1_207' title='bbox 3329 1307 3446 1360; x_wconf 82' lang='grc' dir='ltr'>Οὐκ</span> <span class='ocrx_word' id='word_1_208' title='bbox 3494 1304 3658 1368; x_wconf 79' lang='grc' dir='ltr'>ἄλλος</span> 
     </span>
    </p>
   </div>
   <div class='ocr_carea' id='block_1_29' title="bbox 2081 1396 3657 1482">
    <p class='ocr_par' dir='ltr' id='par_1_29' title="bbox 2081 1396 3657 1482">
     <span class='ocr_line' id='line_1_29' title="bbox 2081 1396 3657 1482; baseline -0.01 -17"><span class='ocrx_word' id='word_1_209' title='bbox 2081 1411 2187 1482; x_wconf 80' lang='grc' dir='ltr'>γὰρ</span> <span class='ocrx_word' id='word_1_210' title='bbox 2239 1413 2413 1464; x_wconf 85' lang='grc' dir='ltr'>κεῖται</span> <span class='ocrx_word' id='word_1_211' title='bbox 2465 1407 2639 1477; x_wconf 83' lang='grc' dir='ltr'>ἀστὴρ</span> <span class='ocrx_word' id='word_1_212' title='bbox 2692 1403 2833 1458; x_wconf 86' lang='grc' dir='ltr'>κατὰ</span> <span class='ocrx_word' id='word_1_213' title='bbox 2879 1402 2971 1455; x_wconf 82' lang='grc' dir='ltr'>τὸν</span> <span class='ocrx_word' id='word_1_214' title='bbox 3005 1404 3063 1455; x_wconf 83' lang='grc' dir='ltr'><strong>ἐν</strong></span> <span class='ocrx_word' id='word_1_215' title='bbox 3104 1400 3250 1472; x_wconf 80' lang='grc' dir='ltr'>ἄκρᾳ</span> <span class='ocrx_word' id='word_1_216' title='bbox 3278 1401 3343 1470; x_wconf 82' lang='grc' dir='ltr'>τῇ</span> <span class='ocrx_word' id='word_1_217' title='bbox 3378 1398 3518 1470; x_wconf 78' lang='grc' dir='ltr'>οὐρᾷ</span> <span class='ocrx_word' id='word_1_218' title='bbox 3554 1396 3657 1450; x_wconf 75' lang='grc' dir='ltr'>τοῦ</span> 
     </span>
    </p>
   </div>
   <div class='ocr_carea' id='block_1_30' title="bbox 2080 1486 3661 1573">
    <p class='ocr_par' dir='ltr' id='par_1_30' title="bbox 2080 1486 3661 1573">
     <span class='ocr_line' id='line_1_30' title="bbox 2080 1486 3661 1573; baseline -0.009 -19"><span class='ocrx_word' id='word_1_219' title='bbox 2080 1501 2399 1573; x_wconf 83' lang='grc' dir='ltr'>Δράκοντος,</span> <span class='ocrx_word' id='word_1_220' title='bbox 2431 1499 2542 1552; x_wconf 78' lang='grc' dir='ltr'>ἀλλ’</span> <span class='ocrx_word' id='word_1_221' title='bbox 2572 1499 2600 1549; x_wconf 89' lang='grc' dir='ltr'>ὁ</span> <span class='ocrx_word' id='word_1_222' title='bbox 2631 1494 2963 1566; x_wconf 85' lang='grc' dir='ltr'>βορειότερος</span> <span class='ocrx_word' id='word_1_223' title='bbox 2994 1493 3102 1546; x_wconf 89' lang='grc' dir='ltr'><strong>τῶν</strong></span> <span class='ocrx_word' id='word_1_224' title='bbox 3136 1490 3455 1564; x_wconf 78' lang='grc' dir='ltr'>ἡγουμένων</span> <span class='ocrx_word' id='word_1_225' title='bbox 3489 1490 3547 1541; x_wconf 79' lang='grc' dir='ltr'><strong>ἐν</strong></span> <span class='ocrx_word' id='word_1_226' title='bbox 3574 1486 3661 1559; x_wconf 83' lang='grc' dir='ltr'>τῷ</span> 
     </span>
    </p>
   </div>
   <div class='ocr_carea' id='block_1_31' title="bbox 2082 1583 3660 1663">
    <p class='ocr_par' dir='ltr' id='par_1_31' title="bbox 2082 1583 3660 1663">
     <span class='ocr_line' id='line_1_31' title="bbox 2082 1583 3660 1663; baseline -0.008 -17"><span class='ocrx_word' id='word_1_227' title='bbox 2082 1592 2326 1663; x_wconf 75' lang='grc' dir='ltr'>πλινθίῳο</span> <span class='ocrx_word' id='word_1_228' title='bbox 2364 1593 2392 1644; x_wconf 90' lang='grc' dir='ltr'>ὁ</span> <span class='ocrx_word' id='word_1_229' title='bbox 2425 1591 2522 1663; x_wconf 81' lang='grc' dir='ltr'><strong>μὲν</strong></span> <span class='ocrx_word' id='word_1_230' title='bbox 2575 1590 2682 1661; x_wconf 80' lang='grc' dir='ltr'><strong>γὰρ</strong></span> <span class='ocrx_word' id='word_1_231' title='bbox 2715 1592 2771 1642; x_wconf 83' lang='grc' dir='ltr'><strong>ἐν</strong></span> <span class='ocrx_word' id='word_1_232' title='bbox 2799 1589 2944 1659; x_wconf 65' lang='grc' dir='ltr'>ἄκρᾳ.</span> <span class='ocrx_word' id='word_1_233' title='bbox 2972 1590 3039 1661; x_wconf 83' lang='grc' dir='ltr'>τῇ</span> <span class='ocrx_word' id='word_1_234' title='bbox 3066 1586 3203 1658; x_wconf 78' lang='grc' dir='ltr'>οὐρᾷ</span> <span class='ocrx_word' id='word_1_235' title='bbox 3228 1583 3321 1637; x_wconf 77' lang='grc' dir='ltr'>τοῦ</span> <span class='ocrx_word' id='word_1_236' title='bbox 3350 1583 3660 1654; x_wconf 72' lang='grc' dir='ltr'>Δράκοντος</span> 
     </span>
    </p>
   </div>
   <div class='ocr_carea' id='block_1_32' title="bbox 2081 1672 3661 1754">
    <p class='ocr_par' dir='ltr' id='par_1_32' title="bbox 2081 1672 3661 1754">
     <span class='ocr_line' id='line_1_32' title="bbox 2081 1672 3661 1754; baseline -0.009 -18"><span class='ocrx_word' id='word_1_237' title='bbox 2081 1683 2288 1754; x_wconf 78' lang='grc' dir='ltr'><strong>ἐπέχει,</strong></span> <span class='ocrx_word' id='word_1_238' title='bbox 2336 1682 2413 1745; x_wconf 83' lang='grc' dir='ltr'>ὡς</span> <span class='ocrx_word' id='word_1_239' title='bbox 2456 1680 2596 1734; x_wconf 80' lang='grc' dir='ltr'>κατὰ</span> <span class='ocrx_word' id='word_1_240' title='bbox 2638 1678 2975 1751; x_wconf 76' lang='grc' dir='ltr'>παράλληλον</span> <span class='ocrx_word' id='word_1_241' title='bbox 3032 1674 3250 1738; x_wconf 81' lang='grc' dir='ltr'>κύκλον,</span> <span class='ocrx_word' id='word_1_242' title='bbox 3298 1672 3395 1725; x_wconf 79' lang='grc' dir='ltr'><strong>τοῦ</strong></span> <span class='ocrx_word' id='word_1_243' title='bbox 3426 1672 3661 1734; x_wconf 80' lang='grc' dir='ltr'>Λέοντος</span> 
     </span>
    </p>
   </div>
   <div class='ocr_carea' id='block_1_33' title="bbox 2086 1764 3662 1846">
    <p class='ocr_par' dir='ltr' id='par_1_33' title="bbox 2086 1764 3662 1846">
     <span class='ocr_line' id='line_1_33' title="bbox 2086 1764 3662 1846; baseline -0.01 -17"><span class='ocrx_word' id='word_1_244' title='bbox 2086 1774 2194 1846; x_wconf 88' lang='grc' dir='ltr'>μοί.</span> <span class='ocrx_word' id='word_1_245' title='bbox 2227 1782 2275 1844; x_wconf 82' lang='grc' dir='ltr'>γ’</span> <span class='ocrx_word' id='word_1_246' title='bbox 2296 1792 2309 1806; x_wconf 71' lang='grc'><strong>⁸</strong></span> <span class='ocrx_word' id='word_1_247' title='bbox 2338 1776 2366 1827; x_wconf 87' lang='lat'><strong>6</strong></span> <span class='ocrx_word' id='word_1_248' title='bbox 2393 1774 2446 1826; x_wconf 82' lang='grc' dir='ltr'><strong>δὲ</strong></span> <span class='ocrx_word' id='word_1_249' title='bbox 2486 1771 2771 1845; x_wconf 77' lang='grc' dir='ltr'>εἰρημένος</span> <span class='ocrx_word' id='word_1_250' title='bbox 2810 1769 2982 1841; x_wconf 86' lang='grc' dir='ltr'>ἀστὴρ</span> <span class='ocrx_word' id='word_1_251' title='bbox 3019 1770 3074 1822; x_wconf 85' lang='grc' dir='ltr'><strong>ἐν</strong></span> <span class='ocrx_word' id='word_1_252' title='bbox 3104 1766 3181 1838; x_wconf 85' lang='grc' dir='ltr'>τῷ</span> <span class='ocrx_word' id='word_1_253' title='bbox 3215 1765 3442 1835; x_wconf 86' lang='grc' dir='ltr'>πλινθίῳ</span> <span class='ocrx_word' id='word_1_254' title='bbox 3467 1764 3662 1833; x_wconf 77' lang='grc' dir='ltr'>ἐπέχει</span> 
     </span>
    </p>
   </div>
   <div class='ocr_carea' id='block_1_34' title="bbox 414 1849 1980 1958">
    <p class='ocr_par' dir='ltr' id='par_1_34' title="bbox 414 1849 1973 1958">
     <span class='ocr_line' id='line_1_34' title="bbox 414 1849 1973 1958; baseline 0 -17"><span class='ocrx_word' id='word_1_255' title='bbox 414 1886 551 1942; x_wconf 76' lang='lat' dir='ltr'><strong>Nam</strong></span> <span class='ocrx_word' id='word_1_256' title='bbox 588 1887 731 1957; x_wconf 89' lang='lat' dir='ltr'><strong>quod</strong></span> <span class='ocrx_word' id='word_1_257' title='bbox 768 1888 822 1942; x_wconf 91' lang='lat' dir='ltr'><strong>in</strong></span> <span class='ocrx_word' id='word_1_258' title='bbox 852 1890 1221 1944; x_wconf 87' lang='lat' dir='ltr'><strong>anterioribus</strong></span> <span class='ocrx_word' id='word_1_259' title='bbox 1250 1849 1481 1958; x_wconf 74' lang='lat' dir='ltr'><strong>pedibus</strong></span> <span class='ocrx_word' id='word_1_260' title='bbox 1502 1888 1795 1941; x_wconf 87' lang='lat' dir='ltr'><strong>australior</strong></span> <span class='ocrx_word' id='word_1_261' title='bbox 1824 1893 1973 1941; x_wconf 88' lang='lat' dir='ltr'><strong>ante-</strong></span> 
     </span>
    </p>
   </div>
   <div class='ocr_carea' id='block_1_35' title="bbox 2089 1849 3663 1958">
    <p class='ocr_par' dir='ltr' id='par_1_35' title="bbox 2089 1849 3663 1933">
     <span class='ocr_line' id='line_1_35' title="bbox 2089 1849 3663 1933; baseline -0.01 -16"><span class='ocrx_word' id='word_1_262' title='bbox 2089 1863 2169 1917; x_wconf 78' lang='lat' dir='ltr'><em>r06</em></span> <span class='ocrx_word' id='word_1_263' title='bbox 2184 1863 2406 1926; x_wconf 86' lang='grc' dir='ltr'>Λέοντος</span> <span class='ocrx_word' id='word_1_264' title='bbox 2424 1861 2605 1933; x_wconf 84' lang='grc' dir='ltr'>μικρῷ</span> <span class='ocrx_word' id='word_1_265' title='bbox 2642 1860 2863 1913; x_wconf 78' lang='grc' dir='ltr'>ἔλασσον</span> <span class='ocrx_word' id='word_1_266' title='bbox 2884 1858 2990 1911; x_wconf 90' lang='grc' dir='ltr'><strong>τῶν</strong></span> <span class='ocrx_word' id='word_1_267' title='bbox 3015 1864 3064 1926; x_wconf 90' lang='grc' dir='ltr'>γ’</span> <span class='ocrx_word' id='word_1_268' title='bbox 3083 1853 3305 1929; x_wconf 89' lang='grc' dir='ltr'>μοιρῶν.</span> <span class='ocrx_word' id='word_1_269' title='bbox 3337 1854 3460 1905; x_wconf 83' lang='grc' dir='ltr'>’Ότι</span> <span class='ocrx_word' id='word_1_270' title='bbox 3485 1851 3541 1904; x_wconf 81' lang='grc' dir='ltr'>δὲ</span> <span class='ocrx_word' id='word_1_271' title='bbox 3561 1849 3663 1902; x_wconf 74' lang='grc' dir='ltr'>ἐπὶ</span> 
     </span>
    </p>
   </div>
   <div class='ocr_carea' id='block_1_36' title="bbox 416 1976 1980 2045">
    <p class='ocr_par' dir='ltr' id='par_1_36' title="bbox 416 1976 1980 2045">
     <span class='ocr_line' id='line_1_36' title="bbox 416 1976 1980 2045; baseline 0.001 -15"><span class='ocrx_word' id='word_1_272' title='bbox 416 1977 726 2032; x_wconf 87' lang='lat' dir='ltr'><strong>cedentium</strong></span> <span class='ocrx_word' id='word_1_273' title='bbox 767 1978 821 2032; x_wconf 84' lang='lat' dir='ltr'><strong>in</strong></span> <span class='ocrx_word' id='word_1_274' title='bbox 863 1979 1126 2035; x_wconf 87' lang='lat' dir='ltr'><strong>laterculo</strong></span> <span class='ocrx_word' id='word_1_275' title='bbox 1148 1981 1254 2035; x_wconf 86' lang='lat' dir='ltr'><strong>sita</strong></span> <span class='ocrx_word' id='word_1_276' title='bbox 1284 1981 1375 2045; x_wconf 88' lang='lat' dir='ltr'><strong>sit,</strong></span> <span class='ocrx_word' id='word_1_277' title='bbox 1404 1978 1563 2033; x_wconf 86' lang='lat' dir='ltr'><strong>docet</strong></span> <span class='ocrx_word' id='word_1_278' title='bbox 1596 1977 1851 2033; x_wconf 82' lang='lat' dir='ltr'><strong>Eudoxus</strong></span> <span class='ocrx_word' id='word_1_279' title='bbox 1896 1976 1980 2032; x_wconf 90' lang='lat' dir='ltr'><strong>his</strong></span> 
     </span>
    </p>
   </div>
   <div class='ocr_carea' id='block_1_37' title="bbox 417 2069 1981 2141">
    <p class='ocr_par' dir='ltr' id='par_1_37' title="bbox 417 2069 1981 2141">
     <span class='ocr_line' id='line_1_37' title="bbox 417 2069 1981 2141; baseline 0.003 -20"><span class='ocrx_word' id='word_1_280' title='bbox 417 2069 602 2125; x_wconf 79' lang='lat' dir='ltr'><strong>verbis</strong></span> <span class='ocrx_word' id='word_1_281' title='bbox 636 2089 649 2125; x_wconf 90' lang='lat'>:</span> <span class='ocrx_word' id='word_1_282' title='bbox 693 2089 712 2122; x_wconf 81' lang='grc' dir='ltr'><strong>ι</strong></span> <span class='ocrx_word' id='word_1_283' title='bbox 757 2072 899 2126; x_wconf 85' lang='lat' dir='ltr'><strong>Ante</strong></span> <span class='ocrx_word' id='word_1_284' title='bbox 935 2072 1103 2141; x_wconf 89' lang='lat' dir='ltr'><strong>pedes</strong></span> <span class='ocrx_word' id='word_1_285' title='bbox 1164 2071 1467 2127; x_wconf 84' lang='lat' dir='ltr'><strong>anteriores</strong></span> <span class='ocrx_word' id='word_1_286' title='bbox 1495 2069 1650 2127; x_wconf 78' lang='lat' dir='ltr'><strong>Ursae</strong></span> <span class='ocrx_word' id='word_1_287' title='bbox 1699 2071 1855 2126; x_wconf 87' lang='lat' dir='ltr'><strong>stella</strong></span> <span class='ocrx_word' id='word_1_288' title='bbox 1896 2078 1981 2125; x_wconf 90' lang='lat' dir='ltr'><strong>est</strong></span> 
     </span>
    </p>
   </div>
   <div class='ocr_carea' id='block_1_38' title="bbox 418 2153 1114 2217">
    <p class='ocr_par' dir='ltr' id='par_1_38' title="bbox 418 2153 1114 2217">
     <span class='ocr_line' id='line_1_38' title="bbox 418 2153 1114 2217; baseline -0.001 -3"><span class='ocrx_word' id='word_1_289' title='bbox 418 2153 625 2216; x_wconf 78' lang='lat' dir='ltr'><strong>lucida.</strong></span> <span class='ocrx_word' id='word_1_290' title='bbox 665 2180 685 2213; x_wconf 73' lang='grc' dir='ltr'><strong>ι</strong></span> <span class='ocrx_word' id='word_1_291' title='bbox 715 2159 849 2216; x_wconf 89' lang='lat' dir='ltr'><strong>Tum</strong></span> <span class='ocrx_word' id='word_1_292' title='bbox 876 2160 1114 2217; x_wconf 84' lang='lat' dir='ltr'><strong>Aratus:</strong></span> 
     </span>
    </p>
   </div>
   <div class='ocr_carea' id='block_1_39' title="bbox 420 2337 1861 2462">
    <p class='ocr_par' dir='ltr' id='par_1_39' title="bbox 420 2337 1861 2462">
     <span class='ocr_line' id='line_1_39' title="bbox 420 2337 1861 2462; baseline 0.002 -71"><span class='ocrx_word' id='word_1_293' title='bbox 420 2337 612 2462; x_wconf 57' lang='lat' dir='ltr'><strong>gulis</strong></span> <span class='ocrx_word' id='word_1_294' title='bbox 644 2339 693 2393; x_wconf 84' lang='lat' dir='ltr'><strong>ei</strong></span> <span class='ocrx_word' id='word_1_295' title='bbox 727 2349 847 2395; x_wconf 86' lang='lat' dir='ltr'><strong>ante</strong></span> <span class='ocrx_word' id='word_1_296' title='bbox 879 2340 1030 2408; x_wconf 80' lang='lat' dir='ltr'><strong>pedes</strong></span> <span class='ocrx_word' id='word_1_297' title='bbox 1064 2340 1233 2410; x_wconf 79' lang='lat' dir='ltr'><strong>fertur</strong></span> <span class='ocrx_word' id='word_1_298' title='bbox 1258 2339 1504 2411; x_wconf 80' lang='lat' dir='ltr'><strong>claraque</strong></span> <span class='ocrx_word' id='word_1_299' title='bbox 1538 2355 1861 2409; x_wconf 82' lang='lat' dir='ltr'><strong>magnaque,</strong></span> 
     </span>
     <span class='ocr_line' id='line_1_40' title="bbox 474 2410 1861 2462; baseline 0 0"><span class='ocrx_word' id='word_1_300' title='bbox 474 2425 545 2462; x_wconf 85' lang='lat' dir='ltr'><strong>na</strong></span> <span class='ocrx_word' id='word_1_301' title='bbox 573 2410 781 2462; x_wconf 88' lang='lat' dir='ltr'><strong>auidem</strong></span> <span class='ocrx_word' id='word_1_302' title='bbox 818 2410 913 2462; x_wconf 88' lang='lat' dir='ltr'><strong>sub</strong></span> <span class='ocrx_word' id='word_1_303' title='bbox 943 2412 1199 2462; x_wconf 81' lang='lat' dir='ltr'><strong>humeris.</strong></span> <span class='ocrx_word' id='word_1_304' title='bbox 1226 2428 1332 2462; x_wconf 86' lang='lat' dir='ltr'><strong>una</strong></span> <span class='ocrx_word' id='word_1_305' title='bbox 1366 2428 1484 2462; x_wconf 79' lang='lat' dir='ltr'><strong>vero</strong></span> <span class='ocrx_word' id='word_1_306' title='bbox 1516 2411 1690 2462; x_wconf 85' lang='lat' dir='ltr'><strong>lumbo</strong></span> <span class='ocrx_word' id='word_1_307' title='bbox 1720 2422 1861 2462; x_wconf 82' lang='lat' dir='ltr'><strong>tenus</strong></span> 
     </span>
    </p>
   </div>
   <div class='ocr_carea' id='block_1_40' title="bbox 474 2408 1986 2478">
    <p class='ocr_par' dir='ltr' id='par_1_40' title="bbox 474 2408 1986 2478">
     <span class='ocr_line' id='line_1_41' title="bbox 474 2408 1986 2478; baseline 0.001 -16"><span class='ocrx_word' id='word_1_308' title='bbox 474 2425 545 2462; x_wconf 85' lang='lat' dir='ltr'><strong>na</strong></span> <span class='ocrx_word' id='word_1_309' title='bbox 573 2410 781 2478; x_wconf 81' lang='lat' dir='ltr'><strong>quidem</strong></span> <span class='ocrx_word' id='word_1_310' title='bbox 818 2410 913 2465; x_wconf 88' lang='lat' dir='ltr'><strong>sub</strong></span> <span class='ocrx_word' id='word_1_311' title='bbox 943 2408 1199 2478; x_wconf 33' lang='lat' dir='ltr'><strong>Itum-eris,</strong></span> <span class='ocrx_word' id='word_1_312' title='bbox 1226 2428 1332 2466; x_wconf 84' lang='lat' dir='ltr'><strong>una</strong></span> <span class='ocrx_word' id='word_1_313' title='bbox 1366 2408 1484 2466; x_wconf 79' lang='lat' dir='ltr'><strong>vero</strong></span> <span class='ocrx_word' id='word_1_314' title='bbox 1516 2408 1690 2464; x_wconf 80' lang='lat' dir='ltr'><strong>lumbo</strong></span> <span class='ocrx_word' id='word_1_315' title='bbox 1720 2408 1865 2463; x_wconf 83' lang='lat' dir='ltr'><strong>tenus</strong></span> <span class='ocrx_word' id='word_1_316' title='bbox 1894 2408 1986 2463; x_wconf 85' lang='lat' dir='ltr'><strong>de-</strong></span> 
     </span>
    </p>
   </div>
   <div class='ocr_carea' id='block_1_41' title="bbox 1577 2479 1981 2553">
    <p class='ocr_par' dir='ltr' id='par_1_41' title="bbox 1577 2479 1981 2553">
     <span class='ocr_line' id='line_1_42' title="bbox 1577 2479 1981 2553; baseline -0.002 -18"><span class='ocrx_word' id='word_1_317' title='bbox 1577 2479 1981 2553; x_wconf 83' lang='lat' dir='ltr'><strong>[scendentibus.</strong></span> 
     </span>
    </p>
   </div>
   <div class='ocr_carea' id='block_1_42' title="bbox 487 2589 1985 2651">
    <p class='ocr_par' dir='ltr' id='par_1_42' title="bbox 487 2589 1985 2651">
     <span class='ocr_line' id='line_1_43' title="bbox 487 2589 1985 2651; baseline 0.003 -6"><span class='ocrx_word' id='word_1_318' title='bbox 487 2589 625 2646; x_wconf 86' lang='lat' dir='ltr'><strong>Nam</strong></span> <span class='ocrx_word' id='word_1_319' title='bbox 676 2594 1056 2650; x_wconf 88' lang='lat' dir='ltr'><strong>australiorem</strong></span> <span class='ocrx_word' id='word_1_320' title='bbox 1110 2595 1548 2651; x_wconf 88' lang='lat' dir='ltr'><strong>antecedentium</strong></span> <span class='ocrx_word' id='word_1_321' title='bbox 1603 2596 1661 2649; x_wconf 91' lang='lat' dir='ltr'><strong>in</strong></span> <span class='ocrx_word' id='word_1_322' title='bbox 1719 2594 1985 2650; x_wconf 85' lang='lat' dir='ltr'><strong>laterculo</strong></span> 
     </span>
    </p>
   </div>
   <div class='ocr_carea' id='block_1_43' title="bbox 420 2682 1986 2758">
    <p class='ocr_par' dir='ltr' id='par_1_43' title="bbox 420 2682 1986 2758">
     <span class='ocr_line' id='line_1_44' title="bbox 420 2682 1986 2758; baseline 0.003 -22"><span class='ocrx_word' id='word_1_323' title='bbox 420 2682 679 2752; x_wconf 66' lang='lat' dir='ltr'><strong>praecedit</strong></span> <span class='ocrx_word' id='word_1_324' title='bbox 703 2699 813 2739; x_wconf 89' lang='lat' dir='ltr'><strong>una</strong></span> <span class='ocrx_word' id='word_1_325' title='bbox 836 2687 1213 2741; x_wconf 89' lang='lat' dir='ltr'><strong>tantummodo</strong></span> <span class='ocrx_word' id='word_1_326' title='bbox 1234 2686 1413 2742; x_wconf 89' lang='lat' dir='ltr'><strong>lucida</strong></span> <span class='ocrx_word' id='word_1_327' title='bbox 1447 2687 1637 2754; x_wconf 89' lang='lat' dir='ltr'><strong>stella;</strong></span> <span class='ocrx_word' id='word_1_328' title='bbox 1662 2702 1782 2758; x_wconf 68' lang='lat' dir='ltr'><strong>qua:</strong></span> <span class='ocrx_word' id='word_1_329' title='bbox 1808 2688 1863 2741; x_wconf 91' lang='lat' dir='ltr'><strong>in</strong></span> <span class='ocrx_word' id='word_1_330' title='bbox 1887 2701 1986 2741; x_wconf 90' lang='lat' dir='ltr'><strong>an-</strong></span> 
     </span>
    </p>
   </div>
   <div class='ocr_carea' id='block_1_44' title="bbox 421 2774 1671 2850">
    <p class='ocr_par' dir='ltr' id='par_1_44' title="bbox 421 2774 1671 2850">
     <span class='ocr_line' id='line_1_45' title="bbox 421 2774 1671 2850; baseline 0.006 -21"><span class='ocrx_word' id='word_1_331' title='bbox 421 2774 716 2832; x_wconf 86' lang='lat' dir='ltr'><strong>terioribus</strong></span> <span class='ocrx_word' id='word_1_332' title='bbox 744 2778 995 2835; x_wconf 87' lang='lat' dir='ltr'><strong>cruribus</strong></span> <span class='ocrx_word' id='word_1_333' title='bbox 1020 2779 1287 2850; x_wconf 89' lang='lat' dir='ltr'><strong>hodieque</strong></span> <span class='ocrx_word' id='word_1_334' title='bbox 1316 2788 1671 2837; x_wconf 90' lang='lat' dir='ltr'><strong>monstratur.</strong></span> 
     </span>
    </p>
   </div>
   <div class='ocr_carea' id='block_1_45' title="bbox 492 2867 1984 2941">
    <p class='ocr_par' dir='ltr' id='par_1_45' title="bbox 492 2867 1984 2941">
     <span class='ocr_line' id='line_1_46' title="bbox 492 2867 1984 2941; baseline 0.004 -22"><span class='ocrx_word' id='word_1_335' title='bbox 492 2867 688 2937; x_wconf 85' lang='lat' dir='ltr'><strong>Atque,</strong></span> <span class='ocrx_word' id='word_1_336' title='bbox 708 2878 766 2923; x_wconf 90' lang='lat' dir='ltr'><strong>ut</strong></span> <span class='ocrx_word' id='word_1_337' title='bbox 793 2872 1044 2927; x_wconf 84' lang='lat' dir='ltr'><strong>universe</strong></span> <span class='ocrx_word' id='word_1_338' title='bbox 1065 2871 1318 2940; x_wconf 83' lang='lat' dir='ltr'><strong>dixerim,</strong></span> <span class='ocrx_word' id='word_1_339' title='bbox 1343 2879 1554 2928; x_wconf 79' lang='lat' dir='ltr'><strong>veteres</strong></span> <span class='ocrx_word' id='word_1_340' title='bbox 1571 2887 1761 2927; x_wconf 85' lang='lat' dir='ltr'><strong>omnes</strong></span> <span class='ocrx_word' id='word_1_341' title='bbox 1777 2879 1984 2941; x_wconf 89' lang='lat' dir='ltr'><strong>septem</strong></span> 
     </span>
    </p>
   </div>
   <div class='ocr_carea' id='block_1_46' title="bbox 423 2958 1984 3034">
    <p class='ocr_par' dir='ltr' id='par_1_46' title="bbox 423 2958 1984 3034">
     <span class='ocr_line' id='line_1_47' title="bbox 423 2958 1984 3034; baseline 0.002 -21"><span class='ocrx_word' id='word_1_342' title='bbox 423 2958 557 3014; x_wconf 86' lang='lat' dir='ltr'><strong>solis</strong></span> <span class='ocrx_word' id='word_1_343' title='bbox 594 2961 767 3016; x_wconf 85' lang='lat' dir='ltr'><strong>stellis</strong></span> <span class='ocrx_word' id='word_1_344' title='bbox 815 2961 1012 3017; x_wconf 89' lang='lat' dir='ltr'><strong>Ursam</strong></span> <span class='ocrx_word' id='word_1_345' title='bbox 1054 2962 1395 3034; x_wconf 79' lang='lat' dir='ltr'><strong>conﬁgurare</strong></span> <span class='ocrx_word' id='word_1_346' title='bbox 1438 2964 1702 3019; x_wconf 88' lang='lat' dir='ltr'><strong>solebant.</strong></span> <span class='ocrx_word' id='word_1_347' title='bbox 1753 2961 1838 3017; x_wconf 86' lang='lat' dir='ltr'><strong>Fit</strong></span> <span class='ocrx_word' id='word_1_348' title='bbox 1883 2978 1984 3016; x_wconf 91' lang='lat' dir='ltr'><strong>au-</strong></span> 
     </span>
    </p>
   </div>
   <div class='ocr_carea' id='block_1_47' title="bbox 423 3052 1985 3123">
    <p class='ocr_par' dir='ltr' id='par_1_47' title="bbox 423 3052 1985 3123">
     <span class='ocr_line' id='line_1_48' title="bbox 423 3052 1985 3123; baseline 0.004 -20"><span class='ocrx_word' id='word_1_349' title='bbox 423 3059 552 3115; x_wconf 87' lang='lat' dir='ltr'><strong>tem,</strong></span> <span class='ocrx_word' id='word_1_350' title='bbox 581 3052 727 3120; x_wconf 91' lang='lat' dir='ltr'><strong>quod</strong></span> <span class='ocrx_word' id='word_1_351' title='bbox 755 3067 785 3106; x_wconf 90' lang='lat' dir='ltr'><strong>a</strong></span> <span class='ocrx_word' id='word_1_352' title='bbox 820 3054 979 3108; x_wconf 89' lang='lat' dir='ltr'><strong>nobis</strong></span> <span class='ocrx_word' id='word_1_353' title='bbox 1004 3054 1210 3109; x_wconf 90' lang='lat' dir='ltr'><strong>dictum</strong></span> <span class='ocrx_word' id='word_1_354' title='bbox 1245 3063 1348 3123; x_wconf 89' lang='lat' dir='ltr'><strong>est,</strong></span> <span class='ocrx_word' id='word_1_355' title='bbox 1379 3056 1434 3110; x_wconf 91' lang='lat' dir='ltr'><strong>in</strong></span> <span class='ocrx_word' id='word_1_356' title='bbox 1457 3055 1666 3110; x_wconf 91' lang='lat' dir='ltr'><strong>minore</strong></span> <span class='ocrx_word' id='word_1_357' title='bbox 1699 3054 1836 3110; x_wconf 86' lang='lat' dir='ltr'><strong>Ursa</strong></span> <span class='ocrx_word' id='word_1_358' title='bbox 1871 3071 1985 3109; x_wconf 90' lang='lat' dir='ltr'><strong>ma-</strong></span> 
     </span>
    </p>
   </div>
   <div class='ocr_carea' id='block_1_48' title="bbox 423 3139 1982 3217">
    <p class='ocr_par' dir='ltr' id='par_1_48' title="bbox 423 3139 1982 3217">
     <span class='ocr_line' id='line_1_49' title="bbox 423 3139 1982 3217; baseline 0.005 -24"><span class='ocrx_word' id='word_1_359' title='bbox 423 3139 701 3198; x_wconf 78' lang='lat' dir='ltr'><strong>nifestius.</strong></span> <span class='ocrx_word' id='word_1_360' title='bbox 731 3141 963 3198; x_wconf 86' lang='lat' dir='ltr'><strong>Constat</strong></span> <span class='ocrx_word' id='word_1_361' title='bbox 991 3145 1136 3200; x_wconf 86' lang='lat' dir='ltr'><strong>enim</strong></span> <span class='ocrx_word' id='word_1_362' title='bbox 1167 3154 1332 3217; x_wconf 91' lang='lat' dir='ltr'><strong>caput</strong></span> <span class='ocrx_word' id='word_1_363' title='bbox 1365 3146 1485 3216; x_wconf 88' lang='lat' dir='ltr'><strong>ejus</strong></span> <span class='ocrx_word' id='word_1_364' title='bbox 1514 3161 1578 3200; x_wconf 89' lang='lat' dir='ltr'><strong>ac</strong></span> <span class='ocrx_word' id='word_1_365' title='bbox 1610 3145 1775 3217; x_wconf 89' lang='lat' dir='ltr'><strong>pedes</strong></span> <span class='ocrx_word' id='word_1_366' title='bbox 1812 3147 1867 3201; x_wconf 90' lang='lat' dir='ltr'><strong>in</strong></span> <span class='ocrx_word' id='word_1_367' title='bbox 1913 3147 1982 3202; x_wconf 92' lang='lat' dir='ltr'><strong>iis</strong></span> 
     </span>
    </p>
   </div>
   <div class='ocr_carea' id='block_1_49' title="bbox 422 3234 1980 3309">
    <p class='ocr_par' dir='ltr' id='par_1_49' title="bbox 422 3234 1980 3309">
     <span class='ocr_line' id='line_1_50' title="bbox 422 3234 1980 3309; baseline 0.004 -23"><span class='ocrx_word' id='word_1_368' title='bbox 422 3238 663 3301; x_wconf 86' lang='lat' dir='ltr'><strong>quatuor</strong></span> <span class='ocrx_word' id='word_1_369' title='bbox 683 3234 944 3289; x_wconf 86' lang='lat' dir='ltr'><strong>collocari</strong></span> <span class='ocrx_word' id='word_1_370' title='bbox 964 3237 1159 3301; x_wconf 89' lang='lat' dir='ltr'><strong>stellis,</strong></span> <span class='ocrx_word' id='word_1_371' title='bbox 1197 3253 1319 3309; x_wconf 79' lang='lat' dir='ltr'><strong>quae</strong></span> <span class='ocrx_word' id='word_1_372' title='bbox 1343 3238 1669 3293; x_wconf 84' lang='lat' dir='ltr'><strong>laterculum</strong></span> <span class='ocrx_word' id='word_1_373' title='bbox 1706 3237 1980 3293; x_wconf 85' lang='lat' dir='ltr'><strong>ambiunt:</strong></span> 
     </span>
    </p>
   </div>
   <div class='ocr_carea' id='block_1_50' title="bbox 422 3323 1986 3399">
    <p class='ocr_par' dir='ltr' id='par_1_50' title="bbox 422 3323 1986 3399">
     <span class='ocr_line' id='line_1_51' title="bbox 422 3323 1986 3399; baseline 0.003 -23"><span class='ocrx_word' id='word_1_374' title='bbox 422 3323 626 3394; x_wconf 87' lang='lat' dir='ltr'><strong>quippe</strong></span> <span class='ocrx_word' id='word_1_375' title='bbox 675 3325 838 3380; x_wconf 85' lang='lat' dir='ltr'><strong>nullae</strong></span> <span class='ocrx_word' id='word_1_376' title='bbox 879 3326 1015 3396; x_wconf 88' lang='lat' dir='ltr'><strong>ipsis</strong></span> <span class='ocrx_word' id='word_1_377' title='bbox 1054 3328 1302 3398; x_wconf 88' lang='lat' dir='ltr'><strong>adjacent</strong></span> <span class='ocrx_word' id='word_1_378' title='bbox 1329 3328 1448 3383; x_wconf 70' lang='lat' dir='ltr'><strong>alia:</strong></span> <span class='ocrx_word' id='word_1_379' title='bbox 1484 3328 1799 3399; x_wconf 84' lang='lat' dir='ltr'><strong>splendidae,</strong></span> <span class='ocrx_word' id='word_1_380' title='bbox 1840 3329 1986 3384; x_wconf 82' lang='lat' dir='ltr'><strong>velut</strong></span> 
     </span>
    </p>
   </div>
   <div class='ocr_carea' id='block_1_51' title="bbox 425 3415 1986 3491">
    <p class='ocr_par' dir='ltr' id='par_1_51' title="bbox 425 3415 1986 3491">
     <span class='ocr_line' id='line_1_52' title="bbox 425 3415 1986 3491; baseline 0.004 -23"><span class='ocrx_word' id='word_1_381' title='bbox 425 3415 621 3485; x_wconf 85' lang='lat' dir='ltr'><strong>majori</strong></span> <span class='ocrx_word' id='word_1_382' title='bbox 667 3416 967 3485; x_wconf 86' lang='lat' dir='ltr'><strong>laterculo;</strong></span> <span class='ocrx_word' id='word_1_383' title='bbox 1003 3429 1062 3474; x_wconf 88' lang='lat' dir='ltr'><strong>ut</strong></span> <span class='ocrx_word' id='word_1_384' title='bbox 1090 3419 1239 3477; x_wconf 88' lang='lat' dir='ltr'><strong>illius</strong></span> <span class='ocrx_word' id='word_1_385' title='bbox 1285 3428 1450 3491; x_wconf 90' lang='lat' dir='ltr'><strong>caput</strong></span> <span class='ocrx_word' id='word_1_386' title='bbox 1492 3435 1557 3475; x_wconf 83' lang='lat' dir='ltr'><strong>ac</strong></span> <span class='ocrx_word' id='word_1_387' title='bbox 1600 3421 1765 3491; x_wconf 82' lang='lat' dir='ltr'><strong>pedes</strong></span> <span class='ocrx_word' id='word_1_388' title='bbox 1804 3421 1986 3475; x_wconf 80' lang='lat' dir='ltr'><strong>defor-</strong></span> 
     </span>
    </p>
   </div>
   <div class='ocr_carea' id='block_1_52' title="bbox 423 3508 1986 3582">
    <p class='ocr_par' dir='ltr' id='par_1_52' title="bbox 423 3508 1986 3582">
     <span class='ocr_line' id='line_1_53' title="bbox 423 3508 1986 3582; baseline 0.006 -22"><span class='ocrx_word' id='word_1_389' title='bbox 423 3514 595 3573; x_wconf 90' lang='lat' dir='ltr'><strong>ment,</strong></span> <span class='ocrx_word' id='word_1_390' title='bbox 623 3524 744 3579; x_wconf 78' lang='lat' dir='ltr'><strong>qua:</strong></span> <span class='ocrx_word' id='word_1_391' title='bbox 771 3508 1032 3567; x_wconf 87' lang='lat' dir='ltr'><strong>Draconis</strong></span> <span class='ocrx_word' id='word_1_392' title='bbox 1076 3511 1225 3582; x_wconf 88' lang='lat' dir='ltr'><strong>spira</strong></span> <span class='ocrx_word' id='word_1_393' title='bbox 1265 3511 1596 3578; x_wconf 85' lang='lat' dir='ltr'><strong>circumdat,</strong></span> <span class='ocrx_word' id='word_1_394' title='bbox 1624 3519 1686 3567; x_wconf 82' lang='lat' dir='ltr'><strong>ut</strong></span> <span class='ocrx_word' id='word_1_395' title='bbox 1728 3511 1871 3568; x_wconf 87' lang='lat' dir='ltr'><strong>idem</strong></span> <span class='ocrx_word' id='word_1_396' title='bbox 1896 3527 1986 3569; x_wconf 86' lang='lat' dir='ltr'><strong>as-</strong></span> 
     </span>
    </p>
   </div>
   <div class='ocr_carea' id='block_1_53' title="bbox 425 3598 606 3654">
    <p class='ocr_par' dir='ltr' id='par_1_53' title="bbox 425 3598 606 3654">
     <span class='ocr_line' id='line_1_54' title="bbox 425 3598 606 3654; baseline -0.017 0"><span class='ocrx_word' id='word_1_397' title='bbox 425 3598 560 3654; x_wconf 89' lang='lat' dir='ltr'><strong>serit</strong></span> <span class='ocrx_word' id='word_1_398' title='bbox 592 3616 606 3652; x_wconf 89' lang='lat'><strong>:</strong></span> 
     </span>
    </p>
   </div>
   <div class='ocr_carea' id='block_1_54' title="bbox 428 3798 1988 3889">
    <p class='ocr_par' dir='ltr' id='par_1_54' title="bbox 428 3798 1988 3889">
     <span class='ocr_line' id='line_1_55' title="bbox 428 3798 1988 3889; baseline 0.005 -36"><span class='ocrx_word' id='word_1_399' title='bbox 428 3798 494 3854; x_wconf 86' lang='lat' dir='ltr'><strong>In</strong></span> <span class='ocrx_word' id='word_1_400' title='bbox 518 3804 663 3870; x_wconf 87' lang='lat' dir='ltr'><strong>spira</strong></span> <span class='ocrx_word' id='word_1_401' title='bbox 692 3819 809 3858; x_wconf 80' lang='lat' dir='ltr'><strong>vero</strong></span> <span class='ocrx_word' id='word_1_402' title='bbox 834 3800 1111 3873; x_wconf 84' lang='lat' dir='ltr'><strong>Cynosura</strong></span> <span class='ocrx_word' id='word_1_403' title='bbox 1144 3813 1299 3874; x_wconf 86' lang='lat' dir='ltr'><strong>caput</strong></span> <span class='ocrx_word' id='word_1_404' title='bbox 1326 3804 1497 3860; x_wconf 85' lang='lat' dir='ltr'><strong>habet.</strong></span> <span class='ocrx_word' id='word_1_405' title='bbox 1529 3804 1657 3889; x_wconf 58' lang='lat' dir='ltr'><strong>flare</strong></span> <span class='ocrx_word' id='word_1_406' title='bbox 1681 3814 1853 3889; x_wconf 65' lang='lat' dir='ltr'><strong>autem</strong></span> <span class='ocrx_word' id='word_1_407' title='bbox 1884 3809 1988 3861; x_wconf 77' lang='lat' dir='ltr'><strong>cir-</strong></span> 
     </span>
    </p>
   </div>
   <div class='ocr_carea' id='block_1_55' title="bbox 441 3874 1878 4017">
    <p class='ocr_par' dir='ltr' id='par_1_55' title="bbox 441 3874 1878 4017">
     <span class='ocr_line' id='line_1_56' title="bbox 573 3874 1878 3953; baseline 0.005 -28"><span class='ocrx_word' id='word_1_408' title='bbox 573 3941 585 3953; x_wconf 48' lang='grc'><strong>.</strong></span> <span class='ocrx_word' id='word_1_409' title='bbox 1529 3874 1669 3948; x_wconf 86' lang='lat' dir='ltr'><strong>[cum</strong></span> <span class='ocrx_word' id='word_1_410' title='bbox 1707 3877 1878 3946; x_wconf 76' lang='lat' dir='ltr'><strong>ipsum</strong></span> 
     </span>
     <span class='ocr_line' id='line_1_57' title="bbox 441 3939 1841 4017; baseline 0.004 -22"><span class='ocrx_word' id='word_1_411' title='bbox 441 3939 679 3995; x_wconf 74' lang='lat' dir='ltr'><strong>Volvitur</strong></span> <span class='ocrx_word' id='word_1_412' title='bbox 704 3950 893 4013; x_wconf 85' lang='lat' dir='ltr'><strong>caput,</strong></span> <span class='ocrx_word' id='word_1_413' title='bbox 926 3944 1073 4015; x_wconf 86' lang='lat' dir='ltr'><strong>eique</strong></span> <span class='ocrx_word' id='word_1_414' title='bbox 1100 3945 1168 3999; x_wconf 88' lang='lat' dir='ltr'><strong>ad</strong></span> <span class='ocrx_word' id='word_1_415' title='bbox 1191 3944 1370 4015; x_wconf 80' lang='lat' dir='ltr'><strong>pedem</strong></span> <span class='ocrx_word' id='word_1_416' title='bbox 1398 3962 1560 4017; x_wconf 85' lang='lat' dir='ltr'><strong>usque</strong></span> <span class='ocrx_word' id='word_1_417' title='bbox 1591 3949 1841 4015; x_wconf 83' lang='lat' dir='ltr'><strong>pervenit.</strong></span> 
     </span>
    </p>
   </div>
   <div class='ocr_carea' id='block_1_56' title="bbox 500 4050 1987 4128">
    <p class='ocr_par' dir='ltr' id='par_1_56' title="bbox 500 4050 1987 4128">
     <span class='ocr_line' id='line_1_58' title="bbox 500 4050 1987 4128; baseline 0.004 -21"><span class='ocrx_word' id='word_1_418' title='bbox 500 4050 630 4119; x_wconf 73' lang='lat' dir='ltr'><strong>Quae</strong></span> <span class='ocrx_word' id='word_1_419' title='bbox 653 4069 774 4109; x_wconf 91' lang='lat' dir='ltr'><strong>cum</strong></span> <span class='ocrx_word' id='word_1_420' title='bbox 801 4054 877 4109; x_wconf 90' lang='lat' dir='ltr'><strong>ita</strong></span> <span class='ocrx_word' id='word_1_421' title='bbox 908 4071 967 4111; x_wconf 91' lang='lat' dir='ltr'><strong>se</strong></span> <span class='ocrx_word' id='word_1_422' title='bbox 996 4054 1253 4123; x_wconf 87' lang='lat' dir='ltr'><strong>habeant,</strong></span> <span class='ocrx_word' id='word_1_423' title='bbox 1285 4055 1379 4128; x_wconf 92' lang='lat' dir='ltr'><strong>qui</strong></span> <span class='ocrx_word' id='word_1_424' title='bbox 1423 4056 1538 4112; x_wconf 86' lang='lat' dir='ltr'><strong>ﬁeri</strong></span> <span class='ocrx_word' id='word_1_425' title='bbox 1569 4064 1770 4126; x_wconf 88' lang='lat' dir='ltr'><strong>potest,</strong></span> <span class='ocrx_word' id='word_1_426' title='bbox 1794 4065 1854 4112; x_wconf 90' lang='lat' dir='ltr'><strong>ut</strong></span> <span class='ocrx_word' id='word_1_427' title='bbox 1885 4058 1987 4113; x_wconf 89' lang='lat' dir='ltr'><strong>sub</strong></span> 
     </span>
    </p>
   </div>
   <div class='ocr_carea' id='block_1_57' title="bbox 427 4141 1989 4220">
    <p class='ocr_par' dir='ltr' id='par_1_57' title="bbox 427 4141 1989 4220">
     <span class='ocr_line' id='line_1_59' title="bbox 427 4141 1989 4220; baseline 0.003 -22"><span class='ocrx_word' id='word_1_428' title='bbox 427 4141 568 4198; x_wconf 88' lang='lat' dir='ltr'><strong>Ursa</strong></span> <span class='ocrx_word' id='word_1_429' title='bbox 596 4142 810 4200; x_wconf 88' lang='lat' dir='ltr'><strong>Gemini</strong></span> <span class='ocrx_word' id='word_1_430' title='bbox 863 4161 927 4200; x_wconf 90' lang='lat' dir='ltr'><strong>ac</strong></span> <span class='ocrx_word' id='word_1_431' title='bbox 957 4145 1165 4203; x_wconf 87' lang='lat' dir='ltr'><strong>Cancer</strong></span> <span class='ocrx_word' id='word_1_432' title='bbox 1186 4147 1436 4219; x_wconf 89' lang='lat' dir='ltr'><strong>jaceant,</strong></span> <span class='ocrx_word' id='word_1_433' title='bbox 1467 4152 1512 4205; x_wconf 87' lang='lat' dir='ltr'><strong>si</strong></span> <span class='ocrx_word' id='word_1_434' title='bbox 1550 4148 1769 4218; x_wconf 91' lang='lat' dir='ltr'><strong>quidem</strong></span> <span class='ocrx_word' id='word_1_435' title='bbox 1826 4155 1989 4220; x_wconf 87' lang='lat' dir='ltr'><strong>caput</strong></span> 
     </span>
    </p>
   </div>
   <div class='ocr_carea' id='block_1_58' title="bbox 427 4235 1987 4310">
    <p class='ocr_par' dir='ltr' id='par_1_58' title="bbox 427 4235 1987 4310">
     <span class='ocr_line' id='line_1_60' title="bbox 427 4235 1987 4310; baseline 0.006 -23"><span class='ocrx_word' id='word_1_436' title='bbox 427 4235 839 4307; x_wconf 87' lang='lat' dir='ltr'><strong>anterioresque</strong></span> <span class='ocrx_word' id='word_1_437' title='bbox 865 4237 1029 4308; x_wconf 90' lang='lat' dir='ltr'><strong>pedes</strong></span> <span class='ocrx_word' id='word_1_438' title='bbox 1053 4241 1107 4293; x_wconf 90' lang='lat' dir='ltr'><strong>in</strong></span> <span class='ocrx_word' id='word_1_439' title='bbox 1135 4237 1335 4295; x_wconf 84' lang='lat' dir='ltr'><strong>Leonis</strong></span> <span class='ocrx_word' id='word_1_440' title='bbox 1355 4247 1510 4310; x_wconf 90' lang='lat' dir='ltr'><strong>parte</strong></span> <span class='ocrx_word' id='word_1_441' title='bbox 1539 4241 1697 4295; x_wconf 89' lang='lat' dir='ltr'><strong>tertia</strong></span> <span class='ocrx_word' id='word_1_442' title='bbox 1715 4240 1987 4296; x_wconf 88' lang='lat' dir='ltr'><strong>collocen-</strong></span> 
     </span>
    </p>
   </div>
   <div class='ocr_carea' id='block_1_59' title="bbox 426 4328 1988 4394">
    <p class='ocr_par' dir='ltr' id='par_1_59' title="bbox 426 4328 1988 4394">
     <span class='ocr_line' id='line_1_61' title="bbox 426 4328 1988 4394; baseline 0.003 -13"><span class='ocrx_word' id='word_1_443' title='bbox 426 4328 556 4381; x_wconf 78' lang='lat' dir='ltr'><strong>tur?</strong></span> <span class='ocrx_word' id='word_1_444' title='bbox 605 4328 875 4394; x_wconf 88' lang='lat' dir='ltr'><strong>Quocirca</strong></span> <span class='ocrx_word' id='word_1_445' title='bbox 917 4330 1068 4386; x_wconf 87' lang='lat' dir='ltr'><strong>solus</strong></span> <span class='ocrx_word' id='word_1_446' title='bbox 1117 4332 1219 4387; x_wconf 92' lang='lat' dir='ltr'><strong>sub</strong></span> <span class='ocrx_word' id='word_1_447' title='bbox 1250 4329 1390 4386; x_wconf 88' lang='lat' dir='ltr'><strong>Ursa</strong></span> <span class='ocrx_word' id='word_1_448' title='bbox 1438 4329 1547 4386; x_wconf 91' lang='lat' dir='ltr'><strong>Leo</strong></span> <span class='ocrx_word' id='word_1_449' title='bbox 1571 4329 1988 4386; x_wconf 90' lang='lat' dir='ltr'><strong>constituendus</strong></span> 
     </span>
    </p>
   </div>
   <div class='ocr_carea' id='block_1_60' title="bbox 424 4418 1985 4493">
    <p class='ocr_par' dir='ltr' id='par_1_60' title="bbox 424 4418 1985 4493">
     <span class='ocr_line' id='line_1_62' title="bbox 424 4418 1985 4493; baseline 0.001 -18"><span class='ocrx_word' id='word_1_450' title='bbox 424 4427 530 4475; x_wconf 86' lang='lat' dir='ltr'><strong>est.</strong></span> <span class='ocrx_word' id='word_1_451' title='bbox 567 4418 702 4474; x_wconf 88' lang='lat' dir='ltr'><strong>Nam</strong></span> <span class='ocrx_word' id='word_1_452' title='bbox 721 4437 842 4491; x_wconf 78' lang='lat' dir='ltr'><strong>quae</strong></span> <span class='ocrx_word' id='word_1_453' title='bbox 870 4423 923 4476; x_wconf 93' lang='lat' dir='ltr'><strong>in</strong></span> <span class='ocrx_word' id='word_1_454' title='bbox 958 4423 1351 4493; x_wconf 89' lang='lat' dir='ltr'><strong>posterioribus</strong></span> <span class='ocrx_word' id='word_1_455' title='bbox 1377 4424 1519 4478; x_wconf 88' lang='lat' dir='ltr'><strong>inest</strong></span> <span class='ocrx_word' id='word_1_456' title='bbox 1543 4420 1696 4479; x_wconf 74' lang='lat' dir='ltr'><strong>Ursae</strong></span> <span class='ocrx_word' id='word_1_457' title='bbox 1731 4422 1985 4493; x_wconf 87' lang='lat' dir='ltr'><strong>pedibus,</strong></span> 
     </span>
    </p>
   </div>
   <div class='ocr_carea' id='block_1_61' title="bbox 2082 1940 3663 2025">
    <p class='ocr_par' dir='ltr' id='par_1_61' title="bbox 2082 1940 3663 2025">
     <span class='ocr_line' id='line_1_63' title="bbox 2082 1940 3663 2025; baseline -0.01 -16"><span class='ocrx_word' id='word_1_458' title='bbox 2082 1955 2189 2009; x_wconf 89' lang='grc' dir='ltr'><strong>τῶν</strong></span> <span class='ocrx_word' id='word_1_459' title='bbox 2240 1952 2589 2025; x_wconf 81' lang='grc' dir='ltr'>ἐμπροσθίων</span> <span class='ocrx_word' id='word_1_460' title='bbox 2644 1950 2819 2005; x_wconf 84' lang='grc' dir='ltr'>ποδῶν</span> <span class='ocrx_word' id='word_1_461' title='bbox 2869 1952 3041 2002; x_wconf 81' lang='grc' dir='ltr'>κεῖται</span> <span class='ocrx_word' id='word_1_462' title='bbox 3079 1950 3108 2001; x_wconf 89' lang='lat'><strong>6</strong></span> <span class='ocrx_word' id='word_1_463' title='bbox 3169 1944 3488 2015; x_wconf 86' lang='grc' dir='ltr'>νοτιώτερος</span> <span class='ocrx_word' id='word_1_464' title='bbox 3544 1940 3663 1995; x_wconf 84' lang='grc' dir='ltr'><strong>τῶν</strong></span> 
     </span>
    </p>
   </div>
   <div class='ocr_carea' id='block_1_62' title="bbox 2082 2031 3665 2117">
    <p class='ocr_par' dir='ltr' id='par_1_62' title="bbox 2082 2031 3665 2117">
     <span class='ocr_line' id='line_1_64' title="bbox 2082 2031 3665 2117; baseline -0.008 -18"><span class='ocrx_word' id='word_1_465' title='bbox 2082 2047 2398 2117; x_wconf 79' lang='grc' dir='ltr'>ἡγουμένων</span> <span class='ocrx_word' id='word_1_466' title='bbox 2446 2047 2503 2099; x_wconf 84' lang='grc' dir='ltr'><strong>ἐν</strong></span> <span class='ocrx_word' id='word_1_467' title='bbox 2539 2043 2618 2115; x_wconf 80' lang='grc' dir='ltr'>τῷ</span> <span class='ocrx_word' id='word_1_468' title='bbox 2647 2042 2893 2112; x_wconf 83' lang='grc' dir='ltr'>πλινθίῳ,</span> <span class='ocrx_word' id='word_1_469' title='bbox 2922 2040 3150 2111; x_wconf 73' lang='grc' dir='ltr'>φανερὸν</span> <span class='ocrx_word' id='word_1_470' title='bbox 3181 2040 3325 2091; x_wconf 88' lang='grc' dir='ltr'>ποιεῖ</span> <span class='ocrx_word' id='word_1_471' title='bbox 3354 2038 3383 2089; x_wconf 87' lang='lat'><strong>6</strong></span> <span class='ocrx_word' id='word_1_472' title='bbox 3415 2036 3511 2108; x_wconf 84' lang='grc' dir='ltr'><strong>μὲν</strong></span> <span class='ocrx_word' id='word_1_473' title='bbox 3549 2031 3665 2088; x_wconf 80' lang='grc' dir='ltr'><strong>Εὖ-</strong></span> 
     </span>
    </p>
   </div>
   <div class='ocr_carea' id='block_1_63' title="bbox 2081 2122 3665 2204">
    <p class='ocr_par' dir='ltr' id='par_1_63' title="bbox 2081 2122 3665 2204">
     <span class='ocr_line' id='line_1_65' title="bbox 2081 2122 3665 2204; baseline -0.008 -15"><span class='ocrx_word' id='word_1_474' title='bbox 2081 2136 2231 2200; x_wconf 86' lang='grc' dir='ltr'>δοξος</span> <span class='ocrx_word' id='word_1_475' title='bbox 2264 2134 2435 2204; x_wconf 89' lang='grc' dir='ltr'>λέγων</span> <span class='ocrx_word' id='word_1_476' title='bbox 2464 2133 2635 2196; x_wconf 74' lang='grc' dir='ltr'>οὕτως</span> <span class='ocrx_word' id='word_1_477' title='bbox 2655 2151 2668 2164; x_wconf 89' lang='grc'><strong>·</strong></span> <span class='ocrx_word' id='word_1_478' title='bbox 2704 2151 2722 2183; x_wconf 81' lang='grc' dir='ltr'><strong>ι</strong></span> <span class='ocrx_word' id='word_1_479' title='bbox 2748 2132 2862 2203; x_wconf 83' lang='grc' dir='ltr'>Πρὸ</span> <span class='ocrx_word' id='word_1_480' title='bbox 2880 2132 2937 2186; x_wconf 84' lang='grc' dir='ltr'>δὲ</span> <span class='ocrx_word' id='word_1_481' title='bbox 2954 2129 3061 2183; x_wconf 89' lang='grc' dir='ltr'><strong>τῶν</strong></span> <span class='ocrx_word' id='word_1_482' title='bbox 3092 2126 3439 2199; x_wconf 75' lang='grc' dir='ltr'>ἐμπροσθίων</span> <span class='ocrx_word' id='word_1_483' title='bbox 3480 2122 3665 2178; x_wconf 81' lang='grc' dir='ltr'>ποδῶν</span> 
     </span>
    </p>
   </div>
   <div class='ocr_carea' id='block_1_64' title="bbox 2080 2215 3584 2294">
    <p class='ocr_par' dir='ltr' id='par_1_64' title="bbox 2080 2215 3584 2294">
     <span class='ocr_line' id='line_1_66' title="bbox 2080 2215 3584 2294; baseline -0.007 -19"><span class='ocrx_word' id='word_1_484' title='bbox 2080 2224 2181 2292; x_wconf 84' lang='grc' dir='ltr'>τῆς</span> <span class='ocrx_word' id='word_1_485' title='bbox 2214 2223 2450 2294; x_wconf 75' lang='grc' dir='ltr'>’Ἄρκτου</span> <span class='ocrx_word' id='word_1_486' title='bbox 2487 2221 2659 2291; x_wconf 83' lang='grc' dir='ltr'>ἀστήρ</span> <span class='ocrx_word' id='word_1_487' title='bbox 2686 2222 2802 2272; x_wconf 87' lang='grc' dir='ltr'>ἐστι</span> <span class='ocrx_word' id='word_1_488' title='bbox 2826 2217 3107 2289; x_wconf 86' lang='grc' dir='ltr'>λαμπρός·</span> <span class='ocrx_word' id='word_1_489' title='bbox 3143 2237 3161 2269; x_wconf 77' lang='grc' dir='ltr'><strong>ι</strong></span> <span class='ocrx_word' id='word_1_490' title='bbox 3181 2219 3209 2270; x_wconf 90' lang='lat'><strong>6</strong></span> <span class='ocrx_word' id='word_1_491' title='bbox 3241 2215 3298 2268; x_wconf 82' lang='grc' dir='ltr'><strong>δὲ</strong></span> <span class='ocrx_word' id='word_1_492' title='bbox 3325 2216 3584 2285; x_wconf 78' lang='grc' dir='ltr'>Ἀρατοςο</span> 
     </span>
    </p>
   </div>
   <div class='ocr_carea' id='block_1_65' title="bbox 2078 2330 3560 2403">
    <p class='ocr_par' dir='ltr' id='par_1_65' title="bbox 2078 2330 3560 2403">
     <span class='ocr_line' id='line_1_67' title="bbox 2078 2330 3560 2403; baseline -0.006 -13"><span class='ocrx_word' id='word_1_493' title='bbox 2078 2332 2214 2403; x_wconf 74' lang='grc' dir='ltr'>Οἷός</span> <span class='ocrx_word' id='word_1_494' title='bbox 2247 2339 2301 2390; x_wconf 78' lang='grc' dir='ltr'>οἱ</span> <span class='ocrx_word' id='word_1_495' title='bbox 2329 2334 2442 2401; x_wconf 77' lang='grc' dir='ltr'>πρὸ</span> <span class='ocrx_word' id='word_1_496' title='bbox 2476 2334 2676 2388; x_wconf 80' lang='grc' dir='ltr'>ποδῶν</span> <span class='ocrx_word' id='word_1_497' title='bbox 2705 2332 2941 2403; x_wconf 65' lang='grc' dir='ltr'>φέρεται</span> <span class='ocrx_word' id='word_1_498' title='bbox 2971 2333 3157 2403; x_wconf 71' lang='grc' dir='ltr'>καλός</span> <span class='ocrx_word' id='word_1_499' title='bbox 3183 2348 3246 2385; x_wconf 84' lang='grc' dir='ltr'><strong>τε</strong></span> <span class='ocrx_word' id='word_1_500' title='bbox 3275 2330 3466 2403; x_wconf 64' lang='grc' dir='ltr'>μέῃας</span> <span class='ocrx_word' id='word_1_501' title='bbox 3492 2343 3560 2381; x_wconf 79' lang='grc' dir='ltr'><strong>τε</strong></span> 
     </span>
    </p>
   </div>
   <div class='ocr_carea' id='block_1_66' title="bbox 2075 2399 3564 2477">
    <p class='ocr_par' dir='ltr' id='par_1_66' title="bbox 2075 2399 3564 2477">
     <span class='ocr_line' id='line_1_68' title="bbox 2075 2399 3564 2477; baseline -0.007 -16"><span class='ocrx_word' id='word_1_502' title='bbox 2075 2399 2326 2477; x_wconf 49' lang='lat' dir='ltr'><strong>arma</strong></span> <span class='ocrx_word' id='word_1_503' title='bbox 2352 2399 2451 2461; x_wconf 72' lang='grc' dir='ltr'><strong>ὑπ’</strong></span> <span class='ocrx_word' id='word_1_504' title='bbox 2478 2399 2737 2476; x_wconf 53' lang='grc' dir='ltr'>ὠμαίωνλ</span> <span class='ocrx_word' id='word_1_505' title='bbox 2763 2399 2850 2470; x_wconf 76' lang='grc' dir='ltr'>εἷς</span> <span class='ocrx_word' id='word_1_506' title='bbox 2876 2403 2927 2456; x_wconf 87' lang='grc' dir='ltr'>δ’</span> <span class='ocrx_word' id='word_1_507' title='bbox 2958 2402 3198 2467; x_wconf 74' lang='grc' dir='ltr'>ίξυόθεν</span> <span class='ocrx_word' id='word_1_508' title='bbox 3220 2400 3564 2455; x_wconf 78' lang='grc' dir='ltr'><strong>κατιόντων.</strong></span> 
     </span>
    </p>
   </div>
   <div class='ocr_carea' id='block_1_67' title="bbox 2156 2573 3664 2656">
    <p class='ocr_par' dir='ltr' id='par_1_67' title="bbox 2156 2573 3664 2656">
     <span class='ocr_line' id='line_1_69' title="bbox 2156 2573 3664 2656; baseline -0.009 -16"><span class='ocrx_word' id='word_1_509' title='bbox 2156 2583 2263 2640; x_wconf 84' lang='grc' dir='ltr'>Τοῦ</span> <span class='ocrx_word' id='word_1_510' title='bbox 2292 2584 2401 2655; x_wconf 82' lang='grc' dir='ltr'><strong>γὰρ</strong></span> <span class='ocrx_word' id='word_1_511' title='bbox 2416 2584 2733 2656; x_wconf 87' lang='grc' dir='ltr'>νοτιωτέρου</span> <span class='ocrx_word' id='word_1_512' title='bbox 2758 2581 2867 2636; x_wconf 86' lang='grc' dir='ltr'><strong>τῶν</strong></span> <span class='ocrx_word' id='word_1_513' title='bbox 2891 2578 3208 2653; x_wconf 81' lang='grc' dir='ltr'>ἡγουμένων</span> <span class='ocrx_word' id='word_1_514' title='bbox 3240 2579 3298 2631; x_wconf 87' lang='grc' dir='ltr'><strong>ἐν</strong></span> <span class='ocrx_word' id='word_1_515' title='bbox 3325 2575 3401 2647; x_wconf 85' lang='grc' dir='ltr'>τῷ</span> <span class='ocrx_word' id='word_1_516' title='bbox 3429 2573 3664 2646; x_wconf 75' lang='grc' dir='ltr'>πλινθίῳ</span> 
     </span>
    </p>
   </div>
   <div class='ocr_carea' id='block_1_68' title="bbox 2083 2669 3662 2750">
    <p class='ocr_par' dir='ltr' id='par_1_68' title="bbox 2083 2669 3662 2750">
     <span class='ocr_line' id='line_1_70' title="bbox 2083 2669 3662 2750; baseline -0.008 -18"><span class='ocrx_word' id='word_1_517' title='bbox 2083 2673 2164 2742; x_wconf 77' lang='grc' dir='ltr'>εἷς</span> <span class='ocrx_word' id='word_1_518' title='bbox 2210 2679 2369 2749; x_wconf 82' lang='grc' dir='ltr'>μόνος</span> <span class='ocrx_word' id='word_1_519' title='bbox 2414 2679 2737 2750; x_wconf 85' lang='grc' dir='ltr'>προηγεῖται</span> <span class='ocrx_word' id='word_1_520' title='bbox 2763 2674 3016 2745; x_wconf 84' lang='grc' dir='ltr'>λαμπρὸς</span> <span class='ocrx_word' id='word_1_521' title='bbox 3039 2671 3233 2743; x_wconf 82' lang='grc' dir='ltr'>ἀστὴρ,</span> <span class='ocrx_word' id='word_1_522' title='bbox 3266 2670 3295 2722; x_wconf 93' lang='lat'><strong>6</strong></span> <span class='ocrx_word' id='word_1_523' title='bbox 3329 2669 3424 2723; x_wconf 83' lang='grc' dir='ltr'>νῦν</span> <span class='ocrx_word' id='word_1_524' title='bbox 3455 2669 3514 2722; x_wconf 81' lang='grc' dir='ltr'><strong>ἐν</strong></span> <span class='ocrx_word' id='word_1_525' title='bbox 3542 2669 3662 2731; x_wconf 80' lang='grc' dir='ltr'>τοῖς</span> 
     </span>
    </p>
   </div>
   <div class='ocr_carea' id='block_1_69' title="bbox 2082 2765 3071 2843">
    <p class='ocr_par' dir='ltr' id='par_1_69' title="bbox 2082 2765 3071 2843">
     <span class='ocr_line' id='line_1_71' title="bbox 2082 2765 3071 2843; baseline -0.004 -19"><span class='ocrx_word' id='word_1_526' title='bbox 2082 2771 2436 2843; x_wconf 81' lang='grc' dir='ltr'>ἐμπροσθίοις</span> <span class='ocrx_word' id='word_1_527' title='bbox 2466 2769 2680 2823; x_wconf 87' lang='grc' dir='ltr'>σκέλεσι</span> <span class='ocrx_word' id='word_1_528' title='bbox 2705 2765 3071 2836; x_wconf 85' lang='grc' dir='ltr'>δεικνύμενος.</span> 
     </span>
    </p>
   </div>
   <div class='ocr_carea' id='block_1_70' title="bbox 2155 2849 3662 2931">
    <p class='ocr_par' dir='ltr' id='par_1_70' title="bbox 2155 2849 3662 2931">
     <span class='ocr_line' id='line_1_72' title="bbox 2155 2849 3662 2931; baseline -0.008 -16"><span class='ocrx_word' id='word_1_529' title='bbox 2155 2860 2399 2915; x_wconf 83' lang='grc' dir='ltr'>Καθόλου</span> <span class='ocrx_word' id='word_1_530' title='bbox 2425 2877 2486 2913; x_wconf 86' lang='grc' dir='ltr'><strong>τε</strong></span> <span class='ocrx_word' id='word_1_531' title='bbox 2514 2863 2562 2913; x_wconf 82' lang='grc' dir='ltr'>οἱ</span> <span class='ocrx_word' id='word_1_532' title='bbox 2587 2860 2801 2931; x_wconf 85' lang='grc' dir='ltr'>ἀρχαῖοι</span> <span class='ocrx_word' id='word_1_533' title='bbox 2830 2857 3030 2921; x_wconf 86' lang='grc' dir='ltr'>πάντες</span> <span class='ocrx_word' id='word_1_534' title='bbox 3057 2855 3155 2926; x_wconf 81' lang='grc' dir='ltr'>τὴν</span> <span class='ocrx_word' id='word_1_535' title='bbox 3181 2855 3415 2926; x_wconf 82' lang='grc' dir='ltr'>Ἀρκτον</span> <span class='ocrx_word' id='word_1_536' title='bbox 3446 2852 3511 2905; x_wconf 84' lang='grc' dir='ltr'><strong>ἐκ</strong></span> <span class='ocrx_word' id='word_1_537' title='bbox 3543 2849 3662 2904; x_wconf 80' lang='grc' dir='ltr'><strong>τῶν</strong></span> 
     </span>
    </p>
   </div>
   <div class='ocr_carea' id='block_1_71' title="bbox 2083 2942 3664 3026">
    <p class='ocr_par' dir='ltr' id='par_1_71' title="bbox 2083 2942 3664 3026">
     <span class='ocr_line' id='line_1_73' title="bbox 2083 2942 3664 3026; baseline -0.008 -18"><span class='ocrx_word' id='word_1_538' title='bbox 2083 2956 2126 3019; x_wconf 81' lang='grc' dir='ltr'><strong>ζ’</strong></span> <span class='ocrx_word' id='word_1_539' title='bbox 2157 2954 2332 3026; x_wconf 92' lang='grc' dir='ltr'>μόνων</span> <span class='ocrx_word' id='word_1_540' title='bbox 2358 2952 2601 3024; x_wconf 84' lang='grc' dir='ltr'>ἀστέρων</span> <span class='ocrx_word' id='word_1_541' title='bbox 2616 2950 2919 3005; x_wconf 86' lang='grc' dir='ltr'>διετύπουν.</span> <span class='ocrx_word' id='word_1_542' title='bbox 2946 2947 3180 3020; x_wconf 79' lang='grc' dir='ltr'>Φανερδν</span> <span class='ocrx_word' id='word_1_543' title='bbox 3200 2946 3256 2999; x_wconf 84' lang='grc' dir='ltr'>δὲ</span> <span class='ocrx_word' id='word_1_544' title='bbox 3284 2945 3485 3017; x_wconf 77' lang='grc' dir='ltr'>μᾶλλον</span> <span class='ocrx_word' id='word_1_545' title='bbox 3514 2942 3664 3011; x_wconf 73' lang='grc' dir='ltr'>γίνε-</span> 
     </span>
    </p>
   </div>
   <div class='ocr_carea' id='block_1_72' title="bbox 2082 3038 3659 3116">
    <p class='ocr_par' dir='ltr' id='par_1_72' title="bbox 2082 3038 3659 3116">
     <span class='ocr_line' id='line_1_74' title="bbox 2082 3038 3659 3116; baseline -0.007 -15"><span class='ocrx_word' id='word_1_546' title='bbox 2082 3065 2170 3101; x_wconf 89' lang='grc' dir='ltr'><strong>ται</strong></span> <span class='ocrx_word' id='word_1_547' title='bbox 2199 3046 2259 3099; x_wconf 88' lang='grc' dir='ltr'>τὸ</span> <span class='ocrx_word' id='word_1_548' title='bbox 2283 3046 2569 3116; x_wconf 89' lang='grc' dir='ltr'>λεγόμενον</span> <span class='ocrx_word' id='word_1_549' title='bbox 2600 3044 2689 3113; x_wconf 85' lang='grc' dir='ltr'>ὑφ’</span> <span class='ocrx_word' id='word_1_550' title='bbox 2727 3043 2883 3114; x_wconf 88' lang='grc' dir='ltr'>ήμῶν</span> <span class='ocrx_word' id='word_1_551' title='bbox 2920 3042 3012 3095; x_wconf 74' lang='grc' dir='ltr'><strong>ἐπὶ</strong></span> <span class='ocrx_word' id='word_1_552' title='bbox 3036 3040 3137 3110; x_wconf 80' lang='grc' dir='ltr'>τῆς</span> <span class='ocrx_word' id='word_1_553' title='bbox 3160 3038 3363 3109; x_wconf 80' lang='grc' dir='ltr'>μικρᾶς</span> <span class='ocrx_word' id='word_1_554' title='bbox 3395 3038 3659 3108; x_wconf 73' lang='grc' dir='ltr'>Ἄρκτου.</span> 
     </span>
    </p>
   </div>
   <div class='ocr_carea' id='block_1_73' title="bbox 2096 3125 3665 3209">
    <p class='ocr_par' dir='ltr' id='par_1_73' title="bbox 2096 3125 3665 3209">
     <span class='ocr_line' id='line_1_75' title="bbox 2096 3125 3665 3209; baseline -0.009 -17"><span class='ocrx_word' id='word_1_555' title='bbox 2096 3136 2570 3209; x_wconf 81' lang='grc' dir='ltr'>Ὀμολογουμένως</span> <span class='ocrx_word' id='word_1_556' title='bbox 2616 3135 2725 3207; x_wconf 84' lang='grc' dir='ltr'>γὰρ</span> <span class='ocrx_word' id='word_1_557' title='bbox 2779 3134 2866 3187; x_wconf 86' lang='grc' dir='ltr'>ἐπ’</span> <span class='ocrx_word' id='word_1_558' title='bbox 2909 3132 3123 3202; x_wconf 76' lang='grc' dir='ltr'>ἐκείνης</span> <span class='ocrx_word' id='word_1_559' title='bbox 3156 3131 3192 3200; x_wconf 81' lang='grc' dir='ltr'><strong>ἡ</strong></span> <span class='ocrx_word' id='word_1_560' title='bbox 3228 3146 3288 3182; x_wconf 90' lang='grc' dir='ltr'><strong>τε</strong></span> <span class='ocrx_word' id='word_1_561' title='bbox 3323 3126 3536 3197; x_wconf 81' lang='grc' dir='ltr'>κεφαλὴ</span> <span class='ocrx_word' id='word_1_562' title='bbox 3563 3125 3665 3178; x_wconf 75' lang='grc' dir='ltr'>καὶ</span> 
     </span>
    </p>
   </div>
   <div class='ocr_carea' id='block_1_74' title="bbox 2085 3215 3661 3295">
    <p class='ocr_par' dir='ltr' id='par_1_74' title="bbox 2085 3215 3661 3295">
     <span class='ocr_line' id='line_1_76' title="bbox 2085 3215 3661 3295; baseline -0.01 -14"><span class='ocrx_word' id='word_1_563' title='bbox 2085 3228 2134 3281; x_wconf 92' lang='grc' dir='ltr'>οἱ</span> <span class='ocrx_word' id='word_1_564' title='bbox 2173 3226 2330 3289; x_wconf 82' lang='grc' dir='ltr'>πόδες</span> <span class='ocrx_word' id='word_1_565' title='bbox 2361 3227 2419 3281; x_wconf 83' lang='grc' dir='ltr'><strong>ἐν</strong></span> <span class='ocrx_word' id='word_1_566' title='bbox 2451 3228 2563 3288; x_wconf 86' lang='grc' dir='ltr'>τοῖς</span> <span class='ocrx_word' id='word_1_567' title='bbox 2593 3225 2888 3295; x_wconf 85' lang='grc' dir='ltr'>τέσσαρσιν</span> <span class='ocrx_word' id='word_1_568' title='bbox 2916 3221 3005 3275; x_wconf 75' lang='grc' dir='ltr'>ὑπ’</span> <span class='ocrx_word' id='word_1_569' title='bbox 3035 3218 3212 3273; x_wconf 83' lang='grc' dir='ltr'>αὐτῶν</span> <span class='ocrx_word' id='word_1_570' title='bbox 3257 3216 3515 3278; x_wconf 83' lang='grc' dir='ltr'>τίθενται,</span> <span class='ocrx_word' id='word_1_571' title='bbox 3545 3215 3661 3277; x_wconf 86' lang='grc' dir='ltr'>τοῖς</span> 
     </span>
    </p>
   </div>
   <div class='ocr_carea' id='block_1_75' title="bbox 2084 3307 3663 3388">
    <p class='ocr_par' dir='ltr' id='par_1_75' title="bbox 2084 3307 3663 3388">
     <span class='ocr_line' id='line_1_77' title="bbox 2084 3307 3663 3388; baseline -0.011 -15"><span class='ocrx_word' id='word_1_572' title='bbox 2084 3319 2146 3373; x_wconf 86' lang='grc' dir='ltr'><strong>τὸ</strong></span> <span class='ocrx_word' id='word_1_573' title='bbox 2172 3317 2410 3372; x_wconf 86' lang='grc' dir='ltr'>πλινθίον</span> <span class='ocrx_word' id='word_1_574' title='bbox 2436 3315 2805 3388; x_wconf 82' lang='grc' dir='ltr'>περιέχουσιν·</span> <span class='ocrx_word' id='word_1_575' title='bbox 2841 3312 2990 3367; x_wconf 81' lang='grc' dir='ltr'>ἄλλοι</span> <span class='ocrx_word' id='word_1_576' title='bbox 3037 3308 3145 3380; x_wconf 85' lang='grc' dir='ltr'><strong>γὰρ</strong></span> <span class='ocrx_word' id='word_1_577' title='bbox 3185 3308 3367 3370; x_wconf 79' lang='grc' dir='ltr'>αὐτοῖς</span> <span class='ocrx_word' id='word_1_578' title='bbox 3402 3307 3663 3375; x_wconf 72' lang='grc' dir='ltr'>ἐκφανεῖς</span> 
     </span>
    </p>
   </div>
   <div class='ocr_carea' id='block_1_76' title="bbox 2084 3394 3662 3480">
    <p class='ocr_par' dir='ltr' id='par_1_76' title="bbox 2084 3394 3662 3480">
     <span class='ocr_line' id='line_1_78' title="bbox 2084 3394 3662 3480; baseline -0.011 -16"><span class='ocrx_word' id='word_1_579' title='bbox 2084 3411 2162 3464; x_wconf 89' lang='lat'><em>06.</em></span> <span class='ocrx_word' id='word_1_580' title='bbox 2190 3408 2566 3480; x_wconf 83' lang='grc' dir='ltr'>παράκεινται,</span> <span class='ocrx_word' id='word_1_581' title='bbox 2587 3404 2837 3475; x_wconf 86' lang='grc' dir='ltr'>καθάπερ</span> <span class='ocrx_word' id='word_1_582' title='bbox 2864 3402 2942 3473; x_wconf 81' lang='grc' dir='ltr'><strong>τῷ</strong></span> <span class='ocrx_word' id='word_1_583' title='bbox 2976 3399 3195 3472; x_wconf 82' lang='grc' dir='ltr'>μεγάλῳ</span> <span class='ocrx_word' id='word_1_584' title='bbox 3221 3396 3477 3466; x_wconf 85' lang='grc' dir='ltr'>πλινθίῳ·</span> <span class='ocrx_word' id='word_1_585' title='bbox 3516 3394 3662 3448; x_wconf 78' lang='grc' dir='ltr'>ὥστε</span> 
     </span>
    </p>
   </div>
   <div class='ocr_carea' id='block_1_77' title="bbox 2088 3486 3659 3575">
    <p class='ocr_par' dir='ltr' id='par_1_77' title="bbox 2088 3486 3659 3575">
     <span class='ocr_line' id='line_1_79' title="bbox 2088 3486 3659 3575; baseline -0.013 -17"><span class='ocrx_word' id='word_1_586' title='bbox 2088 3501 2491 3575; x_wconf 86' lang='grc' dir='ltr'>συσχηματίσαι</span> <span class='ocrx_word' id='word_1_587' title='bbox 2522 3498 2623 3571; x_wconf 83' lang='grc' dir='ltr'>τὴν</span> <span class='ocrx_word' id='word_1_588' title='bbox 2655 3495 2896 3566; x_wconf 83' lang='grc' dir='ltr'>κεφαλὴν</span> <span class='ocrx_word' id='word_1_589' title='bbox 2933 3492 3101 3563; x_wconf 82' lang='grc' dir='ltr'>αὐτῆς</span> <span class='ocrx_word' id='word_1_590' title='bbox 3153 3490 3247 3543; x_wconf 76' lang='grc' dir='ltr'><strong>καὶ</strong></span> <span class='ocrx_word' id='word_1_591' title='bbox 3293 3489 3419 3551; x_wconf 80' lang='grc' dir='ltr'>τοὺς</span> <span class='ocrx_word' id='word_1_592' title='bbox 3470 3486 3659 3549; x_wconf 83' lang='grc' dir='ltr'>πόδας,</span> 
     </span>
    </p>
   </div>
   <div class='ocr_carea' id='block_1_78' title="bbox 2086 3577 3657 3665">
    <p class='ocr_par' dir='ltr' id='par_1_78' title="bbox 2086 3577 3657 3665">
     <span class='ocr_line' id='line_1_80' title="bbox 2086 3577 3657 3665; baseline -0.002 -18"><span class='ocrx_word' id='word_1_593' title='bbox 2086 3590 2657 3665; x_wconf 74' lang='grc' dir='ltr'>περιλαμϐανομένους</span> <span class='ocrx_word' id='word_1_594' title='bbox 2695 3586 2800 3642; x_wconf 79' lang='grc' dir='ltr'><strong>ὑπὸ</strong></span> <span class='ocrx_word' id='word_1_595' title='bbox 2826 3585 2924 3656; x_wconf 85' lang='grc' dir='ltr'><strong>τῆς</strong></span> <span class='ocrx_word' id='word_1_596' title='bbox 2956 3582 3185 3653; x_wconf 84' lang='grc' dir='ltr'>σπείρας</span> <span class='ocrx_word' id='word_1_597' title='bbox 3210 3577 3304 3632; x_wconf 68' lang='grc' dir='ltr'><strong>τοῦ</strong></span> <span class='ocrx_word' id='word_1_598' title='bbox 3331 3577 3657 3650; x_wconf 72' lang='grc' dir='ltr'>Δράκοντος·</span> 
     </span>
    </p>
   </div>
   <div class='ocr_carea' id='block_1_79' title="bbox 2086 3684 2359 3754">
    <p class='ocr_par' dir='ltr' id='par_1_79' title="bbox 2086 3684 2359 3754">
     <span class='ocr_line' id='line_1_81' title="bbox 2086 3684 2359 3754; baseline -0.007 -16"><span class='ocrx_word' id='word_1_599' title='bbox 2086 3684 2161 3749; x_wconf 80' lang='grc' dir='ltr'>ὥς</span> <span class='ocrx_word' id='word_1_600' title='bbox 2193 3700 2324 3754; x_wconf 73' lang='grc' dir='ltr'>φησι</span> <span class='ocrx_word' id='word_1_601' title='bbox 2344 3698 2359 3713; x_wconf 74' lang='grc'><strong>⁸</strong></span> 
     </span>
    </p>
   </div>
   <div class='ocr_carea' id='block_1_80' title="bbox 2088 3781 3667 3871">
    <p class='ocr_par' dir='ltr' id='par_1_80' title="bbox 2088 3781 3667 3871">
     <span class='ocr_line' id='line_1_82' title="bbox 2088 3781 3667 3871; baseline -0.008 -20"><span class='ocrx_word' id='word_1_602' title='bbox 2088 3797 2308 3866; x_wconf 81' lang='grc' dir='ltr'>Σπείρῃ</span> <span class='ocrx_word' id='word_1_603' title='bbox 2350 3794 2403 3848; x_wconf 87' lang='grc' dir='ltr'>δ’</span> <span class='ocrx_word' id='word_1_604' title='bbox 2453 3794 2524 3848; x_wconf 80' lang='grc' dir='ltr'>ἐν</span> <span class='ocrx_word' id='word_1_605' title='bbox 2579 3793 2934 3856; x_wconf 76' lang='grc' dir='ltr'>Κυνόσουρα</span> <span class='ocrx_word' id='word_1_606' title='bbox 2981 3784 3130 3856; x_wconf 78' lang='grc' dir='ltr'>κάρη</span> <span class='ocrx_word' id='word_1_607' title='bbox 3168 3783 3325 3853; x_wconf 74' lang='grc' dir='ltr'>ἔχει’</span> <span class='ocrx_word' id='word_1_608' title='bbox 3357 3781 3667 3871; x_wconf 41' lang='grc' dir='ltr'>δέξατ’</span> 
     </span>
    </p>
   </div>
   <div class='ocr_carea' id='block_1_81' title="bbox 3380 3869 3494 3905">
    <p class='ocr_par' dir='ltr' id='par_1_81' title="bbox 3380 3869 3494 3905">
     <span class='ocr_line' id='line_1_83' title="bbox 3380 3869 3494 3905; baseline 0 0"><span class='ocrx_word' id='word_1_609' title='bbox 3380 3869 3494 3905; x_wconf 81' lang='grc' dir='ltr'><strong>αυτ</strong></span> 
     </span>
    </p>
   </div>
   <div class='ocr_carea' id='block_1_82' title="bbox 2086 3850 3577 3998">
    <p class='ocr_par' dir='ltr' id='par_1_82' title="bbox 2086 3850 3577 3998">
     <span class='ocr_line' id='line_1_84' title="bbox 2086 3850 3577 3998; baseline -0.005 -15"><span class='ocrx_word' id='word_1_610' title='bbox 2086 3932 2129 3983; x_wconf 84' lang='grc' dir='ltr'><em>Ε</em></span> <span class='ocrx_word' id='word_1_611' title='bbox 2132 3929 2342 3985; x_wconf 63' lang='lat' dir='ltr'><strong>(left-at</strong></span> <span class='ocrx_word' id='word_1_612' title='bbox 2370 3925 2665 3998; x_wconf 73' lang='grc' dir='ltr'>κεφαλὴν,</span> <span class='ocrx_word' id='word_1_613' title='bbox 2691 3926 2793 3980; x_wconf 81' lang='grc' dir='ltr'><strong>καί</strong></span> <span class='ocrx_word' id='word_1_614' title='bbox 2822 3928 2875 3981; x_wconf 86' lang='grc' dir='ltr'>οἱ</span> <span class='ocrx_word' id='word_1_615' title='bbox 2898 3924 3084 3991; x_wconf 80' lang='grc' dir='ltr'>ποδὸς</span> <span class='ocrx_word' id='word_1_616' title='bbox 3108 3850 3577 3993; x_wconf 80' lang='grc' dir='ltr'>ἔρχεται</span> 
     </span>
    </p>
   </div>
   <div class='ocr_carea' id='block_1_83' title="bbox 2157 4031 3665 4109">
    <p class='ocr_par' dir='ltr' id='par_1_83' title="bbox 2157 4031 3665 4109">
     <span class='ocr_line' id='line_1_85' title="bbox 2157 4031 3665 4109; baseline -0.008 -13"><span class='ocrx_word' id='word_1_617' title='bbox 2157 4040 2359 4095; x_wconf 87' lang='grc' dir='ltr'>Τούτου</span> <span class='ocrx_word' id='word_1_618' title='bbox 2389 4039 2435 4092; x_wconf 82' lang='grc' dir='ltr'>δ’</span> <span class='ocrx_word' id='word_1_619' title='bbox 2464 4038 2635 4101; x_wconf 76' lang='grc' dir='ltr'>οὕτως</span> <span class='ocrx_word' id='word_1_620' title='bbox 2659 4037 2891 4109; x_wconf 80' lang='grc' dir='ltr'>ἔχοντος,</span> <span class='ocrx_word' id='word_1_621' title='bbox 2914 4036 3032 4101; x_wconf 87' lang='grc' dir='ltr'><strong>πῶς</strong></span> <span class='ocrx_word' id='word_1_622' title='bbox 3055 4039 3169 4090; x_wconf 85' lang='grc' dir='ltr'>ἐστι</span> <span class='ocrx_word' id='word_1_623' title='bbox 3186 4033 3408 4088; x_wconf 83' lang='grc' dir='ltr'>δυνατὸν</span> <span class='ocrx_word' id='word_1_624' title='bbox 3428 4031 3537 4085; x_wconf 81' lang='lat'><em>61:6</em></span> <span class='ocrx_word' id='word_1_625' title='bbox 3559 4033 3665 4101; x_wconf 78' lang='grc' dir='ltr'>τὴν</span> 
     </span>
    </p>
   </div>
   <div class='ocr_carea' id='block_1_84' title="bbox 2092 4122 3662 4206">
    <p class='ocr_par' dir='ltr' id='par_1_84' title="bbox 2092 4122 3662 4206">
     <span class='ocr_line' id='line_1_86' title="bbox 2092 4122 3662 4206; baseline -0.008 -19"><span class='ocrx_word' id='word_1_626' title='bbox 2092 4136 2323 4206; x_wconf 74' lang='grc' dir='ltr'>’Ἄρκτον</span> <span class='ocrx_word' id='word_1_627' title='bbox 2349 4131 2474 4195; x_wconf 88' lang='grc' dir='ltr'>τούς</span> <span class='ocrx_word' id='word_1_628' title='bbox 2504 4148 2563 4183; x_wconf 91' lang='grc' dir='ltr'><strong>τε</strong></span> <span class='ocrx_word' id='word_1_629' title='bbox 2586 4129 2849 4200; x_wconf 89' lang='grc' dir='ltr'>Διδύμους</span> <span class='ocrx_word' id='word_1_630' title='bbox 2878 4130 2972 4183; x_wconf 75' lang='grc' dir='ltr'>καὶ</span> <span class='ocrx_word' id='word_1_631' title='bbox 3001 4128 3091 4182; x_wconf 77' lang='grc' dir='ltr'><strong>τὸν</strong></span> <span class='ocrx_word' id='word_1_632' title='bbox 3124 4125 3395 4199; x_wconf 80' lang='grc' dir='ltr'>Καρκίνον</span> <span class='ocrx_word' id='word_1_633' title='bbox 3423 4122 3662 4188; x_wconf 85' lang='grc' dir='ltr'>κεῖσθαι,</span> 
     </span>
    </p>
   </div>
   <div class='ocr_carea' id='block_1_85' title="bbox 2089 4212 3665 4294">
    <p class='ocr_par' dir='ltr' id='par_1_85' title="bbox 2089 4212 3665 4294">
     <span class='ocr_line' id='line_1_87' title="bbox 2089 4212 3665 4294; baseline -0.007 -18"><span class='ocrx_word' id='word_1_634' title='bbox 2089 4222 2245 4294; x_wconf 80' lang='grc' dir='ltr'>εἴπερ</span> <span class='ocrx_word' id='word_1_635' title='bbox 2269 4222 2303 4292; x_wconf 82' lang='grc' dir='ltr'><strong>ἡ</strong></span> <span class='ocrx_word' id='word_1_636' title='bbox 2334 4238 2393 4274; x_wconf 88' lang='grc' dir='ltr'><strong>τε</strong></span> <span class='ocrx_word' id='word_1_637' title='bbox 2419 4219 2646 4291; x_wconf 82' lang='grc' dir='ltr'>κεφαλὴ,</span> <span class='ocrx_word' id='word_1_638' title='bbox 2665 4220 2758 4272; x_wconf 78' lang='grc' dir='ltr'>καὶ</span> <span class='ocrx_word' id='word_1_639' title='bbox 2792 4219 2842 4272; x_wconf 88' lang='grc' dir='ltr'>οἱ</span> <span class='ocrx_word' id='word_1_640' title='bbox 2867 4216 3182 4289; x_wconf 81' lang='grc' dir='ltr'>ἐμπρόσθιοι</span> <span class='ocrx_word' id='word_1_641' title='bbox 3208 4215 3362 4279; x_wconf 88' lang='grc' dir='ltr'>πόδες</span> <span class='ocrx_word' id='word_1_642' title='bbox 3386 4212 3532 4268; x_wconf 84' lang='grc' dir='ltr'>κατὰ</span> <span class='ocrx_word' id='word_1_643' title='bbox 3563 4212 3665 4283; x_wconf 80' lang='grc' dir='ltr'><strong>τὴν</strong></span> 
     </span>
    </p>
   </div>
   <div class='ocr_carea' id='block_1_86' title="bbox 2087 4305 3665 4386">
    <p class='ocr_par' dir='ltr' id='par_1_86' title="bbox 2087 4305 3665 4386">
     <span class='ocr_line' id='line_1_88' title="bbox 2087 4305 3665 4386; baseline -0.008 -16"><span class='ocrx_word' id='word_1_644' title='bbox 2087 4323 2137 4386; x_wconf 86' lang='grc' dir='ltr'>γ’</span> <span class='ocrx_word' id='word_1_645' title='bbox 2153 4315 2262 4369; x_wconf 80' lang='grc' dir='ltr'>’τοῦ</span> <span class='ocrx_word' id='word_1_646' title='bbox 2287 4314 2515 4377; x_wconf 83' lang='grc' dir='ltr'>Λέοντος</span> <span class='ocrx_word' id='word_1_647' title='bbox 2554 4315 2759 4367; x_wconf 82' lang='grc' dir='ltr'>κεῖνται</span> <span class='ocrx_word' id='word_1_648' title='bbox 2790 4314 3016 4382; x_wconf 87' lang='grc' dir='ltr'>μοῖραν;</span> <span class='ocrx_word' id='word_1_649' title='bbox 3047 4312 3138 4363; x_wconf 84' lang='grc' dir='ltr'><strong>Δεῖ</strong></span> <span class='ocrx_word' id='word_1_650' title='bbox 3158 4305 3249 4363; x_wconf 80' lang='grc' dir='ltr'><strong>οὖν</strong></span> <span class='ocrx_word' id='word_1_651' title='bbox 3274 4307 3379 4361; x_wconf 77' lang='grc' dir='ltr'><strong>ὑπὸ</strong></span> <span class='ocrx_word' id='word_1_652' title='bbox 3418 4306 3517 4376; x_wconf 85' lang='grc' dir='ltr'><strong>μὲν</strong></span> <span class='ocrx_word' id='word_1_653' title='bbox 3561 4305 3665 4376; x_wconf 81' lang='grc' dir='ltr'>τὴν</span> 
     </span>
    </p>
   </div>
   <div class='ocr_carea' id='block_1_87' title="bbox 2093 4396 3663 4479">
    <p class='ocr_par' dir='ltr' id='par_1_87' title="bbox 2093 4396 3663 4479">
     <span class='ocr_line' id='line_1_89' title="bbox 2093 4396 3663 4479; baseline -0.01 -16"><span class='ocrx_word' id='word_1_654' title='bbox 2093 4408 2325 4479; x_wconf 81' lang='grc' dir='ltr'>Ἀρκτον</span> <span class='ocrx_word' id='word_1_655' title='bbox 2353 4406 2443 4458; x_wconf 85' lang='grc' dir='ltr'><strong>τὸν</strong></span> <span class='ocrx_word' id='word_1_656' title='bbox 2459 4405 2662 4458; x_wconf 81' lang='grc' dir='ltr'>Λέοντα</span> <span class='ocrx_word' id='word_1_657' title='bbox 2705 4402 2861 4473; x_wconf 84' lang='grc' dir='ltr'>μόνον</span> <span class='ocrx_word' id='word_1_658' title='bbox 2886 4400 3162 4471; x_wconf 85' lang='grc' dir='ltr'>τετάχθαι.</span> <span class='ocrx_word' id='word_1_659' title='bbox 3193 4401 3258 4452; x_wconf 84' lang='grc' dir='ltr'>Οί</span> <span class='ocrx_word' id='word_1_660' title='bbox 3276 4396 3440 4469; x_wconf 77' lang='grc' dir='ltr'>γὰρ⁶²</span> <span class='ocrx_word' id='word_1_661' title='bbox 3457 4397 3517 4450; x_wconf 81' lang='grc' dir='ltr'><strong>ἐν</strong></span> <span class='ocrx_word' id='word_1_662' title='bbox 3549 4397 3663 4458; x_wconf 76' lang='grc' dir='ltr'>τοῖς</span> 
     </span>
    </p>
   </div>
   <div class='ocr_carea' id='block_1_88' title="bbox 427 4485 1980 4607">
    <p class='ocr_par' dir='ltr' id='par_1_88' title="bbox 427 4485 1980 4580">
     <span class='ocr_line' id='line_1_90' title="bbox 427 4485 1980 4580; baseline 0.001 -16"><span class='ocrx_word' id='word_1_663' title='bbox 427 4511 485 4564; x_wconf 88' lang='lat' dir='ltr'><strong>in</strong></span> <span class='ocrx_word' id='word_1_664' title='bbox 511 4511 711 4580; x_wconf 90' lang='lat' dir='ltr'><strong>quibus</strong></span> <span class='ocrx_word' id='word_1_665' title='bbox 741 4513 1038 4568; x_wconf 87' lang='lat' dir='ltr'><strong>australior</strong></span> <span class='ocrx_word' id='word_1_666' title='bbox 1070 4514 1479 4569; x_wconf 89' lang='lat' dir='ltr'><strong>succedentium</strong></span> <span class='ocrx_word' id='word_1_667' title='bbox 1510 4513 1565 4567; x_wconf 90' lang='lat' dir='ltr'><strong>in</strong></span> <span class='ocrx_word' id='word_1_668' title='bbox 1596 4485 1859 4569; x_wconf 69' lang='lat' dir='ltr'><strong>laterculo</strong></span> <span class='ocrx_word' id='word_1_669' title='bbox 1881 4485 1980 4568; x_wconf 85' lang='lat' dir='ltr'><strong>sita</strong></span> 
     </span>
    </p>
   </div>
   <div class='ocr_carea' id='block_1_89' title="bbox 2089 4485 3664 4607">
    <p class='ocr_par' dir='ltr' id='par_1_89' title="bbox 2089 4485 3664 4607">
     <span class='ocr_line' id='line_1_91' title="bbox 2089 4485 3664 4566; baseline -0.008 -14"><span class='ocrx_word' id='word_1_670' title='bbox 2089 4497 2353 4560; x_wconf 85' lang='grc' dir='ltr'>ὀπισθίοις</span> <span class='ocrx_word' id='word_1_671' title='bbox 2378 4495 2546 4566; x_wconf 84' lang='grc' dir='ltr'>αὐτῆς</span> <span class='ocrx_word' id='word_1_672' title='bbox 2572 4494 2751 4557; x_wconf 82' lang='grc' dir='ltr'>ποσὶν,</span> <span class='ocrx_word' id='word_1_673' title='bbox 2773 4493 2856 4562; x_wconf 79' lang='grc' dir='ltr'><strong>ἐφ’</strong></span> <span class='ocrx_word' id='word_1_674' title='bbox 2878 4485 2953 4546; x_wconf 82' lang='grc' dir='ltr'>ὧν</span> <span class='ocrx_word' id='word_1_675' title='bbox 2986 4493 3132 4545; x_wconf 78' lang='grc' dir='ltr'>ἐστιν</span> <span class='ocrx_word' id='word_1_676' title='bbox 3153 4492 3180 4544; x_wconf 89' lang='lat'><strong>6</strong></span> <span class='ocrx_word' id='word_1_677' title='bbox 3207 4488 3526 4560; x_wconf 87' lang='grc' dir='ltr'>νοτιώτερος</span> <span class='ocrx_word' id='word_1_678' title='bbox 3550 4485 3664 4540; x_wconf 85' lang='grc' dir='ltr'><strong>τῶν</strong></span> 
     </span>
     <span class='ocr_line' id='line_1_92' title="bbox 2099 4578 3664 4607; baseline 0 0"><span class='ocrx_word' id='word_1_679' title='bbox 2099 4590 2112 4607; x_wconf 75' lang='grc' dir='ltr'>ι</span> <span class='ocrx_word' id='word_1_680' title='bbox 2206 4606 2230 4607; x_wconf 48' lang='grc' dir='ltr'><em>η</em></span> <span class='ocrx_word' id='word_1_681' title='bbox 2251 4589 2263 4607; x_wconf 79' lang='grc'><strong><em>1</em></strong></span> <span class='ocrx_word' id='word_1_682' title='bbox 2401 4589 2454 4607; x_wconf 43' lang='lat'><strong>2,.</strong></span> <span class='ocrx_word' id='word_1_683' title='bbox 2492 4585 2558 4607; x_wconf 67' lang='lat' dir='ltr'><strong>_r-_</strong></span> <span class='ocrx_word' id='word_1_684' title='bbox 2589 4583 2805 4607; x_wconf 71' lang='lat' dir='ltr'><strong>_\___nr_.</strong></span> <span class='ocrx_word' id='word_1_685' title='bbox 2858 4583 2945 4607; x_wconf 63' lang='grc' dir='ltr'>..-τε</span> <span class='ocrx_word' id='word_1_686' title='bbox 2985 4582 3201 4607; x_wconf 69' lang='grc' dir='ltr'><strong>Αλ-..---</strong></span> <span class='ocrx_word' id='word_1_687' title='bbox 3227 4580 3403 4607; x_wconf 69' lang='lat'><strong>2-1..-.</strong></span> <span class='ocrx_word' id='word_1_688' title='bbox 3436 4578 3664 4607; x_wconf 61' lang='grc' dir='ltr'><strong>ιὶ--.....</strong></span> 
     </span>
    </p>
   </div>
   <div class='ocr_carea' id='block_1_90' title="bbox 425 4601 1984 4674">
    <p class='ocr_par' dir='ltr' id='par_1_90' title="bbox 425 4601 1984 4674">
     <span class='ocr_line' id='line_1_93' title="bbox 425 4601 1984 4674; baseline 0.001 -18"><span class='ocrx_word' id='word_1_689' title='bbox 425 4609 532 4668; x_wconf 83' lang='lat' dir='ltr'><strong>est,</strong></span> <span class='ocrx_word' id='word_1_690' title='bbox 564 4601 762 4657; x_wconf 89' lang='lat' dir='ltr'><strong>Leonis</strong></span> <span class='ocrx_word' id='word_1_691' title='bbox 803 4604 986 4659; x_wconf 87' lang='lat' dir='ltr'><strong>minus</strong></span> <span class='ocrx_word' id='word_1_692' title='bbox 1016 4604 1227 4659; x_wconf 89' lang='lat' dir='ltr'><strong>obtinet</strong></span> <span class='ocrx_word' id='word_1_693' title='bbox 1255 4612 1409 4674; x_wconf 83' lang='lat' dir='ltr'><strong>parte</strong></span> <span class='ocrx_word' id='word_1_694' title='bbox 1433 4603 1523 4658; x_wconf 74' lang='grc'>25.</span> <span class='ocrx_word' id='word_1_695' title='bbox 1554 4602 1790 4659; x_wconf 86' lang='lat' dir='ltr'><strong>Omnino</strong></span> <span class='ocrx_word' id='word_1_696' title='bbox 1833 4618 1984 4669; x_wconf 80' lang='lat' dir='ltr'><strong>vero,</strong></span> 
     </span>
    </p>
   </div>
   <div class='ocr_carea' id='block_1_91' title="bbox 427 4691 1987 4763">
    <p class='ocr_par' dir='ltr' id='par_1_91' title="bbox 427 4691 1987 4763">
     <span class='ocr_line' id='line_1_94' title="bbox 427 4691 1987 4763; baseline 0.001 -16"><span class='ocrx_word' id='word_1_697' title='bbox 427 4691 475 4747; x_wconf 93' lang='lat' dir='ltr'><strong>si</strong></span> <span class='ocrx_word' id='word_1_698' title='bbox 531 4693 869 4761; x_wconf 92' lang='lat' dir='ltr'><strong>propositum</strong></span> <span class='ocrx_word' id='word_1_699' title='bbox 918 4692 1022 4747; x_wconf 82' lang='lat' dir='ltr'><strong>hoc</strong></span> <span class='ocrx_word' id='word_1_700' title='bbox 1066 4703 1231 4760; x_wconf 89' lang='lat' dir='ltr'><strong>esset,</strong></span> <span class='ocrx_word' id='word_1_701' title='bbox 1272 4709 1368 4763; x_wconf 90' lang='lat' dir='ltr'><strong>per</strong></span> <span class='ocrx_word' id='word_1_702' title='bbox 1412 4699 1578 4747; x_wconf 89' lang='lat' dir='ltr'><strong>totam</strong></span> <span class='ocrx_word' id='word_1_703' title='bbox 1616 4691 1808 4749; x_wconf 89' lang='lat' dir='ltr'><strong>Ursam</strong></span> <span class='ocrx_word' id='word_1_704' title='bbox 1840 4700 1987 4749; x_wconf 86' lang='lat' dir='ltr'><strong>aste-</strong></span> 
     </span>
    </p>
   </div>
   <div class='ocr_carea' id='block_1_92' title="bbox 425 4780 1987 4853">
    <p class='ocr_par' dir='ltr' id='par_1_92' title="bbox 425 4780 1987 4853">
     <span class='ocr_line' id='line_1_95' title="bbox 425 4780 1987 4853; baseline 0.003 -19"><span class='ocrx_word' id='word_1_705' title='bbox 425 4780 629 4836; x_wconf 84' lang='lat' dir='ltr'><strong>rismos</strong></span> <span class='ocrx_word' id='word_1_706' title='bbox 681 4781 824 4835; x_wconf 90' lang='lat' dir='ltr'><strong>ullos</strong></span> <span class='ocrx_word' id='word_1_707' title='bbox 852 4781 1175 4853; x_wconf 80' lang='lat' dir='ltr'><strong>designare;</strong></span> <span class='ocrx_word' id='word_1_708' title='bbox 1213 4784 1316 4838; x_wconf 89' lang='lat' dir='ltr'><strong>sub</strong></span> <span class='ocrx_word' id='word_1_709' title='bbox 1338 4797 1402 4838; x_wconf 88' lang='lat' dir='ltr'><strong>ea</strong></span> <span class='ocrx_word' id='word_1_710' title='bbox 1428 4780 1705 4853; x_wconf 79' lang='lat' dir='ltr'><strong>Virginem</strong></span> <span class='ocrx_word' id='word_1_711' title='bbox 1748 4782 1987 4838; x_wconf 82' lang='lat' dir='ltr'><strong>maxime</strong></span> 
     </span>
    </p>
   </div>
   <div class='ocr_carea' id='block_1_93' title="bbox 424 4871 1982 4943">
    <p class='ocr_par' dir='ltr' id='par_1_93' title="bbox 424 4871 1982 4943">
     <span class='ocr_line' id='line_1_96' title="bbox 424 4871 1982 4943; baseline 0.003 -19"><span class='ocrx_word' id='word_1_712' title='bbox 424 4882 628 4941; x_wconf 85' lang='lat' dir='ltr'><strong>ponere</strong></span> <span class='ocrx_word' id='word_1_713' title='bbox 660 4872 944 4940; x_wconf 88' lang='lat' dir='ltr'><strong>oportuit:</strong></span> <span class='ocrx_word' id='word_1_714' title='bbox 979 4872 1088 4927; x_wconf 88' lang='lat' dir='ltr'><strong>imo</strong></span> <span class='ocrx_word' id='word_1_715' title='bbox 1125 4871 1416 4927; x_wconf 89' lang='lat' dir='ltr'><strong>Chelarum</strong></span> <span class='ocrx_word' id='word_1_716' title='bbox 1465 4872 1710 4943; x_wconf 83' lang='lat' dir='ltr'><strong>profecto</strong></span> <span class='ocrx_word' id='word_1_717' title='bbox 1750 4879 1982 4943; x_wconf 89' lang='lat' dir='ltr'><strong>partem.</strong></span> 
     </span>
    </p>
   </div>
   <div class='ocr_carea' id='block_1_94' title="bbox 423 4960 1981 5034">
    <p class='ocr_par' dir='ltr' id='par_1_94' title="bbox 423 4960 1981 5034">
     <span class='ocr_line' id='line_1_97' title="bbox 423 4960 1981 5034; baseline 0.002 -20"><span class='ocrx_word' id='word_1_718' title='bbox 423 4960 639 5015; x_wconf 87' lang='lat' dir='ltr'><strong>Etenim</strong></span> <span class='ocrx_word' id='word_1_719' title='bbox 665 4978 786 5032; x_wconf 68' lang='lat' dir='ltr'><strong>quae</strong></span> <span class='ocrx_word' id='word_1_720' title='bbox 811 4971 895 5019; x_wconf 89' lang='lat' dir='ltr'><strong>est</strong></span> <span class='ocrx_word' id='word_1_721' title='bbox 918 4963 972 5018; x_wconf 91' lang='lat' dir='ltr'><strong>in</strong></span> <span class='ocrx_word' id='word_1_722' title='bbox 997 4973 1238 5019; x_wconf 83' lang='lat' dir='ltr'><strong>extrema</strong></span> <span class='ocrx_word' id='word_1_723' title='bbox 1257 4962 1408 5020; x_wconf 69' lang='lat' dir='ltr'><strong>Ursa:</strong></span> <span class='ocrx_word' id='word_1_724' title='bbox 1435 4964 1629 5028; x_wconf 88' lang='lat' dir='ltr'><strong>cauda,</strong></span> <span class='ocrx_word' id='word_1_725' title='bbox 1660 4963 1729 5020; x_wconf 90' lang='lat' dir='ltr'><strong>de</strong></span> <span class='ocrx_word' id='word_1_726' title='bbox 1753 4972 1981 5034; x_wconf 89' lang='lat' dir='ltr'><strong>septem,</strong></span> 
     </span>
    </p>
   </div>
   <div class='ocr_carea' id='block_1_95' title="bbox 421 5052 1983 5139">
    <p class='ocr_par' dir='ltr' id='par_1_95' title="bbox 421 5052 1983 5139">
     <span class='ocr_line' id='line_1_98' title="bbox 421 5052 1983 5139; baseline 0.003 -32"><span class='ocrx_word' id='word_1_727' title='bbox 421 5068 545 5123; x_wconf 63' lang='lat' dir='ltr'><strong>quae</strong></span> <span class='ocrx_word' id='word_1_728' title='bbox 574 5062 704 5108; x_wconf 89' lang='lat' dir='ltr'><strong>sunt</strong></span> <span class='ocrx_word' id='word_1_729' title='bbox 749 5052 818 5107; x_wconf 90' lang='lat' dir='ltr'><strong>ad</strong></span> <span class='ocrx_word' id='word_1_730' title='bbox 842 5055 1130 5139; x_wconf 64' lang='lat' dir='ltr'><strong>orientem,</strong></span> <span class='ocrx_word' id='word_1_731' title='bbox 1159 5056 1351 5109; x_wconf 88' lang='lat' dir='ltr'><strong>ultima</strong></span> <span class='ocrx_word' id='word_1_732' title='bbox 1371 5094 1387 5121; x_wconf 93' lang='lat'><strong>,</strong></span> <span class='ocrx_word' id='word_1_733' title='bbox 1420 5056 1718 5110; x_wconf 87' lang='lat' dir='ltr'><strong>secundum</strong></span> <span class='ocrx_word' id='word_1_734' title='bbox 1746 5056 1983 5127; x_wconf 87' lang='lat' dir='ltr'><strong>paralle-</strong></span> 
     </span>
    </p>
   </div>
   <div class='ocr_carea' id='block_1_96' title="bbox 421 5143 1983 5217">
    <p class='ocr_par' dir='ltr' id='par_1_96' title="bbox 421 5143 1983 5217">
     <span class='ocr_line' id='line_1_99' title="bbox 421 5143 1983 5217; baseline 0.005 -21"><span class='ocrx_word' id='word_1_735' title='bbox 421 5143 532 5198; x_wconf 88' lang='lat' dir='ltr'><strong>lum</strong></span> <span class='ocrx_word' id='word_1_736' title='bbox 565 5143 930 5214; x_wconf 78' lang='lat' dir='ltr'><strong>aequinoctiali</strong></span> <span class='ocrx_word' id='word_1_737' title='bbox 963 5147 1227 5202; x_wconf 86' lang='lat' dir='ltr'><strong>circulum</strong></span> <span class='ocrx_word' id='word_1_738' title='bbox 1257 5154 1467 5217; x_wconf 89' lang='lat' dir='ltr'><strong>partem</strong></span> <span class='ocrx_word' id='word_1_739' title='bbox 1505 5146 1792 5202; x_wconf 87' lang='lat' dir='ltr'><strong>Chelarum</strong></span> <span class='ocrx_word' id='word_1_740' title='bbox 1828 5146 1983 5216; x_wconf 80' lang='lat'><strong>105</strong></span> 
     </span>
    </p>
   </div>
   <div class='ocr_carea' id='block_1_97' title="bbox 420 5233 1981 5308">
    <p class='ocr_par' dir='ltr' id='par_1_97' title="bbox 420 5233 1981 5308">
     <span class='ocr_line' id='line_1_100' title="bbox 420 5233 1981 5308; baseline 0.002 -21"><span class='ocrx_word' id='word_1_741' title='bbox 420 5233 631 5289; x_wconf 89' lang='lat' dir='ltr'><strong>obtinet</strong></span> <span class='ocrx_word' id='word_1_742' title='bbox 652 5244 903 5305; x_wconf 84' lang='lat' dir='ltr'><strong>quartam</strong></span> <span class='ocrx_word' id='word_1_743' title='bbox 926 5254 941 5304; x_wconf 88' lang='lat'><strong>;</strong></span> <span class='ocrx_word' id='word_1_744' title='bbox 961 5236 1105 5306; x_wconf 91' lang='lat' dir='ltr'><strong>quod</strong></span> <span class='ocrx_word' id='word_1_745' title='bbox 1125 5238 1205 5291; x_wconf 89' lang='lat' dir='ltr'><strong>sic</strong></span> <span class='ocrx_word' id='word_1_746' title='bbox 1237 5237 1464 5308; x_wconf 84' lang='lat' dir='ltr'><strong>intelligi</strong></span> <span class='ocrx_word' id='word_1_747' title='bbox 1490 5237 1634 5301; x_wconf 81' lang='lat' dir='ltr'><strong>volo,</strong></span> <span class='ocrx_word' id='word_1_748' title='bbox 1664 5244 1723 5291; x_wconf 90' lang='lat' dir='ltr'><strong>ut</strong></span> <span class='ocrx_word' id='word_1_749' title='bbox 1751 5239 1981 5306; x_wconf 87' lang='lat' dir='ltr'><strong>tropica,</strong></span> 
     </span>
    </p>
   </div>
   <div class='ocr_carea' id='block_1_98' title="bbox 422 5327 1985 5400">
    <p class='ocr_par' dir='ltr' id='par_1_98' title="bbox 422 5327 1985 5400">
     <span class='ocr_line' id='line_1_101' title="bbox 422 5327 1985 5400; baseline 0.002 -21"><span class='ocrx_word' id='word_1_750' title='bbox 422 5331 477 5379; x_wconf 88' lang='lat' dir='ltr'><strong>et</strong></span> <span class='ocrx_word' id='word_1_751' title='bbox 506 5327 913 5396; x_wconf 78' lang='lat' dir='ltr'><strong>aequinoctialia</strong></span> <span class='ocrx_word' id='word_1_752' title='bbox 951 5337 1150 5398; x_wconf 89' lang='lat' dir='ltr'><strong>puncta</strong></span> <span class='ocrx_word' id='word_1_753' title='bbox 1190 5329 1244 5383; x_wconf 92' lang='lat' dir='ltr'><strong>in</strong></span> <span class='ocrx_word' id='word_1_754' title='bbox 1278 5329 1556 5400; x_wconf 74' lang='lat' dir='ltr'><strong>signorum</strong></span> <span class='ocrx_word' id='word_1_755' title='bbox 1585 5328 1870 5400; x_wconf 88' lang='lat' dir='ltr'><strong>principiis</strong></span> <span class='ocrx_word' id='word_1_756' title='bbox 1899 5328 1985 5382; x_wconf 79' lang='lat' dir='ltr'><strong>lo-</strong></span> 
     </span>
    </p>
   </div>
   <div class='ocr_carea' id='block_1_99' title="bbox 424 5416 1988 5491">
    <p class='ocr_par' dir='ltr' id='par_1_99' title="bbox 424 5416 1988 5491">
     <span class='ocr_line' id='line_1_102' title="bbox 424 5416 1988 5491; baseline 0.003 -22"><span class='ocrx_word' id='word_1_757' title='bbox 424 5424 641 5473; x_wconf 89' lang='lat' dir='ltr'><strong>centur.</strong></span> <span class='ocrx_word' id='word_1_758' title='bbox 675 5416 772 5473; x_wconf 93' lang='lat' dir='ltr'><strong>Sin</strong></span> <span class='ocrx_word' id='word_1_759' title='bbox 800 5434 865 5474; x_wconf 90' lang='lat' dir='ltr'><strong>ea</strong></span> <span class='ocrx_word' id='word_1_760' title='bbox 913 5435 1039 5474; x_wconf 87' lang='lat' dir='ltr'><strong>cum</strong></span> <span class='ocrx_word' id='word_1_761' title='bbox 1068 5419 1291 5476; x_wconf 79' lang='lat' dir='ltr'><strong>Eudoxo</strong></span> <span class='ocrx_word' id='word_1_762' title='bbox 1322 5420 1517 5476; x_wconf 89' lang='lat' dir='ltr'><strong>mediis</strong></span> <span class='ocrx_word' id='word_1_763' title='bbox 1569 5419 1739 5491; x_wconf 79' lang='lat' dir='ltr'><strong>signis</strong></span> <span class='ocrx_word' id='word_1_764' title='bbox 1789 5418 1988 5477; x_wconf 84' lang='lat' dir='ltr'><strong>inscri-</strong></span> 
     </span>
    </p>
   </div>
   <div class='ocr_carea' id='block_1_100' title="bbox 493 5572 914 5646">
    <p class='ocr_par' dir='ltr' id='par_1_100' title="bbox 493 5572 914 5646">
     <span class='ocr_line' id='line_1_103' title="bbox 493 5572 914 5646; baseline 0.005 -19"><span class='ocrx_word' id='word_1_765' title='bbox 493 5572 539 5604; x_wconf 73' lang='grc' dir='ltr'>σι</span> <span class='ocrx_word' id='word_1_766' title='bbox 572 5573 612 5642; x_wconf 83' lang='lat' dir='ltr'><strong>f.</strong></span> <span class='ocrx_word' id='word_1_767' title='bbox 648 5574 677 5627; x_wconf 73' lang='grc' dir='ltr'><strong>δ</strong></span> <span class='ocrx_word' id='word_1_768' title='bbox 703 5574 830 5646; x_wconf 86' lang='grc' dir='ltr'>γάρ.</span> <span class='ocrx_word' id='word_1_769' title='bbox 903 5576 914 5590; x_wconf 69' lang='grc'><strong><em>⁸</em></strong></span> 
     </span>
    </p>
   </div>
   <div class='ocr_carea' id='block_1_101' title="bbox 496 5724 1979 5805">
    <p class='ocr_par' dir='ltr' id='par_1_101' title="bbox 496 5724 1979 5805">
     <span class='ocr_line' id='line_1_104' title="bbox 496 5724 1979 5805; baseline 0 -27"><span class='ocrx_word' id='word_1_770' title='bbox 496 5724 609 5805; x_wconf 67' lang='grc' dir='ltr'><strong>(ξὸ)</strong></span> <span class='ocrx_word' id='word_1_771' title='bbox 637 5728 707 5779; x_wconf 78' lang='lat' dir='ltr'><strong><em>El</em></strong></span> <span class='ocrx_word' id='word_1_772' title='bbox 721 5728 993 5805; x_wconf 57' lang='grc' dir='ltr'>μέγ-τοίγε</span> <span class='ocrx_word' id='word_1_773' title='bbox 1028 5727 1103 5805; x_wconf 61' lang='lat' dir='ltr'><strong>ea</strong></span> <span class='ocrx_word' id='word_1_774' title='bbox 1129 5725 1425 5805; x_wconf 53' lang='lat' dir='ltr'><strong>alpygéra.</strong></span> <span class='ocrx_word' id='word_1_775' title='bbox 1460 5725 1597 5805; x_wconf 82' lang='lat' dir='ltr'><strong>_V_id_e</strong></span> <span class='ocrx_word' id='word_1_776' title='bbox 1627 5724 1979 5805; x_wconf 63' lang='lat' dir='ltr'><strong>qttze_de__Ett--</strong></span> 
     </span>
    </p>
   </div>
   <div class='ocr_carea' id='block_1_102' title="bbox 428 5791 1986 5868">
    <p class='ocr_par' dir='ltr' id='par_1_102' title="bbox 428 5791 1986 5868">
     <span class='ocr_line' id='line_1_105' title="bbox 428 5791 1986 5868; baseline 0.001 -20"><span class='ocrx_word' id='word_1_777' title='bbox 428 5791 556 5850; x_wconf 64' lang='lat' dir='ltr'><strong>doti</strong></span> <span class='ocrx_word' id='word_1_778' title='bbox 587 5791 878 5863; x_wconf 78' lang='lat' dir='ltr'><strong>sententia,</strong></span> <span class='ocrx_word' id='word_1_779' title='bbox 928 5791 983 5853; x_wconf 82' lang='lat' dir='ltr'><strong>et</strong></span> <span class='ocrx_word' id='word_1_780' title='bbox 1024 5791 1192 5853; x_wconf 60' lang='lat' dir='ltr'><strong>mira&#39;</strong></span> <span class='ocrx_word' id='word_1_781' title='bbox 1222 5791 1517 5868; x_wconf 78' lang='lat' dir='ltr'><strong>Hipparchi</strong></span> <span class='ocrx_word' id='word_1_782' title='bbox 1565 5791 1986 5851; x_wconf 82' lang='lat' dir='ltr'><strong>hallucinatione</strong></span> 
     </span>
    </p>
   </div>
   <div class='ocr_carea' id='block_1_103' title="bbox 2094 4578 3664 4658">
    <p class='ocr_par' dir='ltr' id='par_1_103' title="bbox 2094 4578 3664 4658">
     <span class='ocr_line' id='line_1_106' title="bbox 2094 4578 3664 4658; baseline -0.008 -16"><span class='ocrx_word' id='word_1_783' title='bbox 2094 4589 2373 4658; x_wconf 77' lang='grc' dir='ltr'>ἑπομένων</span> <span class='ocrx_word' id='word_1_784' title='bbox 2398 4589 2455 4641; x_wconf 89' lang='grc' dir='ltr'><strong>ἐν</strong></span> <span class='ocrx_word' id='word_1_785' title='bbox 2487 4585 2564 4656; x_wconf 83' lang='grc' dir='ltr'>τῷ</span> <span class='ocrx_word' id='word_1_786' title='bbox 2585 4583 2831 4655; x_wconf 87' lang='grc' dir='ltr'>πλινθίῳ,</span> <span class='ocrx_word' id='word_1_787' title='bbox 2856 4583 2947 4637; x_wconf 79' lang='grc' dir='ltr'><strong>τοῦ</strong></span> <span class='ocrx_word' id='word_1_788' title='bbox 2974 4582 3201 4644; x_wconf 86' lang='grc' dir='ltr'>Λέοντος</span> <span class='ocrx_word' id='word_1_789' title='bbox 3225 4580 3408 4651; x_wconf 79' lang='grc' dir='ltr'>ἐπέχει</span> <span class='ocrx_word' id='word_1_790' title='bbox 3434 4578 3664 4631; x_wconf 78' lang='grc' dir='ltr'>ἔλασσον</span> 
     </span>
    </p>
   </div>
   <div class='ocr_carea' id='block_1_104' title="bbox 2091 4668 3664 4748">
    <p class='ocr_par' dir='ltr' id='par_1_104' title="bbox 2091 4668 3664 4748">
     <span class='ocr_line' id='line_1_107' title="bbox 2091 4668 3664 4748; baseline -0.009 -14"><span class='ocrx_word' id='word_1_791' title='bbox 2091 4679 2200 4736; x_wconf 89' lang='grc' dir='ltr'><strong>τῶν</strong></span> <span class='ocrx_word' id='word_1_792' title='bbox 2216 4685 2292 4732; x_wconf 84' lang='grc' dir='ltr'>κε’</span> <span class='ocrx_word' id='word_1_793' title='bbox 2313 4675 2536 4748; x_wconf 83' lang='grc' dir='ltr'>μοιρῶν.</span> <span class='ocrx_word' id='word_1_794' title='bbox 2564 4677 2688 4739; x_wconf 85' lang='grc' dir='ltr'>Τοῖς</span> <span class='ocrx_word' id='word_1_795' title='bbox 2711 4674 2755 4727; x_wconf 76' lang='grc' dir='ltr'>δ’</span> <span class='ocrx_word' id='word_1_796' title='bbox 2769 4674 2930 4741; x_wconf 83' lang='grc' dir='ltr'>ὅλοις,</span> <span class='ocrx_word' id='word_1_797' title='bbox 2948 4673 3105 4744; x_wconf 78' lang='grc' dir='ltr'>εἴπερ</span> <span class='ocrx_word' id='word_1_798' title='bbox 3121 4670 3403 4743; x_wconf 80' lang='grc' dir='ltr'>προέκειτο</span> <span class='ocrx_word' id='word_1_799' title='bbox 3420 4668 3664 4740; x_wconf 68' lang='grc' dir='ltr'>σημῆναί</span> 
     </span>
    </p>
   </div>
   <div class='ocr_carea' id='block_1_105' title="bbox 2090 4760 3662 4840">
    <p class='ocr_par' dir='ltr' id='par_1_105' title="bbox 2090 4760 3662 4840">
     <span class='ocr_line' id='line_1_108' title="bbox 2090 4760 3662 4840; baseline -0.006 -14"><span class='ocrx_word' id='word_1_800' title='bbox 2090 4790 2211 4826; x_wconf 89' lang='grc' dir='ltr'>τινα</span> <span class='ocrx_word' id='word_1_801' title='bbox 2233 4770 2397 4836; x_wconf 80' lang='grc' dir='ltr'>ζώδια</span> <span class='ocrx_word' id='word_1_802' title='bbox 2411 4769 2532 4823; x_wconf 82' lang='grc' dir='ltr'>καθ’</span> <span class='ocrx_word' id='word_1_803' title='bbox 2550 4769 2676 4840; x_wconf 84' lang='grc' dir='ltr'>ὅλην</span> <span class='ocrx_word' id='word_1_804' title='bbox 2707 4767 2805 4838; x_wconf 82' lang='grc' dir='ltr'><strong>τὴν</strong></span> <span class='ocrx_word' id='word_1_805' title='bbox 2844 4766 3095 4836; x_wconf 69' lang='grc' dir='ltr'>Ἄρκτον,</span> <span class='ocrx_word' id='word_1_806' title='bbox 3123 4763 3228 4817; x_wconf 76' lang='grc' dir='ltr'>ἔδει</span> <span class='ocrx_word' id='word_1_807' title='bbox 3255 4762 3351 4834; x_wconf 83' lang='grc' dir='ltr'><strong>τὴν</strong></span> <span class='ocrx_word' id='word_1_808' title='bbox 3382 4760 3662 4832; x_wconf 84' lang='grc' dir='ltr'>Παρθένον</span> 
     </span>
    </p>
   </div>
   <div class='ocr_carea' id='block_1_106' title="bbox 2093 4851 3662 4932">
    <p class='ocr_par' dir='ltr' id='par_1_106' title="bbox 2093 4851 3662 4932">
     <span class='ocr_line' id='line_1_109' title="bbox 2093 4851 3662 4932; baseline -0.008 -14"><span class='ocrx_word' id='word_1_809' title='bbox 2093 4865 2184 4918; x_wconf 78' lang='grc' dir='ltr'>ὑπ’</span> <span class='ocrx_word' id='word_1_810' title='bbox 2213 4862 2382 4932; x_wconf 83' lang='grc' dir='ltr'>αὐτὴν</span> <span class='ocrx_word' id='word_1_811' title='bbox 2418 4859 2598 4925; x_wconf 83' lang='grc' dir='ltr'>τάξαι,</span> <span class='ocrx_word' id='word_1_812' title='bbox 2629 4860 2721 4914; x_wconf 72' lang='grc' dir='ltr'>καὶ</span> <span class='ocrx_word' id='word_1_813' title='bbox 2753 4858 2819 4930; x_wconf 82' lang='grc' dir='ltr'>νὴ</span> <span class='ocrx_word' id='word_1_814' title='bbox 2866 4858 2964 4911; x_wconf 87' lang='grc' dir='ltr'><strong>Δία</strong></span> <span class='ocrx_word' id='word_1_815' title='bbox 3007 4856 3170 4927; x_wconf 85' lang='grc' dir='ltr'>μέρος</span> <span class='ocrx_word' id='word_1_816' title='bbox 3204 4852 3312 4907; x_wconf 89' lang='grc' dir='ltr'><strong>τῶν</strong></span> <span class='ocrx_word' id='word_1_817' title='bbox 3350 4851 3567 4923; x_wconf 81' lang='grc' dir='ltr'>Χηλῶν.</span> <span class='ocrx_word' id='word_1_818' title='bbox 3601 4852 3662 4905; x_wconf 84' lang='lat'><strong>&#39;0</strong></span> 
     </span>
    </p>
   </div>
   <div class='ocr_carea' id='block_1_107' title="bbox 2090 4943 3662 5029">
    <p class='ocr_par' dir='ltr' id='par_1_107' title="bbox 2090 4943 3662 5029">
     <span class='ocr_line' id='line_1_110' title="bbox 2090 4943 3662 5029; baseline -0.011 -18"><span class='ocrx_word' id='word_1_819' title='bbox 2090 4957 2201 5029; x_wconf 82' lang='grc' dir='ltr'>γὰρ</span> <span class='ocrx_word' id='word_1_820' title='bbox 2227 4956 2285 5009; x_wconf 88' lang='grc' dir='ltr'><strong>ἐν</strong></span> <span class='ocrx_word' id='word_1_821' title='bbox 2313 4954 2457 5025; x_wconf 79' lang='grc' dir='ltr'>ἄκρᾳ</span> <span class='ocrx_word' id='word_1_822' title='bbox 2492 4955 2556 5024; x_wconf 82' lang='grc' dir='ltr'>τῇ</span> <span class='ocrx_word' id='word_1_823' title='bbox 2583 4951 2720 5022; x_wconf 83' lang='grc' dir='ltr'>οὐρᾷ</span> <span class='ocrx_word' id='word_1_824' title='bbox 2747 4951 2846 5019; x_wconf 81' lang='grc' dir='ltr'>τῆς</span> <span class='ocrx_word' id='word_1_825' title='bbox 2881 4950 3135 5018; x_wconf 69' lang='grc' dir='ltr'>Ἄρκτου,</span> <span class='ocrx_word' id='word_1_826' title='bbox 3161 4947 3220 5009; x_wconf 83' lang='grc' dir='ltr'>ὃς</span> <span class='ocrx_word' id='word_1_827' title='bbox 3258 4947 3402 5002; x_wconf 77' lang='grc' dir='ltr'>ἐστιν</span> <span class='ocrx_word' id='word_1_828' title='bbox 3435 4943 3662 5014; x_wconf 74' lang='grc' dir='ltr'>ἔσχατος</span> 
     </span>
    </p>
   </div>
   <div class='ocr_carea' id='block_1_108' title="bbox 2089 5036 3663 5121">
    <p class='ocr_par' dir='ltr' id='par_1_108' title="bbox 2089 5036 3663 5121">
     <span class='ocr_line' id='line_1_111' title="bbox 2089 5036 3663 5121; baseline -0.011 -18"><span class='ocrx_word' id='word_1_829' title='bbox 2089 5050 2197 5103; x_wconf 86' lang='grc' dir='ltr'><strong>τῶν</strong></span> <span class='ocrx_word' id='word_1_830' title='bbox 2226 5048 2360 5121; x_wconf 81' lang='grc' dir='ltr'>πρὸς</span> <span class='ocrx_word' id='word_1_831' title='bbox 2393 5044 2653 5108; x_wconf 83' lang='grc' dir='ltr'>ἀνατολὰς</span> <span class='ocrx_word' id='word_1_832' title='bbox 2671 5043 2776 5096; x_wconf 87' lang='grc' dir='ltr'><strong>τῶν</strong></span> <span class='ocrx_word' id='word_1_833' title='bbox 2803 5041 2845 5106; x_wconf 77' lang='grc' dir='ltr'><strong>ζ’</strong></span> <span class='ocrx_word' id='word_1_834' title='bbox 2888 5040 3029 5094; x_wconf 79' lang='grc' dir='ltr'>κατὰ</span> <span class='ocrx_word' id='word_1_835' title='bbox 3065 5037 3407 5111; x_wconf 67' lang='grc' dir='ltr'>παράλληλον</span> <span class='ocrx_word' id='word_1_836' title='bbox 3435 5036 3511 5107; x_wconf 79' lang='grc' dir='ltr'>τῷ</span> <span class='ocrx_word' id='word_1_837' title='bbox 3546 5037 3663 5107; x_wconf 81' lang='grc' dir='ltr'>ἰση-</span> 
     </span>
    </p>
   </div>
   <div class='ocr_carea' id='block_1_109' title="bbox 2094 5126 3661 5212">
    <p class='ocr_par' dir='ltr' id='par_1_109' title="bbox 2094 5126 3661 5212">
     <span class='ocr_line' id='line_1_112' title="bbox 2094 5126 3661 5212; baseline -0.01 -18"><span class='ocrx_word' id='word_1_838' title='bbox 2094 5139 2296 5212; x_wconf 84' lang='grc' dir='ltr'>μερινῷ</span> <span class='ocrx_word' id='word_1_839' title='bbox 2340 5136 2545 5207; x_wconf 84' lang='grc' dir='ltr'>κύκλῳ,</span> <span class='ocrx_word' id='word_1_840' title='bbox 2574 5135 2759 5205; x_wconf 87' lang='grc' dir='ltr'>ἐπέχει</span> <span class='ocrx_word' id='word_1_841' title='bbox 2807 5132 3000 5205; x_wconf 84' lang='grc' dir='ltr'>Χηλῶν</span> <span class='ocrx_word' id='word_1_842' title='bbox 3044 5133 3150 5202; x_wconf 83' lang='grc' dir='ltr'>μοί.</span> <span class='ocrx_word' id='word_1_843' title='bbox 3178 5130 3248 5184; x_wconf 83' lang='grc' dir='ltr'>δ”</span> <span class='ocrx_word' id='word_1_844' title='bbox 3313 5128 3456 5197; x_wconf 86' lang='grc' dir='ltr'>λέγω</span> <span class='ocrx_word' id='word_1_845' title='bbox 3493 5127 3552 5181; x_wconf 82' lang='grc' dir='ltr'>δὲ</span> <span class='ocrx_word' id='word_1_846' title='bbox 3585 5126 3661 5191; x_wconf 81' lang='grc' dir='ltr'>ὡς</span> 
     </span>
    </p>
   </div>
   <div class='ocr_carea' id='block_1_110' title="bbox 2090 5222 3661 5303">
    <p class='ocr_par' dir='ltr' id='par_1_110' title="bbox 2090 5222 3661 5303">
     <span class='ocr_line' id='line_1_113' title="bbox 2090 5222 3661 5303; baseline -0.01 -16"><span class='ocrx_word' id='word_1_847' title='bbox 2090 5232 2199 5286; x_wconf 90' lang='grc' dir='ltr'><strong>τῶν</strong></span> <span class='ocrx_word' id='word_1_848' title='bbox 2246 5229 2521 5303; x_wconf 89' lang='grc' dir='ltr'>τροπικῶν</span> <span class='ocrx_word' id='word_1_849' title='bbox 2548 5228 2643 5281; x_wconf 76' lang='grc' dir='ltr'>καὶ</span> <span class='ocrx_word' id='word_1_850' title='bbox 2685 5224 3010 5298; x_wconf 83' lang='grc' dir='ltr'>ίσημερινῶν</span> <span class='ocrx_word' id='word_1_851' title='bbox 3045 5222 3283 5294; x_wconf 88' lang='grc' dir='ltr'>σημείων</span> <span class='ocrx_word' id='word_1_852' title='bbox 3318 5223 3375 5273; x_wconf 87' lang='grc' dir='ltr'><strong>ἐν</strong></span> <span class='ocrx_word' id='word_1_853' title='bbox 3408 5223 3530 5284; x_wconf 82' lang='grc' dir='ltr'>ταῖς</span> <span class='ocrx_word' id='word_1_854' title='bbox 3560 5222 3661 5292; x_wconf 80' lang='grc' dir='ltr'><strong>ἁρ-</strong></span> 
     </span>
    </p>
   </div>
   <div class='ocr_carea' id='block_1_111' title="bbox 2093 5312 3661 5397">
    <p class='ocr_par' dir='ltr' id='par_1_111' title="bbox 2093 5312 3661 5397">
     <span class='ocr_line' id='line_1_114' title="bbox 2093 5312 3661 5397; baseline -0.01 -18"><span class='ocrx_word' id='word_1_855' title='bbox 2093 5328 2213 5397; x_wconf 84' lang='grc' dir='ltr'>χαῖς</span> <span class='ocrx_word' id='word_1_856' title='bbox 2249 5323 2356 5377; x_wconf 90' lang='grc' dir='ltr'><strong>τῶν</strong></span> <span class='ocrx_word' id='word_1_857' title='bbox 2401 5321 2603 5387; x_wconf 84' lang='grc' dir='ltr'>ζωδίων</span> <span class='ocrx_word' id='word_1_858' title='bbox 2626 5317 2998 5390; x_wconf 79' lang='grc' dir='ltr'>ὑπαρχόντων.</span> <span class='ocrx_word' id='word_1_859' title='bbox 3022 5318 3085 5369; x_wconf 79' lang='lat' dir='ltr'><strong>Ei</strong></span> <span class='ocrx_word' id='word_1_860' title='bbox 3116 5315 3296 5384; x_wconf 88' lang='grc' dir='ltr'>μέντοι</span> <span class='ocrx_word' id='word_1_861' title='bbox 3321 5331 3385 5382; x_wconf 90' lang='grc' dir='ltr'><strong>γε</strong></span> <span class='ocrx_word' id='word_1_862' title='bbox 3417 5312 3487 5365; x_wconf 77' lang='grc' dir='ltr'>τὰ</span> <span class='ocrx_word' id='word_1_863' title='bbox 3510 5314 3661 5382; x_wconf 81' lang='grc' dir='ltr'>εἰρη-</span> 
     </span>
    </p>
   </div>
   <div class='ocr_carea' id='block_1_112' title="bbox 2098 5400 3663 5490">
    <p class='ocr_par' dir='ltr' id='par_1_112' title="bbox 2098 5400 3663 5490">
     <span class='ocr_line' id='line_1_115' title="bbox 2098 5400 3663 5490; baseline -0.012 -16"><span class='ocrx_word' id='word_1_864' title='bbox 2098 5417 2233 5490; x_wconf 80' lang='grc' dir='ltr'>μένα</span> <span class='ocrx_word' id='word_1_865' title='bbox 2268 5416 2380 5488; x_wconf 84' lang='grc'><strong>(55)</strong></span> <span class='ocrx_word' id='word_1_866' title='bbox 2410 5412 2552 5469; x_wconf 85' lang='grc' dir='ltr'><strong>κατὰ</strong></span> <span class='ocrx_word' id='word_1_867' title='bbox 2601 5411 2741 5483; x_wconf 84' lang='grc' dir='ltr'>μέσα</span> <span class='ocrx_word' id='word_1_868' title='bbox 2778 5409 2846 5463; x_wconf 85' lang='grc' dir='ltr'>τὰ</span> <span class='ocrx_word' id='word_1_869' title='bbox 2880 5407 3043 5473; x_wconf 78' lang='grc' dir='ltr'>ζὼδια</span> <span class='ocrx_word' id='word_1_870' title='bbox 3068 5409 3265 5468; x_wconf 82' lang='grc' dir='ltr'>κεῖται.</span> <span class='ocrx_word' id='word_1_871' title='bbox 3304 5405 3380 5469; x_wconf 80' lang='grc' dir='ltr'>ὡς</span> <span class='ocrx_word' id='word_1_872' title='bbox 3433 5400 3663 5467; x_wconf 70' lang='grc' dir='ltr'>Εὔδοξός</span> 
     </span>
    </p>
   </div>
   <div class='ocr_carea' id='block_1_113' title="bbox 2087 5718 3658 5794">
    <p class='ocr_par' dir='ltr' id='par_1_113' title="bbox 2087 5718 3658 5794">
     <span class='ocr_line' id='line_1_116' title="bbox 2087 5718 3658 5794; baseline -0.006 -15"><span class='ocrx_word' id='word_1_873' title='bbox 2087 5724 2429 5794; x_wconf 87' lang='lat' dir='ltr'><strong>disputamus</strong></span> <span class='ocrx_word' id='word_1_874' title='bbox 2451 5722 2612 5783; x_wconf 79' lang='lat' dir='ltr'><strong>infra,</strong></span> <span class='ocrx_word' id='word_1_875' title='bbox 2640 5722 2752 5777; x_wconf 90' lang='lat' dir='ltr'><strong>col.</strong></span> <span class='ocrx_word' id='word_1_876' title='bbox 2773 5719 2926 5775; x_wconf 70' lang='grc'><strong>1544.</strong></span> <span class='ocrx_word' id='word_1_877' title='bbox 2948 5718 3241 5794; x_wconf 70' lang='lat' dir='ltr'><strong>Depravata</strong></span> <span class='ocrx_word' id='word_1_878' title='bbox 3257 5723 3388 5794; x_wconf 77' lang='lat' dir='ltr'><strong>sunt</strong></span> <span class='ocrx_word' id='word_1_879' title='bbox 3417 5729 3540 5785; x_wconf 75' lang='lat' dir='ltr'><strong>quae</strong></span> <span class='ocrx_word' id='word_1_880' title='bbox 3571 5729 3658 5794; x_wconf 71' lang='lat' dir='ltr'><strong>se—</strong></span> 
     </span>
    </p>
   </div>
   <div class='ocr_carea' id='block_1_114' title="bbox 2091 5783 3658 5867">
    <p class='ocr_par' dir='ltr' id='par_1_114' title="bbox 2091 5783 3658 5867">
     <span class='ocr_line' id='line_1_117' title="bbox 2091 5783 3658 5867; baseline -0.005 -18"><span class='ocrx_word' id='word_1_881' title='bbox 2091 5783 2352 5865; x_wconf 80' lang='lat' dir='ltr'><strong>quuntur.</strong></span> <span class='ocrx_word' id='word_1_882' title='bbox 2397 5793 2705 5867; x_wconf 78' lang='lat' dir='ltr'><strong>Legendum</strong></span> <span class='ocrx_word' id='word_1_883' title='bbox 2762 5805 2947 5848; x_wconf 88' lang='lat' dir='ltr'><strong>assero</strong></span> <span class='ocrx_word' id='word_1_884' title='bbox 2994 5783 3139 5845; x_wconf 78' lang='lat' dir='ltr'><strong>nono</strong></span> <span class='ocrx_word' id='word_1_885' title='bbox 3180 5787 3307 5845; x_wconf 79' lang='lat' dir='ltr'><strong>inde</strong></span> <span class='ocrx_word' id='word_1_886' title='bbox 3357 5783 3520 5844; x_wconf 71' lang='lat' dir='ltr'><strong>versu</strong></span> <span class='ocrx_word' id='word_1_887' title='bbox 3564 5783 3658 5841; x_wconf 79' lang='grc' dir='ltr'><strong>τὸν</strong></span> 
     </span>
    </p>
   </div>
  </div>
