3928 6266
285 255 428 332 4025'

1317 277 1686 337 HlPPARCHl
1726 280 1819 336 AD
1853 280 2305 340 nummum
2340 284 2470 343 LIB.
2503 272 2545 343 ις

3402 300 3543 359 1026

281 413 483 469 φησιν,
517 397 622 452 ὑπὸ
651 398 754 471 μὲν
795 402 922 465 τοὺς
964 387 1241 466 ὀπισθίοῦς
1274 402 1440 468 πόδας
1470 404 1570 475 τῆς
1619 406 1821 479 Ἀρκτο

1929 407 2179 476 ,διιπιιιε,
2218 409 2323 465 sub
2352 410 2506 466 Ursae
2547 417 2947 482 posterioribus
2990 415 3224 486 pedibus
3261 433 3373 474 non
3404 416 3544 478 Leo-

278 488 343 541 οὑ
369 487 460 541 τὸν
498 489 706 544 Λέοντα
751 490 856 545 ἔδει
888 491 1112 558 τιθέναι,
1139 492 1273 547 ἀλλὰ
1320 493 1417 566 τὴν
1466 496 1761 569 Παρθένον.
1802 497 1861 552 '0

281 579 382 649 μὲν
430 580 543 652 γὰρ
584 582 898 656 νοτιώτερος
951 584 1059 638 τῶν
1111 585 1388 656 ἑπομένων
1435 588 1493 641 ὲν
1525 587 1605 659 τῷ
1633 587 1861 661 πλινθίῳ

276 669 470 741 ἐπέχει
527 673 670 728 κατὰ
713 674 811 745 τὴν
863 676 1263 750 προειρημένην
1305 677 1567 751 διαίρεσιν
1603 678 1700 732 τοῦ
1755 679 1860 744 ζω-

274 762 469 817 διακοῦ
545 762 645 836 τῆς
704 766 980 838 Παρθένου
1036 769 1145 839 μοί.
1215 774 1280 822 ι’⁶
1333 771 1362 823 ό
1405 768 1465 823 δὲ
1526 769 1859 843 βορειότερος

273 858 374 925 τῆς
434 856 711 928 Παρθένου
764 859 892 931 περὶ
943 860 1052 929 μοί.
1106 867 1199 925 ις’.
1237 861 1394 916 Κατὰ
1431 861 1489 915 δὲ
1531 864 1633 935 τὴν
1687 880 1857 933 κεφα-

273 944 373 1018 λὴν
415 948 511 1000 καὶ
542 948 669 1012 τοὺς
699 949 1062 1022 ἐμπροσθίους
1090 952 1256 1016 πόδας
1287 952 1392 1005 ἔδει
1426 951 1730 1006 τεθεικέναι
1763 953 1855 1008 τὸν

271 1038 551 1110 Καρκίνον
567 1041 633 1094 ⁷ο.
667 1042 728 1094 υἱ
756 1040 864 1114 γὰρ
912 1042 1204 1114 ἡγούμενοι
1258 1043 1366 1098 τῶν
1412 1046 1468 1099 ἐν
1514 1043 1591 1116 τῷ
1626 1044 1856 1117 πλινθίῳ

269 1130 524 1201 ὲφέξουσι
562 1132 704 1187 κατὰ
730 1132 827 1204 τὴν
862 1134 1263 1207 προειρημένην
1290 1135 1549 1208 διαίρεσιν
1579 1137 1852 1210 Καρκίνου

272 1224 385 1294 μοί.
418 1231 508 1295 ιη’.
544 1225 713 1295 Δῆλον
764 1226 822 1280 δὲ
870 1226 965 1280 καὶ
1004 1229 1068 1281 ὲκ
1104 1227 1213 1281 τῶν
1245 1228 1571 1300 εἰρημένων,
1595 1230 1689 1282 καὶ
1719 1229 1852 1283 διότι

269 1316 359 1384 ὑφ’
398 1316 528 1387 ὅλην
561 1315 658 1388 τὴν
687 1317 943 1388 Ἀρκτον,
976 1318 1118 1373 κατὰ
1148 1319 1240 1373 τὸν
1261 1319 1506 1387 Εῦδοξον,
1531 1320 1612 1374 δεῖ
1638 1321 1849 1375 κεῖσθαι

265 1407 359 1460 τὸν
384 1408 682 1481 Καρκίνον,
701 1411 795 1463 καὶ
814 1409 905 1464 τὸν
938 1411 1161 1477 Λέοντα,
1186 1412 1282 1466 καὶ
1310 1412 1408 1484 τὴν
1437 1412 1732 1484 Παρθένον,
1755 1412 1849 1466 καὶ

265 1499 363 1565 τὰς
380 1500 584 1573 Χηλὰς.
601 1503 660 1556 '0
674 1501 783 1575 γὰρ
800 1503 857 1555 ὲν
876 1503 1019 1577 ἄκρᾳ
1033 1507 1098 1575 τῇ
1117 1506 1178 1558 οὐ
1187 1506 1254 1577 ρᾷ
1272 1505 1371 1576 τῆς
1386 1505 1621 1575 Ἀρκτου
1638 1506 1845 1576 ἐπέχει,

265 1590 408 1644 κατὰ
436 1589 533 1663 τὴν
565 1591 735 1664 αὐτὴν
762 1591 1025 1663 διαίρεσιν
1054 1591 1148 1646 τοῦ
1181 1593 1469 1660 ζωδιακοῦ,
1499 1593 1693 1665 Χηλῶν
1720 1597 1847 1668 περὶ

265 1682 379 1756 μοί.
421 1682 509 1738 ιϐ’.

1968 515 2115 567 nem,
2155 501 2251 557 sed
2280 500 2557 573 Virginem
2588 511 2827 560 statuere
2853 508 3129 565 convenit.
3165 509 3300 565 Nam
3325 522 3541 570 austra-

1967 594 2072 648 lior
2125 595 2535 650 succedentium
2575 596 2632 651 in
2681 597 2968 664 laterculo,
3009 615 3077 656 ex
3119 617 3184 657 ea
3213 619 3378 674 quam
3424 606 3540 662 dixi

1966 684 2262 755 partitione
2288 688 2523 753 zodiaci,
2552 688 2823 744 decimam
2854 698 3063 762 partem
3091 692 3333 765 Virginis
3363 703 3536 763 tenet;

1964 776 2240 833 borealior
2273 788 2483 845 autem,
2510 779 2753 853 Virginis
2800 783 3021 839 circiter
3046 786 3132 841 t6.
3166 786 3337 843 Porro
3386 789 3536 843 circa

1964 877 2127 940 caput
2155 878 2210 926 et
2239 873 2540 928 anteriores
2566 872 2731 943 pedes
2760 875 3115 932 collocandus
3146 887 3267 932 erat
3299 878 3532 937 Cancer.

1962 964 2174 1036 Quippe
2207 967 2578 1037 praecedentes
2608 984 2796 1024 earum
2826 987 2948 1041 quae
2975 982 3106 1029 sunt
3138 974 3195 1028 in
3242 975 3530 1042 laterculo,

1960 1077 2027 1118 ex
2058 1064 2150 1119 illa
2178 1063 2390 1120 zodiaci
2426 1065 2698 1123 divisione
2723 1074 2933 1137 partem
2966 1069 3164 1125 Cancri
3206 1071 3273 1126 l8
3318 1072 3535 1128 obtine«

1959 1153 2115 1209 bunt.
2149 1155 2231 1210 Ex
2258 1157 2421 1213 dictis
2462 1167 2643 1213 autem
2674 1159 2897 1216 evidens
2925 1169 3029 1227 est,
3072 1163 3176 1219 sub
3207 1161 3346 1218 Ursa
3392 1174 3528 1231 tota,

1957 1246 2261 1300 secundum
2289 1247 2600 1317 Eudoxum,
2627 1250 3196 1317 Cancrum,Leonem,
3225 1254 3525 1326 Virginem,

1956 1345 2011 1393 et
2038 1338 2236 1395 Chelas
2266 1340 2525 1395 collocari
2550 1341 2769 1398 debere.
2789 1342 2922 1397 Nam
2952 1353 3172 1415 quaeest
3198 1347 3255 1401 in
3279 1355 3527 1403 extrema

1953 1428 2113 1485 Ursae
2141 1431 2335 1496 cauda,
2361 1448 2428 1488 ex
2464 1432 2654 1488 eadem
2682 1433 2776 1488 illa
2816 1434 3089 1492 divisione
3119 1438 3352 1507 zodiaci,
3382 1439 3525 1495 Che-

1940 1520 2130 1578 ‘larum
2162 1532 2375 1595 partem
2414 1526 2623 1581 obtinet
2650 1525 2763 1582 fere
2786 1527 2869 1586 liti

331 1777 437 1830 IA’.
463 1774 631 1831 Πάλιν
659 1776 705 1830 δ’
735 1777 763 1831 ὁ
795 1777 1029 1848 ¹Ἄρατος
1061 1776 1189 1850 ’περὶ¹
1220 1775 1317 1833 τοῦ
1357 1776 1602 1851 Ἡνιόχου
1644 1776 1817 1850 λέγων

2011 1766 2104 1823 XI.
2132 1764 2348 1824 Rursus
2398 1768 2601 1825 Aratus
2645 1767 2713 1825 de
2747 1768 2949 1842 Auriga
2984 1770 3215 1841 loquens
3247 1769 3355 1827 ista
3381 1770 3514 1828 sub-

261 1870 517 1941 ὲπιφέρει
548 1868 703 1924 ταυτί
729 1887 742 1900 ·

274 1977 428 2052 Ἀλλ’
456 1976 572 2052 ᾳίεὶ
605 1978 964 2052 Ταῦροςμ(56)
993 1976 1464 2050 προφερέστερος
1501 1983 1787 2052 Ἠνιόχοιο

259 2049 363 2114 Ely
386 2048 600 2117 ἑτέρην
627 2048 974 2118 καταϐῆναι,
1007 2051 1313 2119 ὁμηλυονίῃ
1349 2048 1460 2121 περ
1489 2048 1779 2109 ἀνελθῶν.

328 2139 632 2207 Διαφωνείν
656 2133 748 2192 οὖν
775 2156 867 2210 μοι
891 2138 1039 2192 δοκεῖ
1077 2139 1214 2211 πρὸς
1232 2140 1299 2193 τὰ
1331 2142 1630 2213 φαινόμενα
1657 2143 1750 2197 καὶ
1778 2145 1837 2199 έν

255 2229 485 2293 τούτοις.
515 2229 621 2282 Τοῦ
657 2228 765 2301 γὰρ
809 2229 1051 2302 Ἦνιόχου
1096 2232 1146 2284 οί
1190 2230 1351 2294 πόδες
1398 2231 1557 2301 μόνον
1604 2233 1720 2304 ἅμα
1756 2233 1836 2306 τῷ

254 2320 457 2396 Ταύρῳ
488 2322 1003 2392 συναναφαίνονται·
1048 2323 1107 2376 τὸ
1150 2322 1207 2376 δὲ
1240 2322 1425 2377 λοιπὸν
1467 2323 1630 2377 αὐτοῦ
1674 2325 1834 2397 σῶμα

253 2419 367 2480 τοῖς
407 2415 606 2487 Ἰχθύσι
640 2417 733 2470 καὶ
760 2415 838 2487 τῷ
872 2414 1026 2488 Κριῷ
1071 2414 1468 2470 συνανατέλλει.
1514 2417 1627 2471 Καὶ
1671 2418 1834 2483 αὐτὸς

246 2507 311 2561 δὲ
341 2509 399 2561 ὲν
429 2510 541 2571 τοῖς
575 2507 703 2577 ἑξῆς
737 2525 901 2578 φησιν
923 2524 937 2538 ·

264 2639 418 2695 Ἀλλ’
466 2641 712 2710 Ἔριφοι,
742 2640 919 2695 λαιοῦ
960 2658 1024 2695 τε
1068 2640 1249 2710 θέναρ
1293 2640 1511 2709 ποδὸς,
1550 2644 1682 2732 Α’ίγί
1709 2644 1831 2725 03‘»-

256 2781 456 2850 Ταύρῳ
485 2779 947 2851 συμφορέονται.
1588 2716 1766 2786 [αντη

230 2930 403 2991 ”Ἀλλ’
428 2938 529 2992 ὅσα
550 2937 697 3008 λέγει
728 2938 925 3011 Ταύρῳ
954 2955 1351 3012 συμφερεσοαι,
1378 2941 1551 2995 ταῦτα
1579 2945 1699 2995 κατ’
1730 2959 1827 2996 αυ-

247 3030 337 3083 τὸν
369 3030 485 3101 ἅμα
520 3030 598 3101 τῷ
630 3029 784 3102 Κριῷ
814 3031 1127 3083 ἀνατέλλει·
1164 3033 1257 3086 ἐπὶ
1298 3033 1515 3087 πάντων
1561 3033 1671 3105 γὰρ
1718 3033 1826 3087 τῶν

1936 1859 2057 1931 jicit
2077 1878 2091 1915 :

1940 1976 2045 2032 Sed
2073 1991 2274 2046 semper
2300 1975 2509 2030 Taurus
2528 1975 2744 2046 pronior
2777 1975 2975 2046 Auriga

1939 2046 2007 2102 In
2020 2045 2266 2101 occasum
2279 2047 2656 2109 descendendo,
2667 2048 2786 2116 pari
2799 2045 3015 2100 ascensu
3030 2045 3266 2117 alioquin
3276 2055 3510 2103 exortus.

2007 2137 2068 2194 in
2097 2139 2296 2210 quibus
2326 2140 2396 2195 ab
2430 2138 2765 2212 apparentiis
2807 2139 2943 2209 ipsis
2985 2137 3251 2194 dissidere
3280 2138 3412 2192 mihi
3440 2136 3516 2191 vi-

1934 2229 2117 2287 detur.
2152 2228 2368 2286 Etenim
2406 2228 2624 2301 Auriga:
2668 2229 2937 2284 duntaxat
2966 2228 3133 2299 pedes
3159 2243 3282 2283 cum
3327 2225 3514 2282 Tauro

1935 2322 2098 2378 simul
2120 2331 2439 2393 emergunt;
2477 2322 2747 2393 reliquum
2782 2335 2985 2392 corpus
3018 2336 3145 2375 cum
3174 2317 3426 2375 Piscibus
3451 2324 3512 2373 et

1932 2416 2119 2470 Ariete
2179 2415 2522 2472 conscendit.
2575 2414 2719 2480 Quin
2771 2411 2912 2468 idem
2973 2414 3091 2483 ipse
3137 2411 3398 2482 deinceps
3432 2410 3511 2465 ita

1931 2506 2125 2561 scribit
2151 2524 2166 2560 :

1930 2639 2035 2695 Sed
2065 2638 2247 2702 Ha’di.
2267 2640 2574 2708 sinistrique
2603 2638 2719 2693 vola
2748 2636 2894 2703 pedis
2920 2635 3096 2707 Capra
3122 2653 3241 2691 cum
3266 2637 3387 2707 ipsa

1931 2770 2063 2827 Cum
2107 2772 2284 2827 Tauro
2322 2772 2585 2842 feruntur.

1996 2934 2067 2988 At
2092 2947 2433 3003 quaecunque
2466 2928 2594 2984 ferri
2622 2944 2745 2983 cum
2790 2926 2976 2984 Tauro
3000 2928 3233 2992 'asserit,
3276 2942 3339 2984 ea
3380 2944 3505 2985 cum

1925 3027 2109 3082 Ariete
2154 3041 2392 3096 quoque,
2445 3032 2504 3077 ut
2556 3022 2694 3077 idem
2746 3023 2931 3085 sentit,
2974 3029 3220 3077 exortum
3252 3019 3504 3076 faciunt:

245 3124 462 3194 ἄστρων
503 3122 603 3187 τὰς
653 3122 1014 3188 συνανατολὰς
1067 3122 1209 3177 οὕτω
1253 3124 1536 3196 σημαίνει·
1571 3120 1682 3178 οἷον
1731 3126 1821 3198 τῆς

1929 3118 2186 3190 quoniam
2222 3116 2276 3170 in
2299 3112 2818 3171 constellationibns
2852 3112 3106 3166 omnibus
3135 3118 3358 3166 coortus
3400 3109 3506 3165 hoc

246 3214 423 3287 ἀρχῆς
448 3214 539 3268 τοῦ
569 3213 758 3277 ζωδίου
784 3215 875 3267 ἐπὶ
897 3214 997 3284 τῆς
1033 3215 1293 3287 ἀνατολῆς
1328 3215 1514 3289 οὔσης,
1550 3217 1670 3272 τίνα
1696 3219 1827 3272 ἁνα-

246 3304 547 3360 τεταλκότα
594 3308 762 3375 ἐγγὺς
802 3306 896 3359 τοῦ
939 3305 1210 3378 ὁρίζοντος
1258 3309 1530 3377 φαίνεται.
1574 3307 1680 3362 Τοῦ
1726 3308 1826 3380 μὲν

244 3397 537 3470 ἀριστεροῦ
578 3398 736 3462 ποδὸς
773 3397 908 3452 πολὺ
956 3398 1341 3471 προανατέλλει
1379 3401 1408 3453 ὁ
1456 3399 1629 3467 δεξιὸς
1655 3394 1823 3471 ὦμος,

244 3492 338 3546 καὶ
370 3492 403 3563 ἡ
444 3491 592 3557 δεξιὰ
629 3492 770 3563 χείρ.
822 3491 1090 3563 Πρόδηλον
1123 3488 1214 3545 οὖν
1246 3492 1327 3544 ὅτι
1365 3492 1458 3545 καὶ
1501 3494 1622 3545 κατ’
1666 3492 1827 3546 αὑτὸν

244 3583 335 3639 τὸν
369 3584 435 3636 ’Ᾱ
446 3601 603 3655 ρατον
630 3584 701 3636 τὰ
729 3583 863 3654 πρὸς
891 3586 1003 3646 τοῖς
1027 3584 1153 3636 ποσὶ⁵
1184 3583 1342 3654 μόνον
1370 3583 1447 3653 τῷ
1476 3582 1675 3653 Ταύρῳ
1702 3599 1827 3635 συν-

245 3671 521 3726 ανατέλλει
543 3690 557 3703 ο
587 3673 647 3726 τὸ
688 3672 743 3725 δὲ
772 3673 956 3725 λοιπὸν
990 3672 1177 3743 σῶμα,
1211 3671 1307 3725 καὶ
1350 3672 1511 3736 αὐτὸς
1542 3672 1827 3743 ἀριστερὸς

242 3887 450 3946 Λέοντα
468 3905 565 3962 pro
580 3890 669 3943 τὸν
695 3889 990 3962 Καρκίνον,
1022 3897 1231 3962 et__mox
1278 3890 1505 3962 Λέοντος
1558 3890 1666 3962 μοί.
1692 3960 1700 3962 _
1724 3896 1814 3961 ιη’,

243 3975 344 4031 pro
358 3958 657 4031 Καρκίνου.
678 3958 1035 4015 Astérismum
1060 3958 1213 4015 Ursa:
1247 3960 1472 4028 majoris
1493 3958 1727 4030 antiqui,
1758 3958 1819 4014 ut

243 4030 412 4086 refert
433 4030 795 4100 Hipparchus,
827 4039 1032 4101 septem
1060 4045 1167 4084 non
1202 4032 1436 4101 amplius
1469 4031 1819 4101 circumscri-

242 4116 403 4171 psere
433 4104 628 4165 stellis,
664 4116 785 4170 qua
817 4100 1151 4171 componunt
1183 4100 1280 4170 τὴν
1316 4100 1580 4171 Ἄμαξαν.
1621 4101 1698 4154 Ex
1730 4101 1814 4157 his

242 4173 627 4227 antecedentes
674 4174 794 4227 dum
840 4172 894 4225 in
943 4171 1236 4237 laterculo;
1291 4187 1520 4241 quarum
1565 4172 1815 4240 superior

242 4243 439 4312 capitis
462 4243 580 4296 loco
615 4243 975 4312 censebatur;
1046 4240 1525 4311 inferior,’pedum
1574 4243 1812 4296 anterio-

240 4311 392 4377 rum;
415 4312 467 4365 in
494 4312 664 4382 gradu
686 4311 881 4367 Leonis
915 4312 1075 4366 tertio
1101 4312 1466 4375 collocantur,
1511 4313 1809 4366 secundum

240 4396 367 4452 eam;
391 4383 597 4436 zodiaci
632 4384 998 4452 partitionem,
1038 4398 1159 4451 qua:
1198 4382 1497 4436 cardinalia
1520 4384 1675 4452 signa
1701 4382 1809 4435 τῶν

239 4449 446 4516 ζῳδίων
488 4449 665 4524 initiis,
693 4453 958 4513 ascribit;
1024 4449 1079 4504 at
1107 4454 1439 4521 posteriores
1467 4449 1656 4524 pedes;
1689 4468 1811 4524 qua:

239 4533 372 4576 sunt
422 4523 670 4577 laterculi
710 4524 1040 4592 posteriores
1098 4520 1241 4592 dua},
1273 4524 1330 4577 in
1380 4520 1549 4592 gradu
1608 4520 1806 4577 Leonis

238 4595 432 4661 quinto
461 4601 517 4647 et
545 4591 807 4647 vicesimo
837 4602 1132 4661 ponuntur.
1158 4591 1273 4646 Jam
1310 4592 1357 4648 si
1390 4591 1808 4662 aequinoctialia

238 4672 296 4715 et
325 4663 635 4718 solstitialia
668 4673 867 4731 puncta
904 4663 1097 4717 mediis
1145 4663 1197 4716 in
1252 4663 1426 4731 signis
1469 4665 1801 4728 constituas,

239 4732 345 4786 hoc
372 4742 459 4787 est
490 4734 536 4788 si
562 4732 873 4803 quindecim
901 4733 1185 4803 gradibus,
1238 4732 1323 4788 vel
1366 4732 1595 4787 dimidio
1637 4732 1809 4788 dode—

239 4804 542 4857 catentorio
600 4809 907 4856 antevertas
971 4804 1310 4872 singulorum
1372 4803 1546 4869 initia,
1582 4818 1806 4858 necesse

238 4881 324 4926 est
359 4874 437 4927 uti
467 4874 845 4927 australiorem
864 4873 1271 4927 succedentium
1298 4873 1351 4925 in
1383 4873 1665 4939 laterculo,
1716 4875 1803 4928 cui

240 4946 578 5013 posteriores
622 4942 788 5012 pedes
814 4942 1161 5012 alliaguntur,
1184 4942 1253 4996 ad
1283 4941 1531 5013 Virginis;
1573 4943 1803 5013 gradum
1828 4967 1834 4975 -

240 5011 512 5066 decimum
534 5028 563 5065 a
591 5028 696 5066 xxv
728 5013 923 5066 Leonis
952 5011 966 5065 ε
999 5013 1079 5068 sic
1104 5011 1404 5068 anteriores
1438 5011 1598 5080 pedes
1627 5028 1655 5065 a
1689 5020 1803 5067 ter-

241 5082 318 5136 tio
346 5080 564 5152 Leonis,
596 5082 661 5135 ad
719 5081 990 5144 decimum
1027 5091 1276 5136 octavum
1304 5084 1521 5152 _utiquc
1574 5082 1801 5137 descen-

238 5152 388 5206 dere.
419 5151 653 5205 Proinde
677 5152 879 5220 liquido
895 5160 1109 5207 constat
1125 5150 1522 5207 emendandum
1548 5153 1629 5207 sic
1652 5168 1796 5216 esse,

162 5236 175 5249 ·
236 5231 299 5274 ut
328 5221 431 5276 Leo
457 5237 556 5291 pro
584 5221 789 5276 Cancro
821 5223 1110 5292 utrobique
1139 5230 1453 5290 reponatur.
1483 5220 1599 5277 Nisi
1658 5221 1800 5292 [orte

237 5290 540 5363 παρόραμα
572 5293 623 5346 id
651 5294 955 5361 scriptoris,
989 5290 1095 5346 non
1126 5292 1432 5362 ἁμάρτημα
1491 5294 1611 5345 fuit.
1667 5290 1799 5360 [lip-

236 5366 478 5431 parchus
508 5371 563 5416 et
611 5363 817 5431 antiqui
841 5363 1205 5429 longitudines
1233 5363 1510 5416 stellarum
1543 5366 1594 5415 in
1624 5364 1799 5431 aequi-

236 5434 481 5494 noctiali,
528 5432 613 5486 vel
670 5433 729 5502 ei
785 5433 1043 5502 parallelo
1096 5433 1303 5485 circulo
1358 5433 1794 5502 computabant:

237 5517 398 5572 quem
429 5504 592 5556 etiam
617 5500 919 5565 zodiacum,
948 5502 1176 5572 ejusque
1208 5513 1388 5570 partes
1417 5500 1580 5565 ζώδια
1614 5502 1795 5572 nomi-

237 5570 463 5632 nabant.
487 5572 631 5641 quod
662 5573 816 5626 valde
844 5573 1030 5625 miror.
1061 5570 1153 5625 Sic
1183 5580 1238 5625 et
1270 5571 1324 5626 in
1347 5573 1498 5627 calce
1529 5573 1657 5628 libri
1693 5571 1797 5625 bu-

234 5642 325 5709 jus
337 5641 536 5714 ζῴδιον
568 5641 798 5714 appellat
822 5641 1304 5714 δωδεκατημόριον.

308 5712 419 5783 (56)
472 5710 1219 5784 ἈλλνιιίεὶοΐαῦροςῘΗίε
1261 5710 1513 5784 equidem
1567 5712 1797 5782 φιλονει-

1930 3210 2096 3266 modo
2126 3209 2433 3280 signiﬁcat;
2462 3207 2608 3262 velut
2631 3206 2786 3260 initio
2802 3205 2941 3274 signi
2974 3206 3029 3258 in
3059 3205 3342 3259 horizonte
3368 3218 3504 3257 con-

1932 3305 2148 3367 stituto,
2190 3316 2438 3372 quaenam
2471 3306 2662 3355 exorta
2694 3298 2941 3368 proxime
2970 3296 3308 3351 horizontem
3341 3310 3504 3366 appa-

1932 3406 2106 3452 reant.
2139 3395 2312 3450 Porro
2332 3394 2491 3464 longe
2517 3399 2643 3448 ante
2664 3391 2950 3447 sinistrum
2976 3388 3168 3458 pedem
3190 3388 3379 3444 dexter
3400 3389 3505 3441 hu-

1932 3502 2138 3551 merus,
2182 3484 2479 3554 dextraque
2536 3497 2733 3538 manus
2786 3480 2981 3535 oritur.
3026 3478 3105 3533 Ex
3145 3494 3251 3549 quo
3299 3477 3503 3549 liquido

1925 3586 2162 3641 constat,
2211 3576 2513 3633 secundum
2555 3575 2781 3628 Aratum
2826 3572 3025 3643 ipsum,
3061 3588 3124 3627 ea
3165 3572 3340 3627 soluat
3381 3585 3503 3641 qua:

1922 3670 1992 3725 ad
2025 3669 2189 3741 pedes
2220 3674 2369 3731 sunt,
2391 3666 2525 3723 oriri
2557 3681 2685 3728 cum
2725 3663 2938 3734 Tauro;
2975 3664 3242 3735 reliquum
3274 3677 3499 3733 corpus,

1925 3889 2067 3963 alam
2104 3885 2401 3963 Hipparchi
2461 3888 2687 3963 .audare
2735 3903 2845 3944 non
2866 3904 3130 3963 possum,
3163 3891 3257 3963 qui
3290 3900 3492 3963 praeter

1920 3959 2013 4029 jus
2042 3956 2268 4035 Aratum
2299 3957 2602 4035 redarguit.
2638 3956 2761 4035 Non
2790 3956 2937 4014 enim
2992 3956 3197 4035 totum"
3226 3956 3493 4035 Aurigam

1924 4027 2048 4083 eum
2079 4027 2260 4103 Tauro
2293 4028 2368 4080 ait
2394 4027 2644 4103 exortum
2679 4028 2881 4103 facere,
2910 4031 3164 4103 sedgcum
3202 4027 3494 4103 pedes'ille

1923 4114 2055 4175 suos
2083 4099 2149 4153 ad
2177 4098 2415 4175 Taurum
2438 4099 2669 4175 habeat_,
2719 4099 2786 4175 de
2810 4100 2895 4154 his
2929 4098 3240 4175 ipsis_loqui
3292 4116 3493 4175 putan-

1921 4170 2025 4224 dus
2051 4178 2153 4233 est,
2184 4177 2239 4222 ut
2273 4169 2360 4222 hic
2372 4170 2696 4244 _s_ensuS_s_it,
2730 4169 3026 4244 interprete
3049 4169 3309 4237 Tlieone,
3340 4191 3489 4244 (uia:-

1920 4255 2137 4309 cunque
2166 4248 2346 4308 partes
2369 4237 2634 4293 Heniochi
2674 4255 2798 4309 cum
2860 4240 3043 4295 Tauro
3086 4237 3485 4309 conscendunt,

1919 4325 2012 4365 eas
2052 4308 2229 4382 simul
2250 4326 2360 4364 non
2392 4311 2679 4382 occidere.
2714 4308 2877 4382 _Nam
2918 4327 2983 4364 ex
3031 4313 3119 4375 iis,
3169 4330 3289 4382 quae
3321 4308 3487 4371 simul

1919 4380 2546 4453 oriuntur,‘borealiora,
2586 4378 2730 4453 quod
2764 4382 3025 4453 majorem
3062 4378 3248 4437 arcum
3303 4387 3485 4453 paral-

1916 4450 2004 4505 leli
2042 4452 2124 4505 sui
2161 4450 2353 4503 circuli
2386 4466 2550 4519 supra
2591 4451 2856 4503 linitorem
2892 4451 3144 4515 habeant,
3196 4450 3395 4510 lentius
3426 4456 3484 4511 in

1914 4535 2173 4576 occasum
2207 4523 2588 4588 praecipitant;
2622 4523 2951 4574 australiora
2987 4537 3115 4576 vero
3139 4525 3302 4579 citius
3333 4527 3485 4580 occi-

1913 4592 2070 4664 dunt.
2121 4590 2339 4664 Atenim
2381 4600 2570 4664 contra
2618 4590 2762 4664 hanc
2824 4593 3257 4664 expositionem"
3287 4595 3482 4664 objicit

1918 4660 2282 4732 Hipparchus,
2337 4662 2506 4732 etiam
2549 4676 2669 4732 q_uae
2697 4658 2765 4732 ad
2821 4658 2984 4729 pedes
3036 4673 3165 4717 sunt
3218 4658 3476 4719 Heniochi

1909 4728 2373 4803 respondentibus
2410 4730 2524 4803 sibi
2567 4728 2744 4803 Tauri
2785 4728 3031 4803 partibus
3096 4742 3150 4787 et
3203 4735 3476 4803 posterius

1908 4799 2134 4864 oriri,et
2173 4802 2324 4870 prius
2372 4801 2647 4855 occidere.
2713 4799 2816 4853 Sed
2851 4817 2957 4855 non
2995 4802 3046 4855 id
3072 4799 3259 4857 vern'm
3297 4813 3381 4860 est
3422 4806 3475 4858 in

1906 4873 2182 4925 omnibus.
2219 4870 2474 4936 Quaedam
2499 4872 2641 4925 enim
2670 4872 2957 4940 utrobique
3008 4874 3171 4928 simul
3217 4879 3476 4928 exorinn-

1907 4950 2016 4996 tur.
2047 4941 2111 4994 Et
2147 4942 2391 5011 profecto
2415 4941 2584 4995 falsus
2623 4953 2715 5011 est
2732 4940 3109 5010 Hipparchus;
3156 4945 3314 5011 cujus
3368 4944 3473 4997 hoc

1904 5013 2079 5084 oratio
2110 5009 2414 5084 signiﬁcat,
2448 5012 2651 5084 nullam
2677 5009 2838 5065 Tauri
2872 5019 3078 5081 partem
3135 5009 3258 5068 cum
3317 5022 3473 5084 parte

1901 5082 2101 5152 pedum
2135 5082 2394 5137 Heniochi
2432 5082 2596 5136 simul
2629 5085 2944 5152 ascendere.
2977 5083 3091 5135 Non
3127 5082 3331 5139 minus
3363 5083 3467 5138 fal-

1903 5150 2025 5223 sum
2059 5163 2145 5207 est
2182 5153 2326 5222 quod
2369 5152 2444 5204 ait
2472 5153 2635 5223 pedes
2664 5150 2928 5223 Henioelli
2954 5161 3095 5205 totos
3127 5156 3278 5223 prius
3321 5153 3469 5208 occi-

1901 5221 2052 5284 dere,
2090 5220 2253 5290 qnain
2280 5220 2543 5276 Taurum.
2586 5220 2700 5275 Hoc
2730 5224 2808 5274 vel
2843 5220 3140 5292 Hipparchi
3169 5226 3340 5291 ip~ius
3370 5240 3469 5276 au-

1901 5293 2153 5348 ctoritate
2200 5294 2566 5355 convincitur,
2615 5293 2706 5361 qui
2737 5293 2827 5345 lib.
2863 5308 2944 5353 ιιι,
2972 5309 3121 5346 num.
3151 5294 3267 5357 XV,
3322 5292 3466 5347 Tau-

1900 5377 2020 5435 rum
2045 5364 2119 5435 ait
2138 5366 2386 5435 occidere
2413 5378 2535 5416 cum
2572 5363 2776 5435 zodiaci
2804 5377 2885 5431 pa:
2903 5372 2971 5424 te,
2988 5378 3108 5432 qua:
3135 5374 3219 5419 est
3240 5381 3269 5418 a
3293 5363 3463 5435 gradu

1898 5430 2099 5487 Arietis
2130 5450 2217 5497 xx,
2248 5435 2313 5485 ad
2346 5432 2508 5485 Tauri
2540 5448 2686 5493 xxvi,
2713 5430 2958 5485 ultimam
2985 5430 3160 5487 autem
3188 5430 3459 5499 0u'cidl-re,

1899 5517 2020 5569 qua:
2051 5511 2135 5557 est
2162 5505 2214 5556 in
2246 5504 2584 5557 extremitate
2614 5503 2822 5556 sinistri
2851 5518 3038 5556 cornu.
3078 5506 3147 5556 At
3175 5506 3313 5561 idem
3357 5504 3462 5559 hoc

1899 5572 2039 5625 libro
2075 5574 2248 5643 primo
2264 5581 2317 5626 et
2345 5588 2570 5643 numero
2600 5571 2666 5625 XI
2702 5580 2775 5625 ait
2806 5572 3055 5627 dextrum
3106 5575 3291 5643 pedem
3350 5573 3459 5629 He-

1898 5641 2089 5716 niochi
2110 5645 2432 5716 cumgradu
2459 5641 2654 5716 Tauri“
2676 5657 2827 5696 xxvn
2886 5641 3237 5716 descendere.
3291 5645 3463 5716 Igitur

1898 5713 2047 5780 prius
2068 5719 2215 5769 totus
2240 5712 2455 5770 Taurus
2484 5712 2685 5769 occidit
2717 5728 2879 5784 quam
2912 5715 3077 5784 pedes
3103 5712 3388 5775 Heniochi.
