  <div class='ocr_page' id='page_1' title='image "/cluster/home/n/w/nwhite01/storage/ocr_20150623/19/mdp.39015061293422/523.png"; bbox 0 0 3928 6266; ppageno 0'>
   <div class='ocr_carea' id='block_1_1' title="bbox 475 251 607 310">
    <p class='ocr_par' dir='ltr' id='par_1_1' title="bbox 475 251 607 310">
     <span class='ocr_line' id='line_1_1' title="bbox 475 251 607 310; baseline -0.015 -2"><span class='ocrx_word' id='word_1_1' title='bbox 475 251 607 310; x_wconf 71' lang='grc'><strong>1051</strong></span> 
     </span>
    </p>
   </div>
   <div class='ocr_carea' id='block_1_2' title="bbox 1489 247 2722 308">
    <p class='ocr_par' dir='ltr' id='par_1_2' title="bbox 1489 247 2722 308">
     <span class='ocr_line' id='line_1_2' title="bbox 1489 247 2722 308; baseline 0.002 -3"><span class='ocrx_word' id='word_1_2' title='bbox 1489 249 1581 305; x_wconf 88' lang='lat' dir='ltr'><strong>AD</strong></span> <span class='ocrx_word' id='word_1_3' title='bbox 1617 247 1890 307; x_wconf 85' lang='lat' dir='ltr'><strong>EUSEBII</strong></span> <span class='ocrx_word' id='word_1_4' title='bbox 1927 247 2324 307; x_wconf 78' lang='lat' dir='ltr'><strong>CHRONICON</strong></span> <span class='ocrx_word' id='word_1_5' title='bbox 2360 250 2722 308; x_wconf 75' lang='lat' dir='ltr'><strong>APPENDIX.</strong></span> 
     </span>
    </p>
   </div>
   <div class='ocr_carea' id='block_1_3' title="bbox 3571 260 3723 316">
    <p class='ocr_par' dir='ltr' id='par_1_3' title="bbox 3571 260 3723 316">
     <span class='ocr_line' id='line_1_3' title="bbox 3571 260 3723 316; baseline -0.007 0"><span class='ocrx_word' id='word_1_6' title='bbox 3571 260 3723 316; x_wconf 70' lang='lat'><strong>{052</strong></span> 
     </span>
    </p>
   </div>
   <div class='ocr_carea' id='block_1_4' title="bbox 471 365 2029 447">
    <p class='ocr_par' dir='ltr' id='par_1_4' title="bbox 471 365 2029 440">
     <span class='ocr_line' id='line_1_4' title="bbox 471 365 2029 440; baseline 0.001 -17"><span class='ocrx_word' id='word_1_7' title='bbox 471 383 561 424; x_wconf 86' lang='lat' dir='ltr'><strong>res</strong></span> <span class='ocrx_word' id='word_1_8' title='bbox 597 376 724 424; x_wconf 80' lang='lat' dir='ltr'><strong>sunt</strong></span> <span class='ocrx_word' id='word_1_9' title='bbox 753 366 818 423; x_wconf 92' lang='lat' dir='ltr'><strong>iis</strong></span> <span class='ocrx_word' id='word_1_10' title='bbox 844 382 964 438; x_wconf 59' lang='lat' dir='ltr'><strong>quae</strong></span> <span class='ocrx_word' id='word_1_11' title='bbox 1001 375 1126 422; x_wconf 88' lang='lat' dir='ltr'><strong>sunt</strong></span> <span class='ocrx_word' id='word_1_12' title='bbox 1155 365 1212 420; x_wconf 92' lang='lat' dir='ltr'><strong>in</strong></span> <span class='ocrx_word' id='word_1_13' title='bbox 1266 365 1624 422; x_wconf 68' lang='lat' dir='ltr'><strong>Andromedae</strong></span> <span class='ocrx_word' id='word_1_14' title='bbox 1656 368 1876 440; x_wconf 80' lang='lat' dir='ltr'><strong>cingulo</strong></span> <span class='ocrx_word' id='word_1_15' title='bbox 1919 384 1934 422; x_wconf 88' lang='lat'>:</span> <span class='ocrx_word' id='word_1_16' title='bbox 1972 384 2029 424; x_wconf 87' lang='lat' dir='ltr'><strong>ac</strong></span> 
     </span>
    </p>
   </div>
   <div class='ocr_carea' id='block_1_5' title="bbox 2142 365 3725 447">
    <p class='ocr_par' dir='ltr' id='par_1_5' title="bbox 2142 369 3725 447">
     <span class='ocr_line' id='line_1_5' title="bbox 2142 369 3725 447; baseline 0.004 -25"><span class='ocrx_word' id='word_1_17' title='bbox 2142 369 2392 441; x_wconf 86' lang='grc' dir='ltr'>πρότεροι</span> <span class='ocrx_word' id='word_1_18' title='bbox 2426 373 2528 425; x_wconf 68' lang='grc' dir='ltr'>εισι</span> <span class='ocrx_word' id='word_1_19' title='bbox 2565 371 2673 425; x_wconf 82' lang='grc' dir='ltr'><strong>τῶν</strong></span> <span class='ocrx_word' id='word_1_20' title='bbox 2701 373 2758 423; x_wconf 82' lang='grc' dir='ltr'>ὲν</span> <span class='ocrx_word' id='word_1_21' title='bbox 2787 373 2850 442; x_wconf 83' lang='grc' dir='ltr'><strong>τῇ</strong></span> <span class='ocrx_word' id='word_1_22' title='bbox 2883 371 3027 445; x_wconf 79' lang='grc' dir='ltr'><strong>ζώνῃ</strong></span> <span class='ocrx_word' id='word_1_23' title='bbox 3056 372 3154 444; x_wconf 82' lang='grc' dir='ltr'><strong>τῆς</strong></span> <span class='ocrx_word' id='word_1_24' title='bbox 3185 373 3542 447; x_wconf 77' lang='grc' dir='ltr'><strong>Ἀνδρομέδας</strong></span> <span class='ocrx_word' id='word_1_25' title='bbox 3566 392 3582 407; x_wconf 87' lang='grc'><strong>·</strong></span> <span class='ocrx_word' id='word_1_26' title='bbox 3626 376 3725 445; x_wconf 70' lang='grc' dir='ltr'><strong>ἐγ.</strong></span> 
     </span>
    </p>
   </div>
   <div class='ocr_carea' id='block_1_6' title="bbox 470 457 2034 531">
    <p class='ocr_par' dir='ltr' id='par_1_6' title="bbox 470 457 2034 531">
     <span class='ocr_line' id='line_1_6' title="bbox 470 457 2034 531; baseline 0.001 -17"><span class='ocrx_word' id='word_1_27' title='bbox 470 459 718 531; x_wconf 82' lang='lat' dir='ltr'><strong>proxime</strong></span> <span class='ocrx_word' id='word_1_28' title='bbox 748 457 814 512; x_wconf 88' lang='lat' dir='ltr'><strong>ad</strong></span> <span class='ocrx_word' id='word_1_29' title='bbox 841 474 932 514; x_wconf 86' lang='lat' dir='ltr'><strong>eas</strong></span> <span class='ocrx_word' id='word_1_30' title='bbox 957 457 1222 512; x_wconf 90' lang='lat' dir='ltr'><strong>accedunt</strong></span> <span class='ocrx_word' id='word_1_31' title='bbox 1256 472 1377 528; x_wconf 65' lang='lat' dir='ltr'><strong>quae</strong></span> <span class='ocrx_word' id='word_1_32' title='bbox 1433 460 1489 512; x_wconf 91' lang='lat' dir='ltr'><strong>in</strong></span> <span class='ocrx_word' id='word_1_33' title='bbox 1533 460 1810 531; x_wconf 86' lang='lat' dir='ltr'><strong>triangulo</strong></span> <span class='ocrx_word' id='word_1_34' title='bbox 1853 471 1982 518; x_wconf 90' lang='lat' dir='ltr'><strong>sunt</strong></span> <span class='ocrx_word' id='word_1_35' title='bbox 2021 481 2034 516; x_wconf 89' lang='lat'><strong>:</strong></span> 
     </span>
    </p>
   </div>
   <div class='ocr_carea' id='block_1_7' title="bbox 472 548 2041 620">
    <p class='ocr_par' dir='ltr' id='par_1_7' title="bbox 472 548 2041 620">
     <span class='ocr_line' id='line_1_7' title="bbox 472 548 2041 620; baseline 0.001 -15"><span class='ocrx_word' id='word_1_36' title='bbox 472 557 534 605; x_wconf 89' lang='lat' dir='ltr'><strong>ut</strong></span> <span class='ocrx_word' id='word_1_37' title='bbox 561 550 630 604; x_wconf 84' lang='lat' dir='ltr'><strong>ab</strong></span> <span class='ocrx_word' id='word_1_38' title='bbox 655 549 734 604; x_wconf 88' lang='lat' dir='ltr'><strong>eis</strong></span> <span class='ocrx_word' id='word_1_39' title='bbox 763 563 872 603; x_wconf 88' lang='lat' dir='ltr'><strong>non</strong></span> <span class='ocrx_word' id='word_1_40' title='bbox 900 548 1130 602; x_wconf 91' lang='lat' dir='ltr'><strong>multum</strong></span> <span class='ocrx_word' id='word_1_41' title='bbox 1155 555 1514 617; x_wconf 69' lang='lat' dir='ltr'><strong>superentur;</strong></span> <span class='ocrx_word' id='word_1_42' title='bbox 1549 549 1644 604; x_wconf 92' lang='lat' dir='ltr'><strong>sed</strong></span> <span class='ocrx_word' id='word_1_43' title='bbox 1679 557 1733 604; x_wconf 91' lang='lat' dir='ltr'><strong>et</strong></span> <span class='ocrx_word' id='word_1_44' title='bbox 1788 551 1878 604; x_wconf 90' lang='lat' dir='ltr'><strong>illa</strong></span> <span class='ocrx_word' id='word_1_45' title='bbox 1927 565 2041 620; x_wconf 71' lang='lat' dir='ltr'><strong>pra:</strong></span> 
     </span>
    </p>
   </div>
   <div class='ocr_carea' id='block_1_8' title="bbox 472 640 2041 712">
    <p class='ocr_par' dir='ltr' id='par_1_8' title="bbox 472 640 2041 712">
     <span class='ocr_line' id='line_1_8' title="bbox 472 640 2041 712; baseline 0.001 -14"><span class='ocrx_word' id='word_1_46' title='bbox 472 644 682 698; x_wconf 69' lang='lat' dir='ltr'><strong>caeteris</strong></span> <span class='ocrx_word' id='word_1_47' title='bbox 716 642 1011 712; x_wconf 88' lang='lat' dir='ltr'><strong>conspicua</strong></span> <span class='ocrx_word' id='word_1_48' title='bbox 1047 648 1152 706; x_wconf 87' lang='lat' dir='ltr'><strong>est,</strong></span> <span class='ocrx_word' id='word_1_49' title='bbox 1203 655 1324 710; x_wconf 80' lang='lat' dir='ltr'><strong>quae</strong></span> <span class='ocrx_word' id='word_1_50' title='bbox 1379 640 1436 694; x_wconf 84' lang='lat' dir='ltr'><strong>in</strong></span> <span class='ocrx_word' id='word_1_51' title='bbox 1495 641 1861 698; x_wconf 84' lang='lat' dir='ltr'><strong>anterioribus</strong></span> <span class='ocrx_word' id='word_1_52' title='bbox 1893 643 2041 700; x_wconf 81' lang='lat' dir='ltr'><strong>illius</strong></span> 
     </span>
    </p>
   </div>
   <div class='ocr_carea' id='block_1_9' title="bbox 471 732 2040 806">
    <p class='ocr_par' dir='ltr' id='par_1_9' title="bbox 471 732 2040 806">
     <span class='ocr_line' id='line_1_9' title="bbox 471 732 2040 806; baseline 0 -16"><span class='ocrx_word' id='word_1_53' title='bbox 471 735 700 806; x_wconf 83' lang='lat' dir='ltr'><strong>pedibus</strong></span> <span class='ocrx_word' id='word_1_54' title='bbox 729 741 813 788; x_wconf 91' lang='lat' dir='ltr'><strong>est</strong></span> <span class='ocrx_word' id='word_1_55' title='bbox 833 735 1030 806; x_wconf 89' lang='lat' dir='ltr'><strong>posita.</strong></span> <span class='ocrx_word' id='word_1_56' title='bbox 1058 732 1221 788; x_wconf 88' lang='lat' dir='ltr'><strong>Falso</strong></span> <span class='ocrx_word' id='word_1_57' title='bbox 1257 733 1484 802; x_wconf 87' lang='lat' dir='ltr'><strong>insuper</strong></span> <span class='ocrx_word' id='word_1_58' title='bbox 1509 740 1568 788; x_wconf 89' lang='lat' dir='ltr'><strong>et</strong></span> <span class='ocrx_word' id='word_1_59' title='bbox 1608 733 1742 789; x_wconf 92' lang='lat' dir='ltr'><strong>illud</strong></span> <span class='ocrx_word' id='word_1_60' title='bbox 1766 735 1836 790; x_wconf 89' lang='lat' dir='ltr'><strong>ab</strong></span> <span class='ocrx_word' id='word_1_61' title='bbox 1873 734 2040 790; x_wconf 87' lang='lat' dir='ltr'><strong>Arato</strong></span> 
     </span>
    </p>
   </div>
   <div class='ocr_carea' id='block_1_10' title="bbox 469 829 825 883">
    <p class='ocr_par' dir='ltr' id='par_1_10' title="bbox 469 829 825 883">
     <span class='ocr_line' id='line_1_10' title="bbox 469 829 825 883; baseline -0.006 -1"><span class='ocrx_word' id='word_1_62' title='bbox 469 829 676 882; x_wconf 80' lang='lat' dir='ltr'><strong>dictum</strong></span> <span class='ocrx_word' id='word_1_63' title='bbox 702 837 786 883; x_wconf 91' lang='lat' dir='ltr'><strong>est</strong></span> <span class='ocrx_word' id='word_1_64' title='bbox 813 843 825 880; x_wconf 89' lang='lat'><strong>:</strong></span> 
     </span>
    </p>
   </div>
   <div class='ocr_carea' id='block_1_11' title="bbox 474 938 2038 1081">
    <p class='ocr_par' dir='ltr' id='par_1_11' title="bbox 474 938 2038 1081">
     <span class='ocr_line' id='line_1_11' title="bbox 474 938 2038 1081; baseline -0.001 -87"><span class='ocrx_word' id='word_1_65' title='bbox 474 938 598 994; x_wconf 68' lang='lat' dir='ltr'><strong>Illa:</strong></span> <span class='ocrx_word' id='word_1_66' title='bbox 622 955 737 994; x_wconf 82' lang='lat' dir='ltr'><strong>vero</strong></span> <span class='ocrx_word' id='word_1_67' title='bbox 762 938 929 992; x_wconf 84' lang='lat' dir='ltr'><strong>adhuc</strong></span> <span class='ocrx_word' id='word_1_68' title='bbox 956 939 1221 1004; x_wconf 82' lang='lat' dir='ltr'><strong>anterius;</strong></span> <span class='ocrx_word' id='word_1_69' title='bbox 1249 947 1502 1008; x_wconf 74' lang='lat' dir='ltr'><strong>praeterea</strong></span> <span class='ocrx_word' id='word_1_70' title='bbox 1528 947 1700 1081; x_wconf 47' lang='lat' dir='ltr'><strong>aniens</strong></span> <span class='ocrx_word' id='word_1_71' title='bbox 1728 938 1781 990; x_wconf 88' lang='lat' dir='ltr'><strong>in</strong></span> <span class='ocrx_word' id='word_1_72' title='bbox 1815 953 2038 1019; x_wconf 71' lang='lat' dir='ltr'><strong>procur-</strong></span> 
     </span>
     <span class='ocr_line' id='line_1_12' title="bbox 1318 1018 1963 1064; baseline 0.002 -3"><span class='ocrx_word' id='word_1_73' title='bbox 1318 1030 1319 1033; x_wconf 47' lang='grc' dir='ltr'><strong>η</strong></span> <span class='ocrx_word' id='word_1_74' title='bbox 1624 1026 1666 1062; x_wconf 83' lang='lat' dir='ltr'><strong>st</strong></span> <span class='ocrx_word' id='word_1_75' title='bbox 1705 1024 1764 1062; x_wconf 83' lang='lat' dir='ltr'><strong>us</strong></span> <span class='ocrx_word' id='word_1_76' title='bbox 1791 1018 1963 1064; x_wconf 66' lang='lat' dir='ltr'><strong>austra</strong></span> 
     </span>
    </p>
   </div>
   <div class='ocr_carea' id='block_1_12' title="bbox 1318 1018 1963 1064">
    <p class='ocr_par' dir='ltr' id='par_1_12' title="bbox 1318 1018 1963 1064">
     <span class='ocr_line' id='line_1_13' title="bbox 1318 1018 1963 1064; baseline -0.002 -1"><span class='ocrx_word' id='word_1_77' title='bbox 1318 1030 1319 1033; x_wconf 43' lang='grc' dir='ltr'><strong>η</strong></span> <span class='ocrx_word' id='word_1_78' title='bbox 1601 1018 1764 1064; x_wconf 80' lang='lat' dir='ltr'><strong>Istbus</strong></span> <span class='ocrx_word' id='word_1_79' title='bbox 1791 1018 1963 1064; x_wconf 66' lang='lat' dir='ltr'><strong>austri</strong></span> 
     </span>
    </p>
   </div>
   <div class='ocr_carea' id='block_1_13' title="bbox 471 1079 726 1134">
    <p class='ocr_par' dir='ltr' id='par_1_13' title="bbox 471 1079 726 1134">
     <span class='ocr_line' id='line_1_14' title="bbox 471 1079 726 1134; baseline -0.004 -1"><span class='ocrx_word' id='word_1_80' title='bbox 471 1079 697 1134; x_wconf 80' lang='lat' dir='ltr'><strong>Pisces..</strong></span> <span class='ocrx_word' id='word_1_81' title='bbox 712 1119 726 1132; x_wconf 93' lang='lat'><strong>.</strong></span> 
     </span>
    </p>
   </div>
   <div class='ocr_carea' id='block_1_14' title="bbox 539 1171 2038 1242">
    <p class='ocr_par' dir='ltr' id='par_1_14' title="bbox 539 1171 2038 1242">
     <span class='ocr_line' id='line_1_15' title="bbox 539 1171 2038 1242; baseline 0.001 -16"><span class='ocrx_word' id='word_1_82' title='bbox 539 1171 676 1226; x_wconf 84' lang='lat' dir='ltr'><strong>Nam</strong></span> <span class='ocrx_word' id='word_1_83' title='bbox 707 1187 1047 1242; x_wconf 86' lang='lat' dir='ltr'><strong>nequaquam</strong></span> <span class='ocrx_word' id='word_1_84' title='bbox 1095 1172 1254 1227; x_wconf 89' lang='lat' dir='ltr'><strong>ambo</strong></span> <span class='ocrx_word' id='word_1_85' title='bbox 1284 1179 1412 1228; x_wconf 90' lang='lat' dir='ltr'><strong>sunt</strong></span> <span class='ocrx_word' id='word_1_86' title='bbox 1437 1172 1624 1227; x_wconf 88' lang='lat' dir='ltr'><strong>Pisces</strong></span> <span class='ocrx_word' id='word_1_87' title='bbox 1677 1171 2038 1228; x_wconf 85' lang='lat' dir='ltr'><strong>australiores</strong></span> 
     </span>
    </p>
   </div>
   <div class='ocr_carea' id='block_1_15' title="bbox 467 1263 2039 1335">
    <p class='ocr_par' dir='ltr' id='par_1_15' title="bbox 467 1263 2039 1335">
     <span class='ocr_line' id='line_1_16' title="bbox 467 1263 2039 1335; baseline 0 -17"><span class='ocrx_word' id='word_1_88' title='bbox 467 1264 652 1321; x_wconf 86' lang='lat' dir='ltr'><strong>Ariete</strong></span> <span class='ocrx_word' id='word_1_89' title='bbox 678 1305 692 1331; x_wconf 88' lang='lat'><strong>,</strong></span> <span class='ocrx_word' id='word_1_90' title='bbox 723 1266 817 1321; x_wconf 91' lang='lat' dir='ltr'><strong>sed</strong></span> <span class='ocrx_word' id='word_1_91' title='bbox 873 1281 1014 1319; x_wconf 91' lang='lat' dir='ltr'><strong>unus</strong></span> <span class='ocrx_word' id='word_1_92' title='bbox 1056 1265 1321 1318; x_wconf 85' lang='lat' dir='ltr'><strong>duntaxat</strong></span> <span class='ocrx_word' id='word_1_93' title='bbox 1357 1266 1597 1322; x_wconf 90' lang='lat' dir='ltr'><strong>illorum.</strong></span> <span class='ocrx_word' id='word_1_94' title='bbox 1657 1263 1870 1320; x_wconf 79' lang='lat' dir='ltr'><strong>Etenim</strong></span> <span class='ocrx_word' id='word_1_95' title='bbox 1916 1280 2039 1335; x_wconf 74' lang='lat' dir='ltr'><strong>quae</strong></span> 
     </span>
    </p>
   </div>
   <div class='ocr_carea' id='block_1_16' title="bbox 469 1354 2037 1425">
    <p class='ocr_par' dir='ltr' id='par_1_16' title="bbox 469 1354 2037 1425">
     <span class='ocr_line' id='line_1_17' title="bbox 469 1354 2037 1425; baseline -0.001 -16"><span class='ocrx_word' id='word_1_96' title='bbox 469 1364 598 1409; x_wconf 91' lang='lat' dir='ltr'><strong>sunt</strong></span> <span class='ocrx_word' id='word_1_97' title='bbox 633 1356 686 1408; x_wconf 91' lang='lat' dir='ltr'><strong>in</strong></span> <span class='ocrx_word' id='word_1_98' title='bbox 715 1365 892 1410; x_wconf 87' lang='lat' dir='ltr'><strong>rostro</strong></span> <span class='ocrx_word' id='word_1_99' title='bbox 925 1356 1248 1411; x_wconf 87' lang='lat' dir='ltr'><strong>borealioris</strong></span> <span class='ocrx_word' id='word_1_100' title='bbox 1271 1354 1533 1420; x_wconf 89' lang='lat' dir='ltr'><strong>Piscium,</strong></span> <span class='ocrx_word' id='word_1_101' title='bbox 1569 1356 1731 1425; x_wconf 86' lang='lat' dir='ltr'><strong>paulo</strong></span> <span class='ocrx_word' id='word_1_102' title='bbox 1764 1370 1888 1409; x_wconf 91' lang='lat' dir='ltr'><strong>cum</strong></span> <span class='ocrx_word' id='word_1_103' title='bbox 1925 1355 2037 1409; x_wconf 88' lang='lat' dir='ltr'><strong>sint</strong></span> 
     </span>
    </p>
   </div>
   <div class='ocr_carea' id='block_1_17' title="bbox 469 1446 2037 1517">
    <p class='ocr_par' dir='ltr' id='par_1_17' title="bbox 469 1446 2037 1517">
     <span class='ocr_line' id='line_1_18' title="bbox 469 1446 2037 1517; baseline 0.001 -17"><span class='ocrx_word' id='word_1_104' title='bbox 469 1448 823 1502; x_wconf 87' lang='lat' dir='ltr'><strong>australiores</strong></span> <span class='ocrx_word' id='word_1_105' title='bbox 848 1447 1174 1502; x_wconf 85' lang='lat' dir='ltr'><strong>succedente</strong></span> <span class='ocrx_word' id='word_1_106' title='bbox 1204 1463 1391 1501; x_wconf 89' lang='lat' dir='ltr'><strong>earum</strong></span> <span class='ocrx_word' id='word_1_107' title='bbox 1417 1463 1537 1517; x_wconf 64' lang='lat' dir='ltr'><strong>quae</strong></span> <span class='ocrx_word' id='word_1_108' title='bbox 1569 1447 1624 1501; x_wconf 93' lang='lat' dir='ltr'><strong>in</strong></span> <span class='ocrx_word' id='word_1_109' title='bbox 1677 1446 2037 1502; x_wconf 72' lang='lat' dir='ltr'><strong>Andromeda:</strong></span> 
     </span>
    </p>
   </div>
   <div class='ocr_carea' id='block_1_18' title="bbox 468 1527 2030 1610">
    <p class='ocr_par' dir='ltr' id='par_1_18' title="bbox 468 1527 2030 1610">
     <span class='ocr_line' id='line_1_19' title="bbox 468 1527 2030 1610; baseline -0.001 -17"><span class='ocrx_word' id='word_1_110' title='bbox 468 1539 685 1608; x_wconf 79' lang='lat' dir='ltr'><strong>cingulo</strong></span> <span class='ocrx_word' id='word_1_111' title='bbox 706 1554 736 1591; x_wconf 88' lang='lat' dir='ltr'><strong>a</strong></span> <span class='ocrx_word' id='word_1_112' title='bbox 766 1527 1175 1608; x_wconf 63' lang='lat' dir='ltr'><strong>septen&#39;trionali</strong></span> <span class='ocrx_word' id='word_1_113' title='bbox 1211 1540 1335 1610; x_wconf 90' lang='lat' dir='ltr'><strong>polo</strong></span> <span class='ocrx_word' id='word_1_114' title='bbox 1363 1539 1570 1593; x_wconf 86' lang='lat' dir='ltr'><strong>distant</strong></span> <span class='ocrx_word' id='word_1_115' title='bbox 1627 1539 1875 1609; x_wconf 88' lang='lat' dir='ltr'><strong>partibus</strong></span> <span class='ocrx_word' id='word_1_116' title='bbox 1920 1537 1989 1592; x_wconf 86' lang='lat'><strong>70</strong></span> <span class='ocrx_word' id='word_1_117' title='bbox 2016 1556 2030 1605; x_wconf 91' lang='lat'><strong>;</strong></span> 
     </span>
    </p>
   </div>
   <div class='ocr_carea' id='block_1_19' title="bbox 467 1612 2036 1699">
    <p class='ocr_par' dir='ltr' id='par_1_19' title="bbox 467 1612 2036 1699">
     <span class='ocr_line' id='line_1_20' title="bbox 467 1612 2036 1699; baseline 0 -17"><span class='ocrx_word' id='word_1_118' title='bbox 467 1612 798 1683; x_wconf 70' lang='lat' dir='ltr'><strong>antecedens</strong></span> <span class='ocrx_word' id='word_1_119' title='bbox 824 1646 950 1684; x_wconf 75' lang='lat' dir='ltr'><strong>vero</strong></span> <span class='ocrx_word' id='word_1_120' title='bbox 974 1645 1160 1684; x_wconf 90' lang='lat' dir='ltr'><strong>earum</strong></span> <span class='ocrx_word' id='word_1_121' title='bbox 1194 1645 1313 1699; x_wconf 63' lang='lat' dir='ltr'><strong>qua:</strong></span> <span class='ocrx_word' id='word_1_122' title='bbox 1335 1640 1463 1684; x_wconf 89' lang='lat' dir='ltr'><strong>sunt</strong></span> <span class='ocrx_word' id='word_1_123' title='bbox 1495 1631 1549 1683; x_wconf 87' lang='lat' dir='ltr'><strong>in</strong></span> <span class='ocrx_word' id='word_1_124' title='bbox 1585 1629 1757 1683; x_wconf 87' lang='lat' dir='ltr'><strong>cauda</strong></span> <span class='ocrx_word' id='word_1_125' title='bbox 1789 1629 1956 1685; x_wconf 86' lang='lat' dir='ltr'><strong>distat</strong></span> <span class='ocrx_word' id='word_1_126' title='bbox 2005 1644 2036 1682; x_wconf 89' lang='lat' dir='ltr'><strong>a</strong></span> 
     </span>
    </p>
   </div>
   <div class='ocr_carea' id='block_1_20' title="bbox 2144 460 3725 539">
    <p class='ocr_par' dir='ltr' id='par_1_20' title="bbox 2144 460 3725 539">
     <span class='ocr_line' id='line_1_21' title="bbox 2144 460 3725 539; baseline 0.006 -27"><span class='ocrx_word' id='word_1_127' title='bbox 2144 475 2305 527; x_wconf 86' lang='grc' dir='ltr'>γιστα</span> <span class='ocrx_word' id='word_1_128' title='bbox 2327 460 2383 513; x_wconf 83' lang='grc' dir='ltr'>δὲ</span> <span class='ocrx_word' id='word_1_129' title='bbox 2404 463 2496 514; x_wconf 72' lang='grc' dir='ltr'>καὶ</span> <span class='ocrx_word' id='word_1_130' title='bbox 2530 461 2635 514; x_wconf 86' lang='grc' dir='ltr'><strong>τῶν</strong></span> <span class='ocrx_word' id='word_1_131' title='bbox 2672 465 2729 515; x_wconf 85' lang='grc' dir='ltr'>ὲν</span> <span class='ocrx_word' id='word_1_132' title='bbox 2753 461 2829 533; x_wconf 83' lang='grc' dir='ltr'>τῷ</span> <span class='ocrx_word' id='word_1_133' title='bbox 2852 463 3118 535; x_wconf 72' lang='grc' dir='ltr'><strong>τριγώνῳ¹</strong></span> <span class='ocrx_word' id='word_1_134' title='bbox 3151 466 3211 517; x_wconf 83' lang='grc' dir='ltr'>οὺ</span> <span class='ocrx_word' id='word_1_135' title='bbox 3239 466 3370 519; x_wconf 81' lang='grc' dir='ltr'>πολὺ</span> <span class='ocrx_word' id='word_1_136' title='bbox 3397 466 3725 539; x_wconf 78' lang='grc' dir='ltr'><strong>λειπόμενοι</strong></span> 
     </span>
    </p>
   </div>
   <div class='ocr_carea' id='block_1_21' title="bbox 2143 551 3723 630">
    <p class='ocr_par' dir='ltr' id='par_1_21' title="bbox 2143 551 3723 630">
     <span class='ocr_line' id='line_1_22' title="bbox 2143 551 3723 630; baseline 0.004 -24"><span class='ocrx_word' id='word_1_137' title='bbox 2143 551 2341 606; x_wconf 84' lang='grc' dir='ltr'>αὐτῶν.</span> <span class='ocrx_word' id='word_1_138' title='bbox 2390 552 2585 617; x_wconf 82' lang='grc' dir='ltr'>Καλῶς</span> <span class='ocrx_word' id='word_1_139' title='bbox 2622 553 2679 607; x_wconf 86' lang='grc' dir='ltr'><strong>δέ</strong></span> <span class='ocrx_word' id='word_1_140' title='bbox 2723 555 2868 607; x_wconf 81' lang='grc' dir='ltr'>ἐστιν</span> <span class='ocrx_word' id='word_1_141' title='bbox 2911 555 3149 627; x_wconf 79' lang='grc' dir='ltr'>ἐκφανὴς</span> <span class='ocrx_word' id='word_1_142' title='bbox 3175 557 3267 610; x_wconf 69' lang='grc' dir='ltr'>καὶ</span> <span class='ocrx_word' id='word_1_143' title='bbox 3303 560 3331 612; x_wconf 84' lang='grc' dir='ltr'><strong>ό</strong></span> <span class='ocrx_word' id='word_1_144' title='bbox 3377 561 3434 611; x_wconf 82' lang='grc' dir='ltr'>ὲν</span> <span class='ocrx_word' id='word_1_145' title='bbox 3477 563 3592 623; x_wconf 83' lang='grc' dir='ltr'>τοῖς</span> <span class='ocrx_word' id='word_1_146' title='bbox 3619 561 3723 630; x_wconf 76' lang='grc' dir='ltr'><strong>ἐμ-</strong></span> 
     </span>
    </p>
   </div>
   <div class='ocr_carea' id='block_1_22' title="bbox 2142 644 3725 720">
    <p class='ocr_par' dir='ltr' id='par_1_22' title="bbox 2142 644 3725 720">
     <span class='ocr_line' id='line_1_23' title="bbox 2142 644 3725 720; baseline 0.006 -24"><span class='ocrx_word' id='word_1_147' title='bbox 2142 644 2416 716; x_wconf 81' lang='grc' dir='ltr'>προσθίοις</span> <span class='ocrx_word' id='word_1_148' title='bbox 2449 645 2611 699; x_wconf 77' lang='grc' dir='ltr'>αὑτοῦ</span> <span class='ocrx_word' id='word_1_149' title='bbox 2654 647 2780 700; x_wconf 75' lang='grc' dir='ltr'>ποσὶ</span> <span class='ocrx_word' id='word_1_150' title='bbox 2819 648 3085 718; x_wconf 80' lang='grc' dir='ltr'><strong>κείμενος.</strong></span> <span class='ocrx_word' id='word_1_151' title='bbox 3121 650 3343 714; x_wconf 83' lang='grc' dir='ltr'>Ψευδῶς</span> <span class='ocrx_word' id='word_1_152' title='bbox 3393 651 3449 704; x_wconf 83' lang='grc' dir='ltr'>δὲ</span> <span class='ocrx_word' id='word_1_153' title='bbox 3493 650 3725 720; x_wconf 84' lang='grc' dir='ltr'>λέγεται</span> 
     </span>
    </p>
   </div>
   <div class='ocr_carea' id='block_1_23' title="bbox 2141 737 2983 810">
    <p class='ocr_par' dir='ltr' id='par_1_23' title="bbox 2141 737 2983 810">
     <span class='ocr_line' id='line_1_24' title="bbox 2141 737 2983 810; baseline 0.005 -21"><span class='ocrx_word' id='word_1_154' title='bbox 2141 738 2235 790; x_wconf 75' lang='grc' dir='ltr'>καὶ</span> <span class='ocrx_word' id='word_1_155' title='bbox 2260 737 2430 791; x_wconf 83' lang='grc' dir='ltr'>ταῦτα</span> <span class='ocrx_word' id='word_1_156' title='bbox 2454 739 2558 792; x_wconf 83' lang='grc' dir='ltr'><strong>ὑπὸ</strong></span> <span class='ocrx_word' id='word_1_157' title='bbox 2578 739 2672 792; x_wconf 81' lang='grc' dir='ltr'>τοῦ</span> <span class='ocrx_word' id='word_1_158' title='bbox 2718 739 2944 810; x_wconf 81' lang='grc' dir='ltr'><strong>Ἀράτου</strong></span> <span class='ocrx_word' id='word_1_159' title='bbox 2970 757 2983 770; x_wconf 91' lang='grc'><strong>·</strong></span> 
     </span>
    </p>
   </div>
   <div class='ocr_carea' id='block_1_24' title="bbox 2143 937 3720 1013">
    <p class='ocr_par' dir='ltr' id='par_1_24' title="bbox 2143 937 3720 1013">
     <span class='ocr_line' id='line_1_25' title="bbox 2143 937 3720 1013; baseline 0.002 -18"><span class='ocrx_word' id='word_1_160' title='bbox 2143 945 2207 996; x_wconf 78' lang='lat' dir='ltr'><strong>Ol</strong></span> <span class='ocrx_word' id='word_1_161' title='bbox 2237 937 2290 997; x_wconf 80' lang='grc' dir='ltr'>δ’</span> <span class='ocrx_word' id='word_1_162' title='bbox 2322 940 2412 1010; x_wconf 80' lang='grc' dir='ltr'><strong>ἄρ’</strong></span> <span class='ocrx_word' id='word_1_163' title='bbox 2440 943 2524 996; x_wconf 83' lang='grc' dir='ltr'>ἐτι</span> <span class='ocrx_word' id='word_1_164' title='bbox 2547 940 2832 1010; x_wconf 75' lang='grc' dir='ltr'>προτέρωσ</span> <span class='ocrx_word' id='word_1_165' title='bbox 2866 941 2953 995; x_wconf 79' lang='grc' dir='ltr'>ἔτι</span> <span class='ocrx_word' id='word_1_166' title='bbox 2976 943 3028 995; x_wconf 82' lang='grc' dir='ltr'>δ’</span> <span class='ocrx_word' id='word_1_167' title='bbox 3057 943 3126 996; x_wconf 78' lang='grc' dir='ltr'><strong>ἐν</strong></span> <span class='ocrx_word' id='word_1_168' title='bbox 3152 942 3481 1013; x_wconf 73' lang='grc' dir='ltr'>προϐολῇσι</span> <span class='ocrx_word' id='word_1_169' title='bbox 3511 944 3720 998; x_wconf 81' lang='grc' dir='ltr'>νότοιο</span> 
     </span>
    </p>
   </div>
   <div class='ocr_carea' id='block_1_25' title="bbox 2152 1077 2458 1147">
    <p class='ocr_par' dir='ltr' id='par_1_25' title="bbox 2152 1077 2458 1147">
     <span class='ocr_line' id='line_1_26' title="bbox 2152 1077 2458 1147; baseline -0.013 -14"><span class='ocrx_word' id='word_1_170' title='bbox 2152 1077 2387 1147; x_wconf 85' lang='grc' dir='ltr'>Ἰχθύες.</span> <span class='ocrx_word' id='word_1_171' title='bbox 2400 1117 2434 1134; x_wconf 91' lang='grc'><strong>..</strong></span> <span class='ocrx_word' id='word_1_172' title='bbox 2445 1118 2458 1130; x_wconf 94' lang='grc'><strong>.</strong></span> 
     </span>
    </p>
   </div>
   <div class='ocr_carea' id='block_1_26' title="bbox 2209 1168 3718 1242">
    <p class='ocr_par' dir='ltr' id='par_1_26' title="bbox 2209 1168 3718 1242">
     <span class='ocr_line' id='line_1_27' title="bbox 2209 1168 3718 1242; baseline -0.001 -18"><span class='ocrx_word' id='word_1_173' title='bbox 2209 1173 2281 1224; x_wconf 78' lang='grc' dir='ltr'><strong>Οὐ</strong></span> <span class='ocrx_word' id='word_1_174' title='bbox 2312 1171 2419 1241; x_wconf 82' lang='grc' dir='ltr'><strong>γὰρ</strong></span> <span class='ocrx_word' id='word_1_175' title='bbox 2437 1169 3049 1242; x_wconf 83' lang='grc' dir='ltr'>ἀμφότεροινοτιώτεροί</span> <span class='ocrx_word' id='word_1_176' title='bbox 3077 1171 3180 1223; x_wconf 89' lang='grc' dir='ltr'>εἰσι</span> <span class='ocrx_word' id='word_1_177' title='bbox 3197 1168 3288 1222; x_wconf 83' lang='grc' dir='ltr'>τοῦ</span> <span class='ocrx_word' id='word_1_178' title='bbox 3311 1168 3505 1242; x_wconf 73' lang='grc' dir='ltr'>Κριοῦ,</span> <span class='ocrx_word' id='word_1_179' title='bbox 3541 1169 3663 1222; x_wconf 83' lang='grc' dir='ltr'>ἀλλ’</span> <span class='ocrx_word' id='word_1_180' title='bbox 3685 1171 3718 1223; x_wconf 83' lang='grc' dir='ltr'><strong>ό</strong></span> 
     </span>
    </p>
   </div>
   <div class='ocr_carea' id='block_1_27' title="bbox 2138 1256 3719 1334">
    <p class='ocr_par' dir='ltr' id='par_1_27' title="bbox 2138 1256 3719 1334">
     <span class='ocr_line' id='line_1_28' title="bbox 2138 1256 3719 1334; baseline -0.003 -18"><span class='ocrx_word' id='word_1_181' title='bbox 2138 1256 2218 1327; x_wconf 76' lang='grc' dir='ltr'>εἷς</span> <span class='ocrx_word' id='word_1_182' title='bbox 2250 1264 2446 1317; x_wconf 76' lang='grc' dir='ltr'>αὐτῶν.</span> <span class='ocrx_word' id='word_1_183' title='bbox 2483 1263 2588 1316; x_wconf 79' lang='grc' dir='ltr'><strong>Τοῦ</strong></span> <span class='ocrx_word' id='word_1_184' title='bbox 2634 1263 2740 1334; x_wconf 86' lang='grc' dir='ltr'><strong>γὰρ</strong></span> <span class='ocrx_word' id='word_1_185' title='bbox 2771 1263 3104 1334; x_wconf 83' lang='grc' dir='ltr'>βορειοτέρου</span> <span class='ocrx_word' id='word_1_186' title='bbox 3140 1262 3340 1333; x_wconf 78' lang='grc' dir='ltr'><strong>’ἰχθύος</strong></span> <span class='ocrx_word' id='word_1_187' title='bbox 3375 1263 3426 1314; x_wconf 81' lang='grc' dir='ltr'>οἱ</span> <span class='ocrx_word' id='word_1_188' title='bbox 3476 1261 3577 1331; x_wconf 83' lang='grc' dir='ltr'>μὲν</span> <span class='ocrx_word' id='word_1_189' title='bbox 3620 1259 3719 1314; x_wconf 75' lang='grc' dir='ltr'><strong>ὲπὶ</strong></span> 
     </span>
    </p>
   </div>
   <div class='ocr_carea' id='block_1_28' title="bbox 2136 1352 3716 1427">
    <p class='ocr_par' dir='ltr' id='par_1_28' title="bbox 2136 1352 3716 1427">
     <span class='ocr_line' id='line_1_29' title="bbox 2136 1352 3716 1427; baseline -0.002 -19"><span class='ocrx_word' id='word_1_190' title='bbox 2136 1355 2230 1408; x_wconf 79' lang='grc' dir='ltr'>τοῦ</span> <span class='ocrx_word' id='word_1_191' title='bbox 2272 1356 2521 1427; x_wconf 73' lang='grc' dir='ltr'>ῥύγχους,</span> <span class='ocrx_word' id='word_1_192' title='bbox 2571 1355 2750 1427; x_wconf 82' lang='grc' dir='ltr'><strong>μικρῷ</strong></span> <span class='ocrx_word' id='word_1_193' title='bbox 2793 1355 3098 1427; x_wconf 81' lang='grc' dir='ltr'>νοτιώτεροι</span> <span class='ocrx_word' id='word_1_194' title='bbox 3129 1357 3277 1418; x_wconf 74' lang='grc' dir='ltr'>ὄντες</span> <span class='ocrx_word' id='word_1_195' title='bbox 3309 1353 3401 1407; x_wconf 74' lang='grc' dir='ltr'>τοῦ</span> <span class='ocrx_word' id='word_1_196' title='bbox 3440 1352 3716 1422; x_wconf 78' lang='grc' dir='ltr'><strong>ἑπομένου</strong></span> 
     </span>
    </p>
   </div>
   <div class='ocr_carea' id='block_1_29' title="bbox 2136 1444 3716 1519">
    <p class='ocr_par' dir='ltr' id='par_1_29' title="bbox 2136 1444 3716 1519">
     <span class='ocr_line' id='line_1_30' title="bbox 2136 1444 3716 1519; baseline -0.002 -19"><span class='ocrx_word' id='word_1_197' title='bbox 2136 1448 2242 1500; x_wconf 81' lang='grc' dir='ltr'><strong>τῶν</strong></span> <span class='ocrx_word' id='word_1_198' title='bbox 2283 1451 2338 1501; x_wconf 83' lang='grc' dir='ltr'><strong>έν</strong></span> <span class='ocrx_word' id='word_1_199' title='bbox 2374 1451 2438 1518; x_wconf 81' lang='grc' dir='ltr'><strong>τῇ</strong></span> <span class='ocrx_word' id='word_1_200' title='bbox 2485 1446 2627 1519; x_wconf 81' lang='grc' dir='ltr'><strong>ζώνῃ</strong></span> <span class='ocrx_word' id='word_1_201' title='bbox 2658 1448 2757 1517; x_wconf 83' lang='grc' dir='ltr'>τῆς</span> <span class='ocrx_word' id='word_1_202' title='bbox 2794 1448 3166 1519; x_wconf 82' lang='grc' dir='ltr'>Ἀνδρομέδας,</span> <span class='ocrx_word' id='word_1_203' title='bbox 3208 1447 3316 1501; x_wconf 81' lang='grc' dir='ltr'>ἀπὸ</span> <span class='ocrx_word' id='word_1_204' title='bbox 3349 1444 3443 1499; x_wconf 81' lang='grc' dir='ltr'>τοῦ</span> <span class='ocrx_word' id='word_1_205' title='bbox 3498 1444 3716 1517; x_wconf 81' lang='grc' dir='ltr'>βορείου</span> 
     </span>
    </p>
   </div>
   <div class='ocr_carea' id='block_1_30' title="bbox 2137 1537 3716 1611">
    <p class='ocr_par' dir='ltr' id='par_1_30' title="bbox 2137 1537 3716 1611">
     <span class='ocr_line' id='line_1_31' title="bbox 2137 1537 3716 1611; baseline -0.001 -19"><span class='ocrx_word' id='word_1_206' title='bbox 2137 1539 2300 1592; x_wconf 82' lang='grc' dir='ltr'>πόλου</span> <span class='ocrx_word' id='word_1_207' title='bbox 2342 1539 2601 1609; x_wconf 78' lang='grc' dir='ltr'>ἀπέχουσι</span> <span class='ocrx_word' id='word_1_208' title='bbox 2656 1540 2764 1611; x_wconf 79' lang='grc' dir='ltr'>μοί.</span> <span class='ocrx_word' id='word_1_209' title='bbox 2800 1539 2861 1592; x_wconf 79' lang='grc' dir='ltr'>ο”</span> <span class='ocrx_word' id='word_1_210' title='bbox 2896 1542 2924 1592; x_wconf 91' lang='grc' dir='ltr'><strong>ό</strong></span> <span class='ocrx_word' id='word_1_211' title='bbox 2965 1540 3020 1592; x_wconf 80' lang='grc' dir='ltr'>δὲ</span> <span class='ocrx_word' id='word_1_212' title='bbox 3061 1538 3361 1610; x_wconf 82' lang='grc' dir='ltr'>ἡγούμενος</span> <span class='ocrx_word' id='word_1_213' title='bbox 3405 1537 3514 1591; x_wconf 82' lang='grc' dir='ltr'>τῶν</span> <span class='ocrx_word' id='word_1_214' title='bbox 3556 1541 3616 1590; x_wconf 81' lang='grc' dir='ltr'>ὲν</span> 
     </span>
    </p>
   </div>
   <div class='ocr_carea' id='block_1_31' title="bbox 2136 1627 3718 1706">
    <p class='ocr_par' dir='ltr' id='par_1_31' title="bbox 2136 1627 3718 1706">
     <span class='ocr_line' id='line_1_32' title="bbox 2136 1627 3718 1706; baseline -0.004 -20"><span class='ocrx_word' id='word_1_215' title='bbox 2136 1634 2270 1706; x_wconf 78' lang='grc' dir='ltr'>οὐρᾷ</span> <span class='ocrx_word' id='word_1_216' title='bbox 2294 1633 2483 1703; x_wconf 79' lang='grc' dir='ltr'><strong>ἀπέχει</strong></span> <span class='ocrx_word' id='word_1_217' title='bbox 2507 1632 2600 1684; x_wconf 75' lang='grc' dir='ltr'><strong>τοῦ</strong></span> <span class='ocrx_word' id='word_1_218' title='bbox 2632 1631 2840 1702; x_wconf 84' lang='grc' dir='ltr'>βορείου</span> <span class='ocrx_word' id='word_1_219' title='bbox 2867 1631 3029 1684; x_wconf 85' lang='grc' dir='ltr'>πόλου</span> <span class='ocrx_word' id='word_1_220' title='bbox 3057 1631 3167 1701; x_wconf 78' lang='grc' dir='ltr'>μοί.</span> <span class='ocrx_word' id='word_1_221' title='bbox 3191 1636 3267 1699; x_wconf 84' lang='grc' dir='ltr'><strong>οη¹</strong></span> <span class='ocrx_word' id='word_1_222' title='bbox 3284 1647 3297 1659; x_wconf 91' lang='grc'>·</span> <span class='ocrx_word' id='word_1_223' title='bbox 3325 1628 3434 1682; x_wconf 82' lang='grc' dir='ltr'><strong>τῶν</strong></span> <span class='ocrx_word' id='word_1_224' title='bbox 3461 1629 3519 1681; x_wconf 80' lang='grc' dir='ltr'>δὲ</span> <span class='ocrx_word' id='word_1_225' title='bbox 3547 1630 3607 1680; x_wconf 84' lang='grc' dir='ltr'>ὲν</span> <span class='ocrx_word' id='word_1_226' title='bbox 3633 1627 3718 1698; x_wconf 83' lang='grc' dir='ltr'><strong>τῷ</strong></span> 
     </span>
    </p>
   </div>
   <div class='ocr_carea' id='block_1_32' title="bbox 464 1721 2029 1798">
    <p class='ocr_par' dir='ltr' id='par_1_32' title="bbox 464 1723 2029 1794">
     <span class='ocr_line' id='line_1_33' title="bbox 464 1723 2029 1794; baseline -0.001 -17"><span class='ocrx_word' id='word_1_227' title='bbox 464 1723 592 1794; x_wconf 90' lang='lat' dir='ltr'><strong>polo</strong></span> <span class='ocrx_word' id='word_1_228' title='bbox 614 1723 816 1778; x_wconf 82' lang='lat' dir='ltr'><strong>boreali</strong></span> <span class='ocrx_word' id='word_1_229' title='bbox 846 1724 1095 1794; x_wconf 85' lang='lat' dir='ltr'><strong>partibus</strong></span> <span class='ocrx_word' id='word_1_230' title='bbox 1123 1723 1221 1789; x_wconf 82' lang='lat'><strong>78;</strong></span> <span class='ocrx_word' id='word_1_231' title='bbox 1250 1724 1532 1778; x_wconf 84' lang='lat' dir='ltr'><strong>stellarum</strong></span> <span class='ocrx_word' id='word_1_232' title='bbox 1564 1738 1728 1794; x_wconf 88' lang='lat' dir='ltr'><strong>porro</strong></span> <span class='ocrx_word' id='word_1_233' title='bbox 1757 1739 1877 1793; x_wconf 65' lang='lat' dir='ltr'><strong>qua:</strong></span> <span class='ocrx_word' id='word_1_234' title='bbox 1908 1730 2029 1776; x_wconf 86' lang='lat' dir='ltr'><strong>sunt</strong></span> 
     </span>
    </p>
   </div>
   <div class='ocr_carea' id='block_1_33' title="bbox 2142 1721 3717 1798">
    <p class='ocr_par' dir='ltr' id='par_1_33' title="bbox 2142 1721 3717 1796">
     <span class='ocr_line' id='line_1_34' title="bbox 2142 1721 3717 1796; baseline -0.004 -18"><span class='ocrx_word' id='word_1_235' title='bbox 2142 1725 2289 1796; x_wconf 83' lang='grc' dir='ltr'>Κριῷ</span> <span class='ocrx_word' id='word_1_236' title='bbox 2306 1725 2550 1796; x_wconf 79' lang='grc' dir='ltr'><strong>ἀστέρων</strong></span> <span class='ocrx_word' id='word_1_237' title='bbox 2566 1726 2592 1777; x_wconf 91' lang='grc' dir='ltr'><strong>ό</strong></span> <span class='ocrx_word' id='word_1_238' title='bbox 2625 1724 2722 1794; x_wconf 87' lang='grc' dir='ltr'>μὲν</span> <span class='ocrx_word' id='word_1_239' title='bbox 2746 1723 3078 1795; x_wconf 77' lang='grc' dir='ltr'>βορειότερος</span> <span class='ocrx_word' id='word_1_240' title='bbox 3104 1723 3197 1775; x_wconf 74' lang='grc' dir='ltr'>καὶ</span> <span class='ocrx_word' id='word_1_241' title='bbox 3219 1722 3311 1774; x_wconf 69' lang='grc' dir='ltr'><strong>ἐπὶ</strong></span> <span class='ocrx_word' id='word_1_242' title='bbox 3345 1721 3440 1775; x_wconf 82' lang='grc' dir='ltr'>τοῦ</span> <span class='ocrx_word' id='word_1_243' title='bbox 3474 1721 3717 1791; x_wconf 74' lang='grc' dir='ltr'>ῥύγχους</span> 
     </span>
    </p>
   </div>
   <div class='ocr_carea' id='block_1_34' title="bbox 465 1814 2039 1885">
    <p class='ocr_par' dir='ltr' id='par_1_34' title="bbox 465 1814 2039 1885">
     <span class='ocr_line' id='line_1_35' title="bbox 465 1814 2039 1885; baseline -0.001 -17"><span class='ocrx_word' id='word_1_244' title='bbox 465 1814 522 1869; x_wconf 94' lang='lat' dir='ltr'><strong>in</strong></span> <span class='ocrx_word' id='word_1_245' title='bbox 553 1816 734 1870; x_wconf 85' lang='lat' dir='ltr'><strong>Ariete</strong></span> <span class='ocrx_word' id='word_1_246' title='bbox 763 1816 1035 1870; x_wconf 87' lang='lat' dir='ltr'><strong>borealior</strong></span> <span class='ocrx_word' id='word_1_247' title='bbox 1059 1819 1114 1869; x_wconf 89' lang='lat' dir='ltr'><strong>in</strong></span> <span class='ocrx_word' id='word_1_248' title='bbox 1148 1823 1329 1870; x_wconf 89' lang='lat' dir='ltr'><strong>rostro</strong></span> <span class='ocrx_word' id='word_1_249' title='bbox 1367 1816 1472 1871; x_wconf 89' lang='lat' dir='ltr'><strong>sita</strong></span> <span class='ocrx_word' id='word_1_250' title='bbox 1523 1817 1678 1870; x_wconf 85' lang='lat' dir='ltr'><strong>abest</strong></span> <span class='ocrx_word' id='word_1_251' title='bbox 1706 1829 1736 1868; x_wconf 89' lang='lat' dir='ltr'><strong>a</strong></span> <span class='ocrx_word' id='word_1_252' title='bbox 1766 1815 1890 1885; x_wconf 89' lang='lat' dir='ltr'><strong>polo</strong></span> <span class='ocrx_word' id='word_1_253' title='bbox 1914 1829 2039 1883; x_wconf 90' lang='lat' dir='ltr'><strong>par-</strong></span> 
     </span>
    </p>
   </div>
   <div class='ocr_carea' id='block_1_35' title="bbox 463 1903 2038 1977">
    <p class='ocr_par' dir='ltr' id='par_1_35' title="bbox 463 1903 2038 1977">
     <span class='ocr_line' id='line_1_36' title="bbox 463 1903 2038 1977; baseline -0.001 -16"><span class='ocrx_word' id='word_1_254' title='bbox 463 1907 612 1962; x_wconf 81' lang='lat' dir='ltr'><strong>tibus</strong></span> <span class='ocrx_word' id='word_1_255' title='bbox 639 1908 799 1977; x_wconf 87' lang='lat' dir='ltr'><strong>paulo</strong></span> <span class='ocrx_word' id='word_1_256' title='bbox 842 1907 1023 1961; x_wconf 87' lang='lat' dir='ltr'><strong>minus</strong></span> <span class='ocrx_word' id='word_1_257' title='bbox 1062 1906 1126 1961; x_wconf 86' lang='lat'><strong>78</strong></span> <span class='ocrx_word' id='word_1_258' title='bbox 1181 1925 1196 1961; x_wconf 86' lang='lat'><strong>:</strong></span> <span class='ocrx_word' id='word_1_259' title='bbox 1234 1908 1314 1961; x_wconf 92' lang='lat' dir='ltr'><strong>sic</strong></span> <span class='ocrx_word' id='word_1_260' title='bbox 1358 1903 1519 1962; x_wconf 86' lang='lat' dir='ltr'><strong>etiam</strong></span> <span class='ocrx_word' id='word_1_261' title='bbox 1548 1922 1607 1961; x_wconf 91' lang='lat' dir='ltr'><strong>se</strong></span> <span class='ocrx_word' id='word_1_262' title='bbox 1649 1907 1809 1962; x_wconf 84' lang='lat' dir='ltr'><strong>habet</strong></span> <span class='ocrx_word' id='word_1_263' title='bbox 1846 1922 2038 1962; x_wconf 86' lang='lat' dir='ltr'><strong>earum</strong></span> 
     </span>
    </p>
   </div>
   <div class='ocr_carea' id='block_1_36' title="bbox 465 1989 2037 2070">
    <p class='ocr_par' dir='ltr' id='par_1_36' title="bbox 465 1989 2037 2070">
     <span class='ocr_line' id='line_1_37' title="bbox 465 1989 2037 2070; baseline -0.004 -15"><span class='ocrx_word' id='word_1_264' title='bbox 465 2016 586 2070; x_wconf 65' lang='lat' dir='ltr'><strong>quae</strong></span> <span class='ocrx_word' id='word_1_265' title='bbox 621 2007 750 2055; x_wconf 90' lang='lat' dir='ltr'><strong>sunt</strong></span> <span class='ocrx_word' id='word_1_266' title='bbox 787 1999 842 2052; x_wconf 88' lang='lat' dir='ltr'><strong>in</strong></span> <span class='ocrx_word' id='word_1_267' title='bbox 899 2000 1072 2054; x_wconf 86' lang='lat' dir='ltr'><strong>cauda</strong></span> <span class='ocrx_word' id='word_1_268' title='bbox 1107 1989 1400 2055; x_wconf 78' lang='lat' dir='ltr'><strong>borealior.</strong></span> <span class='ocrx_word' id='word_1_269' title='bbox 1446 1999 1515 2054; x_wconf 83' lang='lat' dir='ltr'><strong>At</strong></span> <span class='ocrx_word' id='word_1_270' title='bbox 1542 2013 1662 2068; x_wconf 68' lang='lat' dir='ltr'><strong>quae</strong></span> <span class='ocrx_word' id='word_1_271' title='bbox 1715 2013 1810 2069; x_wconf 92' lang='lat' dir='ltr'><strong>per</strong></span> <span class='ocrx_word' id='word_1_272' title='bbox 1862 2005 2037 2051; x_wconf 90' lang='lat' dir='ltr'><strong>totum</strong></span> 
     </span>
    </p>
   </div>
   <div class='ocr_carea' id='block_1_37' title="bbox 463 2088 2038 2162">
    <p class='ocr_par' dir='ltr' id='par_1_37' title="bbox 463 2088 2038 2162">
     <span class='ocr_line' id='line_1_38' title="bbox 463 2088 2038 2162; baseline -0.004 -15"><span class='ocrx_word' id='word_1_273' title='bbox 463 2107 665 2162; x_wconf 89' lang='lat' dir='ltr'><strong>corpus</strong></span> <span class='ocrx_word' id='word_1_274' title='bbox 687 2091 890 2146; x_wconf 80' lang='lat' dir='ltr'><strong>Arietis</strong></span> <span class='ocrx_word' id='word_1_275' title='bbox 921 2092 1106 2145; x_wconf 89' lang='lat' dir='ltr'><strong>insunt</strong></span> <span class='ocrx_word' id='word_1_276' title='bbox 1137 2091 1324 2153; x_wconf 66' lang='lat' dir='ltr'><strong>stellae,</strong></span> <span class='ocrx_word' id='word_1_277' title='bbox 1362 2105 1552 2145; x_wconf 89' lang='lat' dir='ltr'><strong>omnes</strong></span> <span class='ocrx_word' id='word_1_278' title='bbox 1604 2089 1713 2144; x_wconf 89' lang='lat' dir='ltr'><strong>illis</strong></span> <span class='ocrx_word' id='word_1_279' title='bbox 1748 2088 2038 2144; x_wconf 89' lang='lat' dir='ltr'><strong>australio-</strong></span> 
     </span>
    </p>
   </div>
   <div class='ocr_carea' id='block_1_38' title="bbox 464 2179 2039 2252">
    <p class='ocr_par' dir='ltr' id='par_1_38' title="bbox 464 2179 2039 2252">
     <span class='ocr_line' id='line_1_39' title="bbox 464 2179 2039 2252; baseline -0.004 -13"><span class='ocrx_word' id='word_1_280' title='bbox 464 2200 552 2240; x_wconf 87' lang='lat' dir='ltr'><strong>res</strong></span> <span class='ocrx_word' id='word_1_281' title='bbox 591 2191 734 2238; x_wconf 91' lang='lat' dir='ltr'><strong>sunt.</strong></span> <span class='ocrx_word' id='word_1_282' title='bbox 768 2182 948 2248; x_wconf 88' lang='lat' dir='ltr'><strong>Quare</strong></span> <span class='ocrx_word' id='word_1_283' title='bbox 976 2198 1085 2236; x_wconf 90' lang='lat' dir='ltr'><strong>non</strong></span> <span class='ocrx_word' id='word_1_284' title='bbox 1115 2183 1340 2237; x_wconf 89' lang='lat' dir='ltr'><strong>dubium</strong></span> <span class='ocrx_word' id='word_1_285' title='bbox 1358 2189 1442 2236; x_wconf 88' lang='lat' dir='ltr'><strong>est</strong></span> <span class='ocrx_word' id='word_1_286' title='bbox 1469 2183 1600 2252; x_wconf 87' lang='lat' dir='ltr'><strong>quin</strong></span> <span class='ocrx_word' id='word_1_287' title='bbox 1629 2179 1870 2237; x_wconf 89' lang='lat' dir='ltr'><strong>Piscium</strong></span> <span class='ocrx_word' id='word_1_288' title='bbox 1903 2181 2039 2236; x_wconf 86' lang='lat' dir='ltr'><strong>alter</strong></span> 
     </span>
    </p>
   </div>
   <div class='ocr_carea' id='block_1_39' title="bbox 464 2274 1058 2332">
    <p class='ocr_par' dir='ltr' id='par_1_39' title="bbox 464 2274 1058 2332">
     <span class='ocr_line' id='line_1_40' title="bbox 464 2274 1058 2332; baseline -0.005 0"><span class='ocrx_word' id='word_1_289' title='bbox 464 2275 537 2332; x_wconf 87' lang='lat' dir='ltr'><strong>sit</strong></span> <span class='ocrx_word' id='word_1_290' title='bbox 559 2275 742 2330; x_wconf 88' lang='lat' dir='ltr'><strong>Ariete</strong></span> <span class='ocrx_word' id='word_1_291' title='bbox 765 2274 1058 2329; x_wconf 89' lang='lat' dir='ltr'><strong>borealior.</strong></span> 
     </span>
    </p>
   </div>
   <div class='ocr_carea' id='block_1_40' title="bbox 534 2363 2033 2437">
    <p class='ocr_par' dir='ltr' id='par_1_40' title="bbox 534 2363 2033 2437">
     <span class='ocr_line' id='line_1_41' title="bbox 534 2363 2033 2437; baseline -0.003 -13"><span class='ocrx_word' id='word_1_292' title='bbox 534 2368 732 2424; x_wconf 86' lang='lat' dir='ltr'><strong>Verum</strong></span> <span class='ocrx_word' id='word_1_293' title='bbox 785 2366 930 2437; x_wconf 87' lang='lat' dir='ltr'><strong>quod</strong></span> <span class='ocrx_word' id='word_1_294' title='bbox 967 2365 1031 2420; x_wconf 91' lang='lat' dir='ltr'><strong>ad</strong></span> <span class='ocrx_word' id='word_1_295' title='bbox 1063 2366 1304 2421; x_wconf 87' lang='lat' dir='ltr'><strong>Arietem</strong></span> <span class='ocrx_word' id='word_1_296' title='bbox 1351 2363 1593 2436; x_wconf 76' lang='lat' dir='ltr'><strong>spectat,’</strong></span> <span class='ocrx_word' id='word_1_297' title='bbox 1634 2364 1691 2418; x_wconf 91' lang='lat' dir='ltr'><strong>in</strong></span> <span class='ocrx_word' id='word_1_298' title='bbox 1743 2364 1828 2419; x_wconf 90' lang='lat' dir='ltr'><strong>his</strong></span> <span class='ocrx_word' id='word_1_299' title='bbox 1860 2363 2033 2419; x_wconf 85' lang='lat' dir='ltr'><strong>Attali</strong></span> 
     </span>
    </p>
   </div>
   <div class='ocr_carea' id='block_1_41' title="bbox 461 2457 2036 2531">
    <p class='ocr_par' dir='ltr' id='par_1_41' title="bbox 461 2457 2036 2531">
     <span class='ocr_line' id='line_1_42' title="bbox 461 2457 2036 2531; baseline -0.004 -15"><span class='ocrx_word' id='word_1_300' title='bbox 461 2463 645 2517; x_wconf 77' lang='lat' dir='ltr'><strong>verbis</strong></span> <span class='ocrx_word' id='word_1_301' title='bbox 674 2463 842 2516; x_wconf 87' lang='lat' dir='ltr'><strong>altera</strong></span> <span class='ocrx_word' id='word_1_302' title='bbox 868 2460 1090 2531; x_wconf 84' lang='lat' dir='ltr'><strong>insuper</strong></span> <span class='ocrx_word' id='word_1_303' title='bbox 1120 2459 1340 2514; x_wconf 87' lang='lat' dir='ltr'><strong>inscitia</strong></span> <span class='ocrx_word' id='word_1_304' title='bbox 1366 2465 1471 2514; x_wconf 89' lang='lat' dir='ltr'><strong>est.</strong></span> <span class='ocrx_word' id='word_1_305' title='bbox 1503 2477 1522 2509; x_wconf 86' lang='grc'><strong>‹</strong></span> <span class='ocrx_word' id='word_1_306' title='bbox 1559 2457 1696 2511; x_wconf 89' lang='lat' dir='ltr'><strong>Cum</strong></span> <span class='ocrx_word' id='word_1_307' title='bbox 1727 2458 1874 2512; x_wconf 85' lang='lat' dir='ltr'><strong>enim</strong></span> <span class='ocrx_word' id='word_1_308' title='bbox 1916 2457 2036 2511; x_wconf 90' lang='lat' dir='ltr'><strong>ani-</strong></span> 
     </span>
    </p>
   </div>
   <div class='ocr_carea' id='block_1_42' title="bbox 465 2547 2034 2619">
    <p class='ocr_par' dir='ltr' id='par_1_42' title="bbox 465 2547 2034 2619">
     <span class='ocr_line' id='line_1_43' title="bbox 465 2547 2034 2619; baseline -0.004 -11"><span class='ocrx_word' id='word_1_309' title='bbox 465 2552 831 2608; x_wconf 84' lang='lat' dir='ltr'><strong>madverteret</strong></span> <span class='ocrx_word' id='word_1_310' title='bbox 857 2551 1094 2604; x_wconf 88' lang='lat' dir='ltr'><strong>Arietem</strong></span> <span class='ocrx_word' id='word_1_311' title='bbox 1118 2566 1294 2619; x_wconf 85' lang='lat' dir='ltr'><strong>neque</strong></span> <span class='ocrx_word' id='word_1_312' title='bbox 1323 2550 1455 2606; x_wconf 86' lang='lat' dir='ltr'><strong>satis</strong></span> <span class='ocrx_word' id='word_1_313' title='bbox 1477 2563 1738 2618; x_wconf 72' lang='lat' dir='ltr'><strong>expresse</strong></span> <span class='ocrx_word' id='word_1_314' title='bbox 1793 2547 2034 2603; x_wconf 88' lang='lat' dir='ltr'><strong>delinea-</strong></span> 
     </span>
    </p>
   </div>
   <div class='ocr_carea' id='block_1_43' title="bbox 463 2639 2034 2712">
    <p class='ocr_par' dir='ltr' id='par_1_43' title="bbox 463 2639 2034 2712">
     <span class='ocr_line' id='line_1_44' title="bbox 463 2639 2034 2712; baseline -0.003 -16"><span class='ocrx_word' id='word_1_315' title='bbox 463 2653 601 2707; x_wconf 77' lang='lat' dir='ltr'><strong>tunt,</strong></span> <span class='ocrx_word' id='word_1_316' title='bbox 635 2658 807 2712; x_wconf 84' lang='lat' dir='ltr'><strong>neque</strong></span> <span class='ocrx_word' id='word_1_317' title='bbox 838 2641 1039 2696; x_wconf 85' lang='lat' dir='ltr'><strong>lucidis</strong></span> <span class='ocrx_word' id='word_1_318' title='bbox 1083 2641 1260 2695; x_wconf 88' lang='lat' dir='ltr'><strong>stellis</strong></span> <span class='ocrx_word' id='word_1_319' title='bbox 1298 2656 1420 2695; x_wconf 82' lang='lat' dir='ltr'><strong>esse</strong></span> <span class='ocrx_word' id='word_1_320' title='bbox 1451 2640 1735 2709; x_wconf 82' lang='lat' dir='ltr'><strong>praeditum</strong></span> <span class='ocrx_word' id='word_1_321' title='bbox 1756 2680 1772 2706; x_wconf 88' lang='lat'><strong>,</strong></span> <span class='ocrx_word' id='word_1_322' title='bbox 1806 2653 1927 2709; x_wconf 69' lang='lat' dir='ltr'><strong>quae</strong></span> <span class='ocrx_word' id='word_1_323' title='bbox 1950 2639 2034 2692; x_wconf 93' lang='lat' dir='ltr'><strong>lu-</strong></span> 
     </span>
    </p>
   </div>
   <div class='ocr_carea' id='block_1_44' title="bbox 460 2730 2034 2802">
    <p class='ocr_par' dir='ltr' id='par_1_44' title="bbox 460 2730 2034 2802">
     <span class='ocr_line' id='line_1_45' title="bbox 460 2730 2034 2802; baseline -0.003 -13"><span class='ocrx_word' id='word_1_324' title='bbox 460 2744 618 2789; x_wconf 89' lang='lat' dir='ltr'><strong>cente</strong></span> <span class='ocrx_word' id='word_1_325' title='bbox 645 2734 770 2787; x_wconf 85' lang='lat' dir='ltr'><strong>luna</strong></span> <span class='ocrx_word' id='word_1_326' title='bbox 795 2733 1006 2802; x_wconf 86' lang='lat' dir='ltr'><strong>plenam</strong></span> <span class='ocrx_word' id='word_1_327' title='bbox 1032 2733 1248 2786; x_wconf 85' lang='lat' dir='ltr'><strong>videndi</strong></span> <span class='ocrx_word' id='word_1_328' title='bbox 1276 2732 1361 2786; x_wconf 88' lang='lat' dir='ltr'><strong>sui</strong></span> <span class='ocrx_word' id='word_1_329' title='bbox 1395 2733 1606 2802; x_wconf 88' lang='lat' dir='ltr'><strong>copiam</strong></span> <span class='ocrx_word' id='word_1_330' title='bbox 1639 2730 1842 2785; x_wconf 78' lang='lat' dir='ltr'><strong>faciant</strong></span> <span class='ocrx_word' id='word_1_331' title='bbox 1868 2749 1881 2797; x_wconf 90' lang='lat'><strong>;</strong></span> <span class='ocrx_word' id='word_1_332' title='bbox 1910 2746 2034 2785; x_wconf 89' lang='lat' dir='ltr'><strong>cum</strong></span> 
     </span>
    </p>
   </div>
   <div class='ocr_carea' id='block_1_45' title="bbox 460 2825 2035 2898">
    <p class='ocr_par' dir='ltr' id='par_1_45' title="bbox 460 2825 2035 2898">
     <span class='ocr_line' id='line_1_46' title="bbox 460 2825 2035 2898; baseline -0.001 -17"><span class='ocrx_word' id='word_1_333' title='bbox 460 2826 945 2898; x_wconf 85' lang='lat' dir='ltr'><strong>prOpinquioribus</strong></span> <span class='ocrx_word' id='word_1_334' title='bbox 977 2825 1207 2880; x_wconf 87' lang='lat' dir='ltr'><strong>estellis</strong></span> <span class='ocrx_word' id='word_1_335' title='bbox 1257 2825 1422 2879; x_wconf 87' lang='lat' dir='ltr'><strong>situm</strong></span> <span class='ocrx_word' id='word_1_336' title='bbox 1488 2825 1704 2878; x_wconf 87' lang='lat' dir='ltr'><strong>illarum</strong></span> <span class='ocrx_word' id='word_1_337' title='bbox 1759 2825 2035 2894; x_wconf 82' lang='lat' dir='ltr'><strong>explicare</strong></span> 
     </span>
    </p>
   </div>
   <div class='ocr_carea' id='block_1_46' title="bbox 462 2917 2033 2988">
    <p class='ocr_par' dir='ltr' id='par_1_46' title="bbox 462 2917 2033 2988">
     <span class='ocr_line' id='line_1_47' title="bbox 462 2917 2033 2988; baseline -0.002 -15"><span class='ocrx_word' id='word_1_338' title='bbox 462 2919 681 2986; x_wconf 85' lang='lat' dir='ltr'><strong>nititur,</strong></span> <span class='ocrx_word' id='word_1_339' title='bbox 724 2927 837 2973; x_wconf 89' lang='lat' dir='ltr'><strong>tum</strong></span> <span class='ocrx_word' id='word_1_340' title='bbox 870 2935 938 2973; x_wconf 83' lang='lat' dir='ltr'><strong>ex</strong></span> <span class='ocrx_word' id='word_1_341' title='bbox 969 2919 1036 2972; x_wconf 90' lang='lat' dir='ltr'><strong>iis</strong></span> <span class='ocrx_word' id='word_1_342' title='bbox 1071 2934 1190 2988; x_wconf 68' lang='lat' dir='ltr'><strong>qua:</strong></span> <span class='ocrx_word' id='word_1_343' title='bbox 1222 2920 1276 2971; x_wconf 91' lang='lat' dir='ltr'><strong>in</strong></span> <span class='ocrx_word' id='word_1_344' title='bbox 1310 2917 1500 2972; x_wconf 88' lang='lat' dir='ltr'><strong>eodem</strong></span> <span class='ocrx_word' id='word_1_345' title='bbox 1530 2933 1653 2972; x_wconf 90' lang='lat' dir='ltr'><strong>cum</strong></span> <span class='ocrx_word' id='word_1_346' title='bbox 1684 2917 1870 2973; x_wconf 84' lang='lat' dir='ltr'><strong>Ariete</strong></span> <span class='ocrx_word' id='word_1_347' title='bbox 1924 2918 2033 2971; x_wconf 85' lang='lat' dir='ltr'><strong>cir-</strong></span> 
     </span>
    </p>
   </div>
   <div class='ocr_carea' id='block_1_47' title="bbox 460 3004 2032 3063">
    <p class='ocr_par' dir='ltr' id='par_1_47' title="bbox 460 3004 2032 3063">
     <span class='ocr_line' id='line_1_48' title="bbox 460 3004 2032 3063; baseline -0.002 0"><span class='ocrx_word' id='word_1_348' title='bbox 460 3010 586 3063; x_wconf 85' lang='lat' dir='ltr'><strong>cu-lo</strong></span> <span class='ocrx_word' id='word_1_349' title='bbox 623 3016 931 3062; x_wconf 85' lang='lat' dir='ltr'><strong>moventur.</strong></span> <span class='ocrx_word' id='word_1_350' title='bbox 970 3027 988 3059; x_wconf 74' lang='grc' dir='ltr'><strong>ι</strong></span> <span class='ocrx_word' id='word_1_351' title='bbox 1031 3006 1136 3060; x_wconf 90' lang='lat' dir='ltr'><strong>Sed</strong></span> <span class='ocrx_word' id='word_1_352' title='bbox 1170 3015 1229 3060; x_wconf 91' lang='lat' dir='ltr'><strong>ut</strong></span> <span class='ocrx_word' id='word_1_353' title='bbox 1251 3007 1496 3060; x_wconf 88' lang='lat' dir='ltr'><strong>omittam</strong></span> <span class='ocrx_word' id='word_1_354' title='bbox 1528 3005 1738 3059; x_wconf 89' lang='lat' dir='ltr'><strong>lucidas</strong></span> <span class='ocrx_word' id='word_1_355' title='bbox 1769 3005 1822 3059; x_wconf 91' lang='lat' dir='ltr'><strong>in</strong></span> <span class='ocrx_word' id='word_1_356' title='bbox 1851 3004 2032 3060; x_wconf 84' lang='lat' dir='ltr'><strong>Ariete</strong></span> 
     </span>
    </p>
   </div>
   <div class='ocr_carea' id='block_1_48' title="bbox 2140 1814 3712 1888">
    <p class='ocr_par' dir='ltr' id='par_1_48' title="bbox 2140 1814 3712 1888">
     <span class='ocr_line' id='line_1_49' title="bbox 2140 1814 3712 1888; baseline -0.001 -18"><span class='ocrx_word' id='word_1_357' title='bbox 2140 1817 2387 1888; x_wconf 74' lang='grc' dir='ltr'><strong>κείμενος</strong></span> <span class='ocrx_word' id='word_1_358' title='bbox 2433 1817 2624 1888; x_wconf 83' lang='grc' dir='ltr'><strong>ἀπέχει</strong></span> <span class='ocrx_word' id='word_1_359' title='bbox 2671 1817 2864 1888; x_wconf 86' lang='grc' dir='ltr'>μοίρας</span> <span class='ocrx_word' id='word_1_360' title='bbox 2911 1814 3090 1887; x_wconf 85' lang='grc' dir='ltr'>μικρῷ</span> <span class='ocrx_word' id='word_1_361' title='bbox 3131 1815 3421 1878; x_wconf 81' lang='grc' dir='ltr'>λειπούσας</span> <span class='ocrx_word' id='word_1_362' title='bbox 3446 1815 3555 1868; x_wconf 84' lang='grc' dir='ltr'>τῶν</span> <span class='ocrx_word' id='word_1_363' title='bbox 3587 1821 3712 1883; x_wconf 70' lang='lat' dir='ltr'><strong>or,&quot;</strong></span> 
     </span>
    </p>
   </div>
   <div class='ocr_carea' id='block_1_49' title="bbox 2140 1908 3712 1980">
    <p class='ocr_par' dir='ltr' id='par_1_49' title="bbox 2140 1908 3712 1980">
     <span class='ocr_line' id='line_1_50' title="bbox 2140 1908 3712 1980; baseline -0.001 -18"><span class='ocrx_word' id='word_1_364' title='bbox 2140 1910 2338 1980; x_wconf 81' lang='grc' dir='ltr'>ὁμοίως</span> <span class='ocrx_word' id='word_1_365' title='bbox 2361 1909 2418 1962; x_wconf 83' lang='grc' dir='ltr'>δὲ</span> <span class='ocrx_word' id='word_1_366' title='bbox 2446 1910 2619 1980; x_wconf 84' lang='grc' dir='ltr'>τούτῳ</span> <span class='ocrx_word' id='word_1_367' title='bbox 2660 1909 2755 1962; x_wconf 73' lang='grc' dir='ltr'><strong>καὶ</strong></span> <span class='ocrx_word' id='word_1_368' title='bbox 2787 1913 2815 1964; x_wconf 88' lang='grc' dir='ltr'><strong>ό</strong></span> <span class='ocrx_word' id='word_1_369' title='bbox 2850 1909 3180 1980; x_wconf 79' lang='grc' dir='ltr'>βορειότερος</span> <span class='ocrx_word' id='word_1_370' title='bbox 3212 1909 3318 1963; x_wconf 85' lang='grc' dir='ltr'><strong>τῶν</strong></span> <span class='ocrx_word' id='word_1_371' title='bbox 3347 1910 3404 1961; x_wconf 86' lang='grc' dir='ltr'>ὲν</span> <span class='ocrx_word' id='word_1_372' title='bbox 3432 1911 3498 1978; x_wconf 83' lang='grc' dir='ltr'><strong>τῇ</strong></span> <span class='ocrx_word' id='word_1_373' title='bbox 3547 1908 3712 1979; x_wconf 71' lang='grc' dir='ltr'>οὐρᾷ.</span> 
     </span>
    </p>
   </div>
   <div class='ocr_carea' id='block_1_50' title="bbox 2140 1999 3717 2072">
    <p class='ocr_par' dir='ltr' id='par_1_50' title="bbox 2140 1999 3717 2072">
     <span class='ocr_line' id='line_1_51' title="bbox 2140 1999 3717 2072; baseline -0.001 -18"><span class='ocrx_word' id='word_1_374' title='bbox 2140 2001 2200 2054; x_wconf 85' lang='grc' dir='ltr'><strong>Οἱ</strong></span> <span class='ocrx_word' id='word_1_375' title='bbox 2229 2000 2284 2052; x_wconf 85' lang='grc' dir='ltr'>δὲ</span> <span class='ocrx_word' id='word_1_376' title='bbox 2321 2002 2378 2053; x_wconf 83' lang='grc' dir='ltr'>ὲν</span> <span class='ocrx_word' id='word_1_377' title='bbox 2404 1999 2509 2070; x_wconf 85' lang='grc' dir='ltr'><strong>ὅλῳ</strong></span> <span class='ocrx_word' id='word_1_378' title='bbox 2549 1999 2628 2071; x_wconf 84' lang='grc' dir='ltr'>τῷ</span> <span class='ocrx_word' id='word_1_379' title='bbox 2655 1999 2865 2071; x_wconf 82' lang='grc' dir='ltr'>σώματι</span> <span class='ocrx_word' id='word_1_380' title='bbox 2910 2001 3148 2072; x_wconf 84' lang='grc' dir='ltr'>κείμενοι</span> <span class='ocrx_word' id='word_1_381' title='bbox 3177 1999 3272 2052; x_wconf 80' lang='grc' dir='ltr'>τοῦ</span> <span class='ocrx_word' id='word_1_382' title='bbox 3299 1999 3469 2070; x_wconf 81' lang='grc' dir='ltr'>Κριοῦ</span> <span class='ocrx_word' id='word_1_383' title='bbox 3508 1999 3717 2062; x_wconf 80' lang='grc' dir='ltr'>πάντες</span> 
     </span>
    </p>
   </div>
   <div class='ocr_carea' id='block_1_51' title="bbox 2139 2089 3716 2166">
    <p class='ocr_par' dir='ltr' id='par_1_51' title="bbox 2139 2089 3716 2166">
     <span class='ocr_line' id='line_1_52' title="bbox 2139 2089 3716 2166; baseline 0 -22"><span class='ocrx_word' id='word_1_384' title='bbox 2139 2093 2246 2145; x_wconf 70' lang='grc' dir='ltr'>εἰσὶ</span> <span class='ocrx_word' id='word_1_385' title='bbox 2289 2091 2594 2166; x_wconf 81' lang='grc' dir='ltr'>νοτιὼτεροι</span> <span class='ocrx_word' id='word_1_386' title='bbox 2635 2091 2859 2147; x_wconf 85' lang='grc' dir='ltr'>τούτων.</span> <span class='ocrx_word' id='word_1_387' title='bbox 2892 2093 3058 2163; x_wconf 87' lang='grc' dir='ltr'>Δῆλον</span> <span class='ocrx_word' id='word_1_388' title='bbox 3105 2089 3198 2146; x_wconf 81' lang='grc' dir='ltr'>οὖν</span> <span class='ocrx_word' id='word_1_389' title='bbox 3248 2093 3329 2145; x_wconf 81' lang='grc' dir='ltr'>ὅτι</span> <span class='ocrx_word' id='word_1_390' title='bbox 3370 2091 3716 2163; x_wconf 77' lang='grc' dir='ltr'>βορειότερὸς</span> 
     </span>
    </p>
   </div>
   <div class='ocr_carea' id='block_1_52' title="bbox 2138 2178 3175 2255">
    <p class='ocr_par' dir='ltr' id='par_1_52' title="bbox 2138 2178 3175 2255">
     <span class='ocr_line' id='line_1_53' title="bbox 2138 2178 3175 2255; baseline 0.002 -20"><span class='ocrx_word' id='word_1_391' title='bbox 2138 2182 2284 2237; x_wconf 78' lang='grc' dir='ltr'>ἐστιν</span> <span class='ocrx_word' id='word_1_392' title='bbox 2315 2184 2342 2236; x_wconf 89' lang='grc' dir='ltr'><strong>ό</strong></span> <span class='ocrx_word' id='word_1_393' title='bbox 2364 2178 2442 2247; x_wconf 76' lang='grc' dir='ltr'>εἷς</span> <span class='ocrx_word' id='word_1_394' title='bbox 2465 2184 2574 2236; x_wconf 84' lang='grc' dir='ltr'>τῶν</span> <span class='ocrx_word' id='word_1_395' title='bbox 2616 2183 2835 2255; x_wconf 82' lang='grc' dir='ltr'>Ἰχθύων</span> <span class='ocrx_word' id='word_1_396' title='bbox 2866 2182 2960 2236; x_wconf 81' lang='grc' dir='ltr'>τοῦ</span> <span class='ocrx_word' id='word_1_397' title='bbox 2986 2182 3175 2255; x_wconf 82' lang='grc' dir='ltr'>Κριοῦ.</span> 
     </span>
    </p>
   </div>
   <div class='ocr_carea' id='block_1_53' title="bbox 2219 2362 3714 2436">
    <p class='ocr_par' dir='ltr' id='par_1_53' title="bbox 2219 2362 3714 2436">
     <span class='ocr_line' id='line_1_54' title="bbox 2219 2362 3714 2436; baseline 0.004 -20"><span class='ocrx_word' id='word_1_398' title='bbox 2219 2363 2308 2417; x_wconf 86' lang='grc' dir='ltr'><strong>Ἐν</strong></span> <span class='ocrx_word' id='word_1_399' title='bbox 2332 2362 2388 2416; x_wconf 80' lang='grc' dir='ltr'>δὲ</span> <span class='ocrx_word' id='word_1_400' title='bbox 2415 2365 2528 2427; x_wconf 83' lang='grc' dir='ltr'>τοῖς</span> <span class='ocrx_word' id='word_1_401' title='bbox 2554 2364 2681 2433; x_wconf 75' lang='grc' dir='ltr'>περὶ</span> <span class='ocrx_word' id='word_1_402' title='bbox 2704 2365 2793 2418; x_wconf 81' lang='grc' dir='ltr'>τὸν</span> <span class='ocrx_word' id='word_1_403' title='bbox 2826 2363 2994 2436; x_wconf 77' lang='grc' dir='ltr'>Κριὸν</span> <span class='ocrx_word' id='word_1_404' title='bbox 3021 2367 3114 2418; x_wconf 74' lang='grc' dir='ltr'>καὶ</span> <span class='ocrx_word' id='word_1_405' title='bbox 3143 2367 3169 2418; x_wconf 86' lang='grc' dir='ltr'><strong>ό</strong></span> <span class='ocrx_word' id='word_1_406' title='bbox 3207 2367 3468 2431; x_wconf 74' lang='grc' dir='ltr'>Ἄτταλος</span> <span class='ocrx_word' id='word_1_407' title='bbox 3501 2369 3714 2436; x_wconf 77' lang='grc' dir='ltr'>ἀγνοεῖ,</span> 
     </span>
    </p>
   </div>
   <div class='ocr_carea' id='block_1_54' title="bbox 2137 2453 3715 2530">
    <p class='ocr_par' dir='ltr' id='par_1_54' title="bbox 2137 2453 3715 2530">
     <span class='ocr_line' id='line_1_55' title="bbox 2137 2453 3715 2530; baseline 0.004 -24"><span class='ocrx_word' id='word_1_408' title='bbox 2137 2453 2309 2523; x_wconf 82' lang='grc' dir='ltr'>λέγων</span> <span class='ocrx_word' id='word_1_409' title='bbox 2338 2453 2541 2519; x_wconf 75' lang='grc' dir='ltr'>οὕτως·</span> <span class='ocrx_word' id='word_1_410' title='bbox 2579 2475 2598 2507; x_wconf 76' lang='grc' dir='ltr'><strong>ι</strong></span> <span class='ocrx_word' id='word_1_411' title='bbox 2632 2457 2924 2509; x_wconf 84' lang='grc' dir='ltr'>Κατανοῶν</span> <span class='ocrx_word' id='word_1_412' title='bbox 2949 2457 3004 2510; x_wconf 85' lang='grc' dir='ltr'>δὲ</span> <span class='ocrx_word' id='word_1_413' title='bbox 3031 2458 3121 2511; x_wconf 81' lang='grc' dir='ltr'>τὸν</span> <span class='ocrx_word' id='word_1_414' title='bbox 3163 2460 3331 2530; x_wconf 82' lang='grc' dir='ltr'>Κριὸν</span> <span class='ocrx_word' id='word_1_415' title='bbox 3385 2458 3509 2511; x_wconf 75' lang='grc' dir='ltr'>οὔτε</span> <span class='ocrx_word' id='word_1_416' title='bbox 3551 2462 3715 2530; x_wconf 86' lang='grc' dir='ltr'>ἀκρι-</span> 
     </span>
    </p>
   </div>
   <div class='ocr_carea' id='block_1_55' title="bbox 2137 2544 3712 2622">
    <p class='ocr_par' dir='ltr' id='par_1_55' title="bbox 2137 2544 3712 2622">
     <span class='ocr_line' id='line_1_56' title="bbox 2137 2544 3712 2622; baseline 0.004 -24"><span class='ocrx_word' id='word_1_417' title='bbox 2137 2544 2248 2609; x_wconf 78' lang='grc' dir='ltr'><strong>ϐῶς</strong></span> <span class='ocrx_word' id='word_1_418' title='bbox 2271 2545 2758 2618; x_wconf 87' lang='grc' dir='ltr'>διατετυπωμένον,</span> <span class='ocrx_word' id='word_1_419' title='bbox 2788 2547 2909 2601; x_wconf 74' lang='grc' dir='ltr'>οὔτε</span> <span class='ocrx_word' id='word_1_420' title='bbox 2931 2549 3212 2620; x_wconf 78' lang='grc' dir='ltr'>λαμπροὺς</span> <span class='ocrx_word' id='word_1_421' title='bbox 3233 2552 3466 2620; x_wconf 77' lang='grc' dir='ltr'>ἀστέρας</span> <span class='ocrx_word' id='word_1_422' title='bbox 3494 2552 3712 2622; x_wconf 78' lang='grc' dir='ltr'>ἔχοντα,</span> 
     </span>
    </p>
   </div>
   <div class='ocr_carea' id='block_1_56' title="bbox 2135 2639 3712 2715">
    <p class='ocr_par' dir='ltr' id='par_1_56' title="bbox 2135 2639 3712 2715">
     <span class='ocr_line' id='line_1_57' title="bbox 2135 2639 3712 2715; baseline 0.003 -23"><span class='ocrx_word' id='word_1_423' title='bbox 2135 2639 2462 2709; x_wconf 80' lang='grc' dir='ltr'>δυναμένους</span> <span class='ocrx_word' id='word_1_424' title='bbox 2507 2639 2564 2694; x_wconf 83' lang='grc' dir='ltr'>δὲ</span> <span class='ocrx_word' id='word_1_425' title='bbox 2608 2641 2701 2694; x_wconf 81' lang='grc' dir='ltr'>καὶ</span> <span class='ocrx_word' id='word_1_426' title='bbox 2731 2643 2788 2695; x_wconf 83' lang='grc' dir='ltr'>ὲν</span> <span class='ocrx_word' id='word_1_427' title='bbox 2822 2641 3016 2715; x_wconf 86' lang='grc' dir='ltr'>σελήνῃ</span> <span class='ocrx_word' id='word_1_428' title='bbox 3061 2641 3327 2714; x_wconf 84' lang='grc' dir='ltr'>λαμπρῶς</span> <span class='ocrx_word' id='word_1_429' title='bbox 3365 2643 3712 2715; x_wconf 81' lang='grc' dir='ltr'>θεωρεῖσθαι,</span> 
     </span>
    </p>
   </div>
   <div class='ocr_carea' id='block_1_57' title="bbox 2135 2730 3716 2807">
    <p class='ocr_par' dir='ltr' id='par_1_57' title="bbox 2135 2730 3716 2807">
     <span class='ocr_line' id='line_1_58' title="bbox 2135 2730 3716 2807; baseline 0.004 -25"><span class='ocrx_word' id='word_1_430' title='bbox 2135 2730 2223 2784; x_wconf 89' lang='grc' dir='ltr'><strong>διά</strong></span> <span class='ocrx_word' id='word_1_431' title='bbox 2247 2748 2307 2783; x_wconf 87' lang='grc' dir='ltr'><strong>τε</strong></span> <span class='ocrx_word' id='word_1_432' title='bbox 2334 2731 2443 2785; x_wconf 84' lang='grc' dir='ltr'><strong>τῶν</strong></span> <span class='ocrx_word' id='word_1_433' title='bbox 2459 2733 2876 2804; x_wconf 84' lang='grc' dir='ltr'>παρακειμένων</span> <span class='ocrx_word' id='word_1_434' title='bbox 2908 2734 3148 2803; x_wconf 83' lang='grc' dir='ltr'>ἀστέρων</span> <span class='ocrx_word' id='word_1_435' title='bbox 3166 2738 3418 2806; x_wconf 77' lang='grc' dir='ltr'>πειρᾶται</span> <span class='ocrx_word' id='word_1_436' title='bbox 3440 2736 3544 2807; x_wconf 82' lang='grc' dir='ltr'>τὴν</span> <span class='ocrx_word' id='word_1_437' title='bbox 3559 2735 3716 2790; x_wconf 85' lang='grc' dir='ltr'>θέσιν</span> 
     </span>
    </p>
   </div>
   <div class='ocr_carea' id='block_1_58' title="bbox 2136 2821 3715 2896">
    <p class='ocr_par' dir='ltr' id='par_1_58' title="bbox 2136 2821 3715 2896">
     <span class='ocr_line' id='line_1_59' title="bbox 2136 2821 3715 2896; baseline 0.003 -21"><span class='ocrx_word' id='word_1_438' title='bbox 2136 2821 2310 2875; x_wconf 77' lang='grc' dir='ltr'>αὐτῶν</span> <span class='ocrx_word' id='word_1_439' title='bbox 2326 2822 2606 2892; x_wconf 80' lang='grc' dir='ltr'>διασαφεῖν</span> <span class='ocrx_word' id='word_1_440' title='bbox 2626 2863 2642 2888; x_wconf 93' lang='grc'><strong>,</strong></span> <span class='ocrx_word' id='word_1_441' title='bbox 2672 2824 2764 2876; x_wconf 73' lang='grc' dir='ltr'>καὶ</span> <span class='ocrx_word' id='word_1_442' title='bbox 2787 2823 2874 2876; x_wconf 81' lang='grc' dir='ltr'><strong>διὰ</strong></span> <span class='ocrx_word' id='word_1_443' title='bbox 2889 2824 2996 2876; x_wconf 87' lang='grc' dir='ltr'>τῶν</span> <span class='ocrx_word' id='word_1_444' title='bbox 3028 2825 3117 2877; x_wconf 77' lang='grc' dir='ltr'><strong>τὸν</strong></span> <span class='ocrx_word' id='word_1_445' title='bbox 3138 2827 3296 2879; x_wconf 76' lang='grc' dir='ltr'>αὑτὸν</span> <span class='ocrx_word' id='word_1_446' title='bbox 3328 2827 3476 2896; x_wconf 82' lang='grc' dir='ltr'><strong>αὐτῷ</strong></span> <span class='ocrx_word' id='word_1_447' title='bbox 3508 2826 3715 2880; x_wconf 80' lang='grc' dir='ltr'>κύκλον</span> 
     </span>
    </p>
   </div>
   <div class='ocr_carea' id='block_1_59' title="bbox 2136 2915 3716 2989">
    <p class='ocr_par' dir='ltr' id='par_1_59' title="bbox 2136 2915 3716 2989">
     <span class='ocr_line' id='line_1_60' title="bbox 2136 2915 3716 2989; baseline 0.003 -22"><span class='ocrx_word' id='word_1_448' title='bbox 2136 2915 2468 2987; x_wconf 77' lang='grc' dir='ltr'>φερομένων.</span> <span class='ocrx_word' id='word_1_449' title='bbox 2503 2935 2521 2968; x_wconf 73' lang='grc' dir='ltr'><strong>ι</strong></span> <span class='ocrx_word' id='word_1_450' title='bbox 2567 2917 2749 2988; x_wconf 70' lang='grc' dir='ltr'>Χωρὶς</span> <span class='ocrx_word' id='word_1_451' title='bbox 2785 2916 2894 2987; x_wconf 81' lang='grc' dir='ltr'><strong>γὰρ</strong></span> <span class='ocrx_word' id='word_1_452' title='bbox 2930 2916 3024 2970; x_wconf 81' lang='grc' dir='ltr'>τοῦ</span> <span class='ocrx_word' id='word_1_453' title='bbox 3062 2917 3347 2989; x_wconf 78' lang='grc' dir='ltr'>λαμπροὺς</span> <span class='ocrx_word' id='word_1_454' title='bbox 3369 2919 3531 2970; x_wconf 70' lang='grc' dir='ltr'>αὑτὸν</span> <span class='ocrx_word' id='word_1_455' title='bbox 3564 2919 3716 2989; x_wconf 75' lang='grc' dir='ltr'>ἔχειν</span> 
     </span>
    </p>
   </div>
   <div class='ocr_carea' id='block_1_60' title="bbox 2135 3005 3716 3078">
    <p class='ocr_par' dir='ltr' id='par_1_60' title="bbox 2135 3005 3716 3078">
     <span class='ocr_line' id='line_1_61' title="bbox 2135 3005 3716 3078; baseline 0.004 -22"><span class='ocrx_word' id='word_1_456' title='bbox 2135 3005 2388 3076; x_wconf 85' lang='grc' dir='ltr'>ἀστέρας,</span> <span class='ocrx_word' id='word_1_457' title='bbox 2415 3006 2540 3068; x_wconf 86' lang='grc' dir='ltr'>τοὺς</span> <span class='ocrx_word' id='word_1_458' title='bbox 2569 3007 2626 3058; x_wconf 86' lang='grc' dir='ltr'>ὲν</span> <span class='ocrx_word' id='word_1_459' title='bbox 2653 3008 2718 3076; x_wconf 84' lang='grc' dir='ltr'><strong>τῇ</strong></span> <span class='ocrx_word' id='word_1_460' title='bbox 2750 3007 2980 3078; x_wconf 85' lang='grc' dir='ltr'>κεφαλῇ,</span> <span class='ocrx_word' id='word_1_461' title='bbox 3008 3007 3082 3071; x_wconf 83' lang='grc' dir='ltr'><strong>ὡς</strong></span> <span class='ocrx_word' id='word_1_462' title='bbox 3119 3008 3344 3078; x_wconf 80' lang='grc' dir='ltr'>ἔφαμεν,</span> <span class='ocrx_word' id='word_1_463' title='bbox 3377 3010 3470 3061; x_wconf 72' lang='grc' dir='ltr'><strong>καὶ</strong></span> <span class='ocrx_word' id='word_1_464' title='bbox 3497 3010 3628 3072; x_wconf 71' lang='grc' dir='ltr'>τοὺς</span> <span class='ocrx_word' id='word_1_465' title='bbox 3653 3011 3716 3063; x_wconf 82' lang='grc' dir='ltr'>ὲν</span> 
     </span>
    </p>
   </div>
   <div class='ocr_carea' id='block_1_61' title="bbox 461 3080 2029 3171">
    <p class='ocr_par' dir='ltr' id='par_1_61' title="bbox 461 3095 2029 3165">
     <span class='ocr_line' id='line_1_62' title="bbox 461 3095 2029 3165; baseline -0.001 -15"><span class='ocrx_word' id='word_1_466' title='bbox 461 3097 648 3150; x_wconf 89' lang='lat' dir='ltr'><strong>stellas</strong></span> <span class='ocrx_word' id='word_1_467' title='bbox 678 3111 819 3159; x_wconf 89' lang='lat' dir='ltr'><strong>esse,</strong></span> <span class='ocrx_word' id='word_1_468' title='bbox 843 3111 963 3165; x_wconf 66' lang='lat' dir='ltr'><strong>quae</strong></span> <span class='ocrx_word' id='word_1_469' title='bbox 993 3104 1141 3160; x_wconf 90' lang='lat' dir='ltr'><strong>sunt,</strong></span> <span class='ocrx_word' id='word_1_470' title='bbox 1195 3103 1255 3148; x_wconf 91' lang='lat' dir='ltr'><strong>ut</strong></span> <span class='ocrx_word' id='word_1_471' title='bbox 1287 3095 1546 3159; x_wconf 77' lang='lat' dir='ltr'><strong>diximus,</strong></span> <span class='ocrx_word' id='word_1_472' title='bbox 1576 3095 1628 3148; x_wconf 91' lang='lat' dir='ltr'><strong>in</strong></span> <span class='ocrx_word' id='word_1_473' title='bbox 1659 3095 1869 3164; x_wconf 88' lang='lat' dir='ltr'><strong>capite,</strong></span> <span class='ocrx_word' id='word_1_474' title='bbox 1932 3109 2029 3149; x_wconf 92' lang='lat' dir='ltr'><strong>nec</strong></span> 
     </span>
    </p>
   </div>
   <div class='ocr_carea' id='block_1_62' title="bbox 2142 3080 3712 3171">
    <p class='ocr_par' dir='ltr' id='par_1_62' title="bbox 2142 3097 3712 3171">
     <span class='ocr_line' id='line_1_63' title="bbox 2142 3097 3712 3171; baseline 0.003 -21"><span class='ocrx_word' id='word_1_475' title='bbox 2142 3099 2245 3160; x_wconf 77' lang='grc' dir='ltr'>τοῖς</span> <span class='ocrx_word' id='word_1_476' title='bbox 2287 3097 2637 3168; x_wconf 84' lang='grc' dir='ltr'>ἐμπροσθίοις</span> <span class='ocrx_word' id='word_1_477' title='bbox 2676 3099 2822 3163; x_wconf 81' lang='grc' dir='ltr'>ποσὶ,</span> <span class='ocrx_word' id='word_1_478' title='bbox 2855 3101 2946 3153; x_wconf 72' lang='grc' dir='ltr'>καὶ</span> <span class='ocrx_word' id='word_1_479' title='bbox 2981 3100 3371 3170; x_wconf 82' lang='grc' dir='ltr'>ἀπεκδέχεσθαί</span> <span class='ocrx_word' id='word_1_480' title='bbox 3417 3119 3507 3171; x_wconf 87' lang='grc' dir='ltr'><strong>μοι</strong></span> <span class='ocrx_word' id='word_1_481' title='bbox 3535 3101 3712 3166; x_wconf 81' lang='grc' dir='ltr'>δοκεῖ,</span> 
     </span>
    </p>
   </div>
   <div class='ocr_carea' id='block_1_63' title="bbox 460 3187 2030 3257">
    <p class='ocr_par' dir='ltr' id='par_1_63' title="bbox 460 3187 2030 3257">
     <span class='ocr_line' id='line_1_64' title="bbox 460 3187 2030 3257; baseline -0.001 -16"><span class='ocrx_word' id='word_1_482' title='bbox 460 3203 570 3241; x_wconf 91' lang='lat' dir='ltr'><strong>non</strong></span> <span class='ocrx_word' id='word_1_483' title='bbox 602 3187 655 3240; x_wconf 93' lang='lat' dir='ltr'><strong>in</strong></span> <span class='ocrx_word' id='word_1_484' title='bbox 681 3189 1049 3242; x_wconf 88' lang='lat' dir='ltr'><strong>anterioribus</strong></span> <span class='ocrx_word' id='word_1_485' title='bbox 1084 3187 1315 3256; x_wconf 87' lang='lat' dir='ltr'><strong>pedibus</strong></span> <span class='ocrx_word' id='word_1_486' title='bbox 1353 3205 1364 3239; x_wconf 92' lang='lat'>:</span> <span class='ocrx_word' id='word_1_487' title='bbox 1403 3188 1536 3240; x_wconf 90' lang='lat' dir='ltr'><strong>illud</strong></span> <span class='ocrx_word' id='word_1_488' title='bbox 1560 3187 1720 3242; x_wconf 90' lang='lat' dir='ltr'><strong>etiam</strong></span> <span class='ocrx_word' id='word_1_489' title='bbox 1747 3202 2030 3257; x_wconf 74' lang='lat' dir='ltr'><strong>perperam</strong></span> 
     </span>
    </p>
   </div>
   <div class='ocr_carea' id='block_1_64' title="bbox 459 3266 2031 3348">
    <p class='ocr_par' dir='ltr' id='par_1_64' title="bbox 459 3266 2031 3348">
     <span class='ocr_line' id='line_1_65' title="bbox 459 3266 2031 3348; baseline -0.001 -16"><span class='ocrx_word' id='word_1_490' title='bbox 459 3278 737 3348; x_wconf 87' lang='lat' dir='ltr'><strong>accepisse</strong></span> <span class='ocrx_word' id='word_1_491' title='bbox 777 3279 1010 3342; x_wconf 84' lang='lat' dir='ltr'><strong>videtur,</strong></span> <span class='ocrx_word' id='word_1_492' title='bbox 1049 3266 1368 3333; x_wconf 79' lang='lat' dir='ltr'><strong>exiStimaus</strong></span> <span class='ocrx_word' id='word_1_493' title='bbox 1415 3279 1580 3333; x_wconf 90' lang='lat' dir='ltr'><strong>situm</strong></span> <span class='ocrx_word' id='word_1_494' title='bbox 1613 3279 1815 3334; x_wconf 84' lang='lat' dir='ltr'><strong>Arietis</strong></span> <span class='ocrx_word' id='word_1_495' title='bbox 1848 3278 2031 3332; x_wconf 82' lang='lat' dir='ltr'><strong>decla-</strong></span> 
     </span>
    </p>
   </div>
   <div class='ocr_carea' id='block_1_65' title="bbox 458 3369 2029 3441">
    <p class='ocr_par' dir='ltr' id='par_1_65' title="bbox 458 3369 2029 3441">
     <span class='ocr_line' id='line_1_66' title="bbox 458 3369 2029 3441; baseline 0.001 -18"><span class='ocrx_word' id='word_1_496' title='bbox 458 3385 612 3425; x_wconf 88' lang='lat' dir='ltr'><strong>rasse</strong></span> <span class='ocrx_word' id='word_1_497' title='bbox 635 3381 846 3440; x_wconf 87' lang='lat' dir='ltr'><strong>poetam</strong></span> <span class='ocrx_word' id='word_1_498' title='bbox 879 3369 1228 3440; x_wconf 86' lang='lat' dir='ltr'><strong>perspicuum</strong></span> <span class='ocrx_word' id='word_1_499' title='bbox 1270 3370 1387 3424; x_wconf 81' lang='lat' dir='ltr'><strong>fore</strong></span> <span class='ocrx_word' id='word_1_500' title='bbox 1429 3371 1497 3426; x_wconf 90' lang='lat' dir='ltr'><strong>iis</strong></span> <span class='ocrx_word' id='word_1_501' title='bbox 1527 3386 1557 3425; x_wconf 89' lang='lat' dir='ltr'><strong>e</strong></span> <span class='ocrx_word' id='word_1_502' title='bbox 1585 3371 1759 3426; x_wconf 88' lang='lat' dir='ltr'><strong>stellis</strong></span> <span class='ocrx_word' id='word_1_503' title='bbox 1809 3387 1930 3441; x_wconf 74' lang='lat' dir='ltr'><strong>quae</strong></span> <span class='ocrx_word' id='word_1_504' title='bbox 1972 3372 2029 3425; x_wconf 91' lang='lat' dir='ltr'><strong>in</strong></span> 
     </span>
    </p>
   </div>
   <div class='ocr_carea' id='block_1_66' title="bbox 459 3462 2028 3533">
    <p class='ocr_par' dir='ltr' id='par_1_66' title="bbox 459 3462 2028 3533">
     <span class='ocr_line' id='line_1_67' title="bbox 459 3462 2028 3533; baseline -0.001 -15"><span class='ocrx_word' id='word_1_505' title='bbox 459 3464 648 3518; x_wconf 89' lang='lat' dir='ltr'><strong>eodem</strong></span> <span class='ocrx_word' id='word_1_506' title='bbox 682 3478 806 3516; x_wconf 88' lang='lat' dir='ltr'><strong>cum</strong></span> <span class='ocrx_word' id='word_1_507' title='bbox 837 3463 953 3532; x_wconf 91' lang='lat' dir='ltr'><strong>ipso</strong></span> <span class='ocrx_word' id='word_1_508' title='bbox 974 3463 1180 3518; x_wconf 90' lang='lat' dir='ltr'><strong>circulo</strong></span> <span class='ocrx_word' id='word_1_509' title='bbox 1210 3462 1501 3517; x_wconf 81' lang='lat' dir='ltr'><strong>feruntur:</strong></span> <span class='ocrx_word' id='word_1_510' title='bbox 1535 3464 1694 3533; x_wconf 85' lang='lat' dir='ltr'><strong>cujus</strong></span> <span class='ocrx_word' id='word_1_511' title='bbox 1733 3463 1812 3518; x_wconf 91' lang='lat' dir='ltr'><strong>rei</strong></span> <span class='ocrx_word' id='word_1_512' title='bbox 1855 3464 2028 3533; x_wconf 75' lang='lat' dir='ltr'><strong>gratia</strong></span> 
     </span>
    </p>
   </div>
   <div class='ocr_carea' id='block_1_67' title="bbox 459 3553 2028 3626">
    <p class='ocr_par' dir='ltr' id='par_1_67' title="bbox 459 3553 2028 3626">
     <span class='ocr_line' id='line_1_68' title="bbox 459 3553 2028 3626; baseline 0 -18"><span class='ocrx_word' id='word_1_513' title='bbox 459 3554 593 3608; x_wconf 93' lang='lat' dir='ltr'><strong>illud</strong></span> <span class='ocrx_word' id='word_1_514' title='bbox 625 3555 895 3610; x_wconf 76' lang='lat' dir='ltr'><strong>observat.</strong></span> <span class='ocrx_word' id='word_1_515' title='bbox 932 3553 1135 3608; x_wconf 82' lang='lat' dir='ltr'><strong>Verum</strong></span> <span class='ocrx_word' id='word_1_516' title='bbox 1188 3555 1336 3625; x_wconf 91' lang='lat' dir='ltr'><strong>quod</strong></span> <span class='ocrx_word' id='word_1_517' title='bbox 1383 3555 1622 3611; x_wconf 85' lang='lat' dir='ltr'><strong>Arietem</strong></span> <span class='ocrx_word' id='word_1_518' title='bbox 1673 3555 2028 3626; x_wconf 86' lang='lat' dir='ltr'><strong>consequitur</strong></span> 
     </span>
    </p>
   </div>
   <div class='ocr_carea' id='block_1_68' title="bbox 457 3647 1180 3718">
    <p class='ocr_par' dir='ltr' id='par_1_68' title="bbox 457 3647 1180 3718">
     <span class='ocr_line' id='line_1_69' title="bbox 457 3647 1180 3718; baseline -0.001 -15"><span class='ocrx_word' id='word_1_519' title='bbox 457 3662 754 3718; x_wconf 82' lang='lat' dir='ltr'><strong>exponens,</strong></span> <span class='ocrx_word' id='word_1_520' title='bbox 783 3650 886 3703; x_wconf 91' lang='lat' dir='ltr'><strong>ista</strong></span> <span class='ocrx_word' id='word_1_521' title='bbox 907 3647 1132 3717; x_wconf 87' lang='lat' dir='ltr'><strong>subjicit</strong></span> <span class='ocrx_word' id='word_1_522' title='bbox 1167 3666 1180 3702; x_wconf 90' lang='lat'><strong>:</strong></span> 
     </span>
    </p>
   </div>
   <div class='ocr_carea' id='block_1_69' title="bbox 530 3760 1958 3830">
    <p class='ocr_par' dir='ltr' id='par_1_69' title="bbox 530 3760 1958 3830">
     <span class='ocr_line' id='line_1_70' title="bbox 530 3760 1958 3830; baseline -0.001 -16"><span class='ocrx_word' id='word_1_523' title='bbox 530 3760 598 3814; x_wconf 85' lang='lat' dir='ltr'><strong>In</strong></span> <span class='ocrx_word' id='word_1_524' title='bbox 625 3761 793 3814; x_wconf 88' lang='lat' dir='ltr'><strong>medio</strong></span> <span class='ocrx_word' id='word_1_525' title='bbox 824 3777 940 3814; x_wconf 86' lang='lat' dir='ltr'><strong>vero</strong></span> <span class='ocrx_word' id='word_1_526' title='bbox 978 3762 1096 3814; x_wconf 76' lang='lat' dir='ltr'><strong>(erit</strong></span> <span class='ocrx_word' id='word_1_527' title='bbox 1127 3764 1304 3830; x_wconf 84' lang='lat' dir='ltr'><strong>ingens</strong></span> <span class='ocrx_word' id='word_1_528' title='bbox 1333 3761 1517 3814; x_wconf 75' lang='lat' dir='ltr'><strong>caelum</strong></span> <span class='ocrx_word' id='word_1_529' title='bbox 1543 3777 1561 3814; x_wconf 93' lang='lat'><strong><em>:</em></strong></span> <span class='ocrx_word' id='word_1_530' title='bbox 1594 3761 1683 3814; x_wconf 83' lang='lat' dir='ltr'><strong>ubi</strong></span> <span class='ocrx_word' id='word_1_531' title='bbox 1712 3770 1958 3815; x_wconf 76' lang='lat' dir='ltr'><strong>extrema:</strong></span> 
     </span>
    </p>
   </div>
   <div class='ocr_carea' id='block_1_70' title="bbox 531 3830 1579 3900">
    <p class='ocr_par' dir='ltr' id='par_1_70' title="bbox 531 3830 1579 3900">
     <span class='ocr_line' id='line_1_71' title="bbox 531 3830 1579 3900; baseline 0.004 -15"><span class='ocrx_word' id='word_1_532' title='bbox 531 3830 724 3894; x_wconf 72' lang='lat' dir='ltr'><strong>Chelaz,</strong></span> <span class='ocrx_word' id='word_1_533' title='bbox 751 3841 800 3884; x_wconf 86' lang='lat' dir='ltr'><strong>et</strong></span> <span class='ocrx_word' id='word_1_534' title='bbox 834 3833 1100 3900; x_wconf 82' lang='lat' dir='ltr'><strong>cingulum</strong></span> <span class='ocrx_word' id='word_1_535' title='bbox 1135 3835 1304 3884; x_wconf 84' lang='lat' dir='ltr'><strong>oritur</strong></span> <span class='ocrx_word' id='word_1_536' title='bbox 1341 3831 1579 3889; x_wconf 79' lang='lat' dir='ltr'><strong>Orionis.</strong></span> 
     </span>
    </p>
   </div>
   <div class='ocr_carea' id='block_1_71' title="bbox 525 3943 2022 4018">
    <p class='ocr_par' dir='ltr' id='par_1_71' title="bbox 525 3943 2022 4018">
     <span class='ocr_line' id='line_1_72' title="bbox 525 3943 2022 4018; baseline -0.003 -16"><span class='ocrx_word' id='word_1_537' title='bbox 525 3945 664 4002; x_wconf 80' lang='lat' dir='ltr'><strong>XIV.</strong></span> <span class='ocrx_word' id='word_1_538' title='bbox 690 3946 746 4002; x_wconf 89' lang='lat' dir='ltr'><strong>ln</strong></span> <span class='ocrx_word' id='word_1_539' title='bbox 783 3943 1136 4018; x_wconf 86' lang='lat' dir='ltr'><strong>sequentibus</strong></span> <span class='ocrx_word' id='word_1_540' title='bbox 1173 3963 1302 4002; x_wconf 83' lang='lat' dir='ltr'><strong>vero</strong></span> <span class='ocrx_word' id='word_1_541' title='bbox 1337 3947 1478 4003; x_wconf 85' lang='lat' dir='ltr'><strong>alius</strong></span> <span class='ocrx_word' id='word_1_542' title='bbox 1536 3962 1692 4002; x_wconf 89' lang='lat' dir='ltr'><strong>error</strong></span> <span class='ocrx_word' id='word_1_543' title='bbox 1731 3953 1816 4002; x_wconf 89' lang='lat' dir='ltr'><strong>est</strong></span> <span class='ocrx_word' id='word_1_544' title='bbox 1847 3944 2022 4012; x_wconf 83' lang='lat' dir='ltr'><strong>Arati,</strong></span> 
     </span>
    </p>
   </div>
   <div class='ocr_carea' id='block_1_72' title="bbox 456 4040 1319 4111">
    <p class='ocr_par' dir='ltr' id='par_1_72' title="bbox 456 4040 1319 4111">
     <span class='ocr_line' id='line_1_73' title="bbox 456 4040 1319 4111; baseline -0.003 -15"><span class='ocrx_word' id='word_1_545' title='bbox 456 4055 580 4096; x_wconf 91' lang='lat' dir='ltr'><strong>cum</strong></span> <span class='ocrx_word' id='word_1_546' title='bbox 607 4041 673 4095; x_wconf 92' lang='lat' dir='ltr'><strong>de</strong></span> <span class='ocrx_word' id='word_1_547' title='bbox 706 4040 904 4096; x_wconf 90' lang='lat' dir='ltr'><strong>Perseo</strong></span> <span class='ocrx_word' id='word_1_548' title='bbox 929 4043 1007 4096; x_wconf 92' lang='lat' dir='ltr'><strong>sic</strong></span> <span class='ocrx_word' id='word_1_549' title='bbox 1031 4041 1270 4111; x_wconf 77' lang='lat' dir='ltr'><strong>laquitur</strong></span> <span class='ocrx_word' id='word_1_550' title='bbox 1306 4058 1319 4093; x_wconf 89' lang='lat'><strong>:</strong></span> 
     </span>
    </p>
   </div>
   <div class='ocr_carea' id='block_1_73' title="bbox 524 4152 1909 4224">
    <p class='ocr_par' dir='ltr' id='par_1_73' title="bbox 524 4152 1909 4224">
     <span class='ocr_line' id='line_1_74' title="bbox 524 4152 1909 4224; baseline -0.001 -14"><span class='ocrx_word' id='word_1_551' title='bbox 524 4154 774 4210; x_wconf 75' lang='lat' dir='ltr'><strong>Proxime</strong></span> <span class='ocrx_word' id='word_1_552' title='bbox 805 4172 921 4208; x_wconf 85' lang='lat' dir='ltr'><strong>vero</strong></span> <span class='ocrx_word' id='word_1_553' title='bbox 949 4157 1220 4209; x_wconf 83' lang='lat' dir='ltr'><strong>sinistrum</strong></span> <span class='ocrx_word' id='word_1_554' title='bbox 1254 4170 1387 4224; x_wconf 87' lang='lat' dir='ltr'><strong>genu</strong></span> <span class='ocrx_word' id='word_1_555' title='bbox 1420 4152 1711 4216; x_wconf 85' lang='lat' dir='ltr'><strong>admodum</strong></span> <span class='ocrx_word' id='word_1_556' title='bbox 1735 4170 1909 4208; x_wconf 77' lang='lat' dir='ltr'><strong>omnes</strong></span> 
     </span>
    </p>
   </div>
   <div class='ocr_carea' id='block_1_74' title="bbox 530 4225 1066 4295">
    <p class='ocr_par' dir='ltr' id='par_1_74' title="bbox 530 4225 1066 4295">
     <span class='ocr_line' id='line_1_75' title="bbox 530 4225 1066 4295; baseline 0 -15"><span class='ocrx_word' id='word_1_557' title='bbox 530 4225 772 4295; x_wconf 64' lang='lat' dir='ltr'><strong>Vergilio:</strong></span> <span class='ocrx_word' id='word_1_558' title='bbox 803 4226 1066 4294; x_wconf 75' lang='lat' dir='ltr'><strong>feruntur.</strong></span> 
     </span>
    </p>
   </div>
   <div class='ocr_carea' id='block_1_75' title="bbox 521 4315 2020 4387">
    <p class='ocr_par' dir='ltr' id='par_1_75' title="bbox 521 4315 2020 4387">
     <span class='ocr_line' id='line_1_76' title="bbox 521 4315 2020 4387; baseline -0.002 -16"><span class='ocrx_word' id='word_1_559' title='bbox 521 4316 656 4371; x_wconf 83' lang='lat' dir='ltr'><strong>Nam</strong></span> <span class='ocrx_word' id='word_1_560' title='bbox 706 4318 865 4387; x_wconf 82' lang='lat' dir='ltr'><strong>longe</strong></span> <span class='ocrx_word' id='word_1_561' title='bbox 910 4317 1060 4371; x_wconf 90' lang='lat' dir='ltr'><strong>abest</strong></span> <span class='ocrx_word' id='word_1_562' title='bbox 1099 4332 1130 4370; x_wconf 88' lang='lat' dir='ltr'><strong>a</strong></span> <span class='ocrx_word' id='word_1_563' title='bbox 1184 4316 1440 4386; x_wconf 82' lang='lat' dir='ltr'><strong>Vergiliis</strong></span> <span class='ocrx_word' id='word_1_564' title='bbox 1504 4315 1790 4371; x_wconf 90' lang='lat' dir='ltr'><strong>sinistrum</strong></span> <span class='ocrx_word' id='word_1_565' title='bbox 1833 4315 2020 4370; x_wconf 85' lang='lat' dir='ltr'><strong>Persei</strong></span> 
     </span>
    </p>
   </div>
   <div class='ocr_carea' id='block_1_76' title="bbox 2136 3191 3713 3264">
    <p class='ocr_par' dir='ltr' id='par_1_76' title="bbox 2136 3191 3713 3264">
     <span class='ocr_line' id='line_1_77' title="bbox 2136 3191 3713 3264; baseline 0.002 -21"><span class='ocrx_word' id='word_1_566' title='bbox 2136 3191 2529 3261; x_wconf 80' lang='grc' dir='ltr'>ὑπολαμϐάνων</span> <span class='ocrx_word' id='word_1_567' title='bbox 2563 3191 2841 3262; x_wconf 84' lang='grc' dir='ltr'>διασαφεῖν</span> <span class='ocrx_word' id='word_1_568' title='bbox 2885 3193 3046 3246; x_wconf 81' lang='grc' dir='ltr'>αὐτὸν</span> <span class='ocrx_word' id='word_1_569' title='bbox 3086 3193 3184 3264; x_wconf 77' lang='grc' dir='ltr'>τὴν</span> <span class='ocrx_word' id='word_1_570' title='bbox 3217 3193 3362 3246; x_wconf 89' lang='grc' dir='ltr'>θέσιν</span> <span class='ocrx_word' id='word_1_571' title='bbox 3396 3192 3489 3246; x_wconf 77' lang='grc' dir='ltr'>τοῦ</span> <span class='ocrx_word' id='word_1_572' title='bbox 3534 3193 3713 3263; x_wconf 78' lang='grc' dir='ltr'>Κριοῦ</span> 
     </span>
    </p>
   </div>
   <div class='ocr_carea' id='block_1_77' title="bbox 2134 3283 3714 3356">
    <p class='ocr_par' dir='ltr' id='par_1_77' title="bbox 2134 3283 3714 3356">
     <span class='ocr_line' id='line_1_78' title="bbox 2134 3283 3714 3356; baseline -0.001 -18"><span class='ocrx_word' id='word_1_573' title='bbox 2134 3284 2371 3355; x_wconf 79' lang='grc' dir='ltr'>φανερὰν</span> <span class='ocrx_word' id='word_1_574' title='bbox 2401 3283 2617 3338; x_wconf 80' lang='grc' dir='ltr'>ἔσεσθαι</span> <span class='ocrx_word' id='word_1_575' title='bbox 2649 3283 2736 3337; x_wconf 83' lang='grc' dir='ltr'>διὰ</span> <span class='ocrx_word' id='word_1_576' title='bbox 2770 3284 2876 3337; x_wconf 86' lang='grc' dir='ltr'><strong>τῶν</strong></span> <span class='ocrx_word' id='word_1_577' title='bbox 2908 3285 2997 3338; x_wconf 83' lang='grc' dir='ltr'>τὸν</span> <span class='ocrx_word' id='word_1_578' title='bbox 3022 3285 3184 3338; x_wconf 80' lang='grc' dir='ltr'>αὑτὸν</span> <span class='ocrx_word' id='word_1_579' title='bbox 3223 3285 3418 3339; x_wconf 85' lang='grc' dir='ltr'>κύκλον</span> <span class='ocrx_word' id='word_1_580' title='bbox 3443 3285 3522 3356; x_wconf 79' lang='grc' dir='ltr'><strong>τῷ</strong></span> <span class='ocrx_word' id='word_1_581' title='bbox 3549 3286 3714 3356; x_wconf 80' lang='grc' dir='ltr'>Κριῷ</span> 
     </span>
    </p>
   </div>
   <div class='ocr_carea' id='block_1_78' title="bbox 2133 3375 3712 3448">
    <p class='ocr_par' dir='ltr' id='par_1_78' title="bbox 2133 3375 3712 3448">
     <span class='ocr_line' id='line_1_79' title="bbox 2133 3375 3712 3448; baseline 0.002 -21"><span class='ocrx_word' id='word_1_582' title='bbox 2133 3376 2446 3447; x_wconf 87' lang='grc' dir='ltr'>φερομένων</span> <span class='ocrx_word' id='word_1_583' title='bbox 2471 3392 2483 3406; x_wconf 74' lang='grc' dir='ltr'><strong><em>ο</em></strong></span> <span class='ocrx_word' id='word_1_584' title='bbox 2516 3377 2609 3429; x_wconf 76' lang='grc' dir='ltr'>καὶ</span> <span class='ocrx_word' id='word_1_585' title='bbox 2647 3375 2834 3429; x_wconf 85' lang='grc' dir='ltr'>τούτου</span> <span class='ocrx_word' id='word_1_586' title='bbox 2860 3377 3018 3447; x_wconf 83' lang='grc' dir='ltr'>χάριν</span> <span class='ocrx_word' id='word_1_587' title='bbox 3059 3378 3502 3448; x_wconf 78' lang='grc' dir='ltr'>ἐπισημαίνεται.</span> <span class='ocrx_word' id='word_1_588' title='bbox 3544 3377 3712 3430; x_wconf 80' lang='grc' dir='ltr'><strong>Ἀ),λά</strong></span> 
     </span>
    </p>
   </div>
   <div class='ocr_carea' id='block_1_79' title="bbox 2129 3467 3711 3540">
    <p class='ocr_par' dir='ltr' id='par_1_79' title="bbox 2129 3467 3711 3540">
     <span class='ocr_line' id='line_1_80' title="bbox 2129 3467 3711 3540; baseline 0.001 -20"><span class='ocrx_word' id='word_1_589' title='bbox 2129 3467 2191 3520; x_wconf 82' lang='grc' dir='ltr'>τὸ</span> <span class='ocrx_word' id='word_1_590' title='bbox 2264 3468 2645 3540; x_wconf 81' lang='grc' dir='ltr'>παρεπόμενον</span> <span class='ocrx_word' id='word_1_591' title='bbox 2697 3469 2774 3540; x_wconf 82' lang='grc' dir='ltr'>τῷ</span> <span class='ocrx_word' id='word_1_592' title='bbox 2847 3468 3001 3540; x_wconf 86' lang='grc' dir='ltr'>Κριῷ</span> <span class='ocrx_word' id='word_1_593' title='bbox 3067 3469 3380 3539; x_wconf 82' lang='grc' dir='ltr'>διασαφῶν,</span> <span class='ocrx_word' id='word_1_594' title='bbox 3458 3468 3711 3538; x_wconf 80' lang='grc' dir='ltr'>ἐπιλέγει</span> 
     </span>
    </p>
   </div>
   <div class='ocr_carea' id='block_1_80' title="bbox 2129 3560 2333 3624">
    <p class='ocr_par' dir='ltr' id='par_1_80' title="bbox 2129 3560 2333 3624">
     <span class='ocr_line' id='line_1_81' title="bbox 2129 3560 2333 3624; baseline 0.005 -10"><span class='ocrx_word' id='word_1_595' title='bbox 2129 3560 2301 3624; x_wconf 69' lang='grc' dir='ltr'>οὕτως</span> <span class='ocrx_word' id='word_1_596' title='bbox 2318 3577 2333 3592; x_wconf 85' lang='lat'><strong><em>°</em></strong></span> 
     </span>
    </p>
   </div>
   <div class='ocr_carea' id='block_1_81' title="bbox 2128 3753 3712 3831">
    <p class='ocr_par' dir='ltr' id='par_1_81' title="bbox 2128 3753 3712 3831">
     <span class='ocr_line' id='line_1_82' title="bbox 2128 3753 3712 3831; baseline -0.001 -16"><span class='ocrx_word' id='word_1_597' title='bbox 2128 3763 2392 3815; x_wconf 84' lang='grc' dir='ltr'>Μεσσόθι</span> <span class='ocrx_word' id='word_1_598' title='bbox 2431 3761 2500 3814; x_wconf 82' lang='grc' dir='ltr'>δὲ</span> <span class='ocrx_word' id='word_1_599' title='bbox 2531 3762 2710 3829; x_wconf 77' lang='grc' dir='ltr'>τρίϐει</span> <span class='ocrx_word' id='word_1_600' title='bbox 2737 3760 2928 3830; x_wconf 74' lang='grc' dir='ltr'>μέγαν</span> <span class='ocrx_word' id='word_1_601' title='bbox 2951 3761 3159 3829; x_wconf 68' lang='grc' dir='ltr'>οὖρανί</span> <span class='ocrx_word' id='word_1_602' title='bbox 3171 3778 3227 3823; x_wconf 71' lang='grc' dir='ltr'>ν,</span> <span class='ocrx_word' id='word_1_603' title='bbox 3252 3753 3355 3831; x_wconf 83' lang='grc' dir='ltr'>ᾗχι</span> <span class='ocrx_word' id='word_1_604' title='bbox 3381 3775 3492 3829; x_wconf 82' lang='grc' dir='ltr'><strong>περ</strong></span> <span class='ocrx_word' id='word_1_605' title='bbox 3527 3760 3712 3830; x_wconf 80' lang='grc' dir='ltr'>ἄκραι</span> 
     </span>
    </p>
   </div>
   <div class='ocr_carea' id='block_1_82' title="bbox 2126 3831 3414 3900">
    <p class='ocr_par' dir='ltr' id='par_1_82' title="bbox 2126 3831 3414 3900">
     <span class='ocr_line' id='line_1_83' title="bbox 2126 3831 3414 3900; baseline 0.001 -16"><span class='ocrx_word' id='word_1_606' title='bbox 2126 3832 2315 3900; x_wconf 79' lang='grc' dir='ltr'>Χηλιιὶ</span> <span class='ocrx_word' id='word_1_607' title='bbox 2347 3831 2445 3886; x_wconf 79' lang='grc' dir='ltr'>καὶ</span> <span class='ocrx_word' id='word_1_608' title='bbox 2482 3831 2629 3900; x_wconf 80' lang='grc' dir='ltr'><strong>ζώνη</strong></span> <span class='ocrx_word' id='word_1_609' title='bbox 2665 3833 3071 3900; x_wconf 78' lang='grc' dir='ltr'>περιτέλλεται</span> <span class='ocrx_word' id='word_1_610' title='bbox 3122 3832 3414 3899; x_wconf 81' lang='grc' dir='ltr'>Ὠρίωνος.</span> 
     </span>
    </p>
   </div>
   <div class='ocr_carea' id='block_1_83' title="bbox 2196 3943 3710 4016">
    <p class='ocr_par' dir='ltr' id='par_1_83' title="bbox 2196 3943 3710 4016">
     <span class='ocr_line' id='line_1_84' title="bbox 2196 3943 3710 4016; baseline 0.001 -19"><span class='ocrx_word' id='word_1_611' title='bbox 2196 3944 2292 3997; x_wconf 85' lang='grc' dir='ltr'><strong>1Δ’.</strong></span> <span class='ocrx_word' id='word_1_612' title='bbox 2336 3944 2422 3997; x_wconf 89' lang='grc' dir='ltr'>Ἑν</span> <span class='ocrx_word' id='word_1_613' title='bbox 2457 3945 2511 3998; x_wconf 83' lang='grc' dir='ltr'>δὲ</span> <span class='ocrx_word' id='word_1_614' title='bbox 2543 3948 2656 4008; x_wconf 83' lang='grc' dir='ltr'>τοῖς</span> <span class='ocrx_word' id='word_1_615' title='bbox 2685 3943 2812 4015; x_wconf 78' lang='grc' dir='ltr'><strong>ἑξῆς</strong></span> <span class='ocrx_word' id='word_1_616' title='bbox 2832 3946 3014 4013; x_wconf 85' lang='grc' dir='ltr'>ἁγνοεῖ</span> <span class='ocrx_word' id='word_1_617' title='bbox 3039 3948 3068 3998; x_wconf 89' lang='grc' dir='ltr'><strong>ό</strong></span> <span class='ocrx_word' id='word_1_618' title='bbox 3096 3946 3346 4015; x_wconf 74' lang='grc' dir='ltr'>Ἄρατος,</span> <span class='ocrx_word' id='word_1_619' title='bbox 3376 3944 3551 4012; x_wconf 86' lang='grc' dir='ltr'>λέγων</span> <span class='ocrx_word' id='word_1_620' title='bbox 3575 3946 3710 4016; x_wconf 70' lang='grc' dir='ltr'>περὶ</span> 
     </span>
    </p>
   </div>
   <div class='ocr_carea' id='block_1_84' title="bbox 2124 4034 2529 4107">
    <p class='ocr_par' dir='ltr' id='par_1_84' title="bbox 2124 4034 2529 4107">
     <span class='ocr_line' id='line_1_85' title="bbox 2124 4034 2529 4107; baseline 0.005 -21"><span class='ocrx_word' id='word_1_621' title='bbox 2124 4034 2217 4088; x_wconf 78' lang='grc' dir='ltr'><strong>τοῦ</strong></span> <span class='ocrx_word' id='word_1_622' title='bbox 2245 4036 2498 4107; x_wconf 84' lang='grc' dir='ltr'>Περσέως</span> <span class='ocrx_word' id='word_1_623' title='bbox 2515 4050 2529 4064; x_wconf 86' lang='grc'><strong>·</strong></span> 
     </span>
    </p>
   </div>
   <div class='ocr_carea' id='block_1_85' title="bbox 2198 4145 3634 4222">
    <p class='ocr_par' dir='ltr' id='par_1_85' title="bbox 2198 4145 3634 4222">
     <span class='ocr_line' id='line_1_86' title="bbox 2198 4145 3634 4222; baseline -0.005 -16"><span class='ocrx_word' id='word_1_624' title='bbox 2198 4153 2358 4222; x_wconf 77' lang='grc' dir='ltr'>Ἅγχι</span> <span class='ocrx_word' id='word_1_625' title='bbox 2389 4152 2456 4204; x_wconf 86' lang='grc' dir='ltr'><strong>δέ</strong></span> <span class='ocrx_word' id='word_1_626' title='bbox 2483 4155 2536 4206; x_wconf 81' lang='grc' dir='ltr'>οἱ</span> <span class='ocrx_word' id='word_1_627' title='bbox 2564 4152 2783 4220; x_wconf 80' lang='grc' dir='ltr'>σκαιῆς</span> <span class='ocrx_word' id='word_1_628' title='bbox 2813 4149 3192 4220; x_wconf 78' lang='grc' dir='ltr'>ἐπιγουνίδος</span> <span class='ocrx_word' id='word_1_629' title='bbox 3228 4148 3407 4217; x_wconf 75' lang='grc' dir='ltr'>ἤλιθα</span> <span class='ocrx_word' id='word_1_630' title='bbox 3438 4145 3634 4202; x_wconf 74' lang='grc' dir='ltr'>πᾶσαι</span> 
     </span>
    </p>
   </div>
   <div class='ocr_carea' id='block_1_86' title="bbox 2195 4222 2848 4292">
    <p class='ocr_par' dir='ltr' id='par_1_86' title="bbox 2195 4222 2848 4292">
     <span class='ocr_line' id='line_1_87' title="bbox 2195 4222 2848 4292; baseline -0.003 -16"><span class='ocrx_word' id='word_1_631' title='bbox 2195 4222 2488 4290; x_wconf 80' lang='grc' dir='ltr'>Πληϊάδες</span> <span class='ocrx_word' id='word_1_632' title='bbox 2519 4223 2848 4292; x_wconf 68' lang='grc' dir='ltr'>φορέονται.</span> 
     </span>
    </p>
   </div>
   <div class='ocr_carea' id='block_1_87' title="bbox 2194 4307 3708 4385">
    <p class='ocr_par' dir='ltr' id='par_1_87' title="bbox 2194 4307 3708 4385">
     <span class='ocr_line' id='line_1_88' title="bbox 2194 4307 3708 4385; baseline -0.005 -18"><span class='ocrx_word' id='word_1_633' title='bbox 2194 4314 2333 4367; x_wconf 86' lang='grc' dir='ltr'>Πολὺ</span> <span class='ocrx_word' id='word_1_634' title='bbox 2377 4313 2484 4385; x_wconf 84' lang='grc' dir='ltr'><strong>γὰρ</strong></span> <span class='ocrx_word' id='word_1_635' title='bbox 2527 4314 2720 4383; x_wconf 89' lang='grc' dir='ltr'>ἀπέχει</span> <span class='ocrx_word' id='word_1_636' title='bbox 2753 4314 2813 4366; x_wconf 87' lang='grc' dir='ltr'>τὸ</span> <span class='ocrx_word' id='word_1_637' title='bbox 2846 4313 3128 4384; x_wconf 80' lang='grc' dir='ltr'>ἀριστερὸν</span> <span class='ocrx_word' id='word_1_638' title='bbox 3157 4310 3283 4380; x_wconf 86' lang='grc' dir='ltr'>γόνυ</span> <span class='ocrx_word' id='word_1_639' title='bbox 3322 4307 3416 4362; x_wconf 76' lang='grc' dir='ltr'><strong>τοῦ</strong></span> <span class='ocrx_word' id='word_1_640' title='bbox 3443 4308 3708 4380; x_wconf 86' lang='grc' dir='ltr'>Περσέως</span> 
     </span>
    </p>
   </div>
   <div class='ocr_carea' id='block_1_88' title="bbox 451 4399 2029 4485">
    <p class='ocr_par' dir='ltr' id='par_1_88' title="bbox 451 4409 2019 4481">
     <span class='ocr_line' id='line_1_89' title="bbox 451 4409 2019 4481; baseline -0.003 -16"><span class='ocrx_word' id='word_1_641' title='bbox 451 4425 611 4481; x_wconf 80' lang='lat' dir='ltr'><strong>genu.</strong></span> <span class='ocrx_word' id='word_1_642' title='bbox 643 4410 858 4463; x_wconf 86' lang='lat' dir='ltr'><strong>Attalus</strong></span> <span class='ocrx_word' id='word_1_643' title='bbox 902 4426 1033 4465; x_wconf 88' lang='lat' dir='ltr'><strong>vero</strong></span> <span class='ocrx_word' id='word_1_644' title='bbox 1093 4410 1258 4464; x_wconf 89' lang='lat' dir='ltr'><strong>etiam</strong></span> <span class='ocrx_word' id='word_1_645' title='bbox 1314 4409 1638 4479; x_wconf 86' lang='lat' dir='ltr'><strong>particulam</strong></span> <span class='ocrx_word' id='word_1_646' title='bbox 1680 4409 1808 4479; x_wconf 82' lang='grc' dir='ltr'>ἄγχι</span> <span class='ocrx_word' id='word_1_647' title='bbox 1857 4414 2019 4478; x_wconf 81' lang='lat' dir='ltr'><strong>negat</strong></span> 
     </span>
    </p>
   </div>
   <div class='ocr_carea' id='block_1_89' title="bbox 2142 4399 3706 4485">
    <p class='ocr_par' dir='ltr' id='par_1_89' title="bbox 2142 4399 3706 4475">
     <span class='ocr_line' id='line_1_90' title="bbox 2142 4399 3706 4475; baseline -0.003 -17"><span class='ocrx_word' id='word_1_648' title='bbox 2142 4405 2230 4458; x_wconf 79' lang='grc' dir='ltr'>Ιιπδ</span> <span class='ocrx_word' id='word_1_649' title='bbox 2252 4404 2360 4458; x_wconf 84' lang='grc' dir='ltr'><strong>τῶν</strong></span> <span class='ocrx_word' id='word_1_650' title='bbox 2393 4404 2692 4475; x_wconf 83' lang='grc' dir='ltr'>Πληῖάδων.</span> <span class='ocrx_word' id='word_1_651' title='bbox 2748 4405 2806 4458; x_wconf 79' lang='grc'><strong>’0</strong></span> <span class='ocrx_word' id='word_1_652' title='bbox 2830 4405 2885 4457; x_wconf 80' lang='grc' dir='ltr'>δὲ</span> <span class='ocrx_word' id='word_1_653' title='bbox 2914 4405 3176 4467; x_wconf 81' lang='grc' dir='ltr'>Ἀτταλός</span> <span class='ocrx_word' id='word_1_654' title='bbox 3219 4419 3348 4473; x_wconf 85' lang='grc' dir='ltr'>φησι</span> <span class='ocrx_word' id='word_1_655' title='bbox 3384 4402 3519 4473; x_wconf 83' lang='grc' dir='ltr'>μηδὲ</span> <span class='ocrx_word' id='word_1_656' title='bbox 3552 4399 3706 4454; x_wconf 75' lang='grc' dir='ltr'>ὲνδέο</span> 
     </span>
    </p>
   </div>
   <div class='ocr_carea' id='block_1_90' title="bbox 451 4499 2018 4570">
    <p class='ocr_par' dir='ltr' id='par_1_90' title="bbox 451 4499 2018 4570">
     <span class='ocr_line' id='line_1_91' title="bbox 451 4499 2018 4570; baseline 0 -14"><span class='ocrx_word' id='word_1_657' title='bbox 451 4501 706 4570; x_wconf 90' lang='lat' dir='ltr'><strong>usurpari</strong></span> <span class='ocrx_word' id='word_1_658' title='bbox 730 4515 828 4569; x_wconf 89' lang='lat' dir='ltr'><strong>pro</strong></span> <span class='ocrx_word' id='word_1_659' title='bbox 861 4516 926 4555; x_wconf 86' lang='lat' dir='ltr'><strong>eo</strong></span> <span class='ocrx_word' id='word_1_660' title='bbox 952 4500 1098 4570; x_wconf 86' lang='lat' dir='ltr'><strong>quod</strong></span> <span class='ocrx_word' id='word_1_661' title='bbox 1135 4510 1214 4554; x_wconf 89' lang='lat' dir='ltr'><strong>est</strong></span> <span class='ocrx_word' id='word_1_662' title='bbox 1249 4517 1437 4570; x_wconf 79' lang='lat' dir='ltr'><strong>prope;</strong></span> <span class='ocrx_word' id='word_1_663' title='bbox 1483 4501 1579 4555; x_wconf 91' lang='lat' dir='ltr'><strong>sed</strong></span> <span class='ocrx_word' id='word_1_664' title='bbox 1611 4499 1752 4554; x_wconf 89' lang='lat' dir='ltr'><strong>idem</strong></span> <span class='ocrx_word' id='word_1_665' title='bbox 1793 4515 1917 4556; x_wconf 89' lang='lat' dir='ltr'><strong>esse</strong></span> <span class='ocrx_word' id='word_1_666' title='bbox 1955 4515 2018 4556; x_wconf 84' lang='lat' dir='ltr'><strong>ac</strong></span> 
     </span>
    </p>
   </div>
   <div class='ocr_carea' id='block_1_91' title="bbox 448 4590 2020 4662">
    <p class='ocr_par' dir='ltr' id='par_1_91' title="bbox 448 4590 2020 4662">
     <span class='ocr_line' id='line_1_92' title="bbox 448 4590 2020 4662; baseline 0.002 -19"><span class='ocrx_word' id='word_1_667' title='bbox 448 4593 704 4661; x_wconf 75' lang='lat' dir='ltr'><strong>proxime.</strong></span> <span class='ocrx_word' id='word_1_668' title='bbox 748 4591 909 4645; x_wconf 87' lang='lat' dir='ltr'><strong>Putat</strong></span> <span class='ocrx_word' id='word_1_669' title='bbox 981 4592 1127 4646; x_wconf 91' lang='lat' dir='ltr'><strong>enim</strong></span> <span class='ocrx_word' id='word_1_670' title='bbox 1190 4590 1443 4662; x_wconf 75' lang='lat' dir='ltr'><strong>Vergiliis</strong></span> <span class='ocrx_word' id='word_1_671' title='bbox 1489 4592 2020 4662; x_wconf 87' lang='lat' dir='ltr'><strong>propinquissimum</strong></span> 
     </span>
    </p>
   </div>
   <div class='ocr_carea' id='block_1_92' title="bbox 449 4681 2020 4753">
    <p class='ocr_par' dir='ltr' id='par_1_92' title="bbox 449 4681 2020 4753">
     <span class='ocr_line' id='line_1_93' title="bbox 449 4681 2020 4753; baseline -0.001 -16"><span class='ocrx_word' id='word_1_672' title='bbox 449 4684 692 4738; x_wconf 90' lang='lat' dir='ltr'><strong>omnium</strong></span> <span class='ocrx_word' id='word_1_673' title='bbox 716 4684 992 4738; x_wconf 86' lang='lat' dir='ltr'><strong>stellarum</strong></span> <span class='ocrx_word' id='word_1_674' title='bbox 1009 4699 1131 4739; x_wconf 85' lang='lat' dir='ltr'><strong>esse</strong></span> <span class='ocrx_word' id='word_1_675' title='bbox 1161 4699 1298 4753; x_wconf 81' lang='lat' dir='ltr'><strong>genu</strong></span> <span class='ocrx_word' id='word_1_676' title='bbox 1317 4683 1619 4738; x_wconf 86' lang='lat' dir='ltr'><strong>sinistrum.</strong></span> <span class='ocrx_word' id='word_1_677' title='bbox 1640 4681 1801 4737; x_wconf 84' lang='lat' dir='ltr'><strong>Falso</strong></span> <span class='ocrx_word' id='word_1_678' title='bbox 1824 4683 1874 4738; x_wconf 92' lang='lat' dir='ltr'><strong>id</strong></span> <span class='ocrx_word' id='word_1_679' title='bbox 1906 4683 2020 4753; x_wconf 88' lang='lat' dir='ltr'><strong>qui-</strong></span> 
     </span>
    </p>
   </div>
   <div class='ocr_carea' id='block_1_93' title="bbox 449 4775 2017 4847">
    <p class='ocr_par' dir='ltr' id='par_1_93' title="bbox 449 4775 2017 4847">
     <span class='ocr_line' id='line_1_94' title="bbox 449 4775 2017 4847; baseline 0 -17"><span class='ocrx_word' id='word_1_680' title='bbox 449 4777 594 4832; x_wconf 87' lang='lat' dir='ltr'><strong>dem.</strong></span> <span class='ocrx_word' id='word_1_681' title='bbox 617 4776 823 4830; x_wconf 90' lang='lat' dir='ltr'><strong>Etenim</strong></span> <span class='ocrx_word' id='word_1_682' title='bbox 852 4776 972 4831; x_wconf 71' lang='lat' dir='ltr'><strong>dua:</strong></span> <span class='ocrx_word' id='word_1_683' title='bbox 988 4777 1196 4842; x_wconf 63' lang='lat' dir='ltr'><strong>lucidas,</strong></span> <span class='ocrx_word' id='word_1_684' title='bbox 1219 4792 1340 4847; x_wconf 70' lang='lat' dir='ltr'><strong>quae</strong></span> <span class='ocrx_word' id='word_1_685' title='bbox 1359 4787 1486 4832; x_wconf 87' lang='lat' dir='ltr'><strong>sunt</strong></span> <span class='ocrx_word' id='word_1_686' title='bbox 1504 4779 1557 4830; x_wconf 91' lang='lat' dir='ltr'><strong>in</strong></span> <span class='ocrx_word' id='word_1_687' title='bbox 1580 4777 1806 4831; x_wconf 79' lang='lat' dir='ltr'><strong>sinistro</strong></span> <span class='ocrx_word' id='word_1_688' title='bbox 1829 4775 2017 4831; x_wconf 89' lang='lat' dir='ltr'><strong>Persei</strong></span> 
     </span>
    </p>
   </div>
   <div class='ocr_carea' id='block_1_94' title="bbox 447 4865 2018 4937">
    <p class='ocr_par' dir='ltr' id='par_1_94' title="bbox 447 4865 2018 4937">
     <span class='ocr_line' id='line_1_95' title="bbox 447 4865 2018 4937; baseline 0.001 -18"><span class='ocrx_word' id='word_1_689' title='bbox 447 4865 606 4934; x_wconf 86' lang='lat' dir='ltr'><strong>pede,</strong></span> <span class='ocrx_word' id='word_1_690' title='bbox 640 4873 755 4918; x_wconf 90' lang='lat' dir='ltr'><strong>tum</strong></span> <span class='ocrx_word' id='word_1_691' title='bbox 788 4882 909 4935; x_wconf 73' lang='lat' dir='ltr'><strong>qua:</strong></span> <span class='ocrx_word' id='word_1_692' title='bbox 963 4866 1018 4919; x_wconf 92' lang='lat' dir='ltr'><strong>in</strong></span> <span class='ocrx_word' id='word_1_693' title='bbox 1075 4867 1297 4920; x_wconf 88' lang='lat' dir='ltr'><strong>sinistra</strong></span> <span class='ocrx_word' id='word_1_694' title='bbox 1361 4867 1512 4931; x_wconf 89' lang='lat' dir='ltr'><strong>tibia,</strong></span> <span class='ocrx_word' id='word_1_695' title='bbox 1563 4868 1851 4937; x_wconf 88' lang='lat' dir='ltr'><strong>propiores</strong></span> <span class='ocrx_word' id='word_1_696' title='bbox 1890 4874 2018 4924; x_wconf 87' lang='lat' dir='ltr'><strong>sunt</strong></span> 
     </span>
    </p>
   </div>
   <div class='ocr_carea' id='block_1_95' title="bbox 449 4955 1385 5029">
    <p class='ocr_par' dir='ltr' id='par_1_95' title="bbox 449 4955 1385 5029">
     <span class='ocr_line' id='line_1_96' title="bbox 449 4955 1385 5029; baseline 0.002 -19"><span class='ocrx_word' id='word_1_697' title='bbox 449 4955 704 5029; x_wconf 78' lang='lat' dir='ltr'><strong>Vergiliis</strong></span> <span class='ocrx_word' id='word_1_698' title='bbox 725 4974 886 5028; x_wconf 89' lang='lat' dir='ltr'><strong>quam</strong></span> <span class='ocrx_word' id='word_1_699' title='bbox 907 4973 1047 5029; x_wconf 82' lang='lat' dir='ltr'><strong>genu</strong></span> <span class='ocrx_word' id='word_1_700' title='bbox 1072 4959 1385 5013; x_wconf 88' lang='lat' dir='ltr'><strong>sinistrum.</strong></span> 
     </span>
    </p>
   </div>
   <div class='ocr_carea' id='block_1_96' title="bbox 515 5134 2016 5208">
    <p class='ocr_par' dir='ltr' id='par_1_96' title="bbox 515 5134 2016 5208">
     <span class='ocr_line' id='line_1_97' title="bbox 515 5134 2016 5208; baseline 0.004 -20"><span class='ocrx_word' id='word_1_701' title='bbox 515 5134 613 5190; x_wconf 90' lang='lat' dir='ltr'><strong>Est</strong></span> <span class='ocrx_word' id='word_1_702' title='bbox 647 5134 699 5190; x_wconf 90' lang='lat' dir='ltr'><strong>id</strong></span> <span class='ocrx_word' id='word_1_703' title='bbox 729 5136 892 5191; x_wconf 90' lang='lat' dir='ltr'><strong>etiam</strong></span> <span class='ocrx_word' id='word_1_704' title='bbox 919 5136 1072 5190; x_wconf 83' lang='lat' dir='ltr'><strong>Arati</strong></span> <span class='ocrx_word' id='word_1_705' title='bbox 1101 5135 1612 5208; x_wconf 77' lang='lat' dir='ltr'><strong>lalsum,Vergilias</strong></span> <span class='ocrx_word' id='word_1_706' title='bbox 1646 5153 1743 5194; x_wconf 78' lang='lat' dir='ltr'><strong>sex</strong></span> <span class='ocrx_word' id='word_1_707' title='bbox 1769 5145 2016 5194; x_wconf 88' lang='lat' dir='ltr'><strong>tantum-</strong></span> 
     </span>
    </p>
   </div>
   <div class='ocr_carea' id='block_1_97' title="bbox 445 5227 1337 5299">
    <p class='ocr_par' dir='ltr' id='par_1_97' title="bbox 445 5227 1337 5299">
     <span class='ocr_line' id='line_1_98' title="bbox 445 5227 1337 5299; baseline 0.002 -17"><span class='ocrx_word' id='word_1_708' title='bbox 445 5227 610 5282; x_wconf 91' lang='lat' dir='ltr'><strong>modo</strong></span> <span class='ocrx_word' id='word_1_709' title='bbox 637 5235 887 5283; x_wconf 87' lang='lat' dir='ltr'><strong>constare</strong></span> <span class='ocrx_word' id='word_1_710' title='bbox 919 5229 1113 5293; x_wconf 89' lang='lat' dir='ltr'><strong>stellis,</strong></span> <span class='ocrx_word' id='word_1_711' title='bbox 1137 5229 1337 5299; x_wconf 88' lang='lat' dir='ltr'><strong>quippe</strong></span> 
     </span>
    </p>
   </div>
   <div class='ocr_carea' id='block_1_98' title="bbox 517 5340 1692 5410">
    <p class='ocr_par' dir='ltr' id='par_1_98' title="bbox 517 5340 1692 5410">
     <span class='ocr_line' id='line_1_99' title="bbox 517 5340 1692 5410; baseline 0.003 -17"><span class='ocrx_word' id='word_1_712' title='bbox 517 5379 579 5410; x_wconf 69' lang='lat'><strong>...</strong></span> <span class='ocrx_word' id='word_1_713' title='bbox 611 5349 823 5408; x_wconf 79' lang='lat' dir='ltr'><strong>septem,</strong></span> <span class='ocrx_word' id='word_1_714' title='bbox 855 5340 1050 5410; x_wconf 89' lang='lat' dir='ltr'><strong>inquit,</strong></span> <span class='ocrx_word' id='word_1_715' title='bbox 1075 5341 1184 5395; x_wconf 77' lang='lat' dir='ltr'><strong>illa:</strong></span> <span class='ocrx_word' id='word_1_716' title='bbox 1213 5352 1388 5410; x_wconf 81' lang='lat' dir='ltr'><strong>aperte</strong></span> <span class='ocrx_word' id='word_1_717' title='bbox 1420 5353 1692 5409; x_wconf 83' lang='lat' dir='ltr'><strong>vocantur,</strong></span> 
     </span>
    </p>
   </div>
   <div class='ocr_carea' id='block_1_99' title="bbox 514 5409 1862 5483">
    <p class='ocr_par' dir='ltr' id='par_1_99' title="bbox 514 5409 1862 5483">
     <span class='ocr_line' id='line_1_100' title="bbox 514 5409 1862 5483; baseline 0.006 -19"><span class='ocrx_word' id='word_1_718' title='bbox 514 5409 620 5464; x_wconf 79' lang='lat' dir='ltr'><strong>Sea:</strong></span> <span class='ocrx_word' id='word_1_719' title='bbox 650 5411 777 5464; x_wconf 75' lang='lat' dir='ltr'><strong>sola:</strong></span> <span class='ocrx_word' id='word_1_720' title='bbox 797 5409 1030 5481; x_wconf 79' lang='lat' dir='ltr'><strong>quamvis</strong></span> <span class='ocrx_word' id='word_1_721' title='bbox 1056 5409 1312 5467; x_wconf 78' lang='lat' dir='ltr'><strong>exsistant</strong></span> <span class='ocrx_word' id='word_1_722' title='bbox 1347 5416 1641 5483; x_wconf 80' lang='lat' dir='ltr'><strong>conspicua:</strong></span> <span class='ocrx_word' id='word_1_723' title='bbox 1670 5413 1862 5472; x_wconf 80' lang='lat' dir='ltr'><strong>oculis.</strong></span> 
     </span>
    </p>
   </div>
   <div class='ocr_carea' id='block_1_100' title="bbox 509 5521 2013 5611">
    <p class='ocr_par' dir='ltr' id='par_1_100' title="bbox 509 5521 2013 5611">
     <span class='ocr_line' id='line_1_101' title="bbox 509 5521 2013 5611; baseline 0.003 -34"><span class='ocrx_word' id='word_1_724' title='bbox 509 5521 613 5578; x_wconf 89' lang='lat' dir='ltr'><strong>Sed</strong></span> <span class='ocrx_word' id='word_1_725' title='bbox 638 5525 738 5578; x_wconf 90' lang='lat' dir='ltr'><strong>hoc</strong></span> <span class='ocrx_word' id='word_1_726' title='bbox 770 5526 921 5580; x_wconf 92' lang='lat' dir='ltr'><strong>illum</strong></span> <span class='ocrx_word' id='word_1_727' title='bbox 949 5525 1098 5596; x_wconf 84' lang='lat' dir='ltr'><strong>fugit.</strong></span> <span class='ocrx_word' id='word_1_728' title='bbox 1133 5526 1267 5582; x_wconf 87' lang='lat' dir='ltr'><strong>Nam</strong></span> <span class='ocrx_word' id='word_1_729' title='bbox 1313 5531 1358 5584; x_wconf 92' lang='lat' dir='ltr'><strong>si</strong></span> <span class='ocrx_word' id='word_1_730' title='bbox 1397 5531 1520 5602; x_wconf 85' lang='lat' dir='ltr'><strong>quis</strong></span> <span class='ocrx_word' id='word_1_731' title='bbox 1551 5545 1743 5611; x_wconf 74' lang='lat' dir='ltr'><strong>serena</strong></span> <span class='ocrx_word' id='word_1_732' title='bbox 1775 5539 1827 5585; x_wconf 86' lang='lat' dir='ltr'><strong>et</strong></span> <span class='ocrx_word' id='word_1_733' title='bbox 1857 5529 2013 5583; x_wconf 91' lang='lat' dir='ltr'><strong>illuni</strong></span> 
     </span>
    </p>
   </div>
   <div class='ocr_carea' id='block_1_101' title="bbox 440 5615 2011 5688">
    <p class='ocr_par' dir='ltr' id='par_1_101' title="bbox 440 5615 2011 5688">
     <span class='ocr_line' id='line_1_102' title="bbox 440 5615 2011 5688; baseline 0.006 -23"><span class='ocrx_word' id='word_1_734' title='bbox 440 5622 604 5668; x_wconf 81' lang='lat' dir='ltr'><strong>nocte</strong></span> <span class='ocrx_word' id='word_1_735' title='bbox 649 5615 892 5680; x_wconf 84' lang='lat' dir='ltr'><strong>intendat</strong></span> <span class='ocrx_word' id='word_1_736' title='bbox 931 5619 1140 5684; x_wconf 90' lang='lat' dir='ltr'><strong>oculos,</strong></span> <span class='ocrx_word' id='word_1_737' title='bbox 1198 5630 1401 5688; x_wconf 83' lang='lat' dir='ltr'><strong>septem</strong></span> <span class='ocrx_word' id='word_1_738' title='bbox 1459 5621 1514 5675; x_wconf 90' lang='lat' dir='ltr'><strong>in</strong></span> <span class='ocrx_word' id='word_1_739' title='bbox 1566 5621 1657 5676; x_wconf 86' lang='lat' dir='ltr'><strong>illa</strong></span> <span class='ocrx_word' id='word_1_740' title='bbox 1726 5620 2011 5676; x_wconf 85' lang='lat' dir='ltr'><strong>constella-</strong></span> 
     </span>
    </p>
   </div>
   <div class='ocr_carea' id='block_1_102' title="bbox 445 5701 2003 5771">
    <p class='ocr_par' dir='ltr' id='par_1_102' title="bbox 445 5701 2003 5771">
     <span class='ocr_line' id='line_1_103' title="bbox 445 5701 2003 5771; baseline 0.009 -17"><span class='ocrx_word' id='word_1_741' title='bbox 445 5701 592 5757; x_wconf 81' lang='lat' dir='ltr'><strong>tione</strong></span> <span class='ocrx_word' id='word_1_742' title='bbox 620 5704 785 5760; x_wconf 71' lang='lat' dir='ltr'><strong>stella:</strong></span> <span class='ocrx_word' id='word_1_743' title='bbox 839 5707 1102 5764; x_wconf 83' lang='lat' dir='ltr'><strong>contineri</strong></span> <span class='ocrx_word' id='word_1_744' title='bbox 1152 5709 1420 5768; x_wconf 85' lang='lat' dir='ltr'><strong>videntur.</strong></span> <span class='ocrx_word' id='word_1_745' title='bbox 1459 5709 1614 5770; x_wconf 87' lang='lat' dir='ltr'><strong>Unde</strong></span> <span class='ocrx_word' id='word_1_746' title='bbox 1665 5711 1815 5771; x_wconf 81' lang='lat' dir='ltr'><strong>subit</strong></span> <span class='ocrx_word' id='word_1_747' title='bbox 1866 5711 2003 5770; x_wconf 86' lang='lat' dir='ltr'><strong>illud</strong></span> 
     </span>
    </p>
   </div>
   <div class='ocr_carea' id='block_1_103' title="bbox 2123 4491 3702 4568">
    <p class='ocr_par' dir='ltr' id='par_1_103' title="bbox 2123 4491 3702 4568">
     <span class='ocr_line' id='line_1_104' title="bbox 2123 4491 3702 4568; baseline -0.004 -18"><span class='ocrx_word' id='word_1_748' title='bbox 2123 4496 2312 4568; x_wconf 85' lang='grc' dir='ltr'>χεσθαι</span> <span class='ocrx_word' id='word_1_749' title='bbox 2377 4497 2436 4550; x_wconf 84' lang='grc' dir='ltr'>τὸ</span> <span class='ocrx_word' id='word_1_750' title='bbox 2483 4495 2622 4565; x_wconf 79' lang='grc' dir='ltr'>ἄγχι</span> <span class='ocrx_word' id='word_1_751' title='bbox 2672 4496 2792 4550; x_wconf 71' lang='grc' dir='ltr'>ἀντὶ</span> <span class='ocrx_word' id='word_1_752' title='bbox 2824 4495 2917 4550; x_wconf 78' lang='grc' dir='ltr'><strong>τοῦ</strong></span> <span class='ocrx_word' id='word_1_753' title='bbox 2980 4496 3193 4566; x_wconf 74' lang='grc' dir='ltr'>ἐγγὺς,</span> <span class='ocrx_word' id='word_1_754' title='bbox 3254 4494 3365 4548; x_wconf 88' lang='grc' dir='ltr'>ἀλλ’</span> <span class='ocrx_word' id='word_1_755' title='bbox 3420 4493 3543 4546; x_wconf 73' lang='grc' dir='ltr'>ἀντὶ</span> <span class='ocrx_word' id='word_1_756' title='bbox 3604 4491 3702 4545; x_wconf 72' lang='grc' dir='ltr'>τοῦ</span> 
     </span>
    </p>
   </div>
   <div class='ocr_carea' id='block_1_104' title="bbox 2119 4584 3702 4658">
    <p class='ocr_par' dir='ltr' id='par_1_104' title="bbox 2119 4584 3702 4658">
     <span class='ocr_line' id='line_1_105' title="bbox 2119 4584 3702 4658; baseline -0.002 -19"><span class='ocrx_word' id='word_1_757' title='bbox 2119 4587 2440 4656; x_wconf 77' lang='grc' dir='ltr'>ἐγγυτάτω.</span> <span class='ocrx_word' id='word_1_758' title='bbox 2491 4587 2746 4640; x_wconf 77' lang='grc' dir='ltr'>Βούλεται</span> <span class='ocrx_word' id='word_1_759' title='bbox 2799 4587 2907 4658; x_wconf 88' lang='grc' dir='ltr'>γὰρ</span> <span class='ocrx_word' id='word_1_760' title='bbox 2951 4586 3162 4656; x_wconf 87' lang='grc' dir='ltr'>λέγειν,</span> <span class='ocrx_word' id='word_1_761' title='bbox 3224 4585 3408 4656; x_wconf 68' lang='grc' dir='ltr'>φησὶν,</span> <span class='ocrx_word' id='word_1_762' title='bbox 3461 4584 3702 4653; x_wconf 78' lang='grc' dir='ltr'>ἐγγυτά-</span> 
     </span>
    </p>
   </div>
   <div class='ocr_carea' id='block_1_105' title="bbox 2119 4676 3701 4750">
    <p class='ocr_par' dir='ltr' id='par_1_105' title="bbox 2119 4676 3701 4750">
     <span class='ocr_line' id='line_1_106' title="bbox 2119 4676 3701 4750; baseline -0.002 -18"><span class='ocrx_word' id='word_1_763' title='bbox 2119 4697 2195 4733; x_wconf 90' lang='grc' dir='ltr'><strong>τω</strong></span> <span class='ocrx_word' id='word_1_764' title='bbox 2221 4680 2326 4733; x_wconf 86' lang='grc' dir='ltr'>τῶν</span> <span class='ocrx_word' id='word_1_765' title='bbox 2366 4679 2648 4750; x_wconf 83' lang='grc' dir='ltr'>Πληῖάδων</span> <span class='ocrx_word' id='word_1_766' title='bbox 2685 4679 2898 4732; x_wconf 86' lang='grc' dir='ltr'>κεῖσθαι</span> <span class='ocrx_word' id='word_1_767' title='bbox 2922 4679 2983 4732; x_wconf 82' lang='grc' dir='ltr'>τὸ</span> <span class='ocrx_word' id='word_1_768' title='bbox 3027 4678 3316 4750; x_wconf 83' lang='grc' dir='ltr'>ἀριστερὸν</span> <span class='ocrx_word' id='word_1_769' title='bbox 3362 4677 3491 4746; x_wconf 85' lang='grc' dir='ltr'>γόνυ</span> <span class='ocrx_word' id='word_1_770' title='bbox 3544 4676 3701 4746; x_wconf 71' lang='grc' dir='ltr'>παρὰ</span> 
     </span>
    </p>
   </div>
   <div class='ocr_carea' id='block_1_106' title="bbox 2049 4765 3700 4842">
    <p class='ocr_par' dir='ltr' id='par_1_106' title="bbox 2049 4765 3700 4842">
     <span class='ocr_line' id='line_1_107' title="bbox 2049 4765 3700 4842; baseline -0.002 -19"><span class='ocrx_word' id='word_1_771' title='bbox 2049 4783 2055 4790; x_wconf 90' lang='grc'><strong>·</strong></span> <span class='ocrx_word' id='word_1_772' title='bbox 2119 4772 2243 4833; x_wconf 79' lang='grc' dir='ltr'>τοὺς</span> <span class='ocrx_word' id='word_1_773' title='bbox 2267 4769 2486 4834; x_wconf 72' lang='grc' dir='ltr'>λοιποὺς</span> <span class='ocrx_word' id='word_1_774' title='bbox 2516 4769 2774 4842; x_wconf 84' lang='grc' dir='ltr'>ἀστέρας.</span> <span class='ocrx_word' id='word_1_775' title='bbox 2801 4771 2912 4824; x_wconf 85' lang='grc' dir='ltr'><strong>Οὐκ</strong></span> <span class='ocrx_word' id='word_1_776' title='bbox 2945 4765 3002 4823; x_wconf 79' lang='grc' dir='ltr'>εὖ</span> <span class='ocrx_word' id='word_1_777' title='bbox 3027 4770 3082 4822; x_wconf 82' lang='grc' dir='ltr'>δὲ</span> <span class='ocrx_word' id='word_1_778' title='bbox 3123 4769 3266 4837; x_wconf 84' lang='grc' dir='ltr'>λέγει</span> <span class='ocrx_word' id='word_1_779' title='bbox 3298 4767 3478 4820; x_wconf 75' lang='grc' dir='ltr'>τοῦτο.</span> <span class='ocrx_word' id='word_1_780' title='bbox 3504 4769 3566 4821; x_wconf 87' lang='grc' dir='ltr'><strong>Οἱ</strong></span> <span class='ocrx_word' id='word_1_781' title='bbox 3589 4768 3700 4838; x_wconf 76' lang='grc' dir='ltr'>γὰρ</span> 
     </span>
    </p>
   </div>
   <div class='ocr_carea' id='block_1_107' title="bbox 2121 4857 3701 4932">
    <p class='ocr_par' dir='ltr' id='par_1_107' title="bbox 2121 4857 3701 4932">
     <span class='ocr_line' id='line_1_108' title="bbox 2121 4857 3701 4932; baseline -0.003 -18"><span class='ocrx_word' id='word_1_782' title='bbox 2121 4863 2178 4914; x_wconf 82' lang='grc' dir='ltr'>ἐν</span> <span class='ocrx_word' id='word_1_783' title='bbox 2210 4860 2285 4931; x_wconf 80' lang='grc' dir='ltr'>τῷ</span> <span class='ocrx_word' id='word_1_784' title='bbox 2332 4861 2602 4932; x_wconf 88' lang='grc' dir='ltr'>ἀριστερῷ</span> <span class='ocrx_word' id='word_1_785' title='bbox 2637 4862 2756 4916; x_wconf 68' lang='grc' dir='ltr'>ποδὶ</span> <span class='ocrx_word' id='word_1_786' title='bbox 2796 4861 2891 4914; x_wconf 80' lang='grc' dir='ltr'><strong>τοῦ</strong></span> <span class='ocrx_word' id='word_1_787' title='bbox 2933 4861 3184 4930; x_wconf 84' lang='grc' dir='ltr'>Περσέως</span> <span class='ocrx_word' id='word_1_788' title='bbox 3219 4859 3262 4929; x_wconf 85' lang='grc' dir='ltr'><strong>β’</strong></span> <span class='ocrx_word' id='word_1_789' title='bbox 3300 4857 3566 4928; x_wconf 78' lang='grc' dir='ltr'>λαμπροὶ,</span> <span class='ocrx_word' id='word_1_790' title='bbox 3604 4860 3701 4910; x_wconf 76' lang='grc' dir='ltr'>καὶ</span> 
     </span>
    </p>
   </div>
   <div class='ocr_carea' id='block_1_108' title="bbox 2119 4945 3698 5024">
    <p class='ocr_par' dir='ltr' id='par_1_108' title="bbox 2119 4945 3698 5024">
     <span class='ocr_line' id='line_1_109' title="bbox 2119 4945 3698 5024; baseline -0.003 -21"><span class='ocrx_word' id='word_1_791' title='bbox 2119 4951 2198 5004; x_wconf 79' lang='grc' dir='ltr'>ἔτι</span> <span class='ocrx_word' id='word_1_792' title='bbox 2225 4953 2280 5005; x_wconf 79' lang='grc' dir='ltr'>ἐν</span> <span class='ocrx_word' id='word_1_793' title='bbox 2317 4954 2382 5022; x_wconf 85' lang='grc' dir='ltr'>τῇ</span> <span class='ocrx_word' id='word_1_794' title='bbox 2427 4952 2688 5021; x_wconf 79' lang='grc' dir='ltr'>ἀριστερᾷ</span> <span class='ocrx_word' id='word_1_795' title='bbox 2727 4951 2931 5024; x_wconf 80' lang='grc' dir='ltr'>κνήμῃ,</span> <span class='ocrx_word' id='word_1_796' title='bbox 2961 4947 3138 5019; x_wconf 86' lang='grc' dir='ltr'>πολλῴ</span> <span class='ocrx_word' id='word_1_797' title='bbox 3163 4947 3406 5016; x_wconf 80' lang='grc' dir='ltr'>ὲγγίονές</span> <span class='ocrx_word' id='word_1_798' title='bbox 3447 4947 3556 4998; x_wconf 76' lang='grc' dir='ltr'>εἰσι</span> <span class='ocrx_word' id='word_1_799' title='bbox 3589 4945 3698 4998; x_wconf 78' lang='grc' dir='ltr'><strong>τῶν</strong></span> 
     </span>
    </p>
   </div>
   <div class='ocr_carea' id='block_1_109' title="bbox 2118 5041 3137 5115">
    <p class='ocr_par' dir='ltr' id='par_1_109' title="bbox 2118 5041 3137 5115">
     <span class='ocr_line' id='line_1_110' title="bbox 2118 5041 3137 5115; baseline 0 -19"><span class='ocrx_word' id='word_1_800' title='bbox 2118 5044 2399 5114; x_wconf 78' lang='grc' dir='ltr'>Πληῖὰδων</span> <span class='ocrx_word' id='word_1_801' title='bbox 2422 5045 2564 5115; x_wconf 76' lang='grc' dir='ltr'>ἤπερ</span> <span class='ocrx_word' id='word_1_802' title='bbox 2588 5045 2648 5097; x_wconf 83' lang='grc' dir='ltr'>τὸ</span> <span class='ocrx_word' id='word_1_803' title='bbox 2677 5044 2958 5114; x_wconf 85' lang='grc' dir='ltr'>ἀριστερὸν</span> <span class='ocrx_word' id='word_1_804' title='bbox 2985 5041 3137 5110; x_wconf 82' lang='grc' dir='ltr'>γόνυ.</span> 
     </span>
    </p>
   </div>
   <div class='ocr_carea' id='block_1_110' title="bbox 2188 5130 3696 5206">
    <p class='ocr_par' dir='ltr' id='par_1_110' title="bbox 2188 5130 3696 5206">
     <span class='ocr_line' id='line_1_111' title="bbox 2188 5130 3696 5206; baseline -0.003 -18"><span class='ocrx_word' id='word_1_805' title='bbox 2188 5135 2414 5198; x_wconf 82' lang='grc' dir='ltr'>Ψευδῶς</span> <span class='ocrx_word' id='word_1_806' title='bbox 2449 5136 2507 5189; x_wconf 82' lang='grc' dir='ltr'>δὲ</span> <span class='ocrx_word' id='word_1_807' title='bbox 2549 5136 2765 5203; x_wconf 88' lang='grc' dir='ltr'>λέγεται</span> <span class='ocrx_word' id='word_1_808' title='bbox 2815 5136 2918 5188; x_wconf 76' lang='grc' dir='ltr'><strong>ὑπὸ</strong></span> <span class='ocrx_word' id='word_1_809' title='bbox 2951 5134 3042 5188; x_wconf 82' lang='grc' dir='ltr'>τοῦ</span> <span class='ocrx_word' id='word_1_810' title='bbox 3089 5135 3315 5206; x_wconf 81' lang='grc' dir='ltr'>Ἀράτου</span> <span class='ocrx_word' id='word_1_811' title='bbox 3363 5133 3460 5186; x_wconf 70' lang='grc' dir='ltr'>καὶ</span> <span class='ocrx_word' id='word_1_812' title='bbox 3494 5131 3557 5185; x_wconf 81' lang='grc' dir='ltr'>τὸ</span> <span class='ocrx_word' id='word_1_813' title='bbox 3600 5130 3696 5194; x_wconf 75' lang='grc' dir='ltr'><strong>τὰς</strong></span> 
     </span>
    </p>
   </div>
   <div class='ocr_carea' id='block_1_111' title="bbox 2118 5225 3266 5300">
    <p class='ocr_par' dir='ltr' id='par_1_111' title="bbox 2118 5225 3266 5300">
     <span class='ocr_line' id='line_1_112' title="bbox 2118 5225 3266 5300; baseline -0.003 -18"><span class='ocrx_word' id='word_1_814' title='bbox 2118 5227 2389 5300; x_wconf 71' lang='grc' dir='ltr'>Πληϊάδας</span> <span class='ocrx_word' id='word_1_815' title='bbox 2415 5225 2473 5292; x_wconf 83' lang='grc' dir='ltr'>ἓξ</span> <span class='ocrx_word' id='word_1_816' title='bbox 2506 5227 2663 5296; x_wconf 86' lang='grc' dir='ltr'>μόνον</span> <span class='ocrx_word' id='word_1_817' title='bbox 2693 5227 2926 5296; x_wconf 84' lang='grc' dir='ltr'>ἀστέρας</span> <span class='ocrx_word' id='word_1_818' title='bbox 2961 5227 3266 5296; x_wconf 86' lang='grc' dir='ltr'>περιέχειν·</span> 
     </span>
    </p>
   </div>
   <div class='ocr_carea' id='block_1_112' title="bbox 2121 5336 3693 5409">
    <p class='ocr_par' dir='ltr' id='par_1_112' title="bbox 2121 5336 3693 5409">
     <span class='ocr_line' id='line_1_113' title="bbox 2121 5336 3693 5409; baseline -0.003 -15"><span class='ocrx_word' id='word_1_819' title='bbox 2121 5339 2358 5409; x_wconf 63' lang='grc' dir='ltr'>..ηὲπτὰ</span> <span class='ocrx_word' id='word_1_820' title='bbox 2383 5341 2509 5409; x_wconf 81' lang='grc' dir='ltr'>γὰρ,</span> <span class='ocrx_word' id='word_1_821' title='bbox 2543 5341 2724 5409; x_wconf 74' lang='grc' dir='ltr'>φησὶν,</span> <span class='ocrx_word' id='word_1_822' title='bbox 2750 5339 2969 5393; x_wconf 78' lang='grc' dir='ltr'>ἐκεῖναι</span> <span class='ocrx_word' id='word_1_823' title='bbox 2998 5336 3324 5406; x_wconf 67' lang='grc' dir='ltr'>ἐπιρρήδην</span> <span class='ocrx_word' id='word_1_824' title='bbox 3350 5336 3693 5400; x_wconf 72' lang='grc' dir='ltr'>καλέονται,</span> 
     </span>
    </p>
   </div>
   <div class='ocr_carea' id='block_1_113' title="bbox 2123 5405 3124 5478">
    <p class='ocr_par' dir='ltr' id='par_1_113' title="bbox 2123 5405 3124 5478">
     <span class='ocr_line' id='line_1_114' title="bbox 2123 5405 3124 5478; baseline -0.005 -13"><span class='ocrx_word' id='word_1_825' title='bbox 2123 5410 2232 5475; x_wconf 80' lang='grc' dir='ltr'><strong>Ἓξ</strong></span> <span class='ocrx_word' id='word_1_826' title='bbox 2265 5405 2525 5478; x_wconf 65' lang='grc' dir='ltr'>οἷαίπερ</span> <span class='ocrx_word' id='word_1_827' title='bbox 2551 5405 2763 5464; x_wconf 74' lang='grc' dir='ltr'>ἐοῦσαι</span> <span class='ocrx_word' id='word_1_828' title='bbox 2792 5411 3124 5477; x_wconf 75' lang='grc' dir='ltr'>ἐπόψιοι....</span> 
     </span>
    </p>
   </div>
   <div class='ocr_carea' id='block_1_114' title="bbox 2186 5516 3691 5592">
    <p class='ocr_par' dir='ltr' id='par_1_114' title="bbox 2186 5516 3691 5592">
     <span class='ocr_line' id='line_1_115' title="bbox 2186 5516 3691 5592; baseline -0.005 -14"><span class='ocrx_word' id='word_1_829' title='bbox 2186 5524 2450 5578; x_wconf 83' lang='grc' dir='ltr'>Λανθάνει</span> <span class='ocrx_word' id='word_1_830' title='bbox 2466 5523 2520 5577; x_wconf 81' lang='grc' dir='ltr'>δὲ</span> <span class='ocrx_word' id='word_1_831' title='bbox 2545 5523 2726 5578; x_wconf 86' lang='grc' dir='ltr'>αὐτόν.</span> <span class='ocrx_word' id='word_1_832' title='bbox 2751 5521 2840 5592; x_wconf 83' lang='grc' dir='ltr'>Τῷ</span> <span class='ocrx_word' id='word_1_833' title='bbox 2859 5521 2966 5592; x_wconf 78' lang='grc' dir='ltr'><strong>γὰρ</strong></span> <span class='ocrx_word' id='word_1_834' title='bbox 2983 5519 3283 5574; x_wconf 84' lang='grc' dir='ltr'>ἁτενίσαντι</span> <span class='ocrx_word' id='word_1_835' title='bbox 3302 5520 3358 5571; x_wconf 77' lang='grc' dir='ltr'>ἐν</span> <span class='ocrx_word' id='word_1_836' title='bbox 3377 5517 3477 5576; x_wconf 85' lang='grc' dir='ltr'>,αἱθ</span> <span class='ocrx_word' id='word_1_837' title='bbox 3489 5518 3587 5588; x_wconf 77' lang='grc' dir='ltr'><strong>ρίῳ</strong></span> <span class='ocrx_word' id='word_1_838' title='bbox 3600 5516 3691 5570; x_wconf 73' lang='grc' dir='ltr'>καὶ</span> 
     </span>
    </p>
   </div>
   <div class='ocr_carea' id='block_1_115' title="bbox 2116 5596 3690 5689">
    <p class='ocr_par' dir='ltr' id='par_1_115' title="bbox 2116 5596 3690 5689">
     <span class='ocr_line' id='line_1_116' title="bbox 2116 5596 3690 5689; baseline -0.006 -18"><span class='ocrx_word' id='word_1_839' title='bbox 2116 5596 2360 5689; x_wconf 76' lang='grc' dir='ltr'>ἀσελήνῳ</span> <span class='ocrx_word' id='word_1_840' title='bbox 2406 5618 2561 5671; x_wconf 79' lang='grc' dir='ltr'>νυκτὶ</span> <span class='ocrx_word' id='word_1_841' title='bbox 2599 5616 2892 5686; x_wconf 69' lang='grc' dir='ltr'>φαίνονται</span> <span class='ocrx_word' id='word_1_842' title='bbox 2913 5614 3140 5686; x_wconf 84' lang='grc' dir='ltr'>ἀστέρες</span> <span class='ocrx_word' id='word_1_843' title='bbox 3179 5610 3222 5676; x_wconf 79' lang='grc' dir='ltr'><strong>ζ’</strong></span> <span class='ocrx_word' id='word_1_844' title='bbox 3258 5614 3315 5665; x_wconf 83' lang='grc' dir='ltr'>ἐν</span> <span class='ocrx_word' id='word_1_845' title='bbox 3360 5612 3497 5668; x_wconf 75' lang='grc' dir='ltr'>αὐτῆ</span> <span class='ocrx_word' id='word_1_846' title='bbox 3535 5627 3690 5675; x_wconf 82' lang='grc' dir='ltr'>περι-</span> 
     </span>
    </p>
   </div>
   <div class='ocr_carea' id='block_1_116' title="bbox 2116 5700 3703 5781">
    <p class='ocr_par' dir='ltr' id='par_1_116' title="bbox 2116 5700 3703 5781">
     <span class='ocr_line' id='line_1_117' title="bbox 2116 5700 3703 5781; baseline -0.013 -13"><span class='ocrx_word' id='word_1_847' title='bbox 2116 5708 2378 5781; x_wconf 79' lang='grc' dir='ltr'>ιχόμενοι.</span> <span class='ocrx_word' id='word_1_848' title='bbox 2439 5710 2573 5766; x_wconf 83' lang='grc' dir='ltr'>Οθεν</span> <span class='ocrx_word' id='word_1_849' title='bbox 2608 5707 2703 5763; x_wconf 74' lang='grc' dir='ltr'>καὶ</span> <span class='ocrx_word' id='word_1_850' title='bbox 2733 5705 3108 5778; x_wconf 84' lang='grc' dir='ltr'>διαπορήσειεν</span> <span class='ocrx_word' id='word_1_851' title='bbox 3146 5702 3210 5759; x_wconf 83' lang='grc' dir='ltr'>ἄν</span> <span class='ocrx_word' id='word_1_852' title='bbox 3237 5717 3321 5765; x_wconf 89' lang='grc' dir='ltr'><strong>τις</strong></span> <span class='ocrx_word' id='word_1_853' title='bbox 3357 5700 3477 5764; x_wconf 81' lang='grc' dir='ltr'>πῶς</span> <span class='ocrx_word' id='word_1_854' title='bbox 3504 5713 3533 5752; x_wconf 88' lang='lat'><strong>0</strong></span> <span class='ocrx_word' id='word_1_855' title='bbox 3557 5700 3703 5778; x_wconf 50' lang='lat' dir='ltr'><strong>&#39;At:</strong></span> 
     </span>
    </p>
   </div>
  </div>
