3928 6266
434 379 569 436 1055

431 502 567 555 sime
598 504 726 553 sunt
757 502 999 565 accepta.
1044 488 1213 558 Quod.
1233 496 1414 542 autem
1448 485 1604 554 signa
1638 480 1731 535 illa
1779 493 1889 532 non
1921 475 1989 531 ad
2019 481 2065 540 Α
2094 471 2223 545 περὶ
2253 471 2341 524 τὸν

430 602 682 648 exortum
726 587 1005 661 Sagittarii
1065 581 1471 639 accommodata
1525 576 1635 633 sint
1678 573 1747 629 ab
1784 573 1988 634 Arato,

433 684 527 742 sed
561 683 625 739 ad
648 692 830 739 ortum
894 677 1107 749 Scorpii
1142 676 1369 746 ipsemet
1419 678 1577 742 poeta
1630 666 1990 722 demonstrat.

433 775 886 847 Quandoquidem
908 771 1053 827 enim
1085 768 1197 826 sole
1219 769 1273 820 in
1303 761 1599 835 Sagittario
1646 760 1846 830 posito,
1905 756 1994 812 hic

433 875 551 943 ipse
572 869 745 925 videri
787 864 1112 936 Sagittarius
1155 875 1266 915 non
1299 864 1539 929 poterat;
1574 862 1627 909 et
1663 852 1827 921 hujus
1861 860 1995 905 tem-

437 940 585 1035 poris
610 960 885 1031 explicare
916 958 1069 1026 signa
1116 951 1369 1023 Cupiebat
1407 966 1419 1000 :
1453 962 1574 1018 quae
1603 945 1791 1014 utique
1819 940 1995 998 sensi-

433 1059 540 1112 bus
566 1051 772 1126 percipi
808 1050 1028 1114 debent,
1062 1055 1122 1100 ut
1147 1045 1301 1125 signa
1327 1042 1435 1097 sint
1464 1054 1479 1090 ;
1514 1044 1638 1092 ante
1667 1035 1799 1090 solis
1836 1047 1996 1086 exor-

434 1157 574 1213 tum,
599 1154 871 1202 nocturno
910 1141 1087 1196 adhuc
1116 1122 1380 1207 tempore,
1410 1147 1534 1188 cum
1589 1140 1733 1185 astra
1765 1140 1997 1182 cernun-

436 1250 561 1307 tur;
605 1240 841 1309 signum,
887 1231 1084 1302 inquit,
1136 1237 1256 1284 esto
1314 1223 1574 1295 Scorpius
1611 1220 1865 1276 exoriens
1896 1214 1998 1270 sub

439 1332 618 1388 noctis
666 1329 894 1385 exitum.
940 1323 1125 1393 Itaque
1172 1325 1598 1376 consentaneum
1653 1320 1738 1368 est
1790 1309 1999 1378 reliqua

438 1424 602 1480 etiam
632 1420 836 1477 indicia
865 1419 1100 1473 durante
1125 1413 1303 1469 adhuc
1329 1419 1488 1466 nocte
1519 1406 1676 1461 nobis
1694 1404 1847 1460 illum
1868 1414 1999 1472 pro-

441 1532 662 1589 ponere,
689 1515 738 1570 si
768 1510 985 1584 quidem
1007 1508 1209 1564 indicia
1250 1506 1380 1560 sint.
1425 1501 1579 1569 Quod
1637 1514 1705 1554 ex
1747 1511 1812 1552 eo
1855 1509 1997 1567 prae-

439 1586 586 1665 terea
617 1606 746 1662 licet
790 1616 1140 1675 cognoscere.
1196 1596 1330 1653 Nam
1384 1594 1584 1649 Aratus
1634 1590 1701 1646 de
1735 1587 1877 1644 Ursa
1919 1586 2000 1643 sic

438 1702 680 1772 loquitur
698 1719 711 1754 :

595 1883 740 1938 Tunc
771 1889 821 1936 et
844 1889 1002 1951 caput
1032 1878 1319 1950 Cynosura:
1339 1881 1575 1929 extrema
1604 1875 1785 1932 nocte,

440 2008 501 2053 ut
526 1997 601 2053 ad
623 2003 925 2052 extremam
961 1999 1176 2047 noctem
1201 1989 1308 2043 ista
1335 1983 1664 2057 pertineant.
1698 1977 1776 2033 De
1798 1975 2000 2032 Orione

438 2103 571 2145 vero
593 2108 605 2143 ε

584 2246 598 2259 .
638 2241 651 2257 .
686 2245 700 2258 .
734 2240 748 2254 .
783 2241 796 2255 .
828 2200 913 2253 hic
937 2204 1111 2252 autem
1138 2191 1326 2248 occidit
1356 2189 1611 2245 diluculo.

510 2315 669 2385 Quod
689 2323 773 2371 est
796 2321 923 2369 ante
944 2323 1220 2371 auroram,
1271 2320 1381 2361 non
1422 2304 1611 2373 utique
1661 2306 1787 2354 ante
1832 2296 2002 2353 solem

436 2412 552 2481 jam
572 2407 864 2469 orientem,
892 2412 946 2460 et
986 2410 1210 2459 exortus
1238 2397 1415 2453 initio.
1447 2395 1554 2450 Sed
1595 2392 1777 2448 Attalo
1827 2388 2007 2445 fraudi

440 2504 497 2559 id
526 2501 652 2566 fuit,
682 2499 828 2572 quod
871 2511 996 2552 cum
1027 2493 1211 2551 verbis
1252 2491 1362 2547 illis
1397 2488 1464 2545 de
1487 2485 1781 2559 Sagittario
1808 2481 2005 2547 dictis,

548 2656 563 2672 .
600 2656 614 2671 .
652 2655 666 2669 .
703 2654 717 2668 .
756 2654 771 2669 .
807 2613 890 2667 hic
910 2626 1027 2667 vero
1057 2605 1354 2664 conscendit
1380 2601 1600 2660 subinde
1629 2601 1796 2673 magis
1824 2616 1845 2665 ,-

1446 363 1537 418 ΑΒ
1578 358 1844 415 EUSEBll
1882 348 2275 411 CHRONlCON
2316 344 2674 403 APPENDIX.

3519 328 3662 386 1036

2388 466 2579 539 καιρὸν
2611 463 2818 518 τοῦτον.
2861 479 2880 512 s
2924 460 2984 512 '0
3027 458 3083 512 δὲ
3128 453 3487 522 ἀπεκδέχεται
3515 446 3667 502 ἅπαν

2089 538 2299 634 ψευδές.
2347 561 2467 613 Ὀτι
2490 538 2548 611 δὲ
2575 556 2806 626 ’Ἄρατος
2830 551 2900 605 τά
2923 546 3187 621 εἰρημένα
3213 545 3413 615 σημεῖα
3440 540 3502 594 οὐ
3526 538 3669 610 πρὸς

2090 628 2186 726 τὴν
2218 650 2311 707 τοῦ
2354 648 2581 715 Τοξότου
2614 642 2875 715 ἀνατολὴν
2912 640 3145 712 τίθησιν,
3176 635 3309 690 ἀλλά
3344 631 3465 686 κατ’
3492 628 3667 698 αὐτὴν

2090 719 2188 818 την
2218 743 2307 798 τοῦ
2350 742 2616 815 Σκορπίου
2659 734 2944 807 ἀνατολὴν,
2985 729 3215 801 φανερὸν
3244 727 3389 779 ποιεῖ
3432 721 3598 784 αὐτὸς
3638 719 3671 772 6

2092 810 2340 908 ποιητής.
2387 810 2538 887 Ἐέτεὶ
2584 830 2713 903 γὰρ,
2741 826 2843 883 τοῦ
2870 825 3020 896 ἡλίου
3052 822 3203 883 ὄντος
3228 820 3285 871 ὲν
3322 815 3402 908 ’ξιξ
3434 810 3666 908 Τοξὸτῃ,

2092 928 2151 981 ού
2182 902 2400 979 δυνατὸν
2425 919 2494 994 ἦν
2536 902 2856 992 θεωρεῖσθαι
2884 914 2977 968 τὴν
3010 909 3269 977 Τοξότην·
3311 903 3405 959 τοῦ
3438 902 3497 956 δὲ
3541 914 3671 952 και-

2096 1020 2189 1094 ροῦ
2219 1019 2425 1073 ἐκείνου
2452 993 2656 1087 σημεῖα
2681 1014 2810 1083 ἡμῖν
2839 1005 3135 1061 ἐκτίθεταιο
3157 1001 3194 1056 ὃ.
3220 1000 3299 1054 δεῖ
3325 998 3540 1056 πάντως
3581 993 3671 1045 αἰ-

2096 1085 2268 1183 σθητὰ
2298 1104 2456 1171 εἶναι,
2481 1085 2539 1159 εί
2550 1104 2728 1176 μέλλοι
2763 1101 2962 1172 σημεῖα
2990 1094 3204 1150 ἔσεσθαι
3223 1108 3237 1122 ο
3276 1088 3382 1161 πρὸ
3412 1087 3511 1157 τῆς
3536 1085 3675 1139 ἀνα-

2094 1203 2252 1273 τολῆς
2280 1196 2371 1254 οὖν
2390 1197 2484 1252 τοῦ
2513 1195 2685 1266 ἡλίου,
2717 1192 2796 1245 ἔτι
2820 1191 2921 1260 τῆς
2952 1186 3144 1249 νυκτὸς
3171 1178 3544 1251 ἐνεστηκυίας,
3574 1174 3677 1229 καὶ

2099 1272 2442 1367 βλεπομένων
2467 1290 2574 1345 τῶν
2608 1289 2840 1359 ἄστρων,
2862 1285 3104 1354 σημεῖον,
3133 1278 3317 1349 φησὶν,
3343 1275 3480 1327 ἔστω
3508 1272 3678 1342 Exop-

2099 1362 2222 1451 Ιπίος
2268 1362 2573 1439 ἀνατέλλων
2604 1376 2873 1449 ληγούσης
2918 1373 3016 1443 τῆς
3053 1370 3278 1431 νυκτός’
3322 1364 3541 1433 εὔλογον
3579 1362 3677 1416 καὶ

2099 1477 2168 1531 τὰ
2190 1450 2355 1530 λοιπά
2383 1473 2581 1542 σημεῖα
2608 1468 2686 1522 ἔτι
2722 1465 2911 1527 νυκτὸς
2941 1461 3106 1531 οὔσης
3134 1455 3475 1529 ὑπογράφειν
3507 1450 3676 1506 αὐτὸν

2099 1573 2252 1644 ἡμῖν,
2301 1569 2349 1621 εἰ
2383 1565 2563 1638 μέλλοι
2604 1562 2801 1633 σημεῖα
2852 1554 3015 1611 εἶναι.
3063 1552 3231 1624 Δῆλον
3274 1550 3333 1604 δὲ
3381 1546 3539 1601 τοῦτο
3579 1544 3679 1598 καὶ

2100 1635 2165 1718 εἷς
2194 1660 2287 1716 τοῦ
2323 1635 2485 1714 αύτδν
2519 1655 2612 1710 τὸν
2642 1656 2872 1724 Ἀρατον
2915 1649 3007 1704 ἐπὶ
3038 1646 3137 1720 μὲν
3172 1645 3271 1715 τῆς
3304 1644 3543 1712 Ἄρκτου
3584 1635 3678 1690 λέ-

2103 1771 2220 1823 γειν
2239 1769 2253 1783 ’

2028 1845 2070 1901 Β
2104 1866 2298 1938 Τῆμος
2327 1864 2425 1919 καὶ
2454 1858 2687 1932 κεφαλὴ
2712 1852 3162 1924 Κυνοσουρίδος
3192 1848 3397 1918 ἀκρόοι
3429 1841 3676 1906 νυκτός·

2100 1979 2176 2044 ὡς
2189 1978 2255 2034 ἂν
2278 1977 2406 2049 περὶ
2425 1974 2496 2029 τά
2509 1973 2714 2044 ἔσχατα
2731 1970 2829 2042 τῆς
2846 1966 3038 2028 νυκτός
3057 1981 3073 1995 σ
3090 1962 3185 2016 ἐπὶ
3203 1960 3259 2014 δὲ
3278 1957 3373 2014 τοῦ
3401 1955 3679 2030 Ὠρίωνοςο

2618 2128 2651 2180 ό
2680 2122 2749 2178 δὲ
2775 2122 2976 2177 δύεται
3007 2115 3151 2186 ἠῶθι
3176 2115 3311 2184 πρό.

2170 2228 2347 2298 Ὅπερ
2377 2223 2493 2278 ἐστὶ
2527 2219 2633 2292 πρὸ
2659 2218 2758 2289 τῆς
2796 2215 2948 2287 ⁴Ιξοῦς,
2977 2213 3070 2267 καὶ
3094 2211 3153 2265 οὐ
3191 2209 3265 2281 μὰ
3303 2206 3403 2261 Δία
3446 2202 3556 2275 πρὸ
3587 2199 3684 2256 τοῦ

2104 2317 2253 2391 ἡλίου
2285 2292 2383 2389 ἠδη
2432 2310 2810 2372 ἀνατέλλοντος
2855 2308 2914 2361 ὲν
2941 2306 3008 2376 τῇ
3041 2304 3184 2375 ἀρχῇ
3228 2298 3438 2354 τούτου.
3482 2292 3687 2349 Ἐπλα-

2107 2385 2244 2482 νήθη
2275 2385 2332 2462 δέ
2425 2403 2686 2467 Ἀτταλος
2718 2400 2808 2456 διὰ
2856 2399 2918 2452 τὸ
2947 2397 3027 2468 τῷ
3071 2395 3165 2448 ἐπὶ
3211 2391 3307 2446 τοῦ
3337 2389 3570 2456 Τοξότου
3610 2385 3689 2439 εί-

2111 2499 2354 2573 ρημένῳ.

2465 2609 2497 2661 ό
2525 2605 2576 2659 δ’
2606 2601 2917 2674 ἀνέρχεται
2948 2598 3163 2654 αὐτίκα
3198 2592 3469 2664 μᾶλλον·

446 2757 551 2813 ista
582 2750 879 2824 capulavit,
907 2759 1051 2811 tunc,
1080 2753 1134 2803 et
1157 2740 1313 2813 cap'ut
1335 2742 1644 2813 Cynosurae,
1676 2745 1732 2795 et
1751 2737 2010 2805 deinceps

2117 2746 2404 2801 συνάπτειν
2479 2741 2540 2794 τὺ
2608 2737 2822 2809 τῆμος,
2880 2735 2975 2790 καὶ
3032 2727 3267 2801 κεφαλὴ
3320 2722 3692 2791 Κυνοσουρι-

445 2816 680 2915 reliqua.
712 2841 790 2896 Ac
821 2838 1038 2895 tametsi
1069 2837 1170 2891 hoc
1205 2833 1284 2889 illi
1326 2845 1649 2887 concessum
1705 2827 1902 2894 fuerit;
1943 2840 2012 2881 ne

2117 2838 2235 2906 δος,
2286 2838 2380 2892 καὶ
2411 2836 2478 2890 τὰ
2522 2832 2666 2904 ἑξῆς.
2698 2831 2844 2901 Πλὴν
2882 2827 3043 2889 εἴτις
3088 2825 3182 2878 καὶ
3212 2820 3367 2875 τοῦτο
3398 2816 3693 2889 συγχωρήο

450 2939 532 2994 sic
553 2908 770 3006 quidem
823 2929 1179 2986 tolerabiliter
1209 2926 1280 2981 ab
1327 2925 1493 2980 Arato
1537 2921 1741 2977 dictmn
1791 2925 1897 2981 est,
1952 2924 2014 2971 ut

2117 2949 2256 2987 σειεν
2299 2929 2466 3001 αὐτῷ,
2509 2926 2616 2980 οὐδ’
2652 2923 2822 2987 οὕτως
2854 2920 3075 2974 δύναται
3114 2919 3143 2971 6
3175 2917 3406 2988 ’Ἄρατος
3451 2908 3695 2982 μετρίως

449 3035 608 3102 putat
635 3026 891 3081 Attalus:
923 3023 1027 3077 hoc
1061 3020 1291 3085 oriente,
1342 3016 1493 3073 valde
1543 3014 1765 3070 sublime
1797 3025 2007 3065 currere

2117 3025 2313 3093 λέγειν,
2347 3021 2421 3085 ὥς
2472 3035 2635 3091 φησιν
2679 3017 2707 3069 6
2752 3013 3029 3078 Ἄτταλος,
3078 3010 3268 3065 τούτου
3311 3005 3695 3066 ἀνατέλλοντος

448 3120 679 3177 minoris
708 3117 863 3173 Ursae
888 3123 1071 3186 caput.
1098 3111 1234 3167 Nam
1284 3125 1408 3166 eum
1433 3109 1720 3164 admodum
1779 3105 1881 3158 hoc
1912 3118 2012 3158 su-

2117 3117 2226 3186 ὕψι
2282 3113 2450 3184 μάλα
2517 3108 2792 3181 τροχάειν
2860 3105 2959 3178 τὴν
3022 3103 3263 3174 κεφαλὴν
3323 3100 3426 3171 τῆς
3489 3097 3697 3170 μικρᾶς

452 3213 621 3269 blime
652 3211 824 3267 fertur
863 3216 918 3265 et
957 3207 1242 3270 culminat,
1283 3211 1493 3259 tantum
1514 3202 1668 3257 abest
1696 3208 1753 3253 ut
1781 3195 2009 3268 Sagitta-

2117 3208 2370 3278 ΙἌρκτου.
2403 3204 2617 3275 Ταύτης
2649 3199 2757 3272 γὰρ
2786 3198 2880 3270 ὕψι
2937 3196 3078 3269 μάλα
3107 3193 3414 3266 φερομένης
3454 3190 3551 3244 καὶ
3598 3204 3698 3260 με-

451 3307 568 3362 rius
597 3306 840 3368 oriatur,
868 3311 928 3357 ut
957 3299 1012 3356 id
1043 3298 1319 3370 Aquarius
1356 3296 1541 3351 faciat.
1571 3292 1786 3348 Etenim
1836 3291 2011 3346 mino-

2121 3297 2509 3372 σουρανούσης,
2552 3296 2651 3365 οὐχ
2677 3295 2758 3347 ὅτι
2784 3290 3018 3360 Τοξότης
3049 3286 3346 3347 ἀνατέλλει,
3379 3281 3494 3337 ἀλλ’
3510 3280 3700 3353 ’Υδροο

449 3399 529 3453 ris
556 3395 710 3452 Ursa:
740 3401 926 3464 caput,
965 3388 1265 3446 secundum
1295 3385 1614 3458 parallelum
1645 3380 2015 3452 aequinoctiali

2118 3393 2262 3464 χόος.
2312 3390 2375 3443 Ἦ
2413 3389 2512 3460 μὲν
2541 3386 2648 3458 γὰρ
2697 3383 2904 3453 κεφαλὴ
2927 3381 3028 3451 τῆς
3066 3379 3265 3452 μικρᾶς
3303 3377 3540 3446 ’Ἄρκτου
3593 3375 3697 3425 ἑπ-

453 3489 743 3553 cireulum,
768 3462 984 3555 Scorpii
1003 3489 1340 3554 postremam
1393 3486 1605 3548 partem
1633 3462 1876 3530 obtinet.‘
1905 3473 2015 3527 llae

2120 3462 2231 3554 ἔχει
2261 3481 2403 3536 κατά
2435 3479 2526 3532 τὸν
2566 3474 2907 3550 παράλληλον
2930 3472 3007 3543 τῷ
3048 3466 3344 3541 ἰσημερινῷ
3385 3464 3569 3534 κύκλῳ
3595 3462 3699 3532 τὴν

454 3595 584 3636 vero
612 3578 972 3642 culminante,
1004 3574 1060 3628 in
1087 3572 1314 3628 zodiaco
1358 3570 1621 3627 culminat
1676 3567 1836 3622 tertia
1888 3580 2018 3635 pars

456 3671 758 3743 Sagittarii.
792 3669 912 3736 Qua
952 3682 1148 3722 rursus
1180 3664 1535 3727 culminante,
1562 3662 1618 3716 in
1645 3658 1869 3715 Graeciae
1903 3670 2020 3712 tra-

461 3771 578 3826 ctu,
622 3768 678 3817 et
717 3761 1033 3828 ubicunque
1086 3754 1406 3823 longissima
1459 3753 1578 3807 dies
1631 3757 1716 3806 est
1761 3749 2021 3803 horarum

456 3852 922 3924 aequinoctialium
946 3848 1013 3902 l6
1038 3846 1160 3920 1/2,
1180 3846 1358 3900 oritur
1380 3843 1602 3914 Aquarii
1627 3856 1755 3913 pars
1783 3839 1870 3894 Π.
1893 3838 2024 3894 Cul-

457 3944 699 3997 minante
716 3956 849 4012 ergo
874 3939 1101 3995 minoris
1123 3936 1277 3993 Ursae
1305 3937 1483 4007 capite
1510 3956 1523 3991 :
1547 3934 1694 4009 quod
1721 3934 1826 3989 ista
1854 3930 2025 4002 signi-

460 4034 659 4088 ﬁcant:
677 4024 905 4087 sublime
931 4030 1082 4085 valde
1106 4029 1308 4090 currit;
1341 4039 1473 4082 tunc
1504 4039 1844 4097 nequaquam
1867 4021 2028 4077 Scor-

461 4126 585 4196 pius
615 4125 750 4181 oriri
782 4124 973 4194 incipit
999 4142 1013 4178 :
1039 4122 1135 4179 sed
1173 4122 1401 4192 Aquarii
1447 4121 1683 4191 amplius
1738 4128 1894 4188 parte
1940 4115 2028 4170 di-

461 4217 629 4272 midia
656 4224 742 4271 est
768 4226 1041 4279 exortum,
1089 4230 1201 4269 una
1229 4229 1355 4268 cum
1398 4214 1610 4283 integro
1659 4210 1909 4280 Scorpio.
1949 4208 2027 4263 Ex

459 4307 549 4362 his
576 4314 801 4378 apparet
831 4321 938 4363 non
972 4306 1104 4362 illud
1129 4307 1279 4360 Arati
1308 4303 1592 4359 tolerabile
1616 4317 1760 4367 esse,
1797 4309 1851 4355 ut
1876 4302 2031 4355 Atta-

462 4402 551 4456 lus
586 4399 899 4462 existimat;
952 4401 1045 4456 sed
1077 4399 1256 4455 tribus
1287 4399 1520 4470 amplius
1558 4398 1731 4469 signis
1764 4396 1833 4451 ab
1863 4409 2027 4466 appa-

460 4493 696 4549 rentium
727 4492 832 4548 fide
861 4492 1150 4548 dissidere.
1187 4490 1322 4547 Nam
1358 4491 1508 4564 quod
1553 4504 1897 4562 nequaquam
1949 4496 2032 4543 to-

2124 3573 2379 3644 τελευτὴν
2399 3571 2490 3624 τοῦ
2526 3568 2794 3640 Σκορπίου
2834 3564 2968 3637 (61).
2998 3562 3212 3632 Ταύτης
3244 3559 3301 3613 δὲ
3332 3554 3701 3629 μεσουρανοῦ-

2124 3682 2224 3736 σης
2252 3665 2310 3716 ὲν
2332 3661 2408 3732 τῷ
2426 3657 2691 3729 ζωδιακῷ,
2715 3656 3039 3728 μεσουρανεί
3057 3654 3090 3723 ἠ
3105 3652 3262 3723 τρίτη
3295 3651 3456 3721 μοῖρα
3474 3644 3568 3699 τοῦ
3595 3645 3701 3698 Το-

2123 3756 2307 3824 ξότου·
2336 3750 2404 3827 ἧς
2440 3749 2877 3823 μεσουρανούσης
2920 3750 2978 3801 ὲν
3005 3749 3117 3810 τοῖς
3161 3743 3288 3816 περὶ
3338 3741 3436 3813 τὴν
3471 3737 3704 3795 Ἑλλάδα

2122 3848 2329 3910 τόποις,
2364 3847 2457 3898 καὶ
2499 3845 2631 3897 ὅπου
2655 3841 2802 3894 ἐστὶν
2828 3843 2863 3912 η
2897 3838 3122 3910 μεγίστη
3158 3835 3340 3908 ἡμέρα
3390 3831 3551 3904 ὡρῶν
3582 3832 3705 3901 ἰση-

2129 3938 2363 4013 μερινῶν
2416 3935 2474 3990 ιδ’
2500 3935 2578 4001 ",
2634 3932 2915 3988 ἀνατέλλει
2955 3928 3048 3983 τοῦ
3110 3927 3393 3999 Ὑδροχόου
3444 3926 3555 3996 μοῖ.
3612 3922 3702 3988 ιζ’.

2128 4031 2297 4086 Ὅταν
2315 4031 2421 4103 ἄρα
2454 4030 2488 4101 ἡ
2512 4024 2722 4098 κεφαλὴ
2739 4025 2838 4096 τῆς
2866 4023 3065 4095 μικρᾶς
3096 4022 3332 4091 ’Ἄρκτου
3366 4016 3702 4088 μεσουρανῇ’

2126 4124 2263 4194 ὅπερ
2327 4120 2445 4173 ἐστὶ
2498 4118 2716 4184 ταυτὸν,
2770 4115 2879 4184 ὕψι
2905 4112 3072 4183 μάλα
3108 4110 3376 4181 τροχάειο
3444 4109 3566 4163 τότε
3605 4108 3708 4179 οὐχ

2127 4216 2158 4269 6
2195 4213 2459 4287 Σκορπίος
2506 4212 2731 4282 ἄρχεται
2758 4204 3087 4267 ἀνατέλλειν,
3120 4203 3261 4257 ἀλλά
3283 4202 3379 4255 τοῦ
3413 4199 3704 4271 ’Υδροχόου

2133 4305 2315 4359 πλεῖον
2346 4305 2379 4376 ἦ
2404 4302 2464 4357 τὸ
2486 4303 2655 4374 ἥμισυ
2686 4297 3016 4355 ἀνατέταλκε
3046 4295 3243 4368 μέρος·
3276 4296 3304 4348 ὁ
3331 4294 3387 4348 δὲ
3434 4290 3706 4365 Σκορπίος

2132 4396 2232 4468 ἥδη
2254 4397 2390 4460 ὅλος.
2433 4396 2519 4458 Ὡς
2549 4395 2646 4465 μὲν
2686 4388 2780 4446 οὖν
2808 4392 2870 4445 ού
2909 4389 3144 4461 μετρίως
3170 4389 3383 4458 εἴρηται
3429 4383 3590 4438 τοῦτο
3628 4383 3709 4453 τῷ

2146 4489 2375 4561 Ἀράτῳ,
2406 4486 2480 4551 ὡς
2506 4488 2534 4539 6
2566 4483 2826 4548 Ἀτταλός
2856 4499 3037 4554 φησιν,
3064 4479 3204 4534 ἀλλά
3229 4479 3466 4533 πλείοσιν
3491 4476 3526 4548 ἢ
3557 4477 3711 4548 τρισὶ

461 4590 554 4637 tus
582 4581 751 4637 Orion
771 4582 1008 4649 occidat,
1041 4580 1270 4654 Scorpio
1302 4580 1647 4637 commodum
1679 4580 1926 4647 oriente;
1971 4587 2015 4633 ul

2135 4581 2347 4647 ζωδίοις
2393 4579 2651 4648 διαφωνεῖ
2699 4575 2834 4648 πρὸς
2866 4573 2926 4628 τὸ
2979 4572 3322 4643 φαινόμενον,
3357 4567 3596 4640 φανερὸν
3642 4568 3710 4619 ἐκ

465 4681 576 4729 tam
601 4674 806 4731 Aratus
836 4673 1088 4739 allirmat,
1120 4680 1288 4746 quam
1338 4675 1554 4731 Attalus
1601 4673 1777 4730 eidem
1833 4687 2026 4728 assen-

462 4766 639 4833 tiens;
663 4765 758 4821 sed
777 4766 987 4822 oriente
1013 4767 1194 4836 potius
1221 4765 1551 4838 Sagittario;
1583 4766 1642 4820 fit
1665 4781 1731 4822 ex
1757 4780 1823 4822 eo
1851 4765 2030 4820 mani-

465 4856 687 4912 festum.
719 4855 854 4910 Nam
884 4859 940 4912 in
961 4856 1186 4913 Graeciaa
1211 4866 1413 4921 tractu,
1447 4858 1538 4913 ubi
1569 4858 1889 4929 longissima
1915 4856 2033 4913 dies

464 4952 555 5005 est
585 4948 848 5004 horarum
896 4950 965 5004 l6
1009 4950 1137 5023 1/2,
1188 4950 1439 5007 occidere
1486 4966 1582 5022 pes
1614 4951 1761 5006 illius
1812 4952 2035 5006 sinister

469 5040 630 5111 109
655 5040 846 5111 incipit
865 5042 1147 5098 occidente
1164 5038 1333 5097 Tauri
1361 5052 1517 5114 parte
1533 5044 1582 5108 7,
1612 5051 1888 5114 postremo
1903 5058 2034 5098 vero

463 5136 651 5188 dexter
700 5134 848 5190 illius
929 5134 1192 5191 humerus
1243 5135 1466 5201 occidit,
1520 5135 1806 5191 occidente
1862 5134 2034 5190 Tauri

464 5231 620 5292 parte
649 5222 744 5279 24.
768 5224 926 5290 Quod
956 5226 1004 5281 si
1043 5226 1406 5291 collorobum,
1441 5227 1585 5298 quod
1635 5226 1776 5297 gerit
1837 5226 2029 5282 dextra

465 5330 653 5382 manu,
682 5315 983 5389 adjungere
1008 5327 1244 5389 oportet,
1277 5335 1409 5374 cum
1439 5322 1632 5374 ultima
1661 5321 1829 5376 Tauri
1878 5330 2032 5390 parte

541 5470 600 5538 ,τι
628 5470 672 5540 f.
703 5470 782 5539 ιδ’,
806 5469 897 5525 sn.

542 5629 657 5699 (6|)
690 5628 810 5699 Τὴν
853 5627 1145 5699 τελευτὴν
1161 5626 1271 5683 τοῦ
1297 5623 1943 5699 Σκορπίρυχνετιιλθερι,
1981 5625 2028 5680 sl

473 5698 541 5752 ad
556 5694 996 5779 aequinoctialem
1036 5694 1307 5779 exigatur,
1346 5694 1450 5778 ista
1508 5696 1680 5779 [initio
1719 5696 1861 5779 loci._
1891 5694 2029 5751 Nam

478 5767 728 5825 ascensio
757 5778 905 5823 recta
939 5766 1238 5836 superjOris
1285 5767 1340 5821 in
1376 5767 1588 5821 minore
1639 5766 1908 5822 laterculo
1945 5775 2028 5820 est

2132 4672 2238 4726 τῶν
2277 4670 2611 4744 εἰρημένων·
2652 4670 2735 4723 ὅτι
2775 4667 2832 4722 δὲ
2874 4665 2996 4721 οὔτε
3038 4666 3228 4737 Ὠρίων
3256 4664 3375 4727 ὅλος
3413 4662 3581 4724 δύνει,
3611 4658 3709 4714 τοῦ

2134 4763 2403 4837 Σκορπίου
2430 4761 2733 4834 ἀρχομένου
2759 4757 3088 4823 ἀνατέλλειν,
3123 4756 3199 4821 ὡς
3223 4756 3253 4809 ὅ
3273 4773 3332 4809 τε
3369 4756 3610 4825 ’Ἄρατος
3627 4752 3715 4805 λέο

2139 4876 2225 4929 γει
2261 4857 2356 4913 καὶ
2374 4860 2404 4912 6
2433 4856 2695 4920 Ἄτταλος
2726 4853 2874 4925 αὐτῷ
2905 4852 3381 4923 συναποφαίνεται,
3409 4847 3546 4902 ἀλλά
3571 4846 3716 4918 μᾶλ-

2138 4952 2229 5006 λον
2251 4950 2349 5005 τοῦ
2368 4948 2596 5015 Τοξότου
2615 4990 2632 5017 ,
2663 4944 2892 5018 φανερὸν
2916 4944 2981 4999 ἂν
3004 4943 3216 5014 γένοιτο
3237 4941 3325 4997 διά
3348 4939 3573 4994 τούτων.
3624 4938 3714 4992 Ἐν

2136 5043 2245 5116 γὰρ
2273 5046 2387 5106 τοῖς
2414 5041 2544 5114 περὶ
2574 5040 2677 5112 τὴν
2717 5038 2941 5092 Ἐλλάδα
2966 5035 3174 5101 τόποις,
3203 5036 3336 5089 ὅπου
3365 5033 3516 5085 ἐστὶν
3552 5032 3589 5102 ἡ
3613 5046 3709 5100 με-

2135 5137 2293 5206 γίστη
2329 5133 2509 5207 ἡμέρα
2545 5129 2701 5204 ὡρῶν
2738 5130 2797 5184 ιδ’
2829 5128 2912 5196 S",
2949 5130 3175 5200 ἄρχεται
3219 5126 3318 5197 μὲν
3351 5123 3526 5177 δύνειν
3566 5121 3713 5175 κατά

2133 5227 2225 5280 τὸν
2251 5222 2534 5297 ἀριστερὸν
2577 5223 2731 5303 πᾴδα,
2757 5218 3014 5291 δυνούσης
3047 5216 3260 5289 Ταύρου
3296 5216 3404 5286 μοί.
3441 5212 3517 5278 ζ’·
3547 5212 3713 5282 ἐσχα-

2133 5336 2223 5372 τον
2256 5317 2312 5372 δὲ
2337 5317 2479 5371 δύνει
2512 5301 2654 5369 κατά
2680 5313 2772 5366 τὸν
2816 5310 2994 5375 δεξιὸν
3016 5303 3188 5380 ὦμον,
3217 5306 3481 5377 δυνούσης
3505 5304 3608 5375 τῆς
3637 5301 3715 5356 κδ’

2135 5625 2328 5709 δίκηβ,
2360 5627 2413 5709 1,,
2608 5627 2810 5700 quibus
2867 5623 3163 5696 respondet
3208 5621 3411 5693 gradus
3435 5620 3721 5693 Sagittaril

2134 5704 2356 5754 circiter
2384 5704 2599 5753 tertius.
