3928 6266
235 424 262 476 1
274 425 376 480 057

1280 425 1643 483 HIPPARCHI
1685 430 1774 486 AD
1811 422 2252 487 PHAENOMENA
2276 430 2403 484 LIB.
2446 433 2487 489 1.

3298 438 3432 489 1053

235 541 432 610 μοίρας
460 538 554 592 τοῦ
583 539 814 612 Ταύρου.
836 541 899 594 Et
925 542 981 594 δὲ
1004 543 1097 596 καὶ
1126 538 1186 595 τὸ
1202 543 1529 615 κολλόροϐον,
1560 546 1588 598 ὃ
1609 546 1718 616 ἔχει
1747 550 1789 601 ὲκ

1908 549 2209 604 descendit.
2235 547 2500 615 Quocirca
2529 549 2872 620 perspicuum
2903 558 3004 614 est,
3037 551 3081 605 si
3116 563 3240 606 cum
3272 550 3452 605 Tauro

229 633 303 702 τῇ
335 630 486 702 δεξιᾷ
514 632 678 703 χειρὶ,
705 631 1026 703 προσλαϐεῖν
1059 633 1157 698 δεῖ,
1192 638 1260 705 τῇ
1287 636 1488 706 ἐσχάτῃ
1518 638 1680 708 μοίρᾳ
1705 637 1798 691 τοῦ

232 721 452 793 Ταύρου
504 721 908 790 συγκαταδύνει.
959 724 1124 793 Δῆλον
1165 722 1278 788 οὖν,
1331 727 1432 790 ὅτι,
1487 727 1534 778 εί
1604 725 1800 798 Ταύρῳ

230 813 650 883 συγκαταδύνει,
707 813 766 866 ού
813 813 1084 884 Σκορπίου
1135 815 1440 868 ἀνατέλλειν
1478 816 1797 887 ἀρχομένου,

230 901 374 956 ἀλλά
408 900 503 954 τού
532 901 782 965 Τοξότου,
809 901 928 965 ὃλος
963 905 991 956 6
1035 904 1224 975 Ὠρίων
1251 905 1555 959 καταδύνει.

305 991 389 1043 Τά
430 991 488 1044 δὲ
520 990 680 1044 λοιπά
721 992 846 1062 περὶ
879 991 971 1045 τοῦ
1005 994 1236 1063 Κηφέως
1268 995 1377 1066 (62)
1409 995 1692 1067 λεγόμενα,
1719 999 1800 1051 ὅτι

230 1082 542 1152 συμφώνως
587 1086 700 1147 τοῖς
745 1086 1089 1155 φαινομένοις
1125 1087 1357 1158 ’Λρατος
1395 1089 1562 1156 λέγει,
1595 1089 1688 1144 καὶ
1738 1091 1798 1142 οὐ

227 1171 510 1240 διαφωνεῖ,
543 1172 616 1236 ὼς
645 1174 673 1226 6
708 1173 965 1237 Ἄτταλος
994 1175 1380 1246 ὑπολαμϐάνει,
1413 1177 1567 1250 δῆλον
1600 1180 1665 1234 ἂν
1710 1181 1800 1249 γέ·-

227 1279 375 1316 νοιτο
401 1263 490 1316 διὰ
522 1262 743 1318 τούτων.
785 1267 1044 1336 Ἀρχεται
1075 1267 1171 1337 μὲν
1211 1267 1383 1322 δύνειν
1417 1270 1484 1323 τά
1508 1270 1800 1344 νοτιώτερα

228 1354 397 1409 αὐτοῦ
434 1356 571 1428 μέρη
608 1357 700 1410 τοῦ
751 1358 836 1410 ἀεὶ
882 1360 1112 1430 φανεροῦ
1147 1360 1366 1425 κύκλου,
1398 1363 1792 1436 ἀνατελλούσης

227 1447 332 1518 τῆς
382 1454 432 1519 η’
492 1450 682 1521 μοίρας
727 1449 832 1502 τῶν
874 1449 1066 1521 Χηλῶν
1096 1451 1142 1483 ⁷⁸
1167 1451 1314 1522 λέγει
1343 1453 1561 1510 δύναται
1598 1459 1694 1528 τῆς
1731 1467 1798 1528 ιγ’

231 1533 345 1607 μοί.
373 1536 483 1591 τῶν
517 1537 730 1608 Χηλῶν.

299 1628 537 1700 Φανερὸν
577 1630 772 1694 τοίνυν,
813 1631 916 1694 ὅτι,
953 1631 1049 1684 τοῦ
1095 1634 1362 1706 Σκορπίου
1400 1636 1798 1704 ἀνατέλλοντος,

229 1716 511 1772 δεδωκέναι
544 1719 624 1773 δεῖ
654 1721 722 1775 τὰ
753 1721 795 1791 β’
830 1722 966 1794 μέρη
990 1722 1083 1776 τοῦ
1118 1723 1368 1794 Κηφέως.
1412 1727 1716 1800 Ἐπλανήθη
1744 1729 1799 1782 δὲ

229 1811 260 1863 6
287 1811 568 1874 Ἄτταλος.
597 1812 766 1881 λέγων
820 1813 894 1884 μὴ
924 1814 1098 1868 δύνειν
1116 1816 1206 1870 τὸν
1236 1817 1450 1887 Κηφέα,
1473 1818 1586 1871 ἀλλ’
1611 1819 1799 1872 ἐκτῶν

1899 640 2134 702 occidat,
2167 653 2276 694 non
2311 641 2446 694 oriri
2469 641 2761 711 incipiente
2790 639 3040 712 Scorpio,
3098 642 3192 696 sed
3225 641 3455 714 Sagitta-

1900 731 2004 794 rio,
2040 730 2295 787 Orionem
2327 743 2495 787 totum
2522 734 2792 789 occidere.

1967 997 2191 1063 lecra,
2225 1012 2344 1068 quae
2370 999 2435 1053 de
2464 998 2678 1069 Cepheo
2705 999 2962 1054 dicuntur
2987 1000 3056 1054 ab
3078 1001 3263 1065 Arato,
3291 1014 3453 1069 appa-

1900 1089 2134 1143 rentium
2176 1090 2561 1159 experimentis
2602 1105 2724 1145 esse
2771 1099 3154 1156 consentanea,
3189 1105 3296 1143 non
3325 1105 3454 1144 vero

1899 1180 2150 1247 dissona;
2198 1180 2340 1251 quod
2379 1181 2559 1236 Attalo
2596 1197 2915 1251 persuasum
2952 1190 3070 1247 est;
3099 1197 3164 1236 ex
3198 1180 3284 1235 his
3322 1195 3455 1235 cono

1901 1277 2045 1325 stare
2093 1279 2288 1341 potest.
2325 1269 2534 1326 Etenim
2592 1280 2773 1342 partes
2826 1272 2993 1336 illius,
3032 1287 3150 1342 quae
3189 1280 3317 1326 sunt
3356 1285 3454 1325 au-

1901 1359 2182 1414 straliorcs
2228 1374 2442 1429 semper
2474 1371 2769 1430 apparcnle
2798 1361 3029 1425 circulo,
3073 1361 3322 1416 occidere
3367 1362 3454 1414 in-

1899 1449 2110 1519 cipiunt
2142 1449 2350 1504 oriente
2381 1460 2532 1520 parte
2563 1449 2739 1506 Librae
2766 1451 2820 1505 8.
2869 1489 2885 1506 .
2912 1489 2926 1503 .
2965 1491 2977 1504 .
3017 1492 3029 1504 .

1967 1625 2205 1696 Apparet
2228 1629 2393 1697 igitur
2439 1629 2648 1684 oriente
2683 1628 2912 1701 Scorpio
2939 1631 3051 1700 jam
3096 1632 3151 1685 in
3197 1646 3450 1688 occasum

1898 1723 2267 1793 praecipitasse
2309 1728 2492 1792 partes
2536 1723 2736 1794 Cephei
2780 1724 2937 1779 duas.
2965 1723 3164 1778 Verum
3217 1724 3450 1788 Attalus,

1898 1829 2022 1869 cum
2052 1815 2257 1869 diceret
2291 1829 2401 1868 non
2448 1815 2701 1870 occidere
2743 1816 3037 1885 Cepheum,
3082 1817 3177 1872 sed
3207 1832 3271 1871 ex
3317 1831 3450 1872 con-

229 1902 491 1956 ἑναντίων
508 1901 830 1969 ἀνατέλλειν,
859 1906 1255 1978 ἀποδεξάμενος
1281 1907 1325 1941 ⁷⁸
1359 1909 1450 1962 τοῦ
1476 1909 1697 1981 ποιητοῦ
1729 1909 1789 1964 τὸ

1896 1906 2076 1962 trariis
2105 1905 2348 1976 partibus
2378 1905 2532 1968 oriri,
2578 1907 2698 1960 ideo
2745 1906 3108 1961 hallucinatus
3154 1915 3258 1970 est,
3307 1904 3450 1976 quod

232 1991 500 2066 βούλημα,
534 1995 608 2058 ὡς
642 1997 941 2068 προείρηκα
961 2015 975 2028 ο
1012 2000 1108 2052 καὶ
1139 1999 1422 2052 ὑπολαϐὼν
1449 2000 1540 2053 τὸν
1565 2003 1794 2072 Ἀρατον

228 2082 453 2154 λέγειν,
479 2085 573 2139 τοῦ
630 2087 857 2151 Τοξότου
911 2089 1305 2155 ἀνατέλλοντος,
1353 2088 1443 2144 τόν
1470 2107 1528 2143 τε
1573 2091 1796 2162 Ὠρίωνα

229 2178 327 2231 καὶ
357 2177 449 2231 τδν
483 2179 677 2249 Κηφέα
709 2178 901 2232 δύνειν.

301 2271 403 2326 IZ'.
435 2270 614 2342 pr‘t;
635 2271 689 2324 δὲ
717 2271 825 2324 τῶν
851 2273 1148 2344 εἰρημένων
1165 2273 1459 2347 ἀμφότεροι
1490 2275 1793 2344 ἀγνοοῦσιν,

228 2363 257 2416 ὃ
282 2379 345 2416 τε
369 2362 434 2414 Ἀ
445 2377 601 2432 ρατος
634 2365 726 2417 καὶ
743 2366 771 2417 6
796 2364 1053 2428 ’Ἄτταλος
1079 2366 1602 2437 συναποφαινόμενος
1625 2366 1792 2437 αὐτῷ,

227 2454 367 2509 διότι
398 2454 543 2509 δύνει
573 2457 600 2509 6
630 2457 852 2527 Κηφεὺς
880 2458 945 2528 τῇ
981 2457 1145 2530 ζώνῃ.

228 2566 422 2620 Γαῖαν
440 2566 700 2632 ἑπιξύων
721 2585 735 2599 ·
765 2569 838 2623 τὰ
864 2569 982 2638 μὲν
1003 2572 1088 2636 εἰς
1119 2570 1393 2639 κεφαλὴν
1416 2570 1584 2641 μάλα
1603 2571 1796 2626 πάντα

230 2700 485 2756 Βάττων
541 2702 871 2756 Ὠκεανοῖοο
919 2703 1045 2758 τάδ’
1081 2707 1151 2759 οὺ
1191 2706 1355 2775 θέμις
1378 2724 1390 2736 ·
1430 2705 1704 2777 (mea);
1743 2708 1794 2777 γ’

233 2843 462 2910 Ἀρκτοι
491 2843 790 2897 κωλύουσι
821 2842 1027 2909 πόδας,
1062 2845 1160 2898 καὶ
1195 2845 1400 2915 γοῦνα,
1428 2845 1527 2900 καὶ
1557 2774 1795 2911 αι

241 2954 468 3026 Ἐνγάρ
497 2957 610 3018 τοῖς
640 2956 766 3028 περὶ
796 2955 896 3028 τὴν
949 2939 1170 3010 Ἑλλάδα
1203 2956 1388 3021 τόποις
1433 2959 1530 3028 ούχ
1561 2958 1664 3023 ἕως
1696 2959 1796 3030 τῆς

229 3047 407 3121 ζώνης
436 3049 582 3102 δύνει
626 3050 654 3102 6
681 3050 924 3121 Κηφεὺς.
954 3049 1067 3104 ἀλλ’
1097 3049 1216 3102 ούδὲ
1260 3049 1364 3114 ἓως
1389 3050 1496 3103 τῶν
1523 3049 1704 3122 ὤμων.
1731 3053 1794 3104 OI

225 3141 336 3212 γὰρ
371 3141 429 3192 ἐν
454 3142 521 3210 τῇ
564 3137 766 3210 κεφαλῇ
796 3137 958 3193 αὐτοῦ
990 3139 1228 3210 κείμενοι
1263 3140 1488 3212 ἀστέρες
1520 3141 1677 3211 μόνον
1705 3139 1794 3194 δύ-

1900 2005 2071 2066 βοείὶιξ
2095 1999 2257 2053 verba
2299 2001 2583 2068 perperam
2630 1999 3017 2068 interpretatus
3061 1999 3149 2062 sit,
3203 2007 3264 2052 ut
3293 1999 3448 2054 dixi:

1902 2097 1956 2143 et
1990 2091 2216 2143 Aratum
2250 2090 2388 2144 velle
2419 2089 2709 2160 putaverit,
2752 2090 2960 2144 oriente
2999 2089 3296 2160 Sagittario
3341 2097 3450 2144 tam

1898 2177 2152 2233 Orionem
2185 2194 2439 2234 occasum
2471 2179 2645 2235 facere
2673 2195 2836 2250 quam
2859 2179 3135 2250 Cepheum

1964 2269 2124 2326 XVII.
2155 2271 2234 2326 Ad
2265 2272 2378 2327 haec
2423 2271 2620 2327 Aratus
2655 2288 2761 2327 non
2802 2273 2984 2329 minus
3035 2290 3198 2344 quam
3241 2274 3456 2330 Attalus

1896 2363 2058 2418 Arato
2092 2365 2438 2421 subscribens
2467 2365 2586 2422 falsi
2617 2374 2764 2430 sunt,
2806 2366 3136 2423 arbitrantes
3177 2365 3449 2439 Cepheum

1896 2473 2030 2512 zona
2051 2465 2208 2514 tenus
2233 2459 2576 2516 descendere.

1901 2574 2111 2625 Terram
2141 2571 2441 2639 radentem;
2470 2591 2584 2646 qua:
2610 2574 2817 2644 quidem
2844 2577 2912 2631 ad
2941 2585 3096 2646 caput
3133 2585 3273 2718 αἵτε,
3301 2578 3454 2661 plane

3209 2664 3384 2702 omma

3209 2664 3384 2702 omma

1899 2709 2198 2782 Tingenlem
2226 2712 2432 2769 Oceano
2463 2730 2482 2769 :
2512 2716 2714 2787 reliqua
2739 2732 2841 2769 non
2875 2709 3313 2788 licere;_sed‘lm'c
3333 2719 3452 2788 qui-

3079 2785 3215 2857 [dem
3239 2785 3382 2856 ipsa}:

1901 2851 2063 2907 Ursae
2092 2853 2380 2924 prohibere,
2402 2853 2575 2922 pedes,
2606 2863 2655 2908 et
2687 2872 2875 2926 genua,
2906 2867 2953 2910 et
2989 2851 3238 2910 lunibum.

1897 2965 2171 3037 Siquidem
2205 2967 2258 3022 in
2299 2957 2517 3024 Graecia:
2572 2971 2790 3040 regione
2829 2986 3169 3041 nequaquam
3211 2987 3344 3026 zona
3372 2980 3452 3030 tc-

1895 3075 2022 3124 nus,
2056 3059 2152 3115 sed
2193 3076 2368 3131 neque
2399 3061 2662 3126 humeris,
2709 3063 2957 3132 Cepheus
3003 3064 3266 3118 exoritur.
3312 3059 3447 3118 Nam

1899 3153 2027 3207 solae
2056 3153 2249 3222 capitis
2294 3153 2438 3210 illius
2484 3153 2740 3208 occidunt
2778 3156 2981 3222 stellae;
3027 3155 3235 3210 humeri
3267 3159 3322 3210 in
3361 3171 3455 3225 ap—

225 3247 438 3285 νουσιν·
474 3232 523 3285 οἱ
572 3230 628 3284 δὲ
657 3225 796 3302 ὦμοι
841 3232 898 3285 ὲν
937 3231 1014 3303 τῷ
1044 3233 1130 3286 ἀεὶ
1173 3230 1387 3304 φανερῴ
1431 3235 1673 3304 τμήματι
1703 3234 1789 3302 φέ-

1898 3251 2121 3312 parente
2169 3259 2383 3313 semper
2438 3243 2628 3298 circuli
2687 3253 2984 3313 segmento,
3036 3261 3210 3315 neque
3249 3253 3451 3306 ortum,

229 3339 432 3394 ρονται,
489 3320 610 3375 οὔτε
662 3322 924 3386 δύνοντες,
975 3322 1098 3377 ούτε
1153 3322 1548 3389 ἀνατέλλοντες.
1595 3327 1654 3378 '0
1698 3325 1796 3396 μὲν

223 3414 336 3485 γὰρ
387 3417 444 3468 ἐν
481 3413 560 3485 τῷ
605 3414 760 3485 δεξιῷ
792 3412 925 3485 ὤμῳ
971 3415 1218 3486 λαμπρὸς
1257 3415 1429 3488 ἀστὴρ
1463 3418 1656 3488 ἀπέχει
1689 3417 1797 3470 ἀπὸ

224 3504 320 3559 τοῦ
362 3504 521 3558 πόλου
557 3505 666 3575 μὀί.
695 3503 767 3557 λε’
785 3503 848 3558 S"
868 3519 880 3532 ·
906 3505 934 3557 ὁ
961 3504 1015 3558 δὲ
1041 3506 1098 3558 ὲν
1117 3505 1194 3574 τῷ
1213 3507 1481 3578 ἀριστερῷ
1502 3507 1634 3579 ὤμῳ
1663 3508 1798 3577 λαμ-

227 3599 365 3668 πρὸς
414 3597 607 3667 ἀπέχει
645 3597 756 3668 μοί.
785 3598 879 3662 λδ’,
925 3598 986 3651 δ’.
1035 3599 1205 3652 Ὅπου
1234 3599 1290 3652 δέ
1323 3601 1530 3670 ἐστινὴ
1569 3599 1795 3670 μεγίστη

225 3691 410 3764 ἡμέρα
441 3690 597 3763 ὡρῶν
631 3691 688 3745 ιδ’
721 3691 806 3755 S",
827 3694 942 3745 ἐκεῖ
969 3693 996 3744 6
1015 3691 1099 3744 ἀεὶ
1130 3693 1359 3764 φανερὸς
1380 3691 1575 3754 κύκλος
1604 3691 1799 3762 ἀπέχει

226 3783 335 3836 ἀπὸ
357 3781 450 3836 τού
480 3781 644 3836 πόλου
681 3783 791 3847 μοί.
822 3782 935 3847 λς’·
970 3784 1027 3836 ἐν
1076 3782 1322 3854 Ἀθήναις
1339 3782 1394 3835 δὲ
1427 3782 1535 3852 μοί.
1570 3781 1791 3852 λζ’.Δῆ-

226 3874 316 3929 λον
343 3871 457 3941 οὖν,
483 3876 565 3929 ὅτι
600 3874 924 3947 βορειότεροι
957 3875 1043 3929 ἀεὶ
1073 3875 1326 3946 φέρονται
1355 3873 1446 3928 τοῦ
1489 3875 1577 3927 del.
1625 3890 1788 3944 φανε-

230 3967 322 4040 ρού
372 3967 574 4022 κύκλου
623 3970 672 4020 oI
701 3969 758 4022 ἰν
785 3971 896 4032 τοῖς
925 3967 1095 4038 ὤμοις
1142 3968 1381 4038 κείμενοι
1424 3966 1517 4021 τοῦ
1554 3968 1787 4037 Κηφέως

225 4058 467 4131 λαμπροὶ
517 4060 776 4132 ἀστέρες·
829 4059 887 4130 ἢ,
935 4058 1010 4122 ὥς
1033 4074 1195 4122 τινες,
1251 4057 1310 4111 ὲν
1353 4059 1470 4121 ταῖς
1512 4057 1666 4128 χερσὶ
1692 4055 1787 4110 τοῦ

228 4153 493 4224 Κηφέωςο
535 4152 610 4217 ὡς
655 4152 742 4218 ἂν,
777 4150 1211 4224 διωργυιωμένου
1248 4149 1432 4214 αὐτοῦ,
1465 4149 1570 4203 τῶν
1604 4151 1787 4220 σωμά-

225 4251 332 4299 των
370 4244 768 4316 ἀναστερίστων
815 4244 1001 4297 ὄντων.
1036 4241 1222 4313 Πολλῷ
1267 4241 1324 4295 δὲ
1361 4240 1542 4312 μεῖζον
1585 4240 1789 4310 γίνεται

225 4339 496 4408 ἀγνόημα,
531 4335 632 4390 κᾶν
659 4333 982 4406 ὑποϐιὺμεθα
1010 4335 1071 4388 τὸ
1099 4333 1217 4388 καθ’
1243 4333 1402 4387 ἑαυτὸ
1431 4332 1666 4404 ἐγκλιμα
1694 4331 1787 4386 τοῦ

228 4427 450 4499 κύσμου.
491 4429 662 4482 Ὅπου
717 4426 826 4499 γὰρ
867 4429 901 4499 ἡ
940 4428 1166 4500 μεγίστη
1204 4427 1387 4500 ἡμέρα
1437 4425 1594 4498 ὡρῶν
1642 4428 1789 4480 ἐστιν

1892 3345 2068 3399 neque
2122 3345 2376 3386 occasum
2422 3331 2702 3396 facientes,
2761 3345 3063 3389 moventur.
3113 3338 3190 3388 Ae
3230 3352 3352 3406 qua:
3399 3336 3452 3390 in

1894 3421 2084 3475 dextro
2130 3430 2214 3477 est
2272 3423 2498 3480 humero
2556 3425 2736 3479 lucida
2801 3425 2966 3482 distat
3022 3443 3049 3480 a
3119 3429 3242 3498 polo
3285 3428 3454 3499 parti-

1895 3514 1997 3568 bus
2025 3515 2094 3569 55
2125 3515 2259 3584 1/2;
2291 3531 2412 3584 qua:
2453 3523 2632 3572 autem
2680 3518 2820 3573 inest
2849 3519 3074 3573 humero
3106 3520 3329 3575 sinistro
3371 3520 3455 3575 lu-

1896 3605 2036 3671 cida,
2084 3607 2330 3676 partibus
2377 3608 2446 3661 ab
2494 3608 2682 3662 eodem
2731 3610 2854 3680 polo
2896 3613 3316 3672 removetur-SI,
3349 3611 3450 3664 I5‘.

1897 3695 1998 3751 Ubi
2040 3705 2123 3750 est
2164 3704 2342 3752 autem
2392 3699 2628 3754 maxima
2675 3701 2792 3754 dies
2830 3701 3086 3756 horarum
3124 3703 3186 3755 M
3220 3703 3340 3772 I/‘Z,
3374 3702 3451 3756 ibi

1899 3803 2112 3858 semper
2135 3802 2404 3860 apparens
2427 3791 2667 3848 circulus
2691 3793 2858 3848 distat
2885 3809 2912 3846 a
2940 3794 3060 3862 polo
3086 3794 3334 3862 partibus
3351 3792 3450 3860 56;

1897 3879 2124 3934 Athenis
2173 3896 2304 3936 vero
2346 3881 2592 3950 partibus
2623 3882 2711 3936 57.
2747 3882 3101 3953 Perspicuum
3150 3891 3233 3936 est
3269 3884 3454 3952 itaque

1898 3983 2110 4038 semper
2141 3981 2433 4040 apparente
2477 3973 2684 4028 circulo
2734 3973 3068 4029 borealiores
3102 3972 3230 4029 ferri
3265 3982 3455 4044 perpe-

1896 4072 1987 4115 tuo
2010 4061 2217 4117 lucidas
2247 4063 2454 4130 stellas,
2486 4079 2606 4134 qua:
2631 4064 2828 4135 Cephei
2870 4065 3127 4120 humeros
3161 4067 3441 4132 obtinent;

1895 4153 2032 4214 sive,
2079 4159 2139 4207 ut
2199 4153 2320 4209 aliis
2360 4156 2559 4224 placet,
2608 4168 2805 4211 manus
2862 4155 3151 4226 ejusdem:
3186 4157 3444 4226 tanquam

1895 4245 2062 4299 nullis
2092 4245 2264 4300 stellis
2307 4245 2565 4317 insignito
2596 4260 2845 4316 corpore,-
2879 4255 3130 4302 extentas
3163 4247 3322 4302 ulnas
3355 4246 3455 4300 ha-

1893 4337 2038 4392 beat.
2093 4335 2210 4394 Erit
2257 4346 2438 4392 autem
2489 4336 2757 4407 insignior
2805 4338 2918 4392 haec
2965 4339 3342 4401 hallucinatio,
3403 4337 3450 4392 si

1895 4424 2068 4494 ipsam
2099 4440 2195 4495 per
2240 4437 2380 4490 sese,
2430 4440 2591 4495 quam
2623 4425 2700 4478 illi
2743 4427 3103 4491 constituunt,
3140 4427 3452 4481 inclinatio-

308 4585 355 4618 ‘”
380 4584 510 4639 Ilwc
539 4595 659 4640 sunt
685 4595 955 4653 corrupta.
1029 4583 1076 4616 "
1108 4583 1149 4651 Ῑ.
1186 4580 1638 4652 ἀπεκδεξάμενος,
1665 4589 1723 4634 ut
1750 4589 1889 4634 ante.

299 4765 407 4837 (6‘2)
442 4766 518 4822 Τὰ
549 4761 617 4820 δὲ
642 4765 825 4837 λοιπὰ
845 4766 977 4837 περὶ
1011 4764 1115 4818 τοῦ
1137 4761 1399 4837 Κηφέως.
1451 4760 1527 4817 De
1563 4760 1777 4837 Gepheo

1896 4758 2026 4837 :‘ec_to
2053 4765 2177 4812 eum
2203 4756 2466 4837 Scorpius
2511 4756 2707 4837 oritur,
2757 4769 2868 4837 non
2900 4757 3046 4813 illius
3071 4757 3222 4837 dua:_
3242 4767 3442 4837 partes.

224 4831 589 4895 consenlanee
647 4836 836 4891 scribit
887 4831 954 4905 iis
999 4850 1118 4905 quae
1153 4831 1670 4905 in"_l_ib_ro_secuudo
1699 4831 1767 4905 de

222 4906 466 4974 ejusdem
502 4921 698 4962 occasu
733 4904 970 4976 prodidit
997 4901 1146 4957 rium.
1182 4901 1371 4976 Χχιν.
1400 4901 1477 4956 Ibi
1509 4901 1652 4956 enim
1691 4901 1768 4955 ait

1881 4830 1976 4885 sed
2009 4835 2182 4883 totttm
2211 4827 2264 4882 id
2290 4841 2450 4881 omne
2476 4827 2621 4896 quod
2653 4826 2905 4882 occidere
2950 4838 3146 4896 potest,
3203 4827 3313 4896 jam
3345 4828 3443 4883 de-

1880 4913 2120 4955 mersum
2148 4898 2220 4952 sit
2246 4895 2570 4968 oportet.’ln
2600 4898 2892 4951 asterismo
2921 4895 3122 4966 Cephei
3142 4895 3282 4968 apud
3317 4897 3444 4950 Pto-

224 4966 424 5046 (ξενιιοί
450 4966 829 5046 tantummodo
883 4981 1045 5046 caput
1096 4974 1381 5046 occidere;
1426 4986 1564 5046 _cu_m
1597 4985 1771 5046 eoque
1870 4971 2252 5046 lemneum-tres
2286 4967 2339 5022 in
2360 4966 2501 5046 tiara
2526 4974 2950 5046 percensentur:
2975 4966 3201 5046 quarum
3232 4975 3446 5046 austral-

224 5042 555 5103 descendere
580 5046 862 5100 zodiacum
880 5042 1151 5099 ab‘octava
1179 5053 1326 5112 parte
1347 5042 1550 5097 Arietis
1567 5043 1632 5112 ad
1646 5057 1769 5112 xw.

226 5116 303 5170 Ita
365 5116 467 5170 hoc
530 5116 646 5170 loco
707 5115 916 5177 scribit,
947 5111 1230 5169 occidente
1256 5112 1472 5180 Cepheo
1505 5111 1674 5180 attolli
1707 5112 1774 5164 ab

226 5188 437 5241 oriente
456 5185 734 5240 zodiacum
770 5185 838 5240 ab
867 5200 959 5240 vui
993 5193 1142 5252 parte
1168 5179 1478 5252 Chelarum.
1511 5179 1776 5252 Quocirca

223 5257 390 5338 paulo
423 5264 546 5336 post
576 5255 863 5338 legendum
912 5248 1126 5338 videtur
1152 5267 1165 5304 :
1190 5251 1491 5338 (Inpulit,
1552 5248 1774 5338 age-rs}.-

225 5320 537 5398 λούσηξτῆς
569 5320 922 5398 ιγ”μοίε-τῷν-
951 5323 1166 5398 Χηλῷν,
1207 5320 1293 5377 vel
1330 5322 1512 5398 potius
1542 5320 1662 5398 ej;
1691 5320 1770 5373 ιδ’.

225 5395 318 5452 Sic
349 5389 443 5450 lib.
479 5389 540 5458 εἰ,
582 5389 734 5450 num.
761 5392 923 5449 XVIII
963 5389 1035 5449 de
1081 5393 1284 5463 Lepore
1320 5389 1345 5444 τ’
1363 5390 1518 5462 λήγει
1555 5389 1772 5463 δξ-ἀνα-

226 5467 444 5532 τέλλων,
465 5473 570 5521 etc.
595 5465 853 5520 Occidere
870 5464 1056 5534 iucipit
1071 5459 1281 5517 oriente
1297 5459 1558 5534 vmparte
1576 5459 1768 5524 Librae,

225 5531 435 5592 desiuit
456 5549 710 5590 occasum
741 5535 927 5600 facere
979 5531 1190 5588 oriente
1246 5548 1354 5586 xw.
1397 5531 1527 5584 Item
1568 5541 1769 5600 postea

224 5606 327 5692 leg.
349 5605 798 5692 thavepéwgotvw,
827 5605 907 5688 δτι
937 5603 1030 5658 τοῦ
1083 5599 1764 5692 ξκορπίούιάνξτὲλλοντος,

222 5667 508 5729 δεδυκένοιί
521 5674 603 5728 δεῖ
625 5667 1003 5744 τὰᾼνοτιώτερει
1031 5675 1170 5744 μέρη
1194 5667 1572 5744 eamme;
1629 5667 1762 5724 Nam

228 5745 271 5798 si
299 5747 368 5800 ab
389 5761 484 5799 vm
510 5752 660 5813 parte
691 5742 865 5797 Librae
888 5740 953 5798 ad
983 5740 1072 5799 xiv
1101 5740 1343 5798 ascendit
1378 5740 1634 5813 zodiacus
1669 5754 1764 5794 oc-

229 5816 435 5870 cidente
455 5809 689 5882 Cepheo,
716 5823 914 5882 quanta
937 5821 1086 5884 parte
1111 5819 1287 5883 potest
1303 5809 1586 5878 occidere;
1637 5823 1762 5879 pro.

1876 5041 2085 5095 Iissima
2116 5035 2691 5108 Hipparchiitempor‘e
2721 5037 2823 5090 sita
2852 5035 3005 5108 erat‘
3032 5039 3091 5108 in,
3148 5036 3318 5106 gradu
3353 5037 3445 5090 Pi-

1877 5110 2052 5166 scium
2078 5107 2163 5171 ιε,
2186 5105 2300 5162 ἶὸί.
2321 5105 2576 5160 Latitudo
2606 5105 2696 5164 61.
2729 5109 2797 5172 0⁸,
2847 5107 3032 5164 borea.
3071 5105 3337 5163 Ascensio
3357 5123 3443 5162 re-

1879 5189 1965 5235 cta
1991 5179 2116 5238 510.
2150 5177 2255 5242 43',
2286 5177 2508 5247 obliqua
2543 5179 2598 5231 in
2641 5177 2839 5236 Attica.
2869 5177 3000 5240 2I5,
3065 5178 3170 5233 ὅθ’.
3227 5178 3444 5247 orieba-

1878 5259 2077 5319 turque
2101 5263 2225 5303 cum
2255 5245 2437 5319 gradu:
2459 5246 2673 5319 scorpii
2702 5247 3042 5319 circiterA25,
3078 5249 3181 5300 27'.
3218 5245 3445 5319 Occide-

1877 5316 2287 5381 batvero,cum
2309 5317 2478 5388 gradu
2516 5316 2690 5372 Librae
2735 5316 3013 5388 fere25._
3048 5321 3118 5370 At
3172 5318 3445 5388 borealior

1872 5392 2036 5446 trium
2068 5391 2170 5444 sita
2204 5386 2331 5444 erat
2360 5388 2415 5441 in
2457 5387 2696 5441 Piscium
2731 5387 2820 5451 I5,
2857 5387 2958 5442 IS'.
2995 5386 3159 5442 Latit.
3195 5388 3298 5450 61,
3338 5387 3438 5442 30'.

1881 5460 2136 5517 Iscensio
2167 5467 2312 5514 recta
2344 5457 2469 5521 5M.
2518 5457 2622 5519 5I',
2671 5458 2896 5527 obliqua
2945 5456 3073 5521 255,
3103 5457 3186 5514 15'
3223 5466 3280 5512 ut
3316 5473 3440 5512 cum

1874 5528 2151 5601 Sagittarii
2171 5527 2353 5601 gradu
2387 5528 2503 5601 fere
2531 5529 2708 5601 primo
2737 5529 3136 5601 conscenderet
3183 5529 3441 5601 horizon-

1869 5596 1999 5665 teni,
2031 5596 2303 5669 occideret
2326 5612 2450 5653 cum
2480 5596 2658 5653 Librae
2679 5613 2838 5669 mu.
2865 5597 3054 5664 Quare
3083 5614 3247 5669 quam
3313 5597 3441 5652 stelc

1872 5671 1977 5724 lam
2007 5668 2346 5751 Hipparchus
2374 5669 2661 5741 intelligat,
2716 5670 2772 5723 in
2815 5667 3115 5725 Laterculo
3165 5667 3441 5724 Ptolemai

1871 5755 1979 5796 non
2014 5753 2241 5808 reperio.
