3928 6266
257 389 388 448 1051

1275 385 1634 442 HlPPARCHl
1676 384 1764 438 AD
1801 381 2242 438 ΡΗᾹΞΝΟΜΕΝΛ
2281 381 2405 438 LIB.
2433 383 2471 437 1.

3341 383 3476 438 1042

253 509 453 579 Πέτρα
479 526 541 564 τε
577 519 674 562 καὶ
704 508 874 578 χροιὴ
898 523 910 536 ο
944 507 1162 574 πάντες
1205 524 1268 561 τε
1290 507 1407 576 μὲν
1433 504 1812 576 ἁμφιέλικτοι.

1928 501 2435 573 Hagnitudinesque,
2470 510 2518 554 et
2557 509 2732 565 color,-
2770 515 2945 552 omnes
2981 499 3154 569 utique
3175 500 3476 579 'c‘irfumvo-

258 645 346 712 Τῷ
369 645 470 698 καί
513 645 835 714 ὀμητερέας
863 649 916 698 οί
941 644 1176 698 ἐείσατο
1206 643 1572 709 ποιήσασθαι

266 711 571 785 Ἀστέραςί,
604 711 731 784 ὄφρ’
771 715 1000 778 ἐπιτὰξ,
1037 715 1202 780 ἄλλῳ
1246 714 1683 785 παρακείμενος
1718 711 1822 764 ἅλ-

253 855 438 910 ετδεα
465 853 833 922 σημαίνοιεν,
859 854 1014 923 ἄφαρ
1040 854 1090 906 δ’
1124 852 1426 922 ὀνομαστὰ
1452 781 1818 923 margo“

255 928 524 992 ⁸Ἀστραο
548 921 660 976 ίκαὶ
689 925 798 978 οὐκ
829 921 917 978 ἐτι
963 921 1078 978 νῦν
1117 923 1185 976 ἐν
1228 921 1480 992 θαύματι
1528 921 1820 1003 strinxerat

266 1065 435 1118 Ἀλλ’
461 1067 514 1118 ol
540 1063 654 1134 μὲν
685 1061 959 1134 καβαροῖς
989 1062 1340 1134 ἐναρηρότες
1372 991 1814 1134 εἰδώλοιίὲ-ῗῗηρο

251 1131 602 1192 Φαίνονταισ
650 1133 720 1186 τὰ
750 1132 801 1185 δ’
829 1133 1030 1200 ἔνερθε
1067 1132 1441 1200 διωκομένοιο
1477 1131 1718 1200 Λατωοῦ

251 1204 462 1258 Πάντα
512 1203 651 1274 μάλ’
689 1197 1004 1270 ἠερόεντα,
1054 1202 1152 1255 καί
1203 1197 1313 1256 οὒκ
1363 1197 1666 1342 όνομασῦὰ
1715 1201 1819 1269 φέ-

1633 1288 1815 1324 ονται.

254 1383 450 1437 Ταῦτα
501 1382 557 1436 δὲ
617 1397 1087 1454 προενεγκαμενος
1129 1384 1158 1434 6
1213 1380 1471 1444 Ἀτταλος
1529 1378 1816 1448 ἐπιφέρειο

257 1495 276 1525 ι
335 1476 425 1528 Ἐν
463 1475 521 1528 δὲ
554 1474 762 1537 τούτοις
810 1473 1207 1544 ἀδυνατώτερον
1247 1476 1276 1527 6
1304 1471 1528 1544 ποιητὴς
1560 1471 1818 1541 ἀνέστρα-

254 1585 408 1634 πται,
435 1567 691 1630 πολλάκις
721 1567 812 1618 ἐπὶ
833 1565 928 1637 τὴν
957 1565 1120 1635 αὐτὴν
1144 1564 1378 1617 διάνοιαν
1409 1561 1816 1632 ἐπιφερόμενος,

251 1657 348 1711 καὶ
403 1658 465 1712 οὐ
540 1657 832 1727 δυνάμενος
887 1656 977 1709 τὸν
1035 1656 1188 1724 λόγον
1251 1653 1670 1726 εὑπερ-ιγράφως
1735 1652 1820 1715 ἐξ·

252 1754 521 1818 ινεγκεῖν.
549 1750 802 1803 Βούλεται
838 1748 946 1820 γάρ
977 1747 1235 1819 δηλῶσαι,
1258 1747 1388 1800 διότι
1420 1747 1468 1799 οἱ
1500 1745 1698 1816 μεταξὺ
1725 1743 1817 1796 τοῦ

3175 567 3402 640 [lubiles.

1925 643 2102 708 Quare
2128 653 2177 698 et
2201 643 2361 697 simul
2387 641 2631 694 collectas
2652 639 2817 693 visum
2855 649 2931 692 est
2961 640 3008 692 ei
3027 639 3197 708 facere

1923 712 2141 778 Stellas,
2176 723 2234 766 ut
2255 711 2538 766 ordinatim
2567 711 2662 763 alii
2695 709 2942 778 adiacens
2982 709 3091 762 alia

1926 847 2189 920 imagines
2209 848 2511 920 eﬁigiarent,
2539 863 2758 920 moxque
2778 845 3114 920 appellabilia
3134 845 3313 920 fierent

1925 916 2148 982 Sidera;
2187 916 2339 988 atque
2367 917 2508 972 haud
2551 919 2775 985 amplius
2809 933 2926 971 cum
2964 916 3474 1057 adﬁirat‘ioqeunune

3088 1002 3176 1039 uce
3228 1003 3252 1038 s
3278 1002 3306 1040 e
3350 1001 3400 1039 a.

1925 1057 2028 1114 Sed
2062 1058 2143 1113 lue
2167 1057 2371 1128 quidem
2403 1057 2696 1128 conspicuis
2723 1057 2981 1128 insignita:
3010 1055 3322 1125 imaginibus

1926 1126 2218 1196 Apparenl;
2253 1129 2378 1198 alia;
2403 1127 2580 1180 subter
2606 1128 2883 1198 fugientem
2913 1126 3161 1198 Leporem

2146 1199 2301 1266 plane
2331 1197 2583 1262 obscurae,
2605 1208 2654 1252 et
2682 1199 2792 1251 sine
2820 1198 3024 1252 nomine
3045 1197 3301 1264 feruntur.

1927 1197 2116 1253 Omnes

1990 1376 2088 1433 His
2133 1379 2188 1432 in
2232 1378 2468 1433 medium
2512 1379 2711 1442 allatis,
2745 1380 2957 1437 Attalus
3004 1379 3201 1436 infert:
3231 1398 3251 1430 ι
3278 1380 3334 1433 1η
3385 1378 3473 1434 bis

1919 1469 2080 1537 paulo
2115 1468 2386 1525 infelicius
2415 1479 2570 1540 poeta
2598 1470 2960 1537 conﬂictatur,
2992 1471 3046 1525 in
3076 1471 3318 1526 eamdem
3350 1485 3474 1525 sen—

1920 1561 2143 1614 tentiam
2195 1561 2481 1616 incurrens
2522 1562 2755 1632 saepius;
2783 1579 2957 1632 neque
3006 1563 3186 1632 plane,
3240 1577 3302 1615 ac
3335 1563 3475 1617 citra

1921 1651 2175 1720 ambages
2197 1651 2495 1706 orationem
2523 1652 2824 1720 explicans.
2856 1651 2969 1707 Hoc
2989 1654 3134 1708 enim
3162 1651 3473 1723 signiﬁcare

1920 1741 2074 1807 vult;
2100 1741 2283 1796 stellas
2328 1742 2468 1797 inter
2503 1741 2693 1798 Cetum
2743 1751 2798 1797 et
2830 1741 3269 1798 Gubernaculum
3314 1744 3470 1809 sitas,

257 1845 470 1915 Κήτους
521 1841 613 1894 καὶ
657 1840 749 1893 τοῦ
791 1840 1054 1912 Πηδαλίου
1097 1839 1416 1907 τεταγμένοι
1445 1837 1699 1890 ὑποκάτω
1724 1835 1812 1888 τοῦ

1919 1845 1982 1885 ac
2020 1830 2212 1902 Lepori
2260 1832 2536 1900 subjectas
2584 1833 2731 1886 nulla
2773 1835 3187 1889 constellatione
3226 1836 3470 1902 censeri;

255 1933 504 2002 Λαγωοῦ,
529 1935 590 1986 ὲν
614 1933 786 1986 οὐδενὶ
815 1932 995 2002 ἄστρῳ
1022 1930 1495 2002 καταριθμοῦνται,
1525 1928 1638 1982 ἀλλ’
1680 1926 1817 1982 εἰσιν

255 2024 546 2095 ἀνώνυμοι.
591 2023 805 2077 Πολλῶν
860 2022 966 2093 γάρ
1005 2020 1351 2092 ὑπαρχόντων
1411 2019 1675 2090 ἀστέρων,
1724 2016 1818 2070 καὶ

256 2117 409 2170 ἐνίων
441 2116 509 2169 τά
541 2115 741 2187 μεγέθη
782 2115 876 2167 καὶ
899 2113 965 2167 τά
999 2112 1264 2184 χρώματα
1304 2112 1466 2182 ὅμοια
1510 2111 1758 2180 ἐχόντων,
1789 2110 1818 2161 6

255 2207 468 2280 πρῶτος
517 2206 768 2273 διατάξας
816 2205 884 2258 τὰ
940 2205 1142 2276 ἄστρα,
1197 2206 1288 2258 καὶ
1341 2204 1481 2258 κατά
1535 2204 1817 2266 συστάσεις

254 2303 503 2366 ἑκάστοις
529 2302 697 2372 ὄνομα
737 2299 1000 2371 περιθεὶς,
1035 2301 1133 2353 οὐκ
1166 2300 1232 2354 ἂν
1261 2298 1508 2370 ἐδυνήθη,
1546 2296 1816 2368 σποράδην

253 2395 430 2455 αὐτῶν
454 2394 737 2464 κειμένων,
771 2392 866 2463 τὴν
899 2391 1187 2460 ἐπίγνωσιν
1211 2392 1386 2445 αὐτῶν
1424 2390 1741 2460 λαμϐάνειν,
1768 2391 1816 2442 εί

255 2481 329 2551 μὴ
370 2478 546 2533 λαϐὼν
591 2478 649 2543 ἐξ
698 2479 876 2533 αὐτῶν
912 2481 1038 2543 τοὺς
1071 2480 1399 2550 δυναμένους
1433 2481 1548 2550 μετ’
1577 2478 1816 2551 ἀλλήλων

250 2556 622 2641 διασημαίνειν
671 2586 724 2621 τι
774 2567 882 2622 τῶν
929 2569 1162 2640 ἄστρων,
1208 2568 1378 2631 οὕτως
1433 2567 1815 2638 κατωνόμασεν

251 2662 410 2715 αὑτά.
449 2682 468 2714 ›
499 2665 656 2716 Δοκεῖ
686 2662 744 2715 δέ
791 2678 880 2731 μοι
909 2663 1016 2720 πᾶν
1039 2662 1346 2715 τούναντίον
1368 2664 1395 2714 6
1426 2662 1522 2732 μὲν
1558 2661 1815 2726 Ἀτταλος

253 2753 328 2825 μὴ
361 2755 761 2826 κικρατηκέναι
802 2755 900 2824 τῆς
927 2753 1018 2807 τοῦ
1053 2753 1278 2822 ποιητοῦ
1311 2753 1578 2816 διανοίας’
1613 2754 1708 2806 καὶ
1753 2755 1814 2807 οὑ

254 2846 412 2916 μόνον
459 2846 634 2906 τοῦτο,
685 2845 818 2899 ἀλλά
863 2847 956 2899 καὶ
997 2846 1063 2916 ἢν
1117 2845 1374 2919 προέθετο
1417 2845 1655 2900 διάνοιαν
1709 2845 1817 2899 τῶν

252 2937 451 3007 στίχων
492 2936 802 3001 ἀποδοῦναι,
839 2936 970 3007 μηδὲ
999 2935 1199 3006 ταύτην
1230 2935 1414 3004 σαφῶς
1437 2975 1452 3001 ,
1496 2937 1609 2990 ἀλλ’
1653 2937 1818 2990 ἀσυν-

246 3026 390 3092 έτως
424 3027 831 3099 ἐξενηνοχέναι·
861 3030 890 3081 6
913 3027 1092 3098 μέντοι
1116 3045 1177 3096 γε
1209 3030 1440 3100 Ἄρατος
1473 3030 1816 3103 κεκρατημέ-

247 3136 356 3183 νως
417 3119 829 3172 ἀποδεδωκέναι.
882 3119 1136 3174 Βούλεται
1185 3121 1293 3192 γὰρ
1339 3122 1536 3192 λέγειν,
1592 3124 1673 3177 ὅτι
1721 3141 1816 3194 με-

247 3212 380 3276 ταξὺ
411 3211 505 3265 τοῦ
533 3211 795 3284 Πηδαλίου
835 3212 928 3265 καὶ
958 3211 1050 3266 τοῦ
1091 3214 1304 3284 Κήτους
1337 3216 1442 3268 ὑπὸ
1472 3215 1561 3268 τὸν
1591 3215 1812 3285 Λαγωὺν

248 3307 455 3360 κεῖνται
482 3304 708 3376 ἀστέρες
739 3303 1028 3376 ἀνώνυμοι,
1065 3305 1232 3373 ὀλίγοι
1269 3306 1348 3378 τῷ
1392 3307 1583 3378 πλήθει
1617 3309 1709 3362 καὶ
1736 3309 1814 3380 τῷ

249 3395 492 3466 μεγέθει.
525 3397 598 3450 Οὐ
626 3399 734 3468 γὰρ
766 3395 936 3459 οὕτως
963 3398 1189 3461 κεῖνται,
1221 3397 1360 3452 ῶστε
1396 3399 1460 3451 ἐκ
1487 3399 1585 3470 τῆς
1614 3398 1814 3463 Θέσεως

247 3487 426 3542 αὐτῶν
451 3488 650 3558 ὁμοίως
673 3487 1115 3559 διαμορφωθῆναι
1147 3487 1281 3553 ζῶα,
1321 3490 1354 3559 ἢ
1387 3489 1814 3561 κατασκεύασμα

245 3597 318 3644 τι,
349 3575 438 3634 οἷά
479 3582 593 3633 ἐστι
638 3579 708 3632 τὰ
751 3579 912 3632 λοιπὰ
945 3579 1136 3651 ἄστρα,
1180 3579 1213 3633 ἀ
1244 3579 1540 3634 διετύπωσᾶ
1585 3597 1667 3643 τις
1703 3579 1812 3632 τῶν

247 3672 487 3742 ἀρχαίων
506 3688 522 3702 ·
550 3674 650 3726 οὐκ
679 3671 760 3726 ἔτι
785 3673 842 3726 δὲ
872 3671 1164 3724 ἐπεϐάλετο
1211 3672 1386 3726 πάντα
1414 3671 1810 3743 διαμορφῶσαι.

247 3760 462 3814 Πολλῶν
490 3761 596 3832 γὰρ
627 3762 794 3815 ὅντων
841 3762 1082 3832 ἀστέρων
1115 3761 1220 3814 τῶν
1257 3763 1374 3817 κατ’
1410 3762 1544 3824 ἰδίαν
1567 3762 1812 3834 διερριμ-

248 3849 448 3919 μένων,
477 3851 576 3903 οὺκ
607 3850 671 3904 ἀν
705 3851 931 3922 ἐδυνήθη
969 3851 1047 3904 ἐνὶ
1101 3851 1340 3924 σχήματι
1399 3850 1720 3920 μεταλαϐεῖν
1764 3851 1811 3882 ⁷⁸

245 3942 442 4004 αὐτοὺς
470 3941 650 4010 ἤλιθα
678 3942 1032 4012 μορφώσας·
1072 3942 1136 3995 δι’
1167 3943 1231 4013 ῆν
1259 3941 1434 3996 αἰτίαν
1461 3941 1632 4007 ἔδοξεν
1666 3941 1810 4011 αὑτῷ

245 4035 368 4096 τοὺς
418 4034 853 4104 παρακειμένους
909 4051 1024 4096 πως
1083 4022 1330 4104 ἀλλήλοις
1383 4035 1655 4105 ἀστέρας,
1716 4035 1810 4088 καὶ

243 4123 554 4194 ὁμηγερέσις
632 4122 710 4195 τῷ
760 4123 982 4194 ὀνόματι
1035 4123 1359 4186 διαπλάσαι,
1417 4124 1508 4176 καὶ
1552 4124 1808 4194 ὀνοματο-

244 4231 489 4284 ποιησαι.

314 4331 413 4384 19⁷.
431 4330 585 4400 Ἑξῆς
601 4331 656 4387 δέ
674 4331 876 4401 ιρησινό
895 4331 959 4388 'A
969 4347 1124 4400 ρατος
1153 4332 1278 4403 περὶ
1296 4330 1388 4386 τοῦ
1405 4333 1769 4405 Θυμιατηρίου
1791 4353 1804 4366 ο

242 4443 438 4511 Αὐτὰρ
459 4445 578 4516 ,ὐπ’
610 4443 898 4516 αἰθομένῳ
934 4442 1159 4516 κέντρῳ
1181 4445 1387 4513 τέραος
1411 4447 1692 4516 μεγάλοιο

243 4515 560 4584 Σκορςτίου,
593 4514 728 4582 ἄγχι
759 4516 978 4577 νότοιο.
1009 4515 1296 4581 Θυτήριον
1326 4514 1632 4584 αἰωρεῖται·

248 4582 464 4652 Τοῦδή
499 4600 587 4637 τοι
617 4585 822 4653 ὀλίγον
849 4585 964 4652 μὲν
1004 4583 1102 4635 ἐπὶ
1134 4587 1355 4652 χρόνον
1396 4582 1568 4656 ὑψόθ’
1601 4590 1806 4654 ἐόντος

243 4721 544 4794 Πεύσειιιο-
570 4698 1064 4794 ἱάιτιπέρηνγὰρ
1109 4725 1360 4789 ἀείρεται
1416 4727 1802 4794 Ἀρκτούροιο.

243 4791 350 4865 (ἰαὶ
380 4789 494 4865 τοῦΔ
513 4792 631 4859 μὲν
650 4793 825 4865 μάλα,
855 4789 1054 4865 adi-xi)
1080 4795 1359 4865 μετήοροί
1389 4789 1506 4849 eici
1535 4789 1804 4850 κέλευθοι

253 4859 608 4930 Ἀρκτούρου
635 4859 663 4891 ·’
698 4863 762 4919 τὸ
801 4863 868 4917 δὲ
916 4859 1148 4919 θᾶσσον
1195 4859 1294 4934 1555’
1349 4867 1635 4934 ἑσπερίην
1688 4865 1804 4919 ἅλα

1574 4936 1798 5004 [νεῖται.

323 5043 412 5096 Ἑν
439 5043 494 5096 δὲ
522 5042 730 5108 τούτοις
775 5045 919 5099 δοκεῖ
949 5064 1038 5116 μοι
1077 5050 1286 5116 ἀγνοεῖν
1315 5049 1342 5102 6
1371 5051 1621 5120 Ἄρατος,
1669 5051 1801 5102 ὑπο-

241 5133 530 5204 λαμϐάνων
577 5139 699 5190 ὅσον
747 5138 1000 5208 ἀπέχειὸ
1047 5140 1369 5212 Ἀρκτοῦρος
1418 5141 1525 5195 ἀπὸ
1571 5140 1666 5194 τοῦ
1717 5142 1802 5194 ἀεὶ

242 5225 474 5296 φανεροῦ
513 5227 698 5292 πόλου,
748 5228 996 5281 τοσοῦτον
1039 5231 1260 5301 ἀπέχειν
1301 5231 1396 5284 καὶ
1429 5231 1490 5284 τὸ
1529 5231 1803 5301 Θυμιατή-

242 5334 354 5384 ριον
385 5317 492 5376 ἀπὸ
521 5317 612 5371 τοῦ
660 5321 834 5372 νοτίου
867 5320 1028 5373 πόλου
1050 5340 1066 5354 ο
1095 5323 1294 5393 ὁμοίως
1328 5322 1384 5374 δὲ
1413 5323 1506 5375 καὶ
1540 5325 1568 5374 6
1609 5323 1803 5374 Ἀττα-

239 5410 328 5473 λος
353 5448 368 5473 ,
427 5411 503 5474 ὡς
545 5411 610 5466 ἂν
662 5415 1187 5484 συναποφαινόμενος
1233 5414 1398 5485 αὐτῷ,
1435 5417 1632 5484 ἀγνοεῖ.
1691 5417 1802 5482 Ἐξ-

239 5501 543 5572 ηγούμενος
571 5502 680 5574 γάρ
707 5503 805 5573 τὴν
835 5506 1069 5560 διάνοιαν
1106 5506 1211 5560 τῶν
1235 5508 1534 5577 εἰρημένων
1583 5509 1797 5580 στίχων,

239 5588 381 5660 λέγει
414 5591 585 5654 οὕτως
605 5611 618 5623 ο
659 5611 677 5642 ι
716 5594 850 5664 Περὶ
876 5595 930 5648 δὲ
969 5597 1058 5650 τοῦ
1087 5597 1461 5670 Θυμιατηρίου,
1487 5599 1802 5672 ποιούμενος

294 5793 364 5884 κη
395 5792 516 5861 ch.
558 5793 897 5861 μεταϐαλεῖν.

1918 1923 2013 1978 sed
2042 1924 2406 1992 appellatione
2437 1941 2645 1980 carere.
2688 1925 2823 1980 Cum
2854 1926 2999 1980 enim
3031 1928 3198 1981 stellae
3230 1929 3474 1997 complu-

1915 2031 2004 2070 res
2037 2023 2239 2082 essent,
2275 2025 2328 2071 et
2359 2017 2517 2072 exiis
2548 2018 2754 2088 aliquot
2784 2017 3174 2089 magnitudine,
3207 2035 3270 2074 ac
3291 2020 3474 2074 colore

1916 2109 2162 2176 similes;
2199 2110 2289 2179 qui
2321 2111 2530 2180 primus
2561 2111 2739 2166 sidera
2770 2111 3020 2182 digessit,
3045 2120 3098 2167 et
3121 2127 3218 2181 per
3244 2113 3473 2166 constel-

1915 2201 2146 2256 lationes
2191 2201 2502 2258 distributis
2541 2203 2773 2272 singulis
2823 2203 3211 2274 appeilationes
3254 2204 3471 2267 indidit,

1916 2309 2023 2347 non
2070 2293 2338 2364 potuisset
2380 2295 2611 2366 sparsim
2658 2310 2752 2349 eas
2799 2297 3094 2350 collocatas
3127 2296 3470 2366 dignoscere,

1913 2387 2021 2441 nisi
2047 2387 2199 2457 prius
2227 2403 2322 2444 eas
2343 2404 2374 2443 e
2406 2387 2562 2443 turba
2589 2389 2891 2458 selegisset,
2923 2403 3043 2458 qua:
3081 2389 3134 2441 in
3164 2403 3328 2442 unum
3351 2388 3470 2442 col-

1915 2480 2067 2535 lectae
2110 2489 2310 2537 certam
2353 2483 2692 2555 contigurare
2736 2489 2956 2554 possent
3001 2482 3260 2552 elligiem;
3312 2489 3474 2551 atque

1915 2572 1989 2626 ita
2053 2574 2167 2630 suis
2225 2577 2502 2631 vocabulis
2551 2576 2802 2631 alliceret.
2843 2593 2860 2627 9
2913 2573 3074 2643 Atqui
3137 2573 3469 2628 contrarium

1915 2675 2143 2730 prorsus
2180 2663 2676 2734 existimozneque
2725 2663 2966 2718 Attalum
3013 2671 3185 2732 poetae
3234 2671 3469 2718 mentem

1915 2763 2224 2808 assecutum
2264 2753 2463 2822 fuisse;
2497 2763 2552 2811 et
2593 2771 2756 2825 quam
2795 2771 3050 2810 versuum
3084 2755 3299 2810 illorum
3344 2771 3471 2811 sen-

1917 2845 2138 2899 tentiam
2186 2847 2457 2916 explicare
2505 2847 2798 2910 cupiebat,
2850 2846 3084 2903 obscure
3119 2847 3473 2918 impcriteque

1914 2935 2222 2994 declarasse
2250 2956 2264 2992 :
2291 2939 2516 2995 Aratum
2541 2939 2772 3010 denique
2799 2939 2852 2994 id
2883 2939 3028 3009 quod
3062 2955 3152 2995 res
3181 2947 3265 2994 est
3295 2939 3473 3009 perfe‘

1885 3038 2002 3083 'clc
2030 3029 2388 3099 signiﬁcasse.
2438 3031 2536 3087 llic
2576 3032 2719 3088 enim
2748 3033 2924 3086 voluit
2947 3033 3088 3086 inter
3119 3031 3470 3086 Gubernacu-

1917 3120 2026 3174 lum
2048 3130 2102 3178 et
2129 3122 2317 3178 Celum
2347 3124 2450 3179 sub
2477 3124 2683 3194 Lepore
2711 3125 2847 3179 sitas
2869 3138 2991 3178 esse
3020 3131 3268 3178 carentes
3295 3124 3473 3176 nomi-

1919 3212 2080 3267 nibus
2124 3214 2329 3276 stellas,
2357 3229 2586 3269 nnmcro
2621 3223 2675 3269 et
2721 3212 3094 3283 magnitudine
3128 3216 3328 3283 pariter
3356 3213 3471 3268 exi-

1915 3318 2071 3373 guas.
2117 3303 2236 3358 Non
2267 3305 2412 3359 enim
2445 3305 2519 3361 ita
2555 3306 2853 3360 collocatas
2891 3321 3034 3366 esse,
3065 3313 3124 3358 ut
3172 3320 3239 3360 ex
3279 3320 3467 3360 earum

1915 3393 2022 3446 situ
2058 3395 2280 3462 perinde
2315 3395 2644 3450 conformari
2677 3405 2880 3466 queant
2915 3397 3191 3461 animalia,
3226 3397 3310 3452 vel
3340 3412 3472 3452 con-

1914 3485 2239 3540 stellationis
2283 3487 2518 3556 aliquid;
2553 3489 2862 3558 etijusmodi
2900 3497 3026 3544 sunt
3054 3497 3200 3545 astra
3237 3491 3466 3561 reliqua,

1914 3589 2034 3644 quae
2068 3587 2307 3630 veterum
2339 3578 2538 3648 aliquis
2569 3579 2624 3632 in
2663 3577 2868 3634 formas
2910 3579 3116 3651 redegit
3147 3600 3160 3633 :
3186 3581 3258 3634 ita
3290 3590 3468 3636 tamen

1914 3673 2119 3724 utnon
2168 3665 2437 3723 omnibus.
2471 3667 2697 3737 ﬁguram
2750 3669 2972 3723 auderet
3017 3669 3288 3740 ailingere.
3334 3667 3465 3722 Nam

1919 3773 2044 3810 cum
2082 3758 2266 3826 plures
2293 3767 2476 3814 essent
2512 3760 2699 3824 stella,
2741 3761 3165 3832 singillatimque
3188 3760 3465 3831 dispersae,

1913 3863 2191 3918 nunquam
2229 3865 2323 3905 eas
2355 3851 2622 3919 potuisset
2654 3867 2762 3906 una
2804 3854 3054 3922 quapiam
3105 3852 3275 3922 efﬁgie
3319 3867 3468 3906 com-

1911 3940 2102 4008 plecti,
2140 3959 2157 3990 ι
2188 3941 2475 3997 confertim
2503 3943 2762 4014 elligians.
2795 3965 2812 3997 ι
2847 3945 3019 4010 Quam
3049 3946 3117 3999 ob
3138 3959 3356 4000 causam
3388 3945 3470 3998 vi-

1912 4047 2033 4087 sum
2057 4039 2139 4087 est
2166 4032 2240 4086 illi
2270 4033 2479 4089 vicinas
2507 4034 2736 4090 invicem
2769 4037 2974 4102 stellas,
3005 4045 3058 4090 et
3083 4037 3135 4090 in
3167 4052 3332 4091 unum
3355 4036 3468 4091 col-

1909 4124 2082 4178 lectas
2112 4125 2279 4181 certis
2307 4126 2787 4197 comprehendere,
2835 4143 2896 4182 ac
2930 4127 3274 4182 conformare
3301 4142 3463 4182 voca~

1909 4215 2072 4272 bulis.

1981 4329 2118 4384 XIX.
2166 4329 2297 4387 Post
2326 4332 2438 4386 haec
2461 4334 2662 4388 Aratus
2699 4333 2766 4388 de
2796 4333 2901 4386 Ara
2935 4335 3006 4387 ita
3039 4334 3228 4389 scribit
3255 4354 3268 4387 :

1911 4443 1981 4525 At
2002 4443 2385 4525 sttoiﬂagrante
2407 4445 2586 4499 aculeo
2616 4447 2836 4525 monstri
2862 4447 3083 4525 ingentis

1836 4540 1887 4598 Β
1915 4513 2142 4598 §corpii,
2179 4513 2335 4598 prope
2358 4525 2618 4598 austrum,
2650 4517 2760 4598 Ara
2789 4513 2972 4598 pendet
2993 4532 3011 4568 :

1915 4584 2088 4650 Quam
2135 4595 2270 4638 certe
2319 4584 2579 4638 ntodicum
2633 4587 2841 4655 quidem
2886 4587 2955 4640 ad
3008 4595 3206 4653 tempus
3255 4602 3462 4639 sursum

3043 4655 3392 4728 [exsistentem

1908 4722 2108 4779 Senties
2129 4739 2148 4778 :
2175 4742 2202 4778 e
2233 4725 2438 4794 regione
2468 4727 2605 4780 enim
2627 4727 2890 4780 attollitur
2912 4722 3147 4781 Arcturi.

1907 4796 1974 4847 At
1996 4795 2152 4863 ltujus
2174 4795 2382 4864 quidem
2413 4795 2692 4849 admodum
2717 4797 2940 4850 multum
2961 4797 3207 4851 sublimes
3230 4806 3347 4850 sunt
3369 4798 3462 4852 via

1908 4866 2122 4920 Arcturi
2137 4881 2155 4920 .'
2176 4866 2271 4919 illa
2295 4882 2410 4920 vero
2437 4867 2592 4922 citius
2618 4864 2711 4921 sub
2738 4867 3008 4920 occiduum
3034 4884 3178 4921 mare
3205 4868 3370 4930 redit.

1978 5044 2034 5098 ln
2079 5044 2166 5098 bis
2203 5043 2569 5099 hallucinatus
2597 5045 2728 5110 mihi
2775 5045 2988 5100 videtur
3025 5043 3245 5105 Aratus,
3271 5043 3463 5099 existi-

1903 5150 2060 5190 mans
2091 5143 2353 5205 quantum
2387 5135 2456 5188 ab
2493 5142 2784 5204 apparente
2817 5149 3030 5204 semper
3066 5134 3275 5188 circulo
3297 5132 3462 5188 distat

1902 5229 2190 5292 Arcturus,
2217 5235 2428 5281 tantum
2475 5227 2544 5282 ab
2588 5226 2812 5282 australi
2842 5225 2967 5294 polo
3011 5224 3175 5278 Aram
3206 5239 3329 5278 esse
3373 5239 3463 5278 re-

1903 5330 2101 5375 motam
2129 5337 2144 5385 ;
2175 5327 2290 5374 tum
2325 5321 2485 5376 etiam
2511 5320 2724 5376 Attalus
2749 5321 2924 5375 eidem
2954 5333 3211 5382 assensus
3233 5318 3454 5373 erravit.

1902 5411 2037 5464 Nam
2076 5427 2264 5467 eorum
2311 5427 2588 5476 versuum,
2620 5427 2759 5480 quos
2799 5410 3101 5476 attulimus,
3133 5409 3458 5466 sententiam

1906 5504 1994 5559 bis
2020 5503 2200 5559 verbis
2220 5505 2457 5572 explicat
2483 5521 2495 5556 :
2533 5521 2552 5553 ι
2580 5501 2653 5558 De
2675 5502 2782 5557 Ara
2807 5516 3112 5558 sermonem
3142 5483 3478 5563 instituens.’

1911 5593 1986 5648 ait
2010 5593 2183 5676 ipsam
2216 5594 2290 5660 ad.
2316 5607 2592 5665 nunquam
2619 5603 2965 5676 apparentem
2997 5593 3259 5655 circulum
3297 5592 3457 5656 sitam
