3928 6266
409 387 430 439 l
441 387 540 442 06⁸1

1384 387 1474 440 AD
1513 382 1782 441 EUSEBll
1815 378 2206 437 CHRONICON
2244 379 2606 435 APPENDIX.

3494 373 3638 428 (0‘8

405 503 499 556 sed
540 499 944 572 obscuriorilac
985 501 1276 573 perexiguo
1323 502 1658 558 discrimine.
1691 520 1708 551 ι
1758 498 1957 552 Verum

2066 500 2088 551 ὑ
2117 496 2268 573 ἥλιος
2299 497 2612 568 ποιούμενος
2631 513 2647 526 ·
2679 496 3007 567 ἀδηλοτέραν
3047 494 3104 548 δὲ
3136 491 3336 562 πολλῷ,
3370 489 3466 543 καὶ
3499 507 3644 543 παν-

403 589 507 643 bac
539 589 595 642 in
629 604 686 643 re
733 587 1007 646 inscitiam
1041 606 1194 644 suam
1241 591 1546 663 prodidisse
1576 591 1705 644 mihi
1756 589 1964 644 videtur

402 679 639 742 Attalus,
674 695 796 733 cum
841 680 1116 736 existimat
1151 682 1317 736 solem
1360 681 1629 736 interdum
1671 682 1962 736 australio-

408 787 531 834 res,
583 772 855 826 interdum
902 773 1231 827 borcaliores
1289 772 1488 828 habere
1539 778 1960 831 conversiones:

403 861 636 931 ideoque
666 863 805 917 latos
829 861 956 933 ﬁngi
992 863 1228 918 circulos
1249 848 1522 932 oportere.
1542 863 1754 918 Etenim
1786 866 1829 920 si
1857 881 1964 918 non

405 967 505 1022 per
535 952 770 1006 medium
792 953 1069 1022 signorum
1093 954 1356 1007 circulum
1383 955 1462 1008 sol
1487 963 1753 1020 movetur,
1783 956 1879 1010 sed
1897 956 1966 1009 ab

401 1057 469 1096 eo
495 1041 730 1098 declinat
763 1044 814 1097 in
850 1045 1269 1115 septentrionem
1313 1046 1396 1100 vel
1439 1047 1741 1110 meridiem,
1770 1063 1962 1116 quem-

409 1133 697 1188 admodum
740 1137 910 1191 luna:
943 1151 1282 1205 consequens
1313 1145 1397 1191 est
1447 1138 1718 1203 umbram,
1771 1154 1889 1209 qua:
1933 1155 1964 1193 a

410 1239 553 1282 terra
581 1228 849 1296 provenit,
881 1229 1067 1287 eodem
1114 1229 1273 1283 modo
1314 1230 1533 1285 variari.
1592 1230 1712 1296 Quo
1764 1233 1960 1301 posito,

408 1317 551 1371 lunae
599 1317 832 1387 deliquia
884 1317 1172 1387 plurimum
1227 1319 1294 1374 ab
1342 1322 1734 1392 astrologorum
1771 1323 1965 1392 praedi-

404 1405 681 1462 ctionibus
719 1408 1031 1476 discrepare
1075 1423 1297 1464 necesse
1325 1411 1415 1473 sit,
1470 1427 1592 1464 cum
1627 1413 1727 1467 hoc
1757 1414 1832 1468 illi
1867 1398 1964 1469 Su-

402 1502 554 1550 mant
590 1494 642 1548 in
676 1495 821 1549 omni
858 1495 1173 1566 operatione
1211 1513 1354 1565 sua;
1390 1500 1624 1555 medium
1671 1502 1876 1558 umbrze
1908 1503 1962 1556 in

401 1590 719 1638 transeunte
746 1600 841 1654 per
867 1584 1044 1639 media
1083 1587 1237 1658 signa
1273 1589 1481 1643 circulo
1527 1593 1752 1646 moveri.
1799 1595 1959 1663 Atqui

400 1689 508 1727 non
536 1673 658 1757 plus
689 1672 874 1744 digitis
907 1673 1123 1733 duobus
1145 1677 1416 1732 interdum
1449 1720 1464 1746 ,
1498 1679 1658 1750 idque
1699 1697 1960 1751 perraro;

406 1765 476 1819 ab
500 1766 951 1837 exquisitissimis
973 1769 1280 1827 ratiociniis
1306 1769 1583 1826 dill‘erunt.
1615 1774 1808 1829 Dicere
1835 1790 1962 1829 vero

398 1861 604 1908 tantam
651 1856 879 1912 circulis
927 1857 1048 1914 istis
1098 1859 1280 1914 inesse
1326 1861 1688 1930 latitudinem,
1741 1865 1967 1934 perinde
1997 1847 2038 1901 Β

397 1953 482 2009 est
523 1961 587 2000 ac
629 1947 930 2004 latitudinis
976 1959 1226 2019 expertes
1278 1949 1456 2008 facere
1491 1970 1504 2006 :
1537 1962 1598 2009 ut
1649 1955 1782 2009 illud
1813 1957 1966 2010 omit-

399 2043 531 2102 tam,
567 2051 673 2090 non
709 2038 842 2093 satis
870 2048 1142 2106 constare,
1175 2049 1355 2096 utrum
1373 2059 1437 2097 ex
1463 2045 1596 2101 solis
1634 2060 1703 2099 an
1727 2061 1792 2100 ex
1826 2046 1965 2100 lunae

400 2133 550 2180 motu
577 2128 878 2198 contingat,
930 2131 1078 2184 utin
1122 2132 1404 2189 lunaribus
1451 2137 1704 2207 deliquiis
1755 2145 1963 2192 tantum

397 2218 677 2288 varietatis
706 2219 931 2276 incidat.
964 2221 1044 2276 Ad
1074 2222 1189 2277 haec
1218 2227 1456 2295 trepicos
1497 2227 1759 2282 duntaxat
1789 2230 1965 2285 circu-

399 2311 481 2382 los
513 2326 576 2381 ea
603 2311 670 2366 de
689 2327 855 2388 causa
875 2313 1215 2370 latitudinem
1237 2316 1436 2372 habere
1455 2325 1562 2372 tam
1580 2320 1779 2375 Aratus
1801 2336 1964 2390 quam

399 2401 764 2456 mathematici
793 2401 1100 2470 tinxerunt;
1139 2406 1575 2475 aequinoctialem
1599 2426 1728 2465 vero
1757 2426 1964 2480 nequa-

399 2507 582 2562 quam.
614 2491 720 2549 Sed
744 2502 802 2548 ut
835 2497 1090 2553 universe
1121 2498 1336 2568 loquar,
1383 2501 1795 2559 mathematicos
1828 2504 1966 2560 istos

399 2598 610 2651 omnes,
657 2601 796 2655 quos
843 2587 978 2648 dixi.
1017 2589 1252 2668 arbitror
1280 2591 1490 2668 nullam
1525 2595 1748 2670 tropicis
1783 2595 1964 2650 circu-

402 2678 489 2741 lis,
536 2688 631 2733 aut
677 2679 1082 2751 aequinoctiali,
1133 2692 1225 2737 aut
1274 2701 1491 2756 semper
1525 2691 1828 2759 apparenti,
1881 2693 1964 2762 vel

400 2783 614 2838 semper
640 2771 876 2835 occulto,
909 2772 1249 2830 latitudinem
1286 2777 1563 2833 tribuisse.
1614 2775 1752 2834 Nam
1785 2797 1852 2836 ne
1879 2798 1966 2837 co-

398 2859 622 2929 gitando
653 2861 870 2930 quidem
907 2863 1033 2933 ﬁngi
1079 2873 1276 2934 potest,
1312 2867 1475 2922 ullam
1531 2869 1678 2939 ipsos
1723 2871 1968 2926 latitudi-

399 2968 522 3008 nem
553 2954 770 3010 habere.
827 2953 904 3009 lla
954 2957 1154 3028 quippe
1201 2960 1445 3031 singulos
1495 2961 1790 3020 informare
1834 2980 1964 3020 con-

399 3046 710 3115 templando
740 3048 999 3115 solemus,
1023 3059 1082 3104 ut
1119 3053 1446 3122 cegitatione
1482 3063 1817 3112 constantem
1847 3059 1964 3112 sola

402 3133 622 3198 lineam,
665 3152 764 3191 nec
803 3137 1090 3192 latitudine
1129 3139 1406 3208 praeditam
1441 3142 1694 3198 habeant.
1743 3143 1965 3200 Prseter-

399 3241 462 3296 ea
511 3241 632 3281 cum
687 3236 940 3283 asserunt
1011 3231 1443 3300 aquinoctialem
1499 3241 1555 3289 et
1613 3235 1893 3290 zodiacum
1934 3253 1964 3291 e

400 3318 651 3375 maximis
682 3321 736 3374 in
786 3322 997 3391 sphaera
1049 3326 1275 3380 circulis
1322 3341 1464 3390 esse,
1529 3337 1581 3381 et
1614 3327 1682 3382 ab
1732 3336 1964 3399 utroque

400 3410 646 3480 bipertiri
681 3412 946 3482 sphaeram
984 3435 998 3470 :
1029 3425 1141 3470 tum
1180 3417 1411 3481 zodiaci,
1450 3419 1762 3488 aequatoris,
1818 3421 1965 3474 hori-

400 3497 577 3552 zontis
604 3507 659 3552 et
691 3502 977 3556 meridiani
1011 3503 1151 3558 idem
1183 3520 1304 3560 esse
1336 3496 1582 3562 centrum
1614 3526 1627 3573 ;
1681 3509 1961 3564 zodiacum

401 3587 622 3657 insuper
653 3591 707 3644 in
766 3607 874 3646 uno
914 3603 1118 3663 puncto
1169 3597 1407 3665 trepicos
1459 3600 1813 3669 contingere;
1864 3616 1965 3656 nec

401 3691 510 3734 non
545 3677 824 3748 ejusmodi
865 3683 970 3736 alia
1024 3685 1280 3755 pleraque
1316 3702 1329 3738 :
1365 3688 1498 3743 satis
1528 3690 1784 3744 omnibus
1834 3691 1966 3746 iisce

399 3769 774 3827 demonstrant
819 3774 1054 3830 circulos
1086 3776 1207 3831 illos
1253 3777 1552 3836 latitudinis
1591 3795 1710 3835 esse
1742 3796 1965 3851 prorsus

399 3871 667 3931 expertes.
715 3863 856 3917 Nihil
893 3866 1037 3919 enim
1079 3882 1146 3921 ex
1180 3866 1247 3920 iis
1290 3870 1541 3924 omnibus
1586 3878 1732 3926 recte
1783 3880 1968 3940 posset

399 3955 674 4023 usurpari,
703 3956 748 4010 si
781 3955 872 4009 lati
902 3967 1084 4014 essent
1117 3959 1278 4013 iidem
1327 3960 1558 4028 circuli;
1613 3977 1712 4017 nec
1753 3963 1816 4022 lin
1859 3979 1964 4017 una

401 4051 608 4116 tantum
634 4045 740 4111 die,
767 4046 858 4101 sed
890 4047 1136 4116 pluribus
1159 4051 1546 4118 :equinoctium
1573 4051 1966 4123 ﬁeret.Quippe

399 4135 481 4197 sol
517 4136 749 4205 plurium
797 4139 849 4193 in
896 4141 1256 4210 aequinoctiali
1286 4142 1492 4196 circulo
1524 4142 1731 4197 dierum
1759 4124 1962 4198 moram

400 4225 622 4292 faceret,
659 4229 706 4283 si
744 4230 789 4284 is
814 4232 1101 4290 latitudine
1131 4241 1427 4293 constaret.
1478 4233 1615 4288 Tum
1647 4235 1700 4294 in
1740 4250 1967 4304 gnomo-

399 4320 539 4373 nicis
582 4322 838 4376 omnibus
882 4325 1237 4382 conﬁciendis
1277 4325 1583 4380 rationibus
1630 4325 1734 4379 hoc
1769 4324 1965 4404 funda-

400 4413 564 4465 menti
591 4412 763 4489 instar
805 4415 1129 4483 adhibetur;
1175 4417 1340 4484 latum
1374 4416 1598 4472 istorum
1632 4417 1962 4471 circulorum

2070 587 2237 652 τελῶς
2259 571 2478 660 ¹ὀλίγην.
2516 607 2532 638 ι
2585 591 2740 641 Δοκεῖ
2769 588 2832 659 δή
2870 603 2959 658 μοι
2997 585 3091 638 καὶ
3120 585 3177 636 tv
3207 583 3416 645 τούτοις
3441 583 3471 634 ὁ
3501 583 3640 634 Ἀτ-

2068 681 2224 743 ταλος
2253 681 2482 748 ἀγνοεῖν,
2521 678 2913 750 ὑπολαμϐάνων
2954 678 3043 730 τὸν
3067 677 3216 747 ἥλιον
3247 675 3376 728 ποτὲ
3409 673 3508 745 μὲν
3551 690 3641 726 νο-

2068 777 2346 849 τιωτέρας,
2371 776 2499 829 ποτὲ
2527 775 2582 829 δὲ
2614 775 2950 847 βορειοτέρας
2977 771 3243 826 ποιεῖσθαι
3272 770 3369 835 τὰς
3395 767 3635 840 τροπάςο

2069 869 2160 920 καὶ
2188 868 2274 921 διά
2294 867 2448 921 τοῦτο
2469 867 2576 920 δεῖν
2602 869 2727 931 τοὺς
2751 866 2984 930 κύκλους
3013 865 3231 938 πλατεῖς
3258 862 3634 916 ὑποτίθεσθαι.

2068 957 2130 1009 El
2160 956 2266 1028 γὰρ
2303 957 2374 1028 μὴ
2403 956 2495 1010 τὸν
2528 957 2616 1010 διά
2658 957 2835 1028 μέσων
2877 955 2985 1010 τῶν
3026 954 3227 1019 ξωδίων
3261 954 3482 1025 φέρεται
3531 955 3635 1006 κύ-

2069 1050 2192 1102 κλον
2221 1052 2248 1102 ὁ
2278 1049 2446 1120 ἥλιος,
2477 1049 2610 1102 ἀλλά
2637 1047 3003 1120 παραλλάσσει
3026 1044 3213 1100 τούτου
3241 1045 3374 1118 πρὸς
3396 1045 3636 1116 ἄρκτους

2068 1140 2161 1193 καὶ
2195 1139 2329 1210 πρὸς
2364 1137 2728 1209 μεσημϐρίαν,
2764 1135 2839 1198 ὡς
2870 1135 3022 1205 καὶὴ
3071 1133 3266 1203 σελήνη
3291 1147 3303 1159 ·
3338 1130 3514 1200 δῆλον,
3549 1128 3635 1182 ὅτι

2068 1232 2160 1284 καὶ
2187 1232 2220 1300 ἡ
2254 1229 2359 1283 ἀπὸ
2388 1229 2487 1298 τῆς
2529 1229 2629 1299 γῆς
2659 1227 2786 1281 σκιά
2811 1225 3008 1298 ὁμοίως
3035 1227 3216 1287 αὐτοῖς
3239 1221 3630 1295 παραλλάσσει.

2066 1321 2265 1376 Τούτου
2301 1322 2357 1375 δὲ
2383 1320 2688 1391 γινομένου,
2713 1319 2817 1395 ἔδει
2845 1319 2943 1382 τάς
2978 1318 3076 1388 τῆς
3106 1316 3332 1388 σελήνης
3362 1313 3636 1386 ἐκλείψεις

2066 1414 2200 1467 πολὺ
2254 1414 2539 1483 διαφωνεῖν
2593 1413 2728 1483 πρὸς
2767 1411 2866 1475 τὰς
2912 1409 3349 1479 συντασσομένας
3387 1407 3491 1459 ὑπὸ
3523 1404 3635 1458 τῶν

2065 1507 2403 1580 ἀστρολόγων
2428 1505 2756 1582 προρρήσεις
2780 1521 2793 1534 ·
2829 1501 3229 1572 ὑποτιθεμένων
3259 1499 3322 1570 δὴ
3355 1499 3534 1552 αὐτῶν
3571 1499 3636 1549 ὲν

2063 1602 2182 1662 ταῖς
2209 1597 2610 1670 πραγματείαις
2639 1596 2700 1650 τὺ
2733 1594 2893 1665 μέσον
2924 1593 3024 1662 τῆς
3056 1593 3212 1665 σκιᾶς
3244 1587 3502 1662 φέρεσθαι
3540 1590 3636 1642 ἐπὶ

2064 1689 2157 1742 τοῦ
2184 1687 2271 1742 διὰ
2304 1689 2482 1759 μέσων
2510 1686 2616 1740 τῶν
2642 1685 2844 1750 ζωδίων
2873 1684 3090 1738 κύκλου.
3119 1684 3192 1735 υύ
3220 1680 3544 1750 διαφωνοῦσι
3573 1679 3636 1732 δὲ

2067 1779 2226 1833 πλέον
2256 1780 2290 1851 ἢ
2324 1778 2604 1840 δακτύλοις
2644 1777 2784 1841 δυσὶ,
2841 1775 3079 1837 σπανίως
3123 1773 3180 1826 δὲ
3224 1773 3431 1844 σφόδρα
3476 1770 3634 1835 ποτὲ,

2070 1873 2206 1943 πρὸς
2245 1872 2340 1935 τὰς
2375 1871 2704 1943 χαριέστατα
2750 1866 3179 1936 συντεταγμένας
3228 1862 3632 1936 πραγματείας.

2070 1963 2142 2016 Τό
2169 1980 2232 2030 γε
2272 1961 2374 2032 μὴν
2402 1961 2577 2029 λέγειν
2610 1958 2925 2029 τηλικοῦτον
2955 1957 3154 2021 πλάτος
3194 1950 3338 2028 ἔχειν
3371 1953 3465 2008 καί¹
3505 1952 3635 2014 τοὺς

2069 2050 2297 2114 κύκλους
2331 2049 2444 2103 ἴσον
2472 2051 2589 2102 ἐστὶ
2615 2048 2694 2118 τῷ
2722 2045 2980 2109 ἀπλατεῖς
3018 2047 3212 2108 αὐτοὺς
3245 2039 3592 2097 ὑποτίθεσθαι
3613 2056 3628 2069 ·

2069 2143 2234 2214 χωρὶς
2265 2141 2356 2195 τοῦ
2385 2142 2477 2194 καὶ
2499 2138 2628 2193 αὐτὸ
2650 2136 2807 2190 τοῦτο
2828 2136 3018 2207 ἄδηλον
3040 2131 3198 2201 εἶναι,
3229 2135 3452 2202 πότερον
3481 2130 3631 2201 παρὰ

2068 2235 2168 2305 τὴν
2205 2234 2298 2287 τοῦ
2329 2232 2482 2304 ἡλίου
2532 2231 2744 2300 κίνησιν
2776 2229 2808 2299 ἢ
2847 2226 2996 2299 παρὰ
3033 2229 3132 2299 τὴν
3165 2227 3265 2297 τῆς
3306 2225 3537 2294 σελήνης
3561 2222 3633 2275 τά

2073 2325 2272 2397 μεγέθη
2300 2324 2406 2377 τῶν
2431 2323 2530 2392 τῆς
2559 2322 2785 2391 σελήνης
2811 2319 3099 2389 ἐκλείψεων
3129 2318 3220 2371 ἐπὶ
3246 2315 3495 2370 τοσοῦτον
3521 2313 3634 2367 δια-

2071 2419 2251 2488 φωνεῖ.
2282 2417 2507 2467 Ἔπειτα
2537 2413 2663 2475 τοὺς
2689 2414 2979 2484 τροπικοὺς
3011 2411 3168 2482 μόνον
3195 2408 3282 2461 διὰ
3307 2407 3465 2460 τοῦτο
3498 2406 3636 2460 πλα-

2068 2511 2179 2572 τεῖς
2207 2509 2235 2560 ὅ
2271 2524 2331 2559 τε
2364 2507 2594 2577 ’Ἄρατος
2636 2504 2786 2572 ἔλεγε
2833 2503 2927 2556 καὶ
2963 2502 3013 2554 οἱ
3047 2499 3410 2571 μαθηματικοὶ
3453 2495 3633 2550 ὑπετί-

2070 2599 2250 2653 θεντο·
2279 2598 2370 2651 τὸν
2397 2597 2454 2650 δὲ
2488 2595 2792 2667 ἰσημερινὸν
2837 2592 2935 2646 οὐκ
2967 2591 3064 2644 ἔτι.
3101 2589 3339 2643 Καθόλου
3378 2605 3436 2641 τε
3477 2583 3631 2656 οἶμαι

2067 2685 2191 2748 τοὺς
2224 2683 2635 2755 μαθηματικοὺς
2668 2683 2910 2744 ἅπαντας
2939 2681 3064 2744 τοὺς
3091 2678 3410 2750 εἰρημένους
3453 2676 3632 2730 ἀπλαυ

2067 2778 2180 2840 τεῖς
2207 2775 2550 2829 ὑποτίθεσθαι
2576 2775 2700 2839 τοὺς
2728 2773 3039 2845 τροπικοῦς,
3063 2771 3156 2826 καὶ
3179 2771 3270 2824 τὸν
3298 2766 3630 2840 ἰσημερινὸν,

2069 2867 2278 2921 καὶτὸν
2322 2868 2408 2921 ἀεὶ
2437 2867 2687 2938 φανερὸν,
2725 2866 2817 2919 καὶ
2857 2865 2947 2918 τὸν
2985 2864 3071 2916 ἀεὶ
3099 2861 3299 2932 ἀφανῆ.
3347 2860 3480 2914 Οὐδὲ
3523 2859 3633 2928 γάρ

2069 2960 2351 3030 ἐπινοῆσαι
2381 2961 2599 3014 δυνατόν
2639 2961 2754 3011 ἐστι
2794 2957 3012 3019 τούτους
3055 2956 3255 3017 πλάτος
3283 2953 3522 3024 ἔχοντας.
3559 2951 3631 3004 To

2067 3052 2174 3124 γάρ
2209 3051 2334 3105 ἴδιον
2371 3051 2599 3105 ἑκάστου
2625 3047 2946 3122 περινοητὴν
2979 3048 3024 3079 ⁸ο
3064 3046 3157 3100 καὶ
3202 3044 3415 3114 ἀπλατῆ
3450 3060 3631 3114 γραμ-

2072 3144 2178 3216 μὴν
2209 3143 2329 3214 ἔχον
2372 3142 2690 3216 θεωρεῖσθαι
2730 3139 3092 3210 συμϐέϐηκεν.
3121 3138 3240 3190 Ἔτι
3281 3135 3336 3190 δὲ
3370 3135 3464 3188 καὶ
3499 3135 3629 3187 ὅταν

1991 3199 2031 3256 C
2065 3199 2270 3302 λέγωσῖ
2309 3233 2398 3286 τὸν
2431 3199 2740 3304 ἰσημερινὸν
2769 3199 2862 3283 καὶ
2904 3199 2994 3281 τὸν
3023 3227 3282 3292 ζωδιακὸν
3321 3225 3430 3278 τῶν
3476 3223 3627 3296 μεγί-

2066 3341 2203 3377 στων
2230 3317 2366 3376 εἶναι
2396 3325 2454 3375 tv
2488 3325 2553 3394 τῇ
2588 3321 2790 3392 σφαίρᾳ
2831 3319 3063 3383 κύκλων,
3107 3319 3199 3372 καὶ
3230 3315 3626 3388 διχοτομεῖσθαι

2063 3416 2161 3488 τὴν
2196 3418 2427 3486 σφαῖραν
2461 3413 2548 3482 ὑφ’
2587 3411 2849 3482 ἑκατέρου
2879 3410 3075 3473 αὐτῶν,
3109 3414 3202 3462 καὶ
3233 3408 3291 3461 τὸ
3334 3407 3465 3460 αύτὺ
3503 3406 3626 3460 κέν·

2064 3525 2190 3579 τρον
2215 3505 2310 3559 τοῦ
2344 3501 2631 3570 ζωδιακοῦ,
2658 3502 2754 3556 καὶ
2781 3500 2874 3554 τοῦ
2908 3500 3243 3573 ίσημερινοῦ,
3275 3498 3369 3551 καὶ
3396 3496 3490 3550 τοῦ
3515 3497 3628 3568 ὁρί-

2065 3599 2266 3664 ζοντος,
2294 3598 2387 3650 καὶ
2432 3596 2525 3649 τοῦ
2563 3593 2954 3667 μεσημϐρινοῦ,
2981 3592 3075 3646 καὶ
3097 3590 3188 3644 τὸν
3215 3589 3474 3653 ζωδιακὸν
3495 3588 3628 3656 ἐφά-

2066 3691 2293 3745 πτεσθαι
2340 3689 2448 3742 τῶν
2494 3689 2767 3761 τροπικῶν
2810 3687 2931 3740 καθ’
2969 3685 3026 3739 tv
3071 3686 3325 3755 σημεῖονο
3360 3681 3456 3735 καὶ
3495 3681 3626 3735 ἄλλα

2066 3784 2281 3838 πλείονα
2325 3781 2575 3836 τοιαῦτα·
2609 3781 2863 3842 ἀπλατεῖς
2918 3777 3110 3840 αὐτοὺς
3153 3777 3246 3830 καὶ
3290 3775 3380 3828 διὰ
3421 3773 3628 3828 τούτων

2069 3875 2436 3947 σημαίνουσιν.
2472 3873 2632 3926 Οὐδὲν
2665 3871 2772 3942 γάρ
2796 3871 2902 3923 τῶν
2932 3867 3339 3940 προειρημένων
3364 3864 3534 3933 ὑγιῶς
3563 3864 3628 3916 ἂν

2066 3968 2289 4035 λέγοιτο,
2319 3966 2377 4019 τὸ
2404 3964 2602 4027 πλάτος
2630 3962 2805 4016 αὐτῶν
2828 3960 3056 4031 ἐχόντων
3079 3975 3094 3988 °
3125 3956 3410 4029 ίσημερίαν
3437 3972 3498 4009 τε
3529 3955 3626 4008 οὐκ

2067 4059 2132 4113 ἂν
2166 4063 2222 4112 ὲν
2256 4059 2352 4130 μιᾷ
2384 4055 2562 4130 ἡμέρᾳ
2595 4051 2746 4126 ἦγεν,
2781 4053 2893 4111 ἀλλ’
2928 4055 2984 4107 tv
3017 4052 3246 4104 πλείοσι.
3290 4049 3400 4103 Καὶ
3445 4048 3554 4118 γάρ
3598 4049 3626 4100 ὀ

2064 4151 2213 4221 ἥλιος
2235 4149 2480 4211 πλείονας
2512 4148 2578 4201 ἂν
2600 4147 2698 4218 τῆς
2727 4148 2856 4216 μιᾶς
2892 4145 3101 4216 ἡμέρας
3129 4145 3184 4196 tv
3215 4140 3294 4212 τῷ
3331 4137 3627 4214 ἰσημερινῷ

2065 4245 2316 4306 ἐποιεῖτο,
2353 4239 2550 4304 πλάτος
2584 4257 2646 4308 γε
2671 4240 2734 4308 δὴ
2765 4239 2977 4308 ἔχοντος
3008 4235 3194 4290 αὐτού.
3226 4236 3307 4287 Τά
3329 4251 3389 4286 τε
3418 4247 3627 4301 γνωμο-

2064 4329 2188 4384 νικά
2216 4329 2542 4400 θεωρήματα
2574 4329 2748 4382 πάντα
2775 4329 3091 4398 γράφουσιν,
3123 4325 3380 4386 ἀπλατεῖς
3421 4323 3626 4384 πάντας

2063 4424 2188 4485 τοὺς
2214 4421 2444 4484 κύκλους
2484 4419 2890 4489 ὑποτιθέμενοι·
2924 4419 2999 4482 ὼς
3033 4417 3097 4470 ἂν
3129 4416 3238 4475 τῶν
3269 4415 3367 4485 μὲν
3400 4414 3506 4468 ὑπὸ
3533 4411 3623 4466 τοῦ

399 4514 521 4572 esse
544 4502 772 4568 nullum,
804 4520 927 4558 cum
959 4508 1156 4576 partim
1188 4508 1256 4561 ab
1283 4507 1402 4577 ipso
1424 4517 1614 4564 centro
1643 4507 1798 4571 solis,
1836 4523 1961 4578 par-

2066 4513 2286 4584 κέντρου
2308 4510 2401 4565 τοῦ
2424 4511 2571 4582 ἡλίου
2598 4509 2975 4580 γραφομένων,
3009 4507 3117 4561 τῶν
3149 4507 3205 4560 δὲ
3236 4505 3340 4573 ύπδ
3367 4505 3468 4576 τῆς
3489 4506 3624 4575 ἡμε-

399 4590 493 4642 Iim
539 4591 607 4644 ab
649 4595 810 4648 oculo
849 4595 1250 4651 describantur.
1290 4598 1514 4652 Aratum
1543 4615 1692 4664 vero,
1736 4600 1961 4670 perinde

398 4699 462 4754 ac
488 4684 919 4764 mathematicos,
955 4689 1092 4742 citra
1137 4691 1474 4745 latitudinem
1520 4691 1684 4744 ullam
1725 4691 1960 4747 circulos

399 4777 534 4837 istos
575 4778 880 4848 concipere,
941 4795 1003 4833 ex
1051 4796 1116 4834 eo
1166 4781 1343 4851 quivis
1388 4781 1664 4852 intelliget,
1707 4783 1850 4852 quod
1893 4781 1959 4837 de

394 4877 669 4936 aequatore
702 4868 924 4938 scripsit
958 4891 968 4924 :

437 5001 502 5074 (η
537 5019 597 5074 eo
635 5019 752 5056 vero
775 5003 886 5056 dies
908 5003 1146 5058 noctibus
1179 5005 1404 5074 a’quales
1430 5016 1550 5058 sunt
1578 5005 1810 5073 utrisque

435 5072 714 5128 Desineute
743 5082 925 5127 0:51am
943 5111 959 5140 ,
988 5075 1064 5131 vel
1086 5072 1292 5128 ineunte
1319 5091 1451 5128 rere.

464 5205 598 5262 Nam
634 5208 831 5280 alioqui
867 5225 973 5269 non
1021 5210 1073 5263 in
1117 5226 1285 5265 unum
1321 5209 1586 5264 duntaxat
1625 5209 1766 5264 diem
1808 5223 1953 5269 vere,

396 5305 786 5367 autumnoque,
823 5299 917 5352 sed
953 5301 1006 5352 in
1041 5301 1223 5369 plures
1251 5301 1636 5366 aequinoctium
1688 5299 1954 5364 redderet,

397 5389 443 5442 si
487 5389 824 5444 latitudinem
864 5389 1106 5453 haberet.
1141 5391 1366 5466 Constat
1400 5391 1525 5468 item
1550 5406 1613 5444 ex
1643 5390 1716 5460 iis,
1745 5405 1864 5465 qua:
1893 5389 1959 5444 de

401 5480 606 5548 tropico
634 5481 782 5536 canit
812 5499 824 5532 :

486 5695 530 5724 ⁸ο
569 5694 690 5763 Reg.
744 5698 1137 5766 περινοητικήν.
1215 5697 1259 5744 δὲ
1293 5715 1381 5764 γρ.
1419 5695 1509 5748 τοῦ
1535 5714 1581 5750 τ.

2066 4608 2227 4678 τέρας
2259 4605 2448 4675 ὄψεως.
2479 4605 2598 4656 ’Ὁτι
2623 4603 2676 4655 δὲ
2705 4602 2797 4656 καὶ
2827 4603 3055 4674 Ἄρατος
3086 4602 3198 4662 τοῖς
3233 4598 3624 4670 μαθηματικοῖς

2066 4697 2370 4760 ἀκολούθως
2401 4696 2658 4758 ἀπλατεῖς
2705 4694 2899 4757 αὐτοὺς
2931 4695 3040 4746 νοεῖ
3072 4692 3427 4761 ὑπάρχοντας,
3469 4687 3625 4758 μάθοι

2066 4791 2130 4845 ἄν
2156 4806 2238 4853 τις
2263 4788 2328 4853 ἐκ
2349 4806 2407 4844 τε
2431 4787 2524 4840 τοῦ
2553 4786 2682 4857 περὶ
2711 4783 2804 4837 τοῦ
2840 4781 3149 4854 ἰσημερινοῦ
3179 4781 3354 4849 λέγειν
3371 4797 3395 4837 ⁸,

2077 5005 2177 5057 Ἑν
2203 5002 2272 5056 δέ
2298 5004 2350 5054 οἱ
2381 5000 2575 5069 ἤματα
2603 4997 2782 5062 νυξὶν
2807 5000 3097 5069 ὶσαίνεται
3117 4995 3524 5069 ἀμφοτέρῃσιν

2064 5073 2382 5138 «Mirm-tog
2408 5066 2639 5139 Ὁέρεος,
2667 5070 2798 5122 τότε
2821 5068 2863 5099 ⁸¹
2889 5069 2941 5120 δ’
2973 5067 3171 5136 εἴαρος
3192 5066 3550 5136 ἱσταμένοιο.

2064 5207 2136 5257 Ού
2179 5207 2294 5277 γὰρ,
2321 5207 2412 5258 ἐπὶ
2458 5205 2583 5275 μίαν
2617 5205 2776 5273 μόνον
2817 5203 3030 5275 ἡμέραν
3083 5203 3367 5274 ἰσημερίαν
3402 5198 3536 5272 ἦγεν
3568 5203 3622 5257 ἓν

2062 5313 2120 5348 τε
2161 5295 2237 5366 τῷ
2286 5295 2406 5367 ἔαρι
2446 5297 2538 5350 καὶ
2582 5295 2660 5366 τῷ
2700 5293 3045 5365 φθινοπώρῳ,
3094 5293 3228 5348 ἀλλά
3270 5294 3538 5361 πλείονας,
3575 5298 3619 5348 εί

2062 5389 2262 5452 πλάτος
2310 5385 2440 5460 εἶχε.
2491 5388 2600 5442 Καὶ
2648 5387 2808 5440 πάλιν
2855 5389 2918 5440 ὲκ
2960 5384 3053 5438 τοῦ
3101 5386 3195 5439 ἐπὶ
3235 5384 3326 5440 τοῦ
3364 5387 3618 5458 τροπικοῦ

2065 5496 2238 5546 Λεγειν
2265 5496 2278 5510 ’
