  <div class='ocr_page' id='page_1' title='image "/cluster/home/n/w/nwhite01/storage/ocr_20150623/19/mdp.39015061293422/532.png"; bbox 0 0 3928 6266; ppageno 0'>
   <div class='ocr_carea' id='block_1_1' title="bbox 231 396 372 453">
    <p class='ocr_par' dir='ltr' id='par_1_1' title="bbox 231 396 372 453">
     <span class='ocr_line' id='line_1_1' title="bbox 231 396 372 453; baseline 0 -2"><span class='ocrx_word' id='word_1_1' title='bbox 231 396 372 453; x_wconf 68' lang='grc'><strong>1049</strong></span> 
     </span>
    </p>
   </div>
   <div class='ocr_carea' id='block_1_2' title="bbox 229 517 1791 653">
    <p class='ocr_par' dir='ltr' id='par_1_2' title="bbox 229 517 1791 653">
     <span class='ocr_line' id='line_1_2' title="bbox 240 517 1791 583; baseline -0.008 -13"><span class='ocrx_word' id='word_1_2' title='bbox 240 517 351 570; x_wconf 83' lang='grc' dir='ltr'><strong>τοῦ</strong></span> <span class='ocrx_word' id='word_1_3' title='bbox 378 517 496 583; x_wconf 78' lang='grc' dir='ltr'><em>μὲν</em></span> <span class='ocrx_word' id='word_1_4' title='bbox 529 517 680 567; x_wconf 80' lang='grc' dir='ltr'><em>ὅσον</em></span> <span class='ocrx_word' id='word_1_5' title='bbox 725 527 787 565; x_wconf 86' lang='grc' dir='ltr'><strong>τε</strong></span> <span class='ocrx_word' id='word_1_6' title='bbox 832 517 1098 579; x_wconf 76' lang='grc' dir='ltr'><em>μάλιστα</em></span> <span class='ocrx_word' id='word_1_7' title='bbox 1129 517 1202 563; x_wconf 78' lang='grc' dir='ltr'><em>δι’</em></span> <span class='ocrx_word' id='word_1_8' title='bbox 1235 517 1384 562; x_wconf 78' lang='grc' dir='ltr'><em>ὀκτὼ</em></span> <span class='ocrx_word' id='word_1_9' title='bbox 1406 517 1791 577; x_wconf 79' lang='grc' dir='ltr'><em>μετρηθέντος</em></span> 
     </span>
     <span class='ocr_line' id='line_1_3' title="bbox 229 578 1791 653; baseline -0.008 -13"><span class='ocrx_word' id='word_1_10' title='bbox 229 583 421 639; x_wconf 60' lang='lat' dir='ltr'><strong>11mg</strong></span> <span class='ocrx_word' id='word_1_11' title='bbox 449 583 569 653; x_wconf 83' lang='grc' dir='ltr'><em>μὲν</em></span> <span class='ocrx_word' id='word_1_12' title='bbox 597 581 765 636; x_wconf 76' lang='grc' dir='ltr'><em>ἐνδια</em></span> <span class='ocrx_word' id='word_1_13' title='bbox 787 580 1100 648; x_wconf 71' lang='grc' dir='ltr'><strong>στρέφεται</strong></span> <span class='ocrx_word' id='word_1_14' title='bbox 1145 580 1242 633; x_wconf 78' lang='grc' dir='ltr'><em>καὶ</em></span> <span class='ocrx_word' id='word_1_15' title='bbox 1275 578 1564 646; x_wconf 79' lang='grc' dir='ltr'><strong>ὑπέρτερα</strong></span> <span class='ocrx_word' id='word_1_16' title='bbox 1601 579 1791 645; x_wconf 71' lang='grc' dir='ltr'><em>γαίης,</em></span> 
     </span>
    </p>
   </div>
   <div class='ocr_carea' id='block_1_3' title="bbox 241 711 925 785">
    <p class='ocr_par' dir='ltr' id='par_1_3' title="bbox 241 711 925 785">
     <span class='ocr_line' id='line_1_4' title="bbox 241 711 925 785; baseline -0.009 -16"><span class='ocrx_word' id='word_1_17' title='bbox 241 715 319 770; x_wconf 81' lang='grc' dir='ltr'><em>Τὰ</em></span> <span class='ocrx_word' id='word_1_18' title='bbox 346 716 480 785; x_wconf 83' lang='grc' dir='ltr'><em>τρία</em></span> <span class='ocrx_word' id='word_1_19' title='bbox 509 714 559 767; x_wconf 77' lang='grc' dir='ltr'><em>δ’</em></span> <span class='ocrx_word' id='word_1_20' title='bbox 584 715 652 766; x_wconf 78' lang='grc' dir='ltr'><em>ἐν</em></span> <span class='ocrx_word' id='word_1_21' title='bbox 680 711 925 780; x_wconf 78' lang='grc' dir='ltr'><strong>περάτῃ.</strong></span> 
     </span>
    </p>
   </div>
   <div class='ocr_carea' id='block_1_4' title="bbox 235 819 1797 898">
    <p class='ocr_par' dir='ltr' id='par_1_4' title="bbox 235 819 1797 898">
     <span class='ocr_line' id='line_1_5' title="bbox 235 819 1797 898; baseline -0.006 -17"><span class='ocrx_word' id='word_1_22' title='bbox 235 828 447 892; x_wconf 57' lang='lat' dir='ltr'><strong>nam;</strong></span> <span class='ocrx_word' id='word_1_23' title='bbox 473 827 580 898; x_wconf 83' lang='grc' dir='ltr'><strong>γὰρ</strong></span> <span class='ocrx_word' id='word_1_24' title='bbox 599 827 808 896; x_wconf 77' lang='grc' dir='ltr'><em>ἔχοντος</em></span> <span class='ocrx_word' id='word_1_25' title='bbox 831 823 1013 885; x_wconf 77' lang='grc' dir='ltr'><em>αὐτοῦ,</em></span> <span class='ocrx_word' id='word_1_26' title='bbox 1037 824 1128 877; x_wconf 71' lang='grc' dir='ltr'><em>καὶ</em></span> <span class='ocrx_word' id='word_1_27' title='bbox 1155 821 1506 894; x_wconf 81' lang='grc' dir='ltr'><strong>διαιρεθέντος</strong></span> <span class='ocrx_word' id='word_1_28' title='bbox 1530 822 1607 883; x_wconf 82' lang='grc' dir='ltr'><em>εἰς</em></span> <span class='ocrx_word' id='word_1_29' title='bbox 1633 819 1797 884; x_wconf 85' lang='grc' dir='ltr'><em>ὀκτὼ,</em></span> 
     </span>
    </p>
   </div>
   <div class='ocr_carea' id='block_1_5' title="bbox 232 911 1800 988">
    <p class='ocr_par' dir='ltr' id='par_1_5' title="bbox 232 911 1800 988">
     <span class='ocr_line' id='line_1_6' title="bbox 232 911 1800 988; baseline -0.006 -16"><span class='ocrx_word' id='word_1_30' title='bbox 232 919 460 972; x_wconf 77' lang='grc' dir='ltr'><em>δυνατὸν</em></span> <span class='ocrx_word' id='word_1_31' title='bbox 487 917 622 972; x_wconf 71' lang='grc' dir='ltr'><em>εἶναι</em></span> <span class='ocrx_word' id='word_1_32' title='bbox 653 919 748 972; x_wconf 84' lang='grc' dir='ltr'><em>ὅλα</em></span> <span class='ocrx_word' id='word_1_33' title='bbox 775 919 1036 988; x_wconf 79' lang='grc' dir='ltr'><strong>τμήματα</strong></span> <span class='ocrx_word' id='word_1_34' title='bbox 1056 917 1165 970; x_wconf 86' lang='grc' dir='ltr'><em>ἄνω</em></span> <span class='ocrx_word' id='word_1_35' title='bbox 1189 932 1248 967; x_wconf 87' lang='grc' dir='ltr'><strong>τε</strong></span> <span class='ocrx_word' id='word_1_36' title='bbox 1270 913 1364 968; x_wconf 69' lang='grc' dir='ltr'><em>καὶ</em></span> <span class='ocrx_word' id='word_1_37' title='bbox 1388 912 1537 965; x_wconf 87' lang='grc' dir='ltr'><em>κάτω</em></span> <span class='ocrx_word' id='word_1_38' title='bbox 1564 911 1800 980; x_wconf 79' lang='grc' dir='ltr'><em>ἐγκεκλι-</em></span> 
     </span>
    </p>
   </div>
   <div class='ocr_carea' id='block_1_6' title="bbox 1233 385 2447 447">
    <p class='ocr_par' dir='ltr' id='par_1_6' title="bbox 1233 385 2447 447">
     <span class='ocr_line' id='line_1_7' title="bbox 1233 385 2447 447; baseline -0.006 -1"><span class='ocrx_word' id='word_1_39' title='bbox 1233 391 1596 447; x_wconf 81' lang='lat' dir='ltr'><strong>HlPPARCHI</strong></span> <span class='ocrx_word' id='word_1_40' title='bbox 1633 389 1724 444; x_wconf 85' lang='lat' dir='ltr'><strong>AD</strong></span> <span class='ocrx_word' id='word_1_41' title='bbox 1762 385 2200 442; x_wconf 74' lang='grc' dir='ltr'><strong>ΡΠΑΞΝΟΜΕΝᾹ</strong></span> <span class='ocrx_word' id='word_1_42' title='bbox 2242 385 2370 440; x_wconf 81' lang='lat' dir='ltr'><strong>LIB.</strong></span> <span class='ocrx_word' id='word_1_43' title='bbox 2410 385 2447 439; x_wconf 92' lang='grc' dir='ltr'><em>Ι.</em></span> 
     </span>
    </p>
   </div>
   <div class='ocr_carea' id='block_1_7' title="bbox 529 499 1794 579">
    <p class='ocr_par' dir='ltr' id='par_1_7' title="bbox 529 506 1794 579">
     <span class='ocr_line' id='line_1_8' title="bbox 529 506 1794 579; baseline -0.007 -12"><span class='ocrx_word' id='word_1_44' title='bbox 529 512 680 567; x_wconf 81' lang='grc' dir='ltr'><em>ὅσον</em></span> <span class='ocrx_word' id='word_1_45' title='bbox 725 527 787 565; x_wconf 86' lang='grc' dir='ltr'><strong>τε</strong></span> <span class='ocrx_word' id='word_1_46' title='bbox 832 509 1098 579; x_wconf 80' lang='grc' dir='ltr'><em>μάλιστα</em></span> <span class='ocrx_word' id='word_1_47' title='bbox 1129 509 1202 563; x_wconf 84' lang='grc' dir='ltr'><em>δι’</em></span> <span class='ocrx_word' id='word_1_48' title='bbox 1235 509 1387 579; x_wconf 82' lang='grc' dir='ltr'><em>ὀκτὼ</em></span> <span class='ocrx_word' id='word_1_49' title='bbox 1406 506 1794 577; x_wconf 78' lang='grc' dir='ltr'><em>μετρηθέντος</em></span> 
     </span>
    </p>
   </div>
   <div class='ocr_carea' id='block_1_8' title="bbox 1917 499 3247 579">
    <p class='ocr_par' dir='ltr' id='par_1_8' title="bbox 1917 499 3247 579">
     <span class='ocr_line' id='line_1_9' title="bbox 1917 499 3247 579; baseline 0 -26"><span class='ocrx_word' id='word_1_50' title='bbox 1917 500 2020 579; x_wconf 65' lang='grc' dir='ltr'><strong>ῌος</strong></span> <span class='ocrx_word' id='word_1_51' title='bbox 2049 500 2254 579; x_wconf 75' lang='lat' dir='ltr'><strong>quidem</strong></span> <span class='ocrx_word' id='word_1_52' title='bbox 2268 501 2336 579; x_wconf 68' lang='lat' dir='ltr'><strong>in</strong></span> <span class='ocrx_word' id='word_1_53' title='bbox 2363 509 2530 579; x_wconf 78' lang='lat' dir='ltr'><strong>t_otum</strong></span> <span class='ocrx_word' id='word_1_54' title='bbox 2553 514 2644 579; x_wconf 76' lang='lat' dir='ltr'><strong>per</strong></span> <span class='ocrx_word' id='word_1_55' title='bbox 2669 507 2782 579; x_wconf 70' lang='lat' dir='ltr'><strong>octo</strong></span> <span class='ocrx_word' id='word_1_56' title='bbox 2811 509 2986 579; x_wconf 74' lang='lat' dir='ltr'><strong>partes</strong></span> <span class='ocrx_word' id='word_1_57' title='bbox 3015 499 3247 554; x_wconf 83' lang='lat' dir='ltr'><strong>dimenso</strong></span> 
     </span>
    </p>
   </div>
   <div class='ocr_carea' id='block_1_9' title="bbox 3325 383 3456 438">
    <p class='ocr_par' dir='ltr' id='par_1_9' title="bbox 3325 383 3456 438">
     <span class='ocr_line' id='line_1_10' title="bbox 3325 383 3456 438; baseline 0 -2"><span class='ocrx_word' id='word_1_58' title='bbox 3325 385 3340 436; x_wconf 84' lang='lat' dir='ltr'><strong>l</strong></span> <span class='ocrx_word' id='word_1_59' title='bbox 3351 383 3456 438; x_wconf 64' lang='grc' dir='ltr'><em>εει)</em></span> 
     </span>
    </p>
   </div>
   <div class='ocr_carea' id='block_1_10' title="bbox 1904 568 3455 639">
    <p class='ocr_par' dir='ltr' id='par_1_10' title="bbox 1904 568 3455 639">
     <span class='ocr_line' id='line_1_11' title="bbox 1904 568 3455 639; baseline 0 -16"><span class='ocrx_word' id='word_1_60' title='bbox 1904 568 2141 639; x_wconf 86' lang='lat' dir='ltr'><strong>Quinque</strong></span> <span class='ocrx_word' id='word_1_61' title='bbox 2175 570 2237 624; x_wconf 89' lang='lat' dir='ltr'><strong>de</strong></span> <span class='ocrx_word' id='word_1_62' title='bbox 2258 571 2339 623; x_wconf 77' lang='lat' dir='ltr'><strong>Itis</strong></span> <span class='ocrx_word' id='word_1_63' title='bbox 2371 569 2425 624; x_wconf 86' lang='lat' dir='ltr'><strong>in</strong></span> <span class='ocrx_word' id='word_1_64' title='bbox 2450 569 2706 637; x_wconf 76' lang='lat' dir='ltr'><strong>superiori</strong></span> <span class='ocrx_word' id='word_1_65' title='bbox 2730 577 2878 634; x_wconf 88' lang='lat' dir='ltr'><strong>parte</strong></span> <span class='ocrx_word' id='word_1_66' title='bbox 2900 568 3188 639; x_wconf 82' lang='lat' dir='ltr'><strong>volvuntur,</strong></span> <span class='ocrx_word' id='word_1_67' title='bbox 3212 586 3274 622; x_wconf 90' lang='lat' dir='ltr'><strong>ac</strong></span> <span class='ocrx_word' id='word_1_68' title='bbox 3293 587 3455 636; x_wconf 83' lang='lat' dir='ltr'><strong>supra</strong></span> 
     </span>
    </p>
   </div>
   <div class='ocr_carea' id='block_1_11' title="bbox 3116 638 3380 711">
    <p class='ocr_par' dir='ltr' id='par_1_11' title="bbox 3116 638 3380 711">
     <span class='ocr_line' id='line_1_12' title="bbox 3116 638 3380 711; baseline 0 -20"><span class='ocrx_word' id='word_1_69' title='bbox 3116 638 3334 711; x_wconf 77' lang='lat' dir='ltr'><strong>[terram</strong></span> <span class='ocrx_word' id='word_1_70' title='bbox 3362 655 3380 704; x_wconf 85' lang='lat'><strong>;</strong></span> 
     </span>
    </p>
   </div>
   <div class='ocr_carea' id='block_1_12' title="bbox 1900 708 2553 777">
    <p class='ocr_par' dir='ltr' id='par_1_12' title="bbox 1900 708 2553 777">
     <span class='ocr_line' id='line_1_13' title="bbox 1900 708 2553 777; baseline -0.005 -14"><span class='ocrx_word' id='word_1_71' title='bbox 1900 708 2025 763; x_wconf 85' lang='lat' dir='ltr'><strong>Tres</strong></span> <span class='ocrx_word' id='word_1_72' title='bbox 2054 719 2228 763; x_wconf 88' lang='lat' dir='ltr'><strong>autem</strong></span> <span class='ocrx_word' id='word_1_73' title='bbox 2264 710 2318 761; x_wconf 91' lang='lat' dir='ltr'><strong>in</strong></span> <span class='ocrx_word' id='word_1_74' title='bbox 2350 709 2553 777; x_wconf 83' lang='lat' dir='ltr'><strong>inﬁma.</strong></span> 
     </span>
    </p>
   </div>
   <div class='ocr_carea' id='block_1_13' title="bbox 1967 818 3455 889">
    <p class='ocr_par' dir='ltr' id='par_1_13' title="bbox 1967 818 3455 889">
     <span class='ocr_line' id='line_1_14' title="bbox 1967 818 3455 889; baseline 0.001 -18"><span class='ocrx_word' id='word_1_75' title='bbox 1967 820 2122 887; x_wconf 86' lang='lat' dir='ltr'><strong>Quod</strong></span> <span class='ocrx_word' id='word_1_76' title='bbox 2167 819 2212 875; x_wconf 88' lang='lat' dir='ltr'><strong>si</strong></span> <span class='ocrx_word' id='word_1_77' title='bbox 2262 819 2490 873; x_wconf 85' lang='lat' dir='ltr'><strong>latitudo</strong></span> <span class='ocrx_word' id='word_1_78' title='bbox 2537 818 2683 872; x_wconf 90' lang='lat' dir='ltr'><strong>illius</strong></span> <span class='ocrx_word' id='word_1_79' title='bbox 2722 826 2866 873; x_wconf 90' lang='lat' dir='ltr'><strong>esset</strong></span> <span class='ocrx_word' id='word_1_80' title='bbox 2909 818 3039 881; x_wconf 91' lang='lat' dir='ltr'><strong>ulla,</strong></span> <span class='ocrx_word' id='word_1_81' title='bbox 3070 825 3124 873; x_wconf 88' lang='lat' dir='ltr'><strong>et</strong></span> <span class='ocrx_word' id='word_1_82' title='bbox 3170 820 3225 872; x_wconf 89' lang='lat' dir='ltr'><strong>in</strong></span> <span class='ocrx_word' id='word_1_83' title='bbox 3274 828 3455 889; x_wconf 86' lang='lat' dir='ltr'><strong>partes</strong></span> 
     </span>
    </p>
   </div>
   <div class='ocr_carea' id='block_1_14' title="bbox 1896 909 3456 980">
    <p class='ocr_par' dir='ltr' id='par_1_14' title="bbox 1896 909 3456 980">
     <span class='ocr_line' id='line_1_15' title="bbox 1896 909 3456 980; baseline -0.002 -15"><span class='ocrx_word' id='word_1_84' title='bbox 1896 922 2020 965; x_wconf 90' lang='lat' dir='ltr'><strong>octo</strong></span> <span class='ocrx_word' id='word_1_85' title='bbox 2059 911 2408 973; x_wconf 90' lang='lat' dir='ltr'><strong>tribueretur,</strong></span> <span class='ocrx_word' id='word_1_86' title='bbox 2465 909 2577 963; x_wconf 79' lang='lat' dir='ltr'><strong>ﬁeri</strong></span> <span class='ocrx_word' id='word_1_87' title='bbox 2630 917 2833 978; x_wconf 87' lang='lat' dir='ltr'><strong>posset,</strong></span> <span class='ocrx_word' id='word_1_88' title='bbox 2894 917 2951 962; x_wconf 92' lang='lat' dir='ltr'><strong>ut</strong></span> <span class='ocrx_word' id='word_1_89' title='bbox 3003 917 3113 964; x_wconf 88' lang='lat' dir='ltr'><strong>tota</strong></span> <span class='ocrx_word' id='word_1_90' title='bbox 3181 919 3456 980; x_wconf 76' lang='lat' dir='ltr'><strong>segmenta</strong></span> 
     </span>
    </p>
   </div>
   <div class='ocr_carea' id='block_1_15' title="bbox 239 1000 1794 1081">
    <p class='ocr_par' dir='ltr' id='par_1_15' title="bbox 239 1000 1794 1081">
     <span class='ocr_line' id='line_1_16' title="bbox 239 1000 1794 1081; baseline -0.008 -17"><span class='ocrx_word' id='word_1_91' title='bbox 239 1011 406 1081; x_wconf 86' lang='grc' dir='ltr'><em>μένου</em></span> <span class='ocrx_word' id='word_1_92' title='bbox 433 1009 527 1063; x_wconf 76' lang='grc' dir='ltr'><em>τοῦ</em></span> <span class='ocrx_word' id='word_1_93' title='bbox 554 1010 779 1079; x_wconf 83' lang='grc' dir='ltr'><em>κόσμου.</em></span> <span class='ocrx_word' id='word_1_94' title='bbox 821 1006 977 1060; x_wconf 81' lang='grc' dir='ltr'><em>Ἀλλά</em></span> <span class='ocrx_word' id='word_1_95' title='bbox 1005 1007 1108 1076; x_wconf 87' lang='grc' dir='ltr'><em>μὴν</em></span> <span class='ocrx_word' id='word_1_96' title='bbox 1137 1006 1231 1058; x_wconf 68' lang='grc' dir='ltr'><em>καὶ</em></span> <span class='ocrx_word' id='word_1_97' title='bbox 1261 1004 1387 1074; x_wconf 70' lang='grc' dir='ltr'><em>περὶ</em></span> <span class='ocrx_word' id='word_1_98' title='bbox 1413 1002 1505 1055; x_wconf 76' lang='grc' dir='ltr'><em>τοῦ</em></span> <span class='ocrx_word' id='word_1_99' title='bbox 1537 1000 1794 1065; x_wconf 80' lang='grc' dir='ltr'><strong>ζωδιακοῦ</strong></span> 
     </span>
    </p>
   </div>
   <div class='ocr_carea' id='block_1_16' title="bbox 1917 1000 3457 1081">
    <p class='ocr_par' dir='ltr' id='par_1_16' title="bbox 1917 1001 3457 1072">
     <span class='ocr_line' id='line_1_17' title="bbox 1917 1001 3457 1072; baseline -0.002 -15"><span class='ocrx_word' id='word_1_100' title='bbox 1917 1003 2074 1057; x_wconf 75' lang='lat' dir='ltr'><strong>&#39;orent</strong></span> <span class='ocrx_word' id='word_1_101' title='bbox 2097 1018 2331 1072; x_wconf 82' lang='lat' dir='ltr'><strong>superne</strong></span> <span class='ocrx_word' id='word_1_102' title='bbox 2359 1001 2690 1070; x_wconf 78' lang='lat' dir='ltr'><strong>inferneque,</strong></span> <span class='ocrx_word' id='word_1_103' title='bbox 2720 1003 3015 1055; x_wconf 77' lang='lat' dir='ltr'><strong>inclinante</strong></span> <span class='ocrx_word' id='word_1_104' title='bbox 3040 1001 3260 1059; x_wconf 84' lang='lat' dir='ltr'><strong>mundo.</strong></span> <span class='ocrx_word' id='word_1_105' title='bbox 3289 1001 3457 1066; x_wconf 83' lang='lat' dir='ltr'><strong>Quin-</strong></span> 
     </span>
    </p>
   </div>
   <div class='ocr_carea' id='block_1_17' title="bbox 235 1100 898 1172">
    <p class='ocr_par' dir='ltr' id='par_1_17' title="bbox 235 1100 898 1172">
     <span class='ocr_line' id='line_1_18' title="bbox 235 1100 898 1172; baseline -0.003 -19"><span class='ocrx_word' id='word_1_106' title='bbox 235 1101 413 1170; x_wconf 80' lang='grc' dir='ltr'><em>λέγων</em></span> <span class='ocrx_word' id='word_1_107' title='bbox 445 1103 531 1156; x_wconf 83' lang='grc' dir='ltr'><strong>ὁτὲ</strong></span> <span class='ocrx_word' id='word_1_108' title='bbox 565 1102 662 1172; x_wconf 79' lang='grc' dir='ltr'><em>μὲν</em></span> <span class='ocrx_word' id='word_1_109' title='bbox 689 1100 860 1163; x_wconf 74' lang='grc' dir='ltr'><em>οὕτως</em></span> <span class='ocrx_word' id='word_1_110' title='bbox 883 1116 898 1130; x_wconf 71' lang='grc' dir='ltr'><strong>ο</strong></span> 
     </span>
    </p>
   </div>
   <div class='ocr_carea' id='block_1_18' title="bbox 241 1205 1796 1284">
    <p class='ocr_par' dir='ltr' id='par_1_18' title="bbox 241 1205 1796 1284">
     <span class='ocr_line' id='line_1_19' title="bbox 241 1205 1796 1284; baseline -0.006 -16"><span class='ocrx_word' id='word_1_111' title='bbox 241 1219 472 1270; x_wconf 88' lang='grc' dir='ltr'><em>Ὅσσον</em></span> <span class='ocrx_word' id='word_1_112' title='bbox 495 1216 544 1269; x_wconf 84' lang='grc' dir='ltr'><em>δ’</em></span> <span class='ocrx_word' id='word_1_113' title='bbox 573 1213 894 1284; x_wconf 71' lang='grc' dir='ltr'><strong>ὀφθαλμοῖο</strong></span> <span class='ocrx_word' id='word_1_114' title='bbox 917 1210 1510 1284; x_wconf 27' lang='grc' dir='ltr'><em>,Βολῆςλάξινοτείνεται</em></span> <span class='ocrx_word' id='word_1_115' title='bbox 1540 1208 1601 1284; x_wconf 40' lang='grc' dir='ltr'><strong>δ’.</strong></span> <span class='ocrx_word' id='word_1_116' title='bbox 1620 1205 1796 1284; x_wconf 62' lang='grc' dir='ltr'><strong>αι’)γὴ,</strong></span> 
     </span>
    </p>
   </div>
   <div class='ocr_carea' id='block_1_19' title="bbox 251 1274 1798 1353">
    <p class='ocr_par' dir='ltr' id='par_1_19' title="bbox 251 1274 1798 1353">
     <span class='ocr_line' id='line_1_20' title="bbox 251 1274 1798 1353; baseline -0.01 -10"><span class='ocrx_word' id='word_1_117' title='bbox 251 1285 495 1352; x_wconf 77' lang='grc' dir='ltr'><em>Ἑξάκις</em></span> <span class='ocrx_word' id='word_1_118' title='bbox 523 1274 824 1351; x_wconf 72' lang='grc' dir='ltr'><em>ἄν’τόσση</em></span> <span class='ocrx_word' id='word_1_119' title='bbox 851 1274 957 1353; x_wconf 70' lang='grc' dir='ltr'><strong>μιν</strong></span> <span class='ocrx_word' id='word_1_120' title='bbox 983 1274 1307 1350; x_wconf 61' lang='grc' dir='ltr'><em>ὐποδράμοι</em></span> <span class='ocrx_word' id='word_1_121' title='bbox 1324 1295 1337 1308; x_wconf 74' lang='grc'><strong><em>⁸</em></strong></span> <span class='ocrx_word' id='word_1_122' title='bbox 1371 1277 1554 1345; x_wconf 84' lang='grc' dir='ltr'><em>αὐτὰρ</em></span> <span class='ocrx_word' id='word_1_123' title='bbox 1577 1274 1798 1341; x_wconf 81' lang='grc' dir='ltr'><strong>ἑκάστη</strong></span> 
     </span>
    </p>
   </div>
   <div class='ocr_carea' id='block_1_20' title="bbox 241 1413 1568 1490">
    <p class='ocr_par' dir='ltr' id='par_1_20' title="bbox 241 1413 1568 1490">
     <span class='ocr_line' id='line_1_21' title="bbox 241 1413 1568 1490; baseline -0.006 -16"><span class='ocrx_word' id='word_1_124' title='bbox 241 1423 372 1488; x_wconf 79' lang='grc' dir='ltr'><strong>ἰση</strong></span> <span class='ocrx_word' id='word_1_125' title='bbox 389 1419 747 1490; x_wconf 81' lang='grc' dir='ltr'><em>μετρηθεῒσα</em></span> <span class='ocrx_word' id='word_1_126' title='bbox 771 1418 890 1473; x_wconf 84' lang='grc' dir='ltr'><strong>δύω</strong></span> <span class='ocrx_word' id='word_1_127' title='bbox 904 1416 1316 1486; x_wconf 72' lang='grc' dir='ltr'><em>περιτέμνεται</em></span> <span class='ocrx_word' id='word_1_128' title='bbox 1342 1413 1531 1482; x_wconf 81' lang='grc' dir='ltr'><em>ἄστρα</em></span> <span class='ocrx_word' id='word_1_129' title='bbox 1554 1430 1568 1445; x_wconf 71' lang='grc' dir='ltr'><strong><em>ο</em></strong></span> 
     </span>
    </p>
   </div>
   <div class='ocr_carea' id='block_1_21' title="bbox 235 1531 634 1595">
    <p class='ocr_par' dir='ltr' id='par_1_21' title="bbox 235 1531 634 1595">
     <span class='ocr_line' id='line_1_22' title="bbox 235 1531 634 1595; baseline -0.005 -8"><span class='ocrx_word' id='word_1_130' title='bbox 235 1534 331 1587; x_wconf 79' lang='grc' dir='ltr'><strong>ὁτὲ</strong></span> <span class='ocrx_word' id='word_1_131' title='bbox 359 1534 418 1586; x_wconf 81' lang='grc' dir='ltr'><em>δὲ</em></span> <span class='ocrx_word' id='word_1_132' title='bbox 443 1531 634 1595; x_wconf 77' lang='grc' dir='ltr'><em>οὕτως·</em></span> 
     </span>
    </p>
   </div>
   <div class='ocr_carea' id='block_1_22' title="bbox 244 1639 1660 1708">
    <p class='ocr_par' dir='ltr' id='par_1_22' title="bbox 244 1639 1660 1708">
     <span class='ocr_line' id='line_1_23' title="bbox 244 1639 1660 1708; baseline -0.006 -7"><span class='ocrx_word' id='word_1_133' title='bbox 244 1645 358 1701; x_wconf 84' lang='grc' dir='ltr'><strong>Τοῦ</strong></span> <span class='ocrx_word' id='word_1_134' title='bbox 386 1645 440 1698; x_wconf 75' lang='grc' dir='ltr'><em>δ’</em></span> <span class='ocrx_word' id='word_1_135' title='bbox 470 1645 662 1699; x_wconf 85' lang='grc' dir='ltr'><em>ὅσσον</em></span> <span class='ocrx_word' id='word_1_136' title='bbox 691 1645 917 1699; x_wconf 75' lang='grc' dir='ltr'><strong>κοίλοιο</strong></span> <span class='ocrx_word' id='word_1_137' title='bbox 949 1643 1075 1697; x_wconf 79' lang='grc' dir='ltr'><em>κατ’</em></span> <span class='ocrx_word' id='word_1_138' title='bbox 1110 1639 1401 1695; x_wconf 81' lang='grc' dir='ltr'><em>Ὠκεανοῖο</em></span> <span class='ocrx_word' id='word_1_139' title='bbox 1431 1639 1660 1708; x_wconf 82' lang='grc' dir='ltr'><strong>δύηται,</strong></span> 
     </span>
    </p>
   </div>
   <div class='ocr_carea' id='block_1_23' title="bbox 244 1777 1733 1852">
    <p class='ocr_par' dir='ltr' id='par_1_23' title="bbox 244 1777 1733 1852">
     <span class='ocr_line' id='line_1_24' title="bbox 244 1777 1733 1852; baseline -0.002 -17"><span class='ocrx_word' id='word_1_140' title='bbox 244 1783 482 1837; x_wconf 78' lang='grc' dir='ltr'><em>Τόσσον</em></span> <span class='ocrx_word' id='word_1_141' title='bbox 507 1783 658 1851; x_wconf 80' lang='grc' dir='ltr'><em>ὑπὲρ</em></span> <span class='ocrx_word' id='word_1_142' title='bbox 688 1783 858 1852; x_wconf 76' lang='grc' dir='ltr'><em>γαίης</em></span> <span class='ocrx_word' id='word_1_143' title='bbox 884 1780 1136 1850; x_wconf 68' lang='grc' dir='ltr'><em>φέρεταιι</em></span> <span class='ocrx_word' id='word_1_144' title='bbox 1167 1779 1332 1848; x_wconf 81' lang='grc' dir='ltr'><em>πάσῃ</em></span> <span class='ocrx_word' id='word_1_145' title='bbox 1359 1778 1410 1832; x_wconf 85' lang='grc' dir='ltr'><em>δ’</em></span> <span class='ocrx_word' id='word_1_146' title='bbox 1437 1778 1533 1832; x_wconf 78' lang='grc' dir='ltr'><strong>ἐπὶ</strong></span> <span class='ocrx_word' id='word_1_147' title='bbox 1561 1777 1733 1833; x_wconf 75' lang='grc' dir='ltr'><em>νυκτὶ</em></span> 
     </span>
    </p>
   </div>
   <div class='ocr_carea' id='block_1_24' title="bbox 244 1905 1444 1978">
    <p class='ocr_par' dir='ltr' id='par_1_24' title="bbox 244 1905 1444 1978">
     <span class='ocr_line' id='line_1_25' title="bbox 244 1905 1444 1978; baseline -0.002 -12"><span class='ocrx_word' id='word_1_148' title='bbox 244 1915 353 1978; x_wconf 81' lang='grc' dir='ltr'><strong>Ἐξ</strong></span> <span class='ocrx_word' id='word_1_149' title='bbox 374 1905 486 1967; x_wconf 71' lang='lat' dir='ltr'><strong>diei</strong></span> <span class='ocrx_word' id='word_1_150' title='bbox 511 1913 760 1968; x_wconf 83' lang='grc' dir='ltr'><em>δύνουσι</em></span> <span class='ocrx_word' id='word_1_151' title='bbox 789 1911 1155 1978; x_wconf 86' lang='grc' dir='ltr'><em>δυωδεκάδες</em></span> <span class='ocrx_word' id='word_1_152' title='bbox 1180 1912 1444 1966; x_wconf 74' lang='grc' dir='ltr'><em>κύκλοιοο</em></span> 
     </span>
    </p>
   </div>
   <div class='ocr_carea' id='block_1_25' title="bbox 246 1979 1802 2051">
    <p class='ocr_par' dir='ltr' id='par_1_25' title="bbox 246 1979 1802 2051">
     <span class='ocr_line' id='line_1_26' title="bbox 246 1979 1802 2051; baseline -0.001 -14"><span class='ocrx_word' id='word_1_153' title='bbox 246 1983 469 2037; x_wconf 84' lang='grc' dir='ltr'><em>Τόσσαι</em></span> <span class='ocrx_word' id='word_1_154' title='bbox 487 1983 538 2036; x_wconf 86' lang='grc' dir='ltr'><em>δ’</em></span> <span class='ocrx_word' id='word_1_155' title='bbox 558 1983 940 2038; x_wconf 68' lang='grc' dir='ltr'><em>ἀντέλλουσιο</em></span> <span class='ocrx_word' id='word_1_156' title='bbox 969 1985 1153 2036; x_wconf 83' lang='grc' dir='ltr'><em>τόσον</em></span> <span class='ocrx_word' id='word_1_157' title='bbox 1170 1982 1222 2035; x_wconf 85' lang='grc' dir='ltr'><em>δ’</em></span> <span class='ocrx_word' id='word_1_158' title='bbox 1249 1982 1345 2036; x_wconf 78' lang='grc' dir='ltr'><strong>ἐπὶ</strong></span> <span class='ocrx_word' id='word_1_159' title='bbox 1362 1980 1555 2051; x_wconf 81' lang='grc' dir='ltr'><em>μῆκος</em></span> <span class='ocrx_word' id='word_1_160' title='bbox 1576 1979 1802 2048; x_wconf 80' lang='grc' dir='ltr'><em>ἑκάστη</em></span> 
     </span>
    </p>
   </div>
   <div class='ocr_carea' id='block_1_26' title="bbox 238 2119 1800 2190">
    <p class='ocr_par' dir='ltr' id='par_1_26' title="bbox 238 2119 1800 2190">
     <span class='ocr_line' id='line_1_27' title="bbox 238 2119 1800 2190; baseline -0.001 -14"><span class='ocrx_word' id='word_1_161' title='bbox 238 2121 373 2187; x_wconf 72' lang='grc' dir='ltr'><strong>Νὺξ</strong></span> <span class='ocrx_word' id='word_1_162' title='bbox 403 2123 516 2176; x_wconf 75' lang='grc' dir='ltr'><em>αἰεὶ</em></span> <span class='ocrx_word' id='word_1_163' title='bbox 548 2121 922 2183; x_wconf 84' lang='grc' dir='ltr'><em>τετάνυσται,</em></span> <span class='ocrx_word' id='word_1_164' title='bbox 957 2121 1107 2175; x_wconf 82' lang='grc' dir='ltr'><em>ὅσον</em></span> <span class='ocrx_word' id='word_1_165' title='bbox 1130 2119 1195 2174; x_wconf 87' lang='grc' dir='ltr'><strong>τέ</strong></span> <span class='ocrx_word' id='word_1_166' title='bbox 1225 2133 1333 2189; x_wconf 83' lang='grc' dir='ltr'><strong>περ</strong></span> <span class='ocrx_word' id='word_1_167' title='bbox 1363 2120 1546 2190; x_wconf 76' lang='grc' dir='ltr'><em>ἣμισυ</em></span> <span class='ocrx_word' id='word_1_168' title='bbox 1575 2121 1800 2174; x_wconf 84' lang='grc' dir='ltr'><em>κύκλου</em></span> 
     </span>
    </p>
   </div>
   <div class='ocr_carea' id='block_1_27' title="bbox 254 2190 1709 2262">
    <p class='ocr_par' dir='ltr' id='par_1_27' title="bbox 254 2190 1709 2262">
     <span class='ocr_line' id='line_1_28' title="bbox 254 2190 1709 2262; baseline -0.002 -17"><span class='ocrx_word' id='word_1_169' title='bbox 254 2193 606 2262; x_wconf 77' lang='grc' dir='ltr'><em>Ἀρχομένης</em></span> <span class='ocrx_word' id='word_1_170' title='bbox 628 2192 744 2245; x_wconf 80' lang='grc' dir='ltr'><em>ἀπὸ</em></span> <span class='ocrx_word' id='word_1_171' title='bbox 775 2190 992 2256; x_wconf 82' lang='grc' dir='ltr'><em>νυκτὸς</em></span> <span class='ocrx_word' id='word_1_172' title='bbox 1024 2191 1276 2258; x_wconf 83' lang='grc' dir='ltr'><strong>ἀείρεται</strong></span> <span class='ocrx_word' id='word_1_173' title='bbox 1308 2191 1488 2258; x_wconf 71' lang='grc' dir='ltr'><em>ὑψόθι</em></span> <span class='ocrx_word' id='word_1_174' title='bbox 1520 2191 1709 2258; x_wconf 58' lang='grc' dir='ltr'><em>γαίης</em></span> 
     </span>
    </p>
   </div>
   <div class='ocr_carea' id='block_1_28' title="bbox 239 2301 1802 2374">
    <p class='ocr_par' dir='ltr' id='par_1_28' title="bbox 239 2301 1802 2374">
     <span class='ocr_line' id='line_1_29' title="bbox 239 2301 1802 2374; baseline -0.002 -18"><span class='ocrx_word' id='word_1_175' title='bbox 239 2305 304 2357; x_wconf 80' lang='grc' dir='ltr'><em>οὐ</em></span> <span class='ocrx_word' id='word_1_176' title='bbox 328 2301 524 2374; x_wconf 83' lang='grc' dir='ltr'><em>πλάτος</em></span> <span class='ocrx_word' id='word_1_177' title='bbox 546 2304 752 2373; x_wconf 77' lang='grc' dir='ltr'><em>ἔχοντα,</em></span> <span class='ocrx_word' id='word_1_178' title='bbox 771 2302 903 2356; x_wconf 82' lang='grc' dir='ltr'><strong>ἀλλά</strong></span> <span class='ocrx_word' id='word_1_179' title='bbox 929 2303 1233 2356; x_wconf 76' lang='grc' dir='ltr'><em>τούναντίον</em></span> <span class='ocrx_word' id='word_1_180' title='bbox 1249 2301 1460 2371; x_wconf 78' lang='grc' dir='ltr'><em>ἀπλατῆ</em></span> <span class='ocrx_word' id='word_1_181' title='bbox 1479 2301 1802 2372; x_wconf 78' lang='grc' dir='ltr'><em>διειληφέναι</em></span> 
     </span>
    </p>
   </div>
   <div class='ocr_carea' id='block_1_29' title="bbox 243 2393 1799 2470">
    <p class='ocr_par' dir='ltr' id='par_1_29' title="bbox 243 2393 1799 2470">
     <span class='ocr_line' id='line_1_30' title="bbox 243 2393 1799 2470; baseline -0.001 -22"><span class='ocrx_word' id='word_1_182' title='bbox 243 2412 337 2470; x_wconf 74' lang='grc' dir='ltr'><strong>μοι</strong></span> <span class='ocrx_word' id='word_1_183' title='bbox 360 2394 523 2448; x_wconf 84' lang='grc' dir='ltr'><em>δοκεῖ.</em></span> <span class='ocrx_word' id='word_1_184' title='bbox 554 2396 627 2446; x_wconf 86' lang='grc' dir='ltr'><em>Ἥ</em></span> <span class='ocrx_word' id='word_1_185' title='bbox 662 2411 720 2447; x_wconf 86' lang='grc' dir='ltr'><strong>τε</strong></span> <span class='ocrx_word' id='word_1_186' title='bbox 746 2395 851 2467; x_wconf 85' lang='grc' dir='ltr'><strong>γὰρ</strong></span> <span class='ocrx_word' id='word_1_187' title='bbox 882 2394 1008 2466; x_wconf 81' lang='grc' dir='ltr'><em>βολὴ</em></span> <span class='ocrx_word' id='word_1_188' title='bbox 1038 2394 1131 2448; x_wconf 83' lang='grc' dir='ltr'><em>τοῦ</em></span> <span class='ocrx_word' id='word_1_189' title='bbox 1160 2393 1433 2465; x_wconf 73' lang='grc' dir='ltr'><strong>ὀφθαλμοῦ</strong></span> <span class='ocrx_word' id='word_1_190' title='bbox 1457 2395 1638 2448; x_wconf 84' lang='grc' dir='ltr'><em>εὐθεῖά</em></span> <span class='ocrx_word' id='word_1_191' title='bbox 1664 2397 1799 2457; x_wconf 74' lang='grc' dir='ltr'><em>ἐστι,</em></span> 
     </span>
    </p>
   </div>
   <div class='ocr_carea' id='block_1_30' title="bbox 240 2481 1801 2556">
    <p class='ocr_par' dir='ltr' id='par_1_30' title="bbox 240 2481 1801 2556">
     <span class='ocr_line' id='line_1_31' title="bbox 240 2481 1801 2556; baseline -0.004 -18"><span class='ocrx_word' id='word_1_192' title='bbox 240 2485 339 2538; x_wconf 77' lang='grc' dir='ltr'><em>καὶ</em></span> <span class='ocrx_word' id='word_1_193' title='bbox 371 2485 506 2556; x_wconf 80' lang='grc' dir='ltr'><em>αὑτὴ</em></span> <span class='ocrx_word' id='word_1_194' title='bbox 526 2483 709 2550; x_wconf 80' lang='grc' dir='ltr'><strong>ἑξάκις</strong></span> <span class='ocrx_word' id='word_1_195' title='bbox 735 2487 1065 2555; x_wconf 83' lang='grc' dir='ltr'><em>καταμετρεῖ</em></span> <span class='ocrx_word' id='word_1_196' title='bbox 1080 2483 1169 2537; x_wconf 76' lang='grc' dir='ltr'><em>τὸν</em></span> <span class='ocrx_word' id='word_1_197' title='bbox 1198 2483 1446 2553; x_wconf 83' lang='grc' dir='ltr'><em>μέγιστον</em></span> <span class='ocrx_word' id='word_1_198' title='bbox 1470 2483 1564 2535; x_wconf 74' lang='grc' dir='ltr'><em>καὶ</em></span> <span class='ocrx_word' id='word_1_199' title='bbox 1589 2481 1801 2550; x_wconf 85' lang='grc' dir='ltr'><em>ἀπλατῆ</em></span> 
     </span>
    </p>
   </div>
   <div class='ocr_carea' id='block_1_31' title="bbox 241 2567 1801 2648">
    <p class='ocr_par' dir='ltr' id='par_1_31' title="bbox 241 2567 1801 2648">
     <span class='ocr_line' id='line_1_32' title="bbox 241 2567 1801 2648; baseline -0.003 -21"><span class='ocrx_word' id='word_1_200' title='bbox 241 2573 464 2638; x_wconf 83' lang='grc' dir='ltr'><em>κύκλον,</em></span> <span class='ocrx_word' id='word_1_201' title='bbox 498 2573 610 2627; x_wconf 88' lang='grc' dir='ltr'><em>ἀλλ’</em></span> <span class='ocrx_word' id='word_1_202' title='bbox 638 2575 758 2648; x_wconf 73' lang='grc' dir='ltr'><strong>οὐχὶ</strong></span> <span class='ocrx_word' id='word_1_203' title='bbox 781 2573 871 2626; x_wconf 78' lang='grc' dir='ltr'><em>τὸν</em></span> <span class='ocrx_word' id='word_1_204' title='bbox 896 2573 1092 2634; x_wconf 85' lang='grc' dir='ltr'><em>πλάτος</em></span> <span class='ocrx_word' id='word_1_205' title='bbox 1117 2571 1324 2641; x_wconf 82' lang='grc' dir='ltr'><em>ἔχοντα·</em></span> <span class='ocrx_word' id='word_1_206' title='bbox 1346 2570 1436 2623; x_wconf 81' lang='grc' dir='ltr'><em>τοῦ</em></span> <span class='ocrx_word' id='word_1_207' title='bbox 1459 2587 1515 2622; x_wconf 85' lang='grc' dir='ltr'><strong>τε</strong></span> <span class='ocrx_word' id='word_1_208' title='bbox 1539 2567 1801 2634; x_wconf 77' lang='grc' dir='ltr'><em>ζωδιακοῦ</em></span> 
     </span>
    </p>
   </div>
   <div class='ocr_carea' id='block_1_32' title="bbox 242 2660 1805 2739">
    <p class='ocr_par' dir='ltr' id='par_1_32' title="bbox 242 2660 1805 2739">
     <span class='ocr_line' id='line_1_33' title="bbox 242 2660 1805 2739; baseline -0.004 -21"><span class='ocrx_word' id='word_1_209' title='bbox 242 2665 366 2739; x_wconf 77' lang='grc' dir='ltr'><em>καθ’</em></span> <span class='ocrx_word' id='word_1_210' title='bbox 394 2664 626 2735; x_wconf 62' lang='grc' dir='ltr'><em>ἑκάστην</em></span> <span class='ocrx_word' id='word_1_211' title='bbox 652 2664 865 2736; x_wconf 80' lang='grc' dir='ltr'><em>ἡμέραν</em></span> <span class='ocrx_word' id='word_1_212' title='bbox 894 2664 987 2717; x_wconf 77' lang='grc' dir='ltr'><em>καὶ</em></span> <span class='ocrx_word' id='word_1_213' title='bbox 1034 2662 1202 2716; x_wconf 81' lang='grc' dir='ltr'><em>νύκτα</em></span> <span class='ocrx_word' id='word_1_214' title='bbox 1231 2660 1556 2732; x_wconf 76' lang='grc' dir='ltr'><em>ἡμικύκλιον</em></span> <span class='ocrx_word' id='word_1_215' title='bbox 1583 2661 1805 2715; x_wconf 86' lang='grc' dir='ltr'><em>ἀνατέλ-</em></span> 
     </span>
    </p>
   </div>
   <div class='ocr_carea' id='block_1_33' title="bbox 239 2739 1803 2826">
    <p class='ocr_par' dir='ltr' id='par_1_33' title="bbox 239 2739 1803 2826">
     <span class='ocr_line' id='line_1_34' title="bbox 239 2739 1803 2826; baseline -0.003 -18"><span class='ocrx_word' id='word_1_216' title='bbox 239 2757 347 2817; x_wconf 78' lang='grc' dir='ltr'><em>λει,</em></span> <span class='ocrx_word' id='word_1_217' title='bbox 389 2756 481 2810; x_wconf 72' lang='grc' dir='ltr'><em>καὶ</em></span> <span class='ocrx_word' id='word_1_218' title='bbox 514 2754 678 2818; x_wconf 81' lang='grc' dir='ltr'><em>δύνει,</em></span> <span class='ocrx_word' id='word_1_219' title='bbox 697 2739 802 2808; x_wconf 53' lang='grc' dir='ltr'><em>’τού</em></span> <span class='ocrx_word' id='word_1_220' title='bbox 839 2753 988 2826; x_wconf 81' lang='grc' dir='ltr'><em>ἡλίου</em></span> <span class='ocrx_word' id='word_1_221' title='bbox 1034 2753 1126 2806; x_wconf 79' lang='grc' dir='ltr'><strong>ἐπὶ</strong></span> <span class='ocrx_word' id='word_1_222' title='bbox 1162 2751 1254 2805; x_wconf 80' lang='grc' dir='ltr'><em>τοῦ</em></span> <span class='ocrx_word' id='word_1_223' title='bbox 1288 2750 1556 2815; x_wconf 80' lang='grc' dir='ltr'><em>ἀπλατοῦς</em></span> <span class='ocrx_word' id='word_1_224' title='bbox 1588 2752 1681 2803; x_wconf 78' lang='grc' dir='ltr'><em>καὶ</em></span> <span class='ocrx_word' id='word_1_225' title='bbox 1716 2750 1803 2804; x_wconf 85' lang='grc' dir='ltr'><strong>διά</strong></span> 
     </span>
    </p>
   </div>
   <div class='ocr_carea' id='block_1_34' title="bbox 245 2842 1804 2918">
    <p class='ocr_par' dir='ltr' id='par_1_34' title="bbox 245 2842 1804 2918">
     <span class='ocr_line' id='line_1_35' title="bbox 245 2842 1804 2918; baseline -0.004 -16"><span class='ocrx_word' id='word_1_226' title='bbox 245 2848 431 2918; x_wconf 81' lang='grc' dir='ltr'><em>μέσων</em></span> <span class='ocrx_word' id='word_1_227' title='bbox 463 2848 568 2901; x_wconf 87' lang='grc' dir='ltr'><em>τῶν</em></span> <span class='ocrx_word' id='word_1_228' title='bbox 603 2847 808 2912; x_wconf 80' lang='grc' dir='ltr'><em>ζωδίων</em></span> <span class='ocrx_word' id='word_1_229' title='bbox 852 2844 1172 2918; x_wconf 75' lang='grc' dir='ltr'><em>φερομένου·</em></span> <span class='ocrx_word' id='word_1_230' title='bbox 1214 2844 1306 2896; x_wconf 69' lang='grc' dir='ltr'><strong>ἐπὶ</strong></span> <span class='ocrx_word' id='word_1_231' title='bbox 1341 2843 1450 2915; x_wconf 78' lang='grc' dir='ltr'><strong>γὰρ</strong></span> <span class='ocrx_word' id='word_1_232' title='bbox 1480 2843 1572 2897; x_wconf 74' lang='grc' dir='ltr'><em>τοῦ</em></span> <span class='ocrx_word' id='word_1_233' title='bbox 1603 2842 1804 2906; x_wconf 82' lang='grc' dir='ltr'><em>πλάτος</em></span> 
     </span>
    </p>
   </div>
   <div class='ocr_carea' id='block_1_35' title="bbox 240 2917 1802 3009">
    <p class='ocr_par' dir='ltr' id='par_1_35' title="bbox 240 2917 1802 3009">
     <span class='ocr_line' id='line_1_36' title="bbox 240 2917 1802 3009; baseline -0.004 -18"><span class='ocrx_word' id='word_1_234' title='bbox 240 2917 459 3009; x_wconf 60' lang='grc' dir='ltr'><em>ἔχοντος</em></span> <span class='ocrx_word' id='word_1_235' title='bbox 491 2937 810 2993; x_wconf 76' lang='grc' dir='ltr'><em>οὔδυνατὸν</em></span> <span class='ocrx_word' id='word_1_236' title='bbox 837 2936 994 2989; x_wconf 80' lang='grc' dir='ltr'><em>τοῦτο</em></span> <span class='ocrx_word' id='word_1_237' title='bbox 1033 2933 1365 3005; x_wconf 78' lang='grc' dir='ltr'><em>συμϐαίνειν.</em></span> <span class='ocrx_word' id='word_1_238' title='bbox 1403 2935 1512 2987; x_wconf 77' lang='grc' dir='ltr'><strong>Καὶ</strong></span> <span class='ocrx_word' id='word_1_239' title='bbox 1543 2933 1602 2997; x_wconf 76' lang='grc' dir='ltr'>ἐξ</span> <span class='ocrx_word' id='word_1_240' title='bbox 1631 2933 1802 2986; x_wconf 79' lang='grc' dir='ltr'><em>ἄλλων</em></span> 
     </span>
    </p>
   </div>
   <div class='ocr_carea' id='block_1_36' title="bbox 238 3022 1804 3099">
    <p class='ocr_par' dir='ltr' id='par_1_36' title="bbox 238 3022 1804 3099">
     <span class='ocr_line' id='line_1_37' title="bbox 238 3022 1804 3099; baseline -0.006 -15"><span class='ocrx_word' id='word_1_241' title='bbox 238 3030 299 3083; x_wconf 76' lang='grc' dir='ltr'><em>δὲ</em></span> <span class='ocrx_word' id='word_1_242' title='bbox 331 3030 588 3084; x_wconf 87' lang='grc' dir='ltr'><em>πλειόνων</em></span> <span class='ocrx_word' id='word_1_243' title='bbox 628 3026 855 3099; x_wconf 83' lang='grc' dir='ltr'><em>φανερός</em></span> <span class='ocrx_word' id='word_1_244' title='bbox 898 3028 1044 3079; x_wconf 78' lang='grc' dir='ltr'><em>ἐστιν</em></span> <span class='ocrx_word' id='word_1_245' title='bbox 1069 3027 1096 3079; x_wconf 84' lang='grc' dir='ltr'>ὁ</span> <span class='ocrx_word' id='word_1_246' title='bbox 1131 3026 1362 3096; x_wconf 72' lang='grc' dir='ltr'><em>Ἄρατος</em></span> <span class='ocrx_word' id='word_1_247' title='bbox 1392 3022 1648 3086; x_wconf 85' lang='grc' dir='ltr'><em>ἀπλατεῖς</em></span> <span class='ocrx_word' id='word_1_248' title='bbox 1681 3024 1804 3084; x_wconf 79' lang='grc' dir='ltr'><em>τοὺς</em></span> 
     </span>
    </p>
   </div>
   <div class='ocr_carea' id='block_1_37' title="bbox 232 3114 1800 3187">
    <p class='ocr_par' dir='ltr' id='par_1_37' title="bbox 232 3114 1800 3187">
     <span class='ocr_line' id='line_1_38' title="bbox 232 3114 1800 3187; baseline -0.005 -13"><span class='ocrx_word' id='word_1_249' title='bbox 232 3119 475 3184; x_wconf 69' lang='grc' dir='ltr'><em>κύκλους</em></span> <span class='ocrx_word' id='word_1_250' title='bbox 510 3118 890 3187; x_wconf 82' lang='grc' dir='ltr'><em>ὑποτιθέμενος</em></span> <span class='ocrx_word' id='word_1_251' title='bbox 914 3114 1220 3179; x_wconf 83' lang='grc' dir='ltr'><em>ἀκολούθως</em></span> <span class='ocrx_word' id='word_1_252' title='bbox 1241 3118 1352 3179; x_wconf 83' lang='grc' dir='ltr'><em>τοῖς</em></span> <span class='ocrx_word' id='word_1_253' title='bbox 1381 3114 1800 3186; x_wconf 82' lang='grc' dir='ltr'><em>μαθηματικοῖς.</em></span> 
     </span>
    </p>
   </div>
   <div class='ocr_carea' id='block_1_38' title="bbox 311 3393 1803 3465">
    <p class='ocr_par' dir='ltr' id='par_1_38' title="bbox 311 3393 1803 3465">
     <span class='ocr_line' id='line_1_39' title="bbox 311 3393 1803 3465; baseline -0.001 -17"><span class='ocrx_word' id='word_1_254' title='bbox 311 3394 438 3448; x_wconf 79' lang='lat' dir='ltr'><strong>KB’.</strong></span> <span class='ocrx_word' id='word_1_255' title='bbox 494 3395 582 3447; x_wconf 87' lang='grc' dir='ltr'><em>Ἐν</em></span> <span class='ocrx_word' id='word_1_256' title='bbox 605 3394 662 3448; x_wconf 80' lang='grc' dir='ltr'><em>δὲ</em></span> <span class='ocrx_word' id='word_1_257' title='bbox 691 3397 802 3457; x_wconf 81' lang='grc' dir='ltr'><em>τοῖς</em></span> <span class='ocrx_word' id='word_1_258' title='bbox 833 3394 960 3463; x_wconf 81' lang='grc' dir='ltr'><strong>ἑξῆς</strong></span> <span class='ocrx_word' id='word_1_259' title='bbox 991 3394 1118 3465; x_wconf 72' lang='grc' dir='ltr'><em>περὶ</em></span> <span class='ocrx_word' id='word_1_260' title='bbox 1143 3395 1236 3448; x_wconf 80' lang='grc' dir='ltr'><em>τοῦ</em></span> <span class='ocrx_word' id='word_1_261' title='bbox 1293 3393 1544 3463; x_wconf 82' lang='grc' dir='ltr'><em>γαλαξίου</em></span> <span class='ocrx_word' id='word_1_262' title='bbox 1602 3393 1803 3447; x_wconf 85' lang='grc' dir='ltr'><em>κύκλου</em></span> 
     </span>
    </p>
   </div>
   <div class='ocr_carea' id='block_1_39' title="bbox 240 3481 1802 3554">
    <p class='ocr_par' dir='ltr' id='par_1_39' title="bbox 240 3481 1802 3554">
     <span class='ocr_line' id='line_1_40' title="bbox 240 3481 1802 3554; baseline 0.002 -20"><span class='ocrx_word' id='word_1_263' title='bbox 240 3481 432 3545; x_wconf 69' lang='grc' dir='ltr'><em>εἰπὼν,</em></span> <span class='ocrx_word' id='word_1_264' title='bbox 465 3483 713 3554; x_wconf 77' lang='grc' dir='ltr'><em>ἐπιφέρει</em></span> <span class='ocrx_word' id='word_1_265' title='bbox 733 3523 746 3547; x_wconf 89' lang='grc'><strong><em>,</em></strong></span> <span class='ocrx_word' id='word_1_266' title='bbox 778 3485 859 3537; x_wconf 78' lang='grc' dir='ltr'><em>ὅτι</em></span> <span class='ocrx_word' id='word_1_267' title='bbox 911 3484 1017 3538; x_wconf 85' lang='grc' dir='ltr'><em>τῶν</em></span> <span class='ocrx_word' id='word_1_268' title='bbox 1047 3486 1090 3537; x_wconf 78' lang='grc' dir='ltr'><em>δ’</em></span> <span class='ocrx_word' id='word_1_269' title='bbox 1117 3485 1327 3539; x_wconf 83' lang='grc' dir='ltr'><em>κύκλων</em></span> <span class='ocrx_word' id='word_1_270' title='bbox 1358 3484 1451 3538; x_wconf 87' lang='grc' dir='ltr'><strong>δύο</strong></span> <span class='ocrx_word' id='word_1_271' title='bbox 1473 3484 1673 3542; x_wconf 85' lang='grc' dir='ltr'><em>τούτων</em></span> <span class='ocrx_word' id='word_1_272' title='bbox 1699 3486 1802 3538; x_wconf 80' lang='grc' dir='ltr'><em>ἴσοι</em></span> 
     </span>
    </p>
   </div>
   <div class='ocr_carea' id='block_1_40' title="bbox 241 3573 1633 3646">
    <p class='ocr_par' dir='ltr' id='par_1_40' title="bbox 241 3573 1633 3646">
     <span class='ocr_line' id='line_1_41' title="bbox 241 3573 1633 3646; baseline 0.003 -21"><span class='ocrx_word' id='word_1_273' title='bbox 241 3573 396 3627; x_wconf 79' lang='grc' dir='ltr'><em>εισίν·</em></span> <span class='ocrx_word' id='word_1_274' title='bbox 423 3575 473 3627; x_wconf 86' lang='grc' dir='ltr'><em>οἱ</em></span> <span class='ocrx_word' id='word_1_275' title='bbox 498 3573 553 3626; x_wconf 78' lang='grc' dir='ltr'><em>δὲ</em></span> <span class='ocrx_word' id='word_1_276' title='bbox 583 3574 674 3627; x_wconf 81' lang='grc' dir='ltr'><strong>δύο</strong></span> <span class='ocrx_word' id='word_1_277' title='bbox 707 3574 882 3646; x_wconf 83' lang='grc' dir='ltr'><em>πολλῷ</em></span> <span class='ocrx_word' id='word_1_278' title='bbox 916 3576 1216 3641; x_wconf 83' lang='grc' dir='ltr'><em>ἐλάσσονες,</em></span> <span class='ocrx_word' id='word_1_279' title='bbox 1248 3576 1418 3644; x_wconf 78' lang='grc' dir='ltr'><em>λέγων</em></span> <span class='ocrx_word' id='word_1_280' title='bbox 1443 3576 1633 3639; x_wconf 75' lang='grc' dir='ltr'><em>οὕτως·</em></span> 
     </span>
    </p>
   </div>
   <div class='ocr_carea' id='block_1_41' title="bbox 248 3683 1767 3758">
    <p class='ocr_par' dir='ltr' id='par_1_41' title="bbox 248 3683 1767 3758">
     <span class='ocr_line' id='line_1_42' title="bbox 248 3683 1767 3758; baseline 0.002 -20"><span class='ocrx_word' id='word_1_281' title='bbox 248 3683 334 3752; x_wconf 83' lang='grc' dir='ltr'><strong>Τῷ</strong></span> <span class='ocrx_word' id='word_1_282' title='bbox 367 3685 442 3752; x_wconf 81' lang='grc' dir='ltr'><em>δή</em></span> <span class='ocrx_word' id='word_1_283' title='bbox 471 3703 559 3740; x_wconf 86' lang='grc' dir='ltr'><strong>τοι</strong></span> <span class='ocrx_word' id='word_1_284' title='bbox 596 3685 807 3757; x_wconf 79' lang='grc' dir='ltr'><em>χροιὴν</em></span> <span class='ocrx_word' id='word_1_285' title='bbox 832 3689 949 3758; x_wconf 81' lang='grc' dir='ltr'><em>μὲν</em></span> <span class='ocrx_word' id='word_1_286' title='bbox 979 3687 1246 3758; x_wconf 73' lang='grc' dir='ltr'><em>ἀλίγκιος</em></span> <span class='ocrx_word' id='word_1_287' title='bbox 1275 3691 1385 3743; x_wconf 84' lang='grc' dir='ltr'><em>οὐκ</em></span> <span class='ocrx_word' id='word_1_288' title='bbox 1422 3689 1510 3743; x_wconf 83' lang='grc' dir='ltr'><em>ἔτι</em></span> <span class='ocrx_word' id='word_1_289' title='bbox 1541 3690 1767 3754; x_wconf 86' lang='grc' dir='ltr'><em>κύκλος</em></span> 
     </span>
    </p>
   </div>
   <div class='ocr_carea' id='block_1_42' title="bbox 241 3821 1800 3894">
    <p class='ocr_par' dir='ltr' id='par_1_42' title="bbox 241 3821 1800 3894">
     <span class='ocr_line' id='line_1_43' title="bbox 241 3821 1800 3894; baseline 0.003 -18"><span class='ocrx_word' id='word_1_290' title='bbox 241 3822 510 3894; x_wconf 76' lang='grc' dir='ltr'><em>Δινεῖται·</em></span> <span class='ocrx_word' id='word_1_291' title='bbox 531 3821 602 3894; x_wconf 85' lang='grc' dir='ltr'><em>τὰ</em></span> <span class='ocrx_word' id='word_1_292' title='bbox 701 3822 888 3892; x_wconf 81' lang='grc' dir='ltr'><em>μέτρα</em></span> <span class='ocrx_word' id='word_1_293' title='bbox 905 3825 1093 3886; x_wconf 83' lang='grc' dir='ltr'><em>τόσοι,</em></span> <span class='ocrx_word' id='word_1_294' title='bbox 1115 3825 1384 3891; x_wconf 80' lang='grc' dir='ltr'><em>πισύρων</em></span> <span class='ocrx_word' id='word_1_295' title='bbox 1403 3827 1538 3894; x_wconf 83' lang='grc' dir='ltr'><em>παρ’</em></span> <span class='ocrx_word' id='word_1_296' title='bbox 1557 3826 1800 3891; x_wconf 76' lang='grc' dir='ltr'><em>ἐόντων,</em></span> 
     </span>
    </p>
   </div>
   <div class='ocr_carea' id='block_1_43' title="bbox 241 3891 1736 3964">
    <p class='ocr_par' dir='ltr' id='par_1_43' title="bbox 241 3891 1736 3964">
     <span class='ocr_line' id='line_1_44' title="bbox 241 3891 1736 3964; baseline 0.001 -16"><span class='ocrx_word' id='word_1_297' title='bbox 241 3895 307 3948; x_wconf 82' lang='lat' dir='ltr'><strong>Ol</strong></span> <span class='ocrx_word' id='word_1_298' title='bbox 331 3892 460 3946; x_wconf 81' lang='grc' dir='ltr'><em>δύο·</em></span> <span class='ocrx_word' id='word_1_299' title='bbox 489 3893 575 3946; x_wconf 80' lang='grc' dir='ltr'><em>τοὶ</em></span> <span class='ocrx_word' id='word_1_300' title='bbox 603 3891 670 3946; x_wconf 83' lang='grc' dir='ltr'><strong>δέ</strong></span> <span class='ocrx_word' id='word_1_301' title='bbox 698 3891 899 3961; x_wconf 68' lang='grc' dir='ltr'><em>σφεων</em></span> <span class='ocrx_word' id='word_1_302' title='bbox 915 3894 1066 3963; x_wconf 75' lang='grc' dir='ltr'><em>μέγα</em></span> <span class='ocrx_word' id='word_1_303' title='bbox 1086 3895 1320 3964; x_wconf 85' lang='grc' dir='ltr'><em>μείονες</em></span> <span class='ocrx_word' id='word_1_304' title='bbox 1346 3891 1736 3950; x_wconf 80' lang='grc' dir='ltr'><em>εἱλίσσονται.</em></span> 
     </span>
    </p>
   </div>
   <div class='ocr_carea' id='block_1_44' title="bbox 307 4002 1802 4082">
    <p class='ocr_par' dir='ltr' id='par_1_44' title="bbox 307 4002 1802 4082">
     <span class='ocr_line' id='line_1_45' title="bbox 307 4002 1802 4082; baseline 0.003 -22"><span class='ocrx_word' id='word_1_305' title='bbox 307 4009 424 4061; x_wconf 84' lang='grc' dir='ltr'><strong>Οὐκ</strong></span> <span class='ocrx_word' id='word_1_306' title='bbox 449 4002 508 4060; x_wconf 80' lang='grc' dir='ltr'><em>εὖ</em></span> <span class='ocrx_word' id='word_1_307' title='bbox 541 4008 597 4061; x_wconf 85' lang='grc' dir='ltr'><strong>δέ</strong></span> <span class='ocrx_word' id='word_1_308' title='bbox 623 4025 712 4077; x_wconf 91' lang='grc' dir='ltr'><strong>μοι</strong></span> <span class='ocrx_word' id='word_1_309' title='bbox 740 4007 887 4061; x_wconf 87' lang='grc' dir='ltr'><em>δοκεῖ</em></span> <span class='ocrx_word' id='word_1_310' title='bbox 911 4007 1160 4077; x_wconf 84' lang='grc' dir='ltr'><em>λέγεσθαι</em></span> <span class='ocrx_word' id='word_1_311' title='bbox 1187 4009 1501 4076; x_wconf 75' lang='grc' dir='ltr'><em>οὐδὲτοῦτο,</em></span> <span class='ocrx_word' id='word_1_312' title='bbox 1525 4011 1606 4065; x_wconf 82' lang='grc' dir='ltr'><em>ὅτι</em></span> <span class='ocrx_word' id='word_1_313' title='bbox 1626 4011 1802 4082; x_wconf 83' lang='grc' dir='ltr'><em>πολλῷ</em></span> 
     </span>
    </p>
   </div>
   <div class='ocr_carea' id='block_1_45' title="bbox 239 4099 1799 4173">
    <p class='ocr_par' dir='ltr' id='par_1_45' title="bbox 239 4099 1799 4173">
     <span class='ocr_line' id='line_1_46' title="bbox 239 4099 1799 4173; baseline 0.001 -18"><span class='ocrx_word' id='word_1_314' title='bbox 239 4099 532 4163; x_wconf 72' lang='grc' dir='ltr'><em>ἐλάσσονές</em></span> <span class='ocrx_word' id='word_1_315' title='bbox 575 4102 711 4153; x_wconf 77' lang='grc' dir='ltr'><em>εἰσιν</em></span> <span class='ocrx_word' id='word_1_316' title='bbox 746 4101 794 4152; x_wconf 78' lang='grc' dir='ltr'><em>οἱ</em></span> <span class='ocrx_word' id='word_1_317' title='bbox 825 4101 1074 4171; x_wconf 76' lang='grc' dir='ltr'><em>τροπικοὶ</em></span> <span class='ocrx_word' id='word_1_318' title='bbox 1105 4100 1199 4154; x_wconf 74' lang='grc' dir='ltr'><em>τοῦ</em></span> <span class='ocrx_word' id='word_1_319' title='bbox 1236 4103 1550 4173; x_wconf 70' lang='grc' dir='ltr'><em>ἰσημερινώ</em></span> <span class='ocrx_word' id='word_1_320' title='bbox 1584 4105 1676 4156; x_wconf 76' lang='grc' dir='ltr'><em>καὶ</em></span> <span class='ocrx_word' id='word_1_321' title='bbox 1708 4104 1799 4157; x_wconf 83' lang='grc' dir='ltr'><em>τοῦ</em></span> 
     </span>
    </p>
   </div>
   <div class='ocr_carea' id='block_1_46' title="bbox 238 4191 1800 4268">
    <p class='ocr_par' dir='ltr' id='par_1_46' title="bbox 238 4191 1800 4268">
     <span class='ocr_line' id='line_1_47' title="bbox 238 4191 1800 4268; baseline 0.003 -22"><span class='ocrx_word' id='word_1_322' title='bbox 238 4191 525 4256; x_wconf 75' lang='grc' dir='ltr'><em>ζωδιακοῦ·</em></span> <span class='ocrx_word' id='word_1_323' title='bbox 553 4192 773 4246; x_wconf 72' lang='grc' dir='ltr'><em>ἔλασσον</em></span> <span class='ocrx_word' id='word_1_324' title='bbox 802 4193 907 4264; x_wconf 85' lang='grc' dir='ltr'><strong>γὰρ</strong></span> <span class='ocrx_word' id='word_1_325' title='bbox 937 4192 968 4262; x_wconf 85' lang='grc' dir='ltr'>ἢ</span> <span class='ocrx_word' id='word_1_326' title='bbox 999 4192 1076 4264; x_wconf 86' lang='grc' dir='ltr'><em>τῷ</em></span> <span class='ocrx_word' id='word_1_327' title='bbox 1107 4201 1173 4247; x_wconf 88' lang='grc' dir='ltr'><em>ια’</em></span> <span class='ocrx_word' id='word_1_328' title='bbox 1199 4194 1331 4267; x_wconf 79' lang='lat'><strong>(65&#39;)</strong></span> <span class='ocrx_word' id='word_1_329' title='bbox 1352 4197 1505 4268; x_wconf 86' lang='grc' dir='ltr'><em>μέρει</em></span> <span class='ocrx_word' id='word_1_330' title='bbox 1530 4195 1800 4250; x_wconf 80' lang='grc' dir='ltr'><em>λείπονται</em></span> 
     </span>
    </p>
   </div>
   <div class='ocr_carea' id='block_1_47' title="bbox 237 4283 437 4337">
    <p class='ocr_par' dir='ltr' id='par_1_47' title="bbox 237 4283 437 4337">
     <span class='ocr_line' id='line_1_48' title="bbox 237 4283 437 4337; baseline 0 -1"><span class='ocrx_word' id='word_1_331' title='bbox 237 4283 437 4337; x_wconf 77' lang='grc' dir='ltr'><em>αὐτῶν.</em></span> 
     </span>
    </p>
   </div>
   <div class='ocr_carea' id='block_1_48' title="bbox 309 4375 1804 4450">
    <p class='ocr_par' dir='ltr' id='par_1_48' title="bbox 309 4375 1804 4450">
     <span class='ocr_line' id='line_1_49' title="bbox 309 4375 1804 4450; baseline 0.003 -21"><span class='ocrx_word' id='word_1_332' title='bbox 309 4377 444 4447; x_wconf 72' lang='lat' dir='ltr'><strong>napi.</strong></span> <span class='ocrx_word' id='word_1_333' title='bbox 475 4376 532 4430; x_wconf 85' lang='grc' dir='ltr'><em>δὲ</em></span> <span class='ocrx_word' id='word_1_334' title='bbox 559 4375 672 4430; x_wconf 84' lang='grc' dir='ltr'><em>τῶν</em></span> <span class='ocrx_word' id='word_1_335' title='bbox 693 4377 959 4449; x_wconf 84' lang='grc' dir='ltr'><em>ἀστέρων,</em></span> <span class='ocrx_word' id='word_1_336' title='bbox 989 4377 1036 4430; x_wconf 84' lang='grc' dir='ltr'><em>οἳ</em></span> <span class='ocrx_word' id='word_1_337' title='bbox 1067 4380 1270 4432; x_wconf 87' lang='grc' dir='ltr'><em>κεῖνται</em></span> <span class='ocrx_word' id='word_1_338' title='bbox 1303 4379 1387 4448; x_wconf 79' lang='grc' dir='ltr'><strong>ἐφ’</strong></span> <span class='ocrx_word' id='word_1_339' title='bbox 1413 4379 1668 4450; x_wconf 82' lang='grc' dir='ltr'><em>ἐκατέρου</em></span> <span class='ocrx_word' id='word_1_340' title='bbox 1697 4381 1804 4435; x_wconf 84' lang='grc' dir='ltr'><em>τῶν</em></span> 
     </span>
    </p>
   </div>
   <div class='ocr_carea' id='block_1_49' title="bbox 238 4467 1802 4541">
    <p class='ocr_par' dir='ltr' id='par_1_49' title="bbox 238 4467 1802 4541">
     <span class='ocr_line' id='line_1_50' title="bbox 238 4467 1802 4541; baseline 0.002 -20"><span class='ocrx_word' id='word_1_341' title='bbox 238 4467 512 4539; x_wconf 82' lang='grc' dir='ltr'><em>τροπικῶν</em></span> <span class='ocrx_word' id='word_1_342' title='bbox 537 4468 632 4522; x_wconf 74' lang='grc' dir='ltr'><em>καὶ</em></span> <span class='ocrx_word' id='word_1_343' title='bbox 663 4469 754 4520; x_wconf 66' lang='grc' dir='ltr'><strong>ἐπὶ</strong></span> <span class='ocrx_word' id='word_1_344' title='bbox 791 4467 882 4521; x_wconf 80' lang='grc' dir='ltr'><em>τοῦ</em></span> <span class='ocrx_word' id='word_1_345' title='bbox 917 4470 1249 4541; x_wconf 83' lang='grc' dir='ltr'><em>ἰσημερινοῦ,</em></span> <span class='ocrx_word' id='word_1_346' title='bbox 1277 4469 1476 4540; x_wconf 85' lang='grc' dir='ltr'><em>γράφει</em></span> <span class='ocrx_word' id='word_1_347' title='bbox 1509 4473 1538 4524; x_wconf 89' lang='grc' dir='ltr'><strong>ὀ</strong></span> <span class='ocrx_word' id='word_1_348' title='bbox 1572 4473 1802 4540; x_wconf 75' lang='grc' dir='ltr'><em>’Ἄρατος</em></span> 
     </span>
    </p>
   </div>
   <div class='ocr_carea' id='block_1_50' title="bbox 239 4555 789 4628">
    <p class='ocr_par' dir='ltr' id='par_1_50' title="bbox 239 4555 789 4628">
     <span class='ocr_line' id='line_1_51' title="bbox 239 4555 789 4628; baseline -0.002 -17"><span class='ocrx_word' id='word_1_349' title='bbox 239 4556 424 4613; x_wconf 78' lang='grc' dir='ltr'><em>τοῦτον</em></span> <span class='ocrx_word' id='word_1_350' title='bbox 452 4555 543 4611; x_wconf 73' lang='grc' dir='ltr'><em>τὸν</em></span> <span class='ocrx_word' id='word_1_351' title='bbox 572 4557 789 4628; x_wconf 80' lang='grc' dir='ltr'><em>τρόπον’</em></span> 
     </span>
    </p>
   </div>
   <div class='ocr_carea' id='block_1_51' title="bbox 243 4691 1764 4764">
    <p class='ocr_par' dir='ltr' id='par_1_51' title="bbox 243 4691 1764 4764">
     <span class='ocr_line' id='line_1_52' title="bbox 243 4691 1764 4764; baseline 0.001 -18"><span class='ocrx_word' id='word_1_352' title='bbox 243 4691 372 4764; x_wconf 73' lang='grc' dir='ltr'><em>Τῶν</em></span> <span class='ocrx_word' id='word_1_353' title='bbox 396 4696 443 4764; x_wconf 80' lang='grc' dir='ltr'><strong>ό</strong></span> <span class='ocrx_word' id='word_1_354' title='bbox 464 4693 585 4764; x_wconf 81' lang='grc' dir='ltr'><em>μὲν</em></span> <span class='ocrx_word' id='word_1_355' title='bbox 609 4694 857 4763; x_wconf 73' lang='grc' dir='ltr'><em>ἐγγύθεν</em></span> <span class='ocrx_word' id='word_1_356' title='bbox 889 4695 1020 4748; x_wconf 77' lang='grc' dir='ltr'><em>ἐστὶ</em></span> <span class='ocrx_word' id='word_1_357' title='bbox 1052 4695 1483 4764; x_wconf 79' lang='grc' dir='ltr'><em>κατερχομένου</em></span> <span class='ocrx_word' id='word_1_358' title='bbox 1506 4696 1764 4762; x_wconf 73' lang='grc' dir='ltr'><em>βορέοιοο</em></span> 
     </span>
    </p>
   </div>
   <div class='ocr_carea' id='block_1_52' title="bbox 252 4762 1800 4834">
    <p class='ocr_par' dir='ltr' id='par_1_52' title="bbox 252 4762 1800 4834">
     <span class='ocr_line' id='line_1_53' title="bbox 252 4762 1800 4834; baseline 0.002 -18"><span class='ocrx_word' id='word_1_359' title='bbox 252 4762 355 4834; x_wconf 75' lang='grc' dir='ltr'><em>Ἑν</em></span> <span class='ocrx_word' id='word_1_360' title='bbox 380 4763 447 4834; x_wconf 76' lang='grc' dir='ltr'><strong>δέ</strong></span> <span class='ocrx_word' id='word_1_361' title='bbox 475 4767 532 4834; x_wconf 75' lang='lat' dir='ltr'><strong>oi</strong></span> <span class='ocrx_word' id='word_1_362' title='bbox 559 4762 878 4832; x_wconf 71' lang='grc' dir='ltr'><em>ἀμφότεραι</em></span> <span class='ocrx_word' id='word_1_363' title='bbox 905 4767 1154 4834; x_wconf 61' lang='grc' dir='ltr'><em>κεφαλαὶ</em></span> <span class='ocrx_word' id='word_1_364' title='bbox 1184 4762 1444 4834; x_wconf 75' lang='grc' dir='ltr'><em>Διδύμων</em></span> <span class='ocrx_word' id='word_1_365' title='bbox 1472 4765 1800 4833; x_wconf 74' lang='grc' dir='ltr'><em>φορέονται·</em></span> 
     </span>
    </p>
   </div>
   <div class='ocr_carea' id='block_1_53' title="bbox 253 4832 1714 4906">
    <p class='ocr_par' dir='ltr' id='par_1_53' title="bbox 253 4832 1714 4906">
     <span class='ocr_line' id='line_1_54' title="bbox 253 4832 1714 4906; baseline 0.001 -19"><span class='ocrx_word' id='word_1_366' title='bbox 253 4833 355 4887; x_wconf 82' lang='grc' dir='ltr'><em>Ἑν</em></span> <span class='ocrx_word' id='word_1_367' title='bbox 381 4832 449 4886; x_wconf 85' lang='grc' dir='ltr'><em>δὲ</em></span> <span class='ocrx_word' id='word_1_368' title='bbox 476 4833 548 4885; x_wconf 87' lang='grc' dir='ltr'><em>τὰ</em></span> <span class='ocrx_word' id='word_1_369' title='bbox 579 4835 838 4902; x_wconf 77' lang='grc' dir='ltr'><em>γούνατα</em></span> <span class='ocrx_word' id='word_1_370' title='bbox 869 4832 1054 4888; x_wconf 82' lang='grc' dir='ltr'><em>κεῖται</em></span> <span class='ocrx_word' id='word_1_371' title='bbox 1082 4832 1368 4902; x_wconf 81' lang='grc' dir='ltr'><em>ἀρηρότος</em></span> <span class='ocrx_word' id='word_1_372' title='bbox 1410 4832 1714 4906; x_wconf 83' lang='grc' dir='ltr'><em>Ἠνιόχοιο.</em></span> 
     </span>
    </p>
   </div>
   <div class='ocr_carea' id='block_1_54' title="bbox 242 4962 1800 5043">
    <p class='ocr_par' dir='ltr' id='par_1_54' title="bbox 242 4962 1800 5043">
     <span class='ocr_line' id='line_1_55' title="bbox 242 4962 1800 5043; baseline 0.004 -24"><span class='ocrx_word' id='word_1_373' title='bbox 242 4967 306 5042; x_wconf 63' lang='lat' dir='ltr'><strong>Ai</strong></span> <span class='ocrx_word' id='word_1_374' title='bbox 339 4968 437 5037; x_wconf 83' lang='grc' dir='ltr'><em>μὲν</em></span> <span class='ocrx_word' id='word_1_375' title='bbox 467 4962 559 5022; x_wconf 75' lang='grc' dir='ltr'><em>οὖν</em></span> <span class='ocrx_word' id='word_1_376' title='bbox 591 4968 824 5038; x_wconf 71' lang='grc' dir='ltr'><em>κεφαλαὶ</em></span> <span class='ocrx_word' id='word_1_377' title='bbox 852 4971 960 5024; x_wconf 83' lang='grc' dir='ltr'><em>τῶν</em></span> <span class='ocrx_word' id='word_1_378' title='bbox 997 4971 1241 5043; x_wconf 83' lang='grc' dir='ltr'><em>Διδύμων</em></span> <span class='ocrx_word' id='word_1_379' title='bbox 1269 4973 1330 5025; x_wconf 87' lang='grc' dir='ltr'><strong>ού</strong></span> <span class='ocrx_word' id='word_1_380' title='bbox 1361 4975 1564 5025; x_wconf 86' lang='grc' dir='ltr'><em>κεῖνται</em></span> <span class='ocrx_word' id='word_1_381' title='bbox 1593 4973 1686 5024; x_wconf 73' lang='grc' dir='ltr'><strong>ἐπὶ</strong></span> <span class='ocrx_word' id='word_1_382' title='bbox 1711 4971 1800 5025; x_wconf 80' lang='grc' dir='ltr'><em>τοῦ</em></span> 
     </span>
    </p>
   </div>
   <div class='ocr_carea' id='block_1_55' title="bbox 1835 4554 1882 4609">
    <p class='ocr_par' dir='ltr' id='par_1_55' title="bbox 1835 4554 1882 4609">
     <span class='ocr_line' id='line_1_56' title="bbox 1835 4554 1882 4609; baseline 0 0"><span class='ocrx_word' id='word_1_383' title='bbox 1835 4554 1882 4609; x_wconf 87' lang='lat' dir='ltr'><strong>D</strong></span> 
     </span>
    </p>
   </div>
   <div class='ocr_carea' id='block_1_56' title="bbox 1897 1090 3452 1162">
    <p class='ocr_par' dir='ltr' id='par_1_56' title="bbox 1897 1090 3452 1162">
     <span class='ocr_line' id='line_1_57' title="bbox 1897 1090 3452 1162; baseline -0.002 -13"><span class='ocrx_word' id='word_1_384' title='bbox 1897 1095 2058 1149; x_wconf 85' lang='lat' dir='ltr'><strong>etiam</strong></span> <span class='ocrx_word' id='word_1_385' title='bbox 2075 1094 2141 1148; x_wconf 89' lang='lat' dir='ltr'><strong>de</strong></span> <span class='ocrx_word' id='word_1_386' title='bbox 2165 1093 2388 1148; x_wconf 84' lang='lat' dir='ltr'><strong>zodiaco</strong></span> <span class='ocrx_word' id='word_1_387' title='bbox 2410 1094 2657 1162; x_wconf 88' lang='lat' dir='ltr'><strong>loquens,</strong></span> <span class='ocrx_word' id='word_1_388' title='bbox 2672 1108 2795 1146; x_wconf 93' lang='lat' dir='ltr'><strong>cum</strong></span> <span class='ocrx_word' id='word_1_389' title='bbox 2814 1093 3082 1146; x_wconf 83' lang='lat' dir='ltr'><strong>interdum</strong></span> <span class='ocrx_word' id='word_1_390' title='bbox 3100 1092 3212 1147; x_wconf 67' lang='lat' dir='ltr'><strong>haec</strong></span> <span class='ocrx_word' id='word_1_391' title='bbox 3227 1090 3452 1147; x_wconf 83' lang='lat' dir='ltr'><strong>scribit:</strong></span> 
     </span>
    </p>
   </div>
   <div class='ocr_carea' id='block_1_57' title="bbox 1900 1205 3372 1272">
    <p class='ocr_par' dir='ltr' id='par_1_57' title="bbox 1900 1205 3372 1272">
     <span class='ocr_line' id='line_1_58' title="bbox 1900 1205 3372 1272; baseline -0.001 -10"><span class='ocrx_word' id='word_1_392' title='bbox 1900 1209 2166 1272; x_wconf 86' lang='lat' dir='ltr'><strong>Quantum</strong></span> <span class='ocrx_word' id='word_1_393' title='bbox 2204 1216 2378 1261; x_wconf 88' lang='lat' dir='ltr'><strong>autem</strong></span> <span class='ocrx_word' id='word_1_394' title='bbox 2414 1207 2644 1260; x_wconf 79' lang='lat' dir='ltr'><strong>ocularis</strong></span> <span class='ocrx_word' id='word_1_395' title='bbox 2674 1208 2813 1260; x_wconf 78' lang='lat' dir='ltr'><strong>visus</strong></span> <span class='ocrx_word' id='word_1_396' title='bbox 2843 1205 3139 1261; x_wconf 79' lang='lat' dir='ltr'><strong>extenditur</strong></span> <span class='ocrx_word' id='word_1_397' title='bbox 3163 1205 3372 1268; x_wconf 85' lang='lat' dir='ltr'><strong>radius,</strong></span> 
     </span>
    </p>
   </div>
   <div class='ocr_carea' id='block_1_58' title="bbox 1900 1275 3459 1417">
    <p class='ocr_par' dir='ltr' id='par_1_58' title="bbox 1900 1275 3459 1417">
     <span class='ocr_line' id='line_1_59' title="bbox 1900 1275 3459 1417; baseline -0.002 -85"><span class='ocrx_word' id='word_1_398' title='bbox 1900 1279 2077 1333; x_wconf 72' lang='lat' dir='ltr'><strong>Sexies</strong></span> <span class='ocrx_word' id='word_1_399' title='bbox 2109 1277 2428 1331; x_wconf 81' lang='lat' dir='ltr'><strong>tantumdem</strong></span> <span class='ocrx_word' id='word_1_400' title='bbox 2449 1277 2802 1344; x_wconf 80' lang='lat' dir='ltr'><strong>subteripsum</strong></span> <span class='ocrx_word' id='word_1_401' title='bbox 2832 1275 3286 1417; x_wconf 44' lang='lat' dir='ltr'><strong>nteaverit.[P.orro</strong></span> <span class='ocrx_word' id='word_1_402' title='bbox 3315 1292 3459 1356; x_wconf 73' lang='lat' dir='ltr'><strong>qutu-</strong></span> 
     </span>
     <span class='ocr_line' id='line_1_60' title="bbox 2207 1355 3384 1417; baseline -0.002 -16"><span class='ocrx_word' id='word_1_403' title='bbox 2207 1415 2214 1417; x_wconf 81' lang='lat'><strong><em>_</em></strong></span> <span class='ocrx_word' id='word_1_404' title='bbox 2473 1415 2481 1417; x_wconf 23' lang='grc' dir='ltr'><strong>Α</strong></span> <span class='ocrx_word' id='word_1_405' title='bbox 2631 1414 2641 1417; x_wconf 91' lang='lat'>_</span> <span class='ocrx_word' id='word_1_406' title='bbox 2722 1416 2728 1417; x_wconf 15' lang='grc' dir='ltr'><em>γ</em></span> <span class='ocrx_word' id='word_1_407' title='bbox 2797 1414 2825 1417; x_wconf 27' lang='grc' dir='ltr'>η</span> <span class='ocrx_word' id='word_1_408' title='bbox 3116 1363 3188 1399; x_wconf 75' lang='lat' dir='ltr'><strong>vis</strong></span> <span class='ocrx_word' id='word_1_409' title='bbox 3215 1355 3384 1414; x_wconf 86' lang='lat' dir='ltr'><strong>pomo</strong></span> 
     </span>
    </p>
   </div>
   <div class='ocr_carea' id='block_1_59' title="bbox 3116 1361 3384 1414">
    <p class='ocr_par' dir='ltr' id='par_1_59' title="bbox 3116 1361 3384 1414">
     <span class='ocr_line' id='line_1_61' title="bbox 3116 1361 3384 1414; baseline 0.004 -16"><span class='ocrx_word' id='word_1_410' title='bbox 3116 1363 3188 1399; x_wconf 75' lang='lat' dir='ltr'><strong>vis</strong></span> <span class='ocrx_word' id='word_1_411' title='bbox 3215 1361 3384 1414; x_wconf 85' lang='lat' dir='ltr'><strong>pomo</strong></span> 
     </span>
    </p>
   </div>
   <div class='ocr_carea' id='block_1_60' title="bbox 1899 1414 3138 1486">
    <p class='ocr_par' dir='ltr' id='par_1_60' title="bbox 1899 1414 3138 1486">
     <span class='ocr_line' id='line_1_62' title="bbox 1899 1414 3138 1486; baseline -0.001 -16"><span class='ocrx_word' id='word_1_412' title='bbox 1899 1420 1983 1470; x_wconf 78' lang='lat' dir='ltr'><strong>Ex</strong></span> <span class='ocrx_word' id='word_1_413' title='bbox 2009 1432 2156 1486; x_wconf 65' lang='lat' dir='ltr'><strong>aequo</strong></span> <span class='ocrx_word' id='word_1_414' title='bbox 2181 1415 2414 1470; x_wconf 85' lang='lat' dir='ltr'><strong>dimensa</strong></span> <span class='ocrx_word' id='word_1_415' title='bbox 2447 1415 2550 1468; x_wconf 88' lang='lat' dir='ltr'><strong>duo</strong></span> <span class='ocrx_word' id='word_1_416' title='bbox 2587 1414 2848 1470; x_wconf 78' lang='lat' dir='ltr'><strong>abscindit</strong></span> <span class='ocrx_word' id='word_1_417' title='bbox 2880 1414 3138 1469; x_wconf 50' lang='lat' dir='ltr'><strong>astra...&#39;..</strong></span> 
     </span>
    </p>
   </div>
   <div class='ocr_carea' id='block_1_61' title="bbox 1905 1531 2716 1601">
    <p class='ocr_par' dir='ltr' id='par_1_61' title="bbox 1905 1531 2716 1601">
     <span class='ocr_line' id='line_1_63' title="bbox 1905 1531 2716 1601; baseline -0.009 -11"><span class='ocrx_word' id='word_1_418' title='bbox 1905 1531 2058 1601; x_wconf 81' lang='lat'><strong>113</strong></span> <span class='ocrx_word' id='word_1_419' title='bbox 2085 1539 2138 1586; x_wconf 91' lang='lat' dir='ltr'><strong>et</strong></span> <span class='ocrx_word' id='word_1_420' title='bbox 2165 1532 2301 1588; x_wconf 89' lang='lat' dir='ltr'><strong>alias</strong></span> <span class='ocrx_word' id='word_1_421' title='bbox 2330 1533 2402 1586; x_wconf 87' lang='lat' dir='ltr'><strong>ita</strong></span> <span class='ocrx_word' id='word_1_422' title='bbox 2436 1531 2675 1601; x_wconf 81' lang='lat' dir='ltr'><strong>loquitur</strong></span> <span class='ocrx_word' id='word_1_423' title='bbox 2700 1545 2716 1584; x_wconf 86' lang='lat'><strong>:</strong></span> 
     </span>
    </p>
   </div>
   <div class='ocr_carea' id='block_1_62' title="bbox 1903 1641 3464 1716">
    <p class='ocr_par' dir='ltr' id='par_1_62' title="bbox 1903 1641 3464 1716">
     <span class='ocr_line' id='line_1_64' title="bbox 1903 1641 3464 1716; baseline -0.001 -21"><span class='ocrx_word' id='word_1_424' title='bbox 1903 1641 2079 1712; x_wconf 85' lang='lat' dir='ltr'><strong>Hujus</strong></span> <span class='ocrx_word' id='word_1_425' title='bbox 2107 1653 2280 1698; x_wconf 89' lang='lat' dir='ltr'><strong>autem</strong></span> <span class='ocrx_word' id='word_1_426' title='bbox 2324 1654 2578 1716; x_wconf 89' lang='lat' dir='ltr'><strong>quantum</strong></span> <span class='ocrx_word' id='word_1_427' title='bbox 2611 1658 2891 1696; x_wconf 88' lang='lat' dir='ltr'><strong>concavum</strong></span> <span class='ocrx_word' id='word_1_428' title='bbox 2941 1642 3034 1696; x_wconf 88' lang='lat' dir='ltr'><strong>sub</strong></span> <span class='ocrx_word' id='word_1_429' title='bbox 3067 1641 3331 1716; x_wconf 65' lang='lat' dir='ltr'><strong>Oceanum</strong></span> <span class='ocrx_word' id='word_1_430' title='bbox 3375 1661 3464 1700; x_wconf 90' lang='lat' dir='ltr'><strong>oc-</strong></span> 
     </span>
    </p>
   </div>
   <div class='ocr_carea' id='block_1_63' title="bbox 3137 1710 3389 1783">
    <p class='ocr_par' dir='ltr' id='par_1_63' title="bbox 3137 1710 3389 1783">
     <span class='ocr_line' id='line_1_65' title="bbox 3137 1710 3389 1783; baseline 0.004 -18"><span class='ocrx_word' id='word_1_431' title='bbox 3137 1710 3355 1783; x_wconf 87' lang='lat' dir='ltr'><strong>[ciderit</strong></span> <span class='ocrx_word' id='word_1_432' title='bbox 3374 1755 3389 1778; x_wconf 87' lang='lat'><strong>,</strong></span> 
     </span>
    </p>
   </div>
   <div class='ocr_carea' id='block_1_64' title="bbox 2945 1797 3463 1848">
    <p class='ocr_par' dir='ltr' id='par_1_64' title="bbox 2945 1797 3463 1848">
     <span class='ocr_line' id='line_1_66' title="bbox 2945 1797 3463 1848; baseline 0.012 -15"><span class='ocrx_word' id='word_1_433' title='bbox 2945 1797 3036 1848; x_wconf 88' lang='lat' dir='ltr'><strong>per</strong></span> <span class='ocrx_word' id='word_1_434' title='bbox 3091 1799 3291 1836; x_wconf 81' lang='lat' dir='ltr'><strong>onmem</strong></span> <span class='ocrx_word' id='word_1_435' title='bbox 3346 1800 3463 1839; x_wconf 83' lang='lat' dir='ltr'><strong>vero</strong></span> 
     </span>
    </p>
   </div>
   <div class='ocr_carea' id='block_1_65' title="bbox 1905 1780 2888 1851">
    <p class='ocr_par' dir='ltr' id='par_1_65' title="bbox 1905 1780 2888 1851">
     <span class='ocr_line' id='line_1_67' title="bbox 1905 1780 2888 1851; baseline -0.006 -13"><span class='ocrx_word' id='word_1_436' title='bbox 1905 1784 2132 1839; x_wconf 90' lang='lat' dir='ltr'><strong>Tantum</strong></span> <span class='ocrx_word' id='word_1_437' title='bbox 2185 1799 2345 1851; x_wconf 87' lang='lat' dir='ltr'><strong>supra</strong></span> <span class='ocrx_word' id='word_1_438' title='bbox 2397 1791 2591 1837; x_wconf 88' lang='lat' dir='ltr'><strong>terram</strong></span> <span class='ocrx_word' id='word_1_439' title='bbox 2653 1780 2820 1850; x_wconf 81' lang='lat' dir='ltr'><strong>fertur</strong></span> <span class='ocrx_word' id='word_1_440' title='bbox 2869 1793 2888 1832; x_wconf 90' lang='lat'><strong><em>:</em></strong></span> 
     </span>
    </p>
   </div>
   <div class='ocr_carea' id='block_1_66' title="bbox 3149 1850 3389 1923">
    <p class='ocr_par' dir='ltr' id='par_1_66' title="bbox 3149 1850 3389 1923">
     <span class='ocr_line' id='line_1_68' title="bbox 3149 1850 3389 1923; baseline 0.008 -18"><span class='ocrx_word' id='word_1_441' title='bbox 3149 1850 3170 1923; x_wconf 81' lang='lat'>[</span> <span class='ocrx_word' id='word_1_442' title='bbox 3191 1862 3389 1907; x_wconf 88' lang='lat' dir='ltr'><strong>noctem</strong></span> 
     </span>
    </p>
   </div>
   <div class='ocr_carea' id='block_1_67' title="bbox 1903 1918 3119 1991">
    <p class='ocr_par' dir='ltr' id='par_1_67' title="bbox 1903 1918 3119 1991">
     <span class='ocr_line' id='line_1_69' title="bbox 1903 1918 3119 1991; baseline -0.004 -14"><span class='ocrx_word' id='word_1_443' title='bbox 1903 1922 2008 1977; x_wconf 75' lang='lat' dir='ltr'><strong>Sea:</strong></span> <span class='ocrx_word' id='word_1_444' title='bbox 2039 1938 2238 1991; x_wconf 81' lang='lat' dir='ltr'><strong>semper</strong></span> <span class='ocrx_word' id='word_1_445' title='bbox 2265 1921 2504 1976; x_wconf 88' lang='lat' dir='ltr'><strong>occidunt</strong></span> <span class='ocrx_word' id='word_1_446' title='bbox 2536 1918 2858 1973; x_wconf 70' lang='lat' dir='ltr'><strong>duodecima</strong></span> <span class='ocrx_word' id='word_1_447' title='bbox 2889 1919 3075 1991; x_wconf 81' lang='lat' dir='ltr'><strong>circuli</strong></span> <span class='ocrx_word' id='word_1_448' title='bbox 3097 1932 3119 1991; x_wconf 84' lang='lat'><strong>_.&#39;</strong></span> 
     </span>
    </p>
   </div>
   <div class='ocr_carea' id='block_1_68' title="bbox 1905 1989 3461 2074">
    <p class='ocr_par' dir='ltr' id='par_1_68' title="bbox 1905 1989 3461 2074">
     <span class='ocr_line' id='line_1_70' title="bbox 1905 1989 3461 2074; baseline 0.001 -27"><span class='ocrx_word' id='word_1_449' title='bbox 1905 1989 2459 2048; x_wconf 44' lang='lat' dir='ltr'><strong>Totidem&#39;oriuntur:</strong></span> <span class='ocrx_word' id='word_1_450' title='bbox 2515 2001 2718 2043; x_wconf 82' lang='lat' dir='ltr'><strong>tantum</strong></span> <span class='ocrx_word' id='word_1_451' title='bbox 2769 2001 2942 2042; x_wconf 82' lang='lat' dir='ltr'><strong>autem</strong></span> <span class='ocrx_word' id='word_1_452' title='bbox 2972 1989 3038 2042; x_wconf 89' lang='lat' dir='ltr'><strong>ad</strong></span> <span class='ocrx_word' id='word_1_453' title='bbox 3086 1989 3461 2074; x_wconf 31' lang='lat' dir='ltr'><strong>lonﬂqitudinem</strong></span> 
     </span>
    </p>
   </div>
   <div class='ocr_carea' id='block_1_69' title="bbox 1905 2049 3393 2199">
    <p class='ocr_par' dir='ltr' id='par_1_69' title="bbox 1905 2049 3393 2199">
     <span class='ocr_line' id='line_1_71' title="bbox 3230 2078 3386 2116; baseline 0.006 -3"><span class='ocrx_word' id='word_1_454' title='bbox 3230 2078 3386 2116; x_wconf 70' lang='lat' dir='ltr'><strong>utrm</strong></span> 
     </span>
     <span class='ocr_line' id='line_1_72' title="bbox 1905 2049 3393 2199; baseline 0.002 -16"><span class='ocrx_word' id='word_1_455' title='bbox 1905 2129 2030 2185; x_wconf 77' lang='lat' dir='ltr'><strong>Nox</strong></span> <span class='ocrx_word' id='word_1_456' title='bbox 2057 2147 2257 2199; x_wconf 80' lang='lat' dir='ltr'><strong>semper</strong></span> <span class='ocrx_word' id='word_1_457' title='bbox 2281 2130 2596 2187; x_wconf 79' lang='lat' dir='ltr'><strong>extenditur.</strong></span> <span class='ocrx_word' id='word_1_458' title='bbox 2625 2138 2878 2199; x_wconf 90' lang='lat' dir='ltr'><strong>quantum</strong></span> <span class='ocrx_word' id='word_1_459' title='bbox 2905 2049 3393 2186; x_wconf 48' lang='lat' dir='ltr'><strong>dimidiun‘i‘bircuii</strong></span> 
     </span>
    </p>
   </div>
   <div class='ocr_carea' id='block_1_70' title="bbox 1906 2199 3227 2268">
    <p class='ocr_par' dir='ltr' id='par_1_70' title="bbox 1906 2199 3227 2268">
     <span class='ocr_line' id='line_1_73' title="bbox 1906 2199 3227 2268; baseline 0 -14"><span class='ocrx_word' id='word_1_460' title='bbox 1906 2199 2123 2255; x_wconf 82' lang='lat' dir='ltr'><strong>Ineunte</strong></span> <span class='ocrx_word' id='word_1_461' title='bbox 2149 2201 2212 2254; x_wconf 90' lang='lat' dir='ltr'><strong>ab</strong></span> <span class='ocrx_word' id='word_1_462' title='bbox 2245 2211 2392 2255; x_wconf 81' lang='lat' dir='ltr'><strong>nocte</strong></span> <span class='ocrx_word' id='word_1_463' title='bbox 2426 2199 2691 2254; x_wconf 77' lang='lat' dir='ltr'><strong>attollitur</strong></span> <span class='ocrx_word' id='word_1_464' title='bbox 2720 2214 2880 2268; x_wconf 83' lang='lat' dir='ltr'><strong>supra</strong></span> <span class='ocrx_word' id='word_1_465' title='bbox 2919 2208 3227 2256; x_wconf 87' lang='lat' dir='ltr'><strong>terram.....</strong></span> 
     </span>
    </p>
   </div>
   <div class='ocr_carea' id='block_1_71' title="bbox 1904 2301 3464 2383">
    <p class='ocr_par' dir='ltr' id='par_1_71' title="bbox 1904 2301 3464 2383">
     <span class='ocr_line' id='line_1_74' title="bbox 1904 2301 3464 2383; baseline 0.001 -16"><span class='ocrx_word' id='word_1_466' title='bbox 1904 2316 1957 2368; x_wconf 85' lang='lat' dir='ltr'><strong>in</strong></span> <span class='ocrx_word' id='word_1_467' title='bbox 1991 2314 2100 2378; x_wconf 89' lang='lat' dir='ltr'><strong>his,</strong></span> <span class='ocrx_word' id='word_1_468' title='bbox 2136 2314 2381 2383; x_wconf 88' lang='lat' dir='ltr'><strong>inquam,</strong></span> <span class='ocrx_word' id='word_1_469' title='bbox 2444 2314 2700 2367; x_wconf 87' lang='lat' dir='ltr'><strong>omnibus</strong></span> <span class='ocrx_word' id='word_1_470' title='bbox 2768 2313 2921 2368; x_wconf 88' lang='lat' dir='ltr'><strong>nulla</strong></span> <span class='ocrx_word' id='word_1_471' title='bbox 2955 2301 3306 2369; x_wconf 67' lang='lat' dir='ltr'><strong>constantem</strong></span> <span class='ocrx_word' id='word_1_472' title='bbox 3339 2313 3464 2368; x_wconf 87' lang='lat' dir='ltr'><strong>lati-</strong></span> 
     </span>
    </p>
   </div>
   <div class='ocr_carea' id='block_1_72' title="bbox 1903 2403 3467 2474">
    <p class='ocr_par' dir='ltr' id='par_1_72' title="bbox 1903 2403 3467 2474">
     <span class='ocr_line' id='line_1_75' title="bbox 1903 2403 3467 2474; baseline 0 -16"><span class='ocrx_word' id='word_1_473' title='bbox 1903 2405 2110 2469; x_wconf 89' lang='lat' dir='ltr'><strong>tudine,</strong></span> <span class='ocrx_word' id='word_1_474' title='bbox 2134 2405 2228 2460; x_wconf 87' lang='lat' dir='ltr'><strong>sed</strong></span> <span class='ocrx_word' id='word_1_475' title='bbox 2261 2405 2381 2472; x_wconf 87' lang='lat' dir='ltr'><strong>ejus</strong></span> <span class='ocrx_word' id='word_1_476' title='bbox 2416 2411 2608 2457; x_wconf 90' lang='lat' dir='ltr'><strong>contra</strong></span> <span class='ocrx_word' id='word_1_477' title='bbox 2641 2404 2859 2473; x_wconf 88' lang='lat' dir='ltr'><strong>penitus</strong></span> <span class='ocrx_word' id='word_1_478' title='bbox 2883 2412 3162 2474; x_wconf 82' lang='lat' dir='ltr'><strong>expertem</strong></span> <span class='ocrx_word' id='word_1_479' title='bbox 3190 2403 3467 2458; x_wconf 80' lang='lat' dir='ltr'><strong>delineare</strong></span> 
     </span>
    </p>
   </div>
   <div class='ocr_carea' id='block_1_73' title="bbox 1902 2494 3468 2567">
    <p class='ocr_par' dir='ltr' id='par_1_73' title="bbox 1902 2494 3468 2567">
     <span class='ocr_line' id='line_1_76' title="bbox 1902 2494 3468 2567; baseline 0 -16"><span class='ocrx_word' id='word_1_480' title='bbox 1902 2497 2165 2551; x_wconf 86' lang='lat' dir='ltr'><strong>circulum</strong></span> <span class='ocrx_word' id='word_1_481' title='bbox 2221 2496 2351 2549; x_wconf 91' lang='lat' dir='ltr'><strong>mihi</strong></span> <span class='ocrx_word' id='word_1_482' title='bbox 2384 2497 2601 2567; x_wconf 86' lang='lat' dir='ltr'><strong>quidem</strong></span> <span class='ocrx_word' id='word_1_483' title='bbox 2630 2498 2846 2552; x_wconf 88' lang='lat' dir='ltr'><strong>videtur</strong></span> <span class='ocrx_word' id='word_1_484' title='bbox 2896 2514 2910 2550; x_wconf 89' lang='lat'><strong>:</strong></span> <span class='ocrx_word' id='word_1_485' title='bbox 2958 2496 3226 2566; x_wconf 85' lang='lat' dir='ltr'><strong>siquidem</strong></span> <span class='ocrx_word' id='word_1_486' title='bbox 3280 2494 3468 2566; x_wconf 86' lang='lat' dir='ltr'><strong>conje-</strong></span> 
     </span>
    </p>
   </div>
   <div class='ocr_carea' id='block_1_74' title="bbox 1903 2587 3462 2657">
    <p class='ocr_par' dir='ltr' id='par_1_74' title="bbox 1903 2587 3462 2657">
     <span class='ocr_line' id='line_1_77' title="bbox 1903 2587 3462 2657; baseline -0.001 -15"><span class='ocrx_word' id='word_1_487' title='bbox 1903 2595 2024 2642; x_wconf 88' lang='lat' dir='ltr'><strong>ctus</strong></span> <span class='ocrx_word' id='word_1_488' title='bbox 2052 2587 2193 2642; x_wconf 88' lang='lat' dir='ltr'><strong>oculi</strong></span> <span class='ocrx_word' id='word_1_489' title='bbox 2229 2598 2414 2642; x_wconf 91' lang='lat' dir='ltr'><strong>rectus</strong></span> <span class='ocrx_word' id='word_1_490' title='bbox 2445 2597 2566 2642; x_wconf 90' lang='lat' dir='ltr'><strong>est:</strong></span> <span class='ocrx_word' id='word_1_491' title='bbox 2617 2588 2868 2657; x_wconf 87' lang='lat' dir='ltr'><strong>idemque</strong></span> <span class='ocrx_word' id='word_1_492' title='bbox 2924 2591 3101 2642; x_wconf 83' lang='lat' dir='ltr'><strong>sexies</strong></span> <span class='ocrx_word' id='word_1_493' title='bbox 3136 2587 3462 2651; x_wconf 82' lang='lat' dir='ltr'><strong>maximum,</strong></span> 
     </span>
    </p>
   </div>
   <div class='ocr_carea' id='block_1_75' title="bbox 1901 2675 3463 2746">
    <p class='ocr_par' dir='ltr' id='par_1_75' title="bbox 1901 2675 3463 2746">
     <span class='ocr_line' id='line_1_78' title="bbox 1901 2675 3463 2746; baseline -0.001 -14"><span class='ocrx_word' id='word_1_494' title='bbox 1901 2685 1954 2732; x_wconf 87' lang='lat' dir='ltr'><strong>et</strong></span> <span class='ocrx_word' id='word_1_495' title='bbox 1993 2675 2275 2730; x_wconf 79' lang='lat' dir='ltr'><strong>latitudine</strong></span> <span class='ocrx_word' id='word_1_496' title='bbox 2304 2684 2576 2732; x_wconf 85' lang='lat' dir='ltr'><strong>carentem</strong></span> <span class='ocrx_word' id='word_1_497' title='bbox 2599 2717 2613 2740; x_wconf 94' lang='lat'><strong>,</strong></span> <span class='ocrx_word' id='word_1_498' title='bbox 2645 2693 2754 2730; x_wconf 89' lang='lat' dir='ltr'><strong>non</strong></span> <span class='ocrx_word' id='word_1_499' title='bbox 2797 2693 2859 2732; x_wconf 87' lang='lat' dir='ltr'><strong>ca</strong></span> <span class='ocrx_word' id='word_1_500' title='bbox 2891 2677 3173 2746; x_wconf 71' lang='lat' dir='ltr'><strong>praeditum</strong></span> <span class='ocrx_word' id='word_1_501' title='bbox 3199 2677 3463 2731; x_wconf 88' lang='lat' dir='ltr'><strong>circulum</strong></span> 
     </span>
    </p>
   </div>
   <div class='ocr_carea' id='block_1_76' title="bbox 1903 2767 3464 2840">
    <p class='ocr_par' dir='ltr' id='par_1_76' title="bbox 1903 2767 3464 2840">
     <span class='ocr_line' id='line_1_79' title="bbox 1903 2767 3464 2840; baseline 0 -17"><span class='ocrx_word' id='word_1_502' title='bbox 1903 2769 2160 2823; x_wconf 89' lang='lat' dir='ltr'><strong>metitur:</strong></span> <span class='ocrx_word' id='word_1_503' title='bbox 2194 2767 2401 2824; x_wconf 82' lang='lat' dir='ltr'><strong>zodiaci</strong></span> <span class='ocrx_word' id='word_1_504' title='bbox 2445 2785 2660 2840; x_wconf 90' lang='lat' dir='ltr'><strong>quoque</strong></span> <span class='ocrx_word' id='word_1_505' title='bbox 2703 2771 2933 2840; x_wconf 83' lang='lat' dir='ltr'><strong>singulis</strong></span> <span class='ocrx_word' id='word_1_506' title='bbox 2983 2770 3209 2834; x_wconf 90' lang='lat' dir='ltr'><strong>diebus,</strong></span> <span class='ocrx_word' id='word_1_507' title='bbox 3265 2784 3328 2824; x_wconf 88' lang='lat' dir='ltr'><strong>ac</strong></span> <span class='ocrx_word' id='word_1_508' title='bbox 3363 2785 3464 2824; x_wconf 85' lang='lat' dir='ltr'><strong>no-</strong></span> 
     </span>
    </p>
   </div>
   <div class='ocr_carea' id='block_1_77' title="bbox 1902 2860 3462 2925">
    <p class='ocr_par' dir='ltr' id='par_1_77' title="bbox 1902 2860 3462 2925">
     <span class='ocr_line' id='line_1_80' title="bbox 1902 2860 3462 2925; baseline 0 -11"><span class='ocrx_word' id='word_1_509' title='bbox 1902 2861 2081 2915; x_wconf 89' lang='lat' dir='ltr'><strong>ctibus</strong></span> <span class='ocrx_word' id='word_1_510' title='bbox 2107 2860 2482 2916; x_wconf 88' lang='lat' dir='ltr'><strong>semicirculus</strong></span> <span class='ocrx_word' id='word_1_511' title='bbox 2528 2861 2704 2915; x_wconf 88' lang='lat' dir='ltr'><strong>oritur</strong></span> <span class='ocrx_word' id='word_1_512' title='bbox 2752 2870 2806 2915; x_wconf 91' lang='lat' dir='ltr'><strong>et</strong></span> <span class='ocrx_word' id='word_1_513' title='bbox 2849 2860 3070 2925; x_wconf 90' lang='lat' dir='ltr'><strong>occidit,</strong></span> <span class='ocrx_word' id='word_1_514' title='bbox 3106 2876 3230 2916; x_wconf 92' lang='lat' dir='ltr'><strong>cum</strong></span> <span class='ocrx_word' id='word_1_515' title='bbox 3282 2861 3361 2917; x_wconf 92' lang='lat' dir='ltr'><strong>sol</strong></span> <span class='ocrx_word' id='word_1_516' title='bbox 3402 2863 3462 2915; x_wconf 82' lang='lat' dir='ltr'><strong>in</strong></span> 
     </span>
    </p>
   </div>
   <div class='ocr_carea' id='block_1_78' title="bbox 1903 2951 3468 3022">
    <p class='ocr_par' dir='ltr' id='par_1_78' title="bbox 1903 2951 3468 3022">
     <span class='ocr_line' id='line_1_81' title="bbox 1903 2951 3468 3022; baseline 0.001 -18"><span class='ocrx_word' id='word_1_517' title='bbox 1903 2951 2112 3005; x_wconf 88' lang='lat' dir='ltr'><strong>circulo</strong></span> <span class='ocrx_word' id='word_1_518' title='bbox 2143 2966 2318 3020; x_wconf 83' lang='lat' dir='ltr'><strong>neque</strong></span> <span class='ocrx_word' id='word_1_519' title='bbox 2365 2951 2473 3005; x_wconf 82' lang='lat' dir='ltr'><strong>lato</strong></span> <span class='ocrx_word' id='word_1_520' title='bbox 2521 2962 2574 3006; x_wconf 90' lang='lat' dir='ltr'><strong>et</strong></span> <span class='ocrx_word' id='word_1_521' title='bbox 2616 2951 2792 3006; x_wconf 88' lang='lat' dir='ltr'><strong>media</strong></span> <span class='ocrx_word' id='word_1_522' title='bbox 2822 2953 2976 3022; x_wconf 85' lang='lat' dir='ltr'><strong>signa</strong></span> <span class='ocrx_word' id='word_1_523' title='bbox 3021 2961 3329 3022; x_wconf 84' lang='lat' dir='ltr'><strong>permeante</strong></span> <span class='ocrx_word' id='word_1_524' title='bbox 3359 2952 3468 3006; x_wconf 81' lang='lat' dir='ltr'><strong>fer-</strong></span> 
     </span>
    </p>
   </div>
   <div class='ocr_carea' id='block_1_79' title="bbox 1907 3043 3466 3112">
    <p class='ocr_par' dir='ltr' id='par_1_79' title="bbox 1907 3043 3466 3112">
     <span class='ocr_line' id='line_1_82' title="bbox 1907 3043 3466 3112; baseline 0.001 -18"><span class='ocrx_word' id='word_1_525' title='bbox 1907 3049 1994 3094; x_wconf 88' lang='lat' dir='ltr'><strong>tur</strong></span> <span class='ocrx_word' id='word_1_526' title='bbox 2023 3061 2036 3096; x_wconf 90' lang='lat'><strong>:</strong></span> <span class='ocrx_word' id='word_1_527' title='bbox 2071 3043 2216 3112; x_wconf 90' lang='lat' dir='ltr'><strong>quod</strong></span> <span class='ocrx_word' id='word_1_528' title='bbox 2252 3043 2364 3098; x_wconf 83' lang='lat' dir='ltr'><strong>ﬁeri</strong></span> <span class='ocrx_word' id='word_1_529' title='bbox 2397 3057 2507 3097; x_wconf 91' lang='lat' dir='ltr'><strong>non</strong></span> <span class='ocrx_word' id='word_1_530' title='bbox 2539 3051 2746 3112; x_wconf 83' lang='lat' dir='ltr'><strong>posset,</strong></span> <span class='ocrx_word' id='word_1_531' title='bbox 2772 3044 2817 3098; x_wconf 88' lang='lat' dir='ltr'><strong>si</strong></span> <span class='ocrx_word' id='word_1_532' title='bbox 2842 3044 3144 3099; x_wconf 88' lang='lat' dir='ltr'><strong>latitudinis</strong></span> <span class='ocrx_word' id='word_1_533' title='bbox 3183 3043 3231 3098; x_wconf 89' lang='lat' dir='ltr'><strong>ei</strong></span> <span class='ocrx_word' id='word_1_534' title='bbox 3259 3043 3466 3098; x_wconf 90' lang='lat' dir='ltr'><strong>circulo</strong></span> 
     </span>
    </p>
   </div>
   <div class='ocr_carea' id='block_1_80' title="bbox 1908 3129 3468 3202">
    <p class='ocr_par' dir='ltr' id='par_1_80' title="bbox 1908 3129 3468 3202">
     <span class='ocr_line' id='line_1_83' title="bbox 1908 3129 3468 3202; baseline 0.003 -20"><span class='ocrx_word' id='word_1_535' title='bbox 1908 3129 2110 3199; x_wconf 89' lang='lat' dir='ltr'><strong>aliquid</strong></span> <span class='ocrx_word' id='word_1_536' title='bbox 2143 3130 2366 3186; x_wconf 87' lang='lat' dir='ltr'><strong>inesset.</strong></span> <span class='ocrx_word' id='word_1_537' title='bbox 2417 3129 2604 3187; x_wconf 89' lang='lat' dir='ltr'><strong>Potest</strong></span> <span class='ocrx_word' id='word_1_538' title='bbox 2636 3143 2688 3186; x_wconf 91' lang='lat' dir='ltr'><strong>et</strong></span> <span class='ocrx_word' id='word_1_539' title='bbox 2727 3132 2850 3187; x_wconf 87' lang='lat' dir='ltr'><strong>aliis</strong></span> <span class='ocrx_word' id='word_1_540' title='bbox 2880 3133 3255 3202; x_wconf 84' lang='lat' dir='ltr'><strong>compluribus</strong></span> <span class='ocrx_word' id='word_1_541' title='bbox 3307 3147 3468 3202; x_wconf 83' lang='lat' dir='ltr'><strong>argu-</strong></span> 
     </span>
    </p>
   </div>
   <div class='ocr_carea' id='block_1_81' title="bbox 1909 3221 3468 3288">
    <p class='ocr_par' dir='ltr' id='par_1_81' title="bbox 1909 3221 3468 3288">
     <span class='ocr_line' id='line_1_84' title="bbox 1909 3221 3468 3288; baseline 0.001 -14"><span class='ocrx_word' id='word_1_542' title='bbox 1909 3222 2104 3276; x_wconf 88' lang='lat' dir='ltr'><strong>mentis</strong></span> <span class='ocrx_word' id='word_1_543' title='bbox 2129 3222 2339 3278; x_wconf 88' lang='lat' dir='ltr'><strong>ostendi</strong></span> <span class='ocrx_word' id='word_1_544' title='bbox 2365 3239 2380 3288; x_wconf 90' lang='lat'><strong>;</strong></span> <span class='ocrx_word' id='word_1_545' title='bbox 2417 3237 2525 3277; x_wconf 89' lang='lat' dir='ltr'><strong>non</strong></span> <span class='ocrx_word' id='word_1_546' title='bbox 2577 3223 2736 3277; x_wconf 86' lang='lat' dir='ltr'><strong>aliter</strong></span> <span class='ocrx_word' id='word_1_547' title='bbox 2770 3237 2834 3276; x_wconf 88' lang='lat' dir='ltr'><strong>ac</strong></span> <span class='ocrx_word' id='word_1_548' title='bbox 2864 3222 3228 3279; x_wconf 87' lang='lat' dir='ltr'><strong>mathematici</strong></span> <span class='ocrx_word' id='word_1_549' title='bbox 3258 3221 3468 3276; x_wconf 81' lang='lat' dir='ltr'><strong>iaciunt</strong></span> 
     </span>
    </p>
   </div>
   <div class='ocr_carea' id='block_1_82' title="bbox 1907 3313 3325 3370">
    <p class='ocr_par' dir='ltr' id='par_1_82' title="bbox 1907 3313 3325 3370">
     <span class='ocr_line' id='line_1_85' title="bbox 1907 3313 3325 3370; baseline 0 -4"><span class='ocrx_word' id='word_1_550' title='bbox 1907 3313 2190 3367; x_wconf 87' lang='lat' dir='ltr'><strong>latitudine</strong></span> <span class='ocrx_word' id='word_1_551' title='bbox 2218 3323 2466 3369; x_wconf 88' lang='lat' dir='ltr'><strong>carentes</strong></span> <span class='ocrx_word' id='word_1_552' title='bbox 2496 3314 2733 3368; x_wconf 89' lang='lat' dir='ltr'><strong>circulos</strong></span> <span class='ocrx_word' id='word_1_553' title='bbox 2751 3313 2819 3368; x_wconf 87' lang='lat' dir='ltr'><strong>ab</strong></span> <span class='ocrx_word' id='word_1_554' title='bbox 2846 3313 3014 3369; x_wconf 78' lang='lat' dir='ltr'><strong>Arato</strong></span> <span class='ocrx_word' id='word_1_555' title='bbox 3047 3315 3325 3370; x_wconf 88' lang='lat' dir='ltr'><strong>constitui.</strong></span> 
     </span>
    </p>
   </div>
   <div class='ocr_carea' id='block_1_83' title="bbox 1981 3402 3466 3475">
    <p class='ocr_par' dir='ltr' id='par_1_83' title="bbox 1981 3402 3466 3475">
     <span class='ocr_line' id='line_1_86' title="bbox 1981 3402 3466 3475; baseline 0 -19"><span class='ocrx_word' id='word_1_556' title='bbox 1981 3402 2144 3456; x_wconf 83' lang='lat' dir='ltr'><strong>XXII.</strong></span> <span class='ocrx_word' id='word_1_557' title='bbox 2165 3403 2238 3459; x_wconf 89' lang='lat' dir='ltr'><strong>De</strong></span> <span class='ocrx_word' id='word_1_558' title='bbox 2252 3405 2427 3460; x_wconf 86' lang='lat' dir='ltr'><strong>lacteo</strong></span> <span class='ocrx_word' id='word_1_559' title='bbox 2444 3420 2570 3459; x_wconf 86' lang='lat' dir='ltr'><strong>vero</strong></span> <span class='ocrx_word' id='word_1_560' title='bbox 2585 3404 2792 3460; x_wconf 89' lang='lat' dir='ltr'><strong>circulo</strong></span> <span class='ocrx_word' id='word_1_561' title='bbox 2809 3404 3061 3475; x_wconf 88' lang='lat' dir='ltr'><strong>deinceps</strong></span> <span class='ocrx_word' id='word_1_562' title='bbox 3079 3420 3241 3475; x_wconf 83' lang='lat' dir='ltr'><strong>agens</strong></span> <span class='ocrx_word' id='word_1_563' title='bbox 3256 3403 3466 3468; x_wconf 84' lang='lat' dir='ltr'><strong>scribit,</strong></span> 
     </span>
    </p>
   </div>
   <div class='ocr_carea' id='block_1_84' title="bbox 1906 3496 3466 3569">
    <p class='ocr_par' dir='ltr' id='par_1_84' title="bbox 1906 3496 3466 3569">
     <span class='ocr_line' id='line_1_87' title="bbox 1906 3496 3466 3569; baseline 0.001 -18"><span class='ocrx_word' id='word_1_564' title='bbox 1906 3512 1937 3551; x_wconf 89' lang='lat' dir='ltr'><strong>e</strong></span> <span class='ocrx_word' id='word_1_565' title='bbox 1963 3496 2186 3551; x_wconf 85' lang='lat' dir='ltr'><strong>circulis</strong></span> <span class='ocrx_word' id='word_1_566' title='bbox 2204 3504 2438 3566; x_wconf 88' lang='lat' dir='ltr'><strong>quatuor</strong></span> <span class='ocrx_word' id='word_1_567' title='bbox 2467 3496 2604 3552; x_wconf 89' lang='lat' dir='ltr'><strong>duos</strong></span> <span class='ocrx_word' id='word_1_568' title='bbox 2628 3498 2862 3567; x_wconf 74' lang='lat' dir='ltr'><strong>mquales</strong></span> <span class='ocrx_word' id='word_1_569' title='bbox 2887 3513 3039 3563; x_wconf 86' lang='lat' dir='ltr'><strong>esse;</strong></span> <span class='ocrx_word' id='word_1_570' title='bbox 3072 3499 3305 3569; x_wconf 88' lang='lat' dir='ltr'><strong>reliquos</strong></span> <span class='ocrx_word' id='word_1_571' title='bbox 3327 3496 3466 3553; x_wconf 77' lang='lat' dir='ltr'><strong>duos</strong></span> 
     </span>
    </p>
   </div>
   <div class='ocr_carea' id='block_1_85' title="bbox 1907 3586 2974 3657">
    <p class='ocr_par' dir='ltr' id='par_1_85' title="bbox 1907 3586 2974 3657">
     <span class='ocr_line' id='line_1_88' title="bbox 1907 3586 2974 3657; baseline 0.002 -17"><span class='ocrx_word' id='word_1_572' title='bbox 1907 3586 2049 3641; x_wconf 89' lang='lat' dir='ltr'><strong>haud</strong></span> <span class='ocrx_word' id='word_1_573' title='bbox 2079 3587 2240 3657; x_wconf 89' lang='lat' dir='ltr'><strong>paulo</strong></span> <span class='ocrx_word' id='word_1_574' title='bbox 2271 3588 2530 3651; x_wconf 84' lang='lat' dir='ltr'><strong>minores,</strong></span> <span class='ocrx_word' id='word_1_575' title='bbox 2562 3588 2646 3643; x_wconf 85' lang='lat' dir='ltr'><strong>his</strong></span> <span class='ocrx_word' id='word_1_576' title='bbox 2680 3588 2925 3642; x_wconf 70' lang='lat' dir='ltr'><strong>versibus</strong></span> <span class='ocrx_word' id='word_1_577' title='bbox 2962 3607 2974 3642; x_wconf 91' lang='lat'><strong>:</strong></span> 
     </span>
    </p>
   </div>
   <div class='ocr_carea' id='block_1_86' title="bbox 1911 3697 3465 3839">
    <p class='ocr_par' dir='ltr' id='par_1_86' title="bbox 1911 3697 3465 3839">
     <span class='ocr_line' id='line_1_89' title="bbox 1911 3697 3465 3839; baseline -0.001 -87"><span class='ocrx_word' id='word_1_578' title='bbox 1911 3697 2051 3752; x_wconf 88' lang='lat' dir='ltr'><strong>Huic</strong></span> <span class='ocrx_word' id='word_1_579' title='bbox 2098 3715 2252 3767; x_wconf 87' lang='lat' dir='ltr'><strong>porro</strong></span> <span class='ocrx_word' id='word_1_580' title='bbox 2300 3699 2470 3753; x_wconf 86' lang='lat' dir='ltr'><strong>colore</strong></span> <span class='ocrx_word' id='word_1_581' title='bbox 2507 3698 2714 3769; x_wconf 87' lang='lat' dir='ltr'><strong>quidem</strong></span> <span class='ocrx_word' id='word_1_582' title='bbox 2760 3699 2948 3752; x_wconf 77' lang='lat' dir='ltr'><strong>similis</strong></span> <span class='ocrx_word' id='word_1_583' title='bbox 2997 3697 3170 3839; x_wconf 68' lang='lat' dir='ltr'><strong>nulluls</strong></span> <span class='ocrx_word' id='word_1_584' title='bbox 3213 3706 3465 3820; x_wconf 64' lang='lat' dir='ltr'><strong>pra&#39;lterea</strong></span> 
     </span>
     <span class='ocr_line' id='line_1_90' title="bbox 2928 3783 3401 3821; baseline -0.002 0"><span class='ocrx_word' id='word_1_585' title='bbox 2928 3784 2931 3785; x_wconf 66' lang='lat'><strong><em>&#39;</em></strong></span> <span class='ocrx_word' id='word_1_586' title='bbox 3176 3783 3312 3821; x_wconf 70' lang='lat' dir='ltr'><strong>circa</strong></span> <span class='ocrx_word' id='word_1_587' title='bbox 3340 3784 3401 3820; x_wconf 84' lang='lat' dir='ltr'><strong>us</strong></span> 
     </span>
    </p>
   </div>
   <div class='ocr_carea' id='block_1_87' title="bbox 2928 3783 3401 3821">
    <p class='ocr_par' dir='ltr' id='par_1_87' title="bbox 2928 3783 3401 3821">
     <span class='ocr_line' id='line_1_91' title="bbox 2928 3783 3401 3821; baseline -0.002 0"><span class='ocrx_word' id='word_1_588' title='bbox 2928 3784 2931 3785; x_wconf 52' lang='grc'><strong><em>⁷</em></strong></span> <span class='ocrx_word' id='word_1_589' title='bbox 3139 3783 3149 3821; x_wconf 95' lang='lat' dir='ltr'>I</span> <span class='ocrx_word' id='word_1_590' title='bbox 3176 3783 3401 3821; x_wconf 70' lang='lat' dir='ltr'><strong>cxrcutus</strong></span> 
     </span>
    </p>
   </div>
   <div class='ocr_carea' id='block_1_88' title="bbox 1919 3838 3468 3909">
    <p class='ocr_par' dir='ltr' id='par_1_88' title="bbox 1919 3838 3468 3909">
     <span class='ocr_line' id='line_1_92' title="bbox 1919 3838 3468 3909; baseline -0.001 -17"><span class='ocrx_word' id='word_1_591' title='bbox 1919 3838 2168 3909; x_wconf 73' lang='lat' dir='ltr'><strong>Yersatur</strong></span> <span class='ocrx_word' id='word_1_592' title='bbox 2185 3855 2203 3891; x_wconf 92' lang='lat'><strong><em>:</em></strong></span> <span class='ocrx_word' id='word_1_593' title='bbox 2225 3839 2313 3892; x_wconf 83' lang='lat' dir='ltr'><strong>sed</strong></span> <span class='ocrx_word' id='word_1_594' title='bbox 2333 3839 2690 3909; x_wconf 87' lang='lat' dir='ltr'><strong>magnitudine</strong></span> <span class='ocrx_word' id='word_1_595' title='bbox 2710 3839 2843 3892; x_wconf 86' lang='lat' dir='ltr'><strong>tanti</strong></span> <span class='ocrx_word' id='word_1_596' title='bbox 2864 3847 3088 3908; x_wconf 84' lang='lat' dir='ltr'><strong>quatuor</strong></span> <span class='ocrx_word' id='word_1_597' title='bbox 3107 3838 3468 3892; x_wconf 60' lang='lat' dir='ltr'><strong>exsistentium</strong></span> 
     </span>
    </p>
   </div>
   <div class='ocr_carea' id='block_1_89' title="bbox 1909 3908 3238 3979">
    <p class='ocr_par' dir='ltr' id='par_1_89' title="bbox 1909 3908 3238 3979">
     <span class='ocr_line' id='line_1_93' title="bbox 1909 3908 3238 3979; baseline 0.002 -18"><span class='ocrx_word' id='word_1_598' title='bbox 1909 3908 2060 3972; x_wconf 90' lang='lat' dir='ltr'><strong>Duo;</strong></span> <span class='ocrx_word' id='word_1_599' title='bbox 2087 3909 2190 3961; x_wconf 88' lang='lat' dir='ltr'><strong>duo</strong></span> <span class='ocrx_word' id='word_1_600' title='bbox 2217 3925 2332 3963; x_wconf 80' lang='lat' dir='ltr'><strong>vero</strong></span> <span class='ocrx_word' id='word_1_601' title='bbox 2361 3908 2488 3979; x_wconf 64' lang='lat' dir='ltr'><strong>ipsis</strong></span> <span class='ocrx_word' id='word_1_602' title='bbox 2523 3909 2670 3979; x_wconf 88' lang='lat' dir='ltr'><strong>longe</strong></span> <span class='ocrx_word' id='word_1_603' title='bbox 2701 3911 2923 3964; x_wconf 86' lang='lat' dir='ltr'><strong>minores</strong></span> <span class='ocrx_word' id='word_1_604' title='bbox 2948 3910 3238 3963; x_wconf 87' lang='lat' dir='ltr'><strong>volvuntur.</strong></span> 
     </span>
    </p>
   </div>
   <div class='ocr_carea' id='block_1_90' title="bbox 1981 4020 3470 4094">
    <p class='ocr_par' dir='ltr' id='par_1_90' title="bbox 1981 4020 3470 4094">
     <span class='ocr_line' id='line_1_94' title="bbox 1981 4020 3470 4094; baseline -0.001 -18"><span class='ocrx_word' id='word_1_605' title='bbox 1981 4024 2137 4090; x_wconf 87' lang='lat' dir='ltr'><strong>Quod</strong></span> <span class='ocrx_word' id='word_1_606' title='bbox 2189 4023 2365 4094; x_wconf 89' lang='lat' dir='ltr'><strong>ipsum</strong></span> <span class='ocrx_word' id='word_1_607' title='bbox 2415 4039 2483 4078; x_wconf 85' lang='lat' dir='ltr'><strong>ne</strong></span> <span class='ocrx_word' id='word_1_608' title='bbox 2529 4038 2715 4079; x_wconf 89' lang='lat' dir='ltr'><strong>carere</strong></span> <span class='ocrx_word' id='word_1_609' title='bbox 2774 4025 2989 4094; x_wconf 86' lang='lat' dir='ltr'><strong>quidem</strong></span> <span class='ocrx_word' id='word_1_610' title='bbox 3046 4020 3470 4093; x_wconf 80' lang='lat' dir='ltr'><strong>reprehensione</strong></span> 
     </span>
    </p>
   </div>
   <div class='ocr_carea' id='block_1_91' title="bbox 1909 4111 3472 4174">
    <p class='ocr_par' dir='ltr' id='par_1_91' title="bbox 1909 4111 3472 4174">
     <span class='ocr_line' id='line_1_95' title="bbox 1909 4111 3472 4174; baseline -0.004 -6"><span class='ocrx_word' id='word_1_611' title='bbox 1909 4115 2040 4168; x_wconf 90' lang='lat' dir='ltr'><strong>mihi</strong></span> <span class='ocrx_word' id='word_1_612' title='bbox 2082 4113 2298 4168; x_wconf 81' lang='lat' dir='ltr'><strong>videtur</strong></span> <span class='ocrx_word' id='word_1_613' title='bbox 2348 4112 2418 4167; x_wconf 86' lang='lat' dir='ltr'><strong>ab</strong></span> <span class='ocrx_word' id='word_1_614' title='bbox 2467 4128 2532 4167; x_wconf 92' lang='lat' dir='ltr'><strong>eo</strong></span> <span class='ocrx_word' id='word_1_615' title='bbox 2567 4112 2801 4174; x_wconf 88' lang='lat' dir='ltr'><strong>dictum,</strong></span> <span class='ocrx_word' id='word_1_616' title='bbox 2854 4112 3026 4165; x_wconf 89' lang='lat' dir='ltr'><strong>multo</strong></span> <span class='ocrx_word' id='word_1_617' title='bbox 3076 4111 3315 4166; x_wconf 85' lang='lat' dir='ltr'><strong>minores</strong></span> <span class='ocrx_word' id='word_1_618' title='bbox 3346 4124 3472 4164; x_wconf 81' lang='lat' dir='ltr'><strong>esse</strong></span> 
     </span>
    </p>
   </div>
   <div class='ocr_carea' id='block_1_92' title="bbox 1909 4198 3466 4274">
    <p class='ocr_par' dir='ltr' id='par_1_92' title="bbox 1909 4198 3466 4274">
     <span class='ocr_line' id='line_1_96' title="bbox 1909 4198 3466 4274; baseline -0.004 -18"><span class='ocrx_word' id='word_1_619' title='bbox 1909 4204 2148 4274; x_wconf 84' lang='lat' dir='ltr'><strong>tropicos</strong></span> <span class='ocrx_word' id='word_1_620' title='bbox 2212 4201 2576 4272; x_wconf 76' lang='lat' dir='ltr'><strong>aequinoctiali</strong></span> <span class='ocrx_word' id='word_1_621' title='bbox 2642 4216 2706 4256; x_wconf 86' lang='lat' dir='ltr'><strong>ac</strong></span> <span class='ocrx_word' id='word_1_622' title='bbox 2777 4201 3034 4264; x_wconf 86' lang='lat' dir='ltr'><strong>zodiaco;</strong></span> <span class='ocrx_word' id='word_1_623' title='bbox 3095 4201 3278 4255; x_wconf 87' lang='lat' dir='ltr'><strong>minus</strong></span> <span class='ocrx_word' id='word_1_624' title='bbox 3323 4198 3466 4254; x_wconf 87' lang='lat' dir='ltr'><strong>enim</strong></span> 
     </span>
    </p>
   </div>
   <div class='ocr_carea' id='block_1_93' title="bbox 1910 4278 3342 4366">
    <p class='ocr_par' dir='ltr' id='par_1_93' title="bbox 1910 4278 3342 4366">
     <span class='ocr_line' id='line_1_97' title="bbox 1910 4278 3342 4366; baseline -0.004 -17"><span class='ocrx_word' id='word_1_625' title='bbox 1910 4296 2196 4350; x_wconf 88' lang='lat' dir='ltr'><strong>undecima</strong></span> <span class='ocrx_word' id='word_1_626' title='bbox 2228 4303 2381 4366; x_wconf 85' lang='lat' dir='ltr'><strong>parte</strong></span> <span class='ocrx_word' id='word_1_627' title='bbox 2415 4295 2482 4349; x_wconf 87' lang='lat' dir='ltr'><strong>ab</strong></span> <span class='ocrx_word' id='word_1_628' title='bbox 2507 4293 2594 4350; x_wconf 90' lang='lat' dir='ltr'><strong>his</strong></span> <span class='ocrx_word' id='word_1_629' title='bbox 2623 4295 2699 4347; x_wconf 90' lang='lat' dir='ltr'><strong>illi</strong></span> <span class='ocrx_word' id='word_1_630' title='bbox 2735 4300 3082 4363; x_wconf 88' lang='lat' dir='ltr'><strong>superantur.</strong></span> <span class='ocrx_word' id='word_1_631' title='bbox 3338 4278 3342 4283; x_wconf 74' lang='grc'><strong>’</strong></span> 
     </span>
    </p>
   </div>
   <div class='ocr_carea' id='block_1_94' title="bbox 1979 4381 3468 4455">
    <p class='ocr_par' dir='ltr' id='par_1_94' title="bbox 1979 4381 3468 4455">
     <span class='ocr_line' id='line_1_98' title="bbox 1979 4381 3468 4455; baseline -0.004 -16"><span class='ocrx_word' id='word_1_632' title='bbox 1979 4385 2054 4441; x_wconf 89' lang='lat' dir='ltr'><strong>De</strong></span> <span class='ocrx_word' id='word_1_633' title='bbox 2078 4387 2279 4448; x_wconf 89' lang='lat' dir='ltr'><strong>stellis,</strong></span> <span class='ocrx_word' id='word_1_634' title='bbox 2323 4401 2444 4455; x_wconf 69' lang='lat' dir='ltr'><strong>qua:</strong></span> <span class='ocrx_word' id='word_1_635' title='bbox 2501 4386 2552 4438; x_wconf 92' lang='lat' dir='ltr'><strong>in</strong></span> <span class='ocrx_word' id='word_1_636' title='bbox 2586 4391 2819 4454; x_wconf 89' lang='lat' dir='ltr'><strong>utroque</strong></span> <span class='ocrx_word' id='word_1_637' title='bbox 2876 4385 3106 4454; x_wconf 88' lang='lat' dir='ltr'><strong>tr0pico.</strong></span> <span class='ocrx_word' id='word_1_638' title='bbox 3142 4391 3196 4436; x_wconf 88' lang='lat' dir='ltr'><strong>et</strong></span> <span class='ocrx_word' id='word_1_639' title='bbox 3227 4381 3468 4451; x_wconf 69' lang='lat' dir='ltr'><strong>aequino-</strong></span> 
     </span>
    </p>
   </div>
   <div class='ocr_carea' id='block_1_95' title="bbox 1911 4472 3396 4541">
    <p class='ocr_par' dir='ltr' id='par_1_95' title="bbox 1911 4472 3396 4541">
     <span class='ocr_line' id='line_1_99' title="bbox 1911 4472 3396 4541; baseline -0.003 -8"><span class='ocrx_word' id='word_1_640' title='bbox 1911 4479 2058 4533; x_wconf 88' lang='lat' dir='ltr'><strong>ctiali</strong></span> <span class='ocrx_word' id='word_1_641' title='bbox 2090 4479 2208 4534; x_wconf 81' lang='lat' dir='ltr'><strong>sitae</strong></span> <span class='ocrx_word' id='word_1_642' title='bbox 2239 4485 2388 4541; x_wconf 88' lang='lat' dir='ltr'><strong>sunt,</strong></span> <span class='ocrx_word' id='word_1_643' title='bbox 2423 4477 2569 4530; x_wconf 86' lang='lat' dir='ltr'><strong>hunc</strong></span> <span class='ocrx_word' id='word_1_644' title='bbox 2599 4477 2654 4530; x_wconf 92' lang='lat' dir='ltr'><strong>in</strong></span> <span class='ocrx_word' id='word_1_645' title='bbox 2684 4474 2904 4530; x_wconf 89' lang='lat' dir='ltr'><strong>modum</strong></span> <span class='ocrx_word' id='word_1_646' title='bbox 2937 4474 3130 4530; x_wconf 88' lang='lat' dir='ltr'><strong>scribit</strong></span> <span class='ocrx_word' id='word_1_647' title='bbox 3157 4472 3396 4528; x_wconf 81' lang='lat' dir='ltr'><strong>Aratus;</strong></span> 
     </span>
    </p>
   </div>
   <div class='ocr_carea' id='block_1_96' title="bbox 1917 4693 3466 4768">
    <p class='ocr_par' dir='ltr' id='par_1_96' title="bbox 1917 4693 3466 4768">
     <span class='ocr_line' id='line_1_100' title="bbox 1917 4693 3466 4768; baseline -0.007 -14"><span class='ocrx_word' id='word_1_648' title='bbox 1917 4700 2116 4754; x_wconf 80' lang='lat' dir='ltr'><strong>Horum</strong></span> <span class='ocrx_word' id='word_1_649' title='bbox 2150 4700 2284 4753; x_wconf 88' lang='lat' dir='ltr'><strong>alter</strong></span> <span class='ocrx_word' id='word_1_650' title='bbox 2313 4697 2517 4768; x_wconf 85' lang='lat' dir='ltr'><strong>quidem</strong></span> <span class='ocrx_word' id='word_1_651' title='bbox 2544 4713 2701 4766; x_wconf 89' lang='lat' dir='ltr'><strong>prope</strong></span> <span class='ocrx_word' id='word_1_652' title='bbox 2725 4707 2802 4768; x_wconf 71' lang='lat' dir='ltr'><strong>est</strong></span> <span class='ocrx_word' id='word_1_653' title='bbox 2830 4693 3216 4768; x_wconf 75' lang='lat' dir='ltr'><strong>descendentem</strong></span> <span class='ocrx_word' id='word_1_654' title='bbox 3241 4695 3359 4746; x_wconf 84' lang='lat' dir='ltr'><strong>bore</strong></span> <span class='ocrx_word' id='word_1_655' title='bbox 3371 4708 3466 4744; x_wconf 80' lang='lat' dir='ltr'><strong>1m.</strong></span> 
     </span>
    </p>
   </div>
   <div class='ocr_carea' id='block_1_97' title="bbox 1911 4763 3332 4837">
    <p class='ocr_par' dir='ltr' id='par_1_97' title="bbox 1911 4763 3332 4837">
     <span class='ocr_line' id='line_1_101' title="bbox 1911 4763 3332 4837; baseline -0.007 -13"><span class='ocrx_word' id='word_1_656' title='bbox 1911 4771 1976 4824; x_wconf 83' lang='lat' dir='ltr'><strong>In</strong></span> <span class='ocrx_word' id='word_1_657' title='bbox 2009 4788 2067 4824; x_wconf 90' lang='lat' dir='ltr'><strong>eo</strong></span> <span class='ocrx_word' id='word_1_658' title='bbox 2100 4787 2218 4823; x_wconf 71' lang='lat' dir='ltr'><strong>vero</strong></span> <span class='ocrx_word' id='word_1_659' title='bbox 2249 4763 2525 4837; x_wconf 80' lang='lat' dir='ltr'><strong>utrumque</strong></span> <span class='ocrx_word' id='word_1_660' title='bbox 2545 4763 2711 4835; x_wconf 76' lang='lat' dir='ltr'><strong>caput</strong></span> <span class='ocrx_word' id='word_1_661' title='bbox 2748 4766 3085 4837; x_wconf 79' lang='lat' dir='ltr'><strong>Geminorum</strong></span> <span class='ocrx_word' id='word_1_662' title='bbox 3123 4763 3288 4831; x_wconf 82' lang='lat' dir='ltr'><strong>fertur</strong></span> <span class='ocrx_word' id='word_1_663' title='bbox 3313 4776 3332 4814; x_wconf 91' lang='lat'><strong><em>:</em></strong></span> 
     </span>
    </p>
   </div>
   <div class='ocr_carea' id='block_1_98' title="bbox 1909 4835 3051 4910">
    <p class='ocr_par' dir='ltr' id='par_1_98' title="bbox 1909 4835 3051 4910">
     <span class='ocr_line' id='line_1_102' title="bbox 1909 4835 3051 4910; baseline -0.005 -16"><span class='ocrx_word' id='word_1_664' title='bbox 1909 4840 2211 4910; x_wconf 81' lang='lat' dir='ltr'><strong>Ibidemque</strong></span> <span class='ocrx_word' id='word_1_665' title='bbox 2239 4856 2407 4909; x_wconf 87' lang='lat' dir='ltr'><strong>genua</strong></span> <span class='ocrx_word' id='word_1_666' title='bbox 2436 4835 2558 4892; x_wconf 75' lang='lat' dir='ltr'><strong>sunt</strong></span> <span class='ocrx_word' id='word_1_667' title='bbox 2584 4838 2750 4906; x_wconf 86' lang='lat' dir='ltr'><strong>aptati</strong></span> <span class='ocrx_word' id='word_1_668' title='bbox 2780 4835 3051 4888; x_wconf 82' lang='lat' dir='ltr'><strong>Heniochi.</strong></span> 
     </span>
    </p>
   </div>
   <div class='ocr_carea' id='block_1_99' title="bbox 1979 4965 3469 5044">
    <p class='ocr_par' dir='ltr' id='par_1_99' title="bbox 1979 4965 3469 5044">
     <span class='ocr_line' id='line_1_103' title="bbox 1979 4965 3469 5044; baseline -0.008 -15"><span class='ocrx_word' id='word_1_669' title='bbox 1979 4975 2142 5044; x_wconf 79' lang='lat' dir='ltr'><strong>Atqui</strong></span> <span class='ocrx_word' id='word_1_670' title='bbox 2203 4972 2554 5027; x_wconf 87' lang='lat' dir='ltr'><strong>Geminorum</strong></span> <span class='ocrx_word' id='word_1_671' title='bbox 2603 4972 2782 5041; x_wconf 77' lang='lat' dir='ltr'><strong>capita</strong></span> <span class='ocrx_word' id='word_1_672' title='bbox 2836 4985 2945 5024; x_wconf 89' lang='lat' dir='ltr'><strong>non</strong></span> <span class='ocrx_word' id='word_1_673' title='bbox 2998 4977 3121 5024; x_wconf 88' lang='lat' dir='ltr'><strong>sunt</strong></span> <span class='ocrx_word' id='word_1_674' title='bbox 3177 4967 3232 5020; x_wconf 92' lang='lat' dir='ltr'><strong>in</strong></span> <span class='ocrx_word' id='word_1_675' title='bbox 3281 4965 3469 5019; x_wconf 74' lang='lat' dir='ltr'><strong>aestivo</strong></span> 
     </span>
    </p>
   </div>
   <div class='ocr_carea' id='block_1_100' title="bbox 244 5053 1794 5134">
    <p class='ocr_par' dir='ltr' id='par_1_100' title="bbox 244 5059 1794 5134">
     <span class='ocr_line' id='line_1_104' title="bbox 244 5059 1794 5134; baseline 0.002 -22"><span class='ocrx_word' id='word_1_676' title='bbox 244 5059 454 5131; x_wconf 84' lang='grc' dir='ltr'><em>θερινοῦ</em></span> <span class='ocrx_word' id='word_1_677' title='bbox 497 5060 779 5132; x_wconf 79' lang='grc' dir='ltr'><em>τροπικοῦ.</em></span> <span class='ocrx_word' id='word_1_678' title='bbox 809 5063 865 5115; x_wconf 92' lang='lat'><strong>&#39;0</strong></span> <span class='ocrx_word' id='word_1_679' title='bbox 905 5063 1002 5132; x_wconf 80' lang='grc' dir='ltr'><em>μὲν</em></span> <span class='ocrx_word' id='word_1_680' title='bbox 1038 5063 1146 5134; x_wconf 76' lang='grc' dir='ltr'><strong>γὰρ</strong></span> <span class='ocrx_word' id='word_1_681' title='bbox 1178 5063 1386 5133; x_wconf 78' lang='grc' dir='ltr'><em>θερινὸς</em></span> <span class='ocrx_word' id='word_1_682' title='bbox 1418 5063 1675 5134; x_wconf 84' lang='grc' dir='ltr'><em>τροπικδς</em></span> <span class='ocrx_word' id='word_1_683' title='bbox 1711 5063 1794 5116; x_wconf 76' lang='grc' dir='ltr'><em>τοῐ</em></span> 
     </span>
    </p>
   </div>
   <div class='ocr_carea' id='block_1_101' title="bbox 1917 5053 3468 5134">
    <p class='ocr_par' dir='ltr' id='par_1_101' title="bbox 1917 5053 3468 5134">
     <span class='ocr_line' id='line_1_105' title="bbox 1917 5053 3468 5134; baseline -0.008 -15"><span class='ocrx_word' id='word_1_684' title='bbox 1917 5065 2140 5134; x_wconf 88' lang='lat' dir='ltr'><strong>tropico.</strong></span> <span class='ocrx_word' id='word_1_685' title='bbox 2187 5061 2465 5131; x_wconf 82' lang='lat' dir='ltr'><strong>Siquidem</strong></span> <span class='ocrx_word' id='word_1_686' title='bbox 2535 5062 2780 5130; x_wconf 87' lang='lat' dir='ltr'><strong>tropicus</strong></span> <span class='ocrx_word' id='word_1_687' title='bbox 2836 5059 3056 5112; x_wconf 64' lang='lat' dir='ltr'><strong>aestivus</strong></span> <span class='ocrx_word' id='word_1_688' title='bbox 3108 5053 3468 5126; x_wconf 54' lang='lat' dir='ltr'><strong>aequinoctiali</strong></span> 
     </span>
    </p>
   </div>
   <div class='ocr_carea' id='block_1_102' title="bbox 246 5143 1794 5222">
    <p class='ocr_par' dir='ltr' id='par_1_102' title="bbox 246 5149 1794 5222">
     <span class='ocr_line' id='line_1_106' title="bbox 246 5149 1794 5222; baseline 0.001 -19"><span class='ocrx_word' id='word_1_689' title='bbox 246 5150 332 5220; x_wconf 59' lang='grc' dir='ltr'><strong>ἴση</strong></span> <span class='ocrx_word' id='word_1_690' title='bbox 342 5167 406 5220; x_wconf 89' lang='grc' dir='ltr'><strong>με</strong></span> <span class='ocrx_word' id='word_1_691' title='bbox 416 5149 560 5222; x_wconf 81' lang='grc' dir='ltr'><em>ρινοῠ</em></span> <span class='ocrx_word' id='word_1_692' title='bbox 574 5149 907 5222; x_wconf 83' lang='grc' dir='ltr'><em>βορειότερός</em></span> <span class='ocrx_word' id='word_1_693' title='bbox 923 5152 1036 5204; x_wconf 80' lang='grc' dir='ltr'><em>ἐστι</em></span> <span class='ocrx_word' id='word_1_694' title='bbox 1053 5152 1160 5222; x_wconf 76' lang='grc' dir='ltr'><em>μοι.</em></span> <span class='ocrx_word' id='word_1_695' title='bbox 1176 5152 1251 5214; x_wconf 84' lang='grc' dir='ltr'><em>ὡς</em></span> <span class='ocrx_word' id='word_1_696' title='bbox 1268 5152 1493 5221; x_wconf 79' lang='grc' dir='ltr'><em>ἔγγιστα</em></span> <span class='ocrx_word' id='word_1_697' title='bbox 1509 5152 1603 5205; x_wconf 74' lang='grc' dir='ltr'><em>κδ¹ο</em></span> <span class='ocrx_word' id='word_1_698' title='bbox 1625 5153 1732 5205; x_wconf 84' lang='grc' dir='ltr'><em>τῶν</em></span> <span class='ocrx_word' id='word_1_699' title='bbox 1749 5153 1794 5205; x_wconf 74' lang='grc' dir='ltr'><em>δὲ</em></span> 
     </span>
    </p>
   </div>
   <div class='ocr_carea' id='block_1_103' title="bbox 1917 5143 3469 5222">
    <p class='ocr_par' dir='ltr' id='par_1_103' title="bbox 1917 5143 3469 5222">
     <span class='ocr_line' id='line_1_107' title="bbox 1917 5143 3469 5222; baseline -0.008 -12"><span class='ocrx_word' id='word_1_700' title='bbox 1917 5156 2117 5210; x_wconf 89' lang='lat' dir='ltr'><strong>circulo</strong></span> <span class='ocrx_word' id='word_1_701' title='bbox 2145 5154 2417 5208; x_wconf 87' lang='lat' dir='ltr'><strong>borealior</strong></span> <span class='ocrx_word' id='word_1_702' title='bbox 2446 5159 2529 5207; x_wconf 88' lang='lat' dir='ltr'><strong>est</strong></span> <span class='ocrx_word' id='word_1_703' title='bbox 2573 5150 2818 5222; x_wconf 86' lang='lat' dir='ltr'><strong>partibus</strong></span> <span class='ocrx_word' id='word_1_704' title='bbox 2842 5148 3057 5202; x_wconf 87' lang='lat' dir='ltr'><strong>circiter</strong></span> <span class='ocrx_word' id='word_1_705' title='bbox 3083 5146 3182 5212; x_wconf 63' lang='lat'><strong>24;</strong></span> <span class='ocrx_word' id='word_1_706' title='bbox 3215 5143 3469 5199; x_wconf 88' lang='lat' dir='ltr'><strong>Gemino-</strong></span> 
     </span>
    </p>
   </div>
   <div class='ocr_carea' id='block_1_104' title="bbox 245 5235 1794 5315">
    <p class='ocr_par' dir='ltr' id='par_1_104' title="bbox 245 5238 1794 5315">
     <span class='ocr_line' id='line_1_108' title="bbox 245 5238 1794 5315; baseline 0.003 -23"><span class='ocrx_word' id='word_1_707' title='bbox 245 5238 488 5315; x_wconf 76' lang='grc' dir='ltr'><em>Διδύμων</em></span> <span class='ocrx_word' id='word_1_708' title='bbox 519 5242 552 5308; x_wconf 77' lang='grc' dir='ltr'><strong>ἡ</strong></span> <span class='ocrx_word' id='word_1_709' title='bbox 589 5241 685 5312; x_wconf 84' lang='grc' dir='ltr'><em>μὲν</em></span> <span class='ocrx_word' id='word_1_710' title='bbox 713 5241 948 5313; x_wconf 82' lang='grc' dir='ltr'><em>ἑπομένη</em></span> <span class='ocrx_word' id='word_1_711' title='bbox 988 5243 1195 5312; x_wconf 75' lang='grc' dir='ltr'><em>κεφαλὴ</em></span> <span class='ocrx_word' id='word_1_712' title='bbox 1227 5241 1533 5313; x_wconf 78' lang='grc' dir='ltr'><em>βορειοτέρα</em></span> <span class='ocrx_word' id='word_1_713' title='bbox 1572 5244 1688 5297; x_wconf 76' lang='grc' dir='ltr'><em>ἐστὶ</em></span> <span class='ocrx_word' id='word_1_714' title='bbox 1712 5243 1794 5296; x_wconf 75' lang='grc' dir='ltr'>τοὶ</span> 
     </span>
    </p>
   </div>
   <div class='ocr_carea' id='block_1_105' title="bbox 1917 5235 3471 5315">
    <p class='ocr_par' dir='ltr' id='par_1_105' title="bbox 1917 5235 3471 5310">
     <span class='ocr_line' id='line_1_109' title="bbox 1917 5235 3471 5310; baseline -0.008 -12"><span class='ocrx_word' id='word_1_715' title='bbox 1917 5262 2031 5300; x_wconf 90' lang='lat' dir='ltr'><strong>rum</strong></span> <span class='ocrx_word' id='word_1_716' title='bbox 2062 5261 2192 5298; x_wconf 80' lang='lat' dir='ltr'><strong>vero</strong></span> <span class='ocrx_word' id='word_1_717' title='bbox 2239 5243 2540 5299; x_wconf 80' lang='lat' dir='ltr'><strong>succedens</strong></span> <span class='ocrx_word' id='word_1_718' title='bbox 2578 5248 2742 5310; x_wconf 89' lang='lat' dir='ltr'><strong>caput</strong></span> <span class='ocrx_word' id='word_1_719' title='bbox 2782 5237 3053 5294; x_wconf 86' lang='lat' dir='ltr'><strong>boreaiius</strong></span> <span class='ocrx_word' id='word_1_720' title='bbox 3105 5244 3187 5291; x_wconf 91' lang='lat' dir='ltr'><strong>est</strong></span> <span class='ocrx_word' id='word_1_721' title='bbox 3230 5235 3471 5304; x_wconf 68' lang='lat' dir='ltr'><strong>aequino-</strong></span> 
     </span>
    </p>
   </div>
   <div class='ocr_carea' id='block_1_106' title="bbox 248 5323 1794 5405">
    <p class='ocr_par' dir='ltr' id='par_1_106' title="bbox 248 5331 1794 5405">
     <span class='ocr_line' id='line_1_110' title="bbox 248 5331 1794 5405; baseline 0.002 -22"><span class='ocrx_word' id='word_1_722' title='bbox 248 5332 561 5403; x_wconf 77' lang='grc' dir='ltr'><em>ισημερινοῦ</em></span> <span class='ocrx_word' id='word_1_723' title='bbox 591 5332 697 5403; x_wconf 85' lang='grc' dir='ltr'><em>μοί.</em></span> <span class='ocrx_word' id='word_1_724' title='bbox 727 5331 768 5386; x_wconf 81' lang='grc' dir='ltr'><em>λ’</em></span> <span class='ocrx_word' id='word_1_725' title='bbox 788 5346 802 5362; x_wconf 80' lang='grc'><strong><em>⁸</em></strong></span> <span class='ocrx_word' id='word_1_726' title='bbox 829 5336 862 5405; x_wconf 79' lang='grc' dir='ltr'>ἡ</span> <span class='ocrx_word' id='word_1_727' title='bbox 891 5333 946 5386; x_wconf 89' lang='grc' dir='ltr'><em>δὲ</em></span> <span class='ocrx_word' id='word_1_728' title='bbox 976 5335 1252 5404; x_wconf 80' lang='grc' dir='ltr'><em>ἡγουμένη</em></span> <span class='ocrx_word' id='word_1_729' title='bbox 1296 5336 1404 5404; x_wconf 83' lang='grc' dir='ltr'><em>μοί.</em></span> <span class='ocrx_word' id='word_1_730' title='bbox 1434 5335 1512 5402; x_wconf 84' lang='grc' dir='ltr'><strong>λγ⁹</strong></span> <span class='ocrx_word' id='word_1_731' title='bbox 1536 5333 1618 5388; x_wconf 89' lang='lat' dir='ltr'><strong>S&quot;.</strong></span> <span class='ocrx_word' id='word_1_732' title='bbox 1647 5336 1794 5388; x_wconf 82' lang='grc' dir='ltr'><em>Ὥστε</em></span> 
     </span>
    </p>
   </div>
   <div class='ocr_carea' id='block_1_107' title="bbox 1917 5323 3470 5405">
    <p class='ocr_par' dir='ltr' id='par_1_107' title="bbox 1917 5323 3470 5405">
     <span class='ocr_line' id='line_1_111' title="bbox 1917 5323 3470 5405; baseline -0.007 -17"><span class='ocrx_word' id='word_1_733' title='bbox 1917 5336 2062 5389; x_wconf 86' lang='lat' dir='ltr'><strong>ctiali</strong></span> <span class='ocrx_word' id='word_1_734' title='bbox 2097 5335 2344 5405; x_wconf 89' lang='lat' dir='ltr'><strong>partibus</strong></span> <span class='ocrx_word' id='word_1_735' title='bbox 2375 5333 2476 5397; x_wconf 78' lang='lat'><strong>30;</strong></span> <span class='ocrx_word' id='word_1_736' title='bbox 2503 5331 2829 5386; x_wconf 88' lang='lat' dir='ltr'><strong>antecedens</strong></span> <span class='ocrx_word' id='word_1_737' title='bbox 2862 5329 3110 5400; x_wconf 90' lang='lat' dir='ltr'><strong>partibus</strong></span> <span class='ocrx_word' id='word_1_738' title='bbox 3137 5327 3208 5382; x_wconf 78' lang='lat'><strong>53</strong></span> <span class='ocrx_word' id='word_1_739' title='bbox 3241 5325 3363 5396; x_wconf 76' lang='lat'><strong>1/9..</strong></span> <span class='ocrx_word' id='word_1_740' title='bbox 3394 5323 3470 5378; x_wconf 83' lang='lat' dir='ltr'><strong>Ita</strong></span> 
     </span>
    </p>
   </div>
   <div class='ocr_carea' id='block_1_108' title="bbox 305 5485 868 5556">
    <p class='ocr_par' dir='ltr' id='par_1_108' title="bbox 305 5485 868 5556">
     <span class='ocr_line' id='line_1_112' title="bbox 305 5485 868 5556; baseline 0.009 -20"><span class='ocrx_word' id='word_1_741' title='bbox 305 5488 351 5536; x_wconf 63' lang='grc' dir='ltr'><strong>υ</strong></span> <span class='ocrx_word' id='word_1_742' title='bbox 372 5503 462 5554; x_wconf 79' lang='grc' dir='ltr'><em>γρ.</em></span> <span class='ocrx_word' id='word_1_743' title='bbox 490 5485 868 5556; x_wconf 77' lang='grc' dir='ltr'><em>ἀποτέμνεται.</em></span> 
     </span>
    </p>
   </div>
   <div class='ocr_carea' id='block_1_109' title="bbox 317 5633 1794 5712">
    <p class='ocr_par' dir='ltr' id='par_1_109' title="bbox 317 5639 1794 5712">
     <span class='ocr_line' id='line_1_113' title="bbox 317 5639 1794 5712; baseline -0.003 -16"><span class='ocrx_word' id='word_1_744' title='bbox 317 5641 450 5712; x_wconf 65' lang='lat'><strong>(65’)</strong></span> <span class='ocrx_word' id='word_1_745' title='bbox 489 5644 802 5696; x_wconf 85' lang='grc' dir='ltr'><em>Ἐλασσον</em></span> <span class='ocrx_word' id='word_1_746' title='bbox 819 5641 928 5711; x_wconf 61' lang='grc' dir='ltr'><strong>γὰρ</strong></span> <span class='ocrx_word' id='word_1_747' title='bbox 949 5641 986 5707; x_wconf 81' lang='grc' dir='ltr'><em>ἣ</em></span> <span class='ocrx_word' id='word_1_748' title='bbox 1021 5641 1099 5706; x_wconf 86' lang='grc' dir='ltr'><em>τῷ</em></span> <span class='ocrx_word' id='word_1_749' title='bbox 1122 5648 1214 5695; x_wconf 84' lang='grc' dir='ltr'><em>ια’.</em></span> <span class='ocrx_word' id='word_1_750' title='bbox 1245 5639 1529 5712; x_wconf 76' lang='lat' dir='ltr'><strong>Manifesta</strong></span> <span class='ocrx_word' id='word_1_751' title='bbox 1545 5641 1685 5694; x_wconf 87' lang='lat' dir='ltr'><strong>ratio</strong></span> <span class='ocrx_word' id='word_1_752' title='bbox 1702 5651 1794 5694; x_wconf 87' lang='lat' dir='ltr'><strong>est.</strong></span> 
     </span>
    </p>
   </div>
   <div class='ocr_carea' id='block_1_110' title="bbox 1917 5633 3472 5712">
    <p class='ocr_par' dir='ltr' id='par_1_110' title="bbox 1917 5633 3472 5712">
     <span class='ocr_line' id='line_1_114' title="bbox 1917 5633 3472 5712; baseline -0.003 -23"><span class='ocrx_word' id='word_1_753' title='bbox 1917 5641 2094 5710; x_wconf 70' lang='lat' dir='ltr'><strong>viginti</strong></span> <span class='ocrx_word' id='word_1_754' title='bbox 2130 5643 2196 5712; x_wconf 79' lang='lat' dir='ltr'><strong>ab</strong></span> <span class='ocrx_word' id='word_1_755' title='bbox 2225 5656 2290 5712; x_wconf 83' lang='lat' dir='ltr'><strong>eo</strong></span> <span class='ocrx_word' id='word_1_756' title='bbox 2322 5639 2685 5712; x_wconf 74' lang='lat' dir='ltr'><strong>recedentem,</strong></span> <span class='ocrx_word' id='word_1_757' title='bbox 2737 5647 2968 5712; x_wconf 74' lang='lat' dir='ltr'><strong>qua3__est</strong></span> <span class='ocrx_word' id='word_1_758' title='bbox 2999 5633 3288 5712; x_wconf 74' lang='lat'><strong>1.000.000</strong></span> <span class='ocrx_word' id='word_1_759' title='bbox 3317 5634 3472 5712; x_wconf 71' lang='lat' dir='ltr'><strong>sinus</strong></span> 
     </span>
    </p>
   </div>
   <div class='ocr_carea' id='block_1_111' title="bbox 249 5703 3472 5780">
    <p class='ocr_par' dir='ltr' id='par_1_111' title="bbox 249 5703 3472 5780">
     <span class='ocr_line' id='line_1_115' title="bbox 249 5703 3472 5780; baseline -0.002 -15"><span class='ocrx_word' id='word_1_760' title='bbox 249 5703 408 5778; x_wconf 79' lang='lat' dir='ltr'><strong>quam</strong></span> <span class='ocrx_word' id='word_1_761' title='bbox 433 5703 724 5779; x_wconf 68' lang='lat' dir='ltr'><strong>attigimus</strong></span> <span class='ocrx_word' id='word_1_762' title='bbox 749 5703 931 5780; x_wconf 67' lang='lat' dir='ltr'><strong>supra.</strong></span> <span class='ocrx_word' id='word_1_763' title='bbox 959 5703 1239 5767; x_wconf 33' lang='lat' dir='ltr'><strong>Est—enim</strong></span> <span class='ocrx_word' id='word_1_764' title='bbox 1280 5711 1464 5780; x_wconf 79' lang='lat' dir='ltr'><strong>eadem</strong></span> <span class='ocrx_word' id='word_1_765' title='bbox 1523 5713 1804 5780; x_wconf 88' lang='lat' dir='ltr'><strong>proportio</strong></span> <span class='ocrx_word' id='word_1_766' title='bbox 1907 5703 2100 5774; x_wconf 67' lang='lat' dir='ltr'><strong>totius,</strong></span> <span class='ocrx_word' id='word_1_767' title='bbox 2132 5711 2198 5763; x_wconf 86' lang='lat' dir='ltr'><strong>ad</strong></span> <span class='ocrx_word' id='word_1_768' title='bbox 2228 5711 2429 5772; x_wconf 77' lang='lat' dir='ltr'><strong>9I,355</strong></span> <span class='ocrx_word' id='word_1_769' title='bbox 2457 5711 2636 5765; x_wconf 91' lang='lat' dir='ltr'><strong>sinum</strong></span> <span class='ocrx_word' id='word_1_770' title='bbox 2657 5703 2818 5780; x_wconf 52' lang='lat' dir='ltr'><strong>grai],</strong></span> <span class='ocrx_word' id='word_1_771' title='bbox 2841 5708 2928 5780; x_wconf 84' lang='lat'><strong>66_.</strong></span> <span class='ocrx_word' id='word_1_772' title='bbox 2969 5703 3472 5780; x_wconf 60' lang='lat' dir='ltr'><strong>coniplementi</strong></span> 
     </span>
    </p>
   </div>
   <div class='ocr_carea' id='block_1_112' title="bbox 249 5773 3482 5848">
    <p class='ocr_par' dir='ltr' id='par_1_112' title="bbox 249 5773 3482 5848">
     <span class='ocr_line' id='line_1_116' title="bbox 249 5773 3482 5848; baseline -0.002 -14"><span class='ocrx_word' id='word_1_773' title='bbox 249 5773 466 5836; x_wconf 80' lang='lat' dir='ltr'><strong>maximi</strong></span> <span class='ocrx_word' id='word_1_774' title='bbox 517 5773 705 5835; x_wconf 68' lang='lat' dir='ltr'><strong>circuli</strong></span> <span class='ocrx_word' id='word_1_775' title='bbox 752 5773 1149 5842; x_wconf 60' lang='lat' dir='ltr'><strong>ad&#39;trooicum.</strong></span> <span class='ocrx_word' id='word_1_776' title='bbox 1197 5779 1454 5843; x_wconf 62' lang='lat' dir='ltr'><strong>gradibus</strong></span> <span class='ocrx_word' id='word_1_777' title='bbox 1487 5773 1722 5844; x_wconf 77' lang='lat' dir='ltr'><strong>quatuor</strong></span> <span class='ocrx_word' id='word_1_778' title='bbox 1754 5790 1805 5834; x_wconf 90' lang='lat' dir='ltr'><strong>et</strong></span> <span class='ocrx_word' id='word_1_779' title='bbox 1906 5773 2118 5837; x_wconf 67' lang='lat' dir='ltr'><strong>stantia?</strong></span> <span class='ocrx_word' id='word_1_780' title='bbox 2148 5782 2364 5848; x_wconf 84' lang='lat' dir='ltr'><strong>tropici,</strong></span> <span class='ocrx_word' id='word_1_781' title='bbox 2402 5782 2502 5835; x_wconf 90' lang='lat' dir='ltr'><strong>hoc</strong></span> <span class='ocrx_word' id='word_1_782' title='bbox 2525 5789 2610 5833; x_wconf 87' lang='lat' dir='ltr'><strong>est</strong></span> <span class='ocrx_word' id='word_1_783' title='bbox 2658 5773 2722 5834; x_wconf 79' lang='grc' dir='ltr'><em>ἶιι</em></span> <span class='ocrx_word' id='word_1_784' title='bbox 2769 5779 2825 5836; x_wconf 79' lang='lat' dir='ltr'><strong>il</strong></span> <span class='ocrx_word' id='word_1_785' title='bbox 2858 5777 2923 5830; x_wconf 88' lang='lat' dir='ltr'><strong>ad</strong></span> <span class='ocrx_word' id='word_1_786' title='bbox 2963 5777 3026 5829; x_wconf 71' lang='lat'><strong>10</strong></span> <span class='ocrx_word' id='word_1_787' title='bbox 3065 5773 3482 5844; x_wconf 59' lang='lat' dir='ltr'><strong>6905/th</strong></span> 
     </span>
    </p>
   </div>
  </div>
