  <div class='ocr_page' id='page_1' title='image "/cluster/home/n/w/nwhite01/storage/ocr_20150623/19/mdp.39015061293422/533.png"; bbox 0 0 3928 6266; ppageno 0'>
   <div class='ocr_carea' id='block_1_1' title="bbox 458 354 584 411">
    <p class='ocr_par' dir='ltr' id='par_1_1' title="bbox 458 354 584 411">
     <span class='ocr_line' id='line_1_1' title="bbox 458 354 584 411; baseline 0.016 -2"><span class='ocrx_word' id='word_1_1' title='bbox 458 354 584 411; x_wconf 73' lang='grc'><strong>1051</strong></span> 
     </span>
    </p>
   </div>
   <div class='ocr_carea' id='block_1_2' title="bbox 1479 341 2688 405">
    <p class='ocr_par' dir='ltr' id='par_1_2' title="bbox 1479 341 2688 405">
     <span class='ocr_line' id='line_1_2' title="bbox 1479 341 2688 405; baseline -0.005 -1"><span class='ocrx_word' id='word_1_2' title='bbox 1479 349 1569 404; x_wconf 84' lang='lat' dir='ltr'><strong>AD</strong></span> <span class='ocrx_word' id='word_1_3' title='bbox 1599 346 1868 405; x_wconf 81' lang='lat' dir='ltr'><strong>EUSEBII</strong></span> <span class='ocrx_word' id='word_1_4' title='bbox 1901 343 2288 403; x_wconf 79' lang='lat' dir='ltr'><strong>CHRONICON</strong></span> <span class='ocrx_word' id='word_1_5' title='bbox 2327 341 2688 399; x_wconf 71' lang='lat' dir='ltr'><strong>APPENDIX.</strong></span> 
     </span>
    </p>
   </div>
   <div class='ocr_carea' id='block_1_3' title="bbox 3531 340 3667 396">
    <p class='ocr_par' dir='ltr' id='par_1_3' title="bbox 3531 340 3667 396">
     <span class='ocr_line' id='line_1_3' title="bbox 3531 340 3667 396; baseline 0 -1"><span class='ocrx_word' id='word_1_6' title='bbox 3531 340 3667 396; x_wconf 64' lang='grc'><strong>1053</strong></span> 
     </span>
    </p>
   </div>
   <div class='ocr_carea' id='block_1_4' title="bbox 454 460 2000 543">
    <p class='ocr_par' dir='ltr' id='par_1_4' title="bbox 454 469 2000 543">
     <span class='ocr_line' id='line_1_4' title="bbox 454 469 2000 543; baseline -0.006 -13"><span class='ocrx_word' id='word_1_7' title='bbox 454 479 685 530; x_wconf 73' lang='lat' dir='ltr'><strong>alterum</strong></span> <span class='ocrx_word' id='word_1_8' title='bbox 742 478 896 543; x_wconf 84' lang='lat' dir='ltr'><strong>parte</strong></span> <span class='ocrx_word' id='word_1_9' title='bbox 949 472 1140 542; x_wconf 83' lang='lat' dir='ltr'><strong>quinta</strong></span> <span class='ocrx_word' id='word_1_10' title='bbox 1194 469 1359 526; x_wconf 89' lang='lat' dir='ltr'><strong>unius</strong></span> <span class='ocrx_word' id='word_1_11' title='bbox 1416 470 1556 539; x_wconf 86' lang='lat' dir='ltr'><strong>signi</strong></span> <span class='ocrx_word' id='word_1_12' title='bbox 1610 469 1884 525; x_wconf 86' lang='lat' dir='ltr'><strong>borealius</strong></span> <span class='ocrx_word' id='word_1_13' title='bbox 1926 475 2000 525; x_wconf 86' lang='lat' dir='ltr'><strong>est</strong></span> 
     </span>
    </p>
   </div>
   <div class='ocr_carea' id='block_1_5' title="bbox 2109 460 3666 543">
    <p class='ocr_par' dir='ltr' id='par_1_5' title="bbox 2109 460 3666 537">
     <span class='ocr_line' id='line_1_5' title="bbox 2109 460 3666 537; baseline 0.001 -17"><span class='ocrx_word' id='word_1_14' title='bbox 2109 464 2205 537; x_wconf 77' lang='grc' dir='ltr'>τὴν</span> <span class='ocrx_word' id='word_1_15' title='bbox 2249 465 2347 537; x_wconf 80' lang='grc' dir='ltr'><strong>μὲν</strong></span> <span class='ocrx_word' id='word_1_16' title='bbox 2383 471 2424 518; x_wconf 79' lang='grc' dir='ltr'>ε’</span> <span class='ocrx_word' id='word_1_17' title='bbox 2466 465 2618 537; x_wconf 83' lang='grc' dir='ltr'><strong>μέρει</strong></span> <span class='ocrx_word' id='word_1_18' title='bbox 2646 464 2765 529; x_wconf 81' lang='grc' dir='ltr'>ένὺς</span> <span class='ocrx_word' id='word_1_19' title='bbox 2796 463 2984 528; x_wconf 80' lang='grc' dir='ltr'>ζωδίου</span> <span class='ocrx_word' id='word_1_20' title='bbox 3018 463 3352 537; x_wconf 76' lang='grc' dir='ltr'>βορειοτέραν</span> <span class='ocrx_word' id='word_1_21' title='bbox 3396 460 3539 519; x_wconf 78' lang='grc' dir='ltr'>εἶναι</span> <span class='ocrx_word' id='word_1_22' title='bbox 3572 466 3666 521; x_wconf 75' lang='grc' dir='ltr'>τοῦ</span> 
     </span>
    </p>
   </div>
   <div class='ocr_carea' id='block_1_6' title="bbox 452 560 1521 632">
    <p class='ocr_par' dir='ltr' id='par_1_6' title="bbox 452 560 1521 632">
     <span class='ocr_line' id='line_1_6' title="bbox 452 560 1521 632; baseline -0.005 -13"><span class='ocrx_word' id='word_1_23' title='bbox 452 564 637 620; x_wconf 74' lang='lat' dir='ltr'><strong>aestivo</strong></span> <span class='ocrx_word' id='word_1_24' title='bbox 662 562 903 632; x_wconf 90' lang='lat' dir='ltr'><strong>tropico;</strong></span> <span class='ocrx_word' id='word_1_25' title='bbox 943 562 1170 617; x_wconf 86' lang='lat' dir='ltr'><strong>alterum</strong></span> <span class='ocrx_word' id='word_1_26' title='bbox 1204 560 1313 616; x_wconf 88' lang='lat' dir='ltr'><strong>fere</strong></span> <span class='ocrx_word' id='word_1_27' title='bbox 1342 560 1521 615; x_wconf 84' lang='lat' dir='ltr'><strong>tertia.</strong></span> 
     </span>
    </p>
   </div>
   <div class='ocr_carea' id='block_1_7' title="bbox 520 652 2012 722">
    <p class='ocr_par' dir='ltr' id='par_1_7' title="bbox 520 652 2012 722">
     <span class='ocr_line' id='line_1_7' title="bbox 520 652 2012 722; baseline -0.003 -12"><span class='ocrx_word' id='word_1_28' title='bbox 520 653 787 710; x_wconf 74' lang='lat' dir='ltr'><strong>Czeterum</strong></span> <span class='ocrx_word' id='word_1_29' title='bbox 818 652 1128 709; x_wconf 86' lang='lat' dir='ltr'><strong>Heniochus</strong></span> <span class='ocrx_word' id='word_1_30' title='bbox 1150 654 1327 707; x_wconf 91' lang='lat' dir='ltr'><strong>nullas</strong></span> <span class='ocrx_word' id='word_1_31' title='bbox 1362 653 1415 706; x_wconf 91' lang='lat' dir='ltr'><strong>in</strong></span> <span class='ocrx_word' id='word_1_32' title='bbox 1447 652 1675 722; x_wconf 82' lang='lat' dir='ltr'><strong>genibus</strong></span> <span class='ocrx_word' id='word_1_33' title='bbox 1700 652 1886 709; x_wconf 83' lang='lat' dir='ltr'><strong>stellas</strong></span> <span class='ocrx_word' id='word_1_34' title='bbox 1914 653 2012 706; x_wconf 83' lang='lat' dir='ltr'><strong>ha-</strong></span> 
     </span>
    </p>
   </div>
   <div class='ocr_carea' id='block_1_8' title="bbox 454 744 2011 816">
    <p class='ocr_par' dir='ltr' id='par_1_8' title="bbox 454 744 2011 816">
     <span class='ocr_line' id='line_1_8' title="bbox 454 744 2011 816; baseline -0.001 -16"><span class='ocrx_word' id='word_1_35' title='bbox 454 745 563 800; x_wconf 88' lang='lat' dir='ltr'><strong>bet.</strong></span> <span class='ocrx_word' id='word_1_36' title='bbox 597 744 752 811; x_wconf 83' lang='lat' dir='ltr'><strong>Quod</strong></span> <span class='ocrx_word' id='word_1_37' title='bbox 799 744 846 801; x_wconf 87' lang='lat' dir='ltr'><strong>si</strong></span> <span class='ocrx_word' id='word_1_38' title='bbox 886 746 1011 815; x_wconf 88' lang='lat' dir='ltr'><strong>quis</strong></span> <span class='ocrx_word' id='word_1_39' title='bbox 1040 745 1355 816; x_wconf 76' lang='lat' dir='ltr'><strong>exiguarum</strong></span> <span class='ocrx_word' id='word_1_40' title='bbox 1386 744 1647 800; x_wconf 90' lang='lat' dir='ltr'><strong>obscuras</strong></span> <span class='ocrx_word' id='word_1_41' title='bbox 1675 746 1880 815; x_wconf 86' lang='lat' dir='ltr'><strong>aliquot</strong></span> <span class='ocrx_word' id='word_1_42' title='bbox 1908 745 2011 799; x_wconf 91' lang='lat' dir='ltr'><strong>ibi-</strong></span> 
     </span>
    </p>
   </div>
   <div class='ocr_carea' id='block_1_9' title="bbox 453 833 2011 907">
    <p class='ocr_par' dir='ltr' id='par_1_9' title="bbox 453 833 2011 907">
     <span class='ocr_line' id='line_1_9' title="bbox 453 833 2011 907; baseline -0.001 -17"><span class='ocrx_word' id='word_1_43' title='bbox 453 833 574 890; x_wconf 89' lang='lat' dir='ltr'><strong>dem</strong></span> <span class='ocrx_word' id='word_1_44' title='bbox 604 836 865 899; x_wconf 75' lang='lat' dir='ltr'><strong>collocat,</strong></span> <span class='ocrx_word' id='word_1_45' title='bbox 897 834 1146 904; x_wconf 85' lang='lat' dir='ltr'><strong>imperite</strong></span> <span class='ocrx_word' id='word_1_46' title='bbox 1190 834 1338 889; x_wconf 92' lang='lat' dir='ltr'><strong>facit.</strong></span> <span class='ocrx_word' id='word_1_47' title='bbox 1373 833 1508 888; x_wconf 88' lang='lat' dir='ltr'><strong>Nam</strong></span> <span class='ocrx_word' id='word_1_48' title='bbox 1557 835 1803 905; x_wconf 73' lang='lat' dir='ltr'><strong>proxime</strong></span> <span class='ocrx_word' id='word_1_49' title='bbox 1839 835 2011 907; x_wconf 82' lang='lat' dir='ltr'><strong>tropi-</strong></span> 
     </span>
    </p>
   </div>
   <div class='ocr_carea' id='block_1_10' title="bbox 452 928 2011 1000">
    <p class='ocr_par' dir='ltr' id='par_1_10' title="bbox 452 928 2011 1000">
     <span class='ocr_line' id='line_1_10' title="bbox 452 928 2011 1000; baseline 0.003 -17"><span class='ocrx_word' id='word_1_50' title='bbox 452 941 576 983; x_wconf 89' lang='lat' dir='ltr'><strong>cum</strong></span> <span class='ocrx_word' id='word_1_51' title='bbox 605 928 868 984; x_wconf 86' lang='lat' dir='ltr'><strong>circulum</strong></span> <span class='ocrx_word' id='word_1_52' title='bbox 900 930 1048 983; x_wconf 92' lang='lat' dir='ltr'><strong>illius</strong></span> <span class='ocrx_word' id='word_1_53' title='bbox 1092 937 1220 983; x_wconf 91' lang='lat' dir='ltr'><strong>sunt</strong></span> <span class='ocrx_word' id='word_1_54' title='bbox 1257 930 1440 1000; x_wconf 91' lang='lat' dir='ltr'><strong>pedes.</strong></span> <span class='ocrx_word' id='word_1_55' title='bbox 1494 930 1623 998; x_wconf 58' lang='lat' dir='ltr'><strong>Quae</strong></span> <span class='ocrx_word' id='word_1_56' title='bbox 1655 933 1797 985; x_wconf 87' lang='lat' dir='ltr'><strong>enim</strong></span> <span class='ocrx_word' id='word_1_57' title='bbox 1828 942 1911 987; x_wconf 87' lang='lat' dir='ltr'><strong>est</strong></span> <span class='ocrx_word' id='word_1_58' title='bbox 1956 932 2011 987; x_wconf 90' lang='lat' dir='ltr'><strong>in</strong></span> 
     </span>
    </p>
   </div>
   <div class='ocr_carea' id='block_1_11' title="bbox 453 1018 2009 1094">
    <p class='ocr_par' dir='ltr' id='par_1_11' title="bbox 453 1018 2009 1094">
     <span class='ocr_line' id='line_1_11' title="bbox 453 1018 2009 1094; baseline 0.004 -21"><span class='ocrx_word' id='word_1_59' title='bbox 453 1018 713 1085; x_wconf 86' lang='lat' dir='ltr'><strong>sinistro,</strong></span> <span class='ocrx_word' id='word_1_60' title='bbox 771 1020 1043 1075; x_wconf 78' lang='lat' dir='ltr'><strong>borealior</strong></span> <span class='ocrx_word' id='word_1_61' title='bbox 1093 1029 1176 1075; x_wconf 92' lang='lat' dir='ltr'><strong>est</strong></span> <span class='ocrx_word' id='word_1_62' title='bbox 1225 1023 1589 1091; x_wconf 64' lang='lat' dir='ltr'><strong>aequinoctiali</strong></span> <span class='ocrx_word' id='word_1_63' title='bbox 1623 1024 1868 1094; x_wconf 89' lang='lat' dir='ltr'><strong>partibus</strong></span> <span class='ocrx_word' id='word_1_64' title='bbox 1909 1024 2009 1094; x_wconf 73' lang='lat'><strong>27;</strong></span> 
     </span>
    </p>
   </div>
   <div class='ocr_carea' id='block_1_12' title="bbox 452 1110 2010 1185">
    <p class='ocr_par' dir='ltr' id='par_1_12' title="bbox 452 1110 2010 1185">
     <span class='ocr_line' id='line_1_12' title="bbox 452 1110 2010 1185; baseline 0.006 -23"><span class='ocrx_word' id='word_1_65' title='bbox 452 1125 574 1180; x_wconf 67' lang='lat' dir='ltr'><strong>qum</strong></span> <span class='ocrx_word' id='word_1_66' title='bbox 597 1111 649 1165; x_wconf 90' lang='lat' dir='ltr'><strong>in</strong></span> <span class='ocrx_word' id='word_1_67' title='bbox 672 1110 883 1176; x_wconf 79' lang='lat' dir='ltr'><strong>dextro,</strong></span> <span class='ocrx_word' id='word_1_68' title='bbox 909 1114 1175 1183; x_wconf 89' lang='lat' dir='ltr'><strong>partibus.</strong></span> <span class='ocrx_word' id='word_1_69' title='bbox 1221 1154 1235 1168; x_wconf 95' lang='lat'><strong>.</strong></span> <span class='ocrx_word' id='word_1_70' title='bbox 1279 1155 1294 1171; x_wconf 92' lang='lat'><strong>.</strong></span> <span class='ocrx_word' id='word_1_71' title='bbox 1340 1156 1353 1169; x_wconf 96' lang='lat'><strong>.</strong></span> <span class='ocrx_word' id='word_1_72' title='bbox 1386 1113 1572 1185; x_wconf 83' lang='lat' dir='ltr'><strong>Neque</strong></span> <span class='ocrx_word' id='word_1_73' title='bbox 1594 1132 1722 1171; x_wconf 79' lang='lat' dir='ltr'><strong>vero</strong></span> <span class='ocrx_word' id='word_1_74' title='bbox 1747 1117 1853 1172; x_wconf 89' lang='lat' dir='ltr'><strong>dici</strong></span> <span class='ocrx_word' id='word_1_75' title='bbox 1878 1118 2010 1172; x_wconf 91' lang='lat' dir='ltr'><strong>illud</strong></span> 
     </span>
    </p>
   </div>
   <div class='ocr_carea' id='block_1_13' title="bbox 454 1205 2014 1283">
    <p class='ocr_par' dir='ltr' id='par_1_13' title="bbox 454 1205 2014 1283">
     <span class='ocr_line' id='line_1_13' title="bbox 454 1205 2014 1283; baseline 0.008 -28"><span class='ocrx_word' id='word_1_76' title='bbox 454 1212 648 1272; x_wconf 77' lang='lat' dir='ltr'><strong>potest,</strong></span> <span class='ocrx_word' id='word_1_77' title='bbox 670 1218 806 1273; x_wconf 89' lang='lat' dir='ltr'><strong>quas</strong></span> <span class='ocrx_word' id='word_1_78' title='bbox 831 1207 885 1258; x_wconf 94' lang='lat' dir='ltr'><strong>in</strong></span> <span class='ocrx_word' id='word_1_79' title='bbox 934 1205 1161 1275; x_wconf 83' lang='lat' dir='ltr'><strong>pedibus</strong></span> <span class='ocrx_word' id='word_1_80' title='bbox 1194 1208 1380 1263; x_wconf 87' lang='lat' dir='ltr'><strong>stellas</strong></span> <span class='ocrx_word' id='word_1_81' title='bbox 1411 1211 1683 1278; x_wconf 89' lang='lat' dir='ltr'><strong>ponimus,</strong></span> <span class='ocrx_word' id='word_1_82' title='bbox 1710 1226 1804 1266; x_wconf 89' lang='lat' dir='ltr'><strong>eas</strong></span> <span class='ocrx_word' id='word_1_83' title='bbox 1838 1211 1891 1264; x_wconf 92' lang='lat' dir='ltr'><strong>in</strong></span> <span class='ocrx_word' id='word_1_84' title='bbox 1923 1227 2014 1283; x_wconf 84' lang='lat' dir='ltr'><strong>ge-</strong></span> 
     </span>
    </p>
   </div>
   <div class='ocr_carea' id='block_1_14' title="bbox 452 1294 2011 1373">
    <p class='ocr_par' dir='ltr' id='par_1_14' title="bbox 452 1294 2011 1373">
     <span class='ocr_line' id='line_1_14' title="bbox 452 1294 2011 1373; baseline 0.005 -23"><span class='ocrx_word' id='word_1_85' title='bbox 452 1294 616 1350; x_wconf 88' lang='lat' dir='ltr'><strong>nibus</strong></span> <span class='ocrx_word' id='word_1_86' title='bbox 666 1296 734 1351; x_wconf 91' lang='lat' dir='ltr'><strong>ab</strong></span> <span class='ocrx_word' id='word_1_87' title='bbox 788 1296 880 1351; x_wconf 91' lang='lat' dir='ltr'><strong>illo</strong></span> <span class='ocrx_word' id='word_1_88' title='bbox 918 1298 1244 1354; x_wconf 85' lang='lat' dir='ltr'><strong>constitutas</strong></span> <span class='ocrx_word' id='word_1_89' title='bbox 1293 1314 1436 1355; x_wconf 86' lang='lat' dir='ltr'><strong>esse.</strong></span> <span class='ocrx_word' id='word_1_90' title='bbox 1505 1299 1717 1356; x_wconf 83' lang='lat' dir='ltr'><strong>Etenim</strong></span> <span class='ocrx_word' id='word_1_91' title='bbox 1765 1303 1907 1373; x_wconf 92' lang='lat' dir='ltr'><strong>quod</strong></span> <span class='ocrx_word' id='word_1_92' title='bbox 1956 1304 2011 1358; x_wconf 89' lang='lat' dir='ltr'><strong>in</strong></span> 
     </span>
    </p>
   </div>
   <div class='ocr_carea' id='block_1_15' title="bbox 452 1386 2011 1466">
    <p class='ocr_par' dir='ltr' id='par_1_15' title="bbox 452 1386 2011 1466">
     <span class='ocr_line' id='line_1_15' title="bbox 452 1386 2011 1466; baseline 0.007 -27"><span class='ocrx_word' id='word_1_93' title='bbox 452 1386 644 1441; x_wconf 80' lang='lat' dir='ltr'><strong>dextro</strong></span> <span class='ocrx_word' id='word_1_94' title='bbox 669 1386 803 1458; x_wconf 87' lang='lat' dir='ltr'><strong>pede</strong></span> <span class='ocrx_word' id='word_1_95' title='bbox 834 1404 935 1444; x_wconf 91' lang='lat' dir='ltr'><strong>nos</strong></span> <span class='ocrx_word' id='word_1_96' title='bbox 967 1405 1092 1445; x_wconf 82' lang='lat' dir='ltr'><strong>esse</strong></span> <span class='ocrx_word' id='word_1_97' title='bbox 1121 1389 1373 1458; x_wconf 87' lang='lat' dir='ltr'><strong>dicimus,</strong></span> <span class='ocrx_word' id='word_1_98' title='bbox 1401 1392 1594 1449; x_wconf 88' lang='lat' dir='ltr'><strong>ibidem</strong></span> <span class='ocrx_word' id='word_1_99' title='bbox 1629 1408 1844 1466; x_wconf 85' lang='lat' dir='ltr'><strong>quoque</strong></span> <span class='ocrx_word' id='word_1_100' title='bbox 1877 1395 2011 1451; x_wconf 89' lang='lat' dir='ltr'><strong>illud</strong></span> 
     </span>
    </p>
   </div>
   <div class='ocr_carea' id='block_1_16' title="bbox 451 1477 1205 1540">
    <p class='ocr_par' dir='ltr' id='par_1_16' title="bbox 451 1477 1205 1540">
     <span class='ocr_line' id='line_1_16' title="bbox 451 1477 1205 1540; baseline 0.009 -7"><span class='ocrx_word' id='word_1_101' title='bbox 451 1492 574 1534; x_wconf 86' lang='lat' dir='ltr'><strong>esse</strong></span> <span class='ocrx_word' id='word_1_102' title='bbox 608 1477 766 1535; x_wconf 87' lang='lat' dir='ltr'><strong>docet</strong></span> <span class='ocrx_word' id='word_1_103' title='bbox 800 1480 884 1537; x_wconf 91' lang='lat' dir='ltr'><strong>bis</strong></span> <span class='ocrx_word' id='word_1_104' title='bbox 916 1483 1205 1540; x_wconf 84' lang='lat' dir='ltr'><strong>versibus:</strong></span> 
     </span>
    </p>
   </div>
   <div class='ocr_carea' id='block_1_17' title="bbox 615 1593 1696 1657">
    <p class='ocr_par' dir='ltr' id='par_1_17' title="bbox 615 1593 1696 1657">
     <span class='ocr_line' id='line_1_17' title="bbox 615 1593 1696 1657; baseline 0.011 -12"><span class='ocrx_word' id='word_1_105' title='bbox 615 1629 632 1645; x_wconf 92' lang='lat'><strong>.</strong></span> <span class='ocrx_word' id='word_1_106' title='bbox 708 1634 721 1648; x_wconf 92' lang='lat'><strong>.</strong></span> <span class='ocrx_word' id='word_1_107' title='bbox 764 1593 982 1650; x_wconf 86' lang='lat' dir='ltr'><strong>Sinistri</strong></span> <span class='ocrx_word' id='word_1_108' title='bbox 1009 1614 1123 1652; x_wconf 79' lang='lat' dir='ltr'><strong>vero</strong></span> <span class='ocrx_word' id='word_1_109' title='bbox 1152 1613 1313 1651; x_wconf 85' lang='lat' dir='ltr'><strong>cornu</strong></span> <span class='ocrx_word' id='word_1_110' title='bbox 1346 1603 1696 1657; x_wconf 76' lang='lat' dir='ltr'><strong>summitatem</strong></span> 
     </span>
    </p>
   </div>
   <div class='ocr_carea' id='block_1_18' title="bbox 521 1628 1602 1743">
    <p class='ocr_par' dir='ltr' id='par_1_18' title="bbox 521 1628 1602 1743">
     <span class='ocr_line' id='line_1_18' title="bbox 521 1628 1602 1656; baseline 0.011 -14"><span class='ocrx_word' id='word_1_111' title='bbox 521 1628 539 1642; x_wconf 75' lang='grc' dir='ltr'><strong>ο</strong></span> <span class='ocrx_word' id='word_1_112' title='bbox 615 1629 632 1645; x_wconf 76' lang='grc' dir='ltr'><strong>ο</strong></span> <span class='ocrx_word' id='word_1_113' title='bbox 708 1634 721 1648; x_wconf 76' lang='grc' dir='ltr'><strong>ο</strong></span> <span class='ocrx_word' id='word_1_114' title='bbox 764 1628 980 1650; x_wconf 78' lang='lat' dir='ltr'><strong>uuuous</strong></span> <span class='ocrx_word' id='word_1_115' title='bbox 1011 1628 1123 1652; x_wconf 69' lang='grc' dir='ltr'>υσιυ</span> <span class='ocrx_word' id='word_1_116' title='bbox 1152 1628 1313 1651; x_wconf 73' lang='grc' dir='ltr'>ιυιηιι</span> <span class='ocrx_word' id='word_1_117' title='bbox 1346 1628 1602 1656; x_wconf 67' lang='grc' dir='ltr'>δῒιηιηηιαι</span> 
     </span>
     <span class='ocr_line' id='line_1_19' title="bbox 521 1658 1602 1743; baseline 0.014 -30"><span class='ocrx_word' id='word_1_118' title='bbox 521 1658 590 1743; x_wconf 57' lang='grc' dir='ltr'><strong>ξι</strong></span> <span class='ocrx_word' id='word_1_119' title='bbox 617 1663 1054 1743; x_wconf 37' lang='lat' dir='ltr'><strong>pedeni‘dextrnm</strong></span> <span class='ocrx_word' id='word_1_120' title='bbox 1084 1668 1362 1738; x_wconf 81' lang='lat' dir='ltr'><strong>propinqui</strong></span> <span class='ocrx_word' id='word_1_121' title='bbox 1389 1672 1602 1743; x_wconf 67' lang='lat' dir='ltr'><strong>Aurigae</strong></span> 
     </span>
    </p>
   </div>
   <div class='ocr_carea' id='block_1_19' title="bbox 522 1727 1086 1792">
    <p class='ocr_par' dir='ltr' id='par_1_19' title="bbox 522 1727 1086 1792">
     <span class='ocr_line' id='line_1_20' title="bbox 522 1727 1086 1792; baseline 0.014 -8"><span class='ocrx_word' id='word_1_122' title='bbox 522 1727 639 1785; x_wconf 82' lang='lat' dir='ltr'><strong>Una</strong></span> <span class='ocrx_word' id='word_1_123' title='bbox 686 1734 843 1789; x_wconf 82' lang='lat' dir='ltr'><strong>stella</strong></span> <span class='ocrx_word' id='word_1_124' title='bbox 870 1727 1086 1792; x_wconf 70' lang='lat' dir='ltr'><strong>obtinet.</strong></span> 
     </span>
    </p>
   </div>
   <div class='ocr_carea' id='block_1_20' title="bbox 449 1848 1098 1940">
    <p class='ocr_par' dir='ltr' id='par_1_20' title="bbox 449 1848 1098 1940">
     <span class='ocr_line' id='line_1_21' title="bbox 449 1848 1098 1940; baseline 0.022 -22"><span class='ocrx_word' id='word_1_125' title='bbox 449 1860 585 1919; x_wconf 80' lang='lat' dir='ltr'><strong>Tum</strong></span> <span class='ocrx_word' id='word_1_126' title='bbox 618 1865 675 1921; x_wconf 89' lang='lat' dir='ltr'><strong>in</strong></span> <span class='ocrx_word' id='word_1_127' title='bbox 709 1848 1098 1940; x_wconf 73' lang='lat' dir='ltr'><strong>sequentibus:</strong></span> 
     </span>
    </p>
   </div>
   <div class='ocr_carea' id='block_1_21' title="bbox 516 1976 1867 2103">
    <p class='ocr_par' dir='ltr' id='par_1_21' title="bbox 516 1976 1867 2103">
     <span class='ocr_line' id='line_1_22' title="bbox 516 1976 1867 2103; baseline 0.016 -70"><span class='ocrx_word' id='word_1_128' title='bbox 516 1976 726 2103; x_wconf 55' lang='lat' dir='ltr'><strong>53(8th</strong></span> <span class='ocrx_word' id='word_1_129' title='bbox 751 2000 869 2039; x_wconf 76' lang='lat' dir='ltr'><strong>vero</strong></span> <span class='ocrx_word' id='word_1_130' title='bbox 898 2001 1021 2043; x_wconf 86' lang='lat' dir='ltr'><strong>crus</strong></span> <span class='ocrx_word' id='word_1_131' title='bbox 1039 2029 1055 2057; x_wconf 87' lang='lat'><strong>,</strong></span> <span class='ocrx_word' id='word_1_132' title='bbox 1090 1999 1143 2046; x_wconf 85' lang='lat' dir='ltr'><strong>et</strong></span> <span class='ocrx_word' id='word_1_133' title='bbox 1165 1993 1379 2049; x_wconf 79' lang='lat' dir='ltr'><strong>sinister</strong></span> <span class='ocrx_word' id='word_1_134' title='bbox 1400 1996 1642 2052; x_wconf 77' lang='lat' dir='ltr'><strong>humerus</strong></span> <span class='ocrx_word' id='word_1_135' title='bbox 1675 1999 1729 2053; x_wconf 69' lang='lat' dir='ltr'><strong>is</strong></span> <span class='ocrx_word' id='word_1_136' title='bbox 1746 2000 1867 2070; x_wconf 77' lang='lat' dir='ltr'><strong>ipso</strong></span> 
     </span>
     <span class='ocr_line' id='line_1_23' title="bbox 516 2064 720 2103; baseline 0.005 -1"><span class='ocrx_word' id='word_1_137' title='bbox 516 2064 520 2075; x_wconf 77' lang='grc'><strong><em>³</em></strong></span> <span class='ocrx_word' id='word_1_138' title='bbox 565 2068 720 2103; x_wconf 79' lang='lat' dir='ltr'><strong>erset.</strong></span> 
     </span>
    </p>
   </div>
   <div class='ocr_carea' id='block_1_22' title="bbox 514 2064 720 2108">
    <p class='ocr_par' dir='ltr' id='par_1_22' title="bbox 514 2064 720 2108">
     <span class='ocr_line' id='line_1_24' title="bbox 514 2064 720 2108; baseline 0.024 -5"><span class='ocrx_word' id='word_1_139' title='bbox 514 2064 720 2108; x_wconf 60' lang='lat' dir='ltr'><strong>Persei.</strong></span> 
     </span>
    </p>
   </div>
   <div class='ocr_carea' id='block_1_23' title="bbox 449 2160 2004 2240">
    <p class='ocr_par' dir='ltr' id='par_1_23' title="bbox 449 2160 2004 2240">
     <span class='ocr_line' id='line_1_25' title="bbox 449 2160 2004 2240; baseline 0.015 -25"><span class='ocrx_word' id='word_1_140' title='bbox 449 2160 507 2217; x_wconf 90' lang='lat' dir='ltr'><strong>ln</strong></span> <span class='ocrx_word' id='word_1_141' title='bbox 535 2165 733 2234; x_wconf 74' lang='lat' dir='ltr'><strong>quibus</strong></span> <span class='ocrx_word' id='word_1_142' title='bbox 767 2168 933 2225; x_wconf 89' lang='lat' dir='ltr'><strong>etiam</strong></span> <span class='ocrx_word' id='word_1_143' title='bbox 982 2171 1278 2240; x_wconf 88' lang='lat' dir='ltr'><strong>plurimum</strong></span> <span class='ocrx_word' id='word_1_144' title='bbox 1336 2177 1569 2235; x_wconf 87' lang='lat' dir='ltr'><strong>dissidet</strong></span> <span class='ocrx_word' id='word_1_145' title='bbox 1615 2195 1645 2235; x_wconf 89' lang='lat' dir='ltr'><strong>a</strong></span> <span class='ocrx_word' id='word_1_146' title='bbox 1688 2197 1836 2238; x_wconf 85' lang='lat' dir='ltr'><strong>vero.</strong></span> <span class='ocrx_word' id='word_1_147' title='bbox 1868 2182 2004 2239; x_wconf 84' lang='lat' dir='ltr'><strong>Nam</strong></span> 
     </span>
    </p>
   </div>
   <div class='ocr_carea' id='block_1_24' title="bbox 450 2254 2006 2347">
    <p class='ocr_par' dir='ltr' id='par_1_24' title="bbox 450 2254 2006 2347">
     <span class='ocr_line' id='line_1_26' title="bbox 450 2254 2006 2347; baseline 0.015 -39"><span class='ocrx_word' id='word_1_148' title='bbox 450 2254 624 2310; x_wconf 89' lang='lat' dir='ltr'><strong>lucida</strong></span> <span class='ocrx_word' id='word_1_149' title='bbox 656 2259 834 2317; x_wconf 89' lang='lat' dir='ltr'><strong>medio</strong></span> <span class='ocrx_word' id='word_1_150' title='bbox 868 2263 922 2318; x_wconf 92' lang='lat' dir='ltr'><strong>in</strong></span> <span class='ocrx_word' id='word_1_151' title='bbox 962 2262 1143 2320; x_wconf 88' lang='lat' dir='ltr'><strong>Persei</strong></span> <span class='ocrx_word' id='word_1_152' title='bbox 1179 2282 1407 2339; x_wconf 90' lang='lat' dir='ltr'><strong>corpore</strong></span> <span class='ocrx_word' id='word_1_153' title='bbox 1429 2271 1707 2328; x_wconf 79' lang='lat' dir='ltr'><strong>borealior</strong></span> <span class='ocrx_word' id='word_1_154' title='bbox 1732 2282 1816 2332; x_wconf 89' lang='lat' dir='ltr'><strong>est</strong></span> <span class='ocrx_word' id='word_1_155' title='bbox 1837 2278 2006 2347; x_wconf 68' lang='lat' dir='ltr'><strong>aequi-</strong></span> 
     </span>
    </p>
   </div>
   <div class='ocr_carea' id='block_1_25' title="bbox 450 2349 2008 2435">
    <p class='ocr_par' dir='ltr' id='par_1_25' title="bbox 450 2349 2008 2435">
     <span class='ocr_line' id='line_1_27' title="bbox 450 2349 2008 2435; baseline 0.015 -35"><span class='ocrx_word' id='word_1_156' title='bbox 450 2349 668 2403; x_wconf 86' lang='lat' dir='ltr'><strong>noctiali</strong></span> <span class='ocrx_word' id='word_1_157' title='bbox 703 2354 947 2421; x_wconf 84' lang='lat' dir='ltr'><strong>partibus</strong></span> <span class='ocrx_word' id='word_1_158' title='bbox 977 2355 1066 2410; x_wconf 74' lang='grc'><strong>40.</strong></span> <span class='ocrx_word' id='word_1_159' title='bbox 1097 2356 1332 2430; x_wconf 87' lang='lat' dir='ltr'><strong>Tropico</strong></span> <span class='ocrx_word' id='word_1_160' title='bbox 1368 2363 1552 2435; x_wconf 83' lang='lat' dir='ltr'><strong>itaque</strong></span> <span class='ocrx_word' id='word_1_161' title='bbox 1584 2366 1853 2423; x_wconf 89' lang='lat' dir='ltr'><strong>borealior</strong></span> <span class='ocrx_word' id='word_1_162' title='bbox 1903 2369 2008 2424; x_wconf 89' lang='lat' dir='ltr'><strong>erit</strong></span> 
     </span>
    </p>
   </div>
   <div class='ocr_carea' id='block_1_26' title="bbox 450 2440 2005 2530">
    <p class='ocr_par' dir='ltr' id='par_1_26' title="bbox 450 2440 2005 2530">
     <span class='ocr_line' id='line_1_28' title="bbox 450 2440 2005 2530; baseline 0.017 -39"><span class='ocrx_word' id='word_1_163' title='bbox 450 2440 693 2530; x_wconf 81' lang='lat' dir='ltr'><strong>partibus</strong></span> <span class='ocrx_word' id='word_1_164' title='bbox 718 2443 804 2500; x_wconf 80' lang='grc'><strong>16.</strong></span> <span class='ocrx_word' id='word_1_165' title='bbox 841 2444 995 2512; x_wconf 86' lang='lat' dir='ltr'><strong>Quod</strong></span> <span class='ocrx_word' id='word_1_166' title='bbox 1029 2450 1253 2507; x_wconf 88' lang='lat' dir='ltr'><strong>dimidia</strong></span> <span class='ocrx_word' id='word_1_167' title='bbox 1282 2456 1418 2526; x_wconf 82' lang='lat' dir='ltr'><strong>signi</strong></span> <span class='ocrx_word' id='word_1_168' title='bbox 1457 2466 1612 2527; x_wconf 87' lang='lat' dir='ltr'><strong>parte</strong></span> <span class='ocrx_word' id='word_1_169' title='bbox 1638 2460 1871 2530; x_wconf 87' lang='lat' dir='ltr'><strong>amplius</strong></span> <span class='ocrx_word' id='word_1_170' title='bbox 1899 2471 2005 2519; x_wconf 82' lang='lat' dir='ltr'><strong>est.</strong></span> 
     </span>
    </p>
   </div>
   <div class='ocr_carea' id='block_1_27' title="bbox 448 2527 2005 2612">
    <p class='ocr_par' dir='ltr' id='par_1_27' title="bbox 448 2527 2005 2612">
     <span class='ocr_line' id='line_1_29' title="bbox 448 2527 2005 2612; baseline 0.018 -31"><span class='ocrx_word' id='word_1_171' title='bbox 448 2527 807 2596; x_wconf 84' lang='lat' dir='ltr'><strong>Quamobrem</strong></span> <span class='ocrx_word' id='word_1_172' title='bbox 829 2536 1016 2592; x_wconf 86' lang='lat' dir='ltr'><strong>eodem</strong></span> <span class='ocrx_word' id='word_1_173' title='bbox 1052 2541 1265 2612; x_wconf 90' lang='lat' dir='ltr'><strong>tropico</strong></span> <span class='ocrx_word' id='word_1_174' title='bbox 1293 2551 1464 2602; x_wconf 88' lang='lat' dir='ltr'><strong>multo</strong></span> <span class='ocrx_word' id='word_1_175' title='bbox 1494 2527 1764 2605; x_wconf 82' lang='lat' dir='ltr'><strong>borealior</strong></span> <span class='ocrx_word' id='word_1_176' title='bbox 1794 2562 1878 2608; x_wconf 87' lang='lat' dir='ltr'><strong>est</strong></span> <span class='ocrx_word' id='word_1_177' title='bbox 1906 2554 2005 2608; x_wconf 81' lang='lat' dir='ltr'><strong>hu-</strong></span> 
     </span>
    </p>
   </div>
   <div class='ocr_carea' id='block_1_28' title="bbox 448 2624 2004 2712">
    <p class='ocr_par' dir='ltr' id='par_1_28' title="bbox 448 2624 2004 2712">
     <span class='ocr_line' id='line_1_30' title="bbox 448 2624 2004 2712; baseline 0.017 -37"><span class='ocrx_word' id='word_1_178' title='bbox 448 2636 629 2679; x_wconf 87' lang='lat' dir='ltr'><strong>merus</strong></span> <span class='ocrx_word' id='word_1_179' title='bbox 654 2624 895 2682; x_wconf 91' lang='lat' dir='ltr'><strong>sinister.</strong></span> <span class='ocrx_word' id='word_1_180' title='bbox 940 2630 1153 2686; x_wconf 85' lang='lat' dir='ltr'><strong>Etenim</strong></span> <span class='ocrx_word' id='word_1_181' title='bbox 1184 2633 1364 2692; x_wconf 91' lang='lat' dir='ltr'><strong>Persei</strong></span> <span class='ocrx_word' id='word_1_182' title='bbox 1396 2639 1535 2697; x_wconf 89' lang='lat' dir='ltr'><strong>situs</strong></span> <span class='ocrx_word' id='word_1_183' title='bbox 1567 2651 1650 2696; x_wconf 81' lang='lat' dir='ltr'><strong>est</strong></span> <span class='ocrx_word' id='word_1_184' title='bbox 1696 2644 1959 2712; x_wconf 86' lang='lat' dir='ltr'><strong>ejusmodi</strong></span> <span class='ocrx_word' id='word_1_185' title='bbox 1987 2685 2004 2710; x_wconf 90' lang='lat'><strong><em>,</em></strong></span> 
     </span>
    </p>
   </div>
   <div class='ocr_carea' id='block_1_29' title="bbox 449 2716 2007 2801">
    <p class='ocr_par' dir='ltr' id='par_1_29' title="bbox 449 2716 2007 2801">
     <span class='ocr_line' id='line_1_31' title="bbox 449 2716 2007 2801; baseline 0.019 -38"><span class='ocrx_word' id='word_1_186' title='bbox 449 2717 506 2764; x_wconf 91' lang='lat' dir='ltr'><strong>ut</strong></span> <span class='ocrx_word' id='word_1_187' title='bbox 552 2723 731 2783; x_wconf 85' lang='lat' dir='ltr'><strong>partes</strong></span> <span class='ocrx_word' id='word_1_188' title='bbox 760 2716 905 2773; x_wconf 90' lang='lat' dir='ltr'><strong>illius</strong></span> <span class='ocrx_word' id='word_1_189' title='bbox 937 2718 1003 2773; x_wconf 87' lang='lat' dir='ltr'><strong>ad</strong></span> <span class='ocrx_word' id='word_1_190' title='bbox 1049 2732 1211 2793; x_wconf 88' lang='lat' dir='ltr'><strong>caput</strong></span> <span class='ocrx_word' id='word_1_191' title='bbox 1265 2728 1453 2796; x_wconf 70' lang='lat' dir='ltr'><strong>positte</strong></span> <span class='ocrx_word' id='word_1_192' title='bbox 1500 2730 1566 2784; x_wconf 91' lang='lat' dir='ltr'><strong>ad</strong></span> <span class='ocrx_word' id='word_1_193' title='bbox 1604 2731 2007 2801; x_wconf 85' lang='lat' dir='ltr'><strong>Septentriones</strong></span> 
     </span>
    </p>
   </div>
   <div class='ocr_carea' id='block_1_30' title="bbox 445 2804 2005 2890">
    <p class='ocr_par' dir='ltr' id='par_1_30' title="bbox 445 2804 2005 2890">
     <span class='ocr_line' id='line_1_32' title="bbox 445 2804 2005 2890; baseline 0.015 -33"><span class='ocrx_word' id='word_1_194' title='bbox 445 2804 785 2872; x_wconf 85' lang='lat' dir='ltr'><strong>pertineant:</strong></span> <span class='ocrx_word' id='word_1_195' title='bbox 820 2810 982 2878; x_wconf 85' lang='lat' dir='ltr'><strong>pedes</strong></span> <span class='ocrx_word' id='word_1_196' title='bbox 1005 2824 1182 2870; x_wconf 84' lang='lat' dir='ltr'><strong>autem</strong></span> <span class='ocrx_word' id='word_1_197' title='bbox 1212 2818 1278 2872; x_wconf 90' lang='lat' dir='ltr'><strong>ad</strong></span> <span class='ocrx_word' id='word_1_198' title='bbox 1303 2821 1617 2890; x_wconf 87' lang='lat' dir='ltr'><strong>meridiem;</strong></span> <span class='ocrx_word' id='word_1_199' title='bbox 1648 2826 1712 2879; x_wconf 90' lang='lat' dir='ltr'><strong>ad</strong></span> <span class='ocrx_word' id='word_1_200' title='bbox 1743 2827 2005 2882; x_wconf 88' lang='lat' dir='ltr'><strong>orientem</strong></span> 
     </span>
    </p>
   </div>
   <div class='ocr_carea' id='block_1_31' title="bbox 446 2895 1284 2979">
    <p class='ocr_par' dir='ltr' id='par_1_31' title="bbox 446 2895 1284 2979">
     <span class='ocr_line' id='line_1_33' title="bbox 446 2895 1284 2979; baseline 0.021 -32"><span class='ocrx_word' id='word_1_201' title='bbox 446 2895 724 2964; x_wconf 86' lang='lat' dir='ltr'><strong>paululum</strong></span> <span class='ocrx_word' id='word_1_202' title='bbox 755 2898 1063 2960; x_wconf 89' lang='lat' dir='ltr'><strong>declinante</strong></span> <span class='ocrx_word' id='word_1_203' title='bbox 1087 2908 1284 2979; x_wconf 83' lang='lat' dir='ltr'><strong>capite.</strong></span> 
     </span>
    </p>
   </div>
   <div class='ocr_carea' id='block_1_32' title="bbox 518 3070 1666 3149">
    <p class='ocr_par' dir='ltr' id='par_1_32' title="bbox 518 3070 1666 3149">
     <span class='ocr_line' id='line_1_34' title="bbox 518 3070 1666 3149; baseline 0.019 -22"><span class='ocrx_word' id='word_1_204' title='bbox 518 3070 708 3133; x_wconf 79' lang='lat' dir='ltr'><strong>XXIII.</strong></span> <span class='ocrx_word' id='word_1_205' title='bbox 737 3077 812 3135; x_wconf 90' lang='lat' dir='ltr'><strong>De</strong></span> <span class='ocrx_word' id='word_1_206' title='bbox 843 3080 1188 3141; x_wconf 83' lang='lat' dir='ltr'><strong>Andromeda</strong></span> <span class='ocrx_word' id='word_1_207' title='bbox 1210 3091 1399 3146; x_wconf 88' lang='lat' dir='ltr'><strong>scribit</strong></span> <span class='ocrx_word' id='word_1_208' title='bbox 1424 3092 1626 3149; x_wconf 89' lang='lat' dir='ltr'><strong>Aratus</strong></span> <span class='ocrx_word' id='word_1_209' title='bbox 1653 3113 1666 3148; x_wconf 92' lang='lat'>:</span> 
     </span>
    </p>
   </div>
   <div class='ocr_carea' id='block_1_33' title="bbox 513 3192 1793 3275">
    <p class='ocr_par' dir='ltr' id='par_1_33' title="bbox 513 3192 1793 3275">
     <span class='ocr_line' id='line_1_35' title="bbox 513 3192 1793 3275; baseline 0.018 -33"><span class='ocrx_word' id='word_1_210' title='bbox 513 3225 560 3275; x_wconf 48' lang='grc' dir='ltr'><strong>,ἢ</strong></span> <span class='ocrx_word' id='word_1_211' title='bbox 608 3229 646 3275; x_wconf 69' lang='lat'><strong>._</strong></span> <span class='ocrx_word' id='word_1_212' title='bbox 681 3231 694 3243; x_wconf 95' lang='lat'><strong>.</strong></span> <span class='ocrx_word' id='word_1_213' title='bbox 736 3192 1084 3275; x_wconf 69' lang='lat' dir='ltr'><strong>Andropredae</strong></span> <span class='ocrx_word' id='word_1_214' title='bbox 1116 3201 1343 3258; x_wconf 85' lang='lat' dir='ltr'><strong>mediam</strong></span> <span class='ocrx_word' id='word_1_215' title='bbox 1375 3221 1536 3275; x_wconf 79' lang='lat' dir='ltr'><strong>supra</strong></span> <span class='ocrx_word' id='word_1_216' title='bbox 1562 3208 1793 3265; x_wconf 82' lang='lat' dir='ltr'><strong>cubitum</strong></span> 
     </span>
    </p>
   </div>
   <div class='ocr_carea' id='block_1_34' title="bbox 511 3257 1037 3323">
    <p class='ocr_par' dir='ltr' id='par_1_34' title="bbox 511 3257 1037 3323">
     <span class='ocr_line' id='line_1_36' title="bbox 511 3257 1037 3323; baseline 0.023 -12"><span class='ocrx_word' id='word_1_217' title='bbox 511 3257 765 3316; x_wconf 73' lang='lat' dir='ltr'><strong>Dextram</strong></span> <span class='ocrx_word' id='word_1_218' title='bbox 791 3266 1037 3323; x_wconf 82' lang='lat' dir='ltr'><strong>continet.</strong></span> 
     </span>
    </p>
   </div>
   <div class='ocr_carea' id='block_1_35' title="bbox 516 3366 2002 3454">
    <p class='ocr_par' dir='ltr' id='par_1_35' title="bbox 516 3366 2002 3454">
     <span class='ocr_line' id='line_1_37' title="bbox 516 3366 2002 3454; baseline 0.017 -30"><span class='ocrx_word' id='word_1_219' title='bbox 516 3366 676 3442; x_wconf 67' lang='grc'><strong>114</strong></span> <span class='ocrx_word' id='word_1_220' title='bbox 718 3370 774 3428; x_wconf 92' lang='lat' dir='ltr'><strong>In</strong></span> <span class='ocrx_word' id='word_1_221' title='bbox 823 3391 932 3445; x_wconf 90' lang='lat' dir='ltr'><strong>quo</strong></span> <span class='ocrx_word' id='word_1_222' title='bbox 989 3376 1127 3449; x_wconf 82' lang='lat' dir='ltr'><strong>fugit</strong></span> <span class='ocrx_word' id='word_1_223' title='bbox 1166 3379 1315 3436; x_wconf 90' lang='lat' dir='ltr'><strong>illum</strong></span> <span class='ocrx_word' id='word_1_224' title='bbox 1366 3384 1526 3440; x_wconf 85' lang='lat' dir='ltr'><strong>ratio.</strong></span> <span class='ocrx_word' id='word_1_225' title='bbox 1578 3385 1710 3454; x_wconf 64' lang='lat' dir='ltr'><strong>Qum</strong></span> <span class='ocrx_word' id='word_1_226' title='bbox 1756 3393 1899 3447; x_wconf 88' lang='lat' dir='ltr'><strong>enim</strong></span> <span class='ocrx_word' id='word_1_227' title='bbox 1948 3395 2002 3450; x_wconf 91' lang='lat' dir='ltr'><strong>in</strong></span> 
     </span>
    </p>
   </div>
   <div class='ocr_carea' id='block_1_36' title="bbox 444 3456 2000 3554">
    <p class='ocr_par' dir='ltr' id='par_1_36' title="bbox 444 3456 2000 3554">
     <span class='ocr_line' id='line_1_38' title="bbox 444 3456 2000 3554; baseline 0.02 -43"><span class='ocrx_word' id='word_1_228' title='bbox 444 3456 638 3515; x_wconf 80' lang='lat' dir='ltr'><strong>dextro</strong></span> <span class='ocrx_word' id='word_1_229' title='bbox 672 3474 798 3519; x_wconf 91' lang='lat' dir='ltr'><strong>sunt</strong></span> <span class='ocrx_word' id='word_1_230' title='bbox 825 3466 969 3524; x_wconf 89' lang='lat' dir='ltr'><strong>illius</strong></span> <span class='ocrx_word' id='word_1_231' title='bbox 990 3469 1236 3537; x_wconf 84' lang='lat' dir='ltr'><strong>humero,</strong></span> <span class='ocrx_word' id='word_1_232' title='bbox 1264 3472 1595 3534; x_wconf 84' lang='lat' dir='ltr'><strong>borealiores</strong></span> <span class='ocrx_word' id='word_1_233' title='bbox 1624 3485 2000 3554; x_wconf 90' lang='lat' dir='ltr'><strong>suntlropico.</strong></span> 
     </span>
    </p>
   </div>
   <div class='ocr_carea' id='block_1_37' title="bbox 441 3545 2001 3642">
    <p class='ocr_par' dir='ltr' id='par_1_37' title="bbox 441 3545 2001 3642">
     <span class='ocr_line' id='line_1_39' title="bbox 441 3545 2001 3642; baseline 0.017 -41"><span class='ocrx_word' id='word_1_234' title='bbox 441 3545 574 3603; x_wconf 86' lang='lat' dir='ltr'><strong>Nam</strong></span> <span class='ocrx_word' id='word_1_235' title='bbox 597 3566 720 3607; x_wconf 88' lang='lat' dir='ltr'><strong>cum</strong></span> <span class='ocrx_word' id='word_1_236' title='bbox 746 3556 856 3610; x_wconf 88' lang='lat' dir='ltr'><strong>sint</strong></span> <span class='ocrx_word' id='word_1_237' title='bbox 876 3560 1046 3614; x_wconf 66' lang='lat' dir='ltr'><strong>stella:</strong></span> <span class='ocrx_word' id='word_1_238' title='bbox 1070 3568 1202 3625; x_wconf 87' lang='lat' dir='ltr'><strong>tres,</strong></span> <span class='ocrx_word' id='word_1_239' title='bbox 1223 3579 1343 3633; x_wconf 61' lang='lat' dir='ltr'><strong>qua</strong></span> <span class='ocrx_word' id='word_1_240' title='bbox 1368 3581 1431 3621; x_wconf 82' lang='lat' dir='ltr'><strong>ex</strong></span> <span class='ocrx_word' id='word_1_241' title='bbox 1464 3567 1550 3624; x_wconf 85' lang='lat' dir='ltr'><strong>his</strong></span> <span class='ocrx_word' id='word_1_242' title='bbox 1582 3545 1875 3628; x_wconf 74' lang='lat' dir='ltr'><strong>australior</strong></span> <span class='ocrx_word' id='word_1_243' title='bbox 1897 3584 2001 3642; x_wconf 90' lang='lat' dir='ltr'><strong>est,</strong></span> 
     </span>
    </p>
   </div>
   <div class='ocr_carea' id='block_1_38' title="bbox 418 3640 2004 3732">
    <p class='ocr_par' dir='ltr' id='par_1_38' title="bbox 418 3640 2004 3732">
     <span class='ocr_line' id='line_1_40' title="bbox 418 3640 2004 3732; baseline 0.018 -38"><span class='ocrx_word' id='word_1_244' title='bbox 418 3640 512 3700; x_wconf 80' lang='lat' dir='ltr'><strong>.ab</strong></span> <span class='ocrx_word' id='word_1_245' title='bbox 541 3647 902 3714; x_wconf 67' lang='lat' dir='ltr'><strong>aequinoctiali</strong></span> <span class='ocrx_word' id='word_1_246' title='bbox 961 3652 1197 3709; x_wconf 89' lang='lat' dir='ltr'><strong>declinat</strong></span> <span class='ocrx_word' id='word_1_247' title='bbox 1242 3657 1298 3710; x_wconf 88' lang='lat' dir='ltr'><strong>in</strong></span> <span class='ocrx_word' id='word_1_248' title='bbox 1345 3657 1564 3714; x_wconf 87' lang='lat' dir='ltr'><strong>boream</strong></span> <span class='ocrx_word' id='word_1_249' title='bbox 1605 3665 1852 3732; x_wconf 91' lang='lat' dir='ltr'><strong>partibus</strong></span> <span class='ocrx_word' id='word_1_250' title='bbox 1885 3640 2004 3721; x_wconf 39' lang='lat' dir='ltr'><strong>am;</strong></span> 
     </span>
    </p>
   </div>
   <div class='ocr_carea' id='block_1_39' title="bbox 441 3735 1999 3820">
    <p class='ocr_par' dir='ltr' id='par_1_39' title="bbox 441 3735 1999 3820">
     <span class='ocr_line' id='line_1_41' title="bbox 441 3735 1999 3820; baseline 0.017 -34"><span class='ocrx_word' id='word_1_251' title='bbox 441 3735 585 3803; x_wconf 89' lang='lat' dir='ltr'><strong>plius</strong></span> <span class='ocrx_word' id='word_1_252' title='bbox 621 3738 709 3793; x_wconf 76' lang='lat'><strong>50.</strong></span> <span class='ocrx_word' id='word_1_253' title='bbox 767 3740 952 3797; x_wconf 90' lang='lat' dir='ltr'><strong>Trium</strong></span> <span class='ocrx_word' id='word_1_254' title='bbox 976 3761 1126 3809; x_wconf 85' lang='lat' dir='ltr'><strong>vero,</strong></span> <span class='ocrx_word' id='word_1_255' title='bbox 1159 3764 1280 3818; x_wconf 63' lang='lat' dir='ltr'><strong>qua}</strong></span> <span class='ocrx_word' id='word_1_256' title='bbox 1306 3759 1433 3805; x_wconf 90' lang='lat' dir='ltr'><strong>sunt</strong></span> <span class='ocrx_word' id='word_1_257' title='bbox 1474 3753 1529 3806; x_wconf 90' lang='lat' dir='ltr'><strong>in</strong></span> <span class='ocrx_word' id='word_1_258' title='bbox 1571 3754 1759 3810; x_wconf 78' lang='lat' dir='ltr'><strong>dextra</strong></span> <span class='ocrx_word' id='word_1_259' title='bbox 1795 3773 1956 3811; x_wconf 89' lang='lat' dir='ltr'><strong>manu</strong></span> <span class='ocrx_word' id='word_1_260' title='bbox 1983 3799 1999 3820; x_wconf 87' lang='lat'><strong>.</strong></span> 
     </span>
    </p>
   </div>
   <div class='ocr_carea' id='block_1_40' title="bbox 441 3831 1999 3917">
    <p class='ocr_par' dir='ltr' id='par_1_40' title="bbox 441 3831 1999 3917">
     <span class='ocr_line' id='line_1_42' title="bbox 441 3831 1999 3917; baseline 0.017 -37"><span class='ocrx_word' id='word_1_261' title='bbox 441 3831 736 3885; x_wconf 89' lang='lat' dir='ltr'><strong>australior</strong></span> <span class='ocrx_word' id='word_1_262' title='bbox 766 3836 1133 3903; x_wconf 64' lang='lat' dir='ltr'><strong>mquinoctiali</strong></span> <span class='ocrx_word' id='word_1_263' title='bbox 1180 3843 1450 3896; x_wconf 88' lang='lat' dir='ltr'><strong>borealior</strong></span> <span class='ocrx_word' id='word_1_264' title='bbox 1493 3855 1578 3900; x_wconf 89' lang='lat' dir='ltr'><strong>est</strong></span> <span class='ocrx_word' id='word_1_265' title='bbox 1635 3849 1883 3917; x_wconf 76' lang='lat' dir='ltr'><strong>partibus</strong></span> <span class='ocrx_word' id='word_1_266' title='bbox 1912 3849 1999 3906; x_wconf 71' lang='grc'><strong>52.</strong></span> 
     </span>
    </p>
   </div>
   <div class='ocr_carea' id='block_1_41' title="bbox 439 3916 2005 3997">
    <p class='ocr_par' dir='ltr' id='par_1_41' title="bbox 439 3916 2005 3997">
     <span class='ocr_line' id='line_1_43' title="bbox 439 3916 2005 3997; baseline 0.016 -24"><span class='ocrx_word' id='word_1_267' title='bbox 439 3916 518 3975; x_wconf 82' lang='lat' dir='ltr'><strong>Ex</strong></span> <span class='ocrx_word' id='word_1_268' title='bbox 544 3922 610 3977; x_wconf 90' lang='lat' dir='ltr'><strong>iis</strong></span> <span class='ocrx_word' id='word_1_269' title='bbox 636 3925 856 3983; x_wconf 76' lang='lat' dir='ltr'><strong>evidens</strong></span> <span class='ocrx_word' id='word_1_270' title='bbox 887 3941 967 3985; x_wconf 92' lang='lat' dir='ltr'><strong>est</strong></span> <span class='ocrx_word' id='word_1_271' title='bbox 992 3929 1189 3986; x_wconf 75' lang='lat' dir='ltr'><strong>flexum</strong></span> <span class='ocrx_word' id='word_1_272' title='bbox 1219 3934 1385 3988; x_wconf 92' lang='lat' dir='ltr'><strong>cubiti</strong></span> <span class='ocrx_word' id='word_1_273' title='bbox 1421 3937 1777 3994; x_wconf 86' lang='lat' dir='ltr'><strong>borealiorem</strong></span> <span class='ocrx_word' id='word_1_274' title='bbox 1815 3942 2005 3997; x_wconf 78' lang='lat' dir='ltr'><strong>admo-</strong></span> 
     </span>
    </p>
   </div>
   <div class='ocr_carea' id='block_1_42' title="bbox 437 4006 2002 4098">
    <p class='ocr_par' dir='ltr' id='par_1_42' title="bbox 437 4006 2002 4098">
     <span class='ocr_line' id='line_1_44' title="bbox 437 4006 2002 4098; baseline 0.018 -37"><span class='ocrx_word' id='word_1_275' title='bbox 437 4006 566 4063; x_wconf 88' lang='lat' dir='ltr'><strong>dum</strong></span> <span class='ocrx_word' id='word_1_276' title='bbox 592 4028 714 4069; x_wconf 84' lang='lat' dir='ltr'><strong>esse</strong></span> <span class='ocrx_word' id='word_1_277' title='bbox 744 4018 984 4089; x_wconf 89' lang='lat' dir='ltr'><strong>tropico,</strong></span> <span class='ocrx_word' id='word_1_278' title='bbox 1019 4036 1164 4086; x_wconf 87' lang='lat' dir='ltr'><strong>non,</strong></span> <span class='ocrx_word' id='word_1_279' title='bbox 1217 4032 1276 4077; x_wconf 89' lang='lat' dir='ltr'><strong>ut</strong></span> <span class='ocrx_word' id='word_1_280' title='bbox 1312 4024 1509 4083; x_wconf 83' lang='lat' dir='ltr'><strong>Aratus</strong></span> <span class='ocrx_word' id='word_1_281' title='bbox 1540 4037 1731 4098; x_wconf 89' lang='lat' dir='ltr'><strong>putat,</strong></span> <span class='ocrx_word' id='word_1_282' title='bbox 1784 4041 2002 4088; x_wconf 65' lang='lat' dir='ltr'><strong>austra.</strong></span> 
     </span>
    </p>
   </div>
   <div class='ocr_carea' id='block_1_43' title="bbox 437 4099 649 4157">
    <p class='ocr_par' dir='ltr' id='par_1_43' title="bbox 437 4099 649 4157">
     <span class='ocr_line' id='line_1_45' title="bbox 437 4099 649 4157; baseline 0.009 -2"><span class='ocrx_word' id='word_1_283' title='bbox 437 4099 649 4157; x_wconf 84' lang='lat' dir='ltr'><strong>liorem.</strong></span> 
     </span>
    </p>
   </div>
   <div class='ocr_carea' id='block_1_44' title="bbox 506 4192 892 4267">
    <p class='ocr_par' dir='ltr' id='par_1_44' title="bbox 506 4192 892 4267">
     <span class='ocr_line' id='line_1_46' title="bbox 506 4192 892 4267; baseline 0.01 -17"><span class='ocrx_word' id='word_1_284' title='bbox 506 4192 688 4267; x_wconf 84' lang='lat' dir='ltr'><strong>Pergit</strong></span> <span class='ocrx_word' id='word_1_285' title='bbox 718 4199 855 4254; x_wconf 91' lang='lat' dir='ltr'><strong>idem</strong></span> <span class='ocrx_word' id='word_1_286' title='bbox 878 4220 892 4263; x_wconf 74' lang='grc' dir='ltr'><strong>ι</strong></span> 
     </span>
    </p>
   </div>
   <div class='ocr_carea' id='block_1_45' title="bbox 509 4285 1788 4374">
    <p class='ocr_par' dir='ltr' id='par_1_45' title="bbox 509 4285 1788 4374">
     <span class='ocr_line' id='line_1_47' title="bbox 509 4285 1788 4374; baseline 0.016 -36"><span class='ocrx_word' id='word_1_287' title='bbox 509 4285 729 4374; x_wconf 43' lang='lat' dir='ltr'><strong>lingula!</strong></span> <span class='ocrx_word' id='word_1_288' title='bbox 754 4309 871 4347; x_wconf 81' lang='lat' dir='ltr'><strong>vero</strong></span> <span class='ocrx_word' id='word_1_289' title='bbox 906 4293 1156 4374; x_wconf 72' lang='lat' dir='ltr'><strong>Equince,</strong></span> <span class='ocrx_word' id='word_1_290' title='bbox 1192 4307 1242 4352; x_wconf 87' lang='lat' dir='ltr'><strong>et</strong></span> <span class='ocrx_word' id='word_1_291' title='bbox 1278 4302 1471 4356; x_wconf 83' lang='lat' dir='ltr'><strong>collum</strong></span> <span class='ocrx_word' id='word_1_292' title='bbox 1499 4300 1788 4374; x_wconf 85' lang='lat' dir='ltr'><strong>Cygninum</strong></span> 
     </span>
    </p>
   </div>
   <div class='ocr_carea' id='block_1_46' title="bbox 504 4356 1124 4434">
    <p class='ocr_par' dir='ltr' id='par_1_46' title="bbox 504 4356 1124 4434">
     <span class='ocr_line' id='line_1_48' title="bbox 504 4356 1124 4434; baseline 0.016 -23"><span class='ocrx_word' id='word_1_293' title='bbox 504 4356 755 4419; x_wconf 71' lang='lat' dir='ltr'><strong>Extremo</strong></span> <span class='ocrx_word' id='word_1_294' title='bbox 784 4380 900 4417; x_wconf 89' lang='lat' dir='ltr'><strong>cum</strong></span> <span class='ocrx_word' id='word_1_295' title='bbox 936 4356 1124 4434; x_wconf 69' lang='lat' dir='ltr'><strong>capite.</strong></span> 
     </span>
    </p>
   </div>
   <div class='ocr_carea' id='block_1_47' title="bbox 504 4467 2071 4569">
    <p class='ocr_par' dir='ltr' id='par_1_47' title="bbox 504 4467 2071 4569">
     <span class='ocr_line' id='line_1_49' title="bbox 504 4467 2071 4569; baseline 0.016 -45"><span class='ocrx_word' id='word_1_296' title='bbox 504 4467 821 4540; x_wconf 88' lang='lat' dir='ltr'><strong>Cujusmodi</strong></span> <span class='ocrx_word' id='word_1_297' title='bbox 856 4479 1045 4534; x_wconf 87' lang='lat' dir='ltr'><strong>stellas</strong></span> <span class='ocrx_word' id='word_1_298' title='bbox 1079 4481 1296 4552; x_wconf 85' lang='lat' dir='ltr'><strong>ungulis</strong></span> <span class='ocrx_word' id='word_1_299' title='bbox 1324 4482 1503 4554; x_wconf 84' lang='lat' dir='ltr'><strong>amgat</strong></span> <span class='ocrx_word' id='word_1_300' title='bbox 1552 4485 1689 4556; x_wconf 82' lang='lat' dir='ltr'><strong>Equi</strong></span> <span class='ocrx_word' id='word_1_301' title='bbox 1718 4505 1826 4569; x_wconf 88' lang='lat' dir='ltr'><strong>non</strong></span> <span class='ocrx_word' id='word_1_302' title='bbox 1860 4501 1995 4549; x_wconf 77' lang='lat' dir='ltr'><strong>satis</strong></span> <span class='ocrx_word' id='word_1_303' title='bbox 2027 4511 2071 4567; x_wconf 75' lang='grc' dir='ltr'><strong>ι)</strong></span> 
     </span>
    </p>
   </div>
   <div class='ocr_carea' id='block_1_48' title="bbox 434 4571 1677 4647">
    <p class='ocr_par' dir='ltr' id='par_1_48' title="bbox 434 4571 1677 4647">
     <span class='ocr_line' id='line_1_50' title="bbox 434 4571 1677 4647; baseline 0.016 -33"><span class='ocrx_word' id='word_1_304' title='bbox 434 4571 648 4618; x_wconf 84' lang='lat' dir='ltr'><strong>constat</strong></span> <span class='ocrx_word' id='word_1_305' title='bbox 671 4581 686 4630; x_wconf 91' lang='lat'><strong>;</strong></span> <span class='ocrx_word' id='word_1_306' title='bbox 712 4581 896 4622; x_wconf 83' lang='lat' dir='ltr'><strong>verum</strong></span> <span class='ocrx_word' id='word_1_307' title='bbox 915 4585 981 4624; x_wconf 79' lang='lat' dir='ltr'><strong>ex</strong></span> <span class='ocrx_word' id='word_1_308' title='bbox 1009 4571 1096 4635; x_wconf 89' lang='lat' dir='ltr'><strong>iis,</strong></span> <span class='ocrx_word' id='word_1_309' title='bbox 1121 4588 1243 4628; x_wconf 75' lang='lat' dir='ltr'><strong>oua:</strong></span> <span class='ocrx_word' id='word_1_310' title='bbox 1264 4574 1331 4630; x_wconf 90' lang='lat' dir='ltr'><strong>de</strong></span> <span class='ocrx_word' id='word_1_311' title='bbox 1346 4575 1531 4647; x_wconf 81' lang='lat' dir='ltr'><strong>Cygno</strong></span> <span class='ocrx_word' id='word_1_312' title='bbox 1557 4579 1632 4635; x_wconf 83' lang='lat' dir='ltr'><strong>ait</strong></span> <span class='ocrx_word' id='word_1_313' title='bbox 1659 4596 1677 4634; x_wconf 88' lang='lat'><strong>:</strong></span> 
     </span>
    </p>
   </div>
   <div class='ocr_carea' id='block_1_49' title="bbox 434 4722 1240 4783">
    <p class='ocr_par' dir='ltr' id='par_1_49' title="bbox 434 4722 1240 4783">
     <span class='ocr_line' id='line_1_51' title="bbox 434 4722 1240 4783; baseline 0.01 -8"><span class='ocrx_word' id='word_1_314' title='bbox 434 4758 447 4775; x_wconf 89' lang='lat'><strong>.</strong></span> <span class='ocrx_word' id='word_1_315' title='bbox 527 4759 542 4775; x_wconf 94' lang='lat'><strong>.</strong></span> <span class='ocrx_word' id='word_1_316' title='bbox 620 4760 634 4775; x_wconf 93' lang='lat'><strong>.</strong></span> <span class='ocrx_word' id='word_1_317' title='bbox 676 4722 745 4776; x_wconf 75' lang='lat' dir='ltr'><strong>at!</strong></span> <span class='ocrx_word' id='word_1_318' title='bbox 776 4722 1015 4780; x_wconf 75' lang='lat' dir='ltr'><strong>dextram</strong></span> <span class='ocrx_word' id='word_1_319' title='bbox 1053 4745 1240 4783; x_wconf 81' lang='lat' dir='ltr'><strong>manus</strong></span> 
     </span>
    </p>
   </div>
   <div class='ocr_carea' id='block_1_50' title="bbox 429 4786 1640 4867">
    <p class='ocr_par' dir='ltr' id='par_1_50' title="bbox 429 4786 1640 4867">
     <span class='ocr_line' id='line_1_52' title="bbox 429 4786 1640 4867; baseline 0.013 -25"><span class='ocrx_word' id='word_1_320' title='bbox 429 4786 639 4867; x_wconf 62' lang='lat' dir='ltr'><strong>gentici.</strong></span> <span class='ocrx_word' id='word_1_321' title='bbox 670 4806 851 4859; x_wconf 83' lang='lat' dir='ltr'><strong>penna:</strong></span> <span class='ocrx_word' id='word_1_322' title='bbox 878 4795 1089 4867; x_wconf 54' lang='lat' dir='ltr'><strong>dextros</strong></span> <span class='ocrx_word' id='word_1_323' title='bbox 1116 4800 1308 4854; x_wconf 82' lang='lat' dir='ltr'><strong>limites</strong></span> <span class='ocrx_word' id='word_1_324' title='bbox 1339 4811 1605 4857; x_wconf 83' lang='lat' dir='ltr'><strong>ostentans</strong></span> <span class='ocrx_word' id='word_1_325' title='bbox 1624 4844 1640 4867; x_wconf 90' lang='lat'><strong>,</strong></span> 
     </span>
    </p>
   </div>
   <div class='ocr_carea' id='block_1_51' title="bbox 430 4856 1865 4943">
    <p class='ocr_par' dir='ltr' id='par_1_51' title="bbox 430 4856 1865 4943">
     <span class='ocr_line' id='line_1_53' title="bbox 430 4856 1865 4943; baseline 0.01 -26"><span class='ocrx_word' id='word_1_326' title='bbox 430 4856 678 4917; x_wconf 54' lang='lat' dir='ltr'><strong>Sinistra?</strong></span> <span class='ocrx_word' id='word_1_327' title='bbox 704 4873 879 4917; x_wconf 85' lang='lat' dir='ltr'><strong>autem</strong></span> <span class='ocrx_word' id='word_1_328' title='bbox 912 4866 1014 4919; x_wconf 81' lang='lat' dir='ltr'><strong>ala:</strong></span> <span class='ocrx_word' id='word_1_329' title='bbox 1052 4869 1249 4938; x_wconf 81' lang='lat' dir='ltr'><strong>ungula</strong></span> <span class='ocrx_word' id='word_1_330' title='bbox 1280 4856 1551 4926; x_wconf 81' lang='lat' dir='ltr'><strong>acclinata</strong></span> <span class='ocrx_word' id='word_1_331' title='bbox 1564 4856 1653 4930; x_wconf 54' lang='grc' dir='ltr'><strong>ἑδί</strong></span> <span class='ocrx_word' id='word_1_332' title='bbox 1693 4874 1865 4943; x_wconf 82' lang='lat' dir='ltr'><strong>Equi;</strong></span> 
     </span>
    </p>
   </div>
   <div class='ocr_carea' id='block_1_52' title="bbox 2109 558 3371 632">
    <p class='ocr_par' dir='ltr' id='par_1_52' title="bbox 2109 558 3371 632">
     <span class='ocr_line' id='line_1_54' title="bbox 2109 558 3371 632; baseline 0.001 -19"><span class='ocrx_word' id='word_1_333' title='bbox 2109 558 2320 631; x_wconf 83' lang='grc' dir='ltr'>θερινοῦ</span> <span class='ocrx_word' id='word_1_334' title='bbox 2355 558 2634 631; x_wconf 86' lang='grc' dir='ltr'>τροπικοῦ·</span> <span class='ocrx_word' id='word_1_335' title='bbox 2663 558 2759 630; x_wconf 79' lang='grc' dir='ltr'>τὴν</span> <span class='ocrx_word' id='word_1_336' title='bbox 2784 558 2841 613; x_wconf 77' lang='grc' dir='ltr'>δὲ</span> <span class='ocrx_word' id='word_1_337' title='bbox 2869 565 2918 627; x_wconf 84' lang='grc' dir='ltr'>γ’</span> <span class='ocrx_word' id='word_1_338' title='bbox 2946 559 3169 628; x_wconf 75' lang='grc' dir='ltr'>ἔγγιστα</span> <span class='ocrx_word' id='word_1_339' title='bbox 3197 558 3371 632; x_wconf 80' lang='grc' dir='ltr'><strong>μέρει.</strong></span> 
     </span>
    </p>
   </div>
   <div class='ocr_carea' id='block_1_53' title="bbox 2179 648 3665 722">
    <p class='ocr_par' dir='ltr' id='par_1_53' title="bbox 2179 648 3665 722">
     <span class='ocr_line' id='line_1_55' title="bbox 2179 648 3665 722; baseline 0.003 -18"><span class='ocrx_word' id='word_1_340' title='bbox 2179 651 2248 704; x_wconf 87' lang='lat'><strong>&#39;0</strong></span> <span class='ocrx_word' id='word_1_341' title='bbox 2282 666 2343 707; x_wconf 85' lang='grc' dir='ltr'><strong>τε</strong></span> <span class='ocrx_word' id='word_1_342' title='bbox 2394 648 2500 722; x_wconf 77' lang='grc' dir='ltr'>μὴν</span> <span class='ocrx_word' id='word_1_343' title='bbox 2554 650 2794 721; x_wconf 82' lang='grc' dir='ltr'><strong>Ἡνίοχος</strong></span> <span class='ocrx_word' id='word_1_344' title='bbox 2825 651 2946 705; x_wconf 78' lang='grc' dir='ltr'>οὐδὲ</span> <span class='ocrx_word' id='word_1_345' title='bbox 2986 651 3097 722; x_wconf 79' lang='grc' dir='ltr'>ἔχει</span> <span class='ocrx_word' id='word_1_346' title='bbox 3141 652 3232 705; x_wconf 77' lang='grc' dir='ltr'><strong>ἐπὶ</strong></span> <span class='ocrx_word' id='word_1_347' title='bbox 3273 651 3383 704; x_wconf 84' lang='grc' dir='ltr'><strong>τῶν</strong></span> <span class='ocrx_word' id='word_1_348' title='bbox 3426 652 3665 720; x_wconf 80' lang='grc' dir='ltr'><strong>γονάτων</strong></span> 
     </span>
    </p>
   </div>
   <div class='ocr_carea' id='block_1_54' title="bbox 2110 740 3661 815">
    <p class='ocr_par' dir='ltr' id='par_1_54' title="bbox 2110 740 3661 815">
     <span class='ocr_line' id='line_1_56' title="bbox 2110 740 3661 815; baseline 0 -17"><span class='ocrx_word' id='word_1_349' title='bbox 2110 741 2365 813; x_wconf 80' lang='grc' dir='ltr'>ἀστέρας.</span> <span class='ocrx_word' id='word_1_350' title='bbox 2402 741 2465 795; x_wconf 82' lang='lat' dir='ltr'><strong>Ei</strong></span> <span class='ocrx_word' id='word_1_351' title='bbox 2491 740 2548 794; x_wconf 85' lang='grc' dir='ltr'>δὲ</span> <span class='ocrx_word' id='word_1_352' title='bbox 2576 741 2685 797; x_wconf 84' lang='grc' dir='ltr'><strong>τῶν</strong></span> <span class='ocrx_word' id='word_1_353' title='bbox 2719 742 2927 814; x_wconf 83' lang='grc' dir='ltr'>μικρῶν</span> <span class='ocrx_word' id='word_1_354' title='bbox 2950 759 3100 806; x_wconf 86' lang='grc' dir='ltr'>τινας</span> <span class='ocrx_word' id='word_1_355' title='bbox 3125 743 3404 815; x_wconf 81' lang='grc' dir='ltr'>ἀμαυροὺς</span> <span class='ocrx_word' id='word_1_356' title='bbox 3429 742 3661 815; x_wconf 78' lang='grc' dir='ltr'><strong>τίθησιν,</strong></span> 
     </span>
    </p>
   </div>
   <div class='ocr_carea' id='block_1_55' title="bbox 2109 832 3663 906">
    <p class='ocr_par' dir='ltr' id='par_1_55' title="bbox 2109 832 3663 906">
     <span class='ocr_line' id='line_1_57' title="bbox 2109 832 3663 906; baseline 0 -18"><span class='ocrx_word' id='word_1_357' title='bbox 2109 834 2311 903; x_wconf 80' lang='grc' dir='ltr'>ἀγνοεῖ.</span> <span class='ocrx_word' id='word_1_358' title='bbox 2345 835 2609 905; x_wconf 84' lang='grc' dir='ltr'>Ἐγγιστα</span> <span class='ocrx_word' id='word_1_359' title='bbox 2636 832 2742 905; x_wconf 80' lang='grc' dir='ltr'><strong>γὰρ</strong></span> <span class='ocrx_word' id='word_1_360' title='bbox 2777 833 2867 886; x_wconf 75' lang='grc' dir='ltr'>ἐπὶ</span> <span class='ocrx_word' id='word_1_361' title='bbox 2898 833 2989 887; x_wconf 81' lang='grc' dir='ltr'>τοῦ</span> <span class='ocrx_word' id='word_1_362' title='bbox 3014 832 3271 906; x_wconf 69' lang='grc' dir='ltr'>τροπικνῦ</span> <span class='ocrx_word' id='word_1_363' title='bbox 3296 835 3345 888; x_wconf 81' lang='grc' dir='ltr'>οἱ</span> <span class='ocrx_word' id='word_1_364' title='bbox 3379 834 3540 899; x_wconf 86' lang='grc' dir='ltr'>πόδες</span> <span class='ocrx_word' id='word_1_365' title='bbox 3572 835 3663 888; x_wconf 81' lang='grc' dir='ltr'>αύ-</span> 
     </span>
    </p>
   </div>
   <div class='ocr_carea' id='block_1_56' title="bbox 2108 924 3663 997">
    <p class='ocr_par' dir='ltr' id='par_1_56' title="bbox 2108 924 3663 997">
     <span class='ocr_line' id='line_1_58' title="bbox 2108 924 3663 997; baseline 0.002 -20"><span class='ocrx_word' id='word_1_366' title='bbox 2108 924 2202 977; x_wconf 83' lang='grc' dir='ltr'>τοῦ</span> <span class='ocrx_word' id='word_1_367' title='bbox 2230 928 2454 980; x_wconf 85' lang='grc' dir='ltr'>κεῖνται.</span> <span class='ocrx_word' id='word_1_368' title='bbox 2504 926 2561 979; x_wconf 86' lang='lat'><strong>&#39;0</strong></span> <span class='ocrx_word' id='word_1_369' title='bbox 2600 925 2697 995; x_wconf 83' lang='grc' dir='ltr'>μὲν</span> <span class='ocrx_word' id='word_1_370' title='bbox 2723 925 2830 996; x_wconf 76' lang='grc' dir='ltr'>γὰρ</span> <span class='ocrx_word' id='word_1_371' title='bbox 2862 925 2955 977; x_wconf 77' lang='grc' dir='ltr'><strong>ἐπὶ</strong></span> <span class='ocrx_word' id='word_1_372' title='bbox 2980 925 3072 978; x_wconf 77' lang='grc' dir='ltr'>τοῦ</span> <span class='ocrx_word' id='word_1_373' title='bbox 3103 924 3390 997; x_wconf 77' lang='grc' dir='ltr'>ἀριστεροῦ</span> <span class='ocrx_word' id='word_1_374' title='bbox 3416 925 3549 991; x_wconf 79' lang='lat'><strong>(66),</strong></span> <span class='ocrx_word' id='word_1_375' title='bbox 3580 925 3663 997; x_wconf 79' lang='grc' dir='ltr'><strong>βο-</strong></span> 
     </span>
    </p>
   </div>
   <div class='ocr_carea' id='block_1_57' title="bbox 2112 1015 3662 1088">
    <p class='ocr_par' dir='ltr' id='par_1_57' title="bbox 2112 1015 3662 1088">
     <span class='ocr_line' id='line_1_59' title="bbox 2112 1015 3662 1088; baseline 0.001 -19"><span class='ocrx_word' id='word_1_376' title='bbox 2112 1016 2378 1088; x_wconf 83' lang='grc' dir='ltr'>ρειότερύς</span> <span class='ocrx_word' id='word_1_377' title='bbox 2405 1015 2639 1071; x_wconf 83' lang='grc' dir='ltr'>ἐστιτοῦ</span> <span class='ocrx_word' id='word_1_378' title='bbox 2676 1015 2987 1088; x_wconf 80' lang='grc' dir='ltr'>ἰσημερινοῦ</span> <span class='ocrx_word' id='word_1_379' title='bbox 3018 1017 3126 1088; x_wconf 83' lang='grc' dir='ltr'>μοί.</span> <span class='ocrx_word' id='word_1_380' title='bbox 3156 1017 3237 1083; x_wconf 76' lang='grc' dir='ltr'><strong>κζ’</strong></span> <span class='ocrx_word' id='word_1_381' title='bbox 3259 1033 3271 1044; x_wconf 95' lang='grc'><strong>·</strong></span> <span class='ocrx_word' id='word_1_382' title='bbox 3304 1019 3334 1071; x_wconf 82' lang='grc' dir='ltr'><em>ὁ</em></span> <span class='ocrx_word' id='word_1_383' title='bbox 3364 1018 3421 1071; x_wconf 80' lang='grc' dir='ltr'>δὲ</span> <span class='ocrx_word' id='word_1_384' title='bbox 3449 1016 3542 1071; x_wconf 72' lang='grc' dir='ltr'><strong>ἐπὶ</strong></span> <span class='ocrx_word' id='word_1_385' title='bbox 3571 1019 3662 1071; x_wconf 79' lang='grc' dir='ltr'><strong>τού</strong></span> 
     </span>
    </p>
   </div>
   <div class='ocr_carea' id='block_1_58' title="bbox 2109 1106 3664 1179">
    <p class='ocr_par' dir='ltr' id='par_1_58' title="bbox 2109 1106 3664 1179">
     <span class='ocr_line' id='line_1_60' title="bbox 2109 1106 3664 1179; baseline -0.001 -17"><span class='ocrx_word' id='word_1_386' title='bbox 2109 1106 2281 1175; x_wconf 79' lang='grc' dir='ltr'>δεξιοῦ</span> <span class='ocrx_word' id='word_1_387' title='bbox 2317 1110 2497 1179; x_wconf 92' lang='grc' dir='ltr'>μοί....</span> <span class='ocrx_word' id='word_1_388' title='bbox 2527 1109 2601 1162; x_wconf 88' lang='grc' dir='ltr'>Ού</span> <span class='ocrx_word' id='word_1_389' title='bbox 2632 1107 2689 1160; x_wconf 86' lang='grc' dir='ltr'>δὲ</span> <span class='ocrx_word' id='word_1_390' title='bbox 2712 1107 2816 1179; x_wconf 83' lang='grc' dir='ltr'>μὴν</span> <span class='ocrx_word' id='word_1_391' title='bbox 2846 1108 3002 1172; x_wconf 82' lang='grc' dir='ltr'>τοῦτό</span> <span class='ocrx_word' id='word_1_392' title='bbox 3034 1110 3180 1161; x_wconf 79' lang='grc' dir='ltr'>ἐστιν</span> <span class='ocrx_word' id='word_1_393' title='bbox 3212 1110 3405 1172; x_wconf 81' lang='grc' dir='ltr'>εἰπεῖν,</span> <span class='ocrx_word' id='word_1_394' title='bbox 3435 1108 3518 1162; x_wconf 86' lang='grc' dir='ltr'><strong>δτι</strong></span> <span class='ocrx_word' id='word_1_395' title='bbox 3540 1109 3664 1173; x_wconf 74' lang='grc' dir='ltr'>τοὺς</span> 
     </span>
    </p>
   </div>
   <div class='ocr_carea' id='block_1_59' title="bbox 2110 1199 3665 1273">
    <p class='ocr_par' dir='ltr' id='par_1_59' title="bbox 2110 1199 3665 1273">
     <span class='ocr_line' id='line_1_61' title="bbox 2110 1199 3665 1273; baseline -0.001 -19"><span class='ocrx_word' id='word_1_396' title='bbox 2110 1202 2201 1271; x_wconf 76' lang='grc' dir='ltr'><strong>ὑφ’</strong></span> <span class='ocrx_word' id='word_1_397' title='bbox 2227 1201 2380 1273; x_wconf 79' lang='grc' dir='ltr'>ἡμῶν</span> <span class='ocrx_word' id='word_1_398' title='bbox 2407 1201 2725 1272; x_wconf 80' lang='grc' dir='ltr'><strong>λεγομένους</strong></span> <span class='ocrx_word' id='word_1_399' title='bbox 2754 1201 2988 1273; x_wconf 82' lang='grc' dir='ltr'><strong>ἀστέρας</strong></span> <span class='ocrx_word' id='word_1_400' title='bbox 3015 1200 3232 1254; x_wconf 75' lang='grc' dir='ltr'>ἐπὶτῶν</span> <span class='ocrx_word' id='word_1_401' title='bbox 3261 1199 3434 1255; x_wconf 81' lang='grc' dir='ltr'>ποδῶν</span> <span class='ocrx_word' id='word_1_402' title='bbox 3462 1202 3665 1264; x_wconf 72' lang='grc' dir='ltr'>ἐκεῖνος</span> 
     </span>
    </p>
   </div>
   <div class='ocr_carea' id='block_1_60' title="bbox 2109 1285 3663 1361">
    <p class='ocr_par' dir='ltr' id='par_1_60' title="bbox 2109 1285 3663 1361">
     <span class='ocr_line' id='line_1_62' title="bbox 2109 1285 3663 1361; baseline -0.001 -18"><span class='ocrx_word' id='word_1_403' title='bbox 2109 1290 2204 1344; x_wconf 75' lang='grc' dir='ltr'><strong>ἐπὶ</strong></span> <span class='ocrx_word' id='word_1_404' title='bbox 2234 1289 2341 1344; x_wconf 85' lang='grc' dir='ltr'><strong>τῶν</strong></span> <span class='ocrx_word' id='word_1_405' title='bbox 2371 1290 2607 1359; x_wconf 83' lang='grc' dir='ltr'>γονάτων</span> <span class='ocrx_word' id='word_1_406' title='bbox 2636 1290 2866 1360; x_wconf 78' lang='grc' dir='ltr'>τίθησιν.</span> <span class='ocrx_word' id='word_1_407' title='bbox 2903 1291 2967 1343; x_wconf 80' lang='lat'><strong>&#39;0</strong></span> <span class='ocrx_word' id='word_1_408' title='bbox 2999 1288 3107 1361; x_wconf 80' lang='grc' dir='ltr'>γὰρ</span> <span class='ocrx_word' id='word_1_409' title='bbox 3133 1291 3291 1361; x_wconf 80' lang='grc' dir='ltr'>ἡμεῖς</span> <span class='ocrx_word' id='word_1_410' title='bbox 3321 1306 3499 1360; x_wconf 77' lang='grc' dir='ltr'>φαμεν</span> <span class='ocrx_word' id='word_1_411' title='bbox 3530 1285 3663 1343; x_wconf 81' lang='grc' dir='ltr'>εἶναι</span> 
     </span>
    </p>
   </div>
   <div class='ocr_carea' id='block_1_61' title="bbox 2109 1378 3523 1448">
    <p class='ocr_par' dir='ltr' id='par_1_61' title="bbox 2109 1378 3523 1448">
     <span class='ocr_line' id='line_1_63' title="bbox 2109 1378 3523 1448; baseline -0.001 -13"><span class='ocrx_word' id='word_1_412' title='bbox 2109 1380 2203 1435; x_wconf 77' lang='grc' dir='ltr'><strong>ἐπὶ</strong></span> <span class='ocrx_word' id='word_1_413' title='bbox 2229 1378 2323 1433; x_wconf 81' lang='grc' dir='ltr'>τοῦ</span> <span class='ocrx_word' id='word_1_414' title='bbox 2349 1379 2522 1445; x_wconf 80' lang='grc' dir='ltr'>δεξιοῦ</span> <span class='ocrx_word' id='word_1_415' title='bbox 2544 1379 2722 1445; x_wconf 81' lang='grc' dir='ltr'>ποδὸς,</span> <span class='ocrx_word' id='word_1_416' title='bbox 2756 1381 3005 1443; x_wconf 84' lang='grc' dir='ltr'>κάκεῖνος</span> <span class='ocrx_word' id='word_1_417' title='bbox 3035 1378 3182 1448; x_wconf 84' lang='grc' dir='ltr'>λέγει</span> <span class='ocrx_word' id='word_1_418' title='bbox 3210 1380 3267 1432; x_wconf 80' lang='grc' dir='ltr'>ὲν</span> <span class='ocrx_word' id='word_1_419' title='bbox 3293 1379 3523 1444; x_wconf 81' lang='grc' dir='ltr'>τούτοις·</span> 
     </span>
    </p>
   </div>
   <div class='ocr_carea' id='block_1_62' title="bbox 2186 1572 3341 1643">
    <p class='ocr_par' dir='ltr' id='par_1_62' title="bbox 2186 1572 3341 1643">
     <span class='ocr_line' id='line_1_64' title="bbox 2186 1572 3341 1643; baseline -0.004 -11"><span class='ocrx_word' id='word_1_420' title='bbox 2186 1618 2199 1632; x_wconf 95' lang='grc'><strong>.</strong></span> <span class='ocrx_word' id='word_1_421' title='bbox 2223 1615 2238 1630; x_wconf 94' lang='grc'><strong>.</strong></span> <span class='ocrx_word' id='word_1_422' title='bbox 2261 1618 2274 1631; x_wconf 90' lang='grc'><strong>.</strong></span> <span class='ocrx_word' id='word_1_423' title='bbox 2300 1615 2315 1632; x_wconf 92' lang='grc'><strong>.</strong></span> <span class='ocrx_word' id='word_1_424' title='bbox 2350 1616 2365 1630; x_wconf 93' lang='grc'><strong>.</strong></span> <span class='ocrx_word' id='word_1_425' title='bbox 2395 1615 2409 1628; x_wconf 92' lang='grc'><strong>.</strong></span> <span class='ocrx_word' id='word_1_426' title='bbox 2442 1614 2457 1629; x_wconf 95' lang='grc'><strong>.</strong></span> <span class='ocrx_word' id='word_1_427' title='bbox 2493 1616 2508 1630; x_wconf 91' lang='grc'><strong>.</strong></span> <span class='ocrx_word' id='word_1_428' title='bbox 2548 1574 2729 1630; x_wconf 85' lang='grc' dir='ltr'><strong>Λαιοῦ</strong></span> <span class='ocrx_word' id='word_1_429' title='bbox 2752 1572 2820 1627; x_wconf 77' lang='grc' dir='ltr'>δὲ</span> <span class='ocrx_word' id='word_1_430' title='bbox 2845 1573 3130 1642; x_wconf 83' lang='grc' dir='ltr'>κεράατος</span> <span class='ocrx_word' id='word_1_431' title='bbox 3155 1574 3341 1643; x_wconf 71' lang='grc' dir='ltr'>ἄκρον</span> 
     </span>
    </p>
   </div>
   <div class='ocr_carea' id='block_1_63' title="bbox 2179 1644 3560 1717">
    <p class='ocr_par' dir='ltr' id='par_1_63' title="bbox 2179 1644 3560 1717">
     <span class='ocr_line' id='line_1_65' title="bbox 2179 1644 3560 1717; baseline -0.001 -15"><span class='ocrx_word' id='word_1_432' title='bbox 2179 1647 2285 1717; x_wconf 68' lang='lat' dir='ltr'><strong>K92</strong></span> <span class='ocrx_word' id='word_1_433' title='bbox 2314 1645 2469 1717; x_wconf 69' lang='grc' dir='ltr'>πόδα</span> <span class='ocrx_word' id='word_1_434' title='bbox 2487 1644 2787 1717; x_wconf 73' lang='grc' dir='ltr'>δεξιτερὸν</span> <span class='ocrx_word' id='word_1_435' title='bbox 2811 1644 3242 1714; x_wconf 77' lang='grc' dir='ltr'><strong>παρακειμένου</strong></span> <span class='ocrx_word' id='word_1_436' title='bbox 3275 1644 3560 1717; x_wconf 80' lang='grc' dir='ltr'>Ἠνιόχοιο</span> 
     </span>
    </p>
   </div>
   <div class='ocr_carea' id='block_1_64' title="bbox 2175 1713 2744 1786">
    <p class='ocr_par' dir='ltr' id='par_1_64' title="bbox 2175 1713 2744 1786">
     <span class='ocr_line' id='line_1_66' title="bbox 2175 1713 2744 1786; baseline 0 -16"><span class='ocrx_word' id='word_1_437' title='bbox 2175 1713 2278 1784; x_wconf 83' lang='grc' dir='ltr'><strong>Εἷς</strong></span> <span class='ocrx_word' id='word_1_438' title='bbox 2303 1715 2495 1785; x_wconf 83' lang='grc' dir='ltr'>ἀστὴρ</span> <span class='ocrx_word' id='word_1_439' title='bbox 2525 1714 2744 1786; x_wconf 83' lang='grc' dir='ltr'><strong>ἐπέχει.</strong></span> 
     </span>
    </p>
   </div>
   <div class='ocr_carea' id='block_1_65' title="bbox 2038 1834 2551 1924">
    <p class='ocr_par' dir='ltr' id='par_1_65' title="bbox 2038 1834 2551 1924">
     <span class='ocr_line' id='line_1_67' title="bbox 2038 1834 2551 1924; baseline 0.008 -5"><span class='ocrx_word' id='word_1_440' title='bbox 2038 1834 2081 1888; x_wconf 75' lang='grc' dir='ltr'><strong>Β</strong></span> <span class='ocrx_word' id='word_1_441' title='bbox 2119 1852 2275 1924; x_wconf 79' lang='grc' dir='ltr'><strong>Ἑξῆς</strong></span> <span class='ocrx_word' id='word_1_442' title='bbox 2303 1852 2360 1905; x_wconf 81' lang='grc' dir='ltr'><strong>δέ</strong></span> <span class='ocrx_word' id='word_1_443' title='bbox 2397 1868 2551 1924; x_wconf 82' lang='grc' dir='ltr'>φησι’</span> 
     </span>
    </p>
   </div>
   <div class='ocr_carea' id='block_1_66' title="bbox 2178 1960 3617 2033">
    <p class='ocr_par' dir='ltr' id='par_1_66' title="bbox 2178 1960 3617 2033">
     <span class='ocr_line' id='line_1_68' title="bbox 2178 1960 3617 2033; baseline 0 -13"><span class='ocrx_word' id='word_1_444' title='bbox 2178 1963 2325 2031; x_wconf 60' lang='lat' dir='ltr'><strong>Auri;</strong></span> <span class='ocrx_word' id='word_1_445' title='bbox 2357 1962 2426 2017; x_wconf 85' lang='grc' dir='ltr'>δὲ</span> <span class='ocrx_word' id='word_1_446' title='bbox 2453 1962 2647 2033; x_wconf 67' lang='grc' dir='ltr'>κνήμη</span> <span class='ocrx_word' id='word_1_447' title='bbox 2677 1964 2772 2017; x_wconf 79' lang='grc' dir='ltr'>καὶ</span> <span class='ocrx_word' id='word_1_448' title='bbox 2799 1963 3108 2032; x_wconf 81' lang='grc' dir='ltr'>ἀριστερὸς</span> <span class='ocrx_word' id='word_1_449' title='bbox 3136 1960 3293 2031; x_wconf 83' lang='grc' dir='ltr'>ὦμος</span> <span class='ocrx_word' id='word_1_450' title='bbox 3319 1964 3396 2018; x_wconf 78' lang='grc' dir='ltr'><em>ἐπ</em></span> <span class='ocrx_word' id='word_1_451' title='bbox 3432 1964 3617 2020; x_wconf 71' lang='grc' dir='ltr'>αὐτοϋ</span> 
     </span>
    </p>
   </div>
   <div class='ocr_carea' id='block_1_67' title="bbox 2177 2034 2456 2103">
    <p class='ocr_par' dir='ltr' id='par_1_67' title="bbox 2177 2034 2456 2103">
     <span class='ocr_line' id='line_1_69' title="bbox 2177 2034 2456 2103; baseline -0.007 -13"><span class='ocrx_word' id='word_1_452' title='bbox 2177 2034 2456 2103; x_wconf 81' lang='grc' dir='ltr'><strong>Περσέος.</strong></span> 
     </span>
    </p>
   </div>
   <div class='ocr_carea' id='block_1_68' title="bbox 2103 2144 3664 2218">
    <p class='ocr_par' dir='ltr' id='par_1_68' title="bbox 2103 2144 3664 2218">
     <span class='ocr_line' id='line_1_70' title="bbox 2103 2144 3664 2218; baseline -0.003 -15"><span class='ocrx_word' id='word_1_453' title='bbox 2103 2149 2244 2203; x_wconf 78' lang='grc' dir='ltr'>Πολὺ</span> <span class='ocrx_word' id='word_1_454' title='bbox 2274 2147 2329 2200; x_wconf 85' lang='grc' dir='ltr'>δὲ</span> <span class='ocrx_word' id='word_1_455' title='bbox 2358 2147 2452 2201; x_wconf 69' lang='grc' dir='ltr'><strong>καὶ</strong></span> <span class='ocrx_word' id='word_1_456' title='bbox 2494 2147 2554 2199; x_wconf 83' lang='grc' dir='ltr'>ἐν</span> <span class='ocrx_word' id='word_1_457' title='bbox 2583 2144 2790 2211; x_wconf 80' lang='grc' dir='ltr'>τούτοις</span> <span class='ocrx_word' id='word_1_458' title='bbox 2828 2145 2942 2215; x_wconf 84' lang='grc'><strong>(67)</strong></span> <span class='ocrx_word' id='word_1_459' title='bbox 2975 2145 3376 2215; x_wconf 82' lang='grc' dir='ltr'><strong>ἀποσφάλλεται</strong></span> <span class='ocrx_word' id='word_1_460' title='bbox 3406 2146 3504 2217; x_wconf 81' lang='grc' dir='ltr'>τῆς</span> <span class='ocrx_word' id='word_1_461' title='bbox 3534 2145 3664 2218; x_wconf 61' lang='grc' dir='ltr'>ἀληη</span> 
     </span>
    </p>
   </div>
   <div class='ocr_carea' id='block_1_69' title="bbox 2105 2236 3665 2310">
    <p class='ocr_par' dir='ltr' id='par_1_69' title="bbox 2105 2236 3665 2310">
     <span class='ocr_line' id='line_1_71' title="bbox 2105 2236 3665 2310; baseline -0.003 -17"><span class='ocrx_word' id='word_1_462' title='bbox 2105 2240 2272 2304; x_wconf 74' lang='grc' dir='ltr'>θείαςο</span> <span class='ocrx_word' id='word_1_463' title='bbox 2299 2241 2328 2293; x_wconf 81' lang='grc' dir='ltr'>ὁ</span> <span class='ocrx_word' id='word_1_464' title='bbox 2353 2237 2462 2309; x_wconf 83' lang='grc' dir='ltr'><strong>γὰρ</strong></span> <span class='ocrx_word' id='word_1_465' title='bbox 2502 2239 2559 2291; x_wconf 84' lang='grc' dir='ltr'>ὲν</span> <span class='ocrx_word' id='word_1_466' title='bbox 2598 2237 2746 2309; x_wconf 87' lang='grc' dir='ltr'>μέσῳ</span> <span class='ocrx_word' id='word_1_467' title='bbox 2770 2236 2980 2308; x_wconf 84' lang='grc' dir='ltr'>σώματι</span> <span class='ocrx_word' id='word_1_468' title='bbox 3010 2236 3102 2291; x_wconf 74' lang='grc' dir='ltr'>τοῦ</span> <span class='ocrx_word' id='word_1_469' title='bbox 3132 2238 3383 2310; x_wconf 78' lang='grc' dir='ltr'>Περσέως</span> <span class='ocrx_word' id='word_1_470' title='bbox 3414 2236 3665 2308; x_wconf 73' lang='grc' dir='ltr'>λαμπρὸς</span> 
     </span>
    </p>
   </div>
   <div class='ocr_carea' id='block_1_70' title="bbox 2105 2327 3664 2402">
    <p class='ocr_par' dir='ltr' id='par_1_70' title="bbox 2105 2327 3664 2402">
     <span class='ocr_line' id='line_1_72' title="bbox 2105 2327 3664 2402; baseline -0.001 -18"><span class='ocrx_word' id='word_1_471' title='bbox 2105 2330 2277 2401; x_wconf 77' lang='grc' dir='ltr'>ἀστὴρ</span> <span class='ocrx_word' id='word_1_472' title='bbox 2312 2329 2640 2401; x_wconf 79' lang='grc' dir='ltr'>βορειότερός</span> <span class='ocrx_word' id='word_1_473' title='bbox 2674 2332 2788 2383; x_wconf 79' lang='grc' dir='ltr'>ἐστι</span> <span class='ocrx_word' id='word_1_474' title='bbox 2826 2328 2919 2381; x_wconf 74' lang='grc' dir='ltr'>τοῦ</span> <span class='ocrx_word' id='word_1_475' title='bbox 2957 2328 3268 2402; x_wconf 78' lang='grc' dir='ltr'>ίσημερινού</span> <span class='ocrx_word' id='word_1_476' title='bbox 3300 2329 3410 2400; x_wconf 91' lang='grc' dir='ltr'>μοί.</span> <span class='ocrx_word' id='word_1_477' title='bbox 3444 2327 3518 2399; x_wconf 84' lang='grc' dir='ltr'>μ’.</span> <span class='ocrx_word' id='word_1_478' title='bbox 3556 2328 3664 2384; x_wconf 69' lang='grc' dir='ltr'><strong>Τοῦ</strong></span> 
     </span>
    </p>
   </div>
   <div class='ocr_carea' id='block_1_71' title="bbox 2104 2419 3666 2495">
    <p class='ocr_par' dir='ltr' id='par_1_71' title="bbox 2104 2419 3666 2495">
     <span class='ocr_line' id='line_1_73' title="bbox 2104 2419 3666 2495; baseline 0 -18"><span class='ocrx_word' id='word_1_479' title='bbox 2104 2421 2363 2495; x_wconf 77' lang='grc' dir='ltr'>τροπικού</span> <span class='ocrx_word' id='word_1_480' title='bbox 2397 2423 2504 2494; x_wconf 80' lang='grc' dir='ltr'>ἄρα</span> <span class='ocrx_word' id='word_1_481' title='bbox 2535 2420 2861 2494; x_wconf 82' lang='grc' dir='ltr'>βορειότερός</span> <span class='ocrx_word' id='word_1_482' title='bbox 2885 2422 2998 2473; x_wconf 78' lang='grc' dir='ltr'>ἐστι</span> <span class='ocrx_word' id='word_1_483' title='bbox 3024 2422 3131 2491; x_wconf 89' lang='grc' dir='ltr'>μοί.</span> <span class='ocrx_word' id='word_1_484' title='bbox 3160 2427 3261 2486; x_wconf 81' lang='grc' dir='ltr'>ις’·</span> <span class='ocrx_word' id='word_1_485' title='bbox 3292 2422 3321 2475; x_wconf 85' lang='grc' dir='ltr'><strong>ὃ</strong></span> <span class='ocrx_word' id='word_1_486' title='bbox 3354 2423 3470 2474; x_wconf 81' lang='grc' dir='ltr'>ἐστι</span> <span class='ocrx_word' id='word_1_487' title='bbox 3504 2419 3666 2477; x_wconf 70' lang='grc' dir='ltr'>πλέον</span> 
     </span>
    </p>
   </div>
   <div class='ocr_carea' id='block_1_72' title="bbox 2107 2510 3666 2585">
    <p class='ocr_par' dir='ltr' id='par_1_72' title="bbox 2107 2510 3666 2585">
     <span class='ocr_line' id='line_1_74' title="bbox 2107 2510 3666 2585; baseline -0.003 -17"><span class='ocrx_word' id='word_1_488' title='bbox 2107 2515 2345 2585; x_wconf 75' lang='grc' dir='ltr'>ἡμίσεως</span> <span class='ocrx_word' id='word_1_489' title='bbox 2367 2514 2560 2584; x_wconf 77' lang='grc' dir='ltr'>μέρους</span> <span class='ocrx_word' id='word_1_490' title='bbox 2583 2512 2791 2578; x_wconf 81' lang='grc' dir='ltr'>ξωδίου.</span> <span class='ocrx_word' id='word_1_491' title='bbox 2811 2513 2994 2585; x_wconf 87' lang='grc' dir='ltr'>Πολλῷ</span> <span class='ocrx_word' id='word_1_492' title='bbox 3008 2513 3112 2585; x_wconf 86' lang='grc' dir='ltr'>ἄρα</span> <span class='ocrx_word' id='word_1_493' title='bbox 3130 2512 3323 2584; x_wconf 77' lang='grc' dir='ltr'>μᾶλλον</span> <span class='ocrx_word' id='word_1_494' title='bbox 3339 2510 3666 2584; x_wconf 72' lang='grc' dir='ltr'>ὀάριστερδς</span> 
     </span>
    </p>
   </div>
   <div class='ocr_carea' id='block_1_73' title="bbox 2106 2600 3663 2677">
    <p class='ocr_par' dir='ltr' id='par_1_73' title="bbox 2106 2600 3663 2677">
     <span class='ocr_line' id='line_1_75' title="bbox 2106 2600 3663 2677; baseline -0.003 -17"><span class='ocrx_word' id='word_1_495' title='bbox 2106 2600 2255 2677; x_wconf 78' lang='grc' dir='ltr'>ὦμος</span> <span class='ocrx_word' id='word_1_496' title='bbox 2289 2605 2621 2677; x_wconf 80' lang='grc' dir='ltr'>βορειότερός</span> <span class='ocrx_word' id='word_1_497' title='bbox 2653 2605 2765 2657; x_wconf 78' lang='grc' dir='ltr'>ἐστι</span> <span class='ocrx_word' id='word_1_498' title='bbox 2788 2604 2882 2659; x_wconf 69' lang='grc' dir='ltr'>τοῦ</span> <span class='ocrx_word' id='word_1_499' title='bbox 2919 2604 3129 2676; x_wconf 83' lang='grc' dir='ltr'>θερινοῦ</span> <span class='ocrx_word' id='word_1_500' title='bbox 3159 2602 3439 2676; x_wconf 81' lang='grc' dir='ltr'>τροπικοῦ.</span> <span class='ocrx_word' id='word_1_501' title='bbox 3470 2605 3663 2657; x_wconf 81' lang='grc' dir='ltr'>Κεῖται</span> 
     </span>
    </p>
   </div>
   <div class='ocr_carea' id='block_1_74' title="bbox 2106 2696 3662 2769">
    <p class='ocr_par' dir='ltr' id='par_1_74' title="bbox 2106 2696 3662 2769">
     <span class='ocr_line' id='line_1_76' title="bbox 2106 2696 3662 2769; baseline -0.001 -15"><span class='ocrx_word' id='word_1_502' title='bbox 2106 2698 2214 2769; x_wconf 77' lang='grc' dir='ltr'>γὰρ</span> <span class='ocrx_word' id='word_1_503' title='bbox 2239 2698 2520 2767; x_wconf 75' lang='grc' dir='ltr'>ὁΠερσεὺς</span> <span class='ocrx_word' id='word_1_504' title='bbox 2545 2700 2609 2768; x_wconf 78' lang='grc' dir='ltr'>τῇ</span> <span class='ocrx_word' id='word_1_505' title='bbox 2628 2697 2790 2759; x_wconf 85' lang='grc' dir='ltr'>θέσει,</span> <span class='ocrx_word' id='word_1_506' title='bbox 2813 2696 2952 2751; x_wconf 73' lang='grc' dir='ltr'>ὥστε</span> <span class='ocrx_word' id='word_1_507' title='bbox 2979 2697 3046 2751; x_wconf 84' lang='grc' dir='ltr'>τὰ</span> <span class='ocrx_word' id='word_1_508' title='bbox 3077 2697 3175 2769; x_wconf 80' lang='grc' dir='ltr'>μὲν</span> <span class='ocrx_word' id='word_1_509' title='bbox 3201 2696 3337 2769; x_wconf 77' lang='grc' dir='ltr'>πρὸς</span> <span class='ocrx_word' id='word_1_510' title='bbox 3360 2701 3425 2768; x_wconf 81' lang='grc' dir='ltr'>τῇ</span> <span class='ocrx_word' id='word_1_511' title='bbox 3455 2696 3662 2769; x_wconf 76' lang='grc' dir='ltr'>κεφαλῇ</span> 
     </span>
    </p>
   </div>
   <div class='ocr_carea' id='block_1_75' title="bbox 2110 2785 3664 2862">
    <p class='ocr_par' dir='ltr' id='par_1_75' title="bbox 2110 2785 3664 2862">
     <span class='ocr_line' id='line_1_77' title="bbox 2110 2785 3664 2862; baseline -0.001 -19"><span class='ocrx_word' id='word_1_512' title='bbox 2110 2790 2250 2862; x_wconf 83' lang='grc' dir='ltr'>μέρη</span> <span class='ocrx_word' id='word_1_513' title='bbox 2276 2785 2414 2843; x_wconf 80' lang='grc' dir='ltr'>εἶναι</span> <span class='ocrx_word' id='word_1_514' title='bbox 2451 2789 2612 2844; x_wconf 79' lang='grc' dir='ltr'>αὐτοῦ</span> <span class='ocrx_word' id='word_1_515' title='bbox 2647 2789 2781 2861; x_wconf 83' lang='grc' dir='ltr'>πρὸς</span> <span class='ocrx_word' id='word_1_516' title='bbox 2825 2792 2944 2853; x_wconf 83' lang='grc' dir='ltr'>ταῖς</span> <span class='ocrx_word' id='word_1_517' title='bbox 2992 2789 3232 2861; x_wconf 80' lang='grc' dir='ltr'>ἄρκτοις,</span> <span class='ocrx_word' id='word_1_518' title='bbox 3261 2788 3386 2852; x_wconf 76' lang='grc' dir='ltr'>τοὺς</span> <span class='ocrx_word' id='word_1_519' title='bbox 3411 2788 3467 2842; x_wconf 78' lang='grc' dir='ltr'>δὲ</span> <span class='ocrx_word' id='word_1_520' title='bbox 3496 2786 3664 2853; x_wconf 67' lang='grc' dir='ltr'>πόδας</span> 
     </span>
    </p>
   </div>
   <div class='ocr_carea' id='block_1_76' title="bbox 2109 2878 3667 2954">
    <p class='ocr_par' dir='ltr' id='par_1_76' title="bbox 2109 2878 3667 2954">
     <span class='ocr_line' id='line_1_78' title="bbox 2109 2878 3667 2954; baseline -0.002 -19"><span class='ocrx_word' id='word_1_521' title='bbox 2109 2882 2244 2953; x_wconf 72' lang='grc' dir='ltr'>πρὸς</span> <span class='ocrx_word' id='word_1_522' title='bbox 2268 2881 2627 2954; x_wconf 80' lang='grc' dir='ltr'>μεσημϐρίαν,</span> <span class='ocrx_word' id='word_1_523' title='bbox 2657 2880 2847 2952; x_wconf 77' lang='grc' dir='ltr'>μικρὸν</span> <span class='ocrx_word' id='word_1_524' title='bbox 2870 2881 3003 2945; x_wconf 76' lang='grc' dir='ltr'>πρὸς</span> <span class='ocrx_word' id='word_1_525' title='bbox 3025 2880 3284 2944; x_wconf 73' lang='grc' dir='ltr'>ἀνατολὰς</span> <span class='ocrx_word' id='word_1_526' title='bbox 3301 2881 3400 2953; x_wconf 84' lang='grc' dir='ltr'>τῆς</span> <span class='ocrx_word' id='word_1_527' title='bbox 3423 2878 3667 2951; x_wconf 73' lang='grc' dir='ltr'>κεφαλῆς</span> 
     </span>
    </p>
   </div>
   <div class='ocr_carea' id='block_1_77' title="bbox 2108 2974 2518 3045">
    <p class='ocr_par' dir='ltr' id='par_1_77' title="bbox 2108 2974 2518 3045">
     <span class='ocr_line' id='line_1_79' title="bbox 2108 2974 2518 3045; baseline 0.002 -17"><span class='ocrx_word' id='word_1_528' title='bbox 2108 2974 2518 3045; x_wconf 83' lang='grc' dir='ltr'>ἀποκλινούσης.</span> 
     </span>
    </p>
   </div>
   <div class='ocr_carea' id='block_1_78' title="bbox 2177 3085 3275 3158">
    <p class='ocr_par' dir='ltr' id='par_1_78' title="bbox 2177 3085 3275 3158">
     <span class='ocr_line' id='line_1_80' title="bbox 2177 3085 3275 3158; baseline -0.002 -17"><span class='ocrx_word' id='word_1_529' title='bbox 2177 3087 2305 3141; x_wconf 75' lang='lat' dir='ltr'><strong>KI&quot;.</strong></span> <span class='ocrx_word' id='word_1_530' title='bbox 2338 3087 2473 3158; x_wconf 74' lang='lat' dir='ltr'><strong>napi.</strong></span> <span class='ocrx_word' id='word_1_531' title='bbox 2504 3087 2559 3140; x_wconf 74' lang='grc' dir='ltr'>δὲ</span> <span class='ocrx_word' id='word_1_532' title='bbox 2586 3087 2683 3158; x_wconf 84' lang='grc' dir='ltr'>τῆς</span> <span class='ocrx_word' id='word_1_533' title='bbox 2717 3085 3069 3158; x_wconf 80' lang='grc' dir='ltr'>Ἀνδρομέδας</span> <span class='ocrx_word' id='word_1_534' title='bbox 3095 3086 3275 3157; x_wconf 76' lang='grc' dir='ltr'>φησιν’</span> 
     </span>
    </p>
   </div>
   <div class='ocr_carea' id='block_1_79' title="bbox 2175 3197 3526 3270">
    <p class='ocr_par' dir='ltr' id='par_1_79' title="bbox 2175 3197 3526 3270">
     <span class='ocr_line' id='line_1_81' title="bbox 2175 3197 3526 3270; baseline -0.002 -14"><span class='ocrx_word' id='word_1_535' title='bbox 2175 3236 2194 3255; x_wconf 89' lang='grc'><strong>.</strong></span> <span class='ocrx_word' id='word_1_536' title='bbox 2214 3240 2229 3255; x_wconf 91' lang='grc'><strong>.</strong></span> <span class='ocrx_word' id='word_1_537' title='bbox 2257 3242 2272 3256; x_wconf 91' lang='grc'><strong>.</strong></span> <span class='ocrx_word' id='word_1_538' title='bbox 2291 3239 2304 3253; x_wconf 94' lang='grc'><strong>.</strong></span> <span class='ocrx_word' id='word_1_539' title='bbox 2349 3199 2727 3270; x_wconf 73' lang='grc' dir='ltr'>Ἀνδρομέδης</span> <span class='ocrx_word' id='word_1_540' title='bbox 2744 3198 2990 3270; x_wconf 76' lang='grc' dir='ltr'>μέσσην</span> <span class='ocrx_word' id='word_1_541' title='bbox 3014 3197 3282 3268; x_wconf 74' lang='grc' dir='ltr'>ἀγκῶνος</span> <span class='ocrx_word' id='word_1_542' title='bbox 3308 3199 3526 3267; x_wconf 74' lang='grc' dir='ltr'>ὕπερθε</span> 
     </span>
    </p>
   </div>
   <div class='ocr_carea' id='block_1_80' title="bbox 2175 3268 2730 3339">
    <p class='ocr_par' dir='ltr' id='par_1_80' title="bbox 2175 3268 2730 3339">
     <span class='ocr_line' id='line_1_82' title="bbox 2175 3268 2730 3339; baseline 0 -15"><span class='ocrx_word' id='word_1_543' title='bbox 2175 3270 2487 3338; x_wconf 80' lang='grc' dir='ltr'>Δεξιτερὴν</span> <span class='ocrx_word' id='word_1_544' title='bbox 2511 3268 2730 3339; x_wconf 80' lang='grc' dir='ltr'>ἐπέχει.</span> 
     </span>
    </p>
   </div>
   <div class='ocr_carea' id='block_1_81' title="bbox 2117 3376 3675 3450">
    <p class='ocr_par' dir='ltr' id='par_1_81' title="bbox 2117 3376 3675 3450">
     <span class='ocr_line' id='line_1_83' title="bbox 2117 3376 3675 3450; baseline 0.001 -18"><span class='ocrx_word' id='word_1_545' title='bbox 2117 3380 2324 3447; x_wconf 85' lang='grc' dir='ltr'>Ἀγνοεῖ</span> <span class='ocrx_word' id='word_1_546' title='bbox 2351 3377 2408 3431; x_wconf 80' lang='grc' dir='ltr'>δὲ</span> <span class='ocrx_word' id='word_1_547' title='bbox 2438 3377 2532 3431; x_wconf 76' lang='grc' dir='ltr'><strong>καὶ</strong></span> <span class='ocrx_word' id='word_1_548' title='bbox 2564 3376 2705 3431; x_wconf 78' lang='grc' dir='ltr'>κατὰ</span> <span class='ocrx_word' id='word_1_549' title='bbox 2728 3378 2904 3434; x_wconf 79' lang='grc' dir='ltr'>τοῦτο.</span> <span class='ocrx_word' id='word_1_550' title='bbox 2953 3379 3064 3433; x_wconf 70' lang='grc' dir='ltr'><strong>Καὶ</strong></span> <span class='ocrx_word' id='word_1_551' title='bbox 3100 3378 3207 3450; x_wconf 74' lang='grc' dir='ltr'>γὰρ</span> <span class='ocrx_word' id='word_1_552' title='bbox 3231 3378 3281 3431; x_wconf 83' lang='lat' dir='ltr'><strong>oi</strong></span> <span class='ocrx_word' id='word_1_553' title='bbox 3309 3379 3368 3432; x_wconf 80' lang='grc' dir='ltr'>ὲν</span> <span class='ocrx_word' id='word_1_554' title='bbox 3399 3377 3477 3448; x_wconf 82' lang='grc' dir='ltr'>τῷ</span> <span class='ocrx_word' id='word_1_555' title='bbox 3505 3377 3675 3450; x_wconf 75' lang='grc' dir='ltr'>δεξιῷ-</span> 
     </span>
    </p>
   </div>
   <div class='ocr_carea' id='block_1_82' title="bbox 2103 3466 3665 3542">
    <p class='ocr_par' dir='ltr' id='par_1_82' title="bbox 2103 3466 3665 3542">
     <span class='ocr_line' id='line_1_84' title="bbox 2103 3466 3665 3542; baseline -0.001 -19"><span class='ocrx_word' id='word_1_556' title='bbox 2103 3468 2271 3537; x_wconf 79' lang='grc' dir='ltr'>αὐτῆς</span> <span class='ocrx_word' id='word_1_557' title='bbox 2295 3468 2430 3539; x_wconf 77' lang='grc' dir='ltr'>ὤμῳ</span> <span class='ocrx_word' id='word_1_558' title='bbox 2453 3468 2775 3541; x_wconf 77' lang='grc' dir='ltr'>βορειότεροι</span> <span class='ocrx_word' id='word_1_559' title='bbox 2802 3472 2906 3523; x_wconf 77' lang='grc' dir='ltr'>εἰσι</span> <span class='ocrx_word' id='word_1_560' title='bbox 2930 3469 3024 3523; x_wconf 76' lang='grc' dir='ltr'>τοῦ</span> <span class='ocrx_word' id='word_1_561' title='bbox 3049 3468 3328 3540; x_wconf 57' lang='grc' dir='ltr'>τροπικοὶ</span> <span class='ocrx_word' id='word_1_562' title='bbox 3354 3466 3533 3539; x_wconf 82' lang='grc' dir='ltr'>Τριῶν</span> <span class='ocrx_word' id='word_1_563' title='bbox 3552 3467 3665 3542; x_wconf 81' lang='grc' dir='ltr'>γὰρ</span> 
     </span>
    </p>
   </div>
   <div class='ocr_carea' id='block_1_83' title="bbox 2102 3558 3661 3633">
    <p class='ocr_par' dir='ltr' id='par_1_83' title="bbox 2102 3558 3661 3633">
     <span class='ocr_line' id='line_1_85' title="bbox 2102 3558 3661 3633; baseline 0.003 -21"><span class='ocrx_word' id='word_1_564' title='bbox 2102 3558 2269 3612; x_wconf 76' lang='grc' dir='ltr'>ὄντων</span> <span class='ocrx_word' id='word_1_565' title='bbox 2297 3558 2560 3630; x_wconf 85' lang='grc' dir='ltr'>ἀστέρων,</span> <span class='ocrx_word' id='word_1_566' title='bbox 2588 3559 2616 3611; x_wconf 75' lang='grc' dir='ltr'><strong>ὁ</strong></span> <span class='ocrx_word' id='word_1_567' title='bbox 2641 3559 2956 3633; x_wconf 82' lang='grc' dir='ltr'>νοτιώτερος</span> <span class='ocrx_word' id='word_1_568' title='bbox 2981 3559 3157 3614; x_wconf 79' lang='grc' dir='ltr'>αὐτῶν</span> <span class='ocrx_word' id='word_1_569' title='bbox 3183 3559 3516 3631; x_wconf 72' lang='grc' dir='ltr'>βορειότερός</span> <span class='ocrx_word' id='word_1_570' title='bbox 3542 3561 3661 3617; x_wconf 72' lang='grc' dir='ltr'>ἐστι</span> 
     </span>
    </p>
   </div>
   <div class='ocr_carea' id='block_1_84' title="bbox 2103 3650 3664 3724">
    <p class='ocr_par' dir='ltr' id='par_1_84' title="bbox 2103 3650 3664 3724">
     <span class='ocr_line' id='line_1_86' title="bbox 2103 3650 3664 3724; baseline 0.001 -20"><span class='ocrx_word' id='word_1_571' title='bbox 2103 3651 2194 3704; x_wconf 74' lang='grc' dir='ltr'><strong>τοῦ</strong></span> <span class='ocrx_word' id='word_1_572' title='bbox 2231 3650 2541 3722; x_wconf 80' lang='grc' dir='ltr'>ῑσημερινοῦ</span> <span class='ocrx_word' id='word_1_573' title='bbox 2575 3650 2755 3704; x_wconf 87' lang='grc' dir='ltr'>πλεῖον</span> <span class='ocrx_word' id='word_1_574' title='bbox 2795 3670 2904 3722; x_wconf 91' lang='grc' dir='ltr'>μοι.</span> <span class='ocrx_word' id='word_1_575' title='bbox 2951 3651 3015 3707; x_wconf 87' lang='grc' dir='ltr'>λ’.</span> <span class='ocrx_word' id='word_1_576' title='bbox 3060 3652 3180 3705; x_wconf 85' lang='grc' dir='ltr'>Τῶν</span> <span class='ocrx_word' id='word_1_577' title='bbox 3222 3652 3278 3706; x_wconf 78' lang='grc' dir='ltr'><strong>δὲ</strong></span> <span class='ocrx_word' id='word_1_578' title='bbox 3318 3654 3376 3706; x_wconf 83' lang='grc' dir='ltr'>ὲν</span> <span class='ocrx_word' id='word_1_579' title='bbox 3415 3655 3481 3724; x_wconf 79' lang='grc' dir='ltr'>τῇ</span> <span class='ocrx_word' id='word_1_580' title='bbox 3515 3650 3664 3724; x_wconf 75' lang='grc' dir='ltr'>δεξιᾷ</span> 
     </span>
    </p>
   </div>
   <div class='ocr_carea' id='block_1_85' title="bbox 2103 3741 3663 3816">
    <p class='ocr_par' dir='ltr' id='par_1_85' title="bbox 2103 3741 3663 3816">
     <span class='ocr_line' id='line_1_87' title="bbox 2103 3741 3663 3816; baseline 0.003 -24"><span class='ocrx_word' id='word_1_581' title='bbox 2103 3741 2245 3811; x_wconf 73' lang='grc' dir='ltr'>χειρὶ</span> <span class='ocrx_word' id='word_1_582' title='bbox 2271 3748 2319 3809; x_wconf 85' lang='grc' dir='ltr'>γ’</span> <span class='ocrx_word' id='word_1_583' title='bbox 2343 3743 2371 3795; x_wconf 82' lang='grc' dir='ltr'>ὁ</span> <span class='ocrx_word' id='word_1_584' title='bbox 2394 3741 2529 3812; x_wconf 85' lang='grc' dir='ltr'>πρὸς</span> <span class='ocrx_word' id='word_1_585' title='bbox 2556 3741 2899 3813; x_wconf 80' lang='grc' dir='ltr'>μεσημϐρίαν</span> <span class='ocrx_word' id='word_1_586' title='bbox 2929 3743 3259 3816; x_wconf 84' lang='grc' dir='ltr'>βορειότερός</span> <span class='ocrx_word' id='word_1_587' title='bbox 3281 3745 3394 3796; x_wconf 77' lang='grc' dir='ltr'>ἐστι</span> <span class='ocrx_word' id='word_1_588' title='bbox 3419 3743 3512 3797; x_wconf 79' lang='grc' dir='ltr'>τοῦ</span> <span class='ocrx_word' id='word_1_589' title='bbox 3547 3744 3663 3815; x_wconf 77' lang='grc' dir='ltr'>Ισηο</span> 
     </span>
    </p>
   </div>
   <div class='ocr_carea' id='block_1_86' title="bbox 2107 3830 3667 3906">
    <p class='ocr_par' dir='ltr' id='par_1_86' title="bbox 2107 3830 3667 3906">
     <span class='ocr_line' id='line_1_88' title="bbox 2107 3830 3667 3906; baseline 0.003 -21"><span class='ocrx_word' id='word_1_590' title='bbox 2107 3833 2324 3903; x_wconf 81' lang='grc' dir='ltr'>μερινοῦ</span> <span class='ocrx_word' id='word_1_591' title='bbox 2359 3832 2467 3903; x_wconf 80' lang='grc' dir='ltr'>μοί.</span> <span class='ocrx_word' id='word_1_592' title='bbox 2500 3833 2599 3886; x_wconf 86' lang='grc' dir='ltr'>λ6¹.</span> <span class='ocrx_word' id='word_1_593' title='bbox 2633 3834 2799 3906; x_wconf 79' lang='grc' dir='ltr'>Δῆλον</span> <span class='ocrx_word' id='word_1_594' title='bbox 2826 3830 2918 3889; x_wconf 74' lang='grc' dir='ltr'>οὖν</span> <span class='ocrx_word' id='word_1_595' title='bbox 2949 3837 3011 3889; x_wconf 79' lang='grc' dir='ltr'>ἐκ</span> <span class='ocrx_word' id='word_1_596' title='bbox 3064 3834 3286 3899; x_wconf 87' lang='grc' dir='ltr'>τούτων,</span> <span class='ocrx_word' id='word_1_597' title='bbox 3310 3836 3390 3889; x_wconf 86' lang='grc' dir='ltr'>ὅτι</span> <span class='ocrx_word' id='word_1_598' title='bbox 3420 3837 3450 3889; x_wconf 75' lang='grc' dir='ltr'><strong>ὁ</strong></span> <span class='ocrx_word' id='word_1_599' title='bbox 3476 3833 3667 3904; x_wconf 73' lang='grc' dir='ltr'>ἀγκὼν</span> 
     </span>
    </p>
   </div>
   <div class='ocr_carea' id='block_1_87' title="bbox 2105 3923 3657 3997">
    <p class='ocr_par' dir='ltr' id='par_1_87' title="bbox 2105 3923 3657 3997">
     <span class='ocr_line' id='line_1_89' title="bbox 2105 3923 3657 3997; baseline 0.001 -20"><span class='ocrx_word' id='word_1_600' title='bbox 2105 3923 2434 3997; x_wconf 86' lang='grc' dir='ltr'>βορειότερός</span> <span class='ocrx_word' id='word_1_601' title='bbox 2453 3926 2598 3978; x_wconf 79' lang='grc' dir='ltr'>ἐστιν</span> <span class='ocrx_word' id='word_1_602' title='bbox 2624 3924 2821 3988; x_wconf 81' lang='grc' dir='ltr'>ἱκανῶς</span> <span class='ocrx_word' id='word_1_603' title='bbox 2846 3924 2938 3979; x_wconf 78' lang='grc' dir='ltr'>τοῦ</span> <span class='ocrx_word' id='word_1_604' title='bbox 2966 3925 3246 3997; x_wconf 77' lang='grc' dir='ltr'>τροπικοῦ,</span> <span class='ocrx_word' id='word_1_605' title='bbox 3279 3926 3372 3979; x_wconf 73' lang='grc' dir='ltr'>καὶ</span> <span class='ocrx_word' id='word_1_606' title='bbox 3392 3926 3452 3980; x_wconf 86' lang='grc' dir='ltr'><strong>ού</strong></span> <span class='ocrx_word' id='word_1_607' title='bbox 3472 3923 3657 3979; x_wconf 86' lang='grc' dir='ltr'>νοτιῶ-</span> 
     </span>
    </p>
   </div>
   <div class='ocr_carea' id='block_1_88' title="bbox 2102 4014 2866 4087">
    <p class='ocr_par' dir='ltr' id='par_1_88' title="bbox 2102 4014 2866 4087">
     <span class='ocr_line' id='line_1_90' title="bbox 2102 4014 2866 4087; baseline 0.001 -20"><span class='ocrx_word' id='word_1_608' title='bbox 2102 4031 2275 4085; x_wconf 83' lang='grc' dir='ltr'>τερος,</span> <span class='ocrx_word' id='word_1_609' title='bbox 2309 4014 2384 4078; x_wconf 82' lang='grc' dir='ltr'>ὡς</span> <span class='ocrx_word' id='word_1_610' title='bbox 2422 4014 2652 4085; x_wconf 76' lang='grc' dir='ltr'>’Ἄρατός</span> <span class='ocrx_word' id='word_1_611' title='bbox 2684 4032 2866 4087; x_wconf 79' lang='grc' dir='ltr'>φησιν.</span> 
     </span>
    </p>
   </div>
   <div class='ocr_carea' id='block_1_89' title="bbox 2183 4164 2615 4236">
    <p class='ocr_par' dir='ltr' id='par_1_89' title="bbox 2183 4164 2615 4236">
     <span class='ocr_line' id='line_1_91' title="bbox 2183 4164 2615 4236; baseline 0.005 -18"><span class='ocrx_word' id='word_1_612' title='bbox 2183 4164 2341 4235; x_wconf 74' lang='grc' dir='ltr'>Ἑξῆς</span> <span class='ocrx_word' id='word_1_613' title='bbox 2368 4166 2425 4220; x_wconf 81' lang='grc' dir='ltr'>δὲ</span> <span class='ocrx_word' id='word_1_614' title='bbox 2450 4166 2615 4236; x_wconf 86' lang='grc' dir='ltr'>λέγει·</span> 
     </span>
    </p>
   </div>
   <div class='ocr_carea' id='block_1_90' title="bbox 2182 4279 3591 4350">
    <p class='ocr_par' dir='ltr' id='par_1_90' title="bbox 2182 4279 3591 4350">
     <span class='ocr_line' id='line_1_92' title="bbox 2182 4279 3591 4350; baseline 0.003 -19"><span class='ocrx_word' id='word_1_615' title='bbox 2182 4280 2381 4334; x_wconf 76' lang='grc' dir='ltr'><em>Ὀπλαὶ</em></span> <span class='ocrx_word' id='word_1_616' title='bbox 2408 4279 2459 4332; x_wconf 83' lang='grc' dir='ltr'>δ’</span> <span class='ocrx_word' id='word_1_617' title='bbox 2487 4281 2752 4350; x_wconf 65' lang='lat' dir='ltr'><strong>&quot;Maeror.</strong></span> <span class='ocrx_word' id='word_1_618' title='bbox 2785 4279 2880 4333; x_wconf 74' lang='grc' dir='ltr'><strong>καί</strong></span> <span class='ocrx_word' id='word_1_619' title='bbox 2911 4280 3253 4350; x_wconf 77' lang='grc' dir='ltr'><strong>ὐπαύχενον</strong></span> <span class='ocrx_word' id='word_1_620' title='bbox 3284 4281 3591 4350; x_wconf 75' lang='grc' dir='ltr'>Ὀρνίϐειον</span> 
     </span>
    </p>
   </div>
   <div class='ocr_carea' id='block_1_91' title="bbox 2178 4349 2782 4418">
    <p class='ocr_par' dir='ltr' id='par_1_91' title="bbox 2178 4349 2782 4418">
     <span class='ocr_line' id='line_1_93' title="bbox 2178 4349 2782 4418; baseline -0.002 -15"><span class='ocrx_word' id='word_1_621' title='bbox 2178 4352 2232 4404; x_wconf 83' lang='grc' dir='ltr'><strong>Ἀ</strong></span> <span class='ocrx_word' id='word_1_622' title='bbox 2241 4367 2352 4418; x_wconf 79' lang='grc' dir='ltr'>κρῃ</span> <span class='ocrx_word' id='word_1_623' title='bbox 2384 4350 2505 4405; x_wconf 79' lang='grc' dir='ltr'><strong>σὺν</strong></span> <span class='ocrx_word' id='word_1_624' title='bbox 2530 4349 2782 4418; x_wconf 62' lang='grc' dir='ltr'>κεφαλῇ.</span> 
     </span>
    </p>
   </div>
   <div class='ocr_carea' id='block_1_92' title="bbox 2172 4454 3657 4530">
    <p class='ocr_par' dir='ltr' id='par_1_92' title="bbox 2172 4454 3657 4530">
     <span class='ocr_line' id='line_1_94' title="bbox 2172 4454 3657 4530; baseline 0 -17"><span class='ocrx_word' id='word_1_625' title='bbox 2172 4460 2336 4523; x_wconf 81' lang='grc' dir='ltr'>Τίνας</span> <span class='ocrx_word' id='word_1_626' title='bbox 2371 4462 2468 4530; x_wconf 84' lang='grc' dir='ltr'>μὲν</span> <span class='ocrx_word' id='word_1_627' title='bbox 2503 4454 2595 4513; x_wconf 78' lang='grc' dir='ltr'><strong>οὖν</strong></span> <span class='ocrx_word' id='word_1_628' title='bbox 2623 4460 2857 4530; x_wconf 86' lang='grc' dir='ltr'>ἀστέρας</span> <span class='ocrx_word' id='word_1_629' title='bbox 2880 4461 3043 4515; x_wconf 76' lang='grc' dir='ltr'>ἐτίθει</span> <span class='ocrx_word' id='word_1_630' title='bbox 3075 4461 3169 4516; x_wconf 71' lang='grc' dir='ltr'><strong>ἐπὶ</strong></span> <span class='ocrx_word' id='word_1_631' title='bbox 3201 4464 3319 4526; x_wconf 88' lang='grc' dir='ltr'>ταῖς</span> <span class='ocrx_word' id='word_1_632' title='bbox 3348 4460 3538 4526; x_wconf 83' lang='grc' dir='ltr'>ὁπλαῖς</span> <span class='ocrx_word' id='word_1_633' title='bbox 3564 4461 3657 4514; x_wconf 70' lang='grc' dir='ltr'>τοῦ</span> 
     </span>
    </p>
   </div>
   <div class='ocr_carea' id='block_1_93' title="bbox 2100 4550 3656 4628">
    <p class='ocr_par' dir='ltr' id='par_1_93' title="bbox 2100 4550 3656 4628">
     <span class='ocr_line' id='line_1_95' title="bbox 2100 4550 3656 4628; baseline 0.001 -23"><span class='ocrx_word' id='word_1_634' title='bbox 2100 4552 2317 4614; x_wconf 84' lang='grc' dir='ltr'>Ἵππου,</span> <span class='ocrx_word' id='word_1_635' title='bbox 2347 4550 2559 4621; x_wconf 79' lang='grc' dir='ltr'>ἄδηλον·</span> <span class='ocrx_word' id='word_1_636' title='bbox 2595 4553 2659 4604; x_wconf 82' lang='grc' dir='ltr'>ἐκ</span> <span class='ocrx_word' id='word_1_637' title='bbox 2694 4552 2874 4623; x_wconf 85' lang='grc' dir='ltr'>μέντοι</span> <span class='ocrx_word' id='word_1_638' title='bbox 2908 4553 3013 4607; x_wconf 87' lang='grc' dir='ltr'>τῶν</span> <span class='ocrx_word' id='word_1_639' title='bbox 3045 4554 3138 4607; x_wconf 76' lang='grc' dir='ltr'><strong>ἐπὶ</strong></span> <span class='ocrx_word' id='word_1_640' title='bbox 3164 4553 3257 4609; x_wconf 84' lang='grc' dir='ltr'>τοῦ</span> <span class='ocrx_word' id='word_1_641' title='bbox 3296 4553 3546 4628; x_wconf 84' lang='grc' dir='ltr'>Ὄρνιθος</span> <span class='ocrx_word' id='word_1_642' title='bbox 3570 4552 3656 4607; x_wconf 75' lang='grc' dir='ltr'>λε-</span> 
     </span>
    </p>
   </div>
   <div class='ocr_carea' id='block_1_94' title="bbox 2096 4640 2563 4714">
    <p class='ocr_par' dir='ltr' id='par_1_94' title="bbox 2096 4640 2563 4714">
     <span class='ocr_line' id='line_1_96' title="bbox 2096 4640 2563 4714; baseline 0 -18"><span class='ocrx_word' id='word_1_643' title='bbox 2096 4642 2341 4714; x_wconf 88' lang='grc' dir='ltr'>γομένων</span> <span class='ocrx_word' id='word_1_644' title='bbox 2370 4640 2563 4707; x_wconf 71' lang='grc' dir='ltr'>οὕτως,</span> 
     </span>
    </p>
   </div>
   <div class='ocr_carea' id='block_1_95' title="bbox 2646 4733 3314 4805">
    <p class='ocr_par' dir='ltr' id='par_1_95' title="bbox 2646 4733 3314 4805">
     <span class='ocr_line' id='line_1_97' title="bbox 2646 4733 3314 4805; baseline 0 -15"><span class='ocrx_word' id='word_1_645' title='bbox 2646 4774 2661 4790; x_wconf 93' lang='grc'><strong>.</strong></span> <span class='ocrx_word' id='word_1_646' title='bbox 2692 4734 2895 4805; x_wconf 74' lang='grc' dir='ltr'>,κατὰ</span> <span class='ocrx_word' id='word_1_647' title='bbox 2925 4733 3091 4800; x_wconf 77' lang='grc' dir='ltr'>δεξιὰ</span> <span class='ocrx_word' id='word_1_648' title='bbox 3118 4735 3314 4805; x_wconf 82' lang='grc' dir='ltr'>χειρὸς</span> 
     </span>
    </p>
   </div>
   <div class='ocr_carea' id='block_1_96' title="bbox 2092 4772 3497 4874">
    <p class='ocr_par' dir='ltr' id='par_1_96' title="bbox 2092 4772 3497 4874">
     <span class='ocr_line' id='line_1_98' title="bbox 2092 4772 3497 4874; baseline 0.022 -13"><span class='ocrx_word' id='word_1_649' title='bbox 2092 4774 2372 4874; x_wconf 49' lang='lat' dir='ltr'><strong>Kays/nc.</strong></span> <span class='ocrx_word' id='word_1_650' title='bbox 2411 4804 2652 4871; x_wconf 80' lang='grc' dir='ltr'>ταρσοῖο</span> <span class='ocrx_word' id='word_1_651' title='bbox 2675 4804 2746 4858; x_wconf 82' lang='grc' dir='ltr'>τὰ</span> <span class='ocrx_word' id='word_1_652' title='bbox 2781 4805 2947 4869; x_wconf 77' lang='grc' dir='ltr'>δεξιά</span> <span class='ocrx_word' id='word_1_653' title='bbox 2974 4772 3497 4874; x_wconf 48' lang='grc' dir='ltr'><strong>ἔείρίῗταμεῖαίνων</strong></span> 
     </span>
    </p>
   </div>
   <div class='ocr_carea' id='block_1_97' title="bbox 2093 4875 3653 4945">
    <p class='ocr_par' dir='ltr' id='par_1_97' title="bbox 2093 4875 3653 4945">
     <span class='ocr_line' id='line_1_99' title="bbox 2093 4875 3653 4945; baseline -0.001 -13"><span class='ocrx_word' id='word_1_654' title='bbox 2093 4876 2246 4944; x_wconf 78' lang='grc' dir='ltr'><strong>Λαιῄ</strong></span> <span class='ocrx_word' id='word_1_655' title='bbox 2277 4875 2345 4928; x_wconf 82' lang='grc' dir='ltr'>δὲ</span> <span class='ocrx_word' id='word_1_656' title='bbox 2371 4876 2613 4945; x_wconf 78' lang='grc' dir='ltr'>πτέρυγι</span> <span class='ocrx_word' id='word_1_657' title='bbox 2647 4876 2949 4945; x_wconf 59' lang='grc' dir='ltr'>σκτιρθιώς</span> <span class='ocrx_word' id='word_1_658' title='bbox 2976 4875 3397 4943; x_wconf 76' lang='grc' dir='ltr'>παρακέκλιται</span> <span class='ocrx_word' id='word_1_659' title='bbox 3426 4877 3653 4931; x_wconf 77' lang='grc' dir='ltr'><strong>Ἵππου·</strong></span> 
     </span>
    </p>
   </div>
   <div class='ocr_carea' id='block_1_98' title="bbox 426 4972 2000 5062">
    <p class='ocr_par' dir='ltr' id='par_1_98' title="bbox 426 4972 1993 5057">
     <span class='ocr_line' id='line_1_100' title="bbox 426 4972 1993 5057; baseline 0.011 -32"><span class='ocrx_word' id='word_1_660' title='bbox 426 4972 570 5039; x_wconf 80' lang='lat' dir='ltr'><strong>haud</strong></span> <span class='ocrx_word' id='word_1_661' title='bbox 612 4973 769 5046; x_wconf 83' lang='lat' dir='ltr'><strong>longe</strong></span> <span class='ocrx_word' id='word_1_662' title='bbox 800 4991 830 5030; x_wconf 92' lang='lat' dir='ltr'><strong>a</strong></span> <span class='ocrx_word' id='word_1_663' title='bbox 864 4978 1090 5034; x_wconf 83' lang='lat' dir='ltr'><strong>veritate</strong></span> <span class='ocrx_word' id='word_1_664' title='bbox 1139 4994 1263 5036; x_wconf 91' lang='lat' dir='ltr'><strong>esse</strong></span> <span class='ocrx_word' id='word_1_665' title='bbox 1289 4980 1556 5040; x_wconf 81' lang='lat' dir='ltr'><strong>videatur.</strong></span> <span class='ocrx_word' id='word_1_666' title='bbox 1599 4983 1734 5040; x_wconf 88' lang='lat' dir='ltr'><strong>Nam</strong></span> <span class='ocrx_word' id='word_1_667' title='bbox 1762 5003 1884 5057; x_wconf 84' lang='lat' dir='ltr'><strong>quae</strong></span> <span class='ocrx_word' id='word_1_668' title='bbox 1906 4999 1993 5045; x_wconf 90' lang='lat' dir='ltr'><strong>est</strong></span> 
     </span>
    </p>
   </div>
   <div class='ocr_carea' id='block_1_99' title="bbox 2109 4972 3659 5062">
    <p class='ocr_par' dir='ltr' id='par_1_99' title="bbox 2109 4987 3659 5062">
     <span class='ocr_line' id='line_1_101' title="bbox 2109 4987 3659 5062; baseline -0.001 -18"><span class='ocrx_word' id='word_1_669' title='bbox 2109 4989 2231 5055; x_wconf 74' lang='grc' dir='ltr'>ῑόξει</span> <span class='ocrx_word' id='word_1_670' title='bbox 2256 4989 2303 5020; x_wconf 79' lang='grc'>⁸³</span> <span class='ocrx_word' id='word_1_671' title='bbox 2345 4987 2410 5042; x_wconf 85' lang='grc' dir='ltr'><strong>ἂν</strong></span> <span class='ocrx_word' id='word_1_672' title='bbox 2441 4987 2779 5056; x_wconf 79' lang='grc' dir='ltr'>συνεγγίξειν</span> <span class='ocrx_word' id='word_1_673' title='bbox 2807 4990 2873 5059; x_wconf 83' lang='grc' dir='ltr'>τῇ</span> <span class='ocrx_word' id='word_1_674' title='bbox 2909 4987 3153 5061; x_wconf 78' lang='grc' dir='ltr'>ἀληθείᾳ.</span> <span class='ocrx_word' id='word_1_675' title='bbox 3196 4989 3256 5043; x_wconf 86' lang='lat'><strong>&#39;0</strong></span> <span class='ocrx_word' id='word_1_676' title='bbox 3288 4987 3398 5059; x_wconf 82' lang='grc' dir='ltr'>γὰρ</span> <span class='ocrx_word' id='word_1_677' title='bbox 3424 4990 3485 5042; x_wconf 82' lang='grc' dir='ltr'>ὲν</span> <span class='ocrx_word' id='word_1_678' title='bbox 3515 4988 3659 5062; x_wconf 71' lang='grc' dir='ltr'>ἄκρᾳ</span> 
     </span>
    </p>
   </div>
   <div class='ocr_carea' id='block_1_100' title="bbox 492 5130 872 5202">
    <p class='ocr_par' dir='ltr' id='par_1_100' title="bbox 492 5130 872 5202">
     <span class='ocr_line' id='line_1_102' title="bbox 492 5130 872 5202; baseline 0.013 -15"><span class='ocrx_word' id='word_1_679' title='bbox 492 5130 542 5170; x_wconf 72' lang='grc' dir='ltr'><strong>ιι</strong></span> <span class='ocrx_word' id='word_1_680' title='bbox 570 5132 611 5202; x_wconf 68' lang='grc' dir='ltr'>ί.</span> <span class='ocrx_word' id='word_1_681' title='bbox 651 5132 872 5200; x_wconf 87' lang='grc' dir='ltr'>δόξειεν.</span> 
     </span>
    </p>
   </div>
   <div class='ocr_carea' id='block_1_101' title="bbox 498 5244 1981 5323">
    <p class='ocr_par' dir='ltr' id='par_1_101' title="bbox 498 5244 1981 5323">
     <span class='ocr_line' id='line_1_103' title="bbox 498 5244 1981 5323; baseline 0.008 -22"><span class='ocrx_word' id='word_1_682' title='bbox 498 5244 608 5317; x_wconf 83' lang='lat'><strong>(66)</strong></span> <span class='ocrx_word' id='word_1_683' title='bbox 648 5249 711 5323; x_wconf 46' lang='lat'><strong>:0</strong></span> <span class='ocrx_word' id='word_1_684' title='bbox 734 5249 852 5319; x_wconf 79' lang='grc' dir='ltr'>μὲν</span> <span class='ocrx_word' id='word_1_685' title='bbox 892 5250 1012 5323; x_wconf 72' lang='grc' dir='ltr'>γὰρ</span> <span class='ocrx_word' id='word_1_686' title='bbox 1044 5252 1141 5308; x_wconf 76' lang='grc' dir='ltr'><strong>ἐπὶ</strong></span> <span class='ocrx_word' id='word_1_687' title='bbox 1173 5253 1281 5323; x_wconf 75' lang='grc' dir='ltr'>τοῦ</span> <span class='ocrx_word' id='word_1_688' title='bbox 1329 5253 1664 5323; x_wconf 81' lang='grc' dir='ltr'>ἀριστεροῦ.</span> <span class='ocrx_word' id='word_1_689' title='bbox 1729 5253 1874 5311; x_wconf 88' lang='lat' dir='ltr'><strong>Pene</strong></span> <span class='ocrx_word' id='word_1_690' title='bbox 1916 5273 1981 5313; x_wconf 81' lang='lat' dir='ltr'><strong>ex</strong></span> 
     </span>
    </p>
   </div>
   <div class='ocr_carea' id='block_1_102' title="bbox 423 5318 1982 5390">
    <p class='ocr_par' dir='ltr' id='par_1_102' title="bbox 423 5318 1982 5390">
     <span class='ocr_line' id='line_1_104' title="bbox 423 5318 1982 5390; baseline 0.009 -19"><span class='ocrx_word' id='word_1_691' title='bbox 423 5332 579 5390; x_wconf 72' lang='lat' dir='ltr'><strong>inquo</strong></span> <span class='ocrx_word' id='word_1_692' title='bbox 631 5318 924 5390; x_wconf 81' lang='lat' dir='ltr'><strong>distabant.</strong></span> <span class='ocrx_word' id='word_1_693' title='bbox 969 5320 1103 5376; x_wconf 83' lang='lat' dir='ltr'><strong>Nam</strong></span> <span class='ocrx_word' id='word_1_694' title='bbox 1159 5322 1333 5377; x_wconf 72' lang='lat' dir='ltr'><strong>dextri</strong></span> <span class='ocrx_word' id='word_1_695' title='bbox 1365 5318 1558 5390; x_wconf 47' lang='lat' dir='ltr'><strong>&#39;petlis&#39;.</strong></span> <span class='ocrx_word' id='word_1_696' title='bbox 1610 5333 1664 5377; x_wconf 87' lang='lat' dir='ltr'><strong>et</strong></span> <span class='ocrx_word' id='word_1_697' title='bbox 1723 5329 1982 5385; x_wconf 88' lang='lat' dir='ltr'><strong>australis</strong></span> 
     </span>
    </p>
   </div>
   <div class='ocr_carea' id='block_1_103' title="bbox 425 5388 1977 5465">
    <p class='ocr_par' dir='ltr' id='par_1_103' title="bbox 425 5388 1977 5465">
     <span class='ocr_line' id='line_1_105' title="bbox 425 5388 1977 5465; baseline 0.006 -24"><span class='ocrx_word' id='word_1_698' title='bbox 425 5388 577 5441; x_wconf 86' lang='lat' dir='ltr'><strong>stella</strong></span> <span class='ocrx_word' id='word_1_699' title='bbox 612 5389 1051 5465; x_wconf 48' lang='lat' dir='ltr'><strong>declinationenr</strong></span> <span class='ocrx_word' id='word_1_700' title='bbox 1085 5392 1319 5465; x_wconf 60' lang='lat' dir='ltr'><strong>habebat</strong></span> <span class='ocrx_word' id='word_1_701' title='bbox 1351 5388 1421 5449; x_wconf 87' lang='lat' dir='ltr'><strong>ab</strong></span> <span class='ocrx_word' id='word_1_702' title='bbox 1450 5403 1726 5465; x_wconf 74' lang='lat' dir='ltr'><strong>:rqnatore</strong></span> <span class='ocrx_word' id='word_1_703' title='bbox 1757 5397 1977 5451; x_wconf 84' lang='lat' dir='ltr'><strong>boream</strong></span> 
     </span>
    </p>
   </div>
   <div class='ocr_carea' id='block_1_104' title="bbox 422 5460 1979 5583">
    <p class='ocr_par' dir='ltr' id='par_1_104' title="bbox 422 5460 1979 5583">
     <span class='ocr_line' id='line_1_106' title="bbox 422 5460 1979 5535; baseline 0.008 -26"><span class='ocrx_word' id='word_1_704' title='bbox 422 5472 635 5520; x_wconf 82' lang='lat' dir='ltr'><strong>versus,</strong></span> <span class='ocrx_word' id='word_1_705' title='bbox 669 5460 821 5528; x_wconf 88' lang='lat' dir='ltr'><strong>grad.</strong></span> <span class='ocrx_word' id='word_1_706' title='bbox 853 5461 944 5526; x_wconf 72' lang='lat'><strong>27,</strong></span> <span class='ocrx_word' id='word_1_707' title='bbox 982 5463 1088 5526; x_wconf 65' lang='grc' dir='ltr'>δῖ’,</span> <span class='ocrx_word' id='word_1_708' title='bbox 1118 5462 1412 5534; x_wconf 86' lang='lat' dir='ltr'><strong>Hipparchi</strong></span> <span class='ocrx_word' id='word_1_709' title='bbox 1445 5460 1706 5535; x_wconf 60' lang='lat' dir='ltr'><strong>tempore.</strong></span> <span class='ocrx_word' id='word_1_710' title='bbox 1743 5465 1979 5522; x_wconf 87' lang='lat' dir='ltr'><strong>Sinisler</strong></span> 
     </span>
     <span class='ocr_line' id='line_1_107' title="bbox 425 5530 925 5583; baseline 0 0"><span class='ocrx_word' id='word_1_711' title='bbox 425 5540 542 5583; x_wconf 82' lang='lat' dir='ltr'><strong>Des.</strong></span> <span class='ocrx_word' id='word_1_712' title='bbox 571 5531 723 5583; x_wconf 75' lang='lat' dir='ltr'><strong>trrad.</strong></span> <span class='ocrx_word' id='word_1_713' title='bbox 753 5530 925 5583; x_wconf 67' lang='lat'><strong>27.7&#39;.</strong></span> 
     </span>
    </p>
   </div>
   <div class='ocr_carea' id='block_1_105' title="bbox 425 5530 1599 5599">
    <p class='ocr_par' dir='ltr' id='par_1_105' title="bbox 425 5530 1599 5599">
     <span class='ocr_line' id='line_1_108' title="bbox 425 5530 1599 5599; baseline 0.018 -21"><span class='ocrx_word' id='word_1_714' title='bbox 425 5540 547 5599; x_wconf 65' lang='lat' dir='ltr'><strong>pes1</strong></span> <span class='ocrx_word' id='word_1_715' title='bbox 554 5531 723 5599; x_wconf 23' lang='lat' dir='ltr'><strong>kgrad.</strong></span> <span class='ocrx_word' id='word_1_716' title='bbox 753 5530 841 5586; x_wconf 67' lang='lat'><strong>27.</strong></span> <span class='ocrx_word' id='word_1_717' title='bbox 859 5530 925 5584; x_wconf 84' lang='lat'><strong>7&#39;.</strong></span> <span class='ocrx_word' id='word_1_718' title='bbox 1188 5530 1203 5534; x_wconf 71' lang='grc'><strong><em>“</em></strong></span> <span class='ocrx_word' id='word_1_719' title='bbox 1226 5530 1242 5534; x_wconf 75' lang='grc'><em>’</em></span> <span class='ocrx_word' id='word_1_720' title='bbox 1513 5530 1534 5535; x_wconf 57' lang='grc'><em>”</em></span> <span class='ocrx_word' id='word_1_721' title='bbox 1559 5530 1571 5535; x_wconf 66' lang='grc'><em>’</em></span> <span class='ocrx_word' id='word_1_722' title='bbox 1590 5592 1599 5599; x_wconf 47' lang='grc' dir='ltr'><strong>η.</strong></span> 
     </span>
    </p>
   </div>
   <div class='ocr_carea' id='block_1_106' title="bbox 474 5594 1974 5670">
    <p class='ocr_par' dir='ltr' id='par_1_106' title="bbox 474 5594 1974 5670">
     <span class='ocr_line' id='line_1_109' title="bbox 474 5594 1974 5670; baseline 0.005 -16"><span class='ocrx_word' id='word_1_723' title='bbox 474 5594 607 5670; x_wconf 52' lang='grc' dir='ltr'><strong>,46η</strong></span> <span class='ocrx_word' id='word_1_724' title='bbox 634 5599 797 5654; x_wconf 77' lang='grc' dir='ltr'>Πολὺ</span> <span class='ocrx_word' id='word_1_725' title='bbox 822 5600 888 5654; x_wconf 88' lang='grc' dir='ltr'>δὲ</span> <span class='ocrx_word' id='word_1_726' title='bbox 915 5601 1012 5655; x_wconf 74' lang='grc' dir='ltr'>καὶ</span> <span class='ocrx_word' id='word_1_727' title='bbox 1036 5601 1106 5655; x_wconf 80' lang='grc' dir='ltr'>ἐν</span> <span class='ocrx_word' id='word_1_728' title='bbox 1128 5603 1376 5670; x_wconf 79' lang='grc' dir='ltr'>τούτοις.</span> <span class='ocrx_word' id='word_1_729' title='bbox 1434 5594 1608 5660; x_wconf 81' lang='lat' dir='ltr'><strong>Nimis</strong></span> <span class='ocrx_word' id='word_1_730' title='bbox 1648 5605 1877 5660; x_wconf 81' lang='lat' dir='ltr'><strong>confuse</strong></span> <span class='ocrx_word' id='word_1_731' title='bbox 1918 5614 1974 5661; x_wconf 90' lang='lat' dir='ltr'><strong>et</strong></span> 
     </span>
    </p>
   </div>
   <div class='ocr_carea' id='block_1_107' title="bbox 428 5663 1971 5744">
    <p class='ocr_par' dir='ltr' id='par_1_107' title="bbox 428 5663 1971 5744">
     <span class='ocr_line' id='line_1_110' title="bbox 428 5663 1971 5744; baseline 0.01 -27"><span class='ocrx_word' id='word_1_732' title='bbox 428 5663 635 5744; x_wconf 76' lang='lat' dir='ltr'><strong>infinite</strong></span> <span class='ocrx_word' id='word_1_733' title='bbox 662 5670 883 5744; x_wconf 74' lang='lat' dir='ltr'><strong>refellit._</strong></span> <span class='ocrx_word' id='word_1_734' title='bbox 908 5670 1040 5725; x_wconf 89' lang='lat' dir='ltr'><strong>Nam</strong></span> <span class='ocrx_word' id='word_1_735' title='bbox 1068 5672 1229 5744; x_wconf 74' lang='lat' dir='ltr'><strong>ambo</strong></span> <span class='ocrx_word' id='word_1_736' title='bbox 1252 5663 1387 5744; x_wconf 75' lang='lat' dir='ltr'><strong>falsa</strong></span> <span class='ocrx_word' id='word_1_737' title='bbox 1442 5682 1588 5736; x_wconf 88' lang='lat' dir='ltr'><strong>sunt,</strong></span> <span class='ocrx_word' id='word_1_738' title='bbox 1621 5690 1741 5744; x_wconf 70' lang='lat' dir='ltr'><strong>qua:</strong></span> <span class='ocrx_word' id='word_1_739' title='bbox 1772 5677 1971 5732; x_wconf 90' lang='lat' dir='ltr'><strong>Aratus</strong></span> 
     </span>
    </p>
   </div>
   <div class='ocr_carea' id='block_1_108' title="bbox 428 5733 1963 5806">
    <p class='ocr_par' dir='ltr' id='par_1_108' title="bbox 428 5733 1963 5806">
     <span class='ocr_line' id='line_1_111' title="bbox 428 5733 1963 5806; baseline 0.01 -22"><span class='ocrx_word' id='word_1_740' title='bbox 428 5733 649 5806; x_wconf 65' lang='lat' dir='ltr'><strong>scripsit</strong></span> <span class='ocrx_word' id='word_1_741' title='bbox 677 5736 747 5806; x_wconf 80' lang='lat' dir='ltr'><strong>de</strong></span> <span class='ocrx_word' id='word_1_742' title='bbox 782 5737 1002 5794; x_wconf 89' lang='lat' dir='ltr'><strong>sinistra</strong></span> <span class='ocrx_word' id='word_1_743' title='bbox 1047 5741 1177 5795; x_wconf 88' lang='lat' dir='ltr'><strong>tibia</strong></span> <span class='ocrx_word' id='word_1_744' title='bbox 1220 5750 1276 5796; x_wconf 89' lang='lat' dir='ltr'><strong>et</strong></span> <span class='ocrx_word' id='word_1_745' title='bbox 1308 5743 1535 5797; x_wconf 87' lang='lat' dir='ltr'><strong>humero</strong></span> <span class='ocrx_word' id='word_1_746' title='bbox 1577 5733 1838 5806; x_wconf 75' lang='lat' dir='ltr'><strong>sinistro.</strong></span> <span class='ocrx_word' id='word_1_747' title='bbox 1870 5746 1963 5800; x_wconf 89' lang='lat' dir='ltr'><strong>sed</strong></span> 
     </span>
    </p>
   </div>
   <div class='ocr_carea' id='block_1_109' title="bbox 428 5799 1964 5883">
    <p class='ocr_par' dir='ltr' id='par_1_109' title="bbox 428 5799 1964 5883">
     <span class='ocr_line' id='line_1_112' title="bbox 428 5799 1964 5883; baseline 0.012 -30"><span class='ocrx_word' id='word_1_748' title='bbox 428 5799 657 5858; x_wconf 42' lang='lat' dir='ltr'><strong>hoe—illo</strong></span> <span class='ocrx_word' id='word_1_749' title='bbox 682 5803 907 5871; x_wconf 78' lang='lat' dir='ltr'><strong>falsius;</strong></span> <span class='ocrx_word' id='word_1_750' title='bbox 939 5815 998 5860; x_wconf 92' lang='lat' dir='ltr'><strong>ut</strong></span> <span class='ocrx_word' id='word_1_751' title='bbox 1021 5824 1085 5862; x_wconf 81' lang='lat' dir='ltr'><strong>ex</strong></span> <span class='ocrx_word' id='word_1_752' title='bbox 1114 5811 1305 5869; x_wconf 83' lang='lat' dir='ltr'><strong>tronie.</strong></span> <span class='ocrx_word' id='word_1_753' title='bbox 1335 5810 1572 5866; x_wconf 79' lang='lat' dir='ltr'><strong>Eudosei</strong></span> <span class='ocrx_word' id='word_1_754' title='bbox 1597 5799 1964 5883; x_wconf 78' lang='lat' dir='ltr'><strong>descriptione</strong></span> 
     </span>
    </p>
   </div>
   <div class='ocr_carea' id='block_1_110' title="bbox 2113 5262 3655 5334">
    <p class='ocr_par' dir='ltr' id='par_1_110' title="bbox 2113 5262 3655 5334">
     <span class='ocr_line' id='line_1_113' title="bbox 2113 5262 3655 5334; baseline 0.002 -18"><span class='ocrx_word' id='word_1_755' title='bbox 2113 5272 2349 5334; x_wconf 81' lang='lat' dir='ltr'><strong>constat.</strong></span> <span class='ocrx_word' id='word_1_756' title='bbox 2408 5263 2596 5333; x_wconf 83' lang='lat' dir='ltr'><strong>Itaque</strong></span> <span class='ocrx_word' id='word_1_757' title='bbox 2642 5264 3061 5334; x_wconf 82' lang='lat' dir='ltr'><strong>argumentatio,</strong></span> <span class='ocrx_word' id='word_1_758' title='bbox 3119 5279 3279 5334; x_wconf 89' lang='lat' dir='ltr'><strong>quam</strong></span> <span class='ocrx_word' id='word_1_759' title='bbox 3314 5262 3655 5334; x_wconf 82' lang='lat' dir='ltr'><strong>Hipparchus</strong></span> 
     </span>
    </p>
   </div>
   <div class='ocr_carea' id='block_1_111' title="bbox 2109 5332 3653 5402">
    <p class='ocr_par' dir='ltr' id='par_1_111' title="bbox 2109 5332 3653 5402">
     <span class='ocr_line' id='line_1_114' title="bbox 2109 5332 3653 5402; baseline 0.002 -16"><span class='ocrx_word' id='word_1_760' title='bbox 2109 5332 2284 5393; x_wconf 81' lang='lat' dir='ltr'><strong>atl&#39;ert.</strong></span> <span class='ocrx_word' id='word_1_761' title='bbox 2321 5349 2493 5402; x_wconf 87' lang='lat' dir='ltr'><strong>neque</strong></span> <span class='ocrx_word' id='word_1_762' title='bbox 2512 5332 2590 5388; x_wconf 87' lang='lat' dir='ltr'><strong>de</strong></span> <span class='ocrx_word' id='word_1_763' title='bbox 2625 5332 2846 5388; x_wconf 82' lang='lat' dir='ltr'><strong>sinistro</strong></span> <span class='ocrx_word' id='word_1_764' title='bbox 2868 5335 3093 5389; x_wconf 90' lang='lat' dir='ltr'><strong>humero</strong></span> <span class='ocrx_word' id='word_1_765' title='bbox 3131 5332 3242 5402; x_wconf 79' lang='lat' dir='ltr'><strong>rein</strong></span> <span class='ocrx_word' id='word_1_766' title='bbox 3269 5332 3489 5388; x_wconf 72' lang='lat' dir='ltr'><strong>conficit</strong></span> <span class='ocrx_word' id='word_1_767' title='bbox 3525 5352 3538 5387; x_wconf 88' lang='lat'>:</span> <span class='ocrx_word' id='word_1_768' title='bbox 3570 5349 3653 5390; x_wconf 89' lang='lat' dir='ltr'><strong>ne-</strong></span> 
     </span>
    </p>
   </div>
   <div class='ocr_carea' id='block_1_112' title="bbox 2107 5401 3654 5474">
    <p class='ocr_par' dir='ltr' id='par_1_112' title="bbox 2107 5401 3654 5474">
     <span class='ocr_line' id='line_1_115' title="bbox 2107 5401 3654 5474; baseline 0.001 -19"><span class='ocrx_word' id='word_1_769' title='bbox 2107 5404 2313 5474; x_wconf 13' lang='lat' dir='ltr'><strong>queide</strong></span> <span class='ocrx_word' id='word_1_770' title='bbox 2339 5401 2492 5459; x_wconf 83' lang='lat' dir='ltr'><strong>tibia.</strong></span> <span class='ocrx_word' id='word_1_771' title='bbox 2516 5412 2575 5458; x_wconf 90' lang='lat' dir='ltr'><strong>ut</strong></span> <span class='ocrx_word' id='word_1_772' title='bbox 2613 5405 2808 5458; x_wconf 85' lang='lat' dir='ltr'><strong>ibidem</strong></span> <span class='ocrx_word' id='word_1_773' title='bbox 2832 5404 3174 5459; x_wconf 88' lang='lat' dir='ltr'><strong>adnotamus.</strong></span> <span class='ocrx_word' id='word_1_774' title='bbox 3210 5401 3397 5465; x_wconf 82' lang='lat' dir='ltr'><strong>Stella,</strong></span> <span class='ocrx_word' id='word_1_775' title='bbox 3430 5419 3554 5474; x_wconf 60' lang='lat' dir='ltr'><strong>qua:</strong></span> <span class='ocrx_word' id='word_1_776' title='bbox 3572 5411 3654 5460; x_wconf 86' lang='lat' dir='ltr'><strong>est</strong></span> 
     </span>
    </p>
   </div>
   <div class='ocr_carea' id='block_1_113' title="bbox 2106 5473 3651 5542">
    <p class='ocr_par' dir='ltr' id='par_1_113' title="bbox 2106 5473 3651 5542">
     <span class='ocr_line' id='line_1_116' title="bbox 2106 5473 3651 5542; baseline 0.001 -16"><span class='ocrx_word' id='word_1_777' title='bbox 2106 5473 2160 5542; x_wconf 81' lang='lat' dir='ltr'><strong>in</strong></span> <span class='ocrx_word' id='word_1_778' title='bbox 2190 5473 2416 5529; x_wconf 88' lang='lat' dir='ltr'><strong>sinistro</strong></span> <span class='ocrx_word' id='word_1_779' title='bbox 2448 5475 2632 5529; x_wconf 90' lang='lat' dir='ltr'><strong>Persei</strong></span> <span class='ocrx_word' id='word_1_780' title='bbox 2684 5475 2930 5533; x_wconf 86' lang='lat' dir='ltr'><strong>humero.</strong></span> <span class='ocrx_word' id='word_1_781' title='bbox 2954 5474 3260 5528; x_wconf 84' lang='lat' dir='ltr'><strong>declinabat</strong></span> <span class='ocrx_word' id='word_1_782' title='bbox 3287 5474 3356 5528; x_wconf 89' lang='lat' dir='ltr'><strong>ab</strong></span> <span class='ocrx_word' id='word_1_783' title='bbox 3379 5484 3651 5542; x_wconf 58' lang='lat' dir='ltr'><strong>aqualem</strong></span> 
     </span>
    </p>
   </div>
   <div class='ocr_carea' id='block_1_114' title="bbox 2103 5541 3653 5614">
    <p class='ocr_par' dir='ltr' id='par_1_114' title="bbox 2103 5541 3653 5614">
     <span class='ocr_line' id='line_1_117' title="bbox 2103 5541 3653 5614; baseline 0.001 -19"><span class='ocrx_word' id='word_1_784' title='bbox 2103 5541 2309 5614; x_wconf 75' lang='lat' dir='ltr'><strong>Eudoxi</strong></span> <span class='ocrx_word' id='word_1_785' title='bbox 2339 5553 2601 5614; x_wconf 85' lang='lat' dir='ltr'><strong>tempore.</strong></span> <span class='ocrx_word' id='word_1_786' title='bbox 2634 5544 2892 5613; x_wconf 86' lang='lat' dir='ltr'><strong>gradibus</strong></span> <span class='ocrx_word' id='word_1_787' title='bbox 2941 5544 3029 5606; x_wconf 82' lang='grc'><strong>57,</strong></span> <span class='ocrx_word' id='word_1_788' title='bbox 3062 5545 3140 5597; x_wconf 73' lang='grc'><strong>17¹</strong></span> <span class='ocrx_word' id='word_1_789' title='bbox 3163 5561 3178 5610; x_wconf 90' lang='grc'>;</span> <span class='ocrx_word' id='word_1_790' title='bbox 3205 5558 3235 5596; x_wconf 88' lang='lat' dir='ltr'><strong>a</strong></span> <span class='ocrx_word' id='word_1_791' title='bbox 3278 5541 3492 5614; x_wconf 88' lang='lat' dir='ltr'><strong>tropico</strong></span> <span class='ocrx_word' id='word_1_792' title='bbox 3535 5558 3653 5609; x_wconf 69' lang='grc' dir='ltr'><strong>κνε-</strong></span> 
     </span>
    </p>
   </div>
   <div class='ocr_carea' id='block_1_115' title="bbox 2092 5613 3644 5694">
    <p class='ocr_par' dir='ltr' id='par_1_115' title="bbox 2092 5613 3644 5694">
     <span class='ocr_line' id='line_1_118' title="bbox 2092 5613 3644 5694; baseline 0.003 -27"><span class='ocrx_word' id='word_1_793' title='bbox 2092 5613 2265 5694; x_wconf 56' lang='grc' dir='ltr'><strong>⁴(Πιιιξε</strong></span> <span class='ocrx_word' id='word_1_794' title='bbox 2285 5616 2373 5678; x_wconf 78' lang='lat'><strong>13,</strong></span> <span class='ocrx_word' id='word_1_795' title='bbox 2389 5613 2817 5694; x_wconf 42' lang='lat' dir='ltr'><strong>ﬂ&#39;LI-lipparebi</strong></span> <span class='ocrx_word' id='word_1_796' title='bbox 2853 5622 3155 5694; x_wconf 69' lang='lat' dir='ltr'><strong>vero_aet_a_t_e</strong></span> <span class='ocrx_word' id='word_1_797' title='bbox 3176 5613 3644 5694; x_wconf 61' lang='lat' dir='ltr'><strong>abaequinoctiali.</strong></span> 
     </span>
    </p>
   </div>
   <div class='ocr_carea' id='block_1_116' title="bbox 2097 5684 3649 5755">
    <p class='ocr_par' dir='ltr' id='par_1_116' title="bbox 2097 5684 3649 5755">
     <span class='ocr_line' id='line_1_119' title="bbox 2097 5684 3649 5755; baseline 0 -18"><span class='ocrx_word' id='word_1_798' title='bbox 2097 5684 2352 5751; x_wconf 79' lang='lat' dir='ltr'><strong>gradibus</strong></span> <span class='ocrx_word' id='word_1_799' title='bbox 2389 5684 2598 5746; x_wconf 66' lang='lat'><strong>38,51’.</strong></span> <span class='ocrx_word' id='word_1_800' title='bbox 2623 5701 2652 5739; x_wconf 87' lang='lat' dir='ltr'><strong>a</strong></span> <span class='ocrx_word' id='word_1_801' title='bbox 2683 5686 2890 5753; x_wconf 89' lang='lat' dir='ltr'><strong>tropico</strong></span> <span class='ocrx_word' id='word_1_802' title='bbox 2929 5685 3016 5742; x_wconf 74' lang='lat' dir='ltr'><strong>M.</strong></span> <span class='ocrx_word' id='word_1_803' title='bbox 3051 5685 3154 5747; x_wconf 69' lang='lat'><strong>54&#39;.</strong></span> <span class='ocrx_word' id='word_1_804' title='bbox 3203 5685 3493 5755; x_wconf 82' lang='lat' dir='ltr'><strong>utrobique</strong></span> <span class='ocrx_word' id='word_1_805' title='bbox 3545 5684 3649 5739; x_wconf 82' lang='lat' dir='ltr'><strong>mi-</strong></span> 
     </span>
    </p>
   </div>
   <div class='ocr_carea' id='block_1_117' title="bbox 2097 5755 3124 5826">
    <p class='ocr_par' dir='ltr' id='par_1_117' title="bbox 2097 5755 3124 5826">
     <span class='ocr_line' id='line_1_120' title="bbox 2097 5755 3124 5826; baseline 0.003 -20"><span class='ocrx_word' id='word_1_806' title='bbox 2097 5769 2200 5809; x_wconf 89' lang='lat' dir='ltr'><strong>nus</strong></span> <span class='ocrx_word' id='word_1_807' title='bbox 2225 5770 2386 5826; x_wconf 87' lang='lat' dir='ltr'><strong>quam</strong></span> <span class='ocrx_word' id='word_1_808' title='bbox 2418 5755 2595 5808; x_wconf 88' lang='lat' dir='ltr'><strong>lucida</strong></span> <span class='ocrx_word' id='word_1_809' title='bbox 2625 5770 2743 5824; x_wconf 71' lang='lat' dir='ltr'><strong>qua:</strong></span> <span class='ocrx_word' id='word_1_810' title='bbox 2771 5763 2854 5809; x_wconf 91' lang='lat' dir='ltr'><strong>est</strong></span> <span class='ocrx_word' id='word_1_811' title='bbox 2880 5755 2932 5809; x_wconf 92' lang='lat' dir='ltr'><strong>in</strong></span> <span class='ocrx_word' id='word_1_812' title='bbox 2956 5755 3124 5811; x_wconf 82' lang='lat' dir='ltr'><strong>latere</strong></span> 
     </span>
    </p>
   </div>
  </div>
