3928 6266
208 370 343 426 1053

1241 362 1602 421 HlPPARCHl
1635 360 1725 417 AD
1754 340 2196 418 Pii/mouens
2226 353 2353 411 ιω.
2382 351 2423 407 ι.

3300 339 3433 398 1051

201 488 264 556 τῇ
294 484 539 557 πτέρυγι
572 481 910 557 βορειότερός
934 483 1049 535 ἐστι
1077 478 1170 534 τοῦ
1203 466 1512 551 ἰσημερινοῦ
1540 474 1647 546 μοί.
1672 478 1775 541 κγ’⁶

1904 487 1937 524 ιι
1968 469 2305 526 extremitate
2336 465 2452 525 alae,
2481 460 2754 519 borealior
2802 467 2881 516 est
2917 456 3277 530 equinoctiali
3310 473 3436 528 par-

203 573 293 632 τοῦ
325 574 386 629 δὲ
418 574 687 647 Ὄρνιθος
718 574 780 629 τὺ
812 574 909 645 μὲν
942 571 1138 646 ῥύγχος
1174 568 1505 641 βορειότερόν
1543 568 1656 621 ἐστι
1686 564 1779 619 τοῦ

206 664 537 738 ίσημερινοῢ
570 665 679 738 μοί.
713 671 787 718 κε’
820 664 915 719 καὶ
942 669 1047 731 κγ”
1075 664 1103 716 6
1124 660 1179 715 δὲ
1206 659 1457 731 ἐχόμενος
1482 656 1665 716 αὐτοῦ,
1690 656 1782 708 καὶ

207 759 279 824 t'o;
310 759 377 812 ἂν
403 760 432 812 6
456 759 520 811 ὲν
548 756 628 828 τῷ
654 756 884 829 λάρυγγι
912 756 1181 824 κείμενος,
1203 748 1530 823 βορειότερός
1552 749 1664 802 ὲστι
1691 747 1782 800 τοῦ

209 848 539 921 ίσημερινοῦ
570 848 679 919 μοί.
706 848 808 900 λα’.
839 845 1005 916 Δῆλον
1029 841 1140 905 οὖν,
1162 846 1242 898 ὅτι
1266 841 1387 897 οὔτε
1405 842 1439 912 ἠ
1462 839 1669 911 κεφαλὴ
1691 838 1783 892 τοῦ

211 939 470 1013 Ὄρνιθος
511 939 638 994 οὒτε
681 942 708 994 6
740 938 1007 1011 τράχηλος
1050 934 1268 990 δύναται
1314 935 1405 988 ἐπὶ
1435 932 1528 1013 τοῦ
1574 930 1783 1004 θερινοῦ

208 1029 477 1101 τροπικοῦ
510 1028 722 1084 κεῖσθαι
748 1028 967 1083 κύκλου.
1458 1007 1474 1021 “

289 1120 455 1192 Ἑξῆς
484 1119 547 1175 δέ
580 1135 762 1191 φησιν.

282 1273 297 1288 .
332 1272 346 1286 .
373 1271 389 1286 .
432 1273 447 1287 .
483 1272 499 1287 .
544 1271 558 1284 .
599 1270 613 1285 .
640 1270 654 1287 .
675 1269 688 1282 .
715 1273 727 1284 .
751 1270 764 1284 .
801 1229 976 1284 καλθί
1004 1228 1053 1282 τ’
1097 1227 1415 1296 Ὀφιούχεοι
1436 1218 1577 1293 ὦμοι

279 1303 486 1358 Αὑτὸν
515 1302 851 1356 δινεύονται
883 1295 1239 1368 ἐληλαμένοι
1270 1296 1400 1364 περὶ
1429 1295 1678 1349 κύκλον.

225 1416 312 1470 Ἐν
330 1413 391 1468 δὲ
413 1413 632 1478 τούτοις
653 1412 850 1476 τελέως
877 1413 1077 1480 ἀγνοεῖ.
1107 1408 1226 1463 Τῶν
1246 1407 1353 1478 γάρ
1381 1404 1472 1459 τοῦ
1504 1402 1785 1475 Ὀφιούχου

213 1504 380 1580 ὤμων
415 1507 446 1559 6
481 1496 591 1577 μὲν
617 1504 785 1570 δεξιὸς
819 1502 995 1575 πολλῷ
1038 1488 1217 1570 ἔγγιον
1254 1502 1431 1553 κεῖται
1460 1497 1552 1551 τοῦ
1594 1499 1785 1567 ἰσημε-

217 1598 365 1671 ρινοῦ
387 1598 541 1669 ἢπερ
563 1595 657 1649 τοῦ
686 1593 970 1668 τροπικοῦ·
1005 1596 1033 1647 ὁ
1060 1592 1115 1646 δὲ
1144 1590 1424 1664 ἀριστερὸς
1445 1589 1609 1660 τρίτῳ
1634 1586 1786 1657 μέρει

216 1686 332 1751 ἑνὸς
355 1685 555 1751 ζωδίου
581 1683 891 1757 νοτιώτερός
915 1684 1030 1737 ἔστι
1053 1680 1145 1734 τοῦ
1168 1677 1444 1752 τροπικοῦ.
1479 1677 1536 1730 '0
1563 1676 1658 1747 μὲν
1680 1674 1787 1746 γὰρ

1887 561 2032 617 tibus
2061 560 2164 626 25;
2206 565 2262 613 at
2291 555 2460 628 Cygni
2490 560 2728 609 rostrum
2772 551 3042 606 borealius
3079 556 3164 606 est
3190 547 3434 618 aequino-

1885 654 2034 711 ctiali
2063 651 2134 708 25
2161 659 2215 707 et
2241 651 2313 705 25
2342 669 2356 705 :
2389 647 2515 703 huic
2545 646 2750 712 citima,
2775 653 2829 699 et
2859 643 2913 697 in
2943 650 3155 714 gutture
3184 639 3439 712 quodam-

1888 747 2045 801 modo
2094 745 2305 816 posita,
2361 739 2628 796 borealior
2668 747 2753 794 est
2797 734 3158 807 aequinoctiali
3193 731 3437 804 partibus

1884 839 1973 895 51.
2002 838 2179 904 Quare
2212 833 2556 907 perspicuum
2576 835 3038 899 cstneqne.caput
3057 823 3439 896 Cygni,neque

1887 932 2084 987 collum
2121 929 2176 983 in
2212 929 2422 997 tropico
2460 923 2649 980 aestivo
2679 921 2885 978 circulo
2909 934 3068 991 posse
3089 915 3364 974 constitui.

1958 1104 2162 1161 Exinde
2189 1104 2379 1160 scribit
2405 1106 2602 1156 Aratus

1961 1260 1976 1275 .
2055 1259 2069 1275 .
2145 1256 2162 1272 .
2216 1214 2558 1286 pra’clurique
2583 1207 3058 1286 Opltiucliihumeri

1962 1289 2143 1369 Ipsum
2173 1277 2443 1342 uoluuntur
2470 1277 2658 1339 imitati
2681 1282 2822 1334 circa
2848 1277 3037 1330 orbem.

1958 1400 2016 1456 in
2042 1399 2243 1471 quibus
2275 1397 2431 1468 plena
2457 1401 2539 1449 est
2580 1390 2729 1446 illius
2777 1387 3011 1444 inscitia.
3065 1383 3198 1439 Nam
3254 1385 3445 1441 dexter

1883 1494 2144 1549 humerus
2184 1487 2449 1560 Ophiuehi
2480 1487 2635 1555 longe
2683 1480 3037 1552 propinquior
3075 1486 3159 1534 est
3201 1478 3441 1548 aequino-

1885 1584 2034 1641 ctiali
2083 1597 2246 1655 quam
2299 1580 2537 1650 tropico;
2598 1576 2819 1631 sinister
2865 1580 3044 1628 autem
3091 1571 3251 1629 unius
3302 1569 3444 1640 signi

1886 1678 2084 1734 triente
2128 1673 2420 1729 australior
2470 1678 2553 1726 est
2600 1670 2827 1738 tropico.
2878 1665 3085 1735 Quippe
3129 1662 3316 1717 dexter
3345 1661 3445 1715 hu-

217 1776 387 1842 δεξιὸς
438 1770 598 1847 ὦμος
650 1752 981 1847 βορειύτερός
1026 1774 1140 1826 ἐστι
1180 1769 1272 1825 τοῦ
1323 1764 1634 1839 ἰσημερινοῦ
1676 1764 1781 1836 μοί.

1904 1785 2073 1825 uerus
2093 1767 2362 1823 borealior
2380 1771 2463 1819 est
2482 1758 2847 1832 mquinoctiali
2872 1756 3114 1828 partibus
3136 1754 3354 1810 circiter
3376 1752 3443 1817 7;

219 1866 446 1936 ἔγγιστα
478 1866 524 1930 ζ’
543 1883 557 1894 ·
592 1864 620 1917 6
644 1865 701 1919 δὲ
730 1862 1009 1936 ἀριστερὸς
1039 1861 1114 1926 ὡς
1142 1861 1365 1931 ἔγγιστα
1398 1859 1506 1930 μοί.
1546 1862 1623 1912 ιε’.

297 1955 460 2027 Ἑξῆς
492 1955 553 2010 δέ
581 1971 765 2027 φησιν.
1480 1948 1483 1951 ’
1598 1970 1604 1975 ·

227 2066 287 2123 Ἡ
307 2065 363 2119 δ’
392 2067 613 2135 (uiror
642 2064 875 2135 φέρεται
901 2061 1232 2135 νοτιωτέρη,
1261 2061 1384 2135 οὐδ’
1414 2059 1718 2135 ἐπιᾼὸάζλει

215 2126 548 2205 Παρθένοξ,
585 2126 744 2190 ἀλλᾶ
785 2133 950 2193 Λέων
992 2133 1089 2187 καὶ
1120 2126 1430 2201 Καρκίνος·
1464 2132 1516 2184 οἱ
1550 2131 1666 2205 ,μὲν
1696 2126 1793 2195 ἄρ’

1543 2198 1716 2267 ἄμφω

228 2275 467 2342 Ἑξείης
491 2275 691 2329 κέαται
711 2272 1124 2341 βεϐολημένοι·
1150 2270 1335 2340 αὐτὰρ
1365 2273 1397 2342 ο
1427 2270 1652 2342 κύκλος

225 2335 333 2403 2⁸ὸῦ
508 2344 625 2399 ὑπὸ
656 2335 876 2412 στῆθος
907 2335 1004 2395 iul
1030 2335 1477 2412 γιιστέρᾱμέχρι
1497 2338 1629 2406 παρ’
1647 2335 1793 2391 αίδὼ

226 2500 456 2584 Fursa,
485 2499 676 2584 τὸνηδὲ
706 2497 1592 2584 διῃγεκέωςλῠπέιςερθε,Χελείου

223 2565 548 2641 Κὰρκίνον·
577 2565 677 2643 ᾗχι
678 2565 969 2693 guinem
999 2566 1375 2639 διχαιόμενόν
1406 2583 1474 2620 κε
1502 2565 1758 2634 νοήσαις

235 2642 464 2693 modo»
496 2642 573 2693 ἵν’
599 2645 673 2693 dcc
713 2640 888 2693 αλιιιὶ
922 2640 1148 2693 κύκλου
1175 2636 1487 2693 ἑκάτερθεν
1516 2636 1685 2689 ἴοιεν.

235 2636 464 2711 Ὀρυόνο
496 2636 888 2711 ἶν”ὃέεθαλμοὶ
922 2636 1148 2694 κύκλου
1175 2636 1487 2706 ἑκάτερθεν
1516 2636 1685 2689 ἴοιεν.

291 2753 489 2809 Ταῦτά
521 2771 611 2825 μοι
639 2754 785 2808 δοκεῖ
811 2750 1114 2826 συμφώνως
1138 2753 1250 2814 τοῖς
1281 2748 1620 2822 φαινομένοις
1642 2748 1795 2819 sip-qv

227 2846 397 2909 κέναι.
450 2846 568 2899 Τῶν
605 2863 664 2900 τε
706 2846 812 2918 γὰρ
848 2847 905 2899 ὲν
931 2844 1009 2917 τῷ
1041 2842 1224 2915 στήθει
1255 2840 1349 2896 τοῦ
1377 2840 1602 2904 Λέοντος
1632 2841 1660 2892 6
1693 2839 1793 2910 μὲν

233 2936 551 3002 νοτιωτατος
580 2937 672 2990 καὶ
696 2935 1092 3007 λαμπρότατος,
1124 2934 1183 2987 ὃν
1213 2933 1275 3004 δή
1303 2950 1445 2995 τινες
1474 2933 1532 2985 ὲν
1569 2934 1635 3003 τῇ
1667 2947 1794 3002 καρσ

230 3029 313 3100 δία
344 3028 582 3090 τιθέασι,
634 3027 813 3099 μικρῴ
849 3025 1160 3098 νοτιώτερός
1187 3025 1304 3081 ἐστι
1329 3023 1423 3078 τοῦ
1456 3021 1733 3095 τροπικοῦ·
1763 3022 1795 3076 6

1888 1862 2110 1918 sinister
2144 1858 2391 1930 partibus
2426 1868 2590 1926 quam
2634 1851 2877 1923 proxime
2910 1847 2997 1903 15.

1954 1953 2165 2008 Rursus
2187 1949 2384 2005 Aratus
2417 1966 2432 2005 :

1893 2068 2063 2123 Paulo
2103 2075 2275 2121 autem
2300 2064 2467 2134 fertur
2489 2058 2775 2134 australior
2787 2073 2811 2134 ς
2849 2071 3008 2134 neque
3028 2052 3240 2134 attingit

1898 2122 2056 2209 Virgo
2080 2154 2098 2191 :
2128 2137 2217 2191 sed
2243 2122 2369 2199 Leo,
2396 2144 2444 2189 ct
2474 2132 2676 2188 Cancer
2692 2145 2712 2194 ;
2745 2127 2797 2182 hi
2823 2122 3030 2198 quidem
3057 2122 3212 2176 ambo

1892 2294 1974 2351 Ea:
1998 2295 2178 2349 ordine
2201 2292 2380 2362 jaceat
2413 2289 2596 2362 inserti
2619 2303 2637 2341 :
2670 2284 2758 2340 sed
2788 2281 3012 2337 circulus

1888 2346 2354 2435 iidemiidem
2405 2361 2497 2414 sub
2541 2368 2744 2429 pectore
2804 2363 2852 2408 et
2916 2360 3145 2435 uentre,r
3167 2362 3333 2431 usque
3378 2346 3447 2400 ad

2097 2416 2104 2417 ί
2158 2416 2193 2435 ’ν
2282 2416 2285 2417 ν
2543 2416 2553 2429 ’
3124 2416 3378 2490 [inguina

1891 2502 2082 2565 Secat;
2116 2497 2356 2552 continue
2379 2511 2497 2549 vero
2518 2492 2615 2565 sub
2640 2490 2799 2565 festa
3132 2559 3144 2565 _
3171 2556 3183 2565 .

1889 2556 2153 2627 Cancrum
2176 2582 2195 2621 :
2221 2567 2310 2621 ubi
2332 2565 2560 2619 maxime
2598 2561 2845 2630 bifariam
2873 2566 3067 2630 sectum
3096 2556 3275 2614 videas

1893 2642 2077 2705 Recte;
2115 2652 2173 2693 ut
2203 2635 2339 2692 oculi
2371 2652 2403 2689 a
2426 2632 2621 2687 circulo
2659 2639 2779 2685 eant
2809 2629 3071 2698 utrinque.

1958 2754 2086 2810 Haec
2112 2749 2486 2822 apparentium
2533 2744 2656 2800 ﬁdei
2703 2741 2956 2797 videntur
2996 2740 3064 2796 ab
3096 2740 3190 2798 illo
3221 2756 3454 2798 consen-

1891 2855 2046 2903 tanee
2073 2844 2236 2899 dicta.
2280 2840 2416 2896 Nam
2460 2850 2648 2893 earum
2695 2848 2816 2904 quae
2864 2832 2920 2886 in
2954 2840 3175 2901 pectore
3222 2829 3453 2897 Leonis,

1892 2944 2507 3009 australissitna,,quam
2538 2932 2787 2990 nonnulli
2818 2931 2873 2985 in
2922 2926 3089 2983 corde
3142 2924 3408 2980 collocant
3432 2961 3454 2990 ,

1891 3038 2053 3109 paulo
2087 3041 2171 3091 est
2197 3030 2487 3087 australior
2516 3026 2763 3096 tropico;
2791 3035 2910 3092 quae
2938 3035 3066 3075 vero
3108 3024 3232 3088 post
3275 3015 3450 3085 ipsam

230 3118 285 3171 δὲ
328 3118 474 3189 μετά
510 3116 695 3173 τοῦτον
737 3117 872 3188 πρὸς
911 3117 1011 3181 τὰς
1047 3117 1277 3189 ἄρκτους
1342 3114 1506 3169 αὑτοῦ
1548 3114 1793 3187 κείμενος

1904 3106 1962 3186 id
1992 3124 2411 3198 septentrionem
2441 3119 2729 3191 positaest.
2745 3115 2905 3184 paulo
2919 3119 3002 3167 est
3031 3106 3321 3164 australior
3341 3113 3457 3160 tro-

237 3209 421 3282 μικρῴ
450 3207 782 3283 βορειότερος
808 3206 901 3260 τοῦ
933 3205 1144 3280 θερινοῦ
1171 3204 1451 3278 τροπικοῦ·
1479 3205 1572 3259 καὶ
1598 3204 1707 3258 τῶν
1739 3206 1796 3258 ὲν

234 3304 340 3366 τοῖς
380 3304 602 3374 μηροῖς,
640 3301 735 3354 καὶ
767 3298 979 3353 σκέλεσι
1009 3297 1102 3351 τοῦ
1132 3297 1358 3361 Λέοντος
1383 3297 1424 3351 δ’
1458 3296 1743 3368 λαμπρῶν,
1770 3297 1800 3348 6

245 3393 339 3465 μὶν
381 3392 637 3465 δεύτερος
678 3394 772 3447 ἀπ’
829 3390 1030 3463 ἄρκτου
1079 3391 1135 3442 ἐν
1168 3392 1278 3452 τοῖς
1323 3390 1516 3460 μηροῖς
1553 3388 1801 3458 κείμενος

240 3484 574 3557 βορειότερός
612 3487 725 3538 ἐστι
753 3482 847 3536 τοῦ
889 3478 1149 3555 τροπικοῢ
1172 3496 1186 3511 ·
1229 3483 1258 3534 6
1297 3480 1354 3537 δὲ
1391 3480 1593 3556 τρίτος,
1624 3479 1716 3532 καὶ
1743 3479 1801 3533 ὲν

238 3579 348 3641 τοῖς
381 3576 597 3630 σκέλεσι
620 3576 884 3646 κείμενος,
916 3569 1230 3642 νοτιώτερός
1255 3572 1369 3624 ἐστι
1396 3569 1488 3623 τοῦ
1516 3567 1798 3642 τροπικοί

241 3670 408 3741 Δῆλον
439 3664 550 3734 οὖν,
582 3668 661 3722 ὅτι
690 3666 779 3720 διά
808 3667 1010 3737 μήκους
1053 3665 1142 3719 ὑπ’
1178 3662 1341 3717 αὑτοῦ
1371 3665 1400 3715 6
1432 3661 1580 3714 Λέων
1609 3660 1799 3730 τέμνε-

240 3778 326 3819 ται
361 3761 467 3816 ὑπὸ
502 3761 564 3814 τὸ
603 3758 797 3831 στῆθος
832 3758 927 3817 καὶ
967 3758 1064 3829 τὴν
1115 3756 1333 3826 λαγόνα.
1386 3753 1507 3807 Τῶν
1552 3752 1597 3806 δ’
1637 3755 1695 3806 ὲν
1725 3751 1804 3824 τῷ

241 3854 500 3927 Καρκίνῳ
540 3852 804 3923 ἀστέρων,
838 3849 944 3904 τῶν
986 3849 1116 3921 περὶ
1145 3848 1205 3901 τὸ
1247 3845 1489 3915 νεφέλιον
1539 3844 1805 3914 κειμένων

242 3946 518 4018 τεσσάρων
548 3947 577 3998 6
617 3944 713 4015 μὲν
758 3939 1073 4012 νοτιώτερός
1116 3940 1232 3992 ἐστι
1277 3934 1371 3991 τοῦ
1414 3933 1672 4006 τροπικοῦ
1705 3934 1804 3991 οὐκ

243 4034 516 4106 ἐλασσονῆ
548 4033 656 4105 μοί.
678 4038 753 4086 α¹⁶
780 4034 809 4085 6
831 4031 887 4085 δὲ
915 4028 1247 4103 βορειότερος
1269 4026 1447 4081 αὐτῶν
1474 4024 1705 4098 βορειότε
1716 4024 1806 4097 ρός

244 4129 357 4183 ἐστι
385 4126 479 4183 τοῦ
511 4123 767 4200 τροπικοῦ
812 4122 1022 4196 θερινοῦ
1057 4122 1280 4176 ἔλασσον
1311 4121 1344 4193 ἢ
1377 4120 1486 4192 μοι.
1520 4125 1567 4173 α’
1599 4118 1663 4150 ⁸⁵⁸
1697 4117 1807 4172 τῶν

241 4220 282 4274 δ’
305 4219 399 4276 ἀπ’
422 4219 685 4290 ἀνατολῆς
704 4216 833 4289 περὶ
854 4215 914 4269 τὸ
933 4214 1178 4284 νεφέλιον
1203 4212 1471 4283 κειμένων
1496 4210 1538 4281 β(
1562 4209 1805 4280 ἀστέρων

242 4314 269 4366 6
296 4314 395 4386 μὲν
426 4311 741 4384 νοτιώτερος
771 4310 857 4362 ἐπ’
877 4306 1039 4363 αὐτοῦ
1076 4306 1260 4378 σχεδὸν
1290 4308 1466 4360 κεῖται
1495 4302 1589 4357 τοῦ
1616 4318 1805 4375 τροπιο

251 4406 369 4461 κοῦ·
400 4409 430 4461 6
466 4405 522 4460 δὲ
557 4404 888 4478 βορειότερος
945 4401 1036 4456 καὶ
1078 4399 1212 4472 πρὸς
1238 4397 1338 4462 τὰς
1372 4397 1605 4470 ἄρκτους
1640 4394 1803 4449 αὐτοῦ

243 4496 436 4568 ἀπέχει
473 4470 584 4567 μοί.
614 4470 690 4559 ὧς
718 4470 942 4563 ἔγγιστα
978 4491 1023 4562 β’
1054 4470 1138 4547 S”.
1171 4489 1339 4560 Δῆλον
1376 4484 1488 4547 οὖν,
1525 4487 1606 4540 ὅτι
1632 4486 1726 4539 καὶ
1745 4484 1808 4537 τὸ
1835 4470 1878 4524 Ῑ)

245 4592 371 4664 περὶ
390 4592 482 4644 τὸν
501 4590 772 4663 Καρκίνον
793 4585 1096 4657 συμφώνως
1117 4582 1341 4653 ἔγγιστα
1364 4579 1668 4638 ἀποδέδωκε
1689 4580 1803 4641 soi"

243 4682 602 4754 φαινομένοις.

308 4775 640 4848 Διαληπτέον
671 4771 850 4845 μέντοι
881 4787 966 4839 γε,
1013 4770 1094 4823 δτι
1136 4767 1205 4821 τὰ
1248 4766 1375 4840 περὶ
1402 4764 1495 4819 τοῦ
1528 4762 1802 4833 Καρκίνου

245 4868 337 4924 καί⁹
362 4868 457 4923 τοῦ
484 4868 731 4929 Λέοντος,
771 4864 866 4918 καὶ
890 4861 1184 4935 Παρθένον,
1209 4861 1304 4915 καὶ
1332 4858 1457 4922 τοὺς
1483 4856 1577 4911 τοῦ
1605 4857 1802 4910 Ἵππου

245 4961 429 5025 πόδας,
457 4959 536 5013 ἔτι
565 4958 623 5012 δὲ
647 4957 741 5011 καὶ
763 4955 830 5009 τὰ
856 4954 983 5025 περὶ
1008 4954 1099 5006 τὸν
1129 4951 1362 5023 Περσέα,
1392 4949 1486 5002 καὶ
1516 4947 1586 5002 τὰ
1603 4947 1806 5017 γόνατα

243 5054 335 5111 τοῦ
369 5054 636 5124 Ἠνιόχου,
658 5052 753 5104 καὶ
769 5049 867 5114 τὰς
888 5046 1128 5118 κεφαλὰς
1151 5044 1257 5098 τῶν
1278 5042 1545 5114 Διδύμων,
1574 5041 1655 5094 ἔτι
1677 5038 1809 5111 πρό-

244 5164 399 5220 τερον
438 5146 663 5218 Ἀράτου
698 5140 922 5206 Εὔδοξος
959 5137 1357 5208 ἀναγέγραφεν
1392 5128 1437 5202 ᾧ
1468 5133 1560 5187 καὶ
1586 5129 1805 5202 νομίζο-

248 5254 345 5309 μεν
377 5233 905 5306 κατηκολουθηκέναι
948 5230 1040 5284 τὸν
1081 5229 1334 5301 Ἄρατον.
1377 5225 1483 5280 Τοῦ
1527 5224 1707 5295 μέντοι
1744 5238 1808 5291 γε

257 5329 540 5402 Ὀφιούχου
566 5329 665 5401 τὴν
692 5323 951 5396 κεφαλὴν,
984 5323 1075 5377 καὶ
1113 5321 1233 5391 οὐχὶ
1266 5319 1391 5382 τοὺς
1422 5315 1604 5387 ὤμους
1643 5314 1806 5384 φησὶν

247 5419 469 5485 Εὔδοξος
495 5419 588 5473 ἐπὶ
618 5418 710 5473 τοῦ
737 5414 997 5489 τροπικοῦ
1021 5413 1251 5469 κεῖσθαι’
1274 5413 1409 5483 ὅπερ
1442 5410 1560 5464 ἐστὶ
1595 5408 1691 5480 μὲν
1714 5406 1808 5461 καὶ

248 5512 377 5566 αὐτὸ
399 5511 610 5582 ψεῦδος·
642 5508 943 5578 συνεγγίζει
968 5507 1150 5572 μέντοι
1173 5504 1252 5576 τῷ
1273 5502 1569 5576 τροπικῷὴ
1596 5499 1806 5571 κεφαλὴ

253 5602 449 5671 μᾶλλον
479 5599 513 5669 ἦ
545 5593 702 5671 ὦμοι·
731 5596 1022 5670 νοτιωτέρα
1051 5595 1160 5666 γάρ
1197 5596 1313 5647 ἐστι
1349 5590 1441 5646 τοῦ
1472 5589 1682 5666 θερινοῦ
1713 5588 1808 5652 τοῦ

323 5776 368 5813 ⁸⁵
395 5776 512 5847 Reg.
553 5777 644 5831 καὶ
670 5781 736 5829 κ’.
812 5776 856 5808 ⁸⁸
878 5792 965 5843 γρ.
1003 5780 1071 5839 α’,
1103 5771 1153 5828 ι’.

1898 3222 2020 3293 pico
2041 3197 2250 3281 aestivo,
2284 3223 2396 3268 tum
2432 3228 2500 3269 ex
2527 3211 2596 3265 iis
2624 3223 2744 3279 quae
2768 3206 2835 3260 ad
2868 3204 3092 3265 femora,
3124 3212 3352 3271 quaeque
3391 3197 3451 3252 in

1901 3289 2099 3368 Leonis
2128 3308 2382 3365 cruribus
2414 3310 2540 3360 sunt
2568 3309 2801 3373 quatuor
2822 3296 3047 3363 lucidte;
3076 3291 3313 3350 secunda
3338 3289 3461 3360 qui-

1899 3404 2023 3459 dem
2058 3417 2089 3456 a
2118 3398 2485 3470 septentrione
2534 3394 2588 3449 in
2635 3390 2933 3448 femoribus
2982 3387 3159 3457 posita
3192 3380 3459 3437 borealior

1899 3502 1983 3552 est
2011 3492 2252 3563 tr0pico;
2278 3491 2437 3545 tertia
2458 3501 2608 3549 vero,
2636 3499 2758 3554 quae
2787 3481 2948 3537 estin
2975 3476 3246 3538 cruribus,
3268 3471 3457 3529 eodem

1901 3584 2109 3655 tropico
2130 3591 2213 3638 est
2239 3578 2548 3635 australior.
2580 3573 2719 3629 Hinc
2741 3569 2963 3628 evidens
2988 3575 3072 3622 est
3099 3564 3333 3620 Leonem
3372 3576 3462 3618 se-

1901 3676 2138 3732 cundum
2162 3670 2555 3742 longitudinem
2588 3666 2657 3721 ab
2687 3664 2780 3719 illo
2810 3660 3019 3717 circulo
3052 3657 3157 3713 sub
3203 3661 3458 3726 pectore.

1902 3771 2176 3839 ilibusque
2208 3764 2395 3820 dividi.
2451 3762 2721 3817 Craterum
2767 3757 2836 3813 de
2883 3761 3119 3826 quatuor
3167 3749 3234 3805 iis
3288 3744 3462 3804 stellis

1902 3875 2024 3933 qua:
2059 3865 2187 3914 sunt
2210 3857 2267 3911 in
2294 3854 2508 3910 Cancro
2551 3851 2696 3906 circa
2725 3845 3047 3907 nubeculam
3069 3883 3086 3910 ,
3117 3839 3223 3895 alia
3254 3844 3338 3894 est
3363 3852 3463 3891 au-

1904 3950 2126 4009 stralior
2181 3946 2393 4018 tropico
2431 3959 2541 3999 non
2579 3942 2760 3996 minus
2798 3945 2951 4009 parte
2982 3935 3053 4002 i;
3114 3946 3235 4004 quae
3282 3935 3464 3985 autem

1904 4043 2178 4102 borealior
2205 4047 2289 4097 est
2317 4036 2663 4099 earumdem,
2715 4032 2925 4102 tr0pico
2954 4025 3161 4085 circulo
3194 4021 3465 4079 borealior

1904 4139 1989 4188 est
2027 4131 2207 4185 minus
2232 4124 2434 4198 parte!
2468 4142 2483 4192 ;
2515 4123 2797 4179 ambarum
2822 4132 2974 4179 vero,
3006 4130 3127 4186 qua:
3159 4113 3226 4168 ab
3254 4112 3466 4167 oriente

1905 4225 2051 4279 circa
2085 4219 2408 4277 nubeculam
2449 4217 2567 4272 sitae
2599 4223 2746 4279 sunt,
2776 4209 3066 4265 australior
3103 4206 3160 4261 in
3201 4204 3319 4276 ipso
3342 4216 3467 4274 pro-

1906 4332 1971 4387 pe
1992 4314 2204 4385 trapico
2233 4311 2498 4367 collocata
2520 4314 2599 4362 est
2623 4322 2637 4372 ;
2664 4303 2936 4359 borealior
2965 4298 3166 4361 autem,
3202 4303 3257 4351 et
3285 4293 3351 4348 ad
3383 4309 3468 4350 se-

1908 4383 2239 4478 ptentriones
2283 4414 2510 4471 vergens
2539 4399 2693 4451 abest
2738 4395 2806 4449 ab
2833 4393 3021 4448 eodem
3074 4387 3324 4461 partibus
3355 4383 3467 4440 fere

1909 4476 1943 4555 Ξ
1969 4498 2093 4570 ιβ.
2125 4496 2318 4565 Liquet
2348 4505 2477 4561 ergo
2498 4505 2618 4560 qua:
2633 4489 2699 4542 de
2725 4485 2936 4541 Cancro
2977 4499 3007 4537 a
3053 4489 3210 4554 poeta
3256 4476 3467 4549 prodita

1909 4598 2056 4652 sunt,
2085 4602 2246 4659 quam
2291 4584 2536 4657 proxime
2569 4580 2636 4635 ad
2682 4576 3061 4650 apparentium
3094 4571 3471 4644 experimenta

1907 4695 2230 4752 congruere.

1980 4750 2072 4827 Sic
2094 4777 2177 4827 est
2205 4776 2383 4824 autem
2406 4760 2826 4821 existimandum
2858 4758 2927 4814 de
2963 4755 3207 4817 Cancro,
3253 4750 3468 4815 Leone,

1911 4863 2154 4934 Virgine,
2184 4859 2322 4929 Equi
2354 4856 2582 4926 pedibus
2615 4872 2628 4908 :
2661 4866 2872 4907 necnon
2897 4848 2964 4903 de
2987 4846 3207 4903 Perseo.
3239 4840 3469 4910 genibus

1910 4931 2195 5012 Heniochi,
2237 4946 2590 5002 Geminorum
2629 4940 2932 5011 capitibus,
2990 4936 3143 5008 prius
3185 4931 3471 4987 Eudoxum

1910 5045 2076 5098 Arato
2119 5039 2407 5109 scripsisse
2436 5055 2451 5093 :
2487 5035 2623 5090 adeo
2652 5042 2711 5087 ut
2758 5032 2846 5086 hic
2876 5031 3026 5084 illum
3055 5067 3069 5091 ,
3104 5041 3221 5081 mea
3248 5021 3468 5094 quidem

1911 5133 2201 5195 sententia,
2238 5131 2310 5187 sit
2340 5137 2581 5185 secutus.
2614 5125 2812 5181 Verum
2843 5119 3107 5193 Ophiuchi
3138 5123 3320 5187 caput,
3361 5126 3470 5167 non

1910 5224 2169 5279 humeros
2223 5223 2278 5276 in
2321 5221 2528 5290 tropico
2575 5232 2698 5273 esse
2749 5216 2883 5272 sitos
2913 5212 3169 5267 Eudoxus
3232 5204 3465 5261 asserit:

1910 5316 2053 5386 quod
2084 5323 2137 5369 et
2167 5317 2343 5386 ipsum
2372 5320 2456 5368 est
2490 5309 2705 5381 quidem
2756 5306 2985 5371 falsum;
3022 5301 3116 5358 sed
3147 5309 3323 5354 tamen
3356 5303 3467 5349 troo

1910 5410 2034 5480 pico
2059 5408 2294 5463 vicinius
2332 5413 2420 5461 est
2452 5402 2691 5459 humeris
2720 5407 2915 5470 caputr
2962 5396 3059 5453 Est
3090 5395 3233 5450 enim
3280 5388 3470 5447 aestivo
3569 5432 3579 5443 .

1913 5476 2122 5570 tropico
2156 5505 2363 5569 septem
2398 5494 2510 5549 fere
2542 5491 2791 5564 partibus
2813 5487 3131 5544 australius.
3160 5482 3331 5537 Porro
3357 5476 3468 5549 Cy-

1916 5567 2018 5660 gni“
2048 5567 2270 5655 collum,
2296 5592 2350 5642 et
2380 5584 2658 5641 sinistram
2708 5581 2847 5644 alam
2901 5581 2957 5636 in
3004 5575 3217 5648 tropico
3262 5567 3467 5628 circuit.
