3928 6266
301 270 471 327 1051»

1310 269 1676 329 HIPPABCHI
1710 271 1802 326 AD
1841 270 2288 328 PHENOMENA
2327 271 2454 328 LIB.
2493 274 2535 328 1.

3404 276 3427 330 1
3438 277 3542 334 058

395 382 707 453 Συνεγγίζει
734 383 792 436 δὲ
822 381 911 436 καὶ
937 381 1109 436 ταῦτα
1131 385 1196 455 τῇ
1213 384 1457 457 ἀληθείᾳ.
1489 386 1546 439 '0
1564 387 1622 440 δὲ
1655 387 1854 452 Εὔδοεο

2052 386 2181 454 Qua
2201 396 2328 441 sunt
2351 386 2562 441 veritati
2595 388 2861 456 proxima.
2888 386 3146 445 Eudoxus
3170 399 3349 446 autem
3367 432 3382 457 ,
3411 408 3534 447 cum

294 476 391 532 τὰ
417 477 514 547 μὲν
544 475 679 531 ἀλλα
720 476 914 546 ὁμοίως
945 477 1130 548 εἴρηκε
1149 493 1164 507 ο
1197 475 1308 530 τῶν
1336 477 1393 529 δὲ
1422 475 1616 548 Χηλῶν
1645 478 1714 532 τά
1741 479 1879 549 μέσα

298 567 486 640 φησιν
516 568 609 622 ἐπὶ
626 566 721 620 τοῦ
752 567 1062 640 ἰσημερινοῦ
1087 566 1321 629 κεῖσθαι,
1348 567 1441 622 τοῦ
1467 586 1526 622 τε
1567 570 1749 624 Ἀετοῦ
1782 571 1879 641 τὴν

296 656 615 731 ἀριστερὰν
638 657 901 730 πτέρυγα,
923 655 1100 711 τοῦδδὲ
1122 657 1317 712 Ἵππου
1342 659 1435 712 καὶ
1455 658 1553 730 τὴν
1572 659 1760 728 ὀσφὺν,
1788 659 1881 713 καὶ

296 753 398 806 ἔτι
428 751 540 805 τῶν
578 750 794 822 ’ἰχθύων
830 750 923 804 τὸν
978 749 1308 821 βορειότερον
1349 751 1546 805 αὐτῶν.
1589 750 1724 804 Οῠτε
1761 751 1817 804 δὲ
1849 743 1878 803 ὅ

313 843 513 908 ’Δετδς
534 842 808 896 ὲπιὸάλλει
834 842 912 914 τῷ
942 842 1257 914 ἰσημερινῷ.
1294 844 1323 897 δ
1348 859 1407 896 τε
1436 844 1528 897 ἐπὶ
1554 844 1652 914 τῆς
1680 844 1878 912 ὀσφύος

294 933 407 989 τοῦ
442 933 637 988 Ἵππου
669 932 998 1005 βορειότερός
1031 936 1144 987 ἐστι
1169 932 1263 988 τοῦ
1296 933 1607 1006 ἰσημερινοῦ
1630 935 1811 988 πλεῖον
1841 936 1875 1007 ἢ

296 1026 427 1097 μοι.
468 1032 520 1094 γ’
554 1024 648 1079 S’"
684 1025 713 1077 ὃ
759 1041 822 1094 γε
869 1026 975 1095 μὴν
1021 1024 1351 1098 βορειὸτερος
1387 1025 1496 1079 τῶν
1536 1025 1752 1097 Ἰχθύων
1784 1025 1873 1096 βο-

295 1116 586 1189 ρειότερός
616 1119 731 1170 ἐστι
770 1114 863 1169 τοῦ
900 1114 1215 1188 ἰσημερινοῦ
1246 1116 1470 1185 ἔγγιστα
1504 1117 1612 1187 μοί.
1640 1123 1688 1170 ι’.
1724 1117 1782 1170 '0
1815 1116 1873 1171 δὲ

296 1209 577 1272 ’Ἄτταλος
613 1209 740 1280 περὶ
766 1208 873 1261 τῶν
900 1211 958 1262 ὲν
995 1211 1106 1272 τοῖς
1134 1209 1440 1280 εἰρημένοις
1471 1208 1690 1273 κύκλοις
1716 1210 1874 1263 ἀστέ-

294 1319 423 1373 ρων
437 1300 527 1355 τὸν
545 1301 642 1372 μὲν
656 1299 794 1354 κατά
813 1300 970 1372 μέρος
985 1299 1141 1369 λόγον
1157 1299 1530 1372 παραπέμπει·
1548 1300 1658 1371 (68)
1671 1301 1871 1372 γράφει

288 1393 363 1447 δὲ
388 1392 595 1449 ταῦτα·
625 1412 643 1444 ‹
685 1393 772 1446 Ἐν
801 1386 883 1456 οἷς
922 1392 977 1445 δὲ
1025 1391 1277 1462 διασαφεῖ
1311 1391 1395 1444 διὰ
1435 1392 1595 1445 τίνων
1628 1392 1869 1463 ἀστέρων

288 1485 538 1548 ἔκαστος
562 1483 671 1539 τῶν
696 1491 744 1553 γ’
776 1482 1130 1556 παραλλήλων
1170 1470 1343 1554 διήκει
1374 1482 1418 1535 δ’
1453 1482 1483 1535 ὃ
1510 1482 1868 1554 παραπέμπει

285 1577 629 1649 ὁλοσχερῶς,
654 1577 716 1631 οὐ
751 1575 1060 1646 δυναμένων
1090 1573 1394 1647 διέρχεσθαι
1424 1572 1533 1628 τῶν
1564 1573 1776 1628 κύκλων
1799 1568 1866 1627 δι’

289 1664 382 1725 ὧν
414 1688 577 1743 φησιν
605 1671 844 1742 ἀστέρων
877 1670 1071 1732 αὐτοὺς
1096 1667 1320 1740 διήκειν,
1343 1667 1432 1721 διὰ
1454 1667 1514 1720 τὸ
1537 1666 1867 1738 παρηκολου-

1979 477 2035 530 in
2064 476 2285 545 reliquis
2307 492 2412 531 non
2437 477 2747 542 dissentiat,
2777 476 3068 533 Chelarum
3104 482 3341 536 medium
3372 483 3447 536 ait
3479 484 3536 539 in

1976 567 2340 637 aequinoctiali
2360 568 2522 622 situm
2547 583 2703 634 esse;
2726 582 2834 622 una
2857 583 2981 621 cum
3008 570 3334 626 ala-sinistra
3362 572 3537 643 Aqui.

1976 660 2041 714 la:
2068 678 2081 713 :
2118 673 2220 713 nec
2242 673 2351 712 non
2379 658 2509 728 Equi
2535 659 2776 712 lumbum
2798 666 2853 713 et
2878 657 3116 714 Piscium
3149 662 3529 718 Lorealiorem.

1977 749 2174 805 Verum
2198 765 2302 805 nec
2336 750 2529 820 Aquila
2560 751 2826 820 contingit
2850 752 3303 821 aequinoctialem,
3330 762 3383 808 et
3413 771 3533 825 quae

1976 840 2239 896 in-lumbo
2264 848 2347 896 est
2383 840 2542 912 Equi,
2592 841 2863 896 borealior
2885 850 2969 897 est
3016 844 3252 912 amplius
3285 845 3532 912 partibus

1975 932 2009 986 3
2033 931 2158 1003 1/2;
2191 931 2461 986 borealior
2475 946 2604 987 vero
2623 930 2854 987 Piscium
2871 933 3229 1002 aquinoctiali
3267 934 3532 991 borealior

1984 1031 2070 1078 est
2098 1022 2342 1093 partibus
2375 1023 2591 1077 circiter
2615 1023 2701 1079 10.
2733 1023 2945 1079 Attalus
2966 1034 3141 1079 autem
3177 1026 3379 1083 omissa
3407 1043 3531 1098 par-

1974 1114 2194 1169 ticulari
2218 1114 2585 1185 disputatione
2614 1114 2681 1170 de
2715 1115 2799 1170 his
2838 1116 3028 1180 stellis,
3059 1131 3180 1186 qua
3208 1117 3263 1171 in
3304 1118 3530 1174 circulis

1972 1205 2185 1270 insunt,
2215 1220 2353 1276 quos
2376 1218 2539 1276 supra
2564 1206 3006 1272 memoravimus,
3040 1206 3113 1261 ita
3143 1206 3332 1263 scribit
3357 1226 3371 1263 :
3406 1227 3426 1259 ¢
3452 1209 3527 1263 Ea

1971 1311 2119 1364 vero,
2150 1296 2205 1351 in
2228 1297 2425 1367 quibus
2444 1297 2699 1367 explicat,
2725 1313 2820 1368 per
2851 1312 3113 1368 quasnam
3136 1300 3319 1355 stellas
3345 1308 3526 1356 trans-

1966 1397 2053 1444 eat
2092 1389 2318 1459 quilibet
2358 1388 2522 1443 trium
2555 1389 2934 1458 parallelorum
2961 1393 3051 1414 "“
3075 1405 3200 1444 cum
3250 1392 3285 1445 ii
3328 1392 3525 1449 circuli

1970 1494 2067 1550 per
2089 1494 2184 1535 eas
2217 1479 2453 1534 transire
2487 1479 2673 1535 stellas
2700 1486 2993 1550 nequeant,
3022 1493 3159 1549 quas
3192 1480 3283 1535 ille
3311 1479 3522 1536 deseri-

1968 1571 2069 1636 bit,
2096 1587 2352 1628 enarrare
2384 1570 2589 1626 idcirco
2630 1572 2814 1638 nolui;
2846 1572 2989 1642 quod
3030 1587 3216 1627 eorum
3256 1582 3314 1627 tu
3342 1574 3524 1629 scien-

1968 1663 2101 1718 tiam
2146 1678 2211 1718 εκ
2244 1678 2380 1725 usu,
2434 1663 2862 1732 tractationeque
2899 1663 3127 1732 dioptrae
3179 1662 3255 1717 sis
3296 1678 3519 1717 assecu-

288 1731 534 1834 θηκέναι
579 1778 659 1825 σε,
697 1731 785 1814 δίά
826 1760 923 1831 τῆς
967 1731 1222 1831 διόπρας
1266 1731 1685 1827 ἐπεσκεμμένον
1706 1754 1854 1821 αὐτὰ1

1967 1761 2075 1808 tus.
2109 1772 2128 1806 ι
2149 1747 2350 1808 Verum
2376 1752 2430 1806 id
2457 1752 2511 1806 in
2545 1751 2735 1817 primis
2764 1731 3066 1822 oportebat,
3088 1752 3170 1807 vel
3200 1760 3520 1808 caeterorum

287 1854 531 1927 παρῆκα
564 1854 659 1907 νῦν
686 1852 984 1922 διασαφεῖν.
1018 1871 1035 1902 ι
1073 1850 1292 1922 Πρῶτον
1339 1849 1437 1920 μὲν
1476 1844 1570 1902 οὖν
1620 1847 1727 1901 ἔδει
1772 1847 1867 1902 καὶ

285 1944 408 2001 τῶν
430 1945 632 2000 λοιπῶν
668 1946 826 2017 χάριν
856 1944 963 1997 τῶν
1007 1941 1471 2014 φιλομαθούντων,
1518 1939 1673 2011 εἴπερ
1721 1956 1865 2011 παρ-

284 2040 602 2113 ηγρλούοει,
635 2037 903 2104 ὑποδεῖξαι
932 2035 1071 2099 τίνες
1108 2051 1167 2087 τε
1210 2033 1385 2088 αὐτῶν
1428 2031 1730 2103 νοτιώτεροι
1771 2031 1864 2085 καὶ

287 2125 628 2205 βορειότεροι
648 2129 925 2200 ἐφαίνοντο
944 2125 1038 2180 τοῦ
1055 2123 1262 2197 θερινοῦ
1285 2123 1564 2196 τροπικοῦ,
1584 2124 1678 2177 καὶ
1692 2124 1858 2192 πόσῳ’

285 2220 490 2275 ἔπειτα
516 2217 652 2291 πρὸς
684 2216 745 2270 τὸ
789 2214 921 2269 αύτδ
966 2213 1121 2268 τοῦτο
1170 2213 1327 2285 μόνον
1358 2212 1705 2284 κατανοῆσαι,
1728 2212 1860 2265 διότι

284 2310 355 2366 οὒ
387 2306 644 2383 φέρονται
674 2307 859 2361 κύκλοι
902 2304 989 2358 διὰ
1017 2303 1125 2358 τῶν
1161 2302 1462 2375 εἰρημένων
1504 2302 1859 2372 ἀστέρων,ζού

284 2397 458 2474 χρεῐα
511 2400 787 2470 διόπτρας.
834 2393 1020 2466 Πολλῷ
1066 2393 1175 2464 γὰρ
1227 2392 1335 2446 τῶν
1385 2393 1482 2462 μὲν
1531 2392 1860 2462 νοτιωτέρων

285 2490 673 2563 ὑπαρχόντων,
722 2486 830 2540 τῶν
865 2486 921 2539 δὲ
952 2484 1321 2556 βορειοτέρων,
1368 2481 1591 2535 αὐτόθεν
1636 2480 1860 2535 ἀναϐλέο

280 2582 457 2652 ψαντι
492 2578 722 2654 φανερὸν
766 2571 995 2648 γίνεται,
1027 2577 1157 2631 διότι
1187 2577 1246 2629 ού
1274 2574 1494 2630 δυνατὸν
1521 2573 1610 2628 διὰ
1638 2572 1746 2626 τῶν
1767 2572 1857 2626 λε-

282 2673 541 2745 γομένων
560 2669 800 2742 ἀστέρων
821 2668 1095 2738 γραφῆναι
1117 2666 1150 2737 ἢ
1180 2663 1269 2719 τὸν
1308 2663 1637 2736 ἰσημερινὸν,
1663 2662 1856 2734 ἧπαρ-

280 2762 522 2833 άλληλόν
545 2772 667 2815 τινα
698 2758 898 2813 τούτων
928 2757 1145 2811 κύκλον.

352 2849 506 2921 KQ”.
539 2851 720 2923 Χωρὶς
742 2849 798 2903 δὲ
822 2848 927 2923 τῶν
952 2847 1254 2921 εἰρημένων
1287 2843 1567 2915 γ’,κύκλων
1585 2843 1613 2896 ὁ
1633 2841 1857 2909 Εὔδοξος

281 2945 389 3001 καὶ
408 2943 536 3006 τοὺς
568 2942 660 2996 ἐπὶ
686 2939 780 2994 τοῦ
803 2937 1060 3012 ἀρκτικοῦ
1094 2937 1291 2993 κύκλου
1319 2935 1599 3007 κειμένους
1624 2934 1855 3006 ἀστέρας

1965 1844 2084 1911 eius
2111 1842 2374 1899 doctrinae
2413 1843 2784 1898 studiosorum
2816 1843 3010 1911 gratia,
3045 1843 3089 1897 si
3110 1843 3328 1912 quidem
3360 1844 3521 1898 intel-

1964 1935 2184 2008 ligebat,
2213 1948 2506 2004 exponere,
2553 1947 2673 2003 quae
2718 1940 2992 2004 quantove
3017 1947 3083 1987 ex
3113 1933 3181 1986 iis
3218 1934 3390 1989 stellis
3420 1949 3520 1987 au-

1961 2025 2260 2090 Straliores,
2303 2024 2384 2079 vei
2433 2023 2766 2079 borealiores
2810 2037 2934 2079 esse
2970 2021 3286 2079 viderentur
3327 2025 3517 2080 aestivo

1960 2116 2190 2188 tropico.
2222 2114 2440 2181 Deinde,
2475 2123 2532 2170 ut
2562 2115 2615 2170 id
2660 2114 3151 2187 comprehendatur
3191 2131 3383 2183 unum,
3421 2131 3519 2188 per

1959 2222 2052 2264 eas
2078 2208 2282 2271 stellas,
2314 2223 2434 2278 qua:
2455 2208 2773 2278 percensita:
2801 2218 3068 2274 sunt,non
3101 2206 3228 2262 duci
3255 2208 3514 2275 circulos,

1958 2300 2097 2355 nihil
2124 2314 2263 2372 opus
2297 2308 2382 2356 est
2419 2299 2654 2370 dioptra.
2686 2300 2819 2353 Cum
2848 2299 2994 2354 enim
3029 2299 3148 2353 alia
3177 2298 3320 2353 haud
3351 2299 3514 2369 paulo

1958 2390 2070 2446 sint
2111 2390 2488 2456 australiores,
2523 2391 2645 2446 aliae
2686 2390 3041 2450 borealiores,
3075 2389 3257 2444 statim
3288 2397 3510 2459 aspectu

1958 2482 2077 2552 ipso
2113 2482 2460 2553 perspicuum
2495 2491 2599 2546 est,
2642 2496 2819 2552 neque
2851 2481 3113 2536 circulum
3160 2481 3515 2551 aequinoctia-

1956 2575 2082 2638 lem,
2114 2588 2289 2646 neque
2313 2576 2540 2630 alterum
2569 2575 3027 2647 azquidistautium
3062 2590 3159 2646 per
3198 2575 3321 2632 illas
3360 2578 3511 2647 ipsas

1955 2666 2142 2721 stellas
2171 2680 2331 2737 posse
2350 2666 2595 2736 perduci.

2013 2861 2202 2921 XXVI.
2219 2861 2418 2919 Praeter
2428 2863 2733 2935 superiores
2748 2865 2868 2921 illos
2881 2865 3116 2921 circulos
3125 2872 3238 2921 tres
3254 2864 3509 2920 Eudoxus

1952 2970 2046 3011 eas
2070 2956 2256 3011 stellas
2283 2955 2570 3021 describit,
2593 2967 2713 3026 quae
2740 2963 2866 3011 sunt
2887 2957 2939 3011 in
2957 2956 3162 3011 arctico
3177 2956 3386 3012 circulo
3411 2974 3426 3010 :
3450 2955 3507 3008 in

280 3038 581 3106 διασαφεῖ⁸
616 3033 709 3088 καί
756 3049 919 3104 φησιν
955 3031 1041 3084 ἐπ’
1068 3028 1231 3084 αὐτοῦ
1259 3027 1469 3083 κεῖσθαι
1508 3026 1601 3081 τόν
1645 3042 1704 3079 τε
1734 3027 1854 3097 ἀρι-

425 3130 439 3142 ι
512 3122 545 3142 ,ιν
750 3125 778 3137 ~
818 3126 863 3142 9s
934 3140 973 3142 με
1068 3122 1106 3142 ος
1128 3139 1212 3142 "HA
1234 3139 1248 3142 Α
1312 3122 1394 3142 ---Α
1436 3121 1500 3142 J1.
1535 3121 1608 3142 ι-.-
1627 3119 1729 3142 Δὶ--.
1758 3117 1849 3142 --Π

1956 3060 2126 3118 eoque
2153 3046 2316 3104 situm
2344 3047 2419 3101 ait
2442 3061 2564 3103 esse
2589 3047 2869 3103 sinistrum
2884 3046 3298 3118 Arctophytacis
3319 3048 3507 3102 hume—

283 3130 483 3203 στερδν
511 3122 660 3199 ῶμον
686 3125 780 3181 τοῦ
818 3122 1269 3197 Ἀρκτοφύλακος,
1310 3122 1403 3176 καὶ
1433 3121 1502 3174 τὰ
1528 3119 1730 3175 ἀνωθεν
1756 3117 1850 3172 τοῦ

282 3222 586 3291 Στεφάνου,
630 3221 723 3273 καὶ
769 3218 866 3290 τὴν
908 3216 1147 3286 κεφαλὴν
1194 3213 1288 3267 τοῦ
1328 3210 1416 3266 διὰ
1461 3211 1570 3265 τῶν
1604 3211 1853 3282 ’Λρκτων

286 3317 540 3385 Ὄφεως·
576 3314 673 3384 τῆς
705 3312 765 3367 δὲ
796 3309 978 3382 Δύρας
1008 3309 1103 3363 καί¹
1137 3307 1235 3379 τὴς
1260 3305 1437 3373 δεξιᾶς
1466 3304 1733 3375 πτέρυγος
1758 3300 1866 3355 τοῦ

285 3405 544 3480 Ὄρνιθος
564 3403 635 3458 τὰ
659 3402 898 3458 ἀνωθενο
927 3399 1020 3454 τοῦ
1062 3400 1119 3454 δὲ
1138 3397 1370 3469 Κηφέως
1409 3396 1471 3450 τδ
1497 3395 1687 3468 στῆθος
1711 3412 1723 3423 ·
1756 3395 1853 3465 τῆς

281 3499 345 3554 δὲ
382 3495 750 3558 Κασσιεπείας
791 3493 861 3547 τά
909 3490 1129 3548 ἄνωθεν.
1175 3485 1308 3543 Εἶτα
1348 3488 1451 3541 ὑπὸ
1491 3487 1616 3552 τοὺς
1647 3489 1852 3557 ἐμπρο-

284 3591 475 3655 σθίους
506 3590 669 3652 πόδας
701 3586 801 3658 τῆς
833 3584 1072 3657 μεγάλης
1103 3582 1337 3654 ’Ἄρκτου
1367 3578 1464 3632 καὶ
1503 3577 1597 3630 τοῦ
1628 3577 1851 3638 Λέοντος

281 3680 417 3753 ἄχρι
450 3679 585 3752 πρὸς
612 3677 701 3733 τὸν
723 3670 871 3748 ὦμον
905 3672 1000 3727 τοῦ
1040 3669 1491 3743 Ἀρκτοφύλακος,
1522 3665 1634 3739 (69)
1667 3663 1852 3720 νοπιώ-

242 3792 246 3795 ⁷
280 3773 445 3845 τερός
472 3775 587 3826 ἐστι
616 3769 711 3825 τοῦ
741 3770 827 3824 ἀεὶ
852 3764 1082 3839 φανεροῦ
1103 3763 1198 3818 τοῦ
1231 3767 1290 3818 ὲν
1314 3764 1428 3825 τοῖς
1450 3760 1577 3832 περὶ
1600 3758 1698 3830 τὴν
1733 3757 1850 3811 Ἐλ-

280 3865 422 3920 λάδα
451 3863 656 3926 τόποις,
691 3861 871 3915 πλεῖον
900 3860 935 3931 ἢ
964 3858 1072 3931 μοί.
1105 3856 1168 3911 δ’.
1210 3853 1344 3909 Ἀπὸ
1375 3852 1484 3924 γὰρ
1511 3850 1605 3905 τοῦ
1637 3848 1846 3922 βορείου

282 3955 452 4009 πόλου
496 3953 688 4023 ἀπέχει
722 3949 831 4023 μοι.
868 3947 967 4022 μδ’,
993 3949 1035 4002 δ’
1065 3946 1174 4019 (70)
1195 3963 1209 3977 ⁸
1237 3947 1266 3999 ὁ
1291 3944 1349 3999 δὲ
1373 3943 1461 3997 ἀεὶ
1490 3940 1722 4014 φανερὸς
1746 3938 1845 3993 κύ-

281 4046 415 4109 κλος
443 4045 636 4116 ἀπέχει
668 4043 775 4116 μοί.
801 4042 895 4107 λζ’.
931 4041 1004 4094 Τὸ
1022 4039 1078 4093 δὲ
1105 4036 1309 4093 ἀνωθεν
1334 4034 1428 4091 τοῦ
1460 4032 1726 4104 Στεφάνου
1753 4031 1847 4085 καὶ

279 4140 386 4213 τῆς
421 4138 602 4211 Δύρας
643 4134 1082 4207 ὁλοσχερέστεροι)
1114 4130 1342 4203 εἴρηται.
1391 4130 1464 4183 Οὐ
1509 4127 1618 4200 γὰρ
1660 4140 1849 4194 συνεγ-

280 4232 428 4303 γεζει
445 4230 616 4285 ταῦτα
645 4228 722 4301 τῷ
749 4228 995 4297 ἀειφανεῖ
1020 4224 1222 4295 κύκλῳ,
1250 4222 1364 4277 ἀλλ’
1395 4221 1648 4292 ἑκάτερον
1668 4216 1845 4273 αὐτῶν

281 4321 468 4395 πόλλῷ
497 4319 808 4392 νοτιώτερόν
844 4320 1007 4373 ἐστιν.
1038 4318 1096 4371 '0
1132 4317 1228 4388 μὲν
1247 4316 1355 4387 γὰρ
1384 4313 1714 4385 βορειότερος
1734 4310 1843 4365 τῶν

1952 3152 2074 3194 rum
2106 3147 2160 3194 et
2182 3137 2462 3208 superiora
2487 3138 2730 3202 Coronae,
2759 3153 2880 3192 cum
2902 3139 3081 3209 capite
3108 3136 3385 3208 Serpentis
3415 3154 3511 3209 per

1954 3225 2126 3285 Brsas
2171 3230 2506 3286 transeuntis
2536 3247 2550 3283 :
2577 3230 2704 3284 item
2737 3227 3014 3291 ﬁdiculae,
3064 3243 3130 3283 ac
3176 3229 3379 3284 dextrae
3410 3231 3510 3285 alas

1952 3319 2123 3393 Cygni
2171 3321 2484 3390 superiores
2522 3328 2751 3389 partes:
2791 3319 2991 3390 Cephei
3023 3335 3241 3392 quoque
3285 3329 3504 3391 pectus;

1952 3422 2006 3468 et
2059 3410 2342 3481 superiora
2383 3410 2704 3480 Cassiepeze.
2742 3409 2944 3465 Deinde
2991 3410 3095 3465 sub
3138 3411 3508 3467 anteriorihus

1955 3503 2134 3576 116'
2163 3503 2386 3572 maioris
2421 3502 2572 3558 Ursze
2614 3502 2844 3573 pedibus
2874 3517 2938 3557 ac
2973 3500 3205 3569 Leonis,
3240 3519 3414 3574 usque
3438 3505 3508 3559 ad

1950 3594 2362 3666 Arctophylacis
2392 3593 2701 3658 humerum,
2729 3594 3023 3648 australior
3049 3602 3134 3649 est
3161 3608 3375 3664 semper
3405 3609 3506 3663 ap-

1951 3692 2173 3757 parente
2198 3683 2405 3738 circulo
2431 3681 2654 3738 Graecize
2676 3684 2922 3754 partibus
2953 3683 3186 3754 amplius
3207 3683 3276 3750 ις
3318 3699 3443 3739 nam
3473 3700 3505 3739 a

1949 3775 2152 3832 boreali
2176 3774 2302 3845 polo
2345 3773 2512 3828 distat
2552 3773 2801 3844 partibus
2828 3772 3039 3837 “,15';
3084 3774 3324 3829 circulus
3368 3790 3507 3830 vero

1949 3882 2163 3939 semper
2188 3881 2454 3936 apparens
2471 3865 2623 3921 abest
2643 3864 2888 3936 partibus
2908 3864 2997 3919 37.
3020 3863 3193 3920 Porro
3221 3867 3513 3937 superiora

1944 3958 2173 4015 Coronae
2232 3973 2296 4013 ac
2356 3954 2613 4012 Fidicuiae
2664 3956 2847 4011 minus
2908 3964 3168 4012 accurate
3223 3956 3503 4028 designata

1947 4059 2095 4107 sunt.
2123 4048 2243 4106 Non
2295 4049 2441 4106 enim
2476 4063 2690 4119 semper
2742 4048 3024 4119 apparenti
3069 4049 3277 4104 circulo
3322 4050 3502 4105 vicina

1945 4144 2051 4200 ista
2077 4154 2237 4209 sunt;
2271 4140 2367 4197 sed
2396 4147 2691 4211 utrumque
2717 4139 2875 4210 longe
2902 4147 2988 4194 est
3020 4140 3337 4195 australius.
3364 4139 3498 4195 Nam

1944 4233 2217 4290 borealior
2249 4246 2435 4287 earum
2469 4246 2591 4300 qua:
2621 4237 2748 4284 sunt
2772 4229 2826 4282 in
2849 4228 3114 4293 Fidicula,
3133 4228 3301 4284 distat
3324 4244 3354 4283 a
3378 4230 3501 4299 polo

1943 4322 2150 4378 boreali
2207 4320 2454 4390 partibus
2492 4319 2593 4385 49;
2643 4325 2981 4389 caput‘vero
3027 4318 3309 4390 Serpentis
3339 4316 3496 4374 Ursis

280 4417 344 4472 δν
366 4417 435 4489 τῇ
466 4413 619 4488 Δύρᾳ
642 4413 832 4484 ἀπέχει
864 4411 970 4465 ἀπὸ
995 4409 1087 4464 τοῦ
1128 4406 1335 4480 βορείου
1371 4405 1533 4459 πόλου
1569 4403 1678 4473 μοί.
1714 4401 1798 4474 μθ¹
1823 4417 1838 4431 ο

1956 4413 2213 4483 interjecti
2249 4411 2544 4468 australius
2583 4410 2799 4481 quidem
2839 4417 2945 4476 est,
3005 4410 3100 4465 sed
3154 4424 3369 4479 semper
3402 4425 3501 4480 ap-

278 4511 319 4580 ἠ
343 4506 403 4562 δὲ
444 4504 655 4577 κεφαλὴ
699 4505 808 4575 (71)
845 4502 937 4556 τοῦ
985 4500 1073 4555 διὰ
1113 4499 1221 4553 τῶν
1252 4499 1500 4570 ’Λρκτων
1525 4497 1736 4565 Ὄφεως
1757 4510 1843 4547 νο-

278 4598 515 4670 τιωτέρα
543 4597 661 4670 μὲν,
682 4598 847 4665 ἐγγὺς
873 4595 929 4648 δὲ
949 4591 1043 4648 τοῦ
1064 4590 1350 4660 ἀειφανοῦς
1370 4588 1568 4643 κύκλου
1594 4586 1836 4657 φέρεται.

290 4690 353 4746 '0
389 4690 498 4761 γὰρ
536 4686 849 4758 νοτιώτερος
891 4683 1090 4751 αὐτῶν,
1133 4684 1227 4737 καὶ
1265 4683 1358 4735 ὲπὶ
1410 4678 1505 4733 τοῦ
1550 4675 1840 4750 ἀριστεροῦ

376 4834 463 4907 68)
493 4834 619 4907 Haec
640 4841 786 4907 sunt
811 4834 1121 4907 depravata.

374 4903 463 4978 69)
493 4905 672 4978 Deest,
702 4903 917 4978 opinor,
949 4903 1175 4978 aliquid.

348 4971 463 5047 (70)
489 4971 756 5042 Ἀπέχεί
772 4974 893 5043 μοί.
928 4971 1053 5042 μδνζ
1086 4971 1296 5047 Scribe,
1331 4977 1442 5047 μα’,
1576 4971 1713 5047 Nam
1734 5002 1737 5005 ι
1757 4972 1837 5026 al-

278 5042 396 5102 tera
429 5042 594 5103 lectio
609 5042 864 5114 corrupta
891 5055 996 5110 est,
1027 5052 1086 5098 ut
1107 5042 1446 5114 Hipparchus
1470 5045 1587 5114 ipse
1613 5043 1837 5100 demon-

281 5124 460 5258 ἰ’ξῗιιί)
508 5186 577 5239 'H
593 5183 661 5237 δὲ
687 5181 942 5258 κεφαλή.
983 5181 1102 5235 Νοη
1159 5182 1337 5258 solum
1372 5183 1691 5248 mendosus,
1738 5185 1832 5239 sed

278 5251 502 5312 mutilus
532 5261 696 5310 etiam
728 5251 815 5308 hic
844 5256 996 5307 locus
1023 5260 1128 5306 est.
1185 5251 1424 5304 Primum
1468 5268 1710 5322 pugnare
1749 5269 1835 5309 se-

278 5337 400 5379 cum
432 5323 799 5394 Hipparchus.
824 5331 882 5377 ut
914 5338 975 5394 se
1024 5322 1184 5394 habet
1215 5322 1398 5394 modo,
1431 5325 1662 5394 videtur.
1696 5322 1831 5378 Nam

275 5404 441 5463 caput
464 5391 726 5447 Draconis
752 5392 1049 5447 australius
1084 5391 1213 5445 facit
1248 5393 1455 5463 arctico
1487 5391 1707 5448 Graeciae
1729 5395 1832 5447 cir-
1931 5401 1997 5453 τίί

276 5462 524 5546 εμίος-ει
558 5463 699 5518 idem
723 5472 899 5517 tamen
931 5463 1155 5546 przec_i.s_e
1180 5463 1236 5516 in
1256 5477 1321 5518 eo
1356 5462 1565 5517 circulo
1593 5466 1827 5546 reponit,

275 5533 547 5603 siquidem
594 5541 895 5604 utrumque
950 5533 1207 5604 gradibus
1259 5540 1463 5602 septem
1502 5543 1557 5587 et
1608 5533 1831 5604 triginta

276 5600 442 5658 distat
467 5616 499 5655 a
521 5602 663 5672 polo.
692 5600 1107 5657 Przeterea'cum
1134 5603 1242 5656 duo
1292 5600 1474 5657 sidera
1508 5600 1831 5672 pr0po§uis-

273 5681 373 5739 set,
407 5671 533 5743 quae
553 5673 621 5727 ab
655 5674 858 5729 arctico
885 5674 1110 5740 circulo,
1161 5671 1248 5727 ubi
1287 5688 1351 5729 ea
1386 5671 1685 5729 collocarat
1721 5674 1827 5729 Eu-

1944 4504 2154 4576 parenti
2202 4513 2382 4558 tamen
2443 4502 2650 4556 circulo
2697 4499 2940 4554 citimum
2990 4506 3093 4555 est.
3146 4497 3355 4568 Quippe
3404 4513 3498 4552 au-

1950 4596 2173 4651 straiior
2204 4594 2442 4655 illarum,
2467 4598 2521 4646 et
2554 4591 2607 4645 in
2649 4591 2870 4646 sinistro
2901 4590 3001 4646 sita
3025 4597 3268 4660 tempore
3288 4590 3441 4645 abest
3468 4605 3498 4643 a

1940 4686 2066 4758 polo
2111 4685 2361 4757 partibus
2407 4680 2497 4749 37,
2526 4691 2659 4754 quot
2698 4696 2913 4753 semper
2942 4696 3213 4753 apparens
3257 4680 3498 4736 circulus

1938 4843 2140 4902 dorus.
2170 4840 2388 4912 longius
2418 4848 2575 4895 erant
2632 4839 2710 4912 ad_
2758 4844 3272 4912 austrumremota,
3334 4851 3497 4912 supe-

1938 4915 2082 4968 riora
2110 4907 2336 4966 Coronae
2353 4911 2577 4979 pariter,
2599 4925 2663 4963 ac
2690 4908 2875 4978 Lyrze;
2898 4908 3071 4979 tibide
3088 4908 3352 4979 ambobus
3382 4907 3496 4979 siu-

1935 4982 2163 5053 gillatim
2198 4973 2430 5053 probare
2449 4973 2675 5053 εωρίι,
2708 4973 3052 5053 u'ui_us_Ly_r:P.
3103 4976 3348 5053 meminit
3371 4973 3497 5053 ;___de

1935 5045 2151 5107 Corona
2180 5045 2249 5105 ne
2287 5052 2520 5104 litteram
2539 5045 2765 5120 quidem
2788 5045 3170 5120 fecit.'Desu_nt
3197 5047 3359 5115 igitur
3382 5045 3496 5109 illa,

1934 5124 2135 5193 quibus
2167 5115 2623 5193 quotpartibus'a
2657 5120 2780 5193 polo
2829 5118 3057 5193 Corona
3084 5115 3334 5179 distaret,
3370 5127 3500 5193 ape-

1933 5184 2064 5246 fuit.
2093 5184 2260 5298 Fin-ge
2309 5184 2674 5259 Hipparchum
2735 5190 2808 5241 ita
2863 5188 3196 5298 scripsisse:
3235 5193 3355 5252 post
3388 5184 3494 5264 ista

1934 5261 2042 5298 ἢιπιλ
2061 5262 2155 5298 η»ηῆ
2223 5261 2400 5298 nnefnu
2423 5259 2584 5298 πήλυ-ιη
2623 5259 2711 5298 nm'
2762 5258 2867 5298 n9"
2898 5260 2926 5298 ὁ
2948 5258 2976 5298 ὃ
3026 5255 3358 5298 Erant-3:621:00:
3387 5269 3494 5298 των

1934 5206 2064 5246 ΐιιιῑ.
2093 5206 2189 5245 rm
2231 5207 2260 5245 e
2311 5206 2674 5259 mpparcnum
2735 5206 2808 5241 Ita
2863 5206 3196 5298 SCI‘IESISSC:
3235 5206 3355 5252 νυδι
3388 5206 3494 5264 lata

1934 5261 2042 5346 ἀπὸ
2061 5206 2400 5347 τοῦῄξορερίου
2423 5259 2584 5347 πόλου
2622 5259 2730 5347 μοί.
2898 5258 3003 5347 ὁθδ..
3024 5255 3362 5347 βορειρέεεροςἲ

1933 5335 1989 5384 ἐν
2049 5331 2127 5454 ei
2155 5321 2444 5399 Στεφάνῳ,
2490 5321 2868 5409 μοί.’νγ’.’;Η
2919 5328 2976 5381 δὲ
3023 5321 3232 5410 κέφαλη
3266 5321 3364 5377 τοῦ
3409 5321 3497 5375 διὰ

1931 5401 2080 5453 τῶν¹¹
2133 5417 2307 5468 ρκτων
2343 5400 2557 5467 Ὄφεως
2606 5399 2698 5452 ἐπὶ
2729 5415 2820 5451 του
2842 5399 3130 5468 ἀειφανους
3170 5395 3372 5468 κύκλου
3402 5392 3496 5461 φέ-

1969 5487 2107 5524 εται.
2132 5463 2665 5525 ΒοτεοιὶοινὈοτοηρε
2704 5463 2995 5538 ΙΙίρρςιισειιὶ
3035 5477 3278 5537 tempore
3322 5463 3498 5538 dista-

1972 5549 2026 5594 at
2060 5555 2090 5592 a
2125 5541 2250 5610 polo
2282 5539 2543 5610 gradibus
2567 5531 2916 5610 ampltus'55.
2942 5554 3008 5610 ex
3029 5531 3235 5593 nostris
3269 5531 3493 5610 tabulis.

1931 5601 2310 5735 siztegiluyrae'
2326 5610 2598 5696 borealior
2628 5601 2875 5680 partibus
2907 5608 2977 5665 ab
2998 5611 3191 5694 eodem
3224 5606 3351 5680 polo
3398 5601 3498 5657 ali-

1933 5696 1992 5735 er
2152 5720 2166 5735 .

1933 5687 2050 5736 erat
2077 5687 2166 5735 51.
2469 5689 2478 5696 '
2565 5691 2569 5694 '
3170 5688 3176 5694 ‘
