3928 6266
437 389 575 446 1059

1419 381 1512 435 AD
1551 379 1817 434 EUSEBll
1853 379 2246 434 CHRONICON
2286 377 2644 428 ΑΡΡΕΝυιλ.

3512 353 3646 413 1059

437 513 672 561 constat.
719 501 914 560 Pectus
959 510 1140 556 autem
1196 499 1402 570 Cephei
1443 506 1736 570 apparentc
1781 513 1993 568 semper

2115 494 2362 567 ιροτάφου
2396 495 2642 565 κείμενος
2690 493 2878 563 ἀπέχει
2931 491 3036 543 ἀπὸ
3072 489 3161 543 τοῦ
3201 489 3359 542 πόλου
3399 487 3514 558 μοί.
3558 487 3652 552 λζ’,

436 597 641 652 circulo
668 605 752 651 est
805 595 1120 656 australius,
1152 601 1211 646 ut
1261 606 1426 661 supra
1477 591 1995 646 demonstravimus.

437 687 648 744 Dextra:
669 689 766 743 alte
797 687 966 758 Cygni
997 686 1309 756 superiores
1340 692 1545 753 partes,
1579 693 1632 738 et
1657 698 1753 753 pes
1780 683 1997 738 Cassie-

439 797 552 852 pete
597 782 652 835 in
699 791 990 851 apparente
1020 779 1226 834 circulo
1283 779 1550 833 feruntur.
1613 776 1824 831 Etenim
1894 776 1997 829 bo-

440 875 637 928 realior
664 888 872 934 earum,
904 888 1025 940 qua:
1052 871 1105 924 in
1135 880 1373 926 extrema
1399 877 1526 923 sunt
1556 869 1638 921 ala
1669 869 1880 930 dextra,
1917 867 2000 920 dio

437 972 543 1017 stat
567 981 596 1017 a
626 964 827 1017 borcali
861 963 988 1032 polo
1049 960 1294 1030 partibus
1329 958 1432 1024 40;
1481 959 1749 1012 burealior
1786 971 1996 1019 earum,

437 1070 557 1124 qua:
577 1064 702 1108 sunt
732 1055 786 1107 in
823 1054 1136 1122 Cassiepea,
1167 1060 1220 1104 et
1250 1051 1303 1103 in
1338 1050 1568 1120 pedibus
1594 1052 1718 1111 sita,
1746 1049 1899 1102 abest
1931 1047 1998 1100 ab

436 1144 625 1198 eodem
665 1145 785 1213 polo
811 1143 1069 1212 gradibus
1099 1142 1186 1195 53.
1228 1139 1371 1207 Quin
1403 1149 1456 1194 et
1479 1140 1698 1208 majoris
1723 1137 1872 1192 Urse
1902 1152 1998 1206 pe-

435 1234 532 1289 des
564 1235 892 1289 borealiores
928 1234 1178 1287 feruntur
1203 1247 1414 1302 semper
1449 1239 1742 1302 apparente
1769 1231 1998 1284 circulo.

439 1325 714 1397 Siquidem
743 1325 1072 1380 antecedens
1105 1326 1320 1379 illorum
1367 1342 1396 1378 a
1425 1325 1626 1380 boreali
1663 1324 1786 1394 polo
1822 1339 2002 1378 remo-

439 1428 593 1474 vetur
633 1419 877 1487 partibus
919 1417 1030 1472 fere
1062 1417 1168 1483 24;
1217 1418 1514 1473 succedens
1538 1459 1551 1484 ,
1587 1417 1833 1486 partibus
1889 1417 2002 1470 fere

435 1509 526 1565 25.
571 1508 706 1564 Vere
757 1511 941 1578 itaque
975 1509 1345 1578 pronuntiavit
1395 1517 1746 1578 apparentem
1787 1521 2002 1578 semper

438 1601 704 1656 circulum
736 1601 971 1654 transire
1000 1601 1144 1652 inter
1172 1597 1369 1654 Ursatn
1401 1616 1465 1654 ae
1496 1598 1753 1655 Leonem.

505 1860 624 1917 Jam
679 1862 734 1915 in
781 1876 846 1916 eo
894 1861 1125 1928 circulo,
1161 1862 1251 1932 qui
1283 1877 1564 1933 nunquam
1604 1870 1846 1932 apparet,
1874 1877 1995 1933 quae
2029 1857 2067 1912 Β

437 1954 624 2010 insunt
654 1961 821 2018 astra,
854 1969 965 2006 non
989 1953 1238 2008 videntur
1258 1955 1504 2009 omnino.
1539 1953 1792 2008 Proxime
1820 1967 1996 2009 autem

439 2047 659 2113 absunt,
702 2047 900 2116 inquit,
925 2046 993 2100 ab
1024 2062 1090 2100 eo
1120 2057 1375 2101 extremae
1411 2056 1592 2116 partes
1619 2061 1772 2116 aqua:
1799 2044 1995 2099 Flumi-

438 2143 564 2210 nis;
611 2149 664 2197 ct
727 2142 950 2196 l'undum
994 2141 1180 2205 Navis,
1231 2158 1295 2197 ac
1352 2141 1812 2197 Gubernaculum.
1861 2141 1999 2195 Tum

437 2232 604 2302 Fera;
639 2251 741 2290 nec
769 2251 876 2290 non
905 2237 1031 2289 Ara.
1064 2233 1195 2290 item
1226 2233 1509 2305 Sagittarii
1553 2250 1681 2289 crus
1711 2234 1998 2298 dextrum;

439 2344 560 2400 quae
603 2337 782 2384 autem
837 2329 1049 2383 videtur
1089 2344 1156 2383 ex
1206 2327 1447 2399 Egypto
1489 2327 1668 2392 stella,
1701 2327 1755 2380 in
1808 2325 2001 2380 eodem

439 2423 772 2477 continetur.
827 2419 906 2474 Ex
960 2419 1046 2475 bis
1099 2435 1220 2490 quae
1274 2430 1554 2489 utcunque
1603 2427 1730 2473 sunt
1782 2417 2000 2472 veritati

440 2515 710 2586 proxima,
743 2523 897 2569 extra
922 2514 1354 2569 controversiam
1403 2511 1712 2583 seponenda
1741 2520 1889 2566 sunt.
1923 2509 1998 2565 De

439 2621 504 2660 ea
535 2621 665 2661 vero
695 2608 873 2670 stella,
915 2621 1034 2676 qua:
1058 2604 1316 2676 Canopus
1349 2605 1576 2671 dicitur,
1606 2621 1712 2659 non
1741 2612 1888 2658 recte
1917 2618 2004 2657 as-

443 2697 576 2750 serit
621 2697 796 2766 ipsam
852 2699 907 2750 in
956 2705 1251 2767 apparente
1293 2711 1568 2766 nunquam
1610 2696 1818 2750 circulo
1850 2694 2001 2749 ferri.

445 2785 539 2840 Est
563 2789 705 2840 enim
737 2787 851 2840 lucc
876 2787 1166 2840 australior
1191 2800 1378 2840 earum
1405 2801 1525 2856 quae
1551 2795 1677 2840 sunt
1706 2787 1757 2838 in
1799 2783 2006 2837 Guber-

447 2879 666 2940 naculo,
721 2889 885 2947 atque
921 2878 1100 2932 lucida
1133 2897 1145 2931 :
1178 2893 1298 2946 qua:
1326 2892 1354 2930 a
1402 2879 1525 2947 polo
1571 2878 1734 2932 distat
1759 2877 2005 2946 partibus

443 2971 514 3026 '58
540 2971 664 3042 1χὲ.
694 2973 762 3024 At
789 2987 999 3041 semper
1024 2987 1290 3044 apparens
1332 2971 1553 3027 Athenis
1579 2973 1816 3026 circulus
1853 2973 2007 3026 abest

446 3081 476 3116 a
513 3064 636 3134 polo
688 3064 933 3134 partibus
972 3064 1075 3130 57;
1117 3065 1170 3116 in
1201 3063 1393 3117 liliodo
1435 3079 1583 3128 vero,
1620 3063 1865 3133 partibus
1908 3063 2002 3118 ὅθι

444 3157 675 3210 Constat
723 3157 890 3226 igitur
929 3155 1170 3210 eamdem
1219 3157 1430 3209 stellam
1472 3157 1830 3212 borealiorem
1884 3172 2007 3212 esse

449 3262 728 3316 nunquam
755 3256 1049 3316 apparente
1077 3247 1297 3302 ϐαθεῖαι
1325 3247 1553 3311 circulo,
1590 3264 1654 3302 ac
1679 3265 1845 3319 supra
1896 3257 2006 3304 ter-
2037 3247 2076 3268 “⁴

448 3353 565 3392 ram
609 3339 780 3394 videri
820 3354 1001 3410 posse,
1037 3347 1095 3394 ut
1120 3340 1284 3394 etiam
1318 3341 1465 3394 circa
1501 3341 1751 3396 Rhodum
1787 3341 2009 3414 prospi-

447 3430 609 3483 citur.
1475 3420 1480 3424 ’

520 3519 731 3575 XXVII.
764 3520 945 3592 Pergit
965 3521 1224 3578 Eudoxus
1247 3539 1340 3579 eas
1366 3525 1639 3595 explicare
1663 3527 1871 3594 stellas,
1891 3543 2012 3598 quae

449 3612 503 3666 in
539 3613 744 3668 coluris
795 3614 1002 3677 insunt,
1037 3629 1098 3669 ac
1127 3615 1285 3669 docet
1322 3616 1375 3669 in
1406 3617 1599 3670 horum
1628 3619 1804 3672 altero
1841 3620 2007 3676 situm

448 3716 570 3755 esse
596 3701 831 3756 medium
866 3703 1015 3757 Ursa:
1047 3703 1268 3771 majoris
1293 3713 1345 3758 et
1373 3703 1602 3771 Cancri;
1637 3721 1734 3758 nec
1768 3720 1876 3758 non
1901 3704 2014 3775 Hy-

449 3791 535 3846 dri
567 3793 790 3858 collum,
819 3801 872 3847 et
907 3793 973 3847 de
1022 3792 1153 3849 Navi
1181 3799 1322 3865 quod
1359 3813 1589 3867 puppem
1641 3799 1782 3852 inter
1809 3805 1863 3853 et
1895 3814 2013 3852 ma-

451 3883 563 3936 lum
590 3883 893 3938 intercedit.
935 3882 1139 3940 Deinde
1188 3899 1309 3956 post
1337 3903 1552 3959 semper
1598 3889 1854 3944 latentem
1909 3905 2012 3960 po-

453 3973 584 4038 lum,
605 3972 1104 4045 caudamaustralis
1131 3975 1326 4041 Piscis,
1345 3990 1398 4033 et
1429 3980 1661 4035 medium
1689 3979 2012 4053 Capricorni

453 4067 657 4136 pariter
686 4081 750 4120 ac
799 4065 1037 4136 Sagittae.
1088 4068 1350 4124 Eutndem
1397 4081 1656 4142 praeterea
1700 4089 1792 4143 per
1841 4073 2012 4145 Cygni

453 4153 676 4218 collum,
706 4155 954 4224 alantque
981 4156 1250 4222 dextram,
1285 4174 1348 4212 ac
1385 4176 1478 4230 per
1503 4163 1780 4218 sinistram
1813 4164 2012 4234 Cephei

453 4255 675 4296 manum
703 4243 971 4312 describi;
1009 4254 1120 4300 tum
1159 4264 1258 4319 per
1282 4249 1478 4304 llexum
1507 4251 1808 4323 Serpentis,
1835 4268 1900 4310 ac
1923 4270 2014 4312 se-

454 4334 690 4389 cundum
737 4335 963 4391 minoris
1005 4334 1158 4392 Ursa:
1211 4341 1458 4393 caudam.

522 4593 812 4654 Enimvero
841 4598 910 4656 de
953 4598 1094 4658 Ursa
1127 4603 1341 4673 penitus
1381 4607 1616 4662 aberrat.
1651 4607 1830 4679 Hujus
1869 4613 2013 4667 enim

457 4689 825 4757 praecedentes
859 4692 914 4746 in
949 4694 1144 4762 capite,
1192 4706 1245 4751 et
1273 4713 1392 4766 quae
1435 4699 1490 4753 in
1521 4703 1887 4759 anterioribus
1924 4720 2017 4774 pe-

455 4779 639 4843 dibus,
672 4783 727 4837 in
758 4782 954 4839 Leonis
983 4786 1419 4844 dodecatemorio
1449 4799 1576 4845 sunt
1611 4794 1746 4851 sitae.
1779 4795 2012 4862 Quinam

455 4888 586 4944 ergo
619 4873 732 4929 ﬁeri
762 4877 955 4945 possit,
985 4885 1044 4931 ut
1074 4878 1308 4935 medium
1343 4879 1496 4938 Ursa:
1529 4885 1582 4939 in
1629 4884 1832 4942 Cancri
1857 4889 2014 4958 prin-

457 4963 602 5036 cipio
653 4967 988 5023 collocetur?
1014 4971 1082 5022 At
1111 4971 1475 5040 praecedentes
1509 4976 1564 5031 in
1616 4975 1785 5049 Hydri
1840 4981 2016 5052 capite

531 5123 771 5193 (79.)Kul
797 5128 850 5180 οἱ
891 5127 1070 5191 πόδες
1098 5126 1183 5180 δέ.
1219 5126 1397 5183 Falso.

529 5194 640 5266 (75)
662 5196 991 5271 -ᾎπέχειμδὲ
1015 5195 1209 5263 οὗτος.
1242 5199 1497 5271 Canobus
1538 5200 1747 5257 Eudoxi
1803 5207 2026 5271 saeculo,

459 5264 626 5343 utet
661 5264 978 5343 Hipparchi,
1027 5271 1251 5343 przncise
1293 5269 1530 5343 distabat
1561 5287 1592 5326 a
1632 5275 1755 5343 polo
1803 5264 2026 5332 australi

459 5337 706 5405 partibus
726 5337 813 5398 58.
837 5336 939 5397 50',
959 5336 1250 5392 ex'nostris
1273 5340 1490 5395 tabulis.

531 5402 660 5486 Qua:
691 5407 945 5486 deinceps
969 5409 1264 5486 in‘duobus
1297 5410 1450 5465 libris
1482 5413 1772 5486 traduntur
1793 5415 1861 5469 ab
1897 5414 2026 5486 Hip-

461 5478 665 5555 parebo
683 5478 748 5530 de
772 5479 1168 5556 συνανατολαῖς,
1214 5485 1266 5532 et
1307 5483 1764 5556 συγκαταδύσεσι.
1805 5501 1869 5541 ea
1905 5478 2026 5556 plus

462 5545 558 5598 otii
583 5561 864 5617 operteque
911 5553 1217 5617 postulant,
1267 5557 1326 5600 ut
1365 5545 1429 5604 ad
1467 5564 1773 5610 nostrarum
1813 5545 2029 5611 tab-ula‘

463 5627 584 5692 rum
621 5615 1103 5695 Iidem‘exigantur,
1132 5618 1290 5695 cujus
1319 5621 1396 5674 rei
1435 5638 1559 5676 cum
1597 5625 1650 5678 in
1695 5627 1881 5680 multis
1912 5629 2025 5695 jam

465 5684 764 5754 periculum
799 5684 1139 5747 fecissemus,
1179 5689 1329 5754 plura
1370 5705 1470 5745 nos
1512 5695 1791 5749 elaborare
1832 5684 2026 5752 infiniti

467 5764 533 5804 ac
554 5751 766 5807 molesti
809 5758 989 5824 operis
1036 5751 1351 5828 magnitudo
1381 5760 1662 5817 deterruit.
1697 5763 1830 5818 Nam
1867 5774 1921 5822 et
1961 5751 2028 5823 iis

2098 587 2226 648 ὅσας
2259 587 2352 640 καὶ
2373 587 2400 638 6
2433 586 2694 656 ἀειφανὴς
2718 583 2929 646 κύκλος.
2963 580 3069 634 Τοῦ
3102 580 3157 634 δὲ
3185 579 3420 649 Κηφέως
3446 577 3508 632 τὸ
3535 581 3655 651 στῆ-

2099 676 2189 741 θος
2213 677 2521 749 νοτιώτερόν
2557 679 2673 730 ἐστι
2703 675 2795 730 τοῦ
2846 672 3133 744 ἀειφανοῦς
3166 671 3382 736 κύκλου,
3429 671 3507 732 ὼς
3532 671 3658 741 πρό-

2097 783 2251 838 τερον
2284 767 2717 838 ὑποδεδείχαμεν.
2757 767 2867 836 Τῆς
2897 765 3073 829 δεξιᾶς
3105 763 3368 834 πτέρυγος
3405 760 3500 813 τοῦ
3535 763 3660 832 Ὄρ-

2097 861 2239 924 νιθος
2273 862 2340 914 τὰ
2383 860 2607 926 ἄνωθεν,
2635 859 2726 912 καὶ
2768 858 2867 927 τῆς
2900 855 3264 918 Κασσιεπείας
3306 857 3334 907 6
3373 853 3531 916 πούς,
3571 853 3660 907 ἐπὶ

2096 951 2188 1003 τοῦ
2225 951 2454 1024 φανεροῦ
2486 950 2680 1003 κύκλου
2712 949 2953 1019 φέρεται.
2981 947 3039 998 ὐ
3073 946 3169 1016 μὲν
3197 945 3303 1015 γὰρ
3331 942 3662 1013 βορειότερος

2099 1042 2202 1095 τῶν
2232 1043 2288 1095 ἐν
2320 1043 2464 1114 ἄκρα
2508 1045 2574 1114 τῇ
2623 1040 2770 1112 δεξιᾷ
2809 1039 3037 1108 πτέρυγι
3079 1037 3268 1107 ἀπέχει
3307 1034 3414 1088 ἀπὸ
3443 1034 3534 1087 τοῦ
3579 1033 3664 1103 βο-

2100 1133 2245 1204 ρείου
2285 1133 2482 1186 κύκλου
2530 1131 2636 1202 μοί.
2678 1139 2762 1201 μ’·
2799 1131 2826 1181 6
2869 1129 2924 1182 δὲ
2967 1127 3301 1199 βορειότερος
3347 1124 3452 1178 τῶν
3497 1126 3556 1176 ἐν
3596 1126 3662 1194 τῇ

2100 1225 2456 1294 Κασσιεπείᾳ,
2487 1225 2544 1288 ὃς
2581 1227 2726 1278 ἐστιν
2761 1227 2817 1278 ὲν
2847 1227 2959 1287 τοῖς
3004 1223 3179 1283 ποσὶν,
3213 1220 3402 1290 ἀπέχει
3429 1218 3537 1272 ἀπὸ
3569 1215 3664 1270 τοῦ

2101 1313 2261 1365 πόλου
2295 1313 2404 1383 μοί.
2449 1313 2546 1384 λη’.
2581 1314 2689 1366 Καὶ
2733 1315 2782 1366 0i
2832 1312 2988 1374 πόδες
3033 1312 3088 1364 δὲ
3131 1310 3242 1381 (7'2)
3273 1309 3370 1378 τῆς
3422 1306 3664 1377 μεγάλης

2104 1404 2337 1474 ’Ἄρκτου
2374 1403 2696 1474 βορειότεροι
2726 1400 3092 1474 φέρονταιτού
3120 1397 3407 1468 ἀειφανούς
3438 1395 3661 1449 κύκλου.

2109 1490 2168 1547 '0
2202 1495 2298 1566 μὲν
2327 1497 2435 1566 γὰρ
2455 1495 2752 1566 ἡγούμενος
2778 1493 2956 1547 αὐτῶν
2985 1494 3173 1564 ἀπέχει
3199 1491 3306 1544 ἀπὸ
3333 1489 3424 1542 τοῦ
3453 1486 3666 1560 βορείου

2101 1588 2264 1640 πόλου
2294 1590 2419 1660 περὶ
2449 1589 2558 1660 μοί.
2611 1589 2718 1642 κδ’·
2759 1591 2787 1642 ὁ
2831 1589 2887 1641 δὲ
2933 1588 3194 1658 ἑπόμενος
3241 1584 3366 1656 περὶ
3410 1583 3519 1654 μοί.
3564 1587 3664 1634 κε’.

2101 1681 2348 1750 Εύλόγως
2378 1678 2469 1735 οὖν
2505 1699 2636 1752 φησι
2665 1682 2752 1736 τὸν
2787 1681 3018 1752 ἀειφανῆ
3051 1678 3306 1752 φέρεσθαι
3337 1676 3538 1749 μεταξῦ
3567 1675 3667 1746 τῆς

2106 1775 2340 1846 ’Ἄρκτου
2376 1776 2468 1828 καὶ
2492 1776 2582 1828 τοῦ
2611 1776 2858 1838 Λέοντος.

2177 1856 2298 1920 Ἐπὶ
2334 1868 2390 1921 δὲ
2421 1867 2511 1921 τού
2541 1869 2629 1921 ἀεὶ
2663 1867 2900 1937 ἀφανοῦς
2929 1867 3124 1920 κύκλου
3158 1865 3224 1920 τὰ
3263 1867 3356 1936 μὲν
3387 1864 3471 1918 ἐπ’
3500 1861 3667 1917 αὐτοῦ

2098 1959 2371 2030 φερόμενα
2419 1960 2593 2031 ἄστρα
2639 1961 2735 2030 οὐχ
2786 1962 2996 2032 ὁρᾶται.
3041 1959 3348 2028 Ἑγγυτὰτω
3375 1957 3452 2021 δὲ,
3482 1955 3668 2026 φησὶν,

2100 2051 2262 2106 αὑτοῦ
2291 2054 2404 2105 ἐστι
2437 2052 2530 2104 τοῦ
2570 2070 2627 2105 τε
2665 2051 2855 2115 ὓδατος
2879 2054 2970 2104 τοῦ
3005 2050 3252 2121 Ποταμοῖ)
3297 2049 3364 2102 τὰ
3394 2049 3536 2118 ἄκρα
3576 2049 3670 2101 καὶ

2099 2144 2198 2214 τῆς
2242 2133 2466 2214 Ἃργοῦς
2512 2145 2571 2197 τὸ
2628 2144 2840 2215 ἔδαφος,
2893 2146 2985 2198 καὶ
3028 2132 3087 2196 τδ
3135 2142 3425 2213 Πηδάλιον·
3462 2137 3580 2195 εἶτα
3609 2140 3672 2193 τὸ

2099 2237 2299 2308 Θηρίον
2350 2239 2444 2291 καὶ
2484 2236 2542 2290 τὸ
2580 2238 2945 2309 Θυμιατήριον
2970 2255 2983 2268 ·
3026 2237 3104 2290 ἔτι
3131 2235 3186 2289 6':
3227 2235 3320 2288 τοῦ
3352 2234 3580 2301 Τοξότου
3603 2233 3674 2287 τὰ

2100 2328 2246 2395 δεξιά
2275 2329 2460 2398 σκέλη.
2491 2330 2550 2382 Ὀ
2574 2329 2627 2382 δὲ
2650 2329 2707 2394 ἐξ
2732 2330 3004 2397 Αἰγύπτου
3021 2328 3291 2398 ὁρώμενος
3317 2328 3491 2398 ἀστήρ
3522 2327 3674 2378 ἐστιν

2102 2420 2159 2472 ὲν
2179 2417 2344 2488 αὐτῷ.
2380 2417 2591 2473 Τούτων
2629 2418 2682 2472 δὲ
2714 2423 2782 2472 τὰ
2813 2419 2909 2490 μὲν
2939 2417 3091 2482 ἄλλα,
3113 2418 3232 2471 ἐπεὶ
3257 2417 3394 2470 κατὰ
3424 2416 3509 2468 τὰ·
3544 2431 3672 2468 συν-

2103 2510 2365 2580 εγγισμὺν
2410 2512 2640 2582 εἴρηται,
2679 2511 2777 2563 ούκ
2811 2510 2875 2563 ἂν
2908 2510 3206 2573 διστάςοιτο
3231 2525 3242 2538 ·
3271 2510 3299 2562 ό
3321 2508 3376 2561 δὲ
3406 2506 3677 2578 καλούμεο

2103 2619 2192 2664 νος
2226 2602 2488 2666 Κάνωπος
2519 2602 2616 2654 οὐκ
2648 2599 2822 2672 ὀρθῶς
2860 2600 3070 2670 λέγεται
3103 2601 3159 2652 ἐν
3189 2599 3336 2669 αύτῷ
3369 2599 3447 2670 τῷ
3475 2599 3678 2668 ἀφανεῖ

2105 2693 2286 2763 κύκλῳ
2319 2693 2593 2764 φέρεσθαι,
2630 2695 2784 2747 Ἔστι
2818 2695 2926 2766 γὰρ
2969 2687 3119 2756 οὗτος
3146 2696 3174 2746 6
3210 2691 3522 2763 νοτιώτερος
3564 2690 3676 2745 τῶν

2107 2787 2162 2840 ἐν
2187 2784 2263 2856 τῷ
2292 2785 2562 2856 Πηδαλίῳ,
2605 2788 2696 2838 καὶ
2744 2786 3010 2858 λαμπρός,
3050 2787 3263 2857 Ἀπέχει
3296 2786 3350 2839 δὲ
3379 2779 3532 2850 οὗτος
3562 2785 3676 2856 (75)

2106 2878 2214 2932 ἀπὸ
2249 2879 2341 2931 τοῦ
2387 2878 2548 2930 πόλου
2583 2880 2710 2950 περὶ
2757 2879 2864 2949 μοί.
2907 2879 2986 2949 λη’
3022 2878 3104 2932 δ”ε
3147 2880 3203 2932 Ὀ
3239 2879 3296 2930 δὲ
3329 2880 3386 2931 ἐν
3424 2878 3678 2950 Ἀθήναις

2109 2965 2370 3036 ἀειφανής
2403 2965 2598 3030 κύκλος
2645 2967 2836 3038 ἀπέχει
2881 2967 2988 3020 ἀπὸ
3037 2966 3128 3020 τοῦ
3180 2969 3341 3021 πόλου
3395 2970 3521 3039 περὶ
3561 2968 3675 3040 μοι.

2108 3051 2184 3116 λζ’
2205 3071 2217 3083 ·
2249 3055 2277 3106 6
2320 3053 2376 3106 δὲ
2410 3056 2467 3106 ἐν
2504 3055 2665 3126 Ῥόδῳ
2706 3057 2833 3128 περὶ
2880 3057 2988 3128 μοί.
3038 3057 3145 3122 lg’.
3175 3059 3343 3128 Δῆλον
3373 3055 3487 3123 οὖν,
3537 3061 3620 3112 ὅτι
3651 3062 3680 3113 6

2109 3144 2280 3216 ἀστὴρ
2305 3141 2454 3209 οὗτος
2477 3146 2808 3220 βορειότερός
2835 3151 2949 3202 ἐστι
2979 3148 3068 3202 τοῦ
3100 3151 3155 3202 ὲν
3193 3155 3259 3222 τῇ
3303 3151 3507 3205 Ἑλλάδι
3535 3151 3679 3220 ἁφα-

2109 3236 2233 3300 νούς
2261 3237 2480 3303 κύκλου,
2512 3241 2606 3292 καὶ
2641 3240 2859 3295 δύναται
2908 3243 3047 3313 ὑπὲρ
3084 3243 3184 3315 γῆς
3225 3244 3519 3315 φερόμεγς
3557 3244 3678 3315 βλέ-

2110 3329 2305 3382 πεσθαι
2327 3346 2339 3358 ·
2373 3333 2466 3384 καὶ
2491 3331 2555 3402 δὴ
2589 3333 2682 3385 καὶ
2721 3331 3004 3404 θεωρεῖται
3037 3336 3094 3386 ἐν
3123 3339 3234 3399 τοῖς
3275 3335 3401 3406 περὶ
3427 3337 3524 3408 τὴν
3557 3335 3676 3392 Ῥέης

2108 3419 2195 3474 δον
2228 3421 2430 3483 τόποις.

2181 3515 2307 3568 ΚΖ’.
2331 3515 2496 3568 Πάλιν
2527 3515 2582 3570 δὲ
2609 3519 2636 3570 6
2667 3516 2889 3582 Εὔδοξος
2919 3518 3167 3588 διασαφεῖ
3193 3518 3283 3572 καὶ
3306 3520 3429 3585 τοὺς
3451 3520 3544 3574 ἐπὶ
3571 3520 3677 3575 τῶν

2111 3606 2382 3678 κολούρων
2411 3607 2716 3680 λεγομένων
2745 3612 2958 3666 κύκλων
2989 3613 3272 3683 κειμένους
3301 3616 3554 3687 ἀστέρας,
3585 3619 3678 3670 καί

2113 3714 2276 3768 φησιν
2303 3699 2394 3751 ἐπὶ
2430 3701 2527 3769 μὲν
2557 3701 2650 3754 τοῦ
2688 3702 2805 3765 ἐνὸς
2837 3703 3014 3756 αὐτῶν
3044 3704 3253 3758 κεῖσθαι
3291 3705 3352 3759 τὸ
3390 3707 3554 3776 μέσον
3580 3708 3678 3780 τῆς

2116 3789 2354 3860 μεγάλης
2383 3792 2639 3862 Ἀρκτου,
2694 3794 2786 3846 καὶ
2823 3794 2917 3847 τοῦ
2961 3795 3235 3867 Καρκίνου
3283 3797 3344 3850 τὸ
3375 3799 3559 3868 μέσον,
3588 3800 3680 3851 καὶ

2111 3879 2202 3932 τὸν
2227 3880 2423 3951 αὐχένα
2459 3881 2550 3934 τοῦ
2584 3882 2800 3954 Ὕδρου,
2844 3886 2938 3938 καὶ
2970 3885 3067 3956 τῆς
3109 3885 3332 3956 Ἀργοῦς
3377 3886 3436 3939 τὸ
3477 3887 3675 3957 μεταξὺ

2112 3971 2208 4041 τῆς
2239 3989 2298 4026 τε
2324 3973 2574 4046 πρύμνης
2602 3976 2695 4029 καὶ
2723 3976 2816 4030 τοῦ
2845 3978 3009 4032 ἱστοῦ.
3047 3974 3179 4031 Εἶτα
3211 3977 3346 4050 μετά
3381 3980 3471 4032 τὸν
3498 3979 3674 4049 ἀφανῆ

2113 4064 2272 4118 πόλον
2318 4065 2417 4136 τὴν
2468 4067 2632 4137 ούράν
2674 4067 2766 4121 τοῦ
2812 4072 2986 4122 νοτίου
3028 4071 3248 4140 Ἰχθύος.
3291 4071 3474 4124 καὶτὸ
3516 4072 3676 4142 μένον

2113 4150 2205 4205 τοῦ
2256 4153 2553 4224 Λίγόκερω,
2603 4157 2696 4209 καὶ
2746 4157 2806 4210 τὸ
2857 4159 3019 4229 μέσον
3074 4161 3168 4214 τοῦ
3211 4162 3456 4215 Ὀῖστοῦσ
3485 4162 3576 4216 τού
3620 4163 3676 4217 δὲ

2119 4243 2364 4315 Ὄρνιθος
2396 4245 2484 4298 διὰ
2511 4246 2603 4299 τοῦ
2643 4248 2886 4317 αὐχένος,
2915 4252 3008 4304 καὶ
3038 4252 3136 4322 τῆς
3178 4253 3356 4320 δεξιᾶς
3391 4255 3678 4327 πτέρυγος,

2115 4336 2210 4389 καὶ
2237 4335 2325 4389 διὰ
2343 4337 2442 4407 τῆς
2462 4339 2752 4410 ἀριστερᾶς
2779 4343 2959 4412 χειρὸς
2992 4343 3082 4396 τοῦ
3115 4346 3346 4414 Κηφέως
3376 4347 3680 4419 γράφεσθαι

2115 4429 2296 4495 αὑτὸν,
2328 4432 2421 4484 καὶ
2461 4431 2549 4485 διὰ
2595 4433 2693 4504 τῆς
2740 4435 2961 4506 καμπῆς
3006 4436 3098 4489 τοῦ
3134 4438 3364 4506 Ὄφεως,
3397 4441 3489 4493 καὶ
3531 4439 3679 4511 παρὰ

2051 4560 2092 4615 D
2118 4521 2216 4592 τὴν
2242 4521 2407 4592 οὐρὰν
2431 4523 2527 4592 τῆς
2562 4525 2762 4594 μικρᾶς
2791 4525 3048 4595 Ἀρκτου.

2194 4620 2326 4690 Περὶ
2342 4621 2438 4688 μὲν
2469 4616 2560 4674 οὖν
2587 4620 2685 4691 τῆς
2709 4622 2939 4693 ’Ἄρκτου
2960 4621 3255 4696 ὁλοσχερῶς
3271 4627 3470 4695 ἀγνοεῖ.
3491 4631 3555 4683 οι
3575 4631 3680 4700 γὰρ

2123 4711 2517 4784 προηγούμενοι
2542 4716 2730 4789 αὐτῆς,
2762 4722 2806 4773 οἱ
2838 4722 2894 4773 ἐν
2927 4723 2990 4792 τῇ
3027 4719 3254 4790 κεφαλῇ,
3284 4701 3454 4774 καὶόἱ
3489 4723 3549 4775 ἐν
3572 4725 3680 4786 τοῖς

2121 4803 2470 4874 ἐμπροσθίοις
2497 4809 2670 4874 ποσὶν,
2699 4811 2994 4882 ἀμφότεροι
3019 4813 3076 4864 ἐν
3108 4811 3186 4883 τῷ
3213 4811 3306 4865 τοῦ
3330 4812 3553 4878 Λέοντος
3582 4814 3681 4868 δω-

2123 4894 2497 4968 δεκατημορίῳ
2525 4901 2744 4954 κεῖνται.
2783 4901 2906 4966 Πῶς
2931 4898 3022 4956 οὖν
3060 4902 3280 4956 δυνατὸν
3315 4904 3376 4956 τὸ
3398 4905 3562 4975 μέσον
3586 4905 3681 4976 τῆς

2128 4988 2363 5059 Ἄρκτου
2403 4990 2460 5043 ἐν
2496 4993 2562 5062 τῇ
2606 4992 2745 5064 ἀρχῇ
2789 4993 2882 5046 τοῦ
2926 4996 3196 5065 Καρκίνου
3227 4996 3464 5063 κεῖσθαι;
3495 4999 3598 5068 τῆς
3627 4998 3682 5050 δὲ

2137 5141 2360 5219 ipsis__in
2393 5142 2586 5206 stellis,
2615 5160 2757 5219 quas
2786 5145 3036 5219 designat
3067 5147 3431 5219 Hipparchus.
3454 5151 3680 5207 investi-

2135 5212 2536 5291 ga_t_ulis._atque
2560 5229 2590 5268 e
2611 5212 2934 5278 Ptolemaei:
2956 5227 3051 5291 aut
3095 5212 3370 5291 Ty'ehonis
3419 5223 3684 5278 laterculo

2137 5282 2431 5356 seligcndis
2461 5299 2567 5336 non
2601 5300 2789 5353 parum
2824 5290 3024 5356 negotii
3057 5282 3170 5353 est';
3193 5300 3266 5352 et,
3303 5291 3395 5346 ubi
3419 5292 3556 5346 cciti
3587 5294 3684 5346 ali-

2133 5353 2264 5421 quid
2299 5354 2670 5421 extrieaveris,
2702 5353 3116 5412 innumerabilis
3165 5371 3384 5415 ortuum
3425 5370 3479 5416 et
3528 5377 3685 5417 occa-

2132 5423 2993 5499 Sttuin___expediend_avarietas;
3053 5446 3174 5499 quae
3222 5434 3304 5486 vel
3355 5431 3684 5486 acerrimum

2129 5493 2424 5572 quemlibet
2461 5493 2988 5572 cupidissimumque
3010 5493 3281 5572 frangere,
3313 5517 3377 5556 ac
3403 5500 3688 5572 delassare

2129 5563 2324 5632 possit.
2362 5563 2460 5617 Hic
2487 5567 2648 5632 igitur
2671 5563 3324 5628 comtnanationis'istius
3360 5572 3584 5625 modum
3611 5571 3689 5625 fa-

2129 5633 2355 5712 ciemus,
2390 5642 2583 5712 caetera
2613 5635 2962 5712 Hipparchea:
2993 5642 3269 5712 doctrinae,
3297 5657 3420 5712 qua
3463 5641 3686 5710 quidem

2129 5703 2270 5776 seire
2300 5703 2591 5776 plurimum
2617 5703 2958 5765 ett—omnibus
2989 5711 3222 5776 intersit,
3249 5703 3359 5768 fere
3390 5713 3446 5766 in
3480 5703 3692 5770 nostris

2133 5771 2617 5829 Dissertationibus
2639 5777 2906 5847 explicata
2931 5784 3188 5849 reperies.
