3928 6266
234 344 363 401 1061
1198 349 1563 406 BIPPARCHI
1594 349 1684 405 AD
1722 348 2171 409 PHENOMENA
2210 351 2338 408 LIB.
2383 352 2424 407 I.
3320 360 3460 420 {063

232 459 473 533 κεφαλῆς
513 461 613 517 τοῦ
646 462 842 535 ’Υδρου
889 465 1178 536 ἡγούμενοι
1223 466 1480 538 ἐπέχουσι
1533 465 1810 537 Καρκίνου

1928 466 2109 523 Zancri
2136 469 2384 525 obtinent
2412 477 2597 541 partes
2623 472 2856 542 amplius
2888 473 3094 529 decem.
3116 473 3346 531 Planum
3375 486 3462 534 est

234 553 413 607 πλεῖον
452 553 489 625 ἢ
542 553 655 622 μοί.
692 560 742 608 ι’.
782 554 948 626 Δῆλον
996 552 1108 622 οὖν,
1137 557 1218 610 ὅτι
1262 556 1439 629 πολλῷ
1466 557 1647 612 πλεῖον
1677 558 1808 611 ὑπο-

1928 560 2074 630 gitur
2110 560 2309 615 collum
2359 560 2529 634 IIydri
2558 561 2790 634 longiori
2840 561 3019 620 adhuc
3058 564 3129 620 ab
3157 579 3225 621 eo
3256 566 3466 623 circulo

232 645 474 700 λείπεται
507 646 607 699 τοῦ
645 647 931 717 εἰρημένου
977 647 1173 702 κύκλου
1209 651 1237 702 6
1267 649 1437 721 αὐχὴν
1463 649 1556 704 τοῦ
1587 649 1802 721 Ὕδρου.

1928 651 2084 720 ιριιιὶο
2110 649 2337 706 distare.

300 740 435 792 KH’.
464 738 609 810 Περὶ
629 739 686 792 δέ
710 740 808 811 τῆς
848 740 1072 812 Ἀργοῦς
1096 743 1193 813 οὐχ
1221 741 1388 810 ὑγιῶς
1422 743 1655 816 εἴρηται.
1686 743 1808 799 Τῶν

1979 740 2211 797 XXVIII.
2250 740 2384 796 Nam
2414 742 2483 798 de
2508 743 2653 815 Argo
2692 743 2832 801 falsa
2864 755 2992 801 sunt
3033 762 3154 819 qua:
3197 748 3339 805 idem
3374 748 3467 820 ille

232 831 276 885 δ’
304 832 363 883 ὲν
389 831 457 900 τῇ
489 830 748 902 οὐρᾷ-τοῦ
801 832 973 887 νοτίου
1018 833 1214 905 Ἰχθύος
1252 835 1486 905 μάλιστα
1518 837 1546 888 6
1576 834 1810 906 ἡγούμε-

1928 837 2151 906 ;οι·ἱρείι.
2185 838 2243 892 In
2282 839 2543 895 australis
2568 855 2698 894 vero
2735 839 2910 895 Piscis
2936 842 3109 897 cauda
3151 841 3466 912 praecedens

234 940 320 987 νος
359 923 558 994 ἀπέχει
609 922 700 977 τοῦ
744 930 793 977 α’
826 924 1006 979 πλεῖον
1039 926 1069 998 ἢ
1102 926 1210 997 μοι.
1253 933 1358 995 κγ’.
1405 926 1669 980 Τοσοῦτον
1700 927 1807 999 ἄρα

1928 930 2145 986 naximc
2167 929 2335 986 distat
2353 946 2380 984 a
2400 936 2572 1002 primo
2586 933 2830 1004 paribus
2844 932 3180 1003 οιιιριὶιιεὲὖ.
3203 933 3468 989 Tantum-

237 1014 592 1070 ὑπολείπεται
632 1015 726 1069 τοῦ
766 1019 1162 1088 προειρημένου
1207 1017 1424 1081 κύκλου,
1466 1018 1561 1073 καὶ
1596 1017 1695 1073 οὐκ
1721 1018 1807 1072 ἐπ’

1928 1020 2036 1074 lem
2063 1035 2194 1089 ergo
2219 1020 2457 1076 abestab
2484 1036 2548 1076 co
2576 1037 2734 1092 quem
2765 1023 2874 1076 dixi
2904 1022 3132 1088 circulo,
3169 1038 3266 1079 nec
3303 1024 3359 1078 itt
3401 1038 3469 1080 eo

236 1106 395 1160 αὐτοῦ
441 1106 690 1179 φέρεται.
734 1109 787 1161 Ὀ
822 1108 879 1160 δὲ
917 1108 1120 1174 Ὀῐστὸς
1164 1109 1282 1174 ὅλος
1326 1111 1672 1165 ὑπολείπεται
1712 1107 1807 1164 τοῦ

1928 1121 2177 1166 novetur.
2209 1115 2279 1166 At
2334 1113 2548 1183 Sagitta
2598 1122 2803 1184 quanta
2841 1123 3044 1184 quanta
3082 1123 3166 1170 cst
3199 1116 3366 1170 distat
3399 1116 3470 1172 ab

238 1199 640 1272 προειρημένου
675 1199 896 1265 κύκλου,
920 1202 1014 1256 καὶ
1041 1202 1101 1254 οὐ
1127 1202 1213 1256 διὰ
1245 1203 1408 1272 μέσου
1431 1204 1686 1274 τέμνεται
1717 1204 1808 1258 ὑπ’

1928 1205 2099 1260 :odem
2127 1205 2360 1271 circulo,
2393 1221 2495 1261 nec
2525 1207 2593 1261 ab
2623 1222 2688 1261 eo
2711 1206 2887 1261 media
2917 1216 3154 1263 secatur.
3175 1205 3309 1261 Nam
3333 1223 3470 1279 prat-

237 1292 419 1347 αῠτοῦ.
456 1293 518 1346 ’0
552 1292 662 1364 γὰρ
698 1293 997 1364 ἡγούμενος
1025 1297 1081 1348 ἐν
1103 1295 1250 1366 αύτῷ
1281 1297 1457 1368 ἀστὴρ
1478 1297 1674 1368 ἀπέχει
1703 1296 1809 1350 ἀπὸ

1928 1291 2112 1345 :edcns
2144 1290 2198 1345 in
2236 1291 2352 1361 ipsa
2389 1294 2549 1347 stella
2577 1292 2749 1347 distat
2777 1301 2932 1363 parte
2962 1307 3089 1346 una.
3120 1291 3300 1359 Quare
3325 1292 3469 1348 bifa-

242 1386 346 1457 μοί.
383 1390 430 1438 α’
461 1385 533 1438 ⁷ο.
568 1384 682 1438 οὐκ
710 1385 819 1456 ἄρα
849 1385 1069 1440 δυνατὸν
1093 1386 1490 1458 διχοτομείσθαι
1517 1387 1678 1442 αὐτὸν
1707 1386 1812 1440 ὑπὸ

1928 1383 2050 1437 'iam
2073 1383 2140 1438 ab
2173 1384 2267 1438 illo
2302 1384 2511 1439 circulo
2551 1384 2720 1439 dividi
2753 1400 2859 1440 non
2893 1392 3088 1454 potest.
3125 1383 3389 1441 Similiter
3416 1391 3473 1441 et

238 1474 327 1529 τοῦ
368 1475 776 1547 προειρημένου
814 1475 1034 1530 κύκλου.
1085 1478 1311 1548 Ὁμοίως
1339 1479 1395 1533 δὲ
1431 1480 1526 1533 καὶ
1565 1482 1594 1534 6
1624 1482 1811 1551 Ὄρνις

1928 1474 2131 1545 Ϊῖγεηυε
2158 1480 2306 1532 totus
2339 1478 2408 1531 ad
2455 1476 2720 1532 orientem
2751 1476 3016 1531 obversus
3038 1484 3123 1530 est
3153 1478 3204 1531 ei
3238 1477 3469 1535 circulo.

239 1566 352 1632 ὅλος
384 1567 524 1639 πρὸς
574 1567 837 1632 ἀνατολὰς
878 1572 1050 1623 κεῖται
1097 1570 1191 1624 τοῦ
1243 1571 1531 1643 εἰρημένου
1587 1571 1811 1626 κύκλου.

1928 1566 2090 1638 llujus
2123 1568 2269 1623 enint
2296 1568 2637 1639 praecedens,
2662 1576 2716 1624 et
2748 1570 2802 1624 in
2845 1578 3093 1625 extremo
3120 1577 3304 1626 rostro
3341 1570 3470 1636 sita,

253 1655 305 1714 '0
357 1658 468 1731 γὰρ
519 1658 821 1731 ἡγούμενος
875 1661 963 1714 ἐπ’
1013 1662 1177 1716 αὐτοῦ
1234 1664 1329 1716 καὶ
1375 1665 1460 1717 ἐπ’
1506 1663 1675 1736 ἄκρου
1716 1663 1811 1717 τοῦ

1928 1659 2082 1714 Iistat
2111 1671 2262 1730 parte
2292 1659 2318 1712 1
2354 1660 2477 1732 I/i.
2497 1660 2696 1715 Earum
2724 1662 2881 1732 11.7
2898 1677 3043 1725 vero,
3072 1678 3193 1732 qua:
3216 1662 3269 1717 in
3291 1673 3472 1721 extre-

246 1751 469 1825 ῥύγχους
503 1751 698 1824 ἀπέχει
729 1753 839 1824 μοί.
877 1760 926 1807 α’
953 1752 1039 1808 S".
1075 1755 1194 1809 Τῶν
1219 1754 1277 1809 δὲ
1303 1758 1360 1809 ἐν
1397 1757 1543 1829 ἄκρᾳ
1572 1760 1638 1828 τῇ
1665 1755 1814 1829 δεξιᾷ

1928 1751 2106 1808 nitate
2122 1759 2252 1806 sunt
2280 1752 2378 1807 alae
2397 1753 2622 1817 dextrae,
2641 1769 2762 1824 qua:
2781 1755 2847 1808 ad
2871 1754 3208 1810 occidentem
3239 1757 3475 1813 maxime

491 1848 522 1899 6
554 1815 788 1917 μάλιστα
821 1847 957 1919 πρὸς
1002 1846 1153 1902 δύσιν
1186 1847 1434 1919 κείμενος
1473 1815 1672 1920 ’ἀέτέέὲι
1717 1815 1814 1904 τοῦ

1928 1847 2147 1909 ιρεειοι,
2174 1843 2329 1895 abest
2349 1855 2378 1895 a
2407 1842 2576 1912 priori
2595 1815 2748 1913 parte
2776 1859 2883 1899 nou
2906 1838 3189 1914 ampliusii
3215 1847 3334 1916 ιβ.
3353 1845 3474 1905 Νοη

242 1940 287 1989 α’
318 1937 377 1989 ού
408 1935 628 2005 πλέονῆ
672 1936 783 2006 μοί.
821 1944 872 2002 ς’
903 1937 986 1993 S".
1016 1940 1130 1993 Ούκ
1163 1939 1272 2011 ἄρα
1313 1939 1536 1994 δυνατὸν
1570 1941 1689 1994 οὐδὲ
1724 1940 1815 1995 τὸν

1928 1934 2096 1998 potest
2115 1928 2280 1998 igitur
2297 1944 2367 1984 ne
2395 1931 2595 1985 collum
2624 1930 2842 2002 quidem
2861 1932 3055 2006 Cygni,
3078 1951 3257 2008 neque
3284 1938 3476 1995 dextra

243 2029 439 2098 αὐχένα
460 2027 559 2083 τοῦ
595 2028 845 2099 Ὄρνιθος
881 2029 1004 2083 οὔτε
1032 2031 1134 2102 τὴν
1161 2030 1340 2096 δεξιὰν
1371 2032 1614 2104 πτέρυγα
1648 2030 1814 2088 αὑτοῦ
1913 2021 2035 2091 eius
2066 2020 2151 2075 ³1³
2174 2021 2232 2076 in
2253 2022 2347 2078 ίίίο
2378 2022 2587 2080 Circum
2616 2025 2894 2084 εοηοεπίο

244 2120 333 2174 ἐπὶ
361 2120 454 2174 τοῦ
481 2120 778 2193 εἰρημένου
802 2120 1000 2176 κύκλου
1026 2121 1258 2177 κεῖσθαι.

308 2211 409 2266 Τοῦ
443 2229 509 2281 γε
542 2213 652 2284 μὴν
691 2212 924 2282 Κηφέως
967 2216 1000 2286 ή
1041 2214 1301 2286 ἀρίστερὰ
1345 2215 1465 2286 χεὶρ
1508 2214 1642 2268 πολὺ
1681 2213 1816 2279 ὅλως

247 2302 613 2375 παραλλάσσει
643 2304 734 2358 τὸν
780 2304 1070 2377 εἰρημένον
1114 2304 1310 2359 κύκλον
1349 2307 1487 2377 πρὸς
1529 2305 1811 2370 ἀνατολάς.

246 2396 346 2450 Καὶ
377 2396 485 2469 γὰρ
512 2399 563 2451 οἰ
602 2399 658 2451 ἐν
683 2401 746 2470 τῇ
782 2399 989 2470 κεφαλῇ
1016 2397 1203 2462 αὑτοῦ,
1231 2398 1281 2451 οἰ
1331 2399 1619 2471 ἡγούμενοι
1657 2399 1816 2471 μάλι-

248 2504 360 2552 στα,
395 2488 490 2543 τοῦ
530 2476 818 2562 ’Υδροχόου
853 2491 1107 2562 ἐπέχουσι
1147 2490 1327 2545 πλεῖον
1358 2492 1391 2563 ἢ
1425 2494 1530 2563 μοῖ.
1570 2499 1619 2547 ι’.
1662 2493 1720 2546 '0
1759 2493 1817 2548 δὲ

249 2577 302 2632 ὲν
321 2581 383 2651 τῇ
409 2580 674 2651 ἀριστερᾷ
701 2581 845 2652 χειρί
881 2580 1129 2652 λαμπρὸς
1162 2582 1356 2654 ἀστὴρ,
1397 2585 1426 2636 6
1465 2585 1522 2636 ἐν
1552 2581 1630 2654 τῷ
1660 2581 1814 2655 ὤμῳ,

248 2669 302 2726 δν
349 2688 494 2737 τινες
536 2672 788 2738 τιθέασι,
846 2672 940 2726 τοῦ
982 2674 1264 2746 ’Υδροχόου
1313 2675 1496 2747 ἐπέχει
1556 2679 1663 2747 μοῖ.
1717 2677 1813 2730 κε’.

250 2763 397 2837 Παρὰ
425 2765 626 2838 μικρὸν
648 2761 741 2819 οὖν
776 2764 820 2836 β’
854 2765 1018 2830 ζῴδια
1048 2766 1436 2838 παραλλάσσει.
1467 2768 1602 2839 Περὶ
1637 2769 1817 2840 μέντοι

249 2855 339 2925 τῆς
364 2856 613 2928 ικαμπῆς
640 2857 732 2910 τοῦ
764 2859 977 2926 Ὀιρεως
1026 2858 1120 2911 καὶ
1150 2857 1249 2930 τῆς
1281 2859 1447 2930 οὐρᾶς
1487 2859 1585 2930 τῆς
1619 2862 1819 2931 μικρᾶς

254 2948 479 3017 Ἀρκτου
512 2948 692 3021 ὀρθῶς
720 2951 1049 3021 ἀπεφήνατο.

315 3038 441 3094 KG’.
476 3041 570 3094 Ἐν
602 3040 661 3094 δὲ
684 3039 762 3112 τῷ
784 3041 953 3112 ἑτέρῳ
980 3041 1221 3115 κολούρῳ
1262 3044 1392 3113 φησί
1427 3042 1691 3098 κεῖσθαιὸ
1722 3043 1819 3116 μὲν

1981 2199 2103 2256 Jam
2143 2203 2365 2260 sinistra
2403 2204 2603 2277 Cephei
2639 2223 2836 2265 manus
2867 2210 3026 2282 longe
3050 2211 3117 2267 ab
3149 2220 3339 2269 eodem
3365 2213 3476 2271 cir-

1915 2294 2042 2348 culo
2079 2294 2319 2350 declinat
2356 2296 2424 2352 ad
2464 2300 2751 2355 orientem.
2792 2300 2929 2356 Nam
2960 2319 3082 2372 qua:
3120 2312 3250 2359 sunt
3299 2305 3356 2362 in
3407 2307 3478 2363 il-

1914 2385 2022 2441 lius
2055 2388 2255 2458 capite,
2297 2392 2596 2459 praesertim
2634 2394 3040 2461 antecedentes,
3077 2397 3300 2468 Aquarii
3349 2414 3477 2472 par-

1915 2485 2023 2533 tem
2057 2479 2305 2535 obtinent
2337 2484 2572 2554 amplius
2614 2477 2901 2541 decimam.
2937 2485 3141 2543 Lucida
3172 2506 3320 2554 vero,
3355 2507 3479 2563 qua

1914 2580 1998 2626 est
2029 2571 2094 2625 ἰη-
2113 2571 2336 2628 sinistra
2371 2591 2553 2640 manu,
2599 2593 2762 2649 quam
2800 2580 3027 2637 humero
3066 2583 3285 2653 quidam
3324 2586 3480 2642 attri-

1916 2662 2114 2730 buunt,
2170 2664 2396 2736 Aquarii
2439 2668 2650 2725 obtinet
2694 2681 2903 2742 partem
2933 2673 3026 2731 25.
3081 2673 3479 2745 Propetttodutn

1915 2771 2046 2826 ergo
2114 2746 2393 2827 signorum
2453 2761 2686 2817 duorutn
2741 2764 3028 2820 intervallo
3090 2765 3344 2824 declinat.
3403 2768 3480 2827 De

1917 2845 2055 2902 ﬂexu
2098 2846 2376 2921 Serpentis
2409 2861 2464 2908 et
2513 2854 2688 2910 cauda
2740 2857 2967 2915 minoris
3003 2857 3153 2915 Ursa:
3192 2868 3340 2918 recte
3389 2862 3481 2919 ille

1918 2939 2129 2994 statuit.

1989 3025 2178 3083 XXIX.
2204 3026 2263 3082 In
2280 3030 2449 3086 altero
2468 3033 2655 3089 coluro
2675 3035 2834 3091 sitam
2856 3052 2978 3094 esse
2999 3042 3189 3098 scribit
3205 3042 3482 3100 sinistram

252 3130 342 3203 τὴν
370 3132 665 3204 ἀριστερὰν
697 3136 853 3204 χεῖρα
878 3133 973 3186 τοῦ
1012 3134 1461 3206 Ἀρκτοιρύλακος,
1489 3136 1583 3189 καὶ
1606 3136 1651 3167 ⁷⁸
1677 3114 1820 3206 μέσα

1928 3114 2334 3191 Arctopltylacis
2362 3138 2601 3190 manum,
2634 3140 2696 3179 ac
2723 3142 2819 3196 per
2850 3130 3085 3184 medium
3115 3132 3291 3203 ipsum
3311 3142 3485 3191 trans-

253 3224 406 3279 αὐτοῦ
440 3226 587 3280 κατὰ
631 3227 801 3297 μῆκος
823 3245 838 3258 ·
865 3222 982 3280 εἶτα
1018 3227 1087 3281 τὰ
1122 3227 1263 3298 μέσα
1303 3227 1411 3280 τῶν
1453 3228 1646 3300 Χηλῶν
1682 3229 1821 3284 κατὰ

257 3316 472 3382 πλάτος·
500 3319 600 3373 καὶ
632 3318 723 3372 τοῦ
752 3319 1062 3391 Κενταύρου
1084 3317 1181 3390 τὴν
1202 3316 1380 3384 δεξιὰν
1405 3322 1580 3391 χεῖρα,
1617 3320 1711 3373 καὶ
1754 3320 1824 3375 τὰ

255 3409 556 3482 ἐμπράσθια
584 3410 821 3479 γόναταν
846 3412 985 3480 μετὰ
1029 3408 1088 3462 δὲ
1127 3407 1219 3462 τὸν
1247 3409 1430 3479 ἀφαινῆ
1469 3408 1651 3474 πόλον,
1680 3426 1824 3480 καμ-

258 3500 357 3573 πήν
389 3519 448 3556 τε
475 3501 574 3556 τοῦ
613 3501 890 3572 Ποταμοῦ,
920 3502 1014 3555 καὶ
1050 3500 1261 3570 Κήτους
1295 3500 1395 3571 τὴν
1438 3499 1698 3569 κεφαλὴν,
1731 3501 1826 3554 καὶ

257 3591 343 3646 τοῦ
368 3594 539 3667 Κριοῦ
577 3594 643 3649 τὰ
666 3593 811 3646 νῶτα
852 3593 993 3646 κατὰ
1035 3592 1259 3655 πλάτος,
1304 3592 1397 3644 καὶ
1439 3591 1536 3646 τοῦ
1569 3592 1824 3663 Περσέως

258 3681 347 3754 τὴν
374 3686 614 3757 κεφαλὴν
645 3686 738 3739 καὶ
774 3685 871 3757 τὴν
896 3684 1074 3751 δεξιὰν
1107 3687 1289 3755 χεῖρα..

330 3773 395 3829 Ἦ
446 3778 548 3847 μὲν
597 3773 691 3831 οὖν
747 3777 1009 3848 ἀριστερὰ
1061 3777 1183 3849 χείρ
1241 3774 1337 3829 τοῦ
1391 3774 1824 3848 Ἀρκτοςρύλακος

260 3866 600 3924 ὑπολείπεται
637 3869 730 3924 τοῦ
759 3869 1048 3942 εἰρημένου
1095 3866 1293 3921 κύκλου
1336 3868 1411 3931 ὠς
1443 3868 1614 3939 ἥμισυ
1661 3867 1825 3939 μέρος

262 3959 462 4030 ζωδίου,
500 3963 597 4016 καὶ
620 3963 719 4017 οὐκ
749 3963 833 4016 ἐπ’
858 3960 1023 4015 αὑτοῦ
1054 3960 1275 4033 φέρεται
1315 3959 1408 4014 τοῦ
1447 3959 1537 4015 διὰ
1563 3958 1671 4013 τῶν
1705 3960 1825 4031 ἰση-

265 4054 484 4124 μερινῶν
532 4054 773 4126 σημείων
814 4052 1036 4116 κύκλου,
1062 4051 1137 4116 ὡς
1163 4050 1390 4116 Εὔδοξός
1419 4068 1605 4122 φησιν.
1637 4052 1694 4105 ὐ
1717 4051 1827 4124 γὰρ

262 4138 549 4216 ἡγούμενος
585 4144 693 4198 τῶν
742 4146 798 4198 ἐν
838 4145 972 4216 αὐτῇ
1000 4143 1184 4214 ἐπέχει
1221 4142 1413 4215 Χηλῶν
1447 4141 1684 4214 πλείονῆ
1713 4145 1829 4213 μοία

265 4239 348 4302 ιγ’.
379 4235 588 4305 Ἀγνοεῖ
613 4234 670 4288 δὲ
695 4235 788 4288 καὶ
818 4234 980 4305 μέσον
1007 4232 1176 4286 αὐτοῦ
1200 4233 1262 4285 τὸ
1291 4232 1450 4304 σῶμα
1482 4231 1628 4286 κατὰ
1655 4233 1829 4304 μῆκος

264 4325 363 4380 ὑπὸ
381 4328 471 4382 τοῦ
496 4326 786 4399 εἰρημένου
816 4325 1015 4380 κύκλου
1036 4324 1327 4397 τέμνεσθαι
1343 4324 1534 4395 λέγων·
1552 4327 1581 4380 6
1599 4325 1698 4397 μὲν
1719 4324 1828 4399 γὰρ

266 4417 352 4472 ἐπὶ
376 4421 470 4492 τῆς
502 4420 743 4491 κεφαλῆς
780 4419 955 4492 ἀστὴρ
992 4419 1177 4490 ἐπέχει
1202 4418 1397 4491 Χηλῶν
1421 4417 1547 4490 περὶ
1589 4420 1698 4490 μοῖ.
1751 4424 1825 4484 ις’

1921 3209 2002 3265 ire
2072 3213 2371 3268 secundum
2441 3216 2868 3290 longitudinem;
2931 3223 3128 3280 deinde
3189 3223 3482 3284 Cltelarum

1920 3303 2156 3358 medium
2184 3306 2481 3363 secundum
2520 3310 2887 3370 latitudinem.
2921 3314 3178 3372 Centauri
3220 3328 3484 3390 praeterea

1920 3391 2165 3448 dextram
2211 3411 2428 3452 manum
2493 3407 2550 3457 et
2599 3404 2874 3471 anteriora
2919 3420 3115 3477 genua.
3168 3406 3296 3465 Post
3342 3426 3486 3468 nun-

1921 3499 2084 3555 quam
2116 3499 2464 3558 apparentem
2500 3493 2706 3562 polum,
2732 3495 2930 3551 Ilcxum
2974 3497 3259 3566 Fluminis,
3287 3510 3340 3558 et
3365 3502 3484 3561 Ceti

1919 3585 2100 3645 caput,
2125 3584 2178 3631 et
2213 3577 2415 3635 Arietis
2444 3588 2592 3653 terga
2624 3587 2925 3641 secundum
2968 3589 3334 3660 latitudinem,
3360 3593 3485 3652 Per-

1921 3665 2000 3722 sei
2037 3678 2204 3736 caput
2240 3684 2365 3724 cum
2400 3672 2592 3728 dextra
2629 3690 2815 3733 manu.

1989 3757 2154 3829 Atqui
2187 3760 2318 3815 larva
2369 3778 2564 3821 manus
2612 3770 3025 3842 Arctopltylacis
3057 3773 3210 3832 abest
3260 3776 3330 3832 ab
3376 3777 3485 3835 isto

1921 3852 2126 3908 circulo
2164 3853 2449 3912 intervallo
2505 3858 2617 3916 fere
2647 3860 2857 3918 dimidii
2893 3865 3077 3936 signi;
3136 3883 3236 3924 nec
3282 3869 3338 3925 in
3366 3871 3491 3943 ipso

1922 3945 2129 4002 circulo
2152 3948 2255 4004 sita
2284 3957 2389 4014 est,
2415 3951 2505 4022 qui
2525 3968 2622 4023 per
2636 3955 3036 4026 aequinoctialia
3069 3969 3270 4030 puncta
3300 3969 3482 4020 trans-

1923 4039 2004 4106 it,
2058 4048 2118 4094 ut
2163 4039 2420 4098 Eudoxus
2465 4044 2712 4104 allirmat.
2762 4047 2976 4105 Etenim
3028 4055 3357 4110 antecedens
3390 4070 3484 4112 ea—

1922 4146 2066 4194 rum,
2106 4148 2227 4203 quae
2265 4135 2322 4190 in
2362 4136 2451 4190 illa
2492 4147 2640 4204 sunt,
2675 4140 2967 4198 Cltelarum
3015 4144 3226 4201 obtinet
3275 4154 3489 4217 partem

1923 4223 2160 4295 amplius
2207 4226 2292 4282 15.
2341 4225 2609 4286 Praeterea
2641 4231 2696 4286 in
2738 4248 2804 4287 eo
2849 4248 3067 4305 quoque
3119 4225 3493 4294 lutllucinmus

1923 4325 2029 4385 est,
2069 4316 2218 4388 quod
2266 4319 2502 4374 medium
2545 4336 2744 4392 corpus
2787 4323 2954 4391 illius,
2987 4326 3286 4381 secundum
3314 4327 3487 4399 longi-

1926 4409 2191 4475 tudinem,
2224 4410 2297 4466 a—b
2332 4426 2397 4466 eo
2436 4427 2597 4480 quem
2644 4413 2883 4471 diximus
2931 4416 3107 4471 secari
3148 4417 3357 4473 circulo
3384 4434 3489 4489 puo

265 4509 355 4563 καὶ
389 4511 659 4583 δίμοιρον·
704 4514 732 4565 ὀ
769 4510 825 4564 δέ
857 4512 915 4563 ἐν
942 4509 1020 4582 τῷ
1058 4509 1219 4581 δεξιῷ
1261 4509 1382 4564 ποδὶ
1418 4510 1601 4581 ἐπέχει
1630 4508 1823 4581 Χηλῶν

1928 4510 2024 4558 tat.
2057 4501 2270 4559 Etenim
2298 4518 2418 4574 qua:
2445 4511 2528 4558 est
2555 4502 2610 4559 in
2636 4503 2756 4573 ejus
2788 4505 2964 4575 capite
2989 4508 3167 4571 stella,
3193 4507 3490 4565 Cbelarum

269 4602 387 4673 περὶ
415 4606 523 4674 μοῖ.
546 4603 622 4657 κδ’
648 4601 733 4669 S",
763 4602 803 4655 δ’
822 4620 838 4633 ν
859 4603 889 4656 6
926 4602 982 4654 δὲ
1005 4604 1063 4655 ἐν
1095 4604 1162 4672 τῇ
1196 4599 1338 4673 ζώνῃ
1363 4600 1612 4673 λαμπρὸς
1640 4600 1826 4672 ἐπέχει

268 4691 451 4765 Χηλῶν
479 4695 607 4768 περί
641 4697 746 4766 μοῖ.
797 4693 856 4747 ιδ’
889 4694 983 4748 καὶ
1009 4691 1057 4763 γ’
1074 4709 1088 4724 ο
1121 4696 1151 4747 6
1186 4692 1243 4747 δὲ
1280 4695 1337 4746 ἐν
1379 4696 1445 4764 τῇ
1489 4691 1639 4764 δεξιᾷ
1686 4692 1826 4764 χειρί

269 4782 357 4837 τοῦ
401 4785 708 4858 Κενταύρου
754 4785 1101 4839 ὑπολείπεται
1152 4784 1245 4838 τοῦ
1294 4784 1582 4856 εἰρημένου
1631 4783 1826 4838 κύκλου

272 4872 458 4946 περὶΰν
493 4878 654 4950 μέρος
700 4877 910 4942 ζωδίου.
958 4877 1170 4947 Ἐπέχει
1221 4875 1330 4949 γὰρ
1372 4875 1565 4947 Χηλῶν
1598 4879 1709 4947 μοῖ.
1754 4884 1823 4947 η’.

279 4964 339 5019 Ἦ
365 4967 420 5023 δὲ
443 4969 650 5041 κεφαλὴ
674 4970 767 5023 τοῦ
800 4970 1012 5039 Κήτους
1049 4968 1412 5030 ὑπολείπεται.
1437 4970 1534 5040 μὲν
1573 4967 1668 5022 τοῦ
1698 4986 1829 5040 προ-

273 5061 546 5131 ειρημένου
572 5061 775 5116 κύκλου
790 5078 803 5092 ·
832 5062 894 5114 ού
920 5061 1054 5116 πολὺ
1076 5061 1155 5116 δέ.
1191 5062 1248 5115 '0
1271 5061 1382 5131 γὰρ
1404 5061 1696 5132 σύνδεσμος
1721 5060 1829 5115 τῶν

285 5148 511 5221 Ἰχθύων,
557 5153 616 5217 ὃς
663 5156 840 5206 κεῖται
891 5151 1028 5223 μετὰ
1067 5152 1169 5223 τὴν
1218 5151 1458 5225 κεφαλὴν
1494 5138 1588 5205 τοῦ
1621 5150 1830 5225 Κήτους

275 5238 360 5295 ἐπὶ
384 5243 479 5314 τῆς
503 5244 694 5315 λοφίας
730 5243 916 5307 αὐτοῦ,
951 5243 1137 5314 ἐπέχει
1171 5242 1345 5314 Κριοῦ
1376 5243 1484 5314 μοῖ.
1513 5249 1585 5311 γ’,
1616 5243 1679 5300 δ’.
1721 5243 1830 5296 Καὶ

281 5331 377 5404 μὴν
405 5337 520 5391 οὐδὲ
546 5337 639 5391 τοῦ
679 5336 851 5409 Κριοῦ
878 5337 946 5390 τὰ
989 5337 1131 5389 νῶτα
1165 5334 1255 5390 ἐπὶ
1293 5334 1384 5389 τοῦ
1413 5336 1706 5409 εἰρημένου
1730 5334 1829 5390 κύ-

276 5421 396 5479 κλου
426 5433 597 5484 κεῖται
618 5446 633 5461 ο
672 5429 813 5483 ἀλλὰ.
846 5428 1193 5483 ὑπολείπεται
1238 5429 1418 5483 πλεῖον
1449 5428 1482 5502 ἢ
1517 5428 1701 5501 τρίτον
1737 5426 1832 5497 μέ·-

281 5518 366 5583 ρος
394 5513 599 5580 ζωδίου.
645 5518 702 5572 ’0
734 5516 842 5590 γὰρ
871 5519 930 5571 ἐν
961 5515 1111 5588 μέσῳ
1150 5517 1228 5588 τῷ
1269 5517 1421 5589 νώτῳ
1452 5514 1621 5571 αὐτοῦ
1648 5515 1834 5588 κείμε-

281 5620 363 5669 νος
385 5609 552 5683 ἀστὴρ
578 5611 762 5683 ἐπέχει
792 5609 961 5680 Κριοῦ
1001 5613 1109 5682 μοῖ.
1146 5617 1214 5665 ια’
1258 5609 1347 5665 S".
1388 5611 1616 5686 Ὁμοίως
1657 5609 1713 5664 δὲ
1739 5609 1832 5663 καὶ

349 5762 394 5795 ⁷⁸
423 5764 506 5835 ππ
541 5766 647 5821 ἀπὸ
671 5767 776 5820 τῶν
808 5775 874 5822 α’.
949 5769 989 5800 ’³
1021 5769 1059 5838 f.
1102 5767 1193 5822 καὶ
1221 5767 1308 5820 τά.

1925 4603 2134 4667 partem
2161 4595 2370 4652 obtinet
2396 4596 2616 4652 circiter
2642 4586 2880 4670 I6'2/5;
2904 4614 3026 4669 quae
3050 4600 3104 4655 in
3124 4600 3317 4658 dextro
3330 4603 3494 4674 pede,

1926 4686 2212 4742 Chelarum
2247 4687 2464 4742 circiter
2490 4687 2581 4753 26,
2608 4689 2726 4754 65';
2764 4704 2886 4760 quae
2914 4691 2968 4744 in
3003 4705 3140 4746 zona
3171 4700 3255 4748 est
3287 4693 3492 4761 lucida,

1926 4776 2215 4833 Cltelarum
2252 4777 2367 4834 fere
2392 4787 2600 4850 partem
2629 4781 2716 4845 I4,
2739 4780 2860 4850 20';
2897 4797 3019 4853 quze
3042 4783 3096 4837 in
3128 4783 3319 4840 dextra
3349 4785 3489 4842 Cen—

1928 4869 2071 4924 tauri
2096 4885 2277 4935 manu,
2311 4871 2465 4927 abest
2485 4870 2554 4927 ab
2582 4872 2675 4926 illo
2702 4873 2909 4928 circulo
2937 4875 3238 4944 quadrante
3268 4876 3496 4934 circiter

1929 4961 2093 5033 signi.
2112 4960 2246 5016 Nam
2268 4961 2559 5018 Cltelarum
2590 4971 2796 5034 partem
2815 4965 3023 5022 obtinet
3039 4966 3093 5021 8.
3119 4966 3296 5037 Caput
3324 4983 3491 5038 porro

1927 5052 2043 5109 Ceti
2100 5054 2268 5110 distat
2312 5056 2530 5126 quidem
2582 5058 2652 5113 ab
2710 5058 2900 5115 eodem
2955 5059 3190 5126 circulo;
3241 5061 3336 5117 sed
3377 5077 3492 5119 non

1928 5159 2126 5216 magno
2162 5145 2363 5215 spatio.
2384 5144 2595 5219 Quippe
2624 5149 2801 5205 nodus
2825 5148 3086 5216 Piscium,
3127 5152 3221 5223 qui
3244 5160 3369 5222 post
3395 5168 3489 5208 ea.

1928 5244 2026 5307 put
2054 5234 2174 5292 Ceti
2228 5237 2444 5308 positus
2481 5249 2584 5305 est,
2642 5241 2697 5295 in
2731 5242 2959 5314 ejusque
2990 5246 3223 5307 cervice,
3281 5244 3489 5305 obtinet

1928 5328 2129 5385 Arietis
2156 5340 2365 5401 partem
2407 5331 2461 5396 5,
2492 5331 2592 5388 ἰδ’.
2632 5331 2737 5389 Sed
2771 5350 2869 5391 nec
2900 5335 3100 5392 Arietis
3131 5344 3279 5408 terga
3309 5336 3364 5391 in
3394 5336 3496 5392 illo

1929 5422 2119 5477 eodem
2148 5423 2358 5479 circqu
2396 5425 2714 5481 collocanda
2752 5436 2899 5483 sunt.
2946 5428 2991 5483 A
3017 5444 3127 5500 quo
3155 5429 3388 5501 amplius
3411 5429 3490 5486 si-

1930 5515 2022 5587 gni
2052 5515 2252 5574 triente
2279 5516 2506 5573 distant.
2545 5516 2682 5573 Nam
2709 5534 2830 5590 quae
2867 5520 3022 5576 stella
3059 5523 3203 5578 inest
3221 5523 3275 5577 in
3310 5521 3497 5579 medio

1932 5609 2079 5668 illius
2093 5616 2267 5680 tergo,
2295 5609 2497 5668 Arietis
2534 5611 2745 5668 obtinet
2774 5620 2982 5682 partem
3016 5614 3249 5686 amplius
3269 5614 3336 5672 It
3363 5613 3489 5687 ιβ.
