3928 6266
282 279 416 337 1065

1143 255 1157 270 ’
1220 272 1591 330 HIPPARCHI
1619 272 1710 329 AD
1734 267 2183 330 rnasnonnna
2215 275 2340 331 un.
2378 275 2449 332 ιι.

3370 279 3507 337 1086

278 396 451 451 ὅαίνει
486 394 748 468 διαφορὰν
792 395 850 448 ἐν
889 395 1010 459 ταῖς
1050 394 1332 458 ἀνατολαῖς
1376 394 1483 446 τῶν
1523 392 1590 463 ιβ’
1622 389 1824 457 ζωδίων

1950 398 2065 446 tum
2101 392 2397 450 discrimen
2421 402 2506 451 est
2527 396 2584 450 in
2625 396 2914 451 duodecim
2944 398 3225 469 signorum
3259 398 3506 454 ortibus:

278 487 533 555 ἀγνοήσει
567 485 668 556 τὴν
708 483 810 554 τῆς
854 481 1047 547 νυκτὸς
1088 481 1237 553 ὤραν
1274 483 1305 533 ὁ
1346 482 1425 552 τῷ
1468 480 1848 552 προειρημένῳ

278 573 622 645 συλλογισμῷ
652 573 951 646 χρώμενος.
985 573 1232 628 Μάλιστα
1261 573 1305 627 δ’
1332 573 1398 627 ἀν
1439 590 1521 636 τις
1542 571 1845 642 θαυμάσειε

277 663 393 727 πῶς
450 664 546 717 καὶ
592 666 621 718 ό
656 664 916 729 ’Ἄτταλος
961 662 1409 732 συγκατατίθεται
1462 661 1656 733 τούτῳ.
1685 662 1846 729 Λέγει

275 756 387 826 γὰρ
415 756 507 808 τὸν
530 754 726 827 τρόπον
752 755 971 810 τοῦτον·
1005 774 1025 808 ι
1070 756 1158 809 Ἐν
1191 755 1249 809 δὲ
1284 757 1397 818 τοῖς
1421 754 1695 826 ἐχομένοις
1725 770 1845 806 πει-

274 849 441 919 ρᾶται
469 847 860 911 ὑποδεικνύειν,
899 847 1014 913 πῶς
1045 848 1108 903 ἄν
1135 864 1220 911 τις
1250 846 1339 900 διὰ
1374 847 1481 901 τῶν
1508 847 1721 917 ἄστρων
1755 844 1846 897 δύο

272 955 425 993 ναιτο
452 938 549 1011 τὴν
568 939 720 1011 ὤραν
753 940 854 1008 τῆς
876 941 1066 1004 νυκτὸς
1092 938 1525 1009 ἐπιγιγνώσκειν.
1558 938 1713 991 Ἐπεὶ
1736 938 1844 1008 γάρ

262 1030 422 1083 ἐστιν
452 1029 593 1102 ἀρχὴ
617 1031 808 1095 νυκτὸς
828 1031 981 1103 ήλίου
1006 1030 1156 1094 δύσις
1173 1048 1186 1060 ·
1223 1032 1253 1083 ό
1275 1030 1332 1083 δέ
1357 1030 1510 1102 ἥλιος
1535 1030 1623 1084 ἀεὶ
1644 1028 1702 1082 ἐν
1738 1046 1843 1081 τινι

267 1122 381 1175 τῶν
405 1122 471 1193 ιβ’
497 1121 702 1186 ζωδίων
727 1122 874 1176 ἐστί·
906 1122 1083 1194 δῆλον,
1106 1123 1187 1176 ὅτι
1210 1121 1288 1193 τῷ
1310 1119 1630 1190 γινώσκοντι
1658 1121 1716 1172 ἐν
1738 1120 1842 1174 τίνι

258 1230 328 1267 τε
349 1212 524 1286 ζωδίῳ
542 1215 571 1267 ὁ
592 1213 743 1285 ἥλιός
768 1215 904 1276 ἐστι,
925 1214 1017 1267 καὶ
1042 1215 1100 1267 ἐν
1127 1213 1299 1288 πόστῃ
1324 1213 1486 1286 μοίριιι⁸
1509 1211 1601 1267 τοῦ
1628 1212 1840 1278 ζωδίου,

267 1306 453 1378 ῥᾴδιόν
487 1308 630 1359 ἐστιν
660 1305 973 1374 ἐπιγνῶναι,
1019 1305 1116 1358 καὶ⁹
1162 1307 1312 1358 ποῖον
1358 1303 1545 1369 ζώδιον
1599 1305 1655 1357 ἐν
1697 1306 1838 1375 ἀρχῇ

258 1398 365 1468 τῆς
394 1396 585 1461 νυκτὸς
614 1397 911 1461 ἀνατέλλει,
941 1397 1036 1450 καὶ
1074 1396 1202 1468 ποία
1244 1395 1429 1468 μοίρᾳ.
1469 1396 1546 1468 Τῇ
1590 1395 1700 1468 γὰρ
1736 1396 1841 1449 ὑπὸ

259 1465 359 1543 τοῦ
390 1489 541 1561 ἡλίου
568 1488 905 1560 κατεχομένη
943 1465 1107 1560 μοίρᾷ
1229 1465 1690 1560 κατάδιάμετρον
1726 1504 1840 1541 κει-

264 1583 408 1654 μένη
434 1582 535 1654 τὴν
558 1583 821 1653 ἀνατολὴν
856 1581 997 1635 κατά
1017 1579 1113 1653 τὴν
1144 1580 1318 1652 ἀρχὴν
1344 1581 1446 1651 τῆς
1463 1579 1660 1643 νυκτὸς
1682 1579 1842 1649 ποιή-

1946 485 2040 553 qui
2062 485 2274 541 ratione
2294 486 2382 540 illa
2417 487 2493 541 uti
2511 487 2659 559 velit,
2689 489 2875 542 horam
2908 490 3087 544 noctis
3108 489 3326 559 assequi
3361 491 3513 545 nullo

1946 575 2107 628 modo
2146 577 2367 645 poterit.
2422 575 2527 632 Sed
2567 578 2699 632 illud
2763 578 2952 632 mirari
3012 579 3181 641 subit,
3237 581 3514 649 quomodo

1947 665 2072 720 huic
2108 669 2269 721 etiam
2325 668 2588 724 doctrinae
2633 653 2973 740 subscriptor
3012 670 3229 727 Attalus
3266 669 3508 726 accedat.

1946 753 2025 808 lza
2077 757 2277 826 quippe
2313 757 2590 828 loquitur:
2632 777 2651 809 ι
2689 757 2751 813 ln
2789 760 3145 829 sequentibus
3194 776 3361 831 porro
3415 760 3514 814 de-

1946 857 2250 904 monstrare
2279 860 2511 905 conatur
2542 866 2651 923 qua
2687 852 2900 906 ratione
2944 852 3214 923 quispiam
3254 868 3287 908 e
3312 851 3510 907 sideri-

1944 938 2049 993 bus
2073 948 2397 996 nocturnam
2432 942 2622 997 horam
2650 943 2947 1013 coniectari
2975 943 3196 1014 poterit.
3222 942 3356 998 Nam
3384 958 3511 997 cum

1944 1032 2019 1087 sit
2044 1032 2223 1089 noctis
2251 1033 2474 1089 initium
2515 1035 2649 1090 solis
2678 1050 2933 1099 occasus,
2963 1037 3045 1092 sol
3074 1045 3258 1092 autem
3302 1036 3512 1090 duode-

1942 1123 2049 1179 cim
2089 1125 2368 1196 signorum
2409 1141 2629 1196 semper
2668 1126 2724 1181 in
2770 1128 2953 1198 aliquo
2985 1136 3275 1195 versetur;
3306 1130 3513 1198 perspi-

1940 1230 2107 1270 cuum
2152 1224 2255 1281 est,
2291 1217 2383 1287 qui
2410 1218 2463 1271 id
2492 1220 2829 1290 cognoverit,
2872 1221 2928 1274 in
2961 1236 3071 1291 quo
3115 1221 3272 1292 signo
3299 1222 3383 1277 sol
3413 1236 3513 1292 po-

1925 1309 2080 1364 -situs
2116 1310 2207 1374 sit,
2254 1318 2309 1364 et
2366 1325 2472 1380 qua
2516 1311 2636 1379 ejus
2674 1312 2815 1381 signi
2853 1319 3028 1382 parte,
3066 1312 3225 1369 facile
3261 1315 3511 1368 animad-

1940 1415 2229 1455 versurum
2278 1415 2438 1465 esse,
2486 1401 2629 1471 quod
2675 1402 2913 1472 signum,
2960 1411 3014 1458 et
3062 1418 3170 1472 qua
3224 1404 3385 1475 119
3422 1405 3507 1458 sui

1941 1499 2094 1561 parte
2127 1492 2232 1547 sub
2276 1492 2491 1548 initium
2541 1494 2722 1549 noctis
2757 1496 2989 1550 oriatur.
3031 1494 3242 1565 Quippe
3275 1510 3403 1565 pars
3431 1498 3507 1556 ei,

1940 1598 2104 1652 quam
2135 1583 2215 1639 soi
2238 1584 2474 1648 obtinet,
2506 1601 2572 1641 ex
2597 1585 2865 1641 diametro
2893 1585 3252 1656 respondens.
3284 1588 3508 1642 ineunte

262 1693 371 1731 σει.
404 1674 572 1729 Τοῦτο
607 1675 664 1729 δὲ
705 1674 1115 1748 προῖστορηκὼς
1145 1676 1239 1729 καὶ
1270 1671 1613 1743 ἐπεγνωκὼς,
1653 1673 1735 1726 ὅτι
1779 1673 1824 1725 ἐι

1940 1683 2102 1730 nocte
2142 1676 2496 1732 conscendet.
2538 1676 2654 1732 Hoc
2693 1679 2942 1748 quisquis
2974 1689 3106 1733 ante
3141 1677 3416 1742 didicerit,
3451 1687 3507 1734 et

255 1768 415 1839 πάσῃ
460 1768 613 1821 νυκτὶ
652 1773 707 1833 ς’
750 1734 945 1832 ξώδια.
1146 1770 1213 1839 τῇ
1254 1734 1483 1836 ἀνατολῇ
1534 1734 1824 1835 ἀνίσχουσιἸ

1938 1767 2209 1836 cognorit,
2257 1766 2315 1822 in
2343 1768 2492 1823 omni
2530 1777 2690 1824 nocte
2717 1784 2814 1825 sex
2847 1770 2915 1825 ab
2951 1769 3161 1825 oriente
3197 1770 3349 1840 signa
3373 1784 3507 1824 con-

259 1859 531 1928 γνώσεται
584 1860 675 1914 καὶ
723 1858 888 1913 πόσον
925 1859 1025 1930 τῆς
1056 1858 1246 1923 νυκτὸς
1286 1854 1656 1929 παρεληλυθός
1696 1857 1834 1920 ἐστι,

252 1952 357 2005 ’καὶ
381 1953 544 2005 πόσον
576 1951 636 2005 τὸ
657 1952 841 2005 λοιπὸν
860 1951 965 2016 ἕως
996 1951 1093 2022 τῆς
1115 1949 1210 2004 τοῦ
1245 1949 1395 2021 ἡλίου
1426 1948 1705 2021 ἀνατολῆς.
1736 1967 1756 1999 ι

334 2129 489 2185 Μετά
528 2130 585 2185 δὲ
627 2128 799 2184 ταῦτα
822 2130 1045 2202 λέληθεν
1085 2129 1432 2201 ἀμφοτέρους
1473 2128 1707 2192 αὐτοὺς,
1747 2127 1831 2180 ὅτι

246 2223 369 2276 οὐδ’
396 2221 464 2276 ἂν
482 2221 614 2277 αὐτὸ
634 2221 697 2275 τὸ
726 2220 914 2286 ξὼδιον
946 2221 1115 2294 βλέπῃ
1142 2238 1226 2285 τις
1258 2218 1638 2283 ἀνατεταλκὺς,
1673 2218 1831 2271 δυνα-

254 2316 350 2379 τός
382 2316 529 2367 ἐστιν
559 2312 802 2384 ἀκριϐῶς
824 2314 924 2386 τὴν
970 2312 1120 2385 ὥραν
1147 2312 1248 2383 τῆς
1280 2312 1474 2375 νυκτὸς
1513 2310 1831 2379 συλλογίσα-

256 2407 385 2461 σθαι
436 2402 579 2459 κατά
623 2405 716 2460 τδν
763 2404 1161 2478 προειρημένον
1214 2403 1431 2475 τρόπον.
1475 2402 1540 2456 Εἰ
1585 2402 1681 2474 μὲν
1717 2400 1828 2474 γὰρ

248 2500 491 2553 ἕκαστον
533 2497 642 2552 τῶν
669 2496 1075 2570 ήστερισμένων
1111 2496 1206 2551 καὶ
1237 2495 1586 2567 βλεπομένων
1618 2493 1826 2559 ζωδίων

254 2588 661 2661 συνεπληροῦτο
689 2587 808 2642 καθ’
838 2586 897 2640 ἐν
925 2586 1392 2659 δωδεκατημόριον
1424 2584 1524 2639 τοῦ
1558 2582 1826 2646 ζωδιακοῦ

251 2683 482 2747 κύκλου,
504 2681 633 2754 παρ’
658 2680 826 2753 αὐτὴν
858 2681 1027 2752 μόνην
1052 2678 1151 2751 τὴν
1179 2679 1236 2730 ἐν
1264 2682 1381 2740 ταῖς
1404 2676 1690 2739 ἀνατολαῖς
1717 2675 1828 2730 τῶν

245 2774 463 2846 χρόνων
507 2772 797 2842 ἀνισότητα
844 2770 1227 2840 διεπίπτομεν·
1278 2768 1402 2822 ἐπεὶ
1440 2767 1496 2821 δέ
1542 2767 1664 2821 οὐδὲ
1711 2768 1825 2830 τοῖς

247 2865 744 2938 δωδεκατημορίοις
783 2864 875 2919 ῐσα
898 2865 1015 2918 ἐστὶ
1046 2862 1117 2917 τά
1156 2861 1456 2932 φαινόμενα
1488 2858 1675 2925 ζῴδια,
1711 2858 1823 2912 οὔτ’

250 2962 310 3013 έν
339 2962 456 3023 τοῖς
497 2959 645 3022 ἰδίοις
676 2959 849 3011 κεῖται
890 2955 1076 3018 τόποις
1117 2954 1332 3009 ἅπαντα
1353 2970 1367 2983 ·
1396 2953 1536 3006 ἀλλά
1574 2953 1696 3006 τινὰ
1725 2952 1822 3023 μὲν

1938 1872 2180 1929 Surgere,
2210 1874 2325 1913 non
2378 1859 2654 1930 ignorabit
2702 1869 2907 1931 quanta
2949 1875 3081 1931 pars
3112 1861 3291 1916 noctis
3322 1868 3506 1915 trans-

1937 1957 2057 2005 acta
2084 1950 2271 2015 fuerit,
2297 1958 2352 2006 et
2386 1960 2650 2023 quantum
2673 1968 2739 2008 ex
2771 1968 2835 2009 ea
2859 1952 2931 2007 ad
2962 1961 3143 2008 ortum
3169 1969 3344 2024 usque
3371 1955 3505 2011 solis

1935 2043 2195 2113 supersit.
2224 2062 2245 2095 ι

2002 2133 2267 2189 Prteterea
2303 2133 2409 2189 hoc
2438 2134 2600 2190 ambo
2627 2134 2705 2189 illi
2730 2150 3071 2208 nequaquam
3102 2138 3503 2195 animadverte-

1931 2231 2092 2287 runt,
2140 2226 2358 2281 tametsi
2413 2225 2546 2280 illud
2601 2227 2780 2297 ipsum
2826 2230 3048 2300 signum
3086 2242 3338 2286 exortum
3384 2231 3499 2300 jam

1930 2329 2053 2370 esse
2101 2317 2296 2372 viderit
2345 2320 2639 2389 quispiam,
2680 2336 2791 2375 non
2844 2336 3009 2397 posse
3056 2329 3240 2378 tamen
3292 2325 3502 2379 ratione

1931 2407 2248 2478 ista,quam
2286 2410 2560 2477 diximus,
2591 2419 2795 2467 certam
2847 2417 3023 2471 noctis
3063 2415 3255 2470 horam
3292 2431 3501 2489 cogno-

1928 2511 2104 2553 scere.
2141 2496 2352 2554 Etenim
2392 2502 2437 2555 si
2467 2502 2938 2567 constellatarum,
2981 2512 3035 2557 et
3082 2506 3496 2575 aspectabilium

1928 2589 2223 2660 imaginum
2271 2592 2525 2660 quaelibet
2567 2600 2719 2663 parte
2766 2610 2873 2648 una
2919 2594 3241 2651 duodecima
3284 2597 3496 2653 zodiaci

1925 2680 2263 2744 deﬁniretur,
2296 2683 2412 2737 sola
2444 2692 2750 2753 temporum
2790 2686 2844 2739 in
2894 2686 3107 2741 ortibus
3154 2688 3497 2757 inaequalitas

1924 2787 2165 2828 errorem
2214 2773 2372 2827 nobis
2415 2774 2651 2831 oﬂ'erret.
2698 2775 2803 2830 Sed
2844 2779 3101 2847 quoniam
3143 2796 3319 2850 neque
3367 2796 3493 2836 cum

1925 2866 2221 2934 segmentis
2260 2865 2393 2936 ipsis
2437 2865 2793 2935 aquuantur
2819 2883 2940 2936 quae
2979 2883 3010 2922 a
3059 2870 3218 2926 nobis
3259 2886 3497 2926 cernun-

1927 2960 2016 3006 tur
2068 2953 2353 3023 imagines,
2393 2971 2570 3026 neque
2618 2959 2857 3028 propriis
2905 2959 2958 3012 in
3011 2960 3145 3016 locis
3196 2961 3315 3018 sitae
3365 2971 3495 3018 sunt

250 3051 434 3106 αὐτῶν
460 3049 726 3104 ἐλάσσονά
771 3051 885 3102 ἐστι
922 3046 1017 3103 τοῦ
1048 3044 1516 3117 δωδεκατημορίου
1539 3085 1556 3111 ,
1601 3043 1722 3098 τινὰ
1762 3043 1820 3097 δὲ

1928 3060 2137 3110 omnes,
2185 3048 2279 3105 sed
2321 3051 2568 3119 quaedam
2603 3050 3042 3109 dodecatemorio
3076 3071 3178 3111 suo
3218 3057 3490 3123 minores,

250 3142 436 3213 πολλῷ
488 3140 742 3213 μείζονα·
774 3139 1025 3213 καθάπερ
1065 3137 1267 3201 εὐθέως
1313 3140 1342 3191 ὁ
1399 3138 1497 3207 μὲν
1548 3136 1821 3207 Καρκίνος

240 3236 372 3288 οὐδὲ
395 3234 459 3287 τὸ
494 3234 675 3305 τρίτον
718 3233 884 3304 μέρος
913 3232 1098 3303 ἐπέχει
1122 3230 1216 3285 τοῦ
1248 3229 1752 3300 δωδεκατημορίου·
1785 3227 1819 3298 ἠ

247 3325 307 3378 δὲ
332 3323 611 3396 Παρθένος
646 3323 855 3376 καὶτοῦ
894 3323 1140 3385 Λέοντος.
1178 3321 1275 3375 καί⁵
1318 3319 1425 3373 τῶν
1465 3317 1661 3389 Χηλῶν
1700 3318 1821 3372 ἐπι-

250 3416 556 3488 λαμϐάνει·
588 3415 699 3469 τῶν
722 3415 778 3468 δὲ
814 3412 1030 3485 Ἰχθύων
1062 3414 1091 3466 ὁ
1122 3411 1438 3481 ωτιώτερος
1473 3410 1593 3474 ὅλος
1630 3398 1818 3481 σχεδὸν

248 3510 309 3561 ἐν
332 3508 413 3578 τῷ
444 3506 537 3561 τοῦ
567 3506 847 3577 ’Υδροχόου
887 3508 1060 3559 κεῖται
1087 3502 1570 3575 δωδεκατημορίῳ·
1605 3501 1720 3565 πῶς
1749 3501 1816 3555 ἂν

244 3600 335 3671 εἴη
366 3599 593 3654 δυνατὸν
646 3600 711 3652 ἐκ
752 3598 851 3669 τῆς
893 3595 1148 3667 τοιαύτης
1190 3595 1299 3650 τῶν
1348 3594 1557 3649 δώδεκα
1612 3592 1816 3658 ζωδίων

246 3694 504 3764 ἐπιτολῆς
535 3692 635 3763 τῆς
661 3691 853 3755 νυκτὸς
892 3689 1041 3761 ὤραν
1072 3686 1523 3757 συλλογίσασθαι;
1556 3685 1725 3739 Ὅταν
1757 3683 1816 3737 δέ

244 3804 372 3841 τινα
396 3785 575 3840 αὐτῶν
612 3784 743 3855 μηδὲ
774 3785 831 3837 ἐν
863 3781 940 3854 τῷ
966 3779 1214 3850 ζωδιακῷ
1241 3778 1426 3850 κύκλῳ
1455 3776 1694 3847 τυγχάνῃ
1718 3775 1816 3829 ὅλα

242 3881 498 3952 κείμενα,
532 3877 666 3932 ἀλλὰ
692 3875 869 3947 πολλῷ
908 3874 1240 3946 βορειότερα,
1276 3870 1526 3941 καθάπερ
1558 3868 1671 3940 ἔχει
1700 3868 1729 3920 ὅ
1754 3885 1815 3921 τε

239 3972 400 4028 Λέων
454 3971 549 4024 καὶ
596 3972 626 4023 ὁ
674 3968 1007 4041 βορειότερος
1053 3964 1160 4027 τῶν
1212 3962 1430 4035 Ἰχθύων
1453 3979 1468 3993 ·
1503 3961 1681 4033 δῆλον,
1734 3962 1815 4015 ὅτι

247 4064 430 4136 πολλῷ
457 4063 653 4135 μᾶλλον
681 4064 934 4131 ἀγνοήσει
964 4057 1064 4130 τὴν
1090 4056 1240 4128 ὥραν
1275 4058 1305 4109 ὁ
1332 4058 1396 4109 ἐκ
1428 4056 1526 4127 τῆς
1548 4052 1814 4125 ἀνατολῆς

244 4158 357 4213 τῶν
397 4155 733 4227 φαινομένων
765 4152 971 4217 ζωδίων
1006 4148 1361 4220 συλλογισμὸς
1393 4148 1593 4203 αὐτῶν.

318 4249 534 4312 Εὐθέως
561 4243 654 4300 οὖν
689 4245 782 4299 τοῦ
805 4244 852 4276 ⁷⁸
883 4243 1274 4315 ήστερισμένου
1308 4241 1584 4313 Καρκίνου
1618 4241 1814 4295 ἀνατε-

244 4340 579 4410 ταλκότος,ή
611 4337 706 4392 τοῦ
752 4337 977 4398 Λέοντος
1004 4334 1212 4406 κεφαλὴ
1262 4333 1589 4405 ἀναφέρεται
1636 4336 1694 4387 ἐν
1725 4333 1813 4405 ⁶τῷ

1921 3139 2168 3207 quaedam
2217 3141 2454 3210 majores
2499 3143 2671 3198 multo
2716 3155 2846 3199 sunt
2881 3165 2894 3200 :
2928 3154 2988 3201 ut
3028 3151 3260 3217 exempli
3298 3165 3491 3214 causa,

1919 3231 2131 3288 Cancer
2183 3249 2253 3289 ne
2304 3234 2520 3290 tertiam
2566 3236 2787 3306 quidem
2844 3241 3108 3309 segmenti
3141 3240 3225 3296 sui
3279 3251 3490 3311 partem

1919 3336 2181 3394 occupat;
2212 3332 2405 3381 contra
2445 3325 2609 3400 Virgo
2636 3329 2704 3384 de
2729 3328 2909 3386 Leone
2942 3330 3218 3388 acChelis
3249 3335 3492 3405 decerpit

1919 3416 2145 3486 aliquid,
2182 3416 2422 3474 Piscium
2478 3421 2771 3475 australior
2812 3430 2959 3478 totus
3010 3423 3122 3479 fere
3164 3424 3220 3479 in
3261 3426 3489 3496 Aquarii

1919 3507 2357 3564 dodecatemorio
2402 3514 2612 3580 positus
2642 3522 2726 3569 est
2758 3533 2771 3569 :
2807 3518 2900 3585 qui
2942 3514 3057 3571 ﬁeri
3086 3524 3287 3587 potest,
3317 3527 3377 3572 ut
3419 3535 3487 3574 ex

1918 3599 2188 3667 ejusmodi
2234 3602 2513 3671 signorum
2561 3606 2847 3661 duodecim
2889 3621 3082 3664 exortu
3126 3612 3307 3667 noctis
3352 3613 3485 3669 hora

1917 3691 2242 3760 colligatur?
2263 3693 2400 3748 Cum
2425 3702 2605 3773 autem
2629 3713 2695 3751 ex
2720 3698 2828 3754 illis
2855 3700 3019 3754 etiam
3053 3701 3231 3772 aliqua
3260 3704 3485 3759 zodiaco

1916 3783 2124 3840 circulo
2152 3799 2258 3839 non
2283 3793 2399 3840 tota
2427 3789 2834 3853 contineantur,
2861 3790 2954 3846 sed
2981 3793 3153 3847 multo
3176 3793 3484 3849 borealiora

1912 3874 2045 3937 sint,
2079 3875 2224 3929 velut
2267 3873 2376 3931 Leo
2415 3885 2469 3931 et
2515 3875 2754 3934 Piscium
2807 3879 3100 3945 borealior,
3138 3881 3362 3938 evidens
3399 3896 3485 3937 est

1916 3963 2133 4018 illorum
2166 3964 2428 4020 rationem
2477 3967 2548 4022 ab
2594 3978 2719 4024 ortu
2766 3972 3142 4042 apparentium
3185 3974 3481 4045 imaginum

1914 4055 2291 4111 aberraturam
2325 4074 2445 4114 esse
2474 4059 2706 4130 longius.

1985 4236 2225 4293 Primum
2250 4240 2396 4295 enim
2426 4242 2637 4297 stellata
2659 4243 2857 4298 Cancri
2884 4245 3119 4315 imagine
3134 4246 3247 4316 jam
3269 4256 3479 4315 exorta,

1913 4332 2111 4389 Leonis
2139 4344 2301 4406 eaput
2329 4337 2385 4391 in
2420 4354 2486 4393 eo
2513 4355 2673 4409 quem
2713 4341 3002 4396 statuimus
3032 4344 3317 4398 borizonte
3342 4360 3481 4400 con—

246 4432 591 4502 ὑποκειμένῳ
631 4428 896 4501 ὁρίζοντι,
934 4426 1422 4498 συνανατελλούσης
1448 4428 1587 4499 αὐτῇ
1629 4428 1727 4498 τῆς
1758 4435 1809 4498 η’

1928 4428 2126 4483 scendit
2158 4445 2269 4483 una
2308 4446 2432 4484 cum
2476 4440 2668 4484 octava
2710 4439 2864 4500 parte
2891 4431 3112 4486 Cancri.
3149 4432 3312 4504 Igitur
3345 4435 3483 4487 Ara-

248 4522 441 4594 μοίρας
470 4520 564 4573 τοῦ
604 4518 901 4591 Καρκίνου.
933 4518 991 4571 '0
1038 4519 1269 4588 Ἄρατος
1318 4517 1537 4587 θεωρῶν
1578 4519 1677 4592 τὴν
1715 4538 1807 4574 κε-
1844 4528 1847 4532 ’

245 4614 421 4685 φαλὴν
446 4610 540 4665 τοῦ
577 4610 800 4672 Λέοντος
832 4609 1240 4673 ἀνατέλλουσαν,
1271 4610 1365 4665 καὶ
1407 4612 1808 4682 ὑπολαμϐάνων

242 4706 306 4760 τὸ
351 4704 491 4759 κατά
527 4703 619 4756 τὸν
661 4702 864 4756 Λέοντα
914 4701 1376 4773 δωδεκατημόριον
1414 4704 1802 4775 ἀναφέρεσθαι,

238 4797 418 4867 τρισὶν
450 4794 589 4858 ὅλοις
618 4792 905 4864 ήμιωρίοις
926 4792 1201 4862 ἀγνοήσει.
1238 4793 1403 4847 Πάλιν
1441 4796 1470 4846 ὀ
1504 4795 1604 4865 μὲν
1639 4797 1809 4868 Σκορ-

247 4889 367 4952 πίος
393 4889 619 4960 ἄρχεται
648 4886 747 4956 μὲν
782 4884 956 4938 δύνειν
977 4884 1371 4957 ἀνατελλούσης
1404 4889 1575 4959 Κριοῦ
1611 4890 1804 4962 μοίρας

244 4979 692 5051 τρισκαιδεκάτης
755 4977 956 5047 μέσης·
1005 4976 1123 5041 ὅλος
1170 4977 1226 5030 δέ
1271 4980 1374 5031 ὑπὸ
1428 4980 1518 5033 τὸν
1557 4982 1805 5053 ὁρίζοντα

244 5071 453 5141 γίνεται
487 5068 878 5138 ἀνατελλούσης
908 5067 1007 5136 τῆς
1037 5075 1087 5133 ς’
1125 5069 1232 5139 μοί.
1263 5068 1354 5123 τοῦ
1386 5071 1628 5144 Ταύρου·
1668 5074 1809 5128 ἀπο-

242 5161 561 5232 δεδείχαμεν
594 5159 701 5231 γὰρ
726 5159 794 5213 τὰ
836 5160 1060 5213 τοιαῦτα
1093 5161 1270 5214 πάντα
1300 5162 1358 5213 ἐν
1391 5165 1502 5227 τοῖς
1539 5165 1668 5235 περὶ
1698 5167 1806 5220 τῶν
1841 5216 1845 5221 ,

140 5264 143 5266 ’
247 5252 637 5308 συνανατολῶν.
677 5252 846 5322 Δῆλον
871 5248 984 5312 οὖν,
1028 5252 1109 5306 ὅτι
1154 5253 1321 5324 χωρὶς
1365 5254 1458 5307 τοῦ
1492 5256 1550 5308 ἐν
1600 5256 1809 5320 ἀνίσοις

243 5346 455 5417 χρόνοις
484 5344 553 5396 τά
576 5344 641 5414 ιβ’
675 5341 839 5407 ζὼδια
866 5342 1251 5415 ἀναφέρεσθαι,
1283 5342 1372 5396 διὰ
1398 5343 1459 5397 τὸ
1490 5346 1582 5398 καὶ
1617 5346 1804 5399 ἀνισο-

248 5436 453 5508 μεγέθη
479 5433 615 5490 εἶναι
640 5434 707 5488 τά
738 5433 923 5498 ζώδια,
961 5435 1055 5488 καὶ
1084 5435 1332 5499 ἀτάκτως
1360 5435 1592 5501 κεῖσθαι,
1630 5437 1806 5492 πολλά

243 5526 669 5599 διαμαρτήσεται
701 5529 765 5597 τῇ
798 5525 916 5598 ὥρᾳ
937 5526 965 5577 ὁ
993 5525 1128 5597 πρὸς
1162 5526 1253 5579 τὸν
1289 5519 1625 5599 φαινόμενον
1649 5517 1813 5584 ἀστεέ

322 5676 370 5709 τι
406 5675 448 5730 Ι.
480 5676 600 5728 ἐπεὶ
634 5675 748 5730 τοῦ.

491 5769 756 5831 Ρηιιοι.
804 5770 923 5830 Gn.
970 5770 1143 5832 XIX.

1915 4528 2004 4575 tus
2033 4520 2230 4577 Leonis
2259 4530 2422 4592 caput
2466 4523 2598 4578 oriri
2643 4524 3005 4593 prospiciens,
3039 4540 3103 4579 ac
3142 4525 3341 4582 Leonis
3379 4528 3481 4581 do-

1912 4615 2337 4670 decntemorium
2379 4623 2575 4684 putans
2625 4616 2935 4678 ascendere,
2972 4618 3292 4686 sesquilmra
3342 4618 3481 4671 inte.-

1913 4718 2009 4774 gra
2039 4703 2274 4758 ialletur.
2310 4704 2438 4758 Item
2473 4704 2733 4773 Scorpius
2757 4706 3005 4760 occidere
3049 4707 3243 4776 incipit
3270 4710 3483 4763 oriente

1912 4806 2070 4866 parte
2096 4796 2164 4851 i5
2191 4796 2365 4849 media
2397 4797 2626 4861 Arietis;
2668 4805 2815 4851 totus
2846 4814 2974 4853 vero
3002 4802 3107 4854 sub
3141 4800 3480 4855 horizontem

1912 4890 2167 4944 conditur
2206 4890 2415 4944 oriente
2445 4897 2596 4943 sexta
2631 4886 2794 4943 Tauri
2832 4899 3005 4960 parte.
3042 4891 3174 4957 Quae
3222 4908 3322 4946 nos
3364 4908 3479 4944 οιιι-

1910 4982 2001 5036 nia
2052 4985 2108 5035 in
2155 4989 2344 5036 nostra
2393 4981 2459 5035 de
2505 4984 2785 5036 coortibus
2836 4982 3205 5052 disputatione
3253 4982 3481 5035 deumn-

1911 5075 2227 5129 stravimus.
2276 5074 2514 5143 Apparet
2555 5089 2685 5143 ergo
2724 5089 2831 5127 non
2876 5075 3050 5129 solum
3090 5075 3234 5143 quod
3273 5062 3488 5129 duode-Z

1909 5169 2018 5223 cim
2063 5168 2327 5238 imagines
2372 5169 2728 5237 inaequalibus
2773 5168 3111 5239 temporibus
3152 5167 3478 5225 ascendunt,

1908 5259 2003 5313 sed
2042 5259 2206 5312 etiam
2239 5260 2383 5329 quod
2413 5260 2535 5314 aliis
2566 5262 2684 5315 aliae
2716 5261 2891 5331 majus
2926 5260 3160 5330 spatium
3184 5269 3477 5330 occupant.

1908 5356 1965 5422 et
2006 5350 2124 5405 sine
2160 5349 2353 5404 ordine
2382 5351 2660 5405 collocata:
2705 5360 2865 5417 sunt;
2896 5351 3190 5421 plurimum
3238 5350 3295 5405 in
3324 5348 3480 5404 aesti-

1908 5437 2108 5493 manda
2145 5438 2280 5492 hora
2307 5438 2589 5508 deceptum
2633 5440 2721 5503 iri,
2746 5442 2839 5510 qui
2871 5458 2939 5496 ex
2981 5444 3370 5511 apparentibus
3400 5460 3478 5496 su-

1910 5531 2168 5597 mulacris
2214 5531 2495 5602 signorum
2542 5530 2831 5587 duodecim
2875 5535 3174 5603 conjectari
3217 5536 3472 5591 voluerit.

3162 5789 3238 5848 3-5»
