3928 6266
385 284 522 341 1067

1364 259 1453 312 AD
1492 249 1760 310 EUSEBII
1794 238 2192 302 CHRONICON
2239 236 2606 294 APPENDIX.

3492 219 3628 275 i063

385 404 589 456 Horam
612 397 795 466 itaque
824 388 999 446 noctis
1024 400 1126 441 nec
1146 385 1337 439 exaCte
1366 391 1551 450 posse,
1572 384 1752 441 neque
1770 363 1955 438 proxi-
1984 414 1985 421 η

2091 360 2255 431 νισμὸν
2274 359 2384 412 τῶν
2419 356 2485 428 ιβ’
2519 354 2723 421 ζωδίων
2763 352 2856 406 τὸν
2900 345 3255 416 συλλογισμὸν
3280 339 3628 412 ποιούμενος.

2091 451 2127 466 Λ
2262 449 2275 466 ι
2380 444 2441 466 1',
2498 444 2746 466 λοξυμ-,μ
2783 439 3021 466 L---.£.‘,’.-
3078 437 3110 466 ,ι
3137 436 3211 466 ,ειη
3250 433 3474 466 Sua-nn
3535 430 3628 466 ηιξ-υ

386 508 475 548 me
510 484 862 561 deprehendi,
897 482 943 537 si
982 479 1217 535 ortivum
1262 474 1478 542 signum
1524 467 1854 523 intueamur,
1888 472 1956 512 ex

389 584 459 640 iis
482 596 603 654 quae
631 588 759 636 sunt
788 576 935 632 dicta
952 569 1169 642 liquido
1193 569 1427 622 constat.

461 737 549 791 111.
583 733 850 801 Deinceps
878 728 1063 799 igitur,
1095 732 1153 778 ut
1177 723 1280 776 hoc
1310 728 1612 775 sumamus,
1635 718 1854 766 coortus
1891 697 1960 760 ab

396 828 491 882 illo
537 837 801 885 siderum,
842 798 1232 890 oppositosque
1278 811 1576 865 descensus
1625 804 1694 857 ad
1750 798 1961 855 zodiaci

398 917 593 974 circuli
637 920 936 985 segmenta,
971 924 1080 963 non
1122 905 1191 960 ad
1243 901 1487 958 stellatas
1536 895 1800 965 imagines
1841 904 1963 946 esse

397 1012 736 1081 descriptos;
768 1004 1050 1060 videamus
1078 995 1337 1069 quidnam
1365 994 1424 1047 in
1449 991 1571 1045 istis
1596 990 1964 1042 consentanee

400 1107 468 1161 iis
517 1118 637 1174 quae
677 1101 943 1168 videntur,
986 1096 1041 1148 in
1090 1089 1315 1151 mundo,
1355 1085 1441 1141 vel
1492 1083 1840 1137 dissentanee
1894 1073 1965 1129 sit

397 1168 626 1251 dictum.
675 1190 735 1245 In
787 1203 894 1257 quo
942 1186 1176 1257 primum
1224 1175 1361 1232 illud
1408 1168 1817 1241 intelligendum
1859 1170 1963 1225 est,

397 1283 607 1341 zodiaci
638 1255 828 1336 circuli
864 1255 1208 1347 partitionem
1236 1268 1304 1322 ab
1330 1267 1494 1319 Arato
1524 1263 1605 1317 sic
1638 1255 1873 1321 institui,
1907 1259 1968 1306 ut

400 1395 432 1433 a
474 1376 700 1447 trnpicis
745 1380 799 1428 et
836 1362 1308 1439 aequinoctialibus
1345 1357 1564 1429 punctis
1602 1350 1847 1418 incipiat,
1877 1362 1969 1403 ea-

401 1485 508 1542 que
539 1439 649 1525 sint
680 1465 834 1520 initia
869 1463 1171 1531 signorum.
1210 1453 1471 1508 Eudoxus
1511 1454 1693 1502 autem
1724 1444 1800 1497 ita
1828 1439 1970 1494 divi-

400 1531 501 1626 dit,
529 1568 587 1615 ut
618 1557 710 1611 illa
740 1560 942 1626 puncta
968 1549 1144 1604 media
1178 1545 1308 1608 sint,
1340 1543 1432 1597 illa
1464 1538 1663 1594 Cancri
1698 1545 1752 1591 et
1779 1531 1973 1602 Capri-

2061 430 2185 503 δὈτι
2220 449 2318 520 μὲν
2349 444 2444 501 οὖν
2489 444 2746 500 ἀδύνατον
2778 439 3052 513 ἀκριϐῶς,
3078 437 3112 508 ἦ
3136 436 3211 499 ὡς
3248 433 3498 503 ἔγγιστα,
3535 430 3632 501 τὴν

2059 542 2158 613 τῆς
2192 540 2386 602 νυκτὸς
2420 538 2571 610 ὥραν
2603 535 2897 604 ἐπιγνῶναι
2923 534 3005 595 εἰς
3041 530 3101 583 τὺ
3136 527 3272 600 πρὸς
3300 529 3368 597 τῇ
3399 522 3630 593 ἀνατολῇ

2060 612 2247 698 ξῷδιον
2272 629 2695 699 ἀναϐλέψαντας,
2715 628 2779 680 ὲκ
2796 624 2902 678 τῶν
2920 620 3220 694 εἰρημένων
3242 617 3358 670 ὲστί
3380 612 3627 684 φανερόν.

2131 726 2170 778 Γ
2171 732 2204 778 ’.
2268 722 2569 795 Ἐχομένως
2610 720 2667 773 δὲ
2719 716 3043 786 ὑποθέμενοι
3096 711 3194 774 τὰς
3266 703 3632 767 συνανατολὰς

2062 815 2212 888 αὐτῷ
2244 794 2472 878 καὶτὰς
2519 808 2966 870 ἀντικαταδύσεις
3000 804 3109 858 τῶν
3156 802 3370 874 ἄστρων
3406 796 3542 869 πρὸς
3565 794 3634 849 τὰ

2062 908 2502 979 δωδεκατημόρια
2558 904 2653 957 τοῦ
2715 898 2977 967 ζωδιακοῦ
3048 897 3244 950 κύκλου
3287 905 3637 963 πεπραγμα-

2064 1001 2311 1062 τεῦσθαι,
2338 999 2432 1053 καὶ
2456 998 2530 1070 μὴ
2557 995 2694 1068 πρὸς
2717 993 2784 1047 τὰ
2805 988 3192 1063 ὴστερισμένα,
3209 979 3639 1053 ἐπισκεψώμεθα

2070 1093 2166 1146 καὶ
2193 1092 2255 1144 τὸ
2289 1092 2347 1144 ὲν
2376 1090 2567 1148 αὐταῖς
2607 1083 2911 1157 συμφώνως
2944 1081 2978 1152 ἢ
3025 1076 3308 1148 διαφώνως
3345 1075 3639 1144 λεγόμενον

2070 1182 2207 1254 πρὸς
2233 1180 2301 1235 τὰ
2340 1183 2396 1234 ὲν
2435 1178 2515 1249 τῷ
2559 1176 2746 1246 κόσμῳ
2786 1172 3106 1242 φαινόμενα.
3138 1163 3541 1239 Προδιειλήφθω
3581 1160 3642 1213 δὲ

2071 1273 2309 1346 πρῶτον,
2359 1273 2440 1325 ὅτι
2486 1269 2584 1341 τὴν
2615 1268 2874 1339 διαίρεσιν
2918 1263 3012 1317 τού
3061 1257 3321 1326 ζωδιακοῦ
3369 1252 3571 1309 κύκλου
3612 1253 3644 1304 ὁ

2076 1340 2173 1436 μέν
2215 1364 2448 1433 ’Ἄρατος
2483 1340 2774 1429 πεποίηται
2815 1353 2923 1409 ἀπὸ
2961 1351 3069 1406 τῶν
3122 1346 3398 1422 τροπικῶν
3437 1361 3500 1397 τε
3543 1340 3643 1397 καὶ

2078 1432 2410 1527 ἰσημερινῶν
2467 1450 2709 1523 σημείων
2765 1446 3100 1518 ἀρχόμενος·
3148 1441 3288 1494 ὥστε
3340 1435 3517 1491 ταῦτα
3571 1432 3645 1486 τὰ

2077 1524 2278 1617 σημεῖα
2324 1541 2496 1615 ἀρχὰς
2544 1536 2681 1592 εἶναι
2736 1537 2972 1602 ζωδίων·
3028 1535 3057 1587 ὁ
3106 1531 3163 1585 δὲ
3215 1527 3442 1593 Εὔδοξος
3488 1524 3646 1605 οὕτω

402 1613 579 1719 cerni,
613 1613 977 1704 haec-Arietis
1023 1648 1076 1696 et
1108 1637 1420 1694 Chelarum.
1449 1630 1605 1698 Quod
1640 1628 1707 1683 ad
1742 1628 1971 1680 Aratum

2091 1613 2347 1708 ῑιῇρηται,
2368 1613 2533 1686 ήῶστε
2561 1628 2629 1683 τὰ
2670 1625 2932 1698 εἰρημένα
2965 1625 3165 1694 σημεῖα
3198 1620 3337 1692 μέσα
3370 1613 3542 1670 εἶναι·
3575 1613 3647 1708 τὲ

403 1697 579 1719 w....,
615 1697 727 1704 --.η
937 1697 970 1699 ν,
1477 1697 1489 1698 ί

403 1752 632 1818 spectat,
653 1740 789 1796 satis
819 1754 885 1793 ex
911 1736 979 1791 iis
1007 1731 1244 1789 ostendit
1273 1744 1333 1783 se
1356 1727 1447 1781 illa
1479 1730 1680 1794 puncta
1708 1719 1762 1773 in
1787 1717 1973 1786 signo-

2200 1697 2292 1779 τοῦ
2315 1697 2593 1794 Καρκίνου
2619 1697 2829 1771 καί-ίτοῦ
2854 1713 3134 1782 Αἰγόκερω
3154 1726 3168 1740 ο
3191 1709 3257 1762 τὰ
3274 1706 3333 1759 δὲ
3358 1702 3449 1757 τοῦ
3467 1697 3643 1774 Κριοῦ

2240 1814 2263 1818 ”“
2333 1814 2375 1818 ““
2419 1812 2432 1818 “
2458 1810 2483 1818 ⁵·
2585 1809 2636 1818 ’⁸
2717 1806 2730 1818 ⁸
2829 1799 2855 1818 τ’
2926 1805 2976 1818 ι’·
3184 1800 3209 1818 ιδ
3244 1797 3267 1818 L
3303 1796 3504 1818 ---ε-η-.
3542 1791 3640 1818 ..ιη

399 1852 524 1893 rum
563 1846 785 1889 suorum
822 1828 993 1884 initiis
1027 1838 1263 1897 ponere;
1298 1818 1441 1891 quod
1475 1816 1543 1870 de
1579 1810 1802 1868 circulis
1839 1822 1975 1879 qua-

400 1939 528 1987 tuor
567 1929 869 1989 disserens,
912 1919 1138 1990 tropicis
1175 1913 1426 1969 videlicet
1462 1906 1698 1969 duobus,
1729 1901 1978 1974 aequino-

402 2023 551 2081 ctiali
596 2027 650 2077 et
691 2016 937 2079 zodiaco,
969 2021 1081 2067 tres
1121 2006 1340 2080 quidem
1372 2003 1591 2058 illorum
1630 1996 1765 2052 oriri
1794 2000 1848 2049 et
1880 2006 1975 2048 oc-

403 2116 587 2175 cidere
618 2110 907 2184 parallelos
936 2104 1176 2161 invicem
1203 2098 1431 2163 scribit;
1465 2102 1520 2149 et
1559 2093 1755 2146 horum
1786 2086 1972 2156 singu-

403 2212 491 2264 los
530 2208 587 2262 in
620 2174 744 2260 .uno
789 2200 1091 2267 eodemque
1134 2196 1340 2263 puncto
1387 2184 1523 2241 oriri
1570 2181 1646 2235 ait
1693 2184 1788 2233 aut
1831 2174 1979 2231 occi-

407 2281 573 2366 dere';
606 2296 888 2353 zodiacum
945 2295 1125 2344 autem
1185 2286 1242 2338 in
1298 2286 1451 2334 tanto
1495 2270 1797 2330 horizontis
1845 2281 1979 2322 arcu

409 2400 564 2448 ortus
608 2379 1192 2454 occasusque-:‘facere,
1222 2378 1465 2445 quantus
1513 2367 1581 2422 ab
1623 2373 1746 2421 ortu
1788 2360 1982 2430 Capri-

410 2483 565 2540 corni
610 2479 679 2534 ad
723 2452 904 2532 ortum
950 2470 1151 2528 Cancri
1192 2466 1466 2542 pertinet;
1503 2456 1650 2530 quod
1684 2455 1755 2512 iis
1794 2452 1981 2510 verbis

410 2573 649 2647 explicat
682 2590 696 2627 :

415 2927 581 2996 Atque
612 2923 652 2976 ii
688 2919 896 2993 quidem
936 2916 1297 2984 oriunturque,
1336 2919 1386 2965 et
1428 2924 1493 2965 ea:
1532 2904 1984 3049 adtiersedinfeme

1645 2994 1752 3031 occ:
1797 2986 1887 3029 unt

1645 2986 1887 3031 occidunt

2078 1791 2171 1873 καὶ
2197 1814 2305 1868 τῶν
2332 1791 2546 1883 Χηλῶν.
2585 1809 2644 1863 '0
2677 1806 2774 1879 μὲν
2797 1799 2890 1859 οὖν
2925 1805 3158 1874 Ἄρατος
3180 1797 3271 1853 διὰ
3299 1796 3505 1849 τούτων
3542 1791 3648 1862 μάδ-

2075 1909 2235 1962 λιστα
2265 1901 2493 1976 φανερὸς
2528 1899 2737 1968 γίνεται
2766 1896 2837 1950 τὰ
2881 1893 3145 1966 εἰρημένα
3188 1890 3386 1962 σημεῖα
3434 1886 3494 1937 ὲν
3524 1884 3649 1945 ταῖς

2075 1970 2460 2072 ἀρχαῖςντιθείς
2482 1993 2592 2047 τῶν
2615 1989 2756 2045 κατὰ
2782 1986 2955 2041 ταῦτα
2977 1979 3483 2052 δωδεκατημορίων.
3508 1970 3650 2046 Περὶ

2212 2084 2321 2138 τῶν
2357 2082 2399 2137 δ’
2434 2081 2649 2136 κύκλων
2699 2078 2893 2146 λέγων,
2920 2074 3014 2129 δύο
3049 2071 3158 2126 τῶν
3208 2065 3485 2142 τροπικῶν
3507 2105 3522 2129 ,
3552 2063 3652 2116 καὶ

2077 2178 2171 2233 τοῦ
2199 2172 2537 2249 ἰσημερινοῦ,
2569 2171 2665 2226 καὶ
2687 2170 2782 2223 τοῦ
2814 2164 3101 2234 ζωδιακοῦ,
3122 2164 3249 2226 τοὺς
3285 2161 3383 2231 μὲν
3408 2162 3458 2227 γ’
3484 2169 3653 2226 φησιν

2078 2246 2389 2326 ἀνατέλλειν
2419 2284 2480 2321 τε
2524 2266 2620 2320 καὶ
2649 2263 2826 2318 δύνειν
2863 2257 3221 2332 παραλλήλως
3265 2247 3512 2313 ὲαυτοῖς·
3559 2246 3656 2301 καὶ

2079 2365 2308 2418 ἕκαστον
2360 2357 2539 2415 αὐτῶν
2587 2356 2705 2412 καθ’
2735 2355 2793 2408 ἓν
2833 2352 2926 2408 καί
2967 2352 3029 2405 τὸ
3074 2348 3206 2403 αὐτὸ
3251 2346 3472 2417 σημεῖον
3517 2341 3655 2394 ἀναν

2077 2456 2318 2521 τέλλειν,
2354 2455 2448 2507 καὶ
2487 2452 2647 2506 πάλιν
2706 2443 2913 2503 δύύειν·
2950 2444 3040 2500 τὸν
3071 2443 3128 2496 δὲ
3161 2436 3419 2506 ζωδιακὸν
3467 2437 3527 2489 ὲν
3578 2434 3652 2504 τῇ

2078 2547 2306 2620 τοιαύτῃ
2334 2541 2661 2617 περιφερείᾳ
2695 2537 2791 2592 τοῦ
2817 2537 3088 2609 ὁρίζοντος
3126 2531 3226 2594 τὰς
3263 2524 3526 2589 ἀνατολὰς
3554 2522 3655 2578 καί

2077 2641 2262 2704 δύσεις
2277 2613 2587 2700 ’ποιείσθαῃ
2617 2631 2814 2704 ἡλίκην
2862 2625 3182 2699 παραχωρεί
3234 2623 3293 2674 ὲν
3348 2616 3496 2688 αὐτῷ
3541 2613 3654 2670 ἀπὸ

2076 2735 2181 2806 τῆς
2202 2729 2295 2786 τοῦ
2333 2728 2615 2797 Αίγόκερω
2649 2720 2912 2791 ἀνατολῆς
2940 2718 3043 2781 ἕως
3083 2716 3183 2785 τῆς
3228 2711 3323 2766 τοῦ
3367 2709 3651 2781 Καρκίνου

2079 2820 2376 2890 ἁνατολῆςο
2412 2816 2559 2885 λέγει
2589 2812 2646 2866 δὲ
2670 2810 2840 2872 οὕτως
2859 2825 2873 2839 °

2080 2913 2193 2970 Καὶ
2225 2887 2313 2967 τὰ*
2330 2908 2448 2980 μὲν
2482 2904 2759 2963 ἀντέλλει
2794 2918 2879 2968 τε,
2913 2900 3013 2954 καί
3047 2896 3221 2953 ἀντία
3251 2894 3433 2948 νειόθι
3458 2887 3651 2950 δύνει,

420 3066 610 3122 Omnes
660 3058 1055 3132 mquidistanter
1082 3071 1101 3110 :
1130 3068 1267 3108 unus
1298 3059 1473 3105 autem
1510 3059 1593 3121 est
1621 3025 1983 3132 Zeu-

2091 3049 2285 3105 Πάντα
2309 3040 2702 3115 παραϐλήδην
2720 3056 2735 3072 ⁸
2757 3039 2827 3109 μί
2828 3054 2867 3091 α
2888 3035 2955 3090 δέ
2981 3033 3183 3104 σφεων
3200 3031 3369 3084 ἐστιν
3391 3025 3654 3081 ἑκάστου

1751 3133 1912 3176 Ιιωυιε

420 3202 723 3260 Ordinatim
752 3198 994 3267 utrinque
1029 3194 1304 3249 descensus
1337 3118 1750 3267 ascensusque.[

428 3273 620 3328 Verum
646 3273 744 3325 iste
763 3262 962 3324 Oceani
993 3274 1195 3319 tantum
1224 3262 1510 3334 pertransit
1539 3276 1751 3334 aquam,

421 3346 695 3410 Quantum
727 3358 760 3394 a
792 3339 1111 3410 Capricorno
1147 3330 1453 3410 ascendente
1482 3330 1715 3385 maxime

422 3403 685 3470 (Tuncrum
717 3411 784 3464 ad
820 3403 1178 3462 ascendentem
1214 3403 1457 3472 volvitur.

492 3520 571 3575 Ex
603 3520 689 3575 his
728 3518 896 3590 liquet
934 3513 1145 3584 tr0pica
1177 3517 1379 3582 puncta
1411 3510 1470 3564 in
1501 3509 1784 3579 signorum
1813 3505 1987 3563 initiis

424 3614 493 3668 ab
542 3612 636 3666 illo
686 3606 967 3672 constitui,
1007 3606 1238 3660 alterum
1293 3602 1348 3657 in
1395 3601 1616 3665 Cancri,
1652 3600 1882 3654 alterum
1930 3601 1989 3653 in

423 3702 742 3774 Capricorni
811 3696 1104 3770 principio.
1163 3693 1373 3766 Quippe
1426 3693 1684 3747 zodiacus
1734 3690 1991 3747 exoriens

426 3790 731 3845 horizontis
764 3800 953 3842 arcum
994 3783 1065 3839 ab
1102 3782 1170 3838 iis
1207 3780 1426 3852 punctis
1463 3781 1519 3835 in
1550 3781 1767 3835 illorum
1808 3780 1993 3849 signo-

426 3897 552 3936 rum
588 3880 812 3936 =ortibus
856 3876 1138 3933 deﬁnitum
1191 3881 1448 3945 permeat.
1485 3873 1629 3928 Idem
1682 3871 1846 3927 etiam
1894 3874 1992 3926 de-

428 3975 639 4028 clarare
682 3969 901 4026 videtur
944 3968 1033 4023 his
1081 3967 1352 4030 versibus,
1387 3978 1525 4034 quos
1571 3963 1640 4018 de
1674 3961 1858 4019 Leone
1902 3977 1994 4017 ce-

429 4066 564 4120 cinit
600 4084 611 4119 :

432 4158 517 4213 Ibi
545 4158 752 4228 quidem
779 4156 906 4211 solis
932 4153 1289 4208 ardentissimi
1316 4158 1440 4206 sunt
1471 4166 1675 4206 cursus.

432 4232 507 4282 Ac
530 4237 639 4281 tum
663 4228 823 4296 spicis
856 4241 1022 4296 vaqua
1049 4232 1334 4296 cernuntur
1354 4238 1507 4286 arva,

433 4299 555 4355 Sole
576 4292 804 4368 primum
829 4296 895 4350 ad
921 4294 1145 4350 Leonem
1176 4292 1465 4346 accedente.

2098 3186 2324 3251 Ἑξείης
2353 3179 2628 3248 ἑκάτερθε
2656 3170 2996 3251 κατηλυσίῃ
3025 3167 3256 3251 ἇνοδόε
3267 3182 3352 3219 τε.

2424 3232 2724 3323 ξέοκὲανοῐο
2731 3232 2933 3323 ,τόσον
2960 3232 3379 3323 παραμείϐεται
3400 3232 3580 3323 ᾔδυρ,

2089 3303 2324 3380 ⁵5ἀοῖιὲ
2339 3303 2439 3376 ἄπ’
2470 3315 2829 3387 Αἰγοκερῆος
2846 3303 3270 3387 ἀνερχομένοιο
3296 3303 3573 3375 μάλιστα

2088 3396 2389 3465 Καρκίνον
2411 3393 2499 3457 εἰς
2527 3383 2777 3443 ἀνιόντα
2804 3383 3170 3437 κυλίνδεται.
3191 3415 3207 3430 .
3229 3416 3244 3430 .
3266 3415 3281 3431 .

2160 3507 2327 3579 Δῆλον
2363 3497 2456 3558 οὖν
2486 3501 2553 3554 ὲκ
2582 3497 2806 3561 τούτων,
2841 3496 2923 3548 ὅτι
2956 3492 3024 3546 τὰ
3066 3486 3301 3562 τροπικὰ
3350 3486 3552 3559 σημεῖα
3599 3484 3657 3535 ἐν

2089 3600 2209 3661 ταῖς
2226 3577 2433 3667 νάρχαῖς
2461 3589 2775 3645 ὑποτίθεται
2794 3604 2808 3619 ’
2837 3587 2898 3640 τὸ
2933 3585 3030 3657 μὲν
3052 3585 3108 3636 ὲν
3136 3583 3203 3653 τῇ
3230 3578 3325 3633 τοῦ
3359 3577 3656 3649 Καρκίνου,

2091 3689 2153 3743 τὺ
2181 3689 2224 3741 δ’
2247 3689 2303 3741 ὲν
2333 3689 2398 3759 τῇ
2438 3683 2529 3738 τοῦ
2565 3681 2866 3751 Αἰγόκερω.
2897 3678 3008 3748 Τὴν
3034 3675 3146 3746 γὰρ
3180 3673 3286 3726 ὑπὸ
3314 3670 3520 3725 τούτων
3550 3667 3661 3721 τῶν

2095 3778 2336 3851 σημείων
2364 3778 2423 3829 ὲν
2440 3777 2560 3837 ταῖς
2582 3769 2866 3833 ἀνατολαῖς
2893 3766 3068 3821 αὐτῶν
3089 3760 3533 3834 ἀποτεμνομένην
3563 3757 3660 3812 τοῦ

2094 3871 2369 3943 ὁρίζοντος
2415 3865 2767 3938 περιφέρειαν
2813 3864 2841 3914 ὁ
2887 3857 3147 3924 ζωδιακὸς
3190 3854 3494 3909 ἀνατέλλων
3537 3853 3659 3905 ἑπι-

2097 3936 2409 4037 πορεύεται.
2444 3936 2600 4023 Δόξαι
2645 3957 2689 4009 δ’
2724 3952 3109 4025 ἂν.ὲμφαίνειν
3149 3945 3308 4001 τοῦτο
3353 3944 3449 4000 καὶ
3484 3943 3545 4011 ἐξ
3584 3936 3662 3996 ὧν

2098 4057 2227 4129 περὶ
2251 4053 2344 4107 τοῦ
2377 4051 2601 4113 Λέοντος
2629 4048 2802 4116 λέγων
2832 4044 2997 4116 φησίν
3016 4059 3030 4074 ’

2101 4149 2283 4201 Ἔνθα
2302 4147 2419 4214 μὲν
2442 4143 2667 4214 ἠελίοιο
2696 4136 3022 4214 θερείταται
3046 4138 3167 4214 stat
3196 4132 3486 4214 κέλευθοι,

2094 4200 2251 4274 Αίδέ
2283 4200 2400 4270 ἇου
2427 4200 2980 4280 ἀσταχύωναενεαὶ
3006 4207 3320 4280 φαίνονται
3357 4200 3627 4271 ἄρουραι,

2111 4288 2341 4343 Ἠελίου
2369 4283 2440 4338 τὰ
2471 4273 2671 4350 πρῶτα
2702 4273 3168 4347 συνερχομένοιο
3191 4273 3422 4328 Λέοντι.

505 4412 716 4468 Etenim
748 4411 850 4466 sub
880 4416 1130 4465 exortum
1154 4406 1317 4462 Canis
1338 4411 1506 4460 aestus
1532 4402 1855 4460 intenditur.
1882 4400 1985 4456 Ori-

2100 4400 2239 4472 Περὶ
2267 4398 2375 4470 γὰρ
2408 4396 2504 4467 τὴν
2534 4393 2629 4448 τοῦ
2649 4390 2841 4468 ,Κυνὸς
2870 4387 3133 4458 ἀνατολὴν
3179 4386 3274 4440 καὶ
3313 4385 3384 4439 τὰ
3414 4383 3668 4454 καύματα

435 4515 523 4559 tur
550 4519 681 4560 vero
714 4513 834 4573 post
871 4501 941 4556 50
982 4501 1201 4555 circiter
1245 4499 1362 4553 dies
1410 4497 1478 4551 ab
1522 4495 1710 4550 aestivo
1742 4493 1999 4550 solstitio.

436 4598 618 4663 Quare
661 4605 785 4665 post
834 4593 1061 4649 totidem
1106 4591 1243 4657 dies,
1277 4604 1343 4645 ex
1398 4589 1545 4644 illius
1591 4588 1866 4659 opinione,
1920 4588 2004 4641 sol

439 4690 636 4745 Leonis
660 4688 820 4758 120
840 4687 1052 4741 initium
1075 4684 1299 4739 obtinet.
1321 4683 1379 4736 In
1402 4683 1594 4739 eodem
1617 4697 1749 4753 ergo
1770 4680 2005 4737 solstitio

437 4781 634 4835 Cancri
669 4780 1000 4850 principium
1037 4785 1200 4833 tenet.
1230 4778 1406 4847 Atque
1442 4776 1545 4830 hac
1580 4775 1794 4830 ratione
1822 4773 2007 4828 zodia-

434 4889 564 4928 cum
611 4873 879 4927 circulum
933 4870 1305 4926 mathematici
1346 4877 1558 4926 veteres
1609 4867 2002 4940 propemodum

436 4979 653 5027 omnes,
685 4964 779 5018 aut
804 4962 1070 5033 plerique,
1088 4962 1288 5032 partiti
1320 4971 1469 5018 sunt.

514 5123 775 5177 Eudoxus
803 5137 933 5177 vero
961 5121 1170 5191 tropica
1197 5130 1399 5192 puncta
1429 5134 1487 5176 se
1523 5121 1579 5174 in
1618 5119 1812 5175 mediis
1842 5119 2009 5174 collo-

445 5230 571 5270 care
602 5213 772 5285 signis
807 5214 863 5267 in
892 5213 1007 5268 haec
1035 5213 1202 5268 verba
1244 5220 1471 5268 testatur
1509 5231 1521 5267 :
1556 5231 1578 5264 ι
1611 5209 1897 5268 Secundus
1930 5219 2015 5267 est

444 5307 707 5371 circulus,
739 5304 793 5358 in
826 5321 936 5375 quo
984 5305 1369 5361 conversiones
1409 5303 1610 5360 aeStivae
1647 5304 1803 5358 ﬁunt.
1844 5298 1907 5356 In
1946 5316 2012 5357 eo

446 5401 612 5454 situm
653 5406 739 5453 est
779 5398 1016 5452 medium
1054 5394 1271 5451 Cancri.
1313 5416 1330 5448 ι
1364 5390 1502 5452 Item
1536 5416 1549 5450 :
1586 5414 1604 5447 ι
1632 5391 1878 5458 Tertius,
1914 5396 2011 5458 ait,

446 5505 531 5551 est
566 5495 829 5555 circulus,
860 5493 915 5547 in
946 5508 1056 5563 quo
1106 5492 1243 5546 ﬁunt
1283 5492 1630 5562 aequinoctia.
1664 5489 1725 5544 In
1764 5505 1829 5545 eo
1859 5488 2011 5560 posi-

448 5595 564 5640 tum
594 5595 677 5641 est
708 5585 908 5641 Arietis
947 5594 1000 5642 et
1042 5586 1335 5640 Chelarum
1366 5584 1623 5639 medium.
1663 5583 1926 5649 Quartus,
1958 5583 2014 5637 in

447 5692 559 5746 quo
594 5677 979 5733 conversiones
1014 5678 1249 5733 hibernae
1288 5675 1561 5732 accidunt.
1610 5673 1671 5732 In
1721 5689 1787 5731 eo
1824 5674 2015 5746 Capri-

2107 4492 2341 4565 μάλιστα
2369 4487 2599 4557 γίνεται.
2631 4482 2778 4552 Αὕτη
2818 4481 2875 4534 δὲ
2920 4480 3127 4549 γίνεται
3167 4477 3304 4549 μετά
3347 4476 3391 4529 λ’
3441 4475 3669 4544 ἔγγιστα

2103 4583 2315 4655 ἡμέρας
2340 4578 2447 4632 ἀπὸ
2472 4576 2572 4647 τῆς
2597 4573 2810 4646 Θερινῆς
2844 4570 3071 4642 τροπῆς.
3096 4567 3249 4622 Μετὰ
3275 4566 3542 4629 τοσαύτας
3563 4566 3670 4636 ἄρα

2106 4652 2317 4745 ἡμέρας
2363 4669 2589 4738 ἔγγιστα
2632 4664 2755 4719 κατ’
2783 4662 2942 4716 αὐτὸν
2970 4664 2998 4714 ὁ
3027 4660 3176 4729 ἣλιος
3197 4659 3255 4711 ὲν
3287 4659 3355 4728 τῇ
3401 4657 3544 4728 ἀρχῇ
3576 4652 3669 4707 τοῦ

2106 4763 2333 4825 Λέοντος
2385 4760 2616 4828 γίνεται.
2663 4756 2750 4808 Ἐν
2800 4752 2971 4823 ταύτῃ
3020 4754 3084 4822 τῇ
3134 4751 3309 4821 τροπῇ
3354 4747 3534 4800 τοίνυν
3576 4746 3673 4816 τὴν

2108 4852 2283 4925 ἀρχὴν
2312 4849 2495 4918 ἐπέχει
2547 4844 2638 4898 τοῦ
2671 4842 2969 4913 Καρκίνου.
3004 4841 3116 4895 Καὶ
3154 4839 3259 4892 ὑπὸ
3295 4837 3405 4891 τῶν
3431 4837 3674 4909 ἀρχαίων

2109 4944 2167 4998 δὲ
2209 4937 2602 5014 μαθηματικῶν
2648 4936 2864 4989 πάντων
2905 4933 3089 5003 σχεδὸν
3107 4971 3121 4995 ,
3154 4931 3186 5002 ἢ
3231 4926 3339 4984 τῶν
3372 4929 3640 4982 πλείστων
3658 4964 3674 4991 ,

2111 5032 2299 5087 τοῦτον
2333 5031 2421 5083 τὸν
2448 5028 2646 5100 τρόπον
2670 5029 2699 5080 ὁ
2724 5024 2986 5090 ζωδιακὸς
3011 5021 3208 5086 κύκλος
3229 5020 3477 5093 διῄρητο.

2184 5124 2305 5176 Ὅτι
2328 5121 2384 5174 δὲ
2412 5118 2637 5191 Εὔδοξος
2661 5117 2727 5171 τὰ
2762 5113 2997 5188 τροπικὰ
3026 5115 3228 5183 σημεῖα
3252 5110 3392 5165 κατὰ
3430 5108 3573 5181 μέσα
3608 5108 3675 5162 τὰ

2113 5215 2280 5280 ζὼδια
2309 5213 2510 5283 τίθησι,
2547 5209 2704 5281 δῆλον
2734 5208 2879 5261 ποιεῖ
2911 5205 3000 5259 διὰ
3029 5205 3231 5263 τούτων
3252 5223 3264 5236 ·
3295 5224 3313 5256 ι
3332 5203 3593 5274 Δεύτερος
3621 5201 3674 5254 δέ

2114 5307 2231 5358 ἐστι
2252 5302 2470 5366 κύκλος,
2500 5304 2556 5354 ὲν
2580 5294 2625 5368 ᾧ
2648 5297 2855 5369 θεριναὶ
2877 5296 3075 5368 τροπαὶ
3101 5296 3357 5364 γίνονται.
3376 5294 3531 5346 Ἔστι
3555 5291 3599 5344 δ’
3623 5293 3679 5343 ὲν

2113 5395 2288 5465 τούτῳ
2327 5393 2396 5447 τὰ
2440 5391 2581 5462 μέσα
2629 5388 2724 5443 τοῦ
2767 5386 3063 5459 Καρκίνου.
3090 5404 3109 5437 ι
3155 5384 3266 5438 Καὶ
3303 5381 3464 5436 πάλιν
3517 5379 3677 5451 φησί·

2122 5509 2141 5541 ι
2165 5486 2356 5560 Τρίτος
2382 5484 2426 5538 δ’
2457 5484 2571 5538 ἐστὶ
2597 5482 2815 5550 κύκλος,
2853 5483 2912 5536 ὲν
2942 5475 2986 5550 ᾧ
3011 5482 3067 5534 αἰ
3098 5475 3376 5549 ἰσημερίαι
3419 5475 3680 5543 γίνονται.

2122 5584 2277 5636 Ἐστι
2306 5581 2349 5634 δ’
2377 5583 2433 5633 ὲν
2462 5578 2635 5649 τούτῳ
2665 5577 2735 5631 τά
2764 5594 2823 5630 τε
2855 5574 2948 5629 τοῦ
2980 5571 3154 5645 Κριοῦ
3186 5570 3328 5643 μέσα
3355 5569 3451 5623 καὶ
3477 5566 3549 5620 τὰ
3578 5565 3684 5618 τῶν

2117 5673 2334 5746 Χηλῶν.
2371 5671 2640 5742 Τέταρτος
2673 5669 2752 5736 δὲ,
2780 5669 2837 5746 ὲν
2860 5660 2905 5737 ᾧ
2934 5664 3244 5738 χειμεριναὶ
3279 5661 3483 5735 τροπαὶ
3509 5658 3683 5731 τίνον-

2670 5745 2833 5760 ..οέω-Δ.-
2846 5754 2849 5757 .
