3928 6266
246 250 386 310 1069

1200 252 1563 313 IIIPPABCHI
1599 255 1690 309 AD
1718 247 2163 311 ΡΗᾹΞΝΟΠΕΝΑ
2198 253 2327 308 UB.
2370 252 2432 309 ﬂ.

3341 261 3478 315 1970

243 384 357 420 ται.
391 367 561 422 Ἔστι
608 369 652 422 δ’
702 370 761 422 ὲν
807 370 980 441 τούτῳ
1005 370 1084 423 ’τὰ
1122 371 1274 441 ’μέσα
1318 370 1411 424 τοῦ
1458 370 1758 444 Αἰγόκερω.
1799 388 1812 421 ι

1924 369 2079 423 corni
2120 367 2357 423 medium
2398 374 2499 422 est.
2540 386 2560 419 ι
2599 366 2713 423 Hoc
2760 352 2936 438 ipsum
2978 371 3327 429 manifestius
3367 374 3479 429 illic

259 457 700 530 Ἑκφανέστερον
732 459 792 513 -δ’
837 460 922 513 ἔτι
954 460 1044 514 διὰ
1093 460 1296 515 τούτων
1330 460 1638 515 ἀποδίδωσι.
1687 462 1823 533 Περὶ

237 548 354 620 γὰρ
376 549 495 602 τῶν
526 548 803 620 κολούρων
839 552 1144 623 λεγομένων
1174 552 1408 616 κύκλων,
1433 553 1483 606 οἳ
1521 552 1822 623 γράφονται

232 640 329 693 διὰ
361 640 478 693 τῶν
512 641 723 706 πόλων,
760 641 856 695 καὶ
893 643 980 696 διὰ
1006 641 1114 695 τῶν
1146 643 1451 712 τροπικῶν,
1486 642 1579 695 καὶ
1619 643 1821 714 ίσημε-

236 730 412 800 τρινῶν
439 731 709 802 σημείων,
730 731 893 802 φησιν
911 730 1081 795 οὓτως
1097 749 1110 762 ·
1139 750 1158 782 ι
1184 732 1398 803 Ἔτεροι
1414 732 1467 785 6'
1487 733 1622 786 εἰσὶν
1649 733 1693 802 β’
1726 733 1822 786 κύ-

246 821 387 885 κλοι,
422 821 720 892 τέμνοντες
751 816 1011 894 ἀλλήλους
1041 822 1182 892 δίχα,
1226 825 1322 877 καὶ
1366 823 1503 894 πρὸς
1541 823 1706 895 ὀρθὰς
1730 824 1820 878 διὰ

243 915 354 968 τῶν
385 916 577 969 πόλων
618 916 716 969 ’τοῦ
764 916 987 988 κόσμου.
1028 916 1188 971 Ἔστι
1223 919 1266 971 δ’
1308 920 1364 972 ὲν
1395 918 1600 984 τούτοις
1646 921 1818 992 ἄστρα

238 1006 400 1061 τάδε·
435 1012 485 1059 α’
516 1006 549 1058 6
590 1006 747 1071 πόλος
770 1009 799 1060 ὁ
824 1009 911 1061 ἀεὶ
934 1004 1177 1077 φανερὸς
1209 1008 1302 1061 τοῦ
1337 1010 1571 1080 κόσμου·
1602 1006 1720 1063 εἶτα
1757 1012 1820 1065 τὸ

246 1099 415 1169 μέσον
440 1098 550 1169 τῆς
575 1099 805 1171 Ἄρκτου
823 1098 971 1153 ’κατὰ
991 1100 1323 1164 πλάτος-καὶ
1347 1101 1438 1155 τοῦ
1461 1103 1733 1173 Καρκίνου
1757 1104 1819 1157 τὸ

249 1189 434 1259 μέσον.
465 1210 483 1241 ι
525 1191 639 1243 Καὶ
689 1192 804 1262 μετ’
846 1190 1024 1259 ὀλίγον
1056 1192 1249 1263 φησίν·
1281 1212 1300 1245 ι
1324 1193 1398 1246 Ἦ
1444 1212 1503 1247 τε
1546 1195 1682 1266 οὐρὰ
1722 1197 1816 1249 τοῦ

249 1278 421 1332 νοτίου
460 1278 671 1350 Ἰχθύος
707 1281 800 1333 καὶ
840 1280 900 1333 τὸ
932 1279 1094 1351 μέσον
1132 1281 1226 1334 τοῦ
1264 1282 1580 1355 ιΑίγόκερω·
1614 1303 1632 1334 ι
1673 1287 1731 1338 ὲν
1759 1286 1815 1338 δὲ

247 1372 355 1433 τοῖς
403 1370 540 1440 ἑξῆς
592 1387 755 1441 φησιν
786 1373 842 1423 ὲν
875 1371 953 1441 τῷ
995 1372 1165 1442 ἑτέρῳ
1211 1371 1319 1425 τῶν
1367 1373 1457 1426 διὰ
1497 1373 1605 1427 τῶν
1636 1375 1816 1428 πόλων

248 1460 464 1514 κύκλων
526 1461 742 1515 κεῖσθαι
783 1463 879 1514 σὺν
917 1465 1028 1526 τοῖς
1063 1463 1263 1527 ἄλλοις,
1291 1459 1372 1528 οἷς
1422 1465 1813 1538 ἐξαριθμεῖται,

250 1550 342 1603 καὶ
371 1548 444 1603 τά
466 1550 613 1622 μέσα
634 1550 742 1605 τῶν
762 1551 956 1623 Χηλῶν
984 1554 1124 1609 κατὰ
1151 1554 1370 1619 πλάτος,
1395 1558 1494 1610 οιαὶ
1528 1556 1813 1630 τοῦιΚριοῦ

248 1642 316 1695 τὰ
351 1642 500 1696 νῶτα
534 1643 686 1697 κατά
717 1643 937 1709 πλάτος.

1922 459 2087 513 etiam
2124 458 2414 529 signiﬁcat,
2451 458 2543 513 ubi
2575 457 2644 513 de
2675 459 2884 515 coluris
2912 461 3135 517 circulis
3167 478 3354 532 agens,
3383 466 3480 535 qui

1920 563 2017 619 per
2056 549 2215 619 polos
2255 557 2310 603 et
2349 547 2556 617 tropica
2609 548 3112 621 acquinoctiaIiaque
3142 562 3340 621 puncta
3373 552 3477 607 du-

1919 645 2138 703 cuntur,
2180 638 2256 692 ita
2298 638 2533 692 scribit:
2576 656 2595 689 ι
2635 636 2742 691 Alii
2787 645 2914 693 sunt
2957 642 3150 696 circuli
3193 643 3300 697 duo
3338 642 3479 696 bifa-

1919 729 2057 783 riam
2088 729 2317 784 invicem
2351 729 2418 783 ad
2450 738 2631 785 rectos
2664 730 2893 802 angulos
2921 741 3169 788 secantes
3196 750 3291 805 per
3323 736 3477 804 polos

1920 820 2128 874 mundi.
2157 818 2218 874 ln
2252 820 2452 890 quibus
2492 820 2605 874 haec
2646 830 2794 876 astra
2830 830 2957 876 sunt
3000 824 3230 893 primum
3265 841 3478 896 semper

1922 926 2191 980 apparens
2235 913 2424 967 mundi
2468 914 2657 982 polus;
2691 912 2887 969 deinde
2920 915 3154 969 medium
3198 915 3347 971 Ursa:
3390 933 3478 971 se-

1922 1003 2160 1057 cundum
2191 1004 2565 1068 latitudinem,
2598 1004 2833 1060 medium
2862 1004 3078 1071 Cancri,
3110 1014 3214 1062 etc.
3254 1027 3273 1059 ι
3308 1006 3477 1062 Paulo

1921 1102 2045 1165 post
2082 1094 2232 1149 addit
2264 1113 2280 1150 :
2320 1113 2339 1147 ι
2364 1093 2484 1149 ~Nec
2533 1111 2642 1151 non
2674 1097 2846 1151 cauda
2890 1096 3063 1151 Piscis
3102 1099 3390 1162 australis,
3422 1111 3477 1154 et

1921 1187 2156 1242 medium
2181 1186 2519 1257 Capricorni.
2534 1187 2823 1259 nDeinceps
2844 1205 2968 1245 vero
2995 1190 3207 1254 scribit,
3230 1189 3284 1244 in
3306 1192 3477 1245 altero

1922 1292 2019 1346 per
2067 1278 2221 1348 polos
2269 1288 2588 1337 transeunte
2635 1283 2843 1338 circulo
2892 1284 3055 1338 situm
3103 1300 3247 1348 esse,
3278 1292 3477 1355 prazter

1921 1369 2058 1434 alia,
2106 1385 2226 1440 quae
2273 1380 2521 1428 recenset
2562 1375 2797 1429 medium
2840 1374 3131 1432 Chelarum
3176 1377 3476 1432 secundum

1920 1459 2283 1528 latitudinem,
2304 1471 2359 1518 et
2388 1465 2682 1520 secundum
2707 1467 2949 1522 eamdem
2973 1468 3308 1524 latitudinem
3329 1468 3478 1524 Arie-

1918 1551 1990 1607 tis
2010 1558 2179 1623 terga.

318 1736 391 1789 Δ’.
426 1735 870 1807 Προδιαληπτέον
890 1684 992 1792 zeal.
1019 1738 1197 1803 τοῦτο,
1219 1742 1307 1794 ὃτι
1344 1739 1444 1804 τὰς
1476 1739 1650 1813 ἀρχὰς
1684 1741 1812 1795 ἐκά-

1988 1705 2078 1761 lV.
2106 1708 2514 1767 Observandum
2534 1722 2791 1783 praeterea
2815 1715 2949 1770 illud
2969 1725 3071 1781 est,
3087 1716 3309 1773 Aratum
3324 1721 3478 1789 prin-

246 1834 374 1879 ’στου
398 1825 511 1880 τῶν
536 1825 605 1897 ιβ’
636 1814 840 1892 ζωδίων
873 1829 1257 1900 ὑποτιθέμενος
1287 1834 1317 1884 6
1335 1833 1565 1903 Ἄρατος
1595 1833 1687 1885 ἐπὶ
1716 1832 1819 1901 τῆς

251 1916 537 1987 ἀνατολῆς,
562 1917 818 1988 διασαφεῖ
838 1919 939 1974 ὅσα
960 1920 1039 1991 τῷ
1065 1922 1445 1994 προειρημένῳ
1468 1921 1617 1993 αύτῷ
1641 1922 1817 1993 ζωδίῳ

254 2009 720 2064 συνανατέταλκεν
767 2010 802 2082 ἦ
853 2012 1307 2067 ἀντικαταδέδυκε
1353 2013 1463 2067 τῶν
1510 2014 1667 2078 ἐκτὸς
1719 2013 1815 2068 τοῦ

254 2098 518 2162 ζωδιακοῦ
554 2102 806 2174 ἀστρωψ
838 2102 868 2155 6
894 2103 990 2156 καὶ
1020 2105 1280 2158 συντείνει
1309 2105 1540 2176 μάλιστα
1581 2106 1720 2178 πρὸς
1755 2106 1817 2161 τὸ

255 2190 318 2242 ἐκ
337 2189 444 2242 τῶν
470 2190 656 2245 ἄλλων
688 2191 904 2264 ἄστρων
936 2192 1340 2263 συλλογίζεσθαι
1364 2195 1426 2249 τὸ
1458 2194 1648 2266 μέλλον
1683 2198 1816 2251 ἀνα-

254 2277 457 2333 τέλλειν
516 2280 986 2353 δωδεκατημόριον
1035 2283 1130 2337 τοῦ
1192 2283 1479 2350 ζωδιακοῦ.
1540 2285 1709 2357 Δῆλον
1760 2287 1818 2342 δὲ

257 2369 407 2424 τοῦτο
433 2374 585 2426 ποιεί
603 2374 698 2427 καὶ
728 2374 821 2428 ἐπὶ
846 2376 946 2447 τῆς
963 2375 1071 2430 τῶν
1099 2376 1316 2447 Ἰχθύων
1340 2377 1623 2449 ἀνατολῆς,
1636 2378 1816 2448 λέγων

255 2458 440 2524 οὕτως.
462 2460 655 2516 Είπὼν
690 2462 799 2535 γὰρ
832 2464 960 2536 περὶ
990 2463 1082 2518 τοῦ
1117 2465 1336 2538 Ὕδραν,
1363 2467 1445 2520 ὅτι
1473 2467 1542 2522 τά
1571 2468 1668 2538 μὲν
1711 2469 1819 2523 ἀπὸ

258 2548 355 2621 τῆς
372 2551 620 2623 κεφαλῆς
646 2552 750 2617 ἕως
771 2555 871 2626 τῆς
903 2555 1127 2627 πρώτης
1154 2558 1385 2628 σπείρας
1409 2556 1500 2611 τοῦ
1534 2558 1816 2630 ’Υδροχόου

261 2643 667 2716 ἀναφερομένου
702 2646 953 2720 μετέωρά
1002 2649 1155 2715 ἐστι,
1193 2649 1253 2703 τὺ
1308 2649 1365 2703 δὲ
1412 2649 1597 2704 λοιπὸν
1652 2648 1816 2705 αὑτοῦ

262 2732 417 2806 σῶμα
445 2738 496 2790 οἱ
532 2736 740 2808 ’ἰχθύες
772 2738 1084 2808 ἀνάγωσιν,
1117 2740 1396 2812 ἐπιφέρει·

264 2848 419 2927 ρῦτω
555 2852 822 2927 Διριογεραὶ
845 2853 1059 2927 χεῖρες,
1093 2853 1205 2927 καί
1224 2855 1430 2927 γοῦνα,
1464 2857 1560 2911 καὶ
1586 2846 1731 2927 ὦμοι

275 2918 678 2992 Ἀνὲρσμέδὴς
702 2918 1080 2993 ﬁxa-adria
1099 2939 1113 2953 '
1147 2918 1360 2995 τὰμὲν
1399 2918 1818 2996 ,πάρος-[ἅλλα

268 3054 513 3136 Tyneta:
542 3062 845 3136 ῘΩκεαν-οῒο
866 3080 880 3094 ·
912 3063 1053 3136 νέον
1075 3064 1130 3136 δ’
1151 3065 1328 3120 ὁπότε
1347 2995 1746 3136 πύξτὲἔὲξὲ

278 3130 491 3207 fumis;
521 3132 874 3207 ᾀμφότεροι,
902 3135 985 3207 τὰ-
1010 3133 1127 3207 μέν
1151 3138 1204 3188 οὶ
1236 3130 1584 3201 κατᾶδέξιά
1614 3139 1813 3207 χειρὸς

257 3200 421 3273 ᾼύτοὶ
438 3200 802 3270 ἐφέλκονται
820 3223 832 3235 ·
864 3204 938 3258 τὰ
960 3200 1315 3273 δ”ἀριστερὰ
1344 3200 1760 3263 reccidere-3:12am

262 3269 429 3338 Κριὸς
458 3269 878 3342 ἀνερχόμενος.
903 3313 919 3328 .
944 3313 957 3328 .
979 3312 995 3329 .

263 3378 357 3432 Διὰ
395 3383 503 3452 γὰρ
553 3381 647 3437 τοῦ
665 3422 681 3447 ,
725 3383 867 3439 νέον
902 3388 1079 3441 ὁπότε
1121 3388 1515 3459 speres-(mat
1565 3392 1813 3461 Ἰχθύες,

264 3468 405 3542 δηλοί
421 3475 526 3530 οιλκ
574 3474 704 3552 ἄλλο
736 3476 870 3549 and}
910 3477 1038 3533 ὅταν
1066 3479 1334 3551 ἀρχωνται
1361 3483 1409 3535 οἱ
1440 3480 1642 3552 ’ἰχθύες
1686 3483 1817 3536 ἀναι-

263 3560 476 3618 τέλλειν.
687 3546 705 3572 ⁶

335 3655 449 3708 Ἔτι
492 3657 558 3711 δὲ
603 3659 736 3713 αὐτὸ
783 3659 940 3713 τοῦτο
994 3661 1224 3732 φανερὸν
1264 3663 1407 3715 ποιεῖ
1454 3662 1548 3715 καὶ
1596 3661 1692 3714 ἐπὶ
1718 3662 1817 3732 τῆς

279 3743 516 3815 Ἂηργοῦς,
547 3750 658 3820 Τῆς
681 3750 789 3821 γὰρ
822 3751 1093 3823 Παρθένου
1121 3753 1533 3824 ἀνατελλούσης,
1565 3754 1699 3823 φησὶ
1718 3753 1818 3823 τὴν

266 3837 507 3909 πρύμναν
539 3841 708 3910 αὐτῆς
730 3843 1044 3896 ’ἀνατέλλειν
1071 3844 1197 3913 ὅλην
1216 3861 1230 3874 ·
1264 3845 1334 3898 τὰ
1366 3843 1424 3897 δὲ
1461 3843 1620 3898 λοιπὰ
1648 3845 1817 3915 αὐτῆς

266 3923 365 3989 ἓως
404 3929 495 3983 τοῦ
545 3930 691 3984 ἱστοῦ
728 3930 1053 3996 ἀνατέλλειν,
1096 3932 1175 3985 ὅτ’
1212 3931 1279 3986 ἂν
1322 3932 1418 4002 ὅλη
1466 3934 1500 4002 ἡ
1541 3930 1819 4003 Παρθένος

266 4016 536 4095 ἀνατείλῃ.
566 4021 849 4093 Προειπὼν
880 4022 1010 4094 γάρ·

271 4134 348 4205 ρῠ
370 4134 481 4203 μέν
507 4141 625 4203 θην
651 4137 892 4204 ὀλίγους
916 4136 1086 4205 γαίης
1118 4135 1236 4190 ὑπὸ
1262 4135 1465 4189 νείατα
1490 4135 1709 4201 βάλλει

268 4203 563 4273 Παρθένος
597 4203 996 4261 ἀντέλλουσα.
1019 4245 1033 4259 .
1060 4246 1073 4261 .
1096 4242 1117 4259 -.

264 4318 382 4383 μετ’
404 4317 586 4388 ὀλίγον
610 4319 746 4390 φησί
766 4336 780 4350 ·

272 4463 393 4513 κ’...
421 4431 815 4513 φθάμεγοςρδὲ
847 4433 1020 4513 Κύων
1052 4424 1240 4499 πόδας
1254 4432 1500 4513 ἀἴνυται
1532 4431 1780 4513 άμους,

267 4496 499 4572 flava-or
530 4496 808 4568 ἓξόπιόεν
834 4504 1111 4572 πρύμναν
1156 4496 1536 4569 πολυτειρέος
1560 4496 1812 4571 Ἀργοῦς.

279 4566 338 4622 Ἦ
361 4570 426 4624 δὲ
455 4566 767 4643 θέειίππαίης
791 4566 966 4628 lardi;
983 4574 1244 4642 διχόωσα
1271 4566 1641 4626 κατ’“αὑτόν“·

266 4702 556 4783 ¹Παρθένος
581 4703 732 4778 ἦμος
761 4707 966 4762 ἅπασα
994 4707 1305 4776 περαιόθεν
1332 4706 1459 4776 ἄρτι
1489 4708 1741 4777 γένηται.

335 4816 439 4871 Καὶ
481 4823 509 4873 6
554 4819 776 4887 Εὔδοξος
794 4820 868 4883 δὲ,
899 4814 944 4888 ᾧ
991 4819 1461 4892 κατηκολούθηκεν
1507 4823 1534 4873 6
1561 4822 1813 4892 Ἀρατος,

272 4904 355 4960 τὸν
372 4910 530 4965 αὐτὸν
557 4914 758 4984 τρόπον
786 4913 1095 4967 ὑποτίθεται
1112 4915 1169 4965 ὲν
1183 4915 1301 4977 ταῖς
1321 4912 1698 4976 συνανατολαῖς
1719 4913 1817 4976 τὰς
1836 4928 1841 4932 ‘

273 5001 434 5073 ἀρχὰς
461 5008 566 5063 τῶν
614 5009 818 5074 ζωδίων
857 5010 950 5062 ἐπὶ
985 5009 1084 5079 τῆς
1126 5008 1421 5079 ἀνατολῆς·
1458 5008 1597 5061 ὥστε
1629 5009 1722 5061 καὶ
1753 5010 1819 5062 ὲκ

271 5093 449 5149 τούτου
478 5100 705 5170 φανερὸν
737 5100 977 5168 γίνεσθαι
1015 5101 1077 5153 τὸ
1110 5100 1481 5170 προκείμενον.
1517 5099 1730 5154 Τούτων
1761 5100 1818 5152 δὲ

276 5191 827 5265 προῦποδξδειγμένων
873 5193 967 5247 νῦν
999 5191 1421 5263 ἐπισκεψώμεθα
1457 5191 1554 5255 τὰς
1598 5192 1689 5244 ὑπ’
1722 5192 1820 5244 αύ-

274 5249 372 5329 τῶν
389 5249 769 5353 άπϐἆδομένας
791 5283 1146 5347 συνανατολάς
1165 5249 1225 5336 τέ
1247 5249 1340 5337 καὶ
1356 5281 1813 5346 ἀντικαταδύσεις.

341 5365 411 5421 E’.
429 5371 617 5426 ’Υποθέ
625 5391 784 5444 μενος
801 5374 980 5427 τοίνυν
1010 5376 1040 5427 6
1054 5375 1119 5426 Ἀ
1129 5391 1285 5445 ρατος
1325 5374 1417 5427 ὲπὶ
1435 5373 1536 5442 τῆς
1557 5372 1818 5442 ἀνατολῆς

277 5453 365 5525 τὴν
393 5460 558 5534 ἀρχὴν
590 5464 684 5517 τοῦ
712 5465 1009 5537 Καρκίνου,
1028 5467 1161 5535 φησὶ
1187 5463 1277 5518 τοῦ
1307 5464 1404 5535 μὲν
1436 5464 1706 5532 Στεφάνου
1731 5464 1816 5517 δε·-

278 5542 564 5608 δυκέναιτὸ
590 5556 778 5626 ἥμισυ,
815 5555 906 5609 τοῦ
944 5555 1000 5608 δὲ
1033 5554 1205 5607 νοτίου
1245 5554 1445 5623 ’ἰχθύος
1482 5552 1544 5605 τὸ
1583 5552 1688 5614 ἓως
1724 5552 1820 5622 τῆς

281 5636 500 5710 ῥάχεως·
540 5647 632 5700 τοῦ
674 5647 729 5700 δὲ
769 5649 856 5702 Ἑν
889 5649 1072 5717 γόνασι
1112 5647 1178 5700 τὰ
1235 5646 1373 5717 ὑπὲρ
1416 5645 1512 5715 τὴν
1545 5644 1816 5715 γαστέρα·

1842 3039 1888 3101 C
1917 3044 2236 3125 gertingunt
2258 3065 2322 3103 ea:
2352 3049 2583 3125 Oceano,
2614 3068 2789 3107 recens
2820 3057 3026 3124 quando
3054 3039 3315 3125 prodeunt

1846 4380 1893 4435 B

1916 1801 2058 1872 cipia
2082 1803 2376 1873 cujuslibet
2400 1821 2430 1861 e
2457 1807 2743 1864 duodecim
2773 1804 2947 1880 signis
2982 1810 3035 1863 in
3068 1811 3276 1867 oriente
3310 1813 3479 1868 collo-

1916 1901 2154 1961 cantem,
2183 1897 2488 1967 exprimere
2515 1914 2762 1970 quaenam
2792 1911 2946 1956 extra
2982 1902 3261 1956 zodiacum
3294 1905 3481 1975 posita

1917 1978 2096 2039 sidera
2124 1998 2248 2041 cum
2293 1987 2390 2042 illo
2417 1988 2537 2059 ipso
2579 1991 2737 2061 signo
2766 1990 2978 2061 pariter
3014 1994 3214 2056 or'tum,
3241 2003 3334 2047 aut
3378 2009 3478 2048 oc-

1916 2064 2106 2137 casum
2154 2093 2222 2133 ex
2267 2077 2499 2136 adverso
2550 2081 2814 2149 fecerint;
2849 2082 2994 2153 quod
3041 2100 3106 2140 eo
3150 2100 3479 2156 magnopere

1912 2168 2168 2238 pertinet,
2199 2178 2258 2224 ut
2287 2186 2355 2228 ex
2395 2173 2517 2230 aliis
2545 2175 3050 2232 constellationibus
3081 2179 3333 2248 proxime
3366 2182 3478 2233 ori-

1916 2266 2099 2314 turum
2152 2262 2368 2333 signum
2419 2261 2627 2319 zodiaci
2661 2266 2966 2338 colligatur.
3011 2266 3164 2323 Istud
3206 2270 3369 2324 etiam
3418 2270 3476 2326 in

1915 2358 2108 2406 exortu
2132 2344 2377 2409 Piscium
2417 2356 2659 2412 declarat
2697 2357 2783 2413 his
2824 2360 3024 2415 verbis.
3055 2357 3191 2415 Cum
3225 2362 3371 2416 enim
3407 2361 3476 2417 de

1918 2430 2101 2514 [ly-tiro
2141 2436 2396 2512 dixisset,
2438 2464 2559 2519 quae
2607 2449 2676 2505 ab
2726 2451 2847 2520 ej‘u's
2900 2450 3076 2522 capite
3120 2452 3196 2507 ad
3240 2452 3476 2523 primam

1918 2535 2122 2605 spiram
2169 2540 2464 2608 pertinent,
2496 2543 2822 2599 ascendente
2853 2540 3094 2616 Aquario
3151 2546 3205 2600 in
3255 2548 3476 2603 sublimi

1917 2645 2061 2697 esse,
2104 2632 2375 2704 reliquum
2420 2627 2569 2692 illius
2597 2651 2799 2707 corpus
2843 2653 2966 2692 cum
2992 2632 3244 2697 Piscibus
3283 2656 3476 2698 ascen-

1917 2718 2067 2788 dere,
2099 2738 2226 2780 mox
2256 2727 2478 2798 subjicit
2506 2748 2519 2784 :

1919 2834 2008 2914 Sic
2026 2838 2191 2914 etiam
2209 2840 2382 2914 iussa;
2407 2838 2617 2914 manus.
2644 2851 2693 2896 et
2721 2860 2909 2914 genua,
2937 2855 2988 2899 et
3010 2845 3220 2901 humeri

1920 2906 2287 2976 Andromedae,
2315 2910 2597 2965 dimidiata
2619 2906 2829 2978 omnia;
2849 2915 2957 2969 lucc
2975 2916 3180 2986 quidem
3202 2926 3340 3034 antu,
3366 2918 3477 2973 alia

3293 2999 3406 3034 nos!

3291 2999 3406 3054 post

3271 3039 3290 3059 ι

1921 3114 2301 3191 ζ’ξδοεκάηιὸυ,
2332 3122 2605 3174 dexteram
2632 3114 2843 3191 quidem
2872 3126 2921 3178 ei
2951 3114 3164 3179 manum

1916 3185 2095 3242 Pisces
2124 3190 2397 3244 attrahunt
2428 3206 2448 3244 :
2477 3201 2531 3245 at
2555 3185 2825 3247 sinistram
2848 3195 2918 3247 ab
2941 3196 3046 3249 imo
3073 3196 3235 3249 trahit

1916 3259 2066 3312 Aries
2095 3261 2400 3315 ascendens.

1984 3369 2119 3425 Nam
2150 3371 2264 3427 haec
2292 3373 2458 3428 verba
2480 3414 2497 3441 ,
2542 3392 2719 3431 recens
2750 3378 2962 3448 quando
2989 3380 3245 3448 prodeunt
3273 3381 3473 3449 Pisces,

1894 3460 2052 3514 nihil
2103 3462 2272 3526 aliud,
2310 3479 2473 3533 quam
2537 3465 2751 3521 initium
2798 3475 2959 3523 ortus
3005 3468 3245 3524 Piscium
3294 3472 3477 3541 expri-

1916 3561 2092 3607 munt.

1987 3642 2226 3712 ldipsum
2259 3652 2313 3699 et
2349 3646 2403 3699 in
2441 3648 2585 3717 Argo
2619 3648 2920 3706 clarissime
2955 3651 3308 3709 demonstrat.
3338 3653 3475 3710 Nam

1920 3732 2130 3789 oriente
2151 3733 2374 3806 Virgine
2399 3746 2566 3792 totam
2593 3740 2739 3796 illius
2761 3744 2961 3797 exoriri
2986 3746 3204 3815 puppim
3237 3748 3472 3805 asserit:

1917 3835 2111 3880 caetera
2138 3826 2312 3897 ipsius
2341 3844 2516 3899 usque
2546 3832 2615 3887 ad
2644 3834 2843 3888 malum
2875 3850 3150 3907 emergere
3178 3853 3301 3894 cum
3334 3840 3476 3895 inte-

1917 3933 2014 3988 gra
2040 3916 2210 3990 Virgo
2242 3922 2643 3979 conscenderit.
2674 3925 2810 3981 Cum
2849 3928 2992 3982 enim
3027 3927 3257 3986 dixisset
3289 3950 3303 3986 :

1920 4117 2033 4195 1_V_ec
2052 4129 2189 4175 certe
2214 4136 2386 4195 pauca
2414 4123 2591 4177 sidera
2620 4133 2774 4179 terra:
2800 4124 2895 4179 sub
2922 4125 3106 4195 inﬁma
3132 4129 3293 4182 mittit

1931 4188 2085 4262 Virgo
2115 4188 2353 4247 emoriens
2376 4208 2396 4246 :

1919 4304 2082 4373 paulo
2109 4311 2231 4374 post
2268 4306 2345 4360 ait
2377 4325 2390 4361 :

1922 4456 1993 4489 ἒ.
2030 4455 2044 4469 .
2091 4419 2405 4486 prwveuiens
2438 4435 2554 4474 vero
2585 4417 2746 4475 Canis
2778 4422 2931 4489 pedes
2967 4424 3152 4487 arripit
3183 4423 3315 4477 alios

1920 4488 2151 4560 [rubens
2184 4506 2217 4540 a
2248 4498 2387 4558 tergo
2412 4491 2623 4558 puppim
2654 4488 2880 4546 stellata:
2902 4493 3093 4560 Argus.

1921 4557 2048 4613 Haec
2093 4568 2269 4612 autem
2311 4557 2479 4612 currit
2518 4557 2688 4628 supra
2730 4570 2943 4626 terram,
2975 4557 3171 4616 mutum
3198 4563 3481 4616 dimidiata

3016 4632 3187 4704 [juxta
3216 4634 3407 4698 ipsum,

1924 4696 2081 4767 Virgo
2109 4699 2318 4768 quando
2342 4709 2452 4754 tota
2484 4699 2550 4752 ab
2581 4700 2916 4768 inferioribus
2939 4696 3057 4770 jam
3084 4696 3370 4756 emerserit.

1986 4808 2131 4876 Quin
2174 4818 2228 4863 et
2272 4809 2550 4874 Eudoxus,
2584 4827 2747 4881 quem
2798 4821 3075 4868 auctorem
3120 4823 3343 4869 secutus
3395 4823 3480 4869 est

1917 4898 2138 4961 Aratus,
2167 4900 2356 4954 eodem
2400 4900 2561 4956 modo
2603 4903 2884 4971 signorum
2920 4903 3075 4965 initia
3112 4904 3166 4958 in
3201 4905 3479 4960 coortibus

1919 4993 1985 5047 ad
2015 4993 2283 5047 orientem
2328 4995 2519 5049 statuit
2553 5015 2566 5048 :
2602 5003 2663 5049 ut
2694 4995 2779 5049 vel
2812 4996 2939 5049 inde
2973 4997 3288 5066 planissime
3321 4998 3478 5052 nobis

1918 5084 1984 5140 de
2030 5095 2200 5155 poeta:
2232 5087 2508 5157 proposito
2563 5096 2797 5144 constet.
2858 5087 2955 5143 llis
3003 5104 3135 5143 vero
3187 5089 3478 5144 declaratis

1917 5178 2258 5247 inquiramus
2307 5178 2468 5231 modo
2501 5178 2554 5233 in
2585 5187 2806 5233 coortus
2845 5180 3325 5249 oppositarumque
3354 5195 3481 5250 par-

1919 5269 2055 5323 tium
2085 5283 2334 5332 occasus,
2369 5270 2674 5339 cujusmodi
2709 5273 2777 5326 ab
2808 5272 2916 5326 illis
2949 5272 3134 5326 traditi
3166 5272 3406 5326 fuerunt.

1989 5360 2055 5416 γ.
2080 5359 2390 5417 Constituto
2406 5362 2568 5432 igitur
2591 5362 2775 5416 adorie
2796 5371 2943 5417 ntem
2962 5363 3116 5418 initio
3142 5360 3361 5425 Cancri,
3394 5376 3480 5416 re-

1921 5451 2026 5508 fert
2053 5455 2251 5508 Aratus
2280 5454 2513 5507 mediam
2540 5453 2765 5507 Coronae
2805 5462 3009 5522 partem
3046 5442 3352 5519 occidisse;
3381 5466 3482 5505 au-

1921 5545 2103 5600 stralis
2134 5545 2263 5598 item
2292 5543 2464 5600 Piscis
2493 5561 2666 5613 usque
2693 5545 2759 5598 ad
2794 5547 3002 5615 spinam
3045 5543 3226 5608 dorsi;
3263 5543 3479 5615 Ingeni—

1921 5639 2029 5695 culi
2052 5636 2315 5710 quidquid
2340 5645 2424 5693 est
2444 5653 2607 5708 supra
2630 5646 2903 5705 ventrem;
2929 5635 3271 5708 Ophiuchum
3289 5637 3449 5693 hume
3466 5667 3481 5679 -
