3928 6266
260 417 405 478 1073

1258 416 1672 473 HIPPPARCHI
1707 416 1797 471 AD
1833 414 2286 473 PHENOMENA
2313 412 2442 468 LIB.
2484 413 2549 469 ΙΙ.

3355 410 3492 467 1οη

262 556 353 610 μοι
381 540 629 606 ἀγνοεῖν.
662 536 799 590 Φασὶ
838 533 948 607 γὰρ
971 533 1128 589 αὑτὸν
1174 534 1216 588 δ’
1247 533 1453 599 ζωδίοις
1486 532 1839 588 ἁντικαταδύ-

1965 540 2070 587 'uut
2108 532 2254 587 enim
2292 546 2355 585 ex
2388 528 2619 584 adverso
2659 528 2937 597 signorum
2962 533 3195 597 quatuor
3226 525 3493 590 occidere,

259 646 394 692 νειν,
425 627 591 699 Κριῷ
625 644 686 680 τε
720 627 812 680 καὶ
854 625 1071 698 Ταύρῳ,
1121 627 1215 678 καὶ
1254 625 1524 696 Διδύμοις,
1565 626 1656 678 καὶ⁹
1688 626 1836 696 Καρ-

262 720 422 790 κίνῳ.
465 718 530 772 Ὁ
561 718 660 790 μὲν
699 718 808 788 γὰρ
835 718 1068 788 ’Ἄρατος
1090 715 1182 770 τοῦ
1207 714 1420 787 Ταύρου
1448 714 1583 786 πρὸς
1606 716 1671 785 τῇ
1708 715 1838 767 ἀνα-

262 810 395 881 τολῇ
424 808 606 874 ὄντος,
641 825 714 880 φη
722 808 805 863 σίν
823 822 838 838 ⁶

265 926 445 1010 ξύνει
471 923 542 1010 δ’.
571 923 969 1010 Ἀρκτοξρύλαξ
997 922 1116 1010 ᾔδη
1140 881 1187 955 ⁷0⁸
1206 921 1402 1010 πρῴτῃ
1431 922 1529 1009 ἐπί
1545 921 1747 991 μοίρῃ,

246 993 440 1049 -Τάων
477 997 542 1049 αἱ
564 992 815 1063 πίσυρές
838 1011 944 1064 μιν
982 992 1120 1064 deep
1152 992 1349 1063 χειρὸς
1379 992 1702 1062 κατάγουσι
1719 1007 1735 1021 ·

267 1132 412 1186 ὥστε
439 1130 523 1205 τῷ
539 1131 693 1205 Itth
715 1132 1052 1188 ἀνατέλλοντι
1081 1130 1339 1203 ἄρχεσθαι
1374 1130 1534 1184 αὐτὸν
1557 1131 1842 1184 ἀντικατα-

246 1224 470 1279 ⁴δύνειν.
514 1224 842 1288 Ἀκολούθως
878 1223 934 1280 δὲ
973 1223 1145 1297 ταύτῃ
1179 1226 1245 1293 τῇ
1288 1222 1561 1288 ὑποθέσει,
1611 1223 1703 1277 καὶ
1748 1223 1841 1276 τοῦ

269 1315 558 1387 Καρκίνου
596 1315 897 1386 ἀρχομένου
930 1313 1257 1377 ἀνατέλλειν,
1283 1313 1427 1382 λέγει
1454 1312 1613 1367 ταυτί
1629 1330 1644 1343 ο

274 1430 415 1484 Οὐδ’
439 1430 521 1485 ἂν
551 1430 631 1485 ἐτ’
665 1429 1060 1500 Ἀρκτοφύλαξ
1079 1429 1172 1496 εἴη
1201 1429 1394 1497 πολὺς
1418 1430 1841 1499 ἀμφοτέρωθεν·

273 1564 475 1618 Μείων
495 1562 746 1634 ἠμάτιος
765 1580 779 1594 ⁶
811 1563 879 1617 τὸ
908 1565 959 1617 δ’
983 1563 1093 1634 ἐπὶν
1111 1563 1300 1634 πλέον
1326 1564 1583 1633 ἔννυχος
1604 1563 1739 1633 ἤδη.

182 1680 187 1685 .
278 1633 671 1704 Τέτρασιγᾴρ
706 1634 940 1703 μοίραις
971 1635 1013 1665 ⁷⁷
1059 1633 1272 1704 ἄμυδις
1308 1636 1582 1690 κατιόντα
1614 1636 1850 1703 Βοώτην

285 1703 576 1771 Ὠκεανὸς
599 1703 854 1774 δέχεται.

283 1820 345 1874 Ὀ
381 1820 442 1873 δὲ
468 1817 697 1885 Εὔδοξος
720 1820 918 1890 γράφει
944 1817 1115 1884 οὕτως
1133 1835 1146 1851 θ
1178 1838 1197 1872 ι
1222 1820 1339 1874 ’οτ’
1362 1820 1428 1875 ἂν
1455 1823 1484 1874 6
1506 1821 1673 1893 Κριὸς
1697 1820 1848 1892 δύνῃ,

273 1911 385 1967 τῶν
423 1913 528 1983 μὲν
732 1877 970 1984 ἑρκτους
1011 1877 1111 1968 τού
1149 1877 1581 1985 Ἀρκτοφύλακος
1619 1877 1671 1968 oi
1884 1884 1923 1938 n
1951 1895 1981 1935 θ
2045 1877 2353 1985 ίξθτξθηιηιε

274 2004 519 2069 δύνουσι,
549 2003 660 2059 τῶν
692 2005 750 2058 δὲ
775 2005 912 2076 πρὸς
937 2005 1088 2060 νότον
1114 2003 1206 2059 τοῦ
1249 2004 1447 2078 Θηρίου
1487 2006 1549 2060 τὸ
1586 2005 1788 2062 λοιπόν.
1829 2026 1847 2057 ι

288 2097 380 2151 Ἐν
404 2095 468 2150 δὲ
494 2099 563 2169 τῇ
594 2097 735 2169 ἀρχῇ
762 2096 857 2151 τοῦ
901 2096 1027 2169 περὶ
1057 2096 1168 2150 τῶν
1196 2096 1470 2151 ἀνατολῶν
1498 2097 1678 2167 λόγου,
1720 2097 1855 2153 διελ-

279 2186 391 2242 θὼν
428 2189 535 2243 ὅσα
573 2188 668 2242 ἐπὶ
692 2187 895 2253 δύσεως
924 2189 1018 2242 καὶ
1054 2187 1317 2260 ἀνατολῆς
1358 2190 1525 2254 ἐστιν,
1553 2188 1853 2261 ἀρχομένου

280 2279 375 2332 τοῦ
401 2279 688 2352 Καρκίνου
727 2279 1061 2345 ἀνατέλλειν,
1105 2279 1235 2352 ἑξῆς
1270 2296 1469 2352 φησιν·
1507 2299 1527 2334 ι
1561 2281 1678 2338 Ὅτ⁹
1706 2281 1775 2336 ἂν
1808 2282 1853 2336 δ’

279 2368 311 2420 6
352 2369 633 2441 Καρκίνος
660 2385 694 2423 α
719 2367 945 2441 caena,
970 2368 1080 2423 τῶν
1113 2369 1212 2441 μὲν
1241 2371 1379 2440 πρὸς
1426 2370 1660 2443 ἄρκτους
1702 2370 1856 2428 οὐθὲν

281 2460 524 2532 ἀνίσχει,
547 2458 655 2513 τῶν
682 2459 737 2512 δὲ
768 2460 902 2532 πρὸς
927 2461 1079 2515 νότον
1120 2462 1149 2514 6
1174 2461 1399 2531 Λαγωὺς
1430 2464 1525 2517 καὶ
1555 2462 1649 2518 τοῦ
1682 2463 1856 2528 Κυνὸς

283 2548 377 2602 καὶ
404 2546 482 2602 τὰ
517 2547 847 2618 ὲμπρόσθια,
890 2549 983 2602 καὶ
1012 2551 1041 2602 6
1077 2549 1357 2622 Προκύων,
1393 2553 1488 2605 καὶ
1530 2552 1623 2607 τοῦ
1658 2553 1856 2626 Ὕδρου

281 2638 314 2707 ή
354 2637 595 2711 κεφαλή.
641 2637 795 2693 Δύνει
839 2638 898 2694 δὲ
936 2638 1047 2694 τῶν
1089 2640 1188 2712 μὲν
1237 2642 1374 2715 πρὸς
1414 2644 1646 2716 ἄρκτους
1685 2648 1718 2716 ἡ
1764 2646 1857 2700 τοῦ

293 2730 737 2802 ’Δρκτοφύλακος
779 2732 1010 2805 κεφαλή.
1047 2752 1066 2787 ι
1110 2732 1278 2806 Δῆλον
1306 2730 1419 2801 οὖν,
1465 2736 1546 2791 ὅτι
1595 2738 1735 2793 κατὰ
1765 2738 1858 2793 τὸν

283 2817 517 2887 Εὔδοξον
543 2821 613 2875 τὰ
652 2820 750 2892 μὲν
786 2822 976 2894 πρῶτα
1007 2822 1146 2896 μέρη
1168 2824 1262 2878 τοῦ
1302 2826 1735 2898 ’Δρκτοφύλακος
1766 2830 1860 2882 ἀν-

282 2911 632 2966 τικαταδύνει
672 2912 751 2984 τῷ
795 2913 971 2987 Κριῷ,
1012 2915 1083 2970 τὰ
1122 2915 1180 2970 δὲ
1218 2916 1420 2988 ἔσχατα
1464 2917 1542 2988 τῷ
1581 2919 1856 2995 Καρκίνῳ.

284 3001 430 3058 οὔτε
454 3004 512 3059 δὲ
554 3004 812 3076 τέσσαρσι
851 3006 1060 3071 ζωδίοις
1098 3009 1127 3061 6
1165 3008 1534 3079 Ἀρκτοφύλαξ
1576 3010 1862 3068 ἀντικατα-

283 3095 458 3164 δύνει,
484 3098 560 3163 ὡς
604 3099 757 3154 αὐτοί
793 3117 976 3169 φασιν,
1017 3101 1152 3157 ἀλλὰ
1191 3102 1313 3158 δυσὶ
1354 3104 1512 3174 μόνον
1561 3104 1785 3160 ἔλασσον
1825 3106 1858 3175 ἢ

285 3191 514 3262 ἡμίσεν
564 3190 687 3246 οὔτε
735 3192 892 3265 Κριῷ
941 3193 1168 3267 ἄρχεται
1222 3195 1695 3255 ἀντικαταδύνειν·
1727 3196 1861 3251 ἀλλὰ
1888 3219 1929 3273 C

287 3283 389 3355 τὴν
434 3283 532 3354 μὲν
569 3282 744 3355 ἀρχὴν
777 3286 1009 3338 ποιεῖται
1054 3284 1156 3356 τῆς
1198 3284 1423 3352 δύσεως,
1469 3284 1861 3355 ἀνατελλούσης

291 3375 344 3443 ς’
378 3376 489 3448 μοί.
514 3376 610 3430 τοῦ
640 3376 855 3450 Ταύρου
877 3393 890 3406 ·
919 3377 1040 3441 ὅλος
1062 3377 1121 3432 δὲ
1151 3377 1317 3444 δύνει,
1356 3378 1495 3451 πλὴν
1519 3379 1618 3450 τῆς
1647 3380 1863 3452 ἀριστε-

293 3468 397 3539 ρᾶς
427 3468 610 3539 χειρὸς
650 3468 746 3522 καὶ
787 3466 881 3522 τοῦ
930 3467 1197 3538 ἀγκῶνος,
1227 3468 1621 3542 ἀνατελλούσης
1646 3469 1746 3541 τῆς
1798 3468 1860 3522 t0'

296 3558 410 3635 μοι.
442 3558 539 3613 τοῦ
570 3559 867 3631 Καρκίνου.

364 3651 695 3722 Διαληπτέον
743 3652 833 3718 δὲ,
885 3653 963 3707 ὅτι
1022 3652 1150 3724 περὶ
1201 3651 1295 3706 τοῦ
1352 3652 1783 3725 Ἀρκτοφύλακος
1835 3655 1863 3705 6

298 3744 535 3815 Ἄρατος
585 3743 886 3816 συμφώνως
939 3743 1087 3813 λέγει
1130 3748 1243 3808 τοῖς
1287 3744 1648 3816 φαινομένοις,
1691 3746 1740 3799 εί
1770 3745 1863 3800 καὶ

293 3833 432 3898 ὅλως
458 3835 716 3906 ἠγνόηται
748 3835 808 3889 τὸ
834 3835 1094 3908 τέσσαρσι
1124 3834 1333 3901 ζωδίοις
1369 3837 1531 3893 αὐτὸν
1572 3837 1864 3897 ἀντικατα-

293 3925 491 3989 δύνειν,
522 3924 616 3982 τοῦ
658 3926 831 3999 Κριοῦ
878 3927 1319 3995 ἀνατεταλκότος,
1366 3929 1462 3985 καὶ
1490 3929 1585 3984 τοῦ
1626 3930 1860 4002 Ταύρου,

297 4019 391 4071 καὶ
430 4017 537 4071 τῶν
579 4020 849 4089 Διδύμων·
879 4022 974 4079 τοῦ
999 4022 1058 4076 δὲ
1091 4024 1366 4095 Καρκίνου
1396 4023 1697 4095 ἀρχομένου
1736 4023 1865 4078 ἀνα-

298 4108 526 4176 τέλλειν,
559 4113 589 4164 ὅ
628 4114 743 4165 ἐστι
769 4113 952 4179 λοιπὸς
979 4113 1087 4168 τῶν
1122 4114 1164 4168 δ’
1198 4113 1422 4179 ζωδίων,
1460 4109 1542 4177 οἷς
1574 4115 1868 4175 ἀντικατα·

297 4199 441 4255 δύνει
469 4201 564 4257 καὶ
598 4202 716 4255 κατ’
743 4203 905 4257 αὐτὸν
948 4206 977 4258 6
1010 4203 1398 4276 Ἀρκτοφύλαξ,
1436 4204 1670 4274 εὐλόγως
1704 4203 1865 4267 αὐτός

300 4310 433 4364 φησι
472 4295 666 4366 μηκέτι
698 4295 834 4351 πολὺ
870 4295 1034 4351 αὐτοῦ
1061 4297 1156 4351 καὶ
1182 4296 1322 4368 ὑπὲρ
1364 4299 1467 4369 γῆν
1508 4298 1601 4351 καὶ
1625 4296 1729 4350 ὑπὸ
1761 4299 1866 4367 γῆν

299 4387 406 4441 ὑπὸ
436 4386 531 4445 τοῦ
577 4387 851 4459 ὁρίζοντος
893 4388 1400 4459 ἀπολαμϐάνεσθαιο
1452 4388 1701 4460 καθάπερ
1754 4388 1867 4457 ἐγί-

303 4494 441 4544 νετο,
462 4478 572 4533 τῶν
597 4478 844 4550 Διδύμων
868 4479 1259 4535 ἀνατελλόντων
1280 4496 1295 4510 ο
1324 4478 1458 4534 ἀλλὰ
1474 4480 1536 4532 τὸ
1563 4480 1658 4550 μὲν
1683 4477 1864 4532 πλεῖον

304 4569 408 4622 ὑπὸ
438 4569 565 4639 γῆν,
594 4570 655 4621 τὸ
691 4570 748 4623 δὲ
778 4570 999 4623 ἔλασσον
1033 4569 1171 4641 ὑπὲρ
1190 4572 1291 4641 γῆν
1321 4571 1621 4638 φαίνεσθαι.
1652 4572 1724 4624 Τὸ
1767 4573 1864 4642 μὲν

304 4660 431 4732 γὰρ,
457 4660 725 4730 ἠμάτιον,
755 4663 1006 4732 σημαίνει
1031 4663 1092 4716 τὸ
1117 4664 1254 4735 ὑπὲρ
1283 4664 1382 4733 γῆν
1415 4662 1507 4716 τοῦ
1543 4663 1768 4734 κόσμου,
1805 4663 1869 4717 τὸ

301 4752 378 4817 δὲ,
406 4753 688 4822 ἔννυχον,
713 4752 773 4806 τὸ
794 4754 898 4806 ὑπὸ
922 4755 1020 4825 γῆν
1035 4771 1049 4785 ο
1074 4753 1303 4822 φανερὸν
1326 4753 1383 4806 δὲ
1406 4753 1562 4806 τοῦτο
1582 4753 1668 4807 διὰ
1696 4754 1868 4808 πλειὰ

302 4859 409 4897 νων
440 4843 602 4907 αὐτὸς
635 4846 806 4897 ποιεῖ·
859 4842 1107 4915 καθάπερ
1148 4843 1347 4909 εὐθέως
1385 4844 1476 4898 ἐπὶ
1518 4844 1610 4898 τοῦ
1653 4845 1740 4899 Ἑν
1775 4846 1868 4913 76.-

305 4950 449 5001 νασι,
480 4933 653 5004 λέγων
688 4934 858 4998 οὕτως
877 4947 890 4964 ·

310 5222 502 5290 Αὐτὰρ
538 5219 623 5290 ὅγ’
646 5220 922 5285 ἐξόπιθεν
951 5218 1341 5289 τετραμμένος
1372 5218 1530 5274 ἄλλα
1562 5218 1680 5288 μὲν
1706 5218 1869 5272 οὔπω

311 5353 567 5423 Γωτέρι
598 5354 826 5425 νειαίρῃ
846 5371 860 5385 ο
902 5352 975 5408 τὰ
1005 5352 1057 5406 δ’
1084 5353 1375 5423 ὑπέρτερα
1401 5350 1867 5422 νυκτοφορεῒται.

379 5515 460 5569 Τὰ
496 5516 740 5585 μέντοιγε
782 5516 1150 5587 ἐπιφερόμενα
1190 5517 1340 5571 οὐδὲν
1387 5516 1466 5571 ἔτι
1508 5516 1646 5588 πρὸς
1700 5515 1871 5587 αὐτὴν

312 5606 409 5677 τὴν
435 5605 583 5659 δύσιν
616 5604 778 5660 αὐτοῦ
805 5606 1046 5662 τείνοντα
1078 5607 1244 5677 λέγει,
1283 5608 1396 5662 ἀλλ’
1427 5607 1502 5673 ὡς
1533 5605 1873 5678 συμϐεϐηκὸς

315 5714 459 5771 αυτῳ
480 5713 496 5727 ·

388 5834 433 5868 ⁷⁸
466 5853 555 5906 7p.
595 5835 730 5888 τότε.
808 5837 849 5867 ⁷⁷
890 5853 981 5904 γρ.
1014 5837 1134 5907 ἤδη.

1942 623 2163 688 Arietis,
2190 622 2380 686 Tauri,
2411 619 2779 682 Geminorum,
2804 626 2859 674 et
2882 617 3102 673 Cancri.
3132 617 3269 673 Nam
3299 619 3498 674 Aratus

1943 716 2056 773 sole
2079 715 2136 771 in
2158 713 2368 771 oriente
2398 709 2574 782 posito
2601 709 2676 764 ait
2702 729 2715 763 :

1948 913 2150 970 Occidit
2180 929 2293 967 vero
2315 908 2670 981 Arctophylax
2691 909 2807 977 jam
2844 906 3011 978 primo
3037 921 3170 981 cum_
3190 906 3361 981 signa,
3453 912 3459 917 ’

1945 986 2178 1050 Quorum
2203 993 2428 1054 quatuor
2453 974 2638 1051 ipsum,
2664 974 2854 1047 p'rteter
2879 993 3112 1041 manum,
3136 974 3431 1039 deducunt,

1946 1127 2203 1190 tanquam
2242 1117 2474 1173 orientis
2509 1113 2709 1169 Arietis
2746 1127 2811 1166 ex
2856 1112 3082 1166 adverso
3114 1110 3207 1164 ille
3241 1121 3505 1163 conscen—

1946 1210 2060 1265 dat.
2095 1208 2193 1265 His
2243 1207 2609 1264 consentanea
2652 1212 2779 1258 sunt
2812 1220 2933 1273 qum
2964 1203 3031 1258 de
3066 1202 3277 1257 Cancro
3322 1205 3504 1254 ortum

1948 1304 2165 1358 ineunte
2186 1301 2379 1357 scribit
2413 1320 2426 1355 :

1950 1391 2131 1463 Neque
2196 1409 2315 1447 vero
2374 1391 2602 1459 amplius
2665 1387 3023 1456 Arctophylax
3092 1382 3251 1463 fuerit
3311 1379 3506 1463 inultus
3570 1423 3573 1426 ι

3244 1450 3509 1523 [utrinque

1951 1530 2131 1588 Minor
2156 1532 2378 1587 diurnas
2412 1547 2430 1584 :
2455 1540 2509 1584 at
2542 1529 2766 1596 amplius
2783 1527 2898 1596 jam
2931 1532 3263 1596 nocturnus_;

1952 1604 2192 1669 Quatuor
2210 1604 2347 1657 enim
2374 1600 2609 1669 partibus
2629 1590 2798 1652 simui
2809 1593 3195 1650 descendentem
3209 1590 3406 1645 Booten

1953 1672 2193 1730 Oceanus
2217 1673 2414 1742 recipit.

2022 1786 2229 1843 Eudoxi
2278 1801 2441 1857 porro
2480 1785 2646 1839 verba
2686 1789 2814 1838 sunt
2856 1798 2871 1834 :
2917 1799 2936 1830 ‹
2978 1776 3269 1833 Occidente
3303 1773 3507 1836 Ariele,

2411 1875 2750 1932 descendunt
2823 1872 2987 1946 pedes
3058 1866 3507 1938 ArctOphylacis;

1954 1971 2276 2026 australium
2298 1985 2451 2036 vero,
2487 1967 2756 2035 reliquum
2795 1964 2937 2018 (erm.
2975 1982 2995 2015 ι
3030 1959 3168 2014 Tum
3204 1959 3362 2013 initio
3400 1956 3513 2012 dis-

1952 2063 2251 2135 putationis
2293 2063 2360 2117 de
2399 2060 2633 2126 ortibus,
2667 2074 2789 2115 cum
2829 2072 2892 2112 ea
2939 2052 3363 2126 percensuisset,
3395 2064 3514 2120 qua:

1954 2156 2009 2209 ia
2034 2161 2157 2210 ortu
2189 2162 2338 2219 sunt,
2367 2166 2697 2225 occasuque,
2726 2147 2946 2220 quando
2972 2145 3184 2202 Cancer
3215 2143 3348 2200 oriri
3375 2142 3514 2197 inci-

1955 2249 2056 2320 pit,
2101 2247 2355 2316 deinceps
2389 2245 2464 2298 ita
2503 2244 2743 2314 loquitur
2786 2261 2798 2298 :
2849 2261 2869 2294 ι
2904 2240 3041 2296 Cum
3087 2247 3269 2293 autem
3304 2235 3516 2292 Cancer

1955 2341 2149 2408 oritur,
2194 2338 2493 2394 borealium
2542 2335 2760 2406 quidem
2810 2332 3290 2391 constellationum
3337 2328 3516 2384 oritur

1957 2433 2106 2488 nulla
2138 2453 2153 2490 :
2192 2432 2514 2487 australium
2544 2445 2673 2487 vero
2701 2428 2901 2500 Lepus,
2932 2435 2986 2483 et
3015 2424 3290 2482 anteriora
3317 2422 3515 2489 Canis;

1956 2525 2220 2597 Procyon,
2257 2539 2381 2578 cum
2448 2521 2612 2594 Hydri
2654 2521 2848 2593 capite.
2891 2517 3102 2575 Occidit
3136 2532 3167 2573 e
3207 2513 3518 2570 borealibus

1957 2615 2371 2689 Arctophylacis
2414 2624 2595 2686 caput.
2645 2634 2663 2666 ι
2719 2612 3061 2667 Manifestum
3114 2616 3201 2665 est
3242 2607 3407 2680 igitur
3452 2620 3521 2659 ex

1960 2708 2164 2763 Eudoxi
2235 2705 2543 2773 sententia,
2596 2703 2808 2774 priores
2870 2697 3283 2770 Arctophylacis
3336 2701 3520 2766 partes

1958 2800 2226 2859 occidere.
2289 2813 2412 2853 cum
2472 2797 2632 2853 Aries
2701 2793 2878 2849 oritur
2929 2812 2949 2851 :_
2996 2788 3332 2862 posteriores
3391 2799 3520 2840 vero

1958 2892 2167 2947 oriente
2206 2889 2439 2946 Cancro.
2486 2888 2690 2944 Verum
2731 2901 2908 2956 neque
2945 2888 3181 2954 quatuor
3219 2877 3391 2950 signis
3418 2875 3522 2929 Ar-

1960 2983 2249 3055 ctophylax
2294 2982 2601 3052 oppositum
2646 2979 2810 3034 habet
2846 2991 3122 3031 occasum.
3173 2979 3233 3026 ut
3274 2969 3349 3024 illi
3392 2984 3520 3024 seu-

1962 3076 2120 3139 tiunt,
2153 3074 2250 3130 sed
2273 3074 2484 3129 duobus
2524 3080 2753 3135 tantum,
2791 3070 2972 3123 minus
3003 3065 3230 3121 dimidio
3253 3063 3473 3118 circiter
3503 3078 3518 3113 :

1965 3159 2139 3236 n'eque
2161 3180 2226 3221 ex
2264 3163 2494 3218 adverso
2529 3159 2732 3216 Arietis
2761 3157 3010 3214 occidere
3052 3154 3266 3225 incipit,
3297 3153 3390 3208 sed
3417 3150 3525 3204 iui-

1963 3257 2098 3311 tium
2140 3254 2425 3311 occidendi
2468 3251 2597 3308 facit
2637 3251 2846 3305 oriente
2876 3248 2908 3302 6
2939 3245 3105 3300 Tauri
3147 3250 3301 3316 parte
3334 3258 3346 3295 :
3378 3249 3524 3294 tctus

1963 3355 2169 3417 autem,
2210 3343 2453 3415 exceptis
2500 3340 2723 3396 sinistra
2782 3355 2968 3406 manu,
3019 3336 3271 3408 ﬂexuque
3329 3331 3521 3393 cubiti,

1960 3443 2169 3495 oriente
2194 3437 2261 3491 19
2290 3444 2443 3509 parte
2465 3434 2682 3491 Cancri.

2035 3618 2126 3674 Sic
2157 3623 2336 3673 autem
2375 3613 2683 3668 habendum
2711 3553 2830 3675 est:
2859 3622 2978 3679 qua:
3021 3605 3088 3660 de
3132 3600 3527 3670 Arctophylace

1964 3713 2141 3781 prodit
2166 3711 2385 3771 Aratus,
2414 3706 2531 3760 haec
2576 3700 2948 3774 appareulium
2988 3689 3376 3765 experimentis
3403 3704 3527 3742 esse

1964 3812 2349 3866 consentanea,
2377 3797 2596 3854 tametsi
2642 3796 2701 3853 in
2733 3808 2798 3849 eo
2828 3805 3054 3863 prorsus
3097 3787 3349 3847 aberrat,
3382 3780 3526 3851 quod

1964 3911 2090 3952 cum
2131 3903 2255 3949 ortu
2297 3894 2576 3963 signorum
2624 3894 2858 3953 quatuor
2898 3876 3168 3950 adaquari
3198 3874 3344 3930 illius
3365 3885 3527 3927 occa-

1965 4005 2086 4047 sum
2145 3992 2300 4063 putet
2360 4003 2382 4039 :e
2431 3981 2685 4042 absoluto
2736 3975 2994 4032 nimirum
3045 3977 3238 4027 exortu
3290 3963 3524 4026 Arietis,

1965 4060 2167 4146 Tauri,“
2197 4078 2571 4136 Geminorum.
2616 4072 2830 4129 Cancro
2863 4082 2992 4123 vero
3039 4063 3172 4118 oriri
3208 4060 3525 4129 incipiente,

1965 4175 2109 4248 quod
2139 4173 2406 4243 reliquum
2431 4176 2515 4224 est
2556 4183 2586 4222 e
2622 4165 2792 4237 signis
2827 4167 3062 4233 quatuor
3088 4173 3105 4222 ;
3131 4166 3362 4226 quorum
3392 4150 3526 4205 orti-

1966 4242 2068 4327 bus
2094 4242 2366 4334 eamquari
2400 4262 2722 4317 descensum
2766 4246 3179 4322 Arctopltylacis
3205 4242 3523 4298 aﬂirmant':

1966 4359 2163 4415 merito
2200 4354 2391 4411 scribit
2432 4352 2654 4413 Aratus,
2687 4362 2797 4401 non
2830 4344 2942 4414 jam
2979 4354 3146 4411 supra
3184 4349 3411 4400 terram,
3441 4335 3527 4387 in-

1967 4450 2178 4522 fraque,
2215 4447 2282 4501 ab
2318 4443 2603 4498 horizonte
2646 4452 2898 4508 magnam
2935 4435 3081 4488 illius
3113 4439 3319 4501 partem
3359 4427 3525 4480 intrr-

1895 4550 1940 4607 υ
1966 4517 2089 4614 εἰμί’
2124 4561 2137 4597 :
2186 4533 2642 4611 quemadmodum
2702 4531 2862 4586 ﬁebat
2909 4525 3212 4581 orientibus
3248 4517 3526 4579 Geminis,

1969 4609 2064 4693 sed
2102 4609 2364 4702 majorem
2393 4635 2612 4683 exstare
2644 4638 2808 4693 supra
2842 4629 3042 4675 terram
3071 4659 3087 4683 ,
3130 4616 3395 4669 minorem
3427 4609 3531 4664 sub

1969 4736 2133 4782 terra.
2175 4723 2290 4779 Hoc
2323 4722 2467 4779 enim
2509 4716 2856 4777 vocabulum,
2899 4730 2921 4763 ι
2962 4711 3217 4771 diurnus,
3258 4725 3278 4758 ι
3322 4710 3531 4774 partem

1967 4817 2159 4878 mundi
2200 4829 2368 4886 supra
2409 4819 2612 4869 terram
2656 4806 3029 4869 eminentem;
3069 4819 3089 4852 ι
3140 4805 3463 4859 nocturnus,
3507 4810 3524 4843 I

1970 4910 2113 4965 inl‘ra
2161 4885 2417 4964 latentem
2457 4900 2717 4973 exprimit
2751 4918 2763 4953 :
2808 4894 2955 4968 quod
2996 4907 3122 4950 cum
3164 4892 3221 4946 in
3256 4888 3380 4947 aliis
3422 4885 3535 4956 ple-

1968 5001 2155 5070 risque
2184 4998 2341 5065 locis,
2382 5005 2495 5051 tum
2526 5008 2653 5047 vero
2684 5004 2808 5044 cum
2838 4987 2905 5042 de
2930 4982 3239 5057 lugcuiculo
3261 4979 3392 5050 agit,
3415 4990 3535 5047 per-

1902 5102 1909 5107 '
1970 5093 2157 5164 spicue
2188 5092 2263 5145 ita
2289 5093 2521 5145 testatur
2554 5104 2566 5139 :

1975 5205 2133 5275 122
2167 5201 2269 5259 Sed
2308 5201 2390 5255 hic
2427 5208 2565 5255 retro
2605 5213 2782 5252 versus
2832 5191 3116 5275 secundum
3150 5188 3286 5275 alias
3310 5182 3533 5275 quidem

2135 5252 2264 5280 .--η
2309 5252 2383 5255 ηε-
2428 5252 2437 5253 ί
2460 5252 2471 5255 ~
2512 5252 2517 5253 ν
3078 5257 3275 5332 [partes
3306 5252 3533 5310 ηοηάηηι

1983 5344 2169 5401 Ventre
2224 5351 2506 5403 extremo;
2556 5335 2840 5397 secundum
2888 5332 3179 5401 superiores
3225 5334 3533 5466 rerpfupcte

2397 5419 2401 5422 ’
3367 5411 3422 5447 er
3448 5409 3529 5449 ur.

2397 5419 2401 5422 ’
3321 5409 3529 5449 Ilermr.

2041 5507 2174 5574 Qua:
2202 5517 2383 5560 autem
2413 5504 2654 5574 subiicit,
2680 5515 2786 5555 non
2819 5498 2929 5568 jam
2963 5497 3028 5551 ad
3061 5495 3237 5564 ipsum
3266 5493 3413 5545 illius
3440 5502 3535 5543 0c.

1974 5617 2162 5655 casum
2220 5599 2545 5670 spectantia,
2577 5595 2670 5652 sed
2708 5603 2963 5664 tanquam
3008 5606 3072 5646 ex
3112 5583 3373 5642 accidenti
3403 5597 3534 5637 cono

1975 5692 2225 5765 gruentia
2256 5690 2419 5746 rcl'crt
2447 5711 2459 5744 :
