3928 6266
371 5854 382 5907 ἶ

431 409 455 462 4
468 409 571 466 075

433 559 494 594 .__.
524 561 539 576 .
569 521 637 574 At
663 521 746 594 hic
767 537 885 575 cum
911 507 1028 594 [iace
1057 530 1287 576 satiatus
1320 523 1525 594 fuerit,
1710 522 1920 594 [bentis.

442 590 659 661 Vespere
700 593 826 645 item
866 593 1097 648 continet
1140 608 1159 646 :
1197 590 1329 662 plus
1360 592 1579 647 dimidio
1630 590 1797 648 noctis
1842 594 1923 648 la-

499 703 637 758 Cum
676 704 823 759 enim
867 703 1118 761 occidere
1151 720 1276 761 cum
1304 705 1489 761 Chelis
1534 707 1746 776 incipit,
1776 707 1890 763 sole
1922 707 1995 762 ibi

429 804 707 862 versante,
759 812 869 867 quo
911 805 1153 867 tempore
1200 797 1330 853 facit
1374 813 1651 864 occasutn,
1707 811 1896 857 noctes
1939 802 1995 855 in

429 890 673 944 Arcturo
714 890 970 945 dicuntur
996 909 1023 958 ;~
1051 891 1271 961 quando
1326 903 1377 946 et
1424 906 1587 961 supra
1632 901 1832 948 terram
1884 902 1994 949 tota

431 981 519 1037 die
553 981 763 1047 fertur;
819 985 1074 1053 quoniam
1124 984 1304 1038 oritur
1344 999 1468 1037 cum
1513 983 1756 1055 Virgine,
1805 995 1861 1041 et
1901 1001 1998 1041 oc-

362 1062 387 1089 “
429 1073 663 1129 cidcndo
705 1075 827 1144 plus
863 1074 1088 1131 dimidia
1125 1084 1285 1130 nocte
1316 1077 1613 1139 consumit,
1653 1075 1996 1147 quandoqui-

428 1163 553 1219 dem
589 1180 713 1222 cum
750 1167 929 1236 signis
959 1174 1193 1237 quatuor
1229 1166 1459 1225 occidit._
1481 1164 1637 1231 Quod
1677 1174 1855 1223 autem
1886 1182 1993 1221 una

428 1273 555 1311 cum
599 1256 824 1328 Virgine
862 1258 1197 1314 conscendat
1238 1276 1304 1317 ex
1348 1259 1500 1312 Arati
1543 1260 1832 1325 sententia,
1879 1259 1994 1315 haec

425 1348 603 1417 ipsius
624 1350 794 1405 verba;
808 1350 1116 1405 declarant:

432 1458 546 1515 Nec
572 1462 861 1515 exoriente:
889 1460 1083 1527 Cltelw,
1122 1478 1185 1515 ac
1210 1464 1432 1519 tenuiter
1462 1463 1689 1525 lucentes

428 1531 635 1654 ἐμποιῶν
667 1532 1012 1600 pra'terierint
1036 1549 1056 1597 ;
1078 1535 1324 1601 quoniam
1354 1535 1530 1603 ingens
1557 1534 1703 1588 sidus
1733 1533 1931 1589 Bootes;

450 1600 708 1654 rorifertus
745 1603 935 1654 oritur.
967 1603 1327 1654 interstinctus
1350 1606 1594 1654 Arcturo.

450 1600 708 1668 Saufei-tus
745 1603 935 1664 oritur,
967 1600 1327 1657 interstinctus
1350 1600 1594 1657 Arcturo.

505 1713 612 1770 νη.
646 1715 724 1773 Ac
762 1731 869 1771 non
909 1719 1116 1782 Aratus
1142 1717 1442 1781 duntaxat,
1473 1728 1528 1774 et
1576 1718 1863 1785 Eudoxus,
1894 1720 1990 1776 sed

1423 412 1510 468 AD
1549 411 1815 469 EUSEBll
1854 410 2262 468 cuncmcos
2289 394 2657 477 APPENDIX,

3525 416 3671 481 £0.76.

2100 563 2137 601 ._
2153 565 2166 578 .
2202 566 2213 579 .
2254 568 2271 601 ι
2319 529 2380 601 'Q
2401 528 2476 592 δ’,
2504 529 2662 599 ἐπὴν
2694 529 2878 600 φάεος
2907 531 3237 601 κορέσηται,

2098 597 2390 665 Βουλυτῷ
2420 597 2640 670 ἐπέχει,
2669 597 2882 656 πλεῖον
2912 597 3051 672 dixit
3074 597 3291 669 νυκτὸς
3321 604 3553 672 εούσης.

2169 710 2336 763 Ὅταν
2358 710 2466 782 γὰρ
2487 715 2602 775 ταῖς
2627 710 2830 782 Χηλαῖς
2851 711 3084 784 ἄρχηται
3113 713 3663 783 συγκαταδύνειν,τώ

2094 801 2245 872 ἡλίου
2272 804 2328 855 ἐν
2360 804 2550 867 αὐταῖς
2576 803 2743 869 ὄντος,
2774 807 2832 858 ὲν
2874 797 2920 872 ᾧ
2949 804 3229 858 καταδύνει
3261 805 3457 878 καιρῷ,
3488 807 3547 859 αἱ
3572 807 3665 861 νύ-

2095 909 2221 956 κτες
2264 895 2350 947 ἐπ’
2396 895 2705 966 ’Δρκτούρῳ
2730 895 2972 965 λέγονται
2992 914 3006 928 ·
3036 897 3123 950 ὅτε
3154 897 3282 968 ὃλην
3310 914 3369 949 τε
3398 897 3496 969 τὴν
3521 898 3663 969 ἡμέ-

2103 1002 2203 1057 ραν
2239 987 2376 1059 ὑπὲρ
2420 988 2524 1058 γῆς
2557 988 2795 1058 φέρεται,
2829 988 2917 1041 διὰ
2968 990 3030 1041 τὸ
3076 991 3143 1060 τῇ
3190 989 3451 1061 Παρθένῳ
3497 991 3663 1043 αὐτὸν

2096 1079 2507 1141 συνανατέλλειν
2525 1120 2540 1145 ,
2577 1082 2672 1137 καὶ
2692 1080 2837 1138 δύνει
2866 1081 3085 1137 πλείονα
3113 1082 3359 1153 χρόνονῆ
3392 1082 3456 1142 τὸ
3487 1083 3662 1153 ἥμισυ

2094 1171 2194 1242 τῆς
2221 1172 2434 1235 νυκτὸς,
2462 1173 2555 1225 ἐπὶ
2577 1172 2625 1204 ⁷⁸
2653 1175 2763 1236 τοῖς
2796 1172 3054 1246 τέσσαρσι
3078 1172 3286 1238 ζωδίοις
3326 1174 3664 1244 συγκαταδύ-

2092 1282 2191 1320 νει.
2228 1265 2349 1319 Ὅτι
2390 1264 2448 1321 δὲ,
2495 1267 2562 1337 τῇ
2601 1264 2858 1337 Παρθένῳ
2891 1267 3009 1321 κατ’
3057 1266 3216 1320 αύτδν
3263 1268 3659 1335 συνανατέλλει,

2093 1355 2322 1433 φανερὸν
2354 1356 2496 1408 ποιεί
2526 1357 2584 1408 ὲν
2613 1354 2847 1419 τούτοις·

2094 1468 2232 1523 Οὐδ’
2262 1468 2338 1523 ἂν
2363 1469 2748 1538 ἐπερχόμεναι
2782 1470 2992 1535 Χηλαὶ,
3033 1470 3131 1524 καὶ
3153 1470 3349 1540 κλεπτὰ
3370 1470 3673 1540 φάουσαι,

2095 1542 2411 1610 Ἄφραστοι
2438 1541 2706 1610 παρίοιεν
2723 1556 2736 1569 ·
2766 1540 2892 1593 ἐπεὶ
2914 1540 3066 1609 μέγα
3092 1539 3256 1609 σῆμα
3282 1539 3520 1609 How?

2103 1609 2330 1680 Ἀθρόος
2367 1609 2641 1664 ἀντέλλει
2667 1610 3071 1680 ,ϐεϐολημένος
3107 1611 3520 1680 Ἀρκτούροιο.¹

2158 1722 2231 1775 Ζ’.
2265 1723 2340 1774 υύ
2372 1721 2533 1792 μόνον
2562 1721 2620 1775 δὲ
2642 1721 2671 1773 6
2696 1721 2927 1792 Ἀρατος
2954 1722 3047 1774 καὶ⁹
3070 1721 3099 1773 ό
3122 1720 3369 1788 Εὔδοξος,
3402 1721 3543 1775 ἀλλὰ
3565 1723 3672 1783 καὶ,

426 1806 591 1866 etiam
623 1807 815 1877 reliqui
860 1823 1050 1864 omnes
1096 1807 1208 1865 fere
1254 1811 1653 1876 mathematici,
1682 1813 1978 1882 quicunque

2089 1816 2139 1868 oi.
2167 1813 2342 1867 λοιποὶ
2385 1813 2754 1884 μαθηματικοὶ
2781 1813 2980 1876 πάντες
3012 1812 3216 1884 σχεδὸν,
3244 1814 3358 1867 ὅσοι
3403 1815 3530 1885 περὶ
3563 1814 3671 1868 τοῦ,

426 1896 495 1955 de
543 1897 713 1953 Boote
759 1899 1130 1970 disputarunt,
1193 1902 1246 1955 in
1294 1902 1484 1957 eodem
1527 1911 1654 1959 sunt
1701 1918 1824 1959 cum
1880 1905 1978 1959 illis

2091 1904 2315 1958 Βοώτεω
2356 1902 2512 1973 λόγον
2558 1904 2901 1975 πεποίηνται,
2947 1903 3147 1974 ὁμοίως
3195 1904 3406 1968 τούτοις
3447 1906 3670 1961 am-

426 2004 614 2047 errore
666 1990 888 2056 versati,
957 1992 1287 2047 arbitrantes
1352 2001 1588 2063 quatuor
1647 1994 1799 2049 illum
1864 2010 1989 2049 cum

427 2080 599 2152 signis
643 2083 908 2138 occidere.
958 2085 1172 2139 Attalus
1203 2101 1335 2145 vero
1378 2100 1610 2141 occasus
1655 2087 1740 2141 sui
1787 2084 1991 2158 princi—

428 2173 614 2244 pium,
652 2188 759 2231 non
802 2189 925 2229 cum
979 2174 1237 2246 Scorpio,
1286 2183 1348 2230 ut
1384 2176 1838 2239 OStendebamus,
1893 2177 1989 2233 sed

425 2280 552 2320 cum
579 2264 762 2322 Chelis
793 2265 969 2323 facere
996 2276 1314 2322 constanter
1345 2275 1629 2325 asseverat
1655 2269 1742 2327 his
1768 2269 1985 2324 verbis:

432 2376 456 2408 ι
490 2356 718 2423 Quidam
759 2358 901 2419 enim
946 2374 1123 2435 neque
1158 2360 1533 2430 apparentium
1580 2361 1809 2417 scientia
1849 2375 1987 2432 prae-

425 2449 545 2513 diti,
580 2464 756 2519 neque
801 2457 974 2518 poetae
1009 2460 1241 2510 mentem
1289 2452 1550 2517 assecuti,
1597 2452 1747 2507 varie
1789 2451 1856 2507 de
1895 2451 1988 2506 illo

424 2541 867 2615 pronuntiarunt.
900 2541 980 2603 Ac
1014 2550 1146 2602 sunt
1183 2542 1451 2611 nonnulli,
1494 2543 1588 2613 qui
1616 2558 1739 2598 cum
1764 2542 1988 2614 Virgine

426 2628 659 2698 primum
695 2629 943 2686 occidere
984 2630 1136 2686 illum
1172 2633 1417 2686 sentiunt
1448 2650 1462 2699 ;
1497 2632 1695 2688 deinde
1736 2644 1859 2687 cum
1890 2633 1989 2688 tri-

424 2718 528 2774 bus
558 2719 980 2790 insequentibus.
1026 2722 1247 2795 signis;
1299 2722 1390 2775 alii
1445 2722 1661 2777 initium
1701 2723 1986 2779 occidendi

424 2814 493 2868 ab
531 2812 761 2883 Scorpio
792 2813 991 2880 facere,
1028 2825 1085 2869 et
1128 2814 1182 2878 in
1212 2813 1511 2884 Aquarium
1550 2814 1799 2871 desinere
1833 2834 1847 2871 :
1878 2830 1986 2886 qua

423 2905 616 2960 imbuti
649 2905 904 2976 opinione
934 2907 1103 2981 aliqui
1116 2922 1315 2964 .coram
1336 2913 1390 2962 te
1413 2907 1648 2963 convicti
1671 2924 1702 2964 a
1725 2908 1986 2977 nobis,_ac

421 2990 633 3053 dedoéti
664 2997 732 3053 de
768 2999 1038 3054 sententia
1086 2999 1479 3056 discesserunt.
1526 3000 1724 3071 Atque,
1772 3007 1833 3055 ut
1874 3015 1985 3063 uno

420 3090 590 3146 verbo
635 3089 834 3154 dicam,
865 3106 988 3146 cum
1028 3099 1085 3147 et
1111 3107 1179 3148 ex
1216 3093 1605 3163 apparentibus
1652 3094 1708 3149 id
1747 3104 1980 3160 constet,

2090 1994 2409 2067 πλάνηνται,
2432 1996 2740 2066 νομίζοντες
2767 1994 3025 2066 τέσσαρσι
3047 1994 3257 2058 ζωδίοις
3275 1994 3439 2048 αὑτὸν
3462 2012 3661 2063 συγκα-

2087 2086 2353 2141 ταδύνειν,
2388 2084 2648 2150 Ἀτταλος
2689 2084 2746 2138 δὲ
2783 2086 2877 2140 καὶ
2917 2086 3046 2157 περὶ
3080 2085 3172 2138 τοῦ
3212 2085 3311 2158 τὴν
3352 2086 3528 2157 ἀρχὴν
3559 2085 3659 2155 τῆς

2075 2179 2293 2243 ’δύσεως
2337 2179 2498 2234 αὐτὸν
2532 2179 2821 2243 ποιεῖσθαι,
2853 2180 2928 2253 μὴ
2967 2179 3046 2252 τῷ
3085 2179 3337 2253 Σκορπίῳ
3382 2196 3659 2248 συγκατα-

2088 2268 2407 2340 φερὸμενον,
2445 2269 2520 2333 ὡς
2560 2271 2723 2341 ἡμεῖς
2751 2269 3084 2341 ἐδείκνυμεν,
3119 2268 3253 2323 ἀλλὰ
3279 2270 3398 2333 ταῖς
3427 2268 3655 2340 Χηλαῖς,

2091 2360 2292 2423 ί-κανῶς
2338 2359 2759 2426 διαϐεϐαιοῦται,
2811 2360 2983 2430 λέγων
3042 2363 3132 2416 τὸν
3180 2361 3382 2433 τρόπον
3435 2360 3654 2414 τοῦτον

2093 2468 2113 2500 ι
2148 2449 2320 2503 Ἔνιοι
2352 2449 2462 2521 γὰρ
2502 2449 2625 2504 οὔτε
2663 2454 2774 2515 τοῖς
2807 2451 3154 2522 φαινομένοις
3189 2448 3660 2522 παρακολουθοῦν-

2086 2557 2201 2605 τες,
2255 2539 2376 2594 οὔτε
2423 2541 2490 2595 τὰ
2532 2543 2636 2595 ὑπὸ
2665 2542 2759 2596 τοῦ
2793 2542 3017 2614 ποιητοῦ
3064 2542 3330 2613 λεγόμενα
3369 2541 3654 2612 δυνάμενοι

2088 2637 2350 2698 συνεῖναι,
2379 2634 2669 2706 διαφόρους
2697 2634 2998 2702 ἀποφάσεις
3038 2634 3360 2706 πεποίηνται
3392 2633 3522 2705 περὶ
3558 2632 3654 2686 a6-

2084 2727 2198 2780 τοῦ.
2230 2726 2339 2781 Καί
2369 2728 2510 2792 τινές
2550 2745 2680 2797 φασι
2713 2727 2810 2799 μὲν
2853 2728 3015 2781 αὐτὸν
3054 2729 3120 2798 τῇ
3150 2726 3409 2797 Παρθένῳ
3435 2724 3650 2797 πρῶτον

2086 2819 2796 2890 ἄρχεσθαι-συγκαταδύνειν
2819 2837 2832 2850 ·
2876 2815 2994 2873 εἶτα
3029 2822 3088 2872 ὲν
3123 2817 3463 2888 τοῖςὲφεξῆς
3505 2815 3650 2887 τρισὶ

2087 2911 2295 2976 ζωδίοις
2318 2929 2333 2944 ο
2370 2911 2506 2966 ἔνιοι»
2530 2911 2586 2966 δὲ
2627 2910 2889 2983 ἄρχεσθαι
2937 2911 3035 2981 μὲν
3073 2910 3190 2965 ἀπὸ.
3219 2908 3324 2962 τοῦ.
3358 2909 3645 2978 Σκορπίου,

2085 3003 2269 3074 λήγειν
2292 3003 2349 3057 δὲ
2375 3004 2467 3057 ἐπὶ
2487 3003 2578 3056 τὸν
2614 3003 2912 3076 Ὑδροχόον,
2947 2996 3022 3057 ὧν
3051 3018 3160 3056 τισι
3188 3002 3283 3055 καὶ
3309 3002 3373 3055 οὺ
3409 3000 3649 3073 παρατέο

2082 3112 2279 3167 τευχας
2316 3094 2687 3166 ἐλεγχομένοις
2727 3097 2815 3165 ὑφ’
2854 3096 3029 3167 ἡμῶν,
3063 3095 3156 3149 καὶ
3190 3094 3657 3166 μετατιθεμένοις,

418 3187 479 3236 et
514 3190 673 3251 poeta
710 3181 915 3252 liquido
943 3188 1193 3248 testetur,
1225 3192 1401 3243 totum
1445 3184 1733 3252 occidisse,
1768 3200 1893 3249 cum
1927 3187 1978 3241 in

2087 3186 2327 3240 Καθόλου
2364 3186 2422 3240 δὲ
2465 3187 2564 3241 καὶ
2598 3185 2691 3240 τοῦ
2731 3187 3054 3259 φαινομένου
3083 3187 3243 3242 τοῦτο
3273 3185 3647 3249 ωνιστῶντος,

418 3273 628 3331 oriente
656 3272 794 3334 situs
818 3282 902 3329 est
919 3271 1048 3339 Leo,
1074 3289 1331 3336 occasum
1361 3281 1540 3330 autem
1566 3275 1828 3345 incipere,
1859 3291 1983 3331 cum

419 3363 582 3419 Tauri
632 3367 797 3421 instat
831 3376 1086 3435 exortus;
1132 3367 1351 3437 quando
1381 3374 1435 3422 et
1474 3368 1757 3446 oppositus
1798 3367 1874 3421 illi
1918 3383 1985 3423 ex

418 3457 649 3514 adverso
691 3456 953 3530 Scorpius
996 3460 1052 3514 in
1097 3473 1300 3515 occasu
1326 3460 1540 3531 positus
1565 3467 1648 3514 est
1681 3476 1696 3525 ;
1726 3467 1781 3513 et
1805 3458 1986 3514 Chelas

416 3566 610 3607 necens
641 3552 981 3618 occiderunt,
1029 3553 1229 3622 quibus
1268 3568 1393 3608 cum
1428 3551 1758 3608 descendere
1792 3549 1984 3621 incipit

416 3642 781 3714 ArctOphylax
806 3661 822 3711 ;
859 3642 1204 3699 manifestum
1227 3659 1349 3701 esse
1381 3643 1619 3699 arbitror
1645 3658 1742 3698 eos
1771 3657 1981 3710 omnes,

417 3734 511 3804 qui
536 3732 605 3788 de
628 3735 730 3789 hac
751 3750 810 3793 re
837 3734 1167 3795 dissentiunt
1194 3750 1235 3795 a_
1251 3735 1435 3798 nobis,
1455 3735 1832 3812 apparentium
1862 3748 1983 3790 esse

416 3827 665 3886 tunditus
695 3829 933 3897 ignaros.
972 3849 991 3878 ι

481 4098 647 4169 Atqui
704 4098 919 4157 beasset
964 4113 1087 4161 nos,
1119 4097 1164 4153 si
1196 4112 1305 4152 non
1345 4096 1537 4158 solam,
1578 4096 1715 4152 citra
1755 4095 1981 4151 demon-

410 4191 731 4246 strationem
776 4189 1098 4243 sententiam
1146 4188 1328 4243 dicere
1374 4198 1668 4244 contentus
1710 4196 1981 4244 assereret

409 4280 692 4336 convictos
726 4296 755 4334 a
790 4295 849 4335 se
895 4280 988 4349 qui
1034 4285 1225 4334 contra
1265 4280 1529 4339 sentirent
1562 4280 1819 4351 opinione
1855 4295 1977 4335 ces-

407 4373 574 4435 sisse,
632 4371 728 4427 sed
767 4369 897 4426 dicti
927 4385 1144 4441 quoque
1180 4370 1265 4426 sui
1302 4369 1677 4446 probationem
1721 4370 1977 4424 mandas-

409 4470 493 4518 set
552 4462 795 4529 litteris;
841 4470 902 4515 ut
952 4468 1007 4515 et
1058 4459 1270 4514 caeteris
1326 4460 1395 4514 ab
1454 4474 1520 4514 eo
1581 4459 1973 4514 dissidentibus

408 4555 727 4625 persuaderi
773 4561 975 4624 posset,
1026 4568 1150 4607 cum
1184 4551 1390 4619 Chelis,
1421 4567 1530 4607 non
1577 4567 1703 4606 cum
1747 4549 1976 4620 Scorpio
2007 4547 2051 4602 D

407 4648 560 4705 illum
599 4646 879 4702 occidendi
914 4646 1267 4719 primordium
1305 4644 1523 4700 habere.
1566 4642 1831 4710 Quoniam
1873 4642 1973 4714 igi-

406 4750 496 4795 tur
530 4741 632 4795 hoc
663 4739 731 4793 ab
760 4754 825 4793 eo
855 4739 1282 4808 praetermissum
1311 4747 1413 4803 est,
1449 4752 1558 4791 non
1600 4737 1791 4791 inutile
1826 4735 1972 4790 futu—

407 4847 528 4888 rum
579 4830 816 4884 arbitror
869 4829 1060 4899 paucis
1119 4830 1451 4892 admonere.
1506 4829 1705 4899 quibus
1761 4829 1970 4883 inducti

406 4922 714 4982 rationibus
783 4920 1147 4983 arbitremur,
1219 4934 1342 4973 cum
1430 4917 1659 4989 Scorpio
1731 4918 1968 4990 primum

406 5012 654 5066 occidere
693 5009 934 5065 Bootem.
968 5008 1101 5062 Nam
1143 5011 1503 5077 c0piosiorem
1539 5009 1643 5064 hac
1676 5009 1743 5064 de
1771 5024 1837 5065 rei
1863 5024 1973 5066 ser-

302 5150 303 5153 η
406 5117 621 5158 monem
665 5108 867 5155 nostra:
897 5099 974 5153 illi
1004 5099 1071 5155 de
1108 5099 1386 5154 coortibus
1421 5099 1775 5168 disputationi
1811 5116 1970 5170 sepo-

406 5195 634 5253 suimus.
655 5189 951 5262 Fingamus
977 5190 1158 5261 itaque
1186 5191 1347 5246 modo
1362 5190 1417 5244 in
1434 5190 1715 5246 horizonte
1738 5192 1968 5247 occiduo

323 5344 335 5368 ἀ
404 5284 859 5342 australissimam
889 5283 1100 5341 stellam
1134 5299 1344 5347 earum,
1379 5290 1498 5354 quae
1519 5291 1647 5343 sunt
1666 5286 1719 5339 in
1743 5284 1968 5340 sinistro

328 5387 335 5397 '
404 5375 543 5443 pede
584 5371 1017 5443 Arctophylacis.
1049 5369 1145 5426 Est
1185 5386 1250 5425 ea
1297 5370 1569 5426 borealior
1605 5370 1964 5441 aequinoctiali

404 5467 619 5521 circulo
642 5465 889 5534 partibus
907 5462 998 5530 27,
1025 5478 1089 5517 ac
1114 5463 1313 5519 triente
1341 5481 1356 5531 ;
1390 5462 1699 5530 cujus'nodi
1725 5465 1966 5519 circulus

405 5570 503 5625 per
533 5555 687 5624 polos
710 5554 984 5611 transiens
1011 5560 1226 5609 constat
1252 5553 1376 5609 560.
1404 5554 1486 5608 0b
1524 5553 1577 5607 id
1613 5556 1967 5625 aeqnidistans

404 5646 772 5718 aequinoctiali
815 5647 1054 5702 circulus
1102 5664 1196 5719 per
1239 5649 1385 5703 illam
1436 5651 1644 5705 stellam
1692 5652 1966 5715 transiens

477 5799 523 5835 τι
549 5798 592 5868 ί.
625 5797 767 5857 ἐπεί,

2086 3278 2296 3333 καὶτοῦ
2326 3278 2549 3353 ποιητοῦ
2581 3279 2774 3349 σαφῶς·
2794 3280 3062 3351 λέγοντος,
3089 3282 3171 3335 ὅτι
3205 3280 3337 3344 ὅλος·
3372 3278 3471 3349 μὲν
3503 3278 3653 3332 δεδυε

2085 3368 2195 3433 κὼς
2221 3369 2450 3438 γίνεται,
2483 3369 2709 3433 Λέοντος
2736 3370 2872 3441 πρὸς
2909 3369 3170 3434 ἀνατολὰς
3204 3368 3357 3433 ὄντος
3375 3388 3387 3399 ·
3426 3367 3648 3440 ἄρχεται

2083 3461 2139 3515 δὲ
2170 3461 2409 3527 δύεσθαι,
2443 3463 2521 3516 ὅτ’
2551 3463 2618 3517 ἂν
2645 3464 2675 3515 6
2699 3463 2912 3536 Ταῦρος
2940 3463 3108 3534 μέλλῃ
3136 3462 3472 3517 ἀνατέλλειν
3502 3461 3564 3514 τὸ
3592 3460 3653 3521 δὲ¹

2084 3555 2225 3609 κατὰ
2264 3554 2553 3627 διάμετρον
2594 3556 2757 3610 αὐτοῦ
2791 3557 3040 3627 κείμενον
3086 3555 3276 3620 ζὼδιον
3319 3557 3347 3608 6
3382 3554 3647 3625 Σκορπίος

2084 3646 2219 3718 πρὸς
2242 3650 2312 3720 τῇ
2342 3647 2490 3701 δύσει
2519 3649 2806 3720 ύπάρχων-
2840 3651 2895 3703 αἱ
2931 3649 2987 3702 δὲ
3026 3648 3201 3719 Χηλαὶ
3231 3647 3432 3719 ἀρτίως
3457 3662 3647 3700 κατεν-

2082 3740 2377 3811 ηνεγμέναι
2419 3733 2571 3806 ὦσιν,
2617 3735 2704 3804 αἷς
2740 3738 2855 3811 ἅμα
2883 3737 3390 3810 συγκαταφέρεσθαι
3422 3737 3649 3807 ἄρχεται

2081 3834 2111 3884 6
2145 3832 2531 3903 Ἀρκτοφύλαξ,
2566 3833 2797 3904 φανερὸν
2825 3829 2963 3886 εἶναι
2987 3832 3211 3903 νομίζω,
3235 3831 3369 3884 διότι
3406 3831 3533 3893 τοὺς
3555 3830 3648 3882 ἁν-

2080 3924 2417 3990 τιδοξοῦντας
2446 3926 2577 3995 ἡμῖν
2609 3925 2737 3997 περὶ
2765 3923 2954 3976 τούτου
2985 3921 3262 3985 παντελῶς
3283 3921 3544 3993 ἀπείρους
3566 3914 3644 3972 εἷ·-

2082 4030 2169 4069 ναι
2200 4015 2306 4068 τῶν
2333 4015 2669 4085 φαινομένων
2702 4014 3066 4085 συμϐέϐηκεν.
3115 4034 3134 4066 ι

2112 4106 2343 4169 ιΚαλῶς
2390 4108 2488 4178 μὲν
2525 4104 2617 4161 οὖν
2649 4103 2814 4177 εἶχεν.
2857 4109 2904 4159 εἰ
2948 4106 3230 4177 μὴμόνον,
3275 4104 3643 4173 ἀναποδείκτῳ

2082 4199 2242 4269 φάσει
2267 4197 2563 4271 χρώμενος,
2592 4198 2742 4267 ἔλεγε
2767 4200 2892 4262 τοὺς
2927 4195 3328 4261 ἀντιδοξοῦντας
3353 4195 3641 4268 ἐλεγχομέ-

2081 4310 2201 4356 νους
2219 4293 2310 4347 ὑπ’
2337 4290 2501 4346 αὐτοῦ
2531 4290 2930 4363 μετατίθεσθαι,
2947 4289 3080 4344 ἀλλὰ
3101 4290 3198 4344 καὶ
3214 4290 3309 4343 νῦν
3336 4289 3642 4362 ἔγγραπτον

2080 4386 2245 4439 ἐτίθει
2276 4387 2373 4458 τὴν
2406 4384 2706 4451 ἀπόδειξιν·
2747 4385 2834 4437 ἵνα
2875 4387 2968 4438 καὶ
3006 4386 3055 4437 οί
3086 4386 3257 4439 λοιποὶ
3286 4384 3394 4437 τῶν
3438 4383 3641 4436 ἀντιδο-

2079 4476 2312 4544 ξούντων
2337 4475 2650 4538 πεισθῶσιν,
2684 4475 2765 4528 ὅτι
2804 4477 2925 4537 ταῖς
2964 4474 3168 4543 Χηλαῖς
3191 4473 3414 4544 ἄρχεται
3443 4489 3642 4541 συγκα-

2078 4570 2341 4634 ταδύνειν,
2371 4569 2463 4621 καὶ
2489 4568 2550 4620 οὐ
2572 4566 2647 4637 τῷ
2676 4566 2927 4636 Σκορπιίῳ
2944 4580 2958 4593 ·
2988 4565 3126 4635 πλὴν
3152 4565 3271 4618 ἐπεὶ
3296 4560 3449 4627 οὗτος
3475 4579 3647 4632 παρα-ν

2079 4661 2341 4722 λέλοιπεν,
2366 4660 2467 4712 οὐκ
2495 4658 2763 4729 ἄχρηστον
2794 4655 2865 4709 ἂν
2894 4656 2977 4725 εἴη
3008 4656 3096 4708 διὰ
3124 4655 3369 4726 βραχέων
3395 4653 3641 4724 ὑπομνῆ-

2079 4771 2189 4819 σαι,
2221 4753 2286 4806 δι’
2330 4745 2405 4805 ὧν
2449 4749 2745 4820 πειθόμεθα
2777 4747 2855 4819 τῷ
2901 4748 3150 4820 Σκορπίῳ
3199 4745 3432 4818 πρώτως
3480 4744 3640 4797 αὐτὸν

2079 4843 2518 4914 συγκαταδύνειν.
2554 4841 2659 4896 Τὸν
2700 4839 2798 4910 μὲν
2821 4839 2930 4909 γὰρ
2975 4839 3067 4891 ἐπὶ
3096 4837 3275 4890 πλεῖον
3318 4839 3445 4909 περὶ
3476 4834 3638 4890 αὐτοῦ

2076 4938 2228 5008 λόγον
2254 4939 2309 4990 ἐν
2335 4938 2400 5007 τῇ
2422 4934 2528 4989 τῶν
2567 4930 2935 4986 συνανατολῶν
2957 4930 3304 5001 πραγματείᾳ
3329 4945 3639 4999 κατακεχω-

2078 5028 2340 5101 ρίκαμεν·
2372 5021 2595 5078 νοείσθω
2636 5022 2693 5074 δὲ
2728 5021 2823 5074 νῦν
2857 5020 2948 5073 ἐπὶ
2973 5018 3068 5072 τοῦ
3107 5017 3377 5090 ὁρίζοντος
3404 5018 3541 5088 πρὸς
3573 5019 3637 5088 τῇ

2073 5120 2222 5174 δύσει
2251 5116 2498 5187 κείμενος
2537 5116 2566 5167 6
2607 5111 2923 5174 νοτιὼτατος
2951 5110 3126 5181 ἀστὴρ
3165 5108 3273 5161 τῶν
3315 5111 3373 5161 ἐν
3411 5107 3488 5178 τῷ
3517 5109 3639 5179 ἀρι-

2076 5209 2253 5282 στερῷ
2285 5207 2405 5262 ποδὶ
2444 5205 2551 5260 τοῦ·
2571 5204 3043 5277 Ἀρκτοφύλακος.-
3070 5202 3208 5254 Ἀλλ’
3236 5200 3386 5254 ἔστιν
3416 5195 3571 5263 οὗτος
3612 5201 3640 5251 ὁ

2074 5302 2252 5379 ἀστὴρ
2297 5299 2630 5375 βορειότερος
2668 5296 2761 5351 τοῦ
2800 5294 3112 5367 ίσημερινοῦ
3154 5293 3355 5347 κύκλου
3406 5293 3516 5364 μοί.
3560 5291 3639 5356 κζ’

2075 5395 2170 5449 καὶ
2193 5398 2242 5461 γ’
2270 5393 2428 5464 μέρει
2458 5390 2670 5462 μοίρας,
2698 5389 2822 5441 οἵων
2848 5389 2994 5441 ἐστὶν
3024 5388 3052 5440 6
3075 5386 3164 5440 διὰ
3204 5386 3312 5439 τῶν
3342 5386 3520 5439 πόλων
3548 5382 3640 5438 κύ-

2076 5484 2199 5546 κλος
2235 5499 2344 5553 μοι.
2378 5479 2473 5544 τξ’.
2501 5478 2600 5533 Διὰ
2633 5478 2697 5549 δὴ
2727 5476 2885 5531 τοῦτο
2924 5479 2952 5530 6
2989 5476 3330 5548 γραφόμενος
3365 5473 3641 5546 παράλλη-

2073 5576 2162 5639 λος
2187 5574 2264 5645 τῷ
2293 5572 2587 5644 ἰσημερινῷ
2612 5569 2806 5633 κύκλος
2832 5568 2920 5623 διὰ
2941 5568 3037 5622 τοῦ
3061 5567 3465 5640 προειρημένου
3483 5555 3640 5626 ἀστέ-

2078 5685 2167 5739 ρος
2197 5667 2295 5738 τὴν
2320 5665 2462 5736 ὑπὲρ
2489 5665 2592 5735 γῆς
2614 5664 2961 5735 περιφέρειαν
2994 5660 3097 5731 ἔχει
3139 5659 3389 5721 τοιούτων
3422 5656 3637 5741 τμημά-
