3928 6266
272 340 420 399 1077

1293 344 1658 401 IIIPPARCIII
1691 343 1783 401 AD
1814 338 2261 398 PHENOMENA
2300 340 2425 397 LIB.
2470 344 2531 396 Il.

3415 342 3555 398 1073

267 481 386 515 των
414 470 507 541 te"
532 464 835 524 λείπουσαν
860 473 908 522 κ’
939 469 1091 541 μέρει
1125 467 1199 532 ὡς
1225 467 1465 537 ἔγγιστα,
1507 467 1634 520 οἴων
1666 466 1812 519 ἐστὶν
1850 466 1879 517 6

1990 478 2168 517 arcum
2231 479 2397 534 supra
2445 471 2647 519 terram
2689 462 2853 517 habet
2902 453 3136 519 totidem“
3175 462 3412 533 partium
3461 463 3552 529 15,

271 552 368 608 διὰ
396 554 523 608 τῶν
558 558 743 612 πόλων
777 559 971 623 κύκλος
1008 560 1308 630 τμημάτων
1341 559 1437 612 κδ’.
1466 559 1539 611 Τὸ
1574 559 1744 628 ἥμισυ
1775 556 1882 626 ἄρα

269 644 378 714 τῆς
401 648 725 720 εἰρημένης
760 650 1129 722 περιφερείας,
1160 651 1221 704 τὸ
1243 650 1350 703 ἀπὸ
1376 648 1468 703 τοῦ
1510 646 1880 720 μεσημϐρινοῦ

271 733 388 799 ἕως
434 736 685 806 δύσεως,
706 739 813 793 τῶν
857 739 1034 794 αὐτῶν
1072 740 1374 812 τμημάτων
1413 739 1528 793 ἐστί
1569 737 1634 804 ζ’,
1675 738 1769 790 καὶ
1808 738 1884 800 ὡς

271 826 533 895 ἔγγιστα
558 831 812 901 ἡμίσους.
851 833 988 886 Ἀλλ’
1008 835 1036 887 6
1062 832 1348 905 εἰρημένος
1377 833 1552 902 ἀστὴρ
1578 834 1773 895 κεῖται,
1808 830 1883 894 ὡς

273 918 432 971 κατά
470 922 829 994 παράλληλον
872 923 1087 989 κύκλον,
1124 925 1250 996 περὶ
1284 922 1354 992 αθ
1380 926 1486 994 μυί.
1520 923 1628 977 τῶν
1666 922 1878 993 Χηλῶν.

271 1009 568 1076 Δύνοντος
600 1013 709 1084 ἄρα
741 1012 924 1080 αὐτοῦ,
963 1015 1044 1068 δεῖ
1081 1019 1453 1087 μεσουρανεῖν,
1481 1015 1555 1079 ὡς
1576 1014 1717 1068 κατὰ
1745 1032 1886 1089 παρ-

275 1100 537 1174 άλληλον
575 1104 792 1170 κύκλον,
821 1107 920 1177 τὴν
949 1113 1035 1160 κα¹
1059 1106 1100 1159 δ’
1136 1110 1244 1178 μοῖ,
1275 1106 1368 1160 τοῦ
1401 1107 1681 1179 Αἱγόκερω
1706 1124 1720 1137 ·
1751 1107 1883 1161 ταύο

274 1211 386 1265 της
419 1195 487 1249 δὲ
520 1198 637 1250 -έπί
681 1196 776 1251 τοῦ
812 1197 1153 1271 παραλλήλου
1203 1198 1660 1271 μεσουρανούσης,
1703 1199 1784 1252 δεῖ
1828 1202 1885 1252 ἐν

274 1284 363 1356 τῷ
397 1284 670 1360 ζωδιακῷ
704 1294 1054 1362 μεσουρανεῖν
1078 1290 1176 1361 τὴν
1201 1291 1479 1361 δευτέραν,
1508 1291 1601 1344 καὶ
1634 1292 1885 1363 εἰκοστὴν

281 1383 502 1451 μοῖραν
538 1380 634 1434 τοῦ
680 1381 980 1452 Αίγόκερω.
1020 1382 1156 1436 Ἀλλ’
1203 1386 1269 1441 εν
1307 1383 1384 1454 τῷ
1425 1384 1671 1454 ζωδιακῷ
1714 1384 1811 1455 τῆς
1841 1384 1885 1454 β’

278 1470 385 1524 καὶ⁹
418 1473 685 1544 εἰκοστῆς
732 1472 825 1531 τοῦ
867 1474 1146 1548 Δίγόκερω
1188 1476 1379 1546 μοίρας
1425 1474 1884 1549 μεσουρανούσης,

280 1562 345 1614 ὲν
367 1561 456 1633 τῷ
488 1563 840 1636 ὑποκειμένῳ
866 1565 1101 1636 ὁρίζοντι
1132 1565 1212 1619 δεῖ
1233 1566 1537 1620 ἀνατέλλειν
1560 1566 1656 1638 τὴν
1692 1573 1744 1631 ς’
1781 1568 1885 1637 μά-

279 1652 460 1709 λιστα
502 1658 615 1727 μοῖ.
641 1655 737 1710 τοῦ
762 1657 1006 1729 Ταύρου·
1046 1658 1274 1712 ’ἑκαστον
1297 1659 1365 1728 γὰ
1376 1675 1406 1730 ρ
1446 1658 1555 1712 τῶν
1584 1660 1886 1731 εἰρημένων

282 1746 697 1803 ἀποδείκνυται
721 1748 809 1802 διὰ
833 1749 942 1803 τῶν
965 1750 1240 1822 γραμμῶν
1274 1753 1331 1805 έν
1354 1754 1471 1816 ταῖς
1502 1751 1727 1809 καθόλου
1761 1754 1886 1825 περί

283 1839 405 1894 τῶν
449 1841 716 1895 τοιούτων
766 1845 899 1912 ἡμῖν
950 1843 1406 1913 συντεταγμέναις
1461 1845 1882 1915 πραγματείαις.

301 1930 369 1987 Ὀ
398 1929 521 2003 ἄρα
557 1932 842 2003 ἀριστερὸς
868 1932 1002 1995 ποῦς
1031 1933 1129 1991 τοῦ
1157 1933 1366 1988 Βοὼτου
1390 1935 1797 1991 ἀντικαταδύνει
1819 1940 1885 2008 τῇ

291 2022 352 2087 ς’
388 2023 513 2094 μοί.
543 2023 642 2079 τοῦ
673 2025 907 2096 Ταύρου.
942 2027 1063 2080 ’Ότι
1095 2027 1152 2080 δὲ
1183 2028 1277 2080 καὶ
1306 2028 1519 2100 πρῶτος
1550 2032 1578 2083 6
1606 2029 1888 2101 ἀριστερὸς

294 2110 443 2176 ποῦς
474 2111 575 2166 τοῦ
621 2112 831 2167 Βοώτου
877 2113 1042 2179 δύνει,
1078 2117 1246 2187 χωρὶς
1276 2116 1464 2171 τούτου
1510 2118 1887 2171 ἀποδέδεικται

295 2205 357 2265 ὲν
380 2204 470 2278 τῷ
499 2206 634 2278 περὶ
656 2206 820 2264 αὐτοῦ
850 2208 1012 2281 λόγῳ.
1035 2209 1270 2280 Φανερὸν
1300 2209 1345 2263 δ’
1377 2210 1442 2265 ἂν
1475 2209 1560 2281 εἴη
1584 2212 1678 2264 καὶ
1704 2210 1764 2275 ἐξ
1788 2211 1886 2264 αύ-

296 2297 403 2367 ιῆς
435 2297 545 2369 τῆς
578 2298 777 2363 θέσεως
808 2301 900 2354 τοῦ
939 2299 1169 2354 Βοώτου.
1207 2301 1393 2374 Ὀρθὸς
1427 2301 1536 2374 γὰρ
1576 2302 1821 2375 βεϐηκὼς
1860 2306 1888 2357 6

301 2385 555 2461 Βοώτης,
582 2389 817 2458 έγκλίνει
842 2392 908 2462 τῇ
934 2390 1080 2444 θέσει
1103 2389 1294 2454 οὕτως,
1329 2391 1468 2446 ὥστε
1491 2392 1579 2444 τὸν
1603 2393 1887 2465 ἀριστερὸν

303 2479 449 2533 πόδα
493 2480 676 2552 πολλῷ
708 2481 1022 2554 νοτιὼτερον
1049 2481 1177 2535 ὄντα
1203 2482 1303 2552 τῆς
1334 2483 1592 2554 κεφαλῆς,
1633 2487 1889 2556 προηγεῖ-

302 2570 436 2631 σθαι
476 2573 572 2628 τοῦ
614 2573 706 2628 διὰ
748 2575 857 2629 τῶν
900 2575 1099 2639 πόλων,
1148 2575 1243 2629 καὶ
1286 2578 1384 2647 τῆς
1436 2577 1673 2649 κεφαλῆς
1721 2578 1884 2634 αὐτοῦ

302 2665 666 2737 γραφομένου
704 2665 904 2720 κύκλου
956 2666 1136 2719 πλεῖον
1161 2667 1331 2738 ἥμισυ
1374 2669 1468 2721 καὶ
1505 2667 1758 2741 τέταρτον
1790 2670 1886 2741 μέ-

305 2772 401 2832 ρος
447 2757 658 2823 ζωδίου.
694 2758 830 2831 Περὶ
860 2757 918 2812 δὲ
940 2758 1035 2811 τοῦ
1074 2757 1320 2829 Ὠρίωνος
1350 2762 1629 2831 συμφωνεί
1658 2762 1687 2814 6
1713 2761 1884 2833 Ἀρα-

306 2865 427 2915 tog,
467 2847 863 2922 ὑπολαμβάνων
893 2847 1053 2903 αὐτὸν
1080 2848 1198 2905 ὅλον
1236 2851 1348 2914 τοῖς
1378 2849 1627 2922 Διδύμοις
1661 2868 1890 2912 συνανα·

278 2998 287 3005 ,
307 2941 543 3001 τέλλειν.

380 3034 475 3090 Η’.
509 3032 614 3087 Τοῦ
644 3033 704 3088 δὲ
742 3033 965 3099 Λέοντος
1007 3035 1306 3109 ἀρχομένου
1356 3037 1681 3104 ἀνατέλλειν,
1713 3038 1742 3091 6
1791 3039 1890 3110 μὲν

312 3122 558 3195 ’Ἄρατός
587 3139 731 3192 φησι,
749 3123 821 3180 τά
848 3140 908 3176 τε
940 3126 1035 3179 σὺν
1058 3125 1135 3196 τῷ
1164 3125 1420 3198 Καρκίνῳ
1454 3126 1728 3186 δεδυκέναι
1752 3146 1765 3159 °
1794 3128 1886 3183 τοῦ

1985 556 2169 611 minus
2225 563 2379 624 parte
2440 555 2699 613 vicesima
2758 554 2999 621 circiter,
3054 561 3188 625 quot
3251 570 3349 625 per
3397 555 3552 624 polos

1983 647 2295 717 descriptus
2359 647 2598 703 circulus
2653 646 2817 701 habet
2878 645 2969 703 24.
3029 644 3209 712 Quare
3265 646 3549 700 dimidium

1984 739 2439 796 circumferentia:
2481 738 2645 803 illius,
2691 738 2835 808 quod
2875 752 2906 791 a
2947 736 3252 792 meridiano
3290 736 3355 790 ad
3391 751 3553 791 oeca-

1985 846 2105 886 sum
2150 831 2404 903 pertinet,
2441 830 2754 887 earumdem
2803 828 2916 884 fere
2952 830 3186 900 partium
3232 836 3316 885 est
3362 829 3549 899 71/2.

1983 923 2149 993 Atqui
2195 922 2384 977 eadem
2432 923 2519 977 illa
2570 922 2748 987 stella,
2781 918 3079 976 secundum
3120 919 3551 990 aequidistantem

1985 1014 2276 1079 circulum,
2300 1013 2403 1069 sita
2435 1020 2519 1067 est
2550 1014 2602 1067 in
2627 1021 2780 1083 parte
2803 1011 3090 1066 Chelarum
3116 1010 3333 1064 circiter
3353 1010 3548 1079 prima.

1985 1107 2061 1161 Ea
2095 1108 2257 1177 igitur
2288 1104 2570 1160 occidente
2591 1143 2608 1169 ,
2643 1104 2943 1158 culminare
2975 1109 3185 1172 oportet
3211 1102 3265 1155 in
3296 1101 3553 1170 parallelo

1984 1198 2192 1253 circulo
2245 1196 2337 1262 2i,
2388 1197 2467 1251 15'
2516 1204 2725 1266 partem
2788 1193 3156 1264 Capricorni;
3204 1206 3311 1263 qua
3358 1208 3553 1246 rursus

1986 1288 2335 1350 culminante,
2386 1301 2614 1341 necesse
2655 1291 2737 1341 est
2779 1285 2835 1339 in
2875 1283 3099 1339 zodiaco
3144 1283 3447 1338 culminare
3482 1282 3553 1336 22

1985 1378 2329 1451 Capricorni.
2360 1377 2531 1436 Porro
2555 1393 2675 1434 cum
2704 1378 2757 1432 in
2786 1377 3011 1433 zodiaco
3033 1377 3289 1433 vicesima
3312 1376 3553 1432 secunda

1988 1489 2116 1547 pars
2147 1473 2467 1544 Capricorni
2500 1473 2783 1535 culminat,
2827 1473 2881 1526 in
2929 1487 3015 1526 eo.
3046 1487 3206 1541 quem
3240 1472 3550 1537 statuimus,

1989 1562 2273 1619 horizonte
2324 1568 2478 1617 sexta
2511 1561 2623 1616 fere
2669 1576 2797 1632 pars
2835 1560 2999 1615 Tauri
3044 1561 3203 1616 debet
3243 1554 3549 1632 assurgere.

1988 1653 2115 1708 Haec
2163 1653 2307 1708 enim
2356 1653 2543 1708 omnia
2590 1653 2903 1723 singillatim
2962 1668 3058 1723 per
3111 1652 3286 1708 lineas
3331 1651 3555 1708 demon-

1991 1754 2235 1802 strantur
2264 1745 2317 1800 in
2343 1761 2506 1816 opere
2547 1746 2639 1800 illo
2674 1760 2780 1815 quo
2806 1745 3109 1815 generalem
3144 1744 3211 1799 de
3244 1744 3365 1799 istis
3390 1746 3554 1800 rebus

1972 1828 2371 1893 tractationem
2413 1837 2773 1893 instituimus.
2824 1835 3186 1902 Quamobrem
3231 1836 3412 1891 Boota:
3458 1853 3554 1904 pes

1991 1928 2213 1984 sinister
2259 1928 2458 1984 occidit
2502 1929 2712 1984 oriente
2770 1938 2922 1984 sexta
2973 1936 3128 1998 parte
3175 1927 3361 1983 Tauri.
3419 1927 3553 1981 Nam

1988 2023 2276 2079 sinistrum
2310 2022 2496 2077 Bootae
2536 2022 2726 2094 pedem
2766 2023 3001 2093 primum
3033 2021 3288 2078 occidere
3328 2020 3556 2075 demon-

1973 2109 2222 2174 stratum
2265 2121 2350 2171 est
2395 2115 2623 2185 insuper
2670 2115 2726 2169 in
2762 2113 3024 2189 peculiari
3054 2112 3124 2169 de
3169 2113 3263 2167 illo
3304 2112 3553 2183 disputa-

1986 2211 2137 2266 tione
2175 2228 2188 2264 :
2226 2209 2371 2280 quod
2397 2216 2452 2264 et
2478 2224 2546 2264 ex
2587 2208 2708 2279 ipso
2747 2209 2894 2263 illius
2923 2207 3105 2278 positu
3145 2205 3372 2277 intelligi
3407 2206 3556 2262 nullo

1987 2303 2205 2374 negotio
2232 2308 2432 2375 potest.
2466 2299 2602 2357 Cum
2642 2300 2786 2358 enim
2816 2310 3000 2356 rectus
3038 2301 3301 2361 consistat
3336 2298 3552 2365 Bootes,

1986 2393 2062 2449 ita
2094 2401 2273 2449 tamen
2303 2401 2387 2449 est
2431 2393 2711 2466 paululum
2752 2392 3013 2447 inclinato
3044 2390 3176 2457 situ,
3206 2406 3300 2460 pes
3334 2397 3392 2444 ut
3435 2391 3554 2460 ejus

1986 2486 2212 2544 sinister
2233 2486 2394 2557 longe
2419 2485 2717 2541 australior
2739 2466 2940 2560 capite,
2964 2483 3228 2537 circulum
3255 2496 3350 2553 per
3378 2482 3553 2552 polos,

1986 2588 2040 2632 et
2072 2578 2247 2648 ipsius
2281 2584 2446 2648 caput
2473 2576 2804 2646 descriptum
2843 2575 3079 2645 amplius
3117 2572 3383 2630 dodrante
3415 2573 3553 2644 signi

1986 2668 2153 2725 unius
2183 2668 2490 2724 antecedat.
2530 2666 2648 2721 Jam
2681 2667 2748 2721 de
2778 2666 2977 2722 Orione
3015 2680 3137 2722 cum
3172 2667 3556 2737 apparentibus

1987 2761 2155 2817 Arato
2178 2763 2453 2828 convenit,
2485 2769 2755 2832 quatenus
2785 2766 2958 2814 totum
2988 2759 3138 2813 illum
3165 2770 3288 2820 cum
3311 2756 3556 2813 Geminis

1988 2854 2119 2911 oriri
2144 2854 2361 2912 asserit.

2064 3031 2197 3088 VIII.
2230 3033 2301 3087 At
2330 3032 2511 3089 Leone
2536 3034 2766 3103 primum
2793 3031 3096 3096 exoriente,
3116 3030 3315 3085 Aratus
3335 3030 3411 3084 ait
3439 3043 3559 3100 qua:

1993 3129 2121 3178 sunt
2163 3139 2287 3179 cum
2315 3122 2550 3186 Cancro,
2593 3122 2704 3189 jam
2752 3120 3060 3187 occidisse;
3092 3119 3389 3191 lngeniculi
3430 3133 3558 3173 vero

309 3210 353 3266 δ’
401 3212 493 3266 Ἐν
523 3211 743 3280 γόνασιν
769 3213 847 3267 ἔτι
866 3214 956 3267 τὸν
978 3215 1258 3287 ἀριστερὸν
1282 3217 1433 3283 πόδα,
1463 3217 1557 3271 καὶ
1593 3219 1719 3287 γόνυ
1753 3220 1885 3278 ἀπο-

1991 3216 2275 3274 sinistrum
2310 3215 2489 3273 adhuc
2520 3213 2673 3284 123
2705 3212 2918 3284 pedem,
2961 3226 3024 3271 ac
3051 3227 3190 3283 genu
3234 3225 3553 3281 superesSe;

309 3299 598 3359 λείπεσθαι
617 3319 631 3332 ο
661 3300 743 3361 τὰ,
763 3303 819 3356 δὲ
847 3302 1006 3357 λοιπά
1034 3304 1309 3361 δεδυκέναι
1327 3321 1338 3335 ’
1371 3305 1679 3363 ἀνατέλλειν
1705 3306 1761 3360 δὲ
1788 3307 1886 3378 τὴν

310 3392 559 3462 κεφαλὴν
583 3392 675 3447 τοῦ
707 3394 930 3464 ’Ὑδρου,
957 3396 1051 3448 καί
1086 3395 1176 3449 τὸν
1209 3396 1452 3464 Λαγωὸν,
1488 3398 1581 3453 καί
1622 3398 1710 3453 τὸν
1751 3382 1889 3469 Πρό-

312 3500 477 3549 κυνα,
513 3484 608 3537 καὶ
637 3485 762 3547 τοὺς
787 3486 1148 3558 ἐμπροσθίους
1174 3487 1339 3552 πόδας
1370 3488 1464 3541 τοῦ
1499 3490 1696 3554 Κυνός.
1724 3490 1812 3560 Τῷ
1831 3490 1889 3543 δὲ

325 3574 543 3646 Ἀράτῳ
568 3575 767 3644 ὁμοίως
800 3577 892 3630 καὶ
921 3577 951 3630 6
996 3576 1220 3645 Εὔδοξος
1265 3579 1642 3649 ἀποφαίνεται.
1678 3580 1760 3634 Τά
1798 3578 1890 3636 οὖν

315 3664 582 3738 εἰρημένα
606 3665 780 3738 ἄστρα
804 3667 963 3737 δῆλον
1002 3668 1083 3722 ὅτι
1113 3667 1191 3739 τῷ
1220 3670 1477 3740 Καρκίνῳ
1502 3671 1620 3723 κατ’
1641 3670 1835 3733 αὐτοὺς
1856 3670 1892 3725 ἃ

320 3758 422 3828 μὲν
462 3758 858 3826 συνανατέλλει,
887 3758 923 3814 ἃ
965 3759 1025 3813 δὲ
1052 3759 1478 3816 ἀντικαταδύνει.
1510 3762 1621 3816 Καὶ
1650 3763 1748 3835 ἐπὶ
1783 3761 1892 3817 τῶν

316 3848 495 3904 ἄλλων
527 3848 732 3912 ζωδίων
764 3851 831 3904 τὸ
863 3850 992 3905 αὐτὸ
1034 3850 1501 3922 διαλαμϐανέσθω.
1547 3854 1635 3908 Ἐν
1671 3854 1769 3925 μὲν
1799 3850 1892 3908 οὖν

316 3944 432 4006 τοῖς
460 3942 666 4007 λοιποῖς
696 3942 1044 4014 συμφωνοῦσι
1069 3946 1180 4008 τοῖς
1205 3945 1574 4015 φαινομένοις·
1604 3944 1698 3999 τοῦ
1724 3946 1767 3999 δ’
1804 3948 1892 4000 Ἔν

317 4034 541 4100 γόνασιν
572 4036 640 4095 οὐΔ
680 4035 837 4106 μόνον
865 4035 925 4089 τὸ
967 4035 1254 4106 ἀριστερὸν
1284 4037 1411 4105 γόνυ
1449 4038 1543 4090 καὶ
1587 4040 1615 4091 6
1651 4038 1784 4103 ποῦς
1813 4039 1892 4094 ἔτι

321 4124 463 4196 ὑπὲρ
488 4126 591 4196 γῆς
629 4127 795 4191 ἐστιν,
830 4124 964 4184 ἀλλά
989 4127 1081 4179 καὶ
1112 4125 1172 4178 τὸ
1211 4125 1381 4192 δεξιὸν
1414 4126 1563 4195 γόνυ.
1598 4128 1752 4182 Δύνει
1785 4130 1892 4201 γὰρ

319 4217 476 4274 τοῦτο
501 4216 893 4288 ἀνατελλούσης
932 4216 1031 4287 τῆς
1069 4217 1163 4271 τοῦ
1194 4218 1416 4282 Λέοντος
1463 4221 1572 4290 μοί.
1610 4228 1705 4288 ις’.
1745 4223 1803 4276 Ὀ
1836 4223 1893 4276 δὲ

322 4308 548 4377 Λαγωὸς
567 4308 627 4361 οὐ
658 4308 824 4379 μόνον.
836 4307 913 4379 τῷ
936 4309 1194 4381 Καρκίνῳ
1217 4310 1612 4377 συνανατέλλει,
1634 4312 1709 4377 ὡς
1733 4315 1896 4386 Ἄρα.

321 4414 412 4461 τος
439 4397 826 4469 ὑπολαμϐάνει,
855 4398 987 4452 ἀλλά
1026 4400 1119 4457 καὶ
1157 4403 1268 4464 τοῖς
1306 4400 1576 4471 Διδύμοις.
1625 4405 1886 4476 Ἀρχεται

327 4488 423 4560 μὲν
457 4489 566 4561 γάρ
598 4489 924 4555 ἀνατέλλειν,
954 4492 1051 4561 τῆς
1083 4489 1127 4555 Cf
1154 4491 1246 4545 καὶ
1274 4498 1321 4545 κ’
1366 4493 1474 4563 μοί.
1508 4494 1615 4547 τῶν
1644 4497 1885 4567 Διδύμων

2000 4497 2273 4550 minorum
2335 4494 2563 4565 septima
2624 4502 2678 4548 et
2735 4494 2991 4547 vicesima

323 4579 732 4653 ἀναφερομένης
754 4600 766 4612 ·
797 4581 951 4653 λήγει
975 4581 1031 4636 δὲ
1057 4583 1379 4646 ἀνατέλλων,
1407 4586 1893 4658 συνανατελὶρύσης

323 4670 471 4743 αὐτῷ
498 4671 770 4744 Καρκίνου
799 4673 908 4742 μοί.
941 4671 1005 4742 ιβ’
1033 4672 1118 4727 S".
1149 4672 1206 4726 '0
1230 4674 1287 4726 δὲ
1313 4673 1474 4727 Κύων
1506 4675 1624 4738 ὅλος
1649 4675 1725 4751 τῷ
1752 4678 1895 4748 Καρ-

325 4763 457 4834 κίνῳ
498 4762 890 4828 συνανατέὶλει,
919 4763 1056 4835 πλὴν
1087 4764 1198 4818 τῶν
1230 4766 1287 4818 ἐν
1329 4766 1394 4836 τῇ
1439 4766 1603 4836 οὐρᾷ·
1652 4768 1890 4838 καίούχ,

325 4853 400 4917 ὡς
424 4854 459 4909 ὁ,
478 4855 732 4926 Ἀρατος,
762 4855 811 4907 οἱ
847 4854 1167 4927 ὲμπρόσθιοι
1200 4856 1555 4927 μόνον-αύτοῦ
1590 4858 1750 4925 πόδες
1776 4877 1895 4915 συν-

325 4945 673 5003 ανατέλλουσι
705 4944 782 5016 τῷ
814 4945 1093 5023 Καρκίνιρ.

393 5061 468 5114 8'.
498 5060 609 5132 Τῆς
635 5060 692 5113 δὲ
721 5059 997 5133 Παρθένου
1031 5062 1342 5135 ἀρχομένης
1374 5065 1729 5133 ἀνατέλλειν,⁵

328 5237 437 5257 ...η
468 5198 630 5266 Λύρη
666 5199 830 5267 τότε,
852 5198 1004 5267 φησὶ,
1030 5199 1378 5267 Κυλληναιη

323 5269 433 5339 Kal
461 5267 678 5339 Δεᾴφίς
709 5266 1117 5339 δύνουὰιηκαὶ
1146 5271 1462 5339 εὐποιήτος
1500 5271 1749 5339 Ὄὶῖγτός.

325 5337 585 5416 ger-F021-
616 5339 881 5416 'Qprtdoc
908 5336 1107 5416 πρῶτα
1133 5340 1318 5416 πτερὰ
1341 5337 1530 5416 μέσςρι
1553 5336 1894 5413 παρ’ὰύτὴν

328 5407 546 5477 Οὺρὴν.
578 5407 675 5461 καὶ
703 5407 993 5475 Ποταμοῖο
1019 5409 1330 5477 παρηορίαι
1360 5407 1701 5465 amoma.

324 5478 501 5550 ΔύνειΔ
520 5476 570 5530 δ’
610 5477 840 5550 Ἰππειξῃ
865 5476 1321 5550 κεφαλῇ’-δύνει
1350 5477 1426 5550 6i:
1451 5479 1548 5533 καὶ
1584 5483 1802 5550 αὐχήν.

336 5545 637 5621 famaue;
659 5545 710 5621 δ’
728 5545 907 5621 ΫὟδρη
923 5546 1526 5621 μὲῃέπὶῃπλέονᾼᾷχρι
1546 5545 1698 5621 παρτ
1710 5545 1894 5609 ἀύτὸν

324 5615 618 5685 Κρητῆρα.
660 5615 962 5686 Φθάμενος
994 5615 1061 5669 δὲ
1089 5619 1261 5672 Κύων
1300 5615 1483 5685 adacti
1514 5615 1749 5676 αἵνὺτιιι
1783 5625 1890 5679 ἅλ-

1721 5698 1887 5759 Jove,

329 5750 568 5808 Ἕλκων
598 5754 873 5820 ἐξόπιθεν
904 5758 1179 5827 πρύμναν
1201 5761 1577 5829 πολυτειρέος
1623 5692 1880 5834 ’.ὶὲῗὲἔὲί

1988 3308 2200 3364 caeteris
2233 3307 2344 3376 jam
2393 3307 2448 3362 in
2495 3321 2750 3360 occasum
2783 3303 3103 3375 depressis:
3136 3304 3269 3359 oriri
3296 3309 3557 3374 praeterea

1990 3405 2156 3469 caput
2182 3397 2373 3469 Hydri,
2414 3397 2696 3466 Leporem,
2730 3395 3052 3467 Procynem,
3082 3403 3136 3450 et
3175 3394 3557 3451 antecedentes

1989 3488 2155 3544 Canis
2199 3488 2381 3557 pedes.
2422 3487 2622 3542 Eadem
2670 3504 2794 3541 cum
2829 3489 2996 3541 Arato
3039 3486 3233 3549 scribit
3273 3485 3553 3540 Eudoxus.

1991 3579 2257 3645 Quocirca
2283 3580 2463 3635 sidera
2492 3579 2605 3633 haec
2625 3580 2807 3632 omnia
2836 3580 3057 3649 planum
3081 3584 3166 3635 est
3190 3592 3312 3632 cum
3342 3577 3556 3633 Cancro

1992 3684 2059 3723 ex
2085 3670 2299 3723 illorum
2340 3669 2595 3738 opinione
2633 3671 2828 3739 partim
2875 3667 3032 3733 oriri,
3070 3668 3265 3738 partim
3293 3683 3357 3722 ex
3382 3684 3554 3739 oppo-

1994 3764 2098 3816 sito
2133 3762 2483 3816 descendere.
2515 3759 2659 3819 Idem
2690 3762 2764 3816 de
2785 3762 2998 3816 caeteris
3033 3775 3250 3832 quoque
3273 3761 3445 3830 signis
3467 3761 3556 3829 ju-

1992 3855 2193 3911 dicium
2222 3870 2345 3910 esse
2373 3854 2518 3911 volo.
2560 3855 2723 3924 Atqui
2764 3862 2823 3911 ut
2853 3855 2905 3908 in
2935 3853 3158 3923 reliquis
3193 3852 3262 3907 ab
3286 3868 3555 3923 apparen-

1993 3951 2128 4003 tium
2150 3947 2534 4017 experimentis
2557 3948 2779 4002 minime
2798 3946 3113 4017 discrepant
3130 3963 3146 4012 ;
3165 3946 3246 4002 sic
3263 3944 3557 4015 lngeniculi

1994 4056 2102 4096 non
2140 4039 2422 4096 sinistrum
2464 4040 2626 4097 modo
2668 4055 2829 4110 genu,
2885 4054 3090 4110 pesque
3141 4054 3307 4110 supra
3355 4047 3557 4094 terram

1993 4131 2173 4187 adhuc
2199 4132 2422 4199 eminet,
2454 4132 2549 4186 sed
2574 4130 2736 4185 etiam
2778 4129 3027 4185 dextrum
3058 4146 3220 4200 genu.
3269 4128 3383 4184 Hoc
3411 4130 3557 4183 enim

1995 4224 2194 4279 occidit
2214 4224 2424 4279 oriente
2440 4221 2637 4277 Leonis
2663 4230 2815 4292 parte
2838 4222 2922 4276 16.
2951 4221 3019 4274 At
3041 4220 3218 4291 Lepus
3246 4237 3352 4277 non
3381 4221 3557 4276 solum

1994 4330 2120 4370 cum
2146 4313 2358 4370 Cancro
2391 4314 2586 4379 oritur,
2634 4313 2711 4366 uti
2737 4313 2911 4367 visunt
2938 4320 3022 4367 est
3052 4311 3241 4378 Arato,
3276 4312 3369 4366 sed
3393 4311 3558 4365 etiam

1994 4422 2116 4461 cum
2153 4404 2419 4462 Geminis.
2462 4404 2604 4459 Oriri
2642 4404 2843 4475 quippe
2874 4404 3061 4473 incipit
3097 4419 3220 4458 cum
3267 4413 3418 4475 parte
3455 4400 3561 4457 Ge-

3053 4512 3065 4547 :
3117 4492 3317 4547 desinit
3380 4500 3559 4565 auter.)

1996 4585 2324 4640 ascendente
2345 4599 2468 4638 cum
2496 4585 2612 4652 ipso
2632 4583 2827 4637 Caneri
2858 4582 2923 4636 l2
2953 4582 3072 4655 I/2.
3096 4584 3261 4637 Canis
3282 4598 3410 4637 vero
3435 4598 3557 4635 cum

2001 4678 2211 4731 Cancro
2243 4684 2389 4731 totus
2417 4676 2610 4739 oritur,
2634 4674 2835 4745 iisquae
2859 4676 2911 4729 in
2930 4673 3103 4728 cauda
3129 4683 3256 4729 sunt
3282 4675 3556 4744 exceptis;

1998 4785 2194 4839 neque,
2230 4777 2287 4822 ut
2313 4768 2480 4829 Arato
2511 4768 2709 4839 placet,
2738 4769 3053 4826 anteriores
3077 4783 3201 4831 cum
3226 4766 3436 4822 Cancro
3475 4784 3563 4836 pe-

1995 4862 2092 4917 des
2122 4861 2384 4921 duntaxat
2414 4861 2681 4917 oriuntur.
2926 4848 2935 4857 ’

2067 5064 2158 5119 IX.
2200 5063 2372 5119 Porro
2398 5064 2680 5118 exoriente
2707 5060 2947 5131 Virgine,

2070 5244 2083 5259 .
2119 5244 2134 5258 .
2171 5243 2201 5257 ,ν
2223 5202 2365 5272 Lyra
2399 5210 2542 5263 tunc,
2576 5198 2670 5262 ait,
2699 5198 2966 5272 Cyllenea,

1995 5274 2064 5328 Et
2099 5265 2317 5342 Delphin
2355 5272 2617 5342 occidunt,
2645 5283 2691 5342 et
2723 5265 3018 5337 fabrefacta
3050 5265 3280 5335 Sagitta.

1996 5345 2129 5399 Cum
2157 5335 2344 5414 quibus
2376 5340 2543 5414 Cygni
2571 5335 2826 5414 primores
2855 5335 3035 5407 penna:
3066 5352 3226 5414 itaque
3258 5335 3326 5389 ad
3360 5336 3526 5402 ipsum

1996 5408 2263 5475 Caudam,
2294 5422 2341 5466 et
2371 5408 2517 5481 ﬂuuii
2549 5409 2902 5464 extremitates
2924 5408 3280 5481 occultantur.

1999 5484 2205 5540 Occidit
2240 5477 2410 5536 autem
2443 5481 2579 5553 Equi
2607 5489 2799 5553 caput;
2824 5477 3011 5532 occidit
3041 5486 3091 5553 et
3124 5479 3318 5553 cervix.

2002 5557 2185 5608 Oritur
2212 5570 2327 5608 vero
2363 5547 2549 5623 Hydra
2577 5550 2802 5619 amplius
2825 5565 2992 5623 tuque
3023 5547 3098 5623 ad_
3123 5548 3291 5623 ipsmtt

1999 5625 2296 5686 Craterem;
2323 5617 2638 5693 pra‘veniens
2665 5617 2781 5675 rcro
2812 5617 2972 5674 Canis
3002 5617 3153 5687 pedes
3180 5618 3366 5688 arripit
3406 5617 3561 5679 αίὲυδ,

2004 5762 2232 5821 Trahens
2265 5779 2294 5815 a
2329 5770 2468 5830 (ergo
2493 5759 2701 5829 puppim
2728 5756 2952 5813 stellam:
2982 5758 3172 5828 Argus.
