3928 6266
422 395 561 451 1079

1405 400 1497 454 ao
1533 400 1806 457 nussan
1844 398 2243 457 CHRONICON
2282 362 2649 454 APPENDIX.

3533 391 3666 450 1083

423 497 555 579 ῌςιτ
584 513 757 558 autem
775 506 951 579 currit
978 523 1142 579 supra
1174 517 1368 563 terram
1398 512 1596 565 malum
1624 511 1694 565 ad
1716 512 1887 576 ipsum
1917 510 1987 564 di-

2114 510 2186 565 'H
2210 509 2278 563 δὲ
2311 511 2429 565 θέει
2458 511 2630 579 γαίης
2664 509 2835 563 ἱστὸν
2862 509 3123 579 διχόωονα
3149 510 3273 561 κατ’
3306 508 3526 579 αὐτων

430 574 589 644 Virgo
606 576 816 645 quando
843 585 953 631 tota
978 574 1250 649 ab‘inﬁmo
1264 579 1379 648 jam
1402 582 1641 635 evaserit.
1724 574 1988 653 [midiata,

491 687 687 744 Eadem
714 703 838 742 cum
864 690 1032 745 Arato
1057 689 1217 748 docet
1244 691 1533 761 Eudoxus;
1567 693 1802 764 indeque
1831 695 1997 765 potis-

419 781 619 836 simum
650 792 873 851 apparet
909 782 1136 838 Aratum
1175 800 1296 855 quae
1330 785 1399 841 ab
1442 783 1669 840 Eudoxo
1692 787 1835 840 dicta
1864 794 1995 841 sunt

416 875 641 928 mutatis
654 874 1031 929 tantummodo
1045 876 1224 932 verbis
1239 878 1564 946 exprimere.
1584 878 1849 933 Caeterum
1869 895 1995 935 cum

417 963 579 1017 ambo
619 963 672 1017 in
706 963 829 1020 aliis
858 963 926 1018 ab
952 966 1336 1035 apparentibus
1372 965 1515 1020 haud
1547 966 1897 1031 abhorreant,
1924 967 1997 1022 'de

414 1050 555 1105 Malo
592 1069 703 1106 non
744 1063 891 1109 recte
921 1055 1183 1109 sentiunt.
1217 1055 1311 1109 llic
1340 1056 1482 1110 enim
1516 1057 1766 1112 occidere
1802 1057 1997 1127 incipit

416 1144 625 1200 oriente
639 1155 791 1216 parte
807 1146 1005 1201 Cancri
1021 1146 1195 1201 media
1210 1147 1467 1202 vicesima
1482 1148 1734 1218 septima,
1746 1147 1997 1203 occidere

416 1247 596 1291 autem
612 1239 812 1294 desinit
825 1240 1034 1293 oriente
1047 1240 1220 1293 media
1236 1238 1437 1296 Leonis
1454 1241 1786 1296 secunda.At
1801 1242 1997 1297 ﬂuvius

420 1330 490 1382 ab
535 1327 735 1385 Orione
781 1346 1010 1386 manans
1044 1346 1152 1385 non
1180 1329 1371 1396 Leoni,
1413 1341 1470 1385 ut
1493 1331 1751 1389 Eudoxus
1778 1334 1874 1398 ait,
1899 1334 1996 1390 sed

417 1423 626 1496 Virgini
658 1426 906 1480 occidere
929 1426 1191 1481 adversus
1208 1427 1417 1497 incipit.
1437 1427 1646 1482 Etenim
1670 1429 1999 1485 antecedens

412 1518 667 1581 maxime,
685 1526 739 1573 et
774 1518 1171 1573 australissima
1189 1520 1490 1583 stellarum,
1512 1537 1633 1590 qua:
1650 1522 1704 1575 in
1724 1522 1817 1575 illo
1846 1528 1994 1586 sunt,

409 1622 531 1674 quae
554 1606 1101 1676 et‘splendidissima,
1122 1608 1324 1662 occidit
1348 1610 1556 1664 oriente
1578 1607 1816 1679 Virginis
1847 1616 1999 1678 parte

408 1697 663 1767 septima.
712 1698 889 1769 Argus
929 1707 1110 1753 autem
1153 1698 1372 1753 nonnisi
1407 1698 1625 1769 puppim
1657 1714 1782 1752 cum
1816 1696 1999 1753 Leone

408 1790 484 1842 ait
529 1789 798 1854 occidere,
830 1799 881 1846 et
912 1790 1159 1846 eamdem
1195 1790 1494 1847 secundum
1545 1791 1747 1845 malum
1791 1799 1997 1846 sectam

405 1879 656 1935 bifariam
694 1883 1011 1942 ascendere,
1044 1881 1216 1936 donec
1249 1889 1359 1935 tota
1389 1881 1554 1951 Virgo
1582 1881 1982 1937 conscenderit.

2100 580 2403 649 Παρθένος
2425 577 2803 652 ἦμος-ἅπασα
2830 577 3142 651 περαιόθεν
3165 579 3295 647 ἄρτι
3320 577 3586 648 γένηται.
3689 578 3701 605 ‘

2165 692 2255 764 Τῷ
2281 692 2337 746 δὲ
2378 691 2587 764 Ἀράτῳ
2623 691 2691 747 τὰ
2720 691 2856 745 αὐτά
2903 690 2999 744 καὶ
3029 691 3059 743 ὁ
3099 687 3323 755 Εὔδοξος
3348 687 3501 756 λέγει
3524 703 3539 716 ⁸
3576 686 3668 740 καὶ

2100 784 2336 856 μάλιστά
2365 802 2427 853 γε
2466 788 2530 838 ἐκ
2558 784 2762 838 τούτων
2792 784 3023 855 φανερός
3064 784 3211 835 ἐστιν
3243 782 3272 835 ὀ
3297 781 3534 853 ’Ἄρατος
3565 780 3669 832 ὠσ-

2095 878 2210 930 ανεὶ
2229 876 2602 948 παραγράφων
2632 875 2701 930 τά
2724 867 2829 929 sits
2858 874 2952 928 τοῦ
2983 873 3212 940 Εὐδόξου
3245 873 3535 945 εἰρημένα.
3584 871 3668 924 Ἐν

2098 969 2197 1040 μὲν
2224 966 2316 1023 οὖν
2342 972 2451 1033 τοῖς
2485 969 2662 1033 ἄλλοις
2687 968 3035 1039 συμφωνοῦσι
3058 971 3170 1030 τοῖς
3197 964 3564 1037 φαινομένοις.
3611 965 3668 1016 '0

2094 1059 2151 1111 δὲ
2194 1060 2399 1123 Ὀῖστὸς
2439 1060 2500 1114 οὐ
2530 1059 2608 1131 τῷ
2652 1060 2836 1114 Λέοντι
2867 1058 3278 1113 ἀντικαταδύνει
3312 1057 3494 1128 μόνον,
3535 1054 3674 1109 ἀλλά

2096 1152 2190 1205 καὶ
2226 1150 2305 1223 τῷ
2338 1152 2616 1223 Καρκίνῳ.
2654 1153 2914 1223 Ἀρχεται
2954 1151 3051 1222 μὲν
3083 1150 3191 1222 γὰρ
3227 1149 3426 1214 δύνειν,
3452 1147 3670 1201 ἀνατελ-

2094 1244 2290 1315 λούσης
2318 1244 2489 1315 μέσης
2509 1244 2605 1314 τῆς
2628 1244 2671 1308 ζ’
2703 1244 2795 1298 καὶ⁵
2825 1248 2875 1297 κ’
2900 1244 3010 1314 μοί.
3048 1242 3141 1297 τοῦ
3165 1238 3476 1314 Καρκῖνουό
3513 1242 3669 1313 λήγει

2093 1335 2151 1388 δὲ
2183 1335 2373 1398 δύνων,
2409 1335 2799 1407 ἀνατελλούσης
2835 1334 3007 1406 μέσης
3034 1334 3132 1403 τῆς
3155 1332 3201 1403 β’
3234 1333 3347 1404 μοί.
3388 1329 3483 1384 τοῦ
3509 1330 3671 1383 Λέον-

2082 1444 2203 1491 .τος.
2248 1429 2304 1481 ’0
2335 1428 2392 1481 δὲ
2435 1427 2542 1481 ἀπὸ
2566 1428 2658 1480 τοῦ
2696 1426 2947 1498 Ὠρίωνος
2988 1425 3237 1496 Ποταμδς
3268 1425 3329 1478 ού
3368 1423 3448 1494 τῷ
3478 1423 3671 1476 Λέοντι

2096 1520 2322 1592 ἄρχεται
2360 1519 2820 1583 ἀντικαταδύνειν,
2853 1520 2930 1584 ὡς
2962 1520 3162 1590 οἱπερὶ
3188 1519 3283 1572 τὸν
3299 1517 3533 1581 Εὔδοξόν
3565 1533 3668 1585 φα-

2098 1628 2202 1674 σιν,
2233 1610 2368 1663 ἀλλὰ
2385 1612 2449 1681 τῇ
2480 1611 2738 1682 Παρθένῳ
2754 1628 2769 1641 ·
2808 1613 2836 1664 ὁ
2860 1611 2969 1683 γὰρ
2987 1610 3288 1681 ἡγούμενος
3319 1609 3555 1680 μάλιστα
3578 1609 3670 1661 καὶ

2097 1718 2183 1753 νοτ
2193 1700 2415 1763 ιώτατος
2437 1698 2545 1753 τῶν
2568 1701 2625 1754 ὲν
2649 1700 2817 1771 αὐτῷ,
2835 1700 2893 1764 ὃς
2911 1700 2975 1772 δὴ
3003 1700 3098 1753 καὶ
3128 1698 3511 1772 λαμπρότατός
3530 1699 3671 1763 ἐστι,

2096 1790 2242 1844 δύνει
2274 1788 2671 1860 ἀνατελλούσης
2711 1791 2810 1861 τῆς
2844 1787 2888 1855 ζ’
2925 1790 3038 1861 μοί.
3089 1790 3191 1859 τῆς
3218 1789 3519 1861 Παρθένου.
3560 1787 3676 1858 Τῆς

2095 1883 2153 1936 δὲ
2219 1881 2446 1954 Ἀργοῦς
2493 1899 2626 1953 φησι
2678 1881 2779 1953 τὴν
2830 1881 3083 1954 πρύμναν
3117 1880 3290 1952 ’μόνον
3347 1878 3672 1933 συνανατέλο

405 1973 516 2045 λειν
548 1973 627 2045 τῷ
653 1975 863 2039 Λέοντι,
910 1974 1005 2027 καὶ
1035 1975 1202 2045 αὐτὴν
1242 1974 1737 2048 δεδιχοτομημένην
1771 1975 1910 2029 κατά
1946 1977 2038 2030 τὸν
2070 1976 2234 2041 ἱστὸν,
2260 1975 2625 2048 ἀναφέρεσθαι
2655 1975 2758 2039 ἕως
2788 1974 2856 2029 ἂν
2886 1973 2982 2046 ὅλη
3011 1974 3048 2045 ἡ
3078 1973 3349 2045 Παρθένος
3382 1971 3666 2042 ἀνατείλῃ.

474 2072 693 2128 Attalus
723 2087 858 2128 vero
889 2079 1060 2144 poetae
1087 2082 1322 2128 mentem
1367 2072 1510 2127 haud
1537 2080 1853 2139 assecutus,
1893 2073 1991 2129 sed
2020 2082 2064 2138 Β

403 2181 530 2221 eum
588 2164 910 2220 existimans
970 2165 1127 2229 velle,
1178 2165 1420 2220 instante
1467 2164 1708 2236 Virginis
1765 2175 1983 2232 exortu,

405 2273 639 2328 puppem
682 2256 749 2310 ad
799 2257 1035 2311 medium
1082 2272 1255 2326 usque
1299 2259 1501 2311 malum
1551 2258 1867 2325 ascendere,
1911 2260 1989 2315 ait

402 2366 625 2415 nomen,
658 2359 792 2415 tota,
826 2350 877 2404 in
908 2361 1182 2419 postremo
1206 2350 1449 2406 carmine
1474 2349 1807 2421 superﬂuum
1841 2367 1987 2408 esse.

403 2442 539 2496 Nam
588 2457 713 2496 cum
764 2442 982 2497 illorum
1030 2458 1291 2498 versuum
1335 2451 1611 2499 extremos
1638 2442 1984 2514 explicasset,

404 2537 508 2589 ista
546 2534 781 2605 subjecit
820 2552 834 2588 :
888 2552 908 2586 ι
940 2533 998 2588 In
1049 2534 1135 2591 his
1164 2550 1292 2598 vox,
1338 2544 1469 2598 tota,
1508 2534 1778 2605 superﬂue
1810 2538 1988 2606 posita

402 2635 505 2680 est.
539 2623 665 2681 Sive
688 2626 834 2681 enim
866 2626 935 2679 ad
984 2626 1132 2698 Argo
1160 2627 1307 2681 illam
1340 2627 1566 2689 referas,
1603 2636 1657 2683 et
1684 2629 1985 2683 orationem

403 2719 478 2772 ita
510 2727 801 2774 construas
831 2739 845 2772 :
884 2718 1015 2774 Haec
1054 2731 1227 2773 autem
1261 2730 1371 2774 tota
1399 2722 1565 2774 currit
1594 2736 1753 2789 supra
1790 2729 1987 2773 terram

403 2808 605 2861 malum
648 2809 717 2862 ad
732 2810 921 2877 ipsum
962 2808 1267 2875 dimidiata,
1307 2809 1466 2880 Virgo
1504 2810 1714 2881 quando
1764 2810 1830 2864 ab
1865 2811 1987 2880 inﬁ-

402 2914 487 2951 mo
526 2897 645 2967 jam
681 2901 901 2954 evaserit
918 2916 937 2964 ;
971 2900 1111 2956 citra
1144 2902 1569 2958 controversiam
1600 2903 1984 2973 completivum

403 2990 537 3044 illud
563 2992 889 3046 vocabulum
915 3002 1021 3048 est.
1042 2992 1175 3048 Sive
1200 2994 1267 3049 ad
1290 2993 1563 3065 Virginem
1592 3011 1848 3052 revocare
1872 3012 1990 3051 ma-

405 3080 491 3145 tis,
534 3081 725 3136 eadem
762 3082 868 3137 erit
907 3082 1079 3147 ratio;
1117 3082 1220 3139 nisi
1255 3083 1328 3137 ita
1370 3084 1496 3154 quis
1526 3084 1777 3155 accipiat,
1811 3093 1870 3139 ut
1902 3092 1987 3140 to-

403 3181 512 3225 tam
543 3169 822 3243 Virginem
858 3173 1176 3230 ascendisse
1206 3175 1365 3241 velit;
1396 3192 1518 3247 quae
1549 3185 1634 3233 est
1666 3186 1840 3247 poetae
1867 3193 1991 3235 sen-

402 3263 592 3317 tentia.
625 3263 837 3319 Etenim
868 3265 915 3320 si
951 3263 1116 3336 Virgo
1139 3273 1253 3321 tota
1279 3266 1390 3337 jam
1414 3277 1664 3323 exortum
1694 3268 1840 3330 fecit.
1870 3283 1987 3323 ma-

403 3352 661 3410 nifestum
709 3363 794 3410 est
837 3356 1130 3412 Cbelarum
1170 3366 1351 3414 ortum
1403 3361 1630 3416 instare.
1680 3359 1748 3414 At
1788 3362 1893 3418 sub
1930 3361 1986 3416 id

2175 2075 2232 2126 '0
2258 2074 2506 2143 μέντοιγε
2536 2071 2816 2136 Ἀτταλος,
2847 2072 2908 2125 οὐ
2932 2072 3223 2143 δυνάμενος
3250 2069 3527 2142 κρατῆσαι
3571 2066 3671 2137 τῆς

2090 2169 2330 2232 διανοίας
2379 2166 2475 2221 τοῦ
2521 2166 2768 2238 ποιητοῦ,
2801 2166 2914 2219 ἀλλ’
2944 2163 3227 2219 ὑπολαϐὼν
3271 2163 3452 2234 λέγειν
3508 2160 3671 2215 αὐτὸν

2087 2262 2190 2334 τῆς
2221 2260 2495 2333 Παρθένου
2529 2259 2826 2332 μελλούσης
2858 2258 3188 2323 ἀνατέλλειν,
3222 2258 3305 2310 ὅτι
3351 2258 3386 2328 ἡ
3443 2254 3673 2326 πρύμνα

2088 2350 2451 2407 ἀνατέταλκεν
2483 2350 2589 2414 ἕως
2627 2350 2792 2421 μέσου
2821 2349 2917 2403 τοῦ
2955 2345 3124 2413 ἱστοῦ,
3158 2347 3289 2418 φησὶ
3322 2346 3405 2411 τὸ,
3435 2344 3668 2406 ἅπασα,

2086 2444 2166 2515 τῷ
2219 2443 2431 2515 ἐσχάτῳ
2485 2443 2652 2514 στίχῳ
2699 2442 2871 2505 κενῶς
2914 2439 3284 2513 προσκεῖσθαι.
3342 2437 3670 2508 Ἑκθέμενος

2089 2537 2200 2610 γὰρ
2231 2536 2340 2591 τῶν
2377 2533 2791 2608 προειρημένων
2837 2535 3035 2604 στίχων
3062 2534 3188 2596 τοὺς
3229 2531 3519 2602 ὲσχάτους,
3554 2533 3673 2582 ἐπι-

2089 2628 2244 2698 φέρει
2288 2625 2480 2681 ταυτιο
2538 2644 2557 2677 ι
2622 2626 2709 2678 Ἐν
2757 2624 2815 2678 δὲ
2859 2623 3068 2687 τούτοις
3103 2622 3187 2687 τὸ,
3236 2621 3467 2685 ἅπασα,
3503 2636 3673 2692 προσ-

2088 2720 2561 2792 αναπληρὼματος
2594 2719 2707 2790 ἔχει
2727 2716 2901 2785 τάξιν.
2931 2718 3055 2771 Εἴτε
3078 2715 3185 2788 γὰρ
3214 2714 3306 2767 ἐπὶ
3340 2713 3441 2786 τὴν
3489 2711 3673 2785 Ἀργὼ

2091 2814 2477 2886 μεταὸιὸἀσειέ
2517 2831 2604 2877 τις
2646 2811 2801 2877 αὐτὸ,
2850 2811 3019 2866 ποιῶν
3050 2812 3141 2866 τὸν
3187 2810 3344 2880 λόγον
3384 2808 3667 2862 τοιοῦτον·

2099 2907 2171 2962 Ἦ
2194 2906 2263 2961 δὲ
2286 2905 2457 2962 πᾶσα
2484 2904 2603 2962 θέει
2624 2906 2796 2977 γαίης
2819 2905 2989 2959 ἱστὸν
3010 2905 3273 2974 διχόωσα
3291 2904 3422 2955 κατ’
3444 2899 3637 2956 αὑτὸν
3651 2939 3668 2963 ,

2086 2996 2386 3066 Παρθένος
2408 2995 2563 3067 ἦμος
2586 2997 2901 3065 περαιόθεν
2925 2994 3055 3063 ἄρτι
3077 2991 3322 3063 γένηται
3341 3009 3352 3021 ·
3372 2990 3668 3062 ὁμολογου-

2091 3087 2265 3158 μένως
2288 3083 2757 3158 ἀναπληρώματος
2797 3083 2908 3154 ἔχει
2935 3082 3088 3148 τάξιν
3106 3099 3125 3112 ·
3157 3083 3257 3135 εἴτ’
3281 3082 3374 3134 ἐπὶ
3396 3081 3498 3153 τῆς
3524 3081 3670 3152 Παρ-

2087 3178 2262 3240 θένου,
2287 3178 2348 3232 τὸ
2379 3177 2513 3231 αὐτὸ
2549 3176 2916 3248 συμϐήσεταγ
2953 3175 3048 3229 ἐὰν
3082 3175 3156 3246 μή
3197 3191 3281 3237 τις
3312 3171 3557 3243 δέξηται,
3587 3174 3666 3227 ὅτι

2085 3270 2212 3341 ὅλην
2241 3269 2374 3339 φησὶ
2391 3268 2490 3341 τὴν
2518 3267 2790 3340 Παρθένον
2823 3265 3245 3321 ἁνατεταλκέναι
3264 3282 3277 3296 ’
3307 3265 3447 3336 ὅπερ
3481 3263 3667 3334 βούλε-

2086 3381 2179 3417 ται
2211 3362 2410 3431 λέγειν.
2441 3362 2503 3415 Εἰ
2532 3362 2640 3433 γὰρ
2676 3363 2708 3433 ή
2751 3357 3024 3431 Παρθένος
3051 3357 3148 3429 ὅλη
3190 3356 3550 3421 ἀνατέταλκε,
3572 3356 3667 3426 δῆ-

400 3447 664 3517 temporis
708 3454 876 3505 totam
926 3449 1074 3522 Argo
1121 3453 1509 3509 conscendisse
1556 3460 1845 3519 memorat,
1894 3452 1987 3509 his

2094 3458 2196 3520 λον,
2230 3457 2313 3513 ὅτι
2342 3456 2397 3508 αἱ
2429 3454 2607 3524 Χηλαὶ
2642 3452 2777 3524 πρὸς
2806 3451 2882 3523 τῷ
2917 3450 3229 3505 ἀνατέλλειν
3262 3449 3387 3504 εἰσί.
3424 3448 3585 3502 Κατά
3609 3447 3667 3501 δὲ

400 3540 652 3598 versibus
685 3558 701 3596 :

402 3738 587 3811 Neque
616 3758 731 3796 vero
767 3741 1045 3799 subeuntes
1068 3741 1265 3805 Chelas.
1298 3761 1369 3799 ac
1391 3747 1614 3800 tenuiter
1647 3747 1873 3802 lucentes

404 3810 621 3896 ignaue
656 3813 1008 3896 transierint,
1036 3814 1485 3896 ﬂuandoquidem
1537 3818 1718 3887 ingens
1764 3818 1981 3896 signum

400 3886 688 3959 Qancertus
718 3886 910 3959 oritur,
939 3886 1224 3959 instinctus
1262 3887 1509 3959 Arcturo.
1596 3886 1641 3959 ί
1706 3958 1711 3959 γ
1764 3886 1979 3959 [Bootes

403 3955 540 4021 Argo
560 3967 677 4006 vero
688 3968 793 4007 non
814 3953 1098 4007 admodum
1116 3964 1227 4009 tota
1243 3955 1483 4010 sublimis
1496 3958 1736 4011 consistit
1748 3953 1940 4011 adhuc.
1955 3978 1978 4010 ι

470 4063 661 4135 Itaque
696 4067 829 4121 mihi
864 4065 1040 4123 falsus
1075 4067 1335 4137 opinione
1369 4083 1469 4123 sua
1496 4068 1711 4123 videtur
1739 4068 1978 4136 Attalus,

397 4172 508 4212 non
542 4158 854 4229 intelligens
886 4159 1161 4230 adjectitia
1193 4160 1283 4213 illa
1311 4175 1434 4215 esse
1458 4161 1641 4225 verba,
1675 4161 1877 4215 malum
1911 4160 1982 4216 ad

397 4249 569 4318 ipsum
595 4248 914 4316 dimidiata;
956 4267 1131 4322 neque
1176 4251 1486 4321 signiﬁcare
1528 4252 1659 4306 oriri
1694 4252 1865 4321 ipsam
1911 4254 1980 4308 ad

400 4343 599 4395 malum
633 4359 825 4412 usque.
860 4341 1139 4412 Ejusmodi
1179 4351 1264 4398 est
1310 4343 1494 4412 itaque
1533 4352 1822 4399 contextus
1852 4358 1979 4397 ora-

397 4432 580 4489 tionis.
608 4435 745 4490 Cum
776 4437 906 4490 oriri
934 4434 1101 4508 Virgo
1130 4439 1341 4507 incipit,
1366 4440 1480 4508 jam
1506 4447 1732 4495 exortus
1764 4447 1847 4494 est
1877 4439 1984 4493 Ca-

390 4526 484 4580 nis
525 4533 580 4580 et
626 4528 823 4598 puppis
849 4529 1046 4600 Argus.
1079 4528 1204 4585 llaec
1240 4546 1369 4585 vero
1401 4546 1524 4584 cum
1561 4531 1840 4587 dimidiata
1883 4533 1976 4598 sit,

396 4630 570 4684 usque
609 4617 676 4671 ad
708 4618 913 4672 malum
944 4620 1145 4686 oritur,
1170 4619 1345 4675 donec
1377 4628 1488 4675 tota
1520 4619 1685 4692 Virgo
1712 4636 1980 4679 conscen-

351 4735 364 4747 -
393 4707 555 4763 derit.

2082 3551 2272 3605 eo'wov
2297 3552 2390 3606 τὸν
2414 3550 2604 3623 καιρὸν
2629 3549 2758 3620 ὅλην
2788 3549 2923 3620 φησὶ⁵
2951 3550 3052 3622 τὴν
3090 3546 3271 3620 Ἀργὼ
3303 3546 3664 3602 ἀνατεταλιιέ-

2081 3661 2189 3706 ναι,
2219 3643 2397 3713 λέγων
2423 3642 2597 3708 οὕτως
2617 3659 2635 3675 ο

2086 3759 2223 3813 Οὐδ’
2254 3758 2332 3812 ἂν
2360 3758 2754 3827 ἐπερχόμεναι
2786 3756 3007 3827 Χηλιιὶ,
3024 3755 3123 3810 καὶ
3153 3755 3347 3827 ,ζεπτὰ
3375 3754 3667 3827 sedaverat,

2085 3831 2413 3898 Ἀερραστοι
2445 3824 2715 3895 παρίοιεν
2733 3845 2746 3858 ·
2777 3826 2907 3880 ἐπεὶ
2932 3826 3086 3898 μέγα
3108 3825 3279 3898 σῆμα
3320 3824 3563 3898 Βοώτης

2095 3896 2333 3969 Ἀθρόος
2369 3900 2646 3969 ἀντέλλει
2663 3896 3073 3969 ,ϐεϐολημένος
3108 3896 3493 3969 ἌρκετούροιρΣ

2094 3965 2278 4040 Ἀργὼ
2298 3969 2351 4023 δ’
2376 3972 2447 4024 οὐ
2464 3968 2632 4039 μάλα
2660 3965 2829 4023 πᾶσα
2855 3970 3145 4037 μετήορος
3167 3968 3402 4020 ἵσταται
3425 3965 3652 4035 ἤδη.Ἰῖ

2147 4084 2306 4134 Δοκεῖ
2322 4076 2415 4135 οὖν
2430 4098 2519 4150 μοι
2533 4078 2907 4148 πεπλανῆσθαι
2923 4081 2952 4133 ὁ
2968 4078 3249 4144 Ἄτταλος,
3264 4080 3324 4132 οὐ
3344 4078 3568 4141 συνιεὶς,
3580 4078 3664 4130 ὅτι

2084 4172 2346 4236 ὲπιθέτως
2360 4174 2577 4241 λέγεται
2602 4173 2708 4226 ὑπὸ
2721 4170 2815 4225 τοῦ
2834 4171 3059 4244 ποιητοῦ
3087 4172 3169 4237 τὸ,
3187 4170 3386 4224 Ἰστόν
3397 4168 3667 4238 διχόωσα

2084 4264 2212 4317 κατ’
2262 4266 2478 4320 αὐτόν’
2509 4265 2604 4319 καὶ
2649 4265 2747 4335 οὐχ
2787 4264 2870 4317 ὃτι
2910 4262 3192 4317 ἀνατέλλει
3225 4261 3329 4331 ἕως
3365 4261 3536 4332 μέσου
3568 4258 3666 4313 τοῦ

2087 4354 2232 4408 ἱστοῦ
2253 4373 2268 4386 ο
2300 4356 2329 4409 ὅ
2350 4374 2408 4409 τε
2439 4355 2565 4427 ἑξῆς
2604 4356 2761 4424 λόγος
2799 4356 2917 4409 ἐστὶ
2949 4356 3216 4419 τοιοῦτος·
3245 4356 3356 4425 Τῆς
3380 4354 3662 4427 Παρθένου

2084 4436 2394 4521 ἀρχομένης
2414 4449 2745 4514 ἀνατέλλειν,
2774 4450 2803 4502 ὅ
2829 4466 2889 4501 τε
2926 4448 3086 4501 Κύων
3115 4447 3472 4510 ἀνατέταλκε,
3507 4448 3601 4501 καὶ
3627 4449 3663 4518 ἡ

2083 4539 2307 4610 πρύμνα
2338 4539 2437 4609 τῆς
2474 4538 2718 4609 ⁹Λργοῦς.
2748 4538 2893 4610 Αὐτὴ
2933 4539 3112 4610 μέντοι
3144 4538 3365 4609 ἡμίσεια
3394 4533 3532 4591 οὖσα
3559 4538 3658 4599 ἕως

2079 4632 2174 4686 τοῦ
2204 4631 2352 4686 ἱστοῦ
2383 4633 2734 4703 ἀναφέρεται,
2766 4632 2869 4697 ἕως
2900 4631 2966 4686 ἂν
3004 4632 3100 4703 ὅλη
3150 4633 3184 4703 ἡ
3218 4630 3494 4702 Παρθένος
3531 4631 3657 4685 ἀνα-

2082 4724 2251 4796 τείλῃ.

468 4797 531 4851 Χ.
567 4797 771 4853 Eodem
810 4800 1066 4870 loquendi
1109 4819 1309 4872 genere
1365 4819 1499 4858 usus
1554 4811 1638 4859 est
1685 4815 1738 4859 et
1777 4805 1977 4860 Aratus

2152 4818 2209 4870 1'.
2235 4817 2515 4888 Κέχρηται
2546 4815 2604 4867 δὲ
2638 4815 2813 4886 τούτῳ
2840 4814 2920 4887 τῷ
2948 4816 3186 4885 σχήματι
3218 4813 3318 4883 τῆς
3364 4814 3605 4884 ἐκφορᾶς
3629 4814 3654 4864 ό

390 4905 514 4945 cum
542 4890 610 4945 de
639 4890 954 4961 lngeniculo
986 4894 1196 4961 scribit,
1228 4896 1331 4949 hoc
1365 4896 1528 4950 modo
1554 4916 1570 4950 :

394 5049 407 5061 .
447 5051 460 5062 .
497 5049 512 5063 .
550 5008 723 5078 Hujus
745 5025 902 5075 porro
925 5009 1095 5064 solum

388 5078 523 5137 Crus
553 5096 671 5133 cum
707 5078 882 5133 Chelis
909 5090 1125 5148 apparet
1151 5081 1405 5135 antbabus
1433 5099 1451 5135 :

390 5149 513 5215 Ipse
543 5150 596 5203 in
628 5159 784 5217 caput
817 5150 991 5205 adhuc
1015 5168 1295 5205 conversus
1322 5153 1431 5207 alio

389 5220 680 5295 Samnium
704 5224 1021 5295 exorientem
1050 5233 1342 5292 exspectat,
1372 5233 1422 5278 et
1452 5224 1825 5295 Sagittarium.

387 5290 462 5343 lli
492 5294 632 5344 enim
662 5292 836 5358 ipsum
865 5291 1062 5361 ferunt.

446 5423 802 5477 Conntnodum
820 5425 964 5478 enim
978 5426 1277 5483 orientibus
1292 5428 1492 5491 Chelis,
1513 5436 1682 5484 totum
1702 5430 1775 5483 ait
1789 5439 1970 5484 ortum

393 5510 551 5583 124
589 5528 712 5567 esse
743 5512 967 5569 Bootem
1012 5531 1136 5571 cum
1175 5519 1341 5589 Argo,
1384 5518 1548 5590 Hydri
1589 5536 1719 5575 vero
1759 5528 1970 5575 tantum

385 5622 446 5652 en
496 5618 618 5672 quin
658 5612 788 5659 sunt
816 5606 884 5661 ad
912 5610 1142 5663 caudam
1171 5611 1274 5666 sub
1299 5618 1500 5665 terram
1527 5628 1651 5668 esse
1682 5614 1970 5682 depressa;

387 5693 682 5765 lngeniculi
714 5697 964 5752 dextrum
992 5717 1121 5755 crus
1155 5703 1223 5756 ad
1249 5719 1421 5773 usque
1456 5706 1631 5759 solum
1668 5723 1807 5776 genu
1838 5723 1971 5762 conv

387 5784 700 5852 scendisse;
727 5786 995 5858 reliquum
1021 5808 1219 5863 corpus
1248 5796 1442 5865 ipsius,
1470 5805 1664 5867 prreter
1691 5800 1967 5856 sinistram

2082 4906 2334 4979 Ἄρατος,
2366 4906 2461 4959 καὶ
2484 4905 2578 4958 ἐπὶ
2608 4903 2703 4959 τοῦ
2746 4906 2835 4958 Ἐν
2870 4905 3083 4973 γόνασι,
3111 4901 3284 4970 λέγων
3312 4901 3513 4966 οὕτως·

2695 5016 2814 5087 μὲν
2838 5016 2928 5084 ἄρ’
2961 5015 3063 5083 οἵη

2558 5017 2665 5070 τοῦ

2079 5085 2288 5157 limum
2317 5059 3514 5157 ἀμφοτέρῃσιν-ὴ

2077 5153 2283 5223 Αὐτῦςν
2302 5157 2355 5210 δ’
2386 5159 2474 5223 εὶς
2501 5153 2775 5226 κεφαλὴν·
2800 5157 2887 5210 ἔτι
2923 5170 3040 5210 που
3074 5153 3470 5225 τετραμμένος
3495 5154 3651 5226 ἇτιλε,

2078 5228 2376 5298 Σκορπίον
2410 5224 2784 5298 ἀντέλλοντα
2821 5228 3011 5298 μένει,
3045 5229 3145 5281 καὶ
3168 5224 3401 5297 ίρύτορα
3448 5224 3653 5288 Τόξου.

2083 5301 2147 5350 υἱ
2176 5297 2285 5367 γάρ
2308 5315 2414 5369 μιν
2440 5297 2782 5367 φορέουσιν.

2148 5408 2269 5485 Τῶν
2306 5431 2415 5503 γὰρ
2448 5432 2641 5502 Χηλῶν
2671 5432 2988 5503 ἀρχομένων
3026 5432 3358 5493 ἀνατέλλειν,
3393 5430 3487 5483 τὸν
3521 5428 3652 5482 Boii»-

2077 5540 2176 5594 την
2203 5523 2365 5594 φησὶν
2386 5523 2504 5577 ὅλον
2532 5524 2953 5578 ἀνατεταλκέναι
2975 5525 3065 5577 καὶ
3095 5523 3193 5595 τὴν
3218 5522 3401 5595 Ἀργώ
3423 5540 3436 5552 ·
3474 5520 3567 5578 τοῦ
3598 5519 3653 5572 δὲ

2082 5613 2280 5685 ’Ύδρου
2307 5614 2377 5667 τὰ
2402 5614 2537 5686 πρὸς
2555 5614 2655 5685 τὴν
2678 5613 2844 5685 οὐρὰν
2873 5615 3029 5685 μόνον
3056 5612 3160 5666 ὑπὸ
3187 5612 3289 5682 γῆς
3314 5606 3454 5664 εἶναι
3483 5628 3496 5641 ·
3525 5609 3649 5662 ἀνα·

2077 5706 2389 5760 τεταλκέναι
2417 5707 2473 5759 δὲ
2501 5704 2595 5758 τοῦ
2639 5707 2724 5759 Ἐν
2753 5708 2941 5775 γόνασι
2979 5706 3077 5776 τὴν
3102 5702 3281 5767 δεξιὰν
3308 5704 3524 5772 κνήμην
3560 5700 3648 5773 μό-

2079 5816 2165 5851 νον
2193 5797 2296 5860 ἕως
2326 5796 2415 5850 τοῦ
2450 5798 2703 5865 γόνατος’
2732 5798 2791 5852 τὸ
2816 5798 2870 5852 δὲ
2902 5797 3089 5851 λοιπὸν,
3110 5794 3273 5849 αὑτοῦ
3305 5794 3485 5865 σῶμα,
3514 5792 3647 5859 πλὴν
