3928 6266
233 389 373 448 MS!

1219 398 1588 460 HIPPARCh‘i
1620 404 1711 458 Al)
1747 403 2192 468 ΡΠᾸΞΝΟΜΕΝΑ
2230 414 2358 472 LIB.
2389 418 2452 474 ﬂ.

3326 429 3466 487 1032

227 511 332 613 τῆς
363 511 656 613 ἀριστερᾶς
695 495 893 585 χειρὸς,
931 515 1011 570 ἔτι
1049 518 1155 572 ὑπὸ
1181 521 1282 592 γῆν
1310 518 1468 589 εἶναι,
1500 524 1592 579 τοῦ
1624 527 1764 598 Σκορ

1897 547 2138 600 manum,
2175 535 2351 592 adhuc
2380 553 2501 595 esse
2538 540 2640 595 sub
2667 547 2832 599 terra.
2863 540 3083 612 quando
3108 541 3366 613 Scorpius
3409 547 3465 600 in

227 601 362 654 σιτίου
415 602 549 674 πρὸς
602 607 668 677 τῇ
733 607 960 680 ἀνατολῇ
1004 609 1154 676 δντος
1179 627 1192 641 ·
1257 615 1356 686 τὴν
1405 616 1461 669 δὲ
1503 618 1794 689 ἀριστερὰν

224 695 392 766 χεῖρα
424 696 520 748 καὶ
544 696 642 766 τὴν
666 697 904 770 κεφαλὴν
939 701 1215 774 μετέωρον
1237 704 1537 772 φαίνεσθαι,
1577 707 1669 760 τού
1693 707 1794 760 Το-

223 784 387 852 ξὸτου
421 787 814 853 ἀνατέλλοντος.
863 792 1195 849 Ἀνατέλλειν
1234 795 1289 848 δέ
1323 815 1484 868 φησιν
1527 798 1642 870 ἅμα
1677 804 1794 865 ταῖς

221 878 439 947 Χηλαῖς
462 879 554 932 καὶ
575 881 634 934 τὸ
655 882 823 952 ἥμισυ
848 883 942 938 τοῦ
969 887 1257 956 Στεφάνου,
1283 891 1376 942 καὶ
1397 891 1492 962 τὴν
1516 892 1680 962 οὐρὰν
1700 894 1792 947 τοῦ

220 969 544 1042 Κενταύρου
571 990 584 1003 ·
615 974 787 1028 δύνειν
815 976 869 1029 δὲ
910 980 1068 1031 πάλιν
1101 981 1162 1033 τό
1185 999 1242 1033 τε
1275 982 1432 1052 σῶμα
1468 982 1561 1035 τοῦ
1597 985 1790 1038 Ἵππου

218 1061 368 1125 ὅλον,
409 1064 502 1116 καὶ
525 1064 624 1136 τὴν
667 1066 831 1138 οὐρὰν
859 1069 950 1121 τοῦ
986 1066 1250 1142 Ὄρνιθος,
1279 1074 1372 1126 καὶ
1414 1075 1516 1144 τὴν
1550 1077 1792 1147 κεφαλὴν

215 1153 324 1221 τῆς
366 1155 738 1226 Ἀνδρομέδας,
769 1161 861 1211 καὶ
896 1161 986 1213 τοῦ
1027 1163 1236 1232 Κήτους
1272 1165 1332 1217 τὸ
1369 1166 1474 1218 ἀπὸ
1501 1167 1598 1236 τῆς
1627 1169 1792 1240 οὐρᾶς

217 1243 330 1307 ἕως
379 1248 478 1316 τῆς
517 1245 736 1316 λοφίας·
785 1251 877 1304 τοῦ
923 1253 980 1304 δὲ
1021 1255 1253 1324 Κηφέως
1299 1257 1536 1327 κεφαλήν
1581 1276 1662 1320 τε,
1697 1262 1790 1313 καὶ

215 1337 403 1404 χεῖρα,
441 1337 534 1389 καὶ
568 1336 770 1409 ὤμους,
800 1342 893 1395 καὶ
921 1343 980 1396 τὸ
1021 1345 1268 1398 πλεῖστον
1299 1346 1461 1418 μέρος
1497 1349 1589 1400 τοῦ
1618 1350 1789 1402 Ποτα-

218 1429 328 1498 μοῦ
354 1447 366 1459 ·
391 1432 590 1500 ὁμοίως
622 1433 678 1486 δὲ
713 1435 772 1486 ὲν
791 1436 996 1500 τούτοις
1019 1439 1112 1490 καὶ
1135 1441 1163 1492 6
1193 1442 1423 1512 Ἀρατος
1457 1443 1652 1512 τρόπον
1667 1443 1787 1496 τινὰ

214 1522 650 1594 παραγέγραφεν
680 1526 750 1579 τὰ
781 1527 873 1580 τοῦ
905 1529 1154 1595 Εὐδόξου.

288 1661 371 1713 Τά
397 1661 496 1730 μὲν
528 1657 619 1716 οὖν
650 1663 810 1717 λοιπὰ
842 1665 932 1718 ὑπ’
964 1666 1140 1720 αὐτῶν
1179 1667 1344 1736 ὑγιῶς
1373 1668 1609 1740 εἴρηται·
1659 1670 1784 1741 περὶ

241 1754 269 1806 ὲ
303 1754 400 1807 τοῦ
441 1755 752 1829 Κενταύρου
783 1757 1080 1830 ὁλοσχερῶς
1110 1761 1459 1831 ἠγνοήκασιν.
1493 1763 1628 1815 Οὕτε
1675 1763 1782 1834 γὰρ

1897 628 2104 684 oriente
2138 638 2388 686 versatur
2418 650 2431 685 :
2463 631 2740 687 sinistram
2771 647 2934 702 porro
2963 649 3180 688 manum
3215 651 3338 690 cum
3368 652 3464 690 ca-

1894 722 2005 792 pite
2053 725 2340 780 sublimem
2380 725 2550 781 videri
2597 728 2808 782 oriente
2849 725 3158 798 Sagittario.
3195 729 3469 784 Cancrum

1895 829 2000 868 una
2022 830 2144 869 cum
2171 815 2353 871 Chelis
2384 819 2515 872 oriri
2545 817 2811 872 Coronam
2843 818 3122 872 dimidiam
3153 824 3368 881 asserit,
3399 836 3462 874 ac

1891 901 2149 955 Centauri
2191 903 2453 972 caudam;
2499 906 2798 974 eodemque
2835 914 3076 976 tempore
3109 923 3173 960 ex
3213 909 3462 976 opposito

1891 992 2220 1050 descendere
2245 996 2514 1067 integrum
2538 1013 2738 1068 corpus
2760 997 2896 1068 Equi
2923 1009 2976 1052 et
3001 998 3230 1052 caudam
3256 999 3454 1069 Cygni;

1890 1094 2054 1154 caput
2094 1086 2471 1152 Andromedae,
2512 1087 2701 1143 Cetum
2743 1104 2771 1142 a
2817 1090 2990 1144 cauda
3021 1089 3232 1144 cervice
3265 1097 3456 1155 tenus;

1889 1174 2088 1247 Cephei
2140 1189 2302 1248 caput
2357 1189 2411 1234 et
2451 1196 2672 1235 manum
2715 1196 2839 1235 cum
2888 1182 3151 1244 humeris,
3203 1197 3266 1235 ac
3309 1180 3456 1236 ﬂuvii

1888 1273 2176 1323 maximam
2225 1279 2450 1340 partem.
2491 1272 2550 1327 In
2595 1275 2797 1344 quibus
2837 1275 3086 1329 similiter
3122 1275 3320 1329 Aratus
3347 1273 3458 1327 Eu-

1887 1354 2012 1409 doxi
2066 1357 2262 1424 locum,
2307 1362 2654 1416 commutatis
2705 1363 2908 1428 verbis,
2957 1363 3014 1418 in
3062 1363 3257 1418 librum
3295 1379 3454 1419 suum

1887 1449 2184 1502 transtulit.

1950 1649 2029 1704 Ae
2074 1660 2269 1705 caetera
2305 1650 2522 1721 quidem
2551 1651 2618 1706 ab
2655 1653 2920 1708 ambobus
2955 1661 3082 1708 sunt
3111 1651 3255 1708 dicta
3290 1655 3454 1710 veris.

1882 1745 2020 1800 sime
2046 1759 2061 1810 ;
2098 1745 2151 1799 in
2183 1745 2455 1800 Centauro
2485 1746 2642 1815 plane
2674 1746 2884 1814 decepti
2919 1754 3065 1800 sunt.
3097 1745 3230 1799 Nam
3274 1762 3450 1815 neque

209 1847 245 1915 ἡ
273 1846 412 1917 ούρά
440 1848 625 1912 αὐτοῦ,
666 1848 788 1902 οὔτε
828 1850 1051 1904 καθόλου
1092 1852 1161 1905 τὰ
1193 1853 1411 1906 ὀπίσθια
1450 1856 1624 1908 πάντα
1649 1856 1767 1906 ἀνα-

1882 1837 2054 1891 cauda
2093 1837 2284 1906 ipsius,
2332 1853 2509 1908 neque
2555 1839 2886 1907 posteriores
2919 1853 3108 1892 omnes
3147 1845 3348 1907 partes,
3392 1847 3451 1892 ut

207 1937 411 2002 τέλλει,
457 1939 592 1993 ἀλλά
616 1942 644 1993 6
677 1942 960 2014 ἀριστερὸς
987 1937 1164 2014 ὦμος·
1207 1944 1384 2015 πολλῷ
1407 1947 1512 2016 γάρ
1545 1948 1659 1999 ἐστι
1695 1947 1767 2015 βο-

1882 1933 2133 1986 universe
2181 1933 2392 2002 loquar,
2421 1939 2672 1986 exortum
2702 1932 2935 1998 faciunt;
2967 1930 3062 1986 sed
3093 1931 3316 1985 sinister
3348 1930 3449 1984 hu-

211 2030 522 2103 ρειότερος·
551 2031 673 2086 οὔτε
707 2037 773 2104 τῇ
804 2035 1062 2108 Παρθένῳ
1101 2038 1322 2108 ἄρχεται
1355 2041 1774 2106 συνανατέλλειν,

206 2120 288 2185 ὥς
312 2139 499 2194 φησιν,
527 2123 662 2177 ἀλλά
684 2128 801 2189 ταῖς
822 2127 1044 2196 Χηλαῖς.
1088 2127 1144 2180 '0
1175 2128 1282 2198 γὰρ
1326 2129 1607 2202 ἀριστερὸς
1629 2125 1776 2202 ὦμος

205 2214 378 2268 αὐτοῦ
425 2216 802 2270 συνανατέλλει
839 2221 1007 2290 τῇ,ια’
1041 2220 1151 2290 μοί.
1183 2220 1291 2273 τῶν
1326 2221 1536 2294 Χηλῶν.
1579 2224 1687 2293 Τῆς
1719 2223 1775 2276 δὲ

216 2305 580 2376 Ἀνδρομέδας
603 2308 661 2360 οὐ
692 2309 848 2378 μόνον
890 2312 922 2380 ἡ
957 2310 1164 2382 κεφαλὴ
1189 2311 1392 2376 δέδυκε,
1436 2313 1543 2366 τῶν
1583 2313 1776 2384 Χηλῶν

203 2399 347 2471 πρὸς
379 2403 445 2470 τῇ
470 2401 697 2473 ἀνατολῇ
737 2403 931 2468 οὐσῶν,
967 2405 1100 2458 ἀλλά
1131 2407 1224 2459 καὶ
1248 2408 1300 2459 αἱ
1330 2409 1506 2478 χεῖρες
1541 2408 1774 2478 ἀμφότε-

206 2506 322 2559 ραι.
353 2488 428 2542 Τὸ
465 2489 520 2542 δὲ
550 2491 725 2560 Κῆτος
754 2493 813 2543 ού
845 2496 912 2564 τῇ
939 2492 1198 2565 Παρθένῳ
1224 2494 1449 2566 ἄρχεται
1485 2498 1773 2550 ἀντικαται

200 2581 402 2645 δύνειν,
428 2582 506 2646 ὡς
531 2575 675 2636 οὗτοι
705 2603 887 2651 φασιν,
921 2586 1055 2640 ἀλλά
1097 2587 1173 2657 τῷ
1202 2588 1406 2642 Λέοντι.
1434 2589 1553 2641 Τῶν
1580 2591 1687 2662 γάρ
1714 2592 1773 2643 έν

199 2677 269 2747 τῇ
293 2676 433 2748 οὐρᾷ
455 2676 619 2730 αὑτοῦ
652 2677 694 2747 β’
729 2677 993 2750 λαμπρῶν
1020 2681 1048 2732 6
1079 2679 1175 2748 μὲν
1206 2680 1518 2752 νοτιώτερος
1555 2683 1772 2735 ἀντικα-

199 2766 419 2820 ταδύνει
452 2767 588 2839 μέσῃ
614 2770 682 2839 τῇ
719 2766 764 2831 ζ’
803 2769 896 2822 καὶ
928 2770 975 2822 κ’
1006 2771 1115 2840 μοι.
1145 2771 1236 2825 τοῦ
1269 2772 1520 2835 Λέοντος·
1552 2773 1612 2826 τὸ
1643 2774 1770 2843 μέν-

197 2875 352 2928 τοιγε
386 2859 572 2914 λοιπὸν
610 2861 764 2931 σῶμα
793 2861 885 2915 τοῦ
924 2863 1137 2933 Κήτους
1163 2865 1260 2933 οὐχ
1286 2863 1401 2916 ὅλον
1422 2867 1486 2934 τῇ
1512 2863 1770 2936 Παρθένῳ

197 2951 630 3016 ἀντικαταδύνει,
669 2953 784 3005 ἀλλ’
817 2953 920 3016 ἕως
964 2954 1063 3023 τῆς
1110 2954 1318 3023 λοφξας,
1363 2955 1438 3017 ὡς
1479 2957 1507 3006 6
1538 2955 1770 3026 Ἀρατός

198 3059 388 3113 φησιν.
425 3043 529 3096 Τοῦ
562 3044 619 3097 δὲ
658 3045 891 3113 Κηφέως
923 3047 957 3116 ή
986 3045 1192 3118 κεφαλὴ
1227 3046 1383 3117 μόνον
1423 3046 1596 3099 δύνει·
1630 3047 1680 3099 οἱ
1710 3045 1768 3098 δὲ

195 3127 341 3205 ὦμοι
364 3135 528 3189 αὑτοῦ
549 3138 607 3190 ὲν
632 3137 710 3207 τῷ
733 3137 978 3206 ἀειφανεί
996 3140 1240 3209 τμήματι
1266 3142 1490 3203 κεῖνται,
1519 3138 1767 3211 καθάπερ

1877 2040 2082 2089 merus,
2108 2026 2203 2096 qui
2231 2027 2403 2081 multo
2431 2027 2701 2082 borcalior
2726 2037 2830 2091 est,
2855 2044 3030 2098 neque
3050 2044 3170 2082 cum
3205 2027 3452 2098 Virgine,

1878 2123 1937 2170 ut
1976 2117 2065 2172 ille
2113 2118 2266 2181 dicit,
2298 2117 2394 2174 sed
2423 2134 2548 2173 cum
2581 2118 2763 2174 Chelis
2795 2120 2926 2173 oriri
2957 2121 3167 2190 incipit.
3201 2119 3334 2173 Nam
3372 2120 3447 2174 si-

1875 2208 2048 2265 nister
2092 2209 2351 2266 humerus
2402 2211 2575 2281 ipsius
2614 2213 2789 2267 oritur
2817 2229 2942 2268 cum
2975 2222 3128 2283 parte
3151 2213 3450 2269 Chelarum

1874 2298 2180 2354 undecima.
2219 2301 2287 2354 At
2328 2300 2684 2358 Andromeda:
2723 2319 2831 2358 non
2878 2305 3054 2360 solum
3087 2314 3252 2375 caput
3284 2321 3447 2361 occa—

1874 2404 1992 2444 sum
2021 2388 2132 2457 jam
2169 2389 2317 2455 fecit,
2348 2393 2569 2462 quando
2599 2392 2778 2448 Chela:
2814 2405 2942 2450 sunt
2972 2395 3026 2448 in
3071 2395 3303 2460 oriente,
3346 2398 3445 2453 sed

1871 2481 2032 2536 etiam
2065 2498 2257 2537 manus
2284 2491 2531 2554 utraque.
2563 2485 2728 2540 Cetus
2754 2501 2968 2556 quoque
2999 2501 3126 2554 non,
3161 2496 3218 2542 ut
3240 2488 3316 2542 illi
3347 2505 3438 2542 ar-

1871 2569 2163 2635 bitrantur,
2221 2572 2430 2628 oriente
2470 2570 2692 2643 Virgine
2735 2589 2802 2628 ex
2846 2574 3076 2632 adverso
3111 2577 3447 2634 descendere

1869 2662 2077 2732 incipit,
2113 2663 2208 2720 sed
2243 2663 2442 2720 Leone.
2465 2665 2600 2720 Nam
2631 2682 2662 2720 e
2693 2666 2889 2722 lucidis
2913 2667 3146 2734 duabus,
3178 2685 3315 2738 quas
3341 2670 3441 2724 ha-

1868 2754 1958 2810 bet
1988 2756 2043 2810 in
2076 2758 2270 2819 cauda,
2303 2759 2594 2814 australior
2621 2760 2812 2815 mediae
2841 2759 3041 2816 Leonis
3073 2762 3140 2816 27
3171 2765 3312 2832 parti
3341 2763 3440 2818 ad-

1868 2861 2026 2902 versa
2067 2849 2297 2917 occidit;
2342 2851 2608 2921 reliquum
2637 2851 2755 2907 Ceti
2795 2867 2994 2922 corpus
3027 2869 3134 2907 non
3171 2855 3440 2924 integrum

1866 2939 2145 2996 descendit
2188 2945 2469 3000 exoriente
2495 2945 2737 3016 Virgine,
2781 2947 2876 3002 sed
2919 2947 3131 3002 cervice
3171 2955 3348 3010 tenus,
3381 2957 3441 3002 ut

1865 3035 2064 3091 Aratus
2093 3037 2304 3092 scribit.
2335 3038 2405 3091 At
2430 3038 2627 3108 Cephei
2660 3039 2838 3093 solum
2872 3046 3036 3110 caput
3067 3039 3296 3106 occidit;
3330 3041 3438 3094 hu-

1865 3130 2002 3184 meri
2047 3130 2215 3200 ipsius
2260 3132 2316 3184 in
2363 3146 2578 3199 semper
2616 3139 2909 3201 apparente
2953 3142 3231 3202 segmento
3276 3133 3441 3201 positi

193 3229 627 3300 προειρήκαμεν.
655 3231 729 3283 Οὐ
758 3230 915 3299 μόνον
931 3231 985 3284 δὲ
1011 3233 1272 3285 κατάύτὸ
1295 3233 1598 3300 ἀγνοοῦσιν,
1629 3231 1766 3287 ἀλλά

1872 3231 2014 3288 sunt,
2063 3235 2122 3278 ut
2161 3225 2272 3294 jam
2315 3225 2572 3282 diximus.
2609 3225 2796 3297 Neque
2825 3241 2952 3281 vero
2983 3234 3192 3280 tantum
3233 3228 3286 3280 in
3333 3227 3438 3282 hoc

193 3321 322 3375 καθ’
355 3321 384 3375 ὅ
413 3337 542 3390 φασι
573 3324 640 3393 τῇ
695 3322 954 3394 Παρθένῳ
1002 3324 1438 3379 ἀντικαταδύνειν
1469 3324 1568 3396 τὴν
1599 3341 1766 3394 κεφαο

192 3417 292 3489 λὴν
325 3418 514 3472 αὐτοῦ.
562 3421 635 3472 Οὐ
676 3419 782 3492 γὰρ
809 3423 874 3491 τῇ
906 3421 1186 3492 Παρθένῳ,
1234 3421 1367 3475 ἀλλά
1411 3425 1530 3486 ταῖς
1559 3421 1764 3493 Χηλαῖς

193 3511 424 3581 ἄρχεται
456 3511 914 3568 ἀντικαταδύνειν,
964 3513 1020 3565 Ὀ
1059 3513 1165 3585 γὰρ
1209 3513 1525 3584 νοτιώτερος
1568 3513 1676 3566 τῶν
1707 3515 1764 3567 ὲν

189 3607 258 3675 τῇ
308 3603 518 3674 κεφαλῇ
564 3603 730 3670 δύνει,
766 3604 1158 3676 ἀνατελλούσης
1197 3604 1305 3659 τῶν
1351 3605 1543 3676 Χηλῶν
1573 3605 1762 3677 ὀγδόης

192 3693 308 3766 μοι.
334 3693 436 3764 τῆς
460 3694 656 3766 μέσης.

263 3893 366 3948 IA'.
395 3892 498 3946 Τοῦ
516 3893 570 3947 δὲ
589 3881 852 3965 Σκορπίού
875 3894 1174 3966 ἀρχομένου
1192 3893 1516 3957 ἀνατέλλειν,
1537 3893 1661 3947 θάτε
1671 3895 1762 3965 pd;

189 4001 326 4055 φησι
360 3984 535 4037 δύνειν
567 3986 663 4056 μὲν
694 3986 763 4039 τά
789 4002 850 4038 τε
877 3985 1038 4039 λοιπὰ
1074 3986 1214 4058 μέρη
1241 3986 1334 4039 τοῦ
1367 3986 1637 4057 Ππαμοῦ,
1665 3987 1758 4040 καὶ

186 4076 256 4130 τὰ
300 4074 462 4127 λοιπὰ
512 4076 650 4148 μέρη
694 4077 792 4146 τῆς
834 4075 1204 4148 Ἀνδρομέδας,
1239 4079 1331 4130 καὶ
1375 4075 1467 4130 τοῦ
1520 4077 1769 4159 Κήτουςη

187 4167 285 4220 καὶ
310 4165 404 4219 τοῦ
433 4167 669 4238 Κηφέως
692 4167 753 4220 τὸ
775 4168 882 4221 ἀπὸ
905 4168 1011 4222 τῶν
1039 4167 1202 4240 ὤμων
1231 4169 1388 4240 μέχρι
1417 4170 1514 4240 τῆς
1543 4169 1717 4241 ζώνης
1737 4187 1753 4201 ⁸

185 4260 284 4312 καὶ
315 4259 414 4329 τὴν
444 4260 814 4313 Κασσιέπειαν
845 4261 992 4332 ὅλην,
1025 4261 1162 4333 πλὴν
1205 4263 1266 4314 τὸ
1295 4261 1402 4315 ἀπὸ
1427 4261 1534 4315 τῶν
1580 4262 1756 4316 ποδῶν

187 4353 293 4416 ἕως
325 4353 433 4406 τῶν
461 4355 718 4421 γονάτων.
765 4355 1098 4408 Ἀνατέλλειν
1123 4355 1182 4406 τέ
1211 4373 1373 4424 φησιν
1399 4356 1460 4409 τό
1485 4373 1543 4408 τε
1571 4355 1754 4409 λοιπὸν

184 4445 280 4498 τοῦ
327 4447 621 4516 Στεφάνου,
654 4448 748 4500 καὶ
793 4448 890 4517 τὴν
925 4447 1091 4519 ούράν
1131 4447 1225 4500 τοῦ
1262 4447 1482 4519 ’Υδρου,
1519 4450 1614 4502 καὶ
1659 4447 1752 4502 τοῦ

185 4540 498 4612 Κενταύρου
526 4541 587 4594 τὸ
626 4543 812 4596 λοιπὸν
853 4543 1031 4613 σῶμα,
1074 4543 1212 4614 πλὴν
1261 4543 1367 4595 τῶν
1415 4542 1756 4614 ἐμπροσθίων

1872 4541 2097 4610 :xceptis
2155 4559 2170 4595 :

1867 3314 2184 3368 hallucinati
2224 3323 2380 3384 sunt;
2427 3317 2520 3372 sed
2556 3316 2608 3370 in
2645 3331 2711 3371 eo
2735 3332 2949 3386 quoque
2984 3317 3127 3387 quod
3172 3317 3315 3373 illius
3346 3334 3440 3372 ca-

1865 3413 1962 3477 put
2015 3422 2083 3460 ex
2141 3407 2372 3463 adverso
2416 3407 2655 3480 Virginis
2707 3410 2860 3463 aiunt
2917 3409 3266 3464 descendere.
3315 3407 3440 3463 Non

1864 3498 2009 3553 enim
2038 3497 2270 3569 Virgini,
2305 3499 2398 3554 sed
2423 3499 2605 3556 Chelis
2633 3501 2941 3570 oppositum
2970 3500 3148 3555 facere
3177 3515 3436 3556 occasum

1864 3590 2071 3661 incipit.
2101 3591 2310 3663 Quippe
2339 3594 2620 3649 stellarum
2651 3609 2773 3664 qua:
2801 3594 2854 3647 in
2886 3594 3058 3663 ipsius
3086 3593 3262 3661 capite
3283 3599 3434 3656 sunt,

1862 3686 2154 3740 australior
2180 3685 2382 3740 occidit
2427 3688 2636 3742 oriente
2675 3686 2853 3741 media
2892 3693 3081 3740 octava
3117 3692 3266 3755 parte
3294 3683 3435 3739 Che-

1862 3778 1976 3832 laru
1985 3795 2032 3831 m
2042 3819 2057 3833 .

1929 3890 2024 3948 Xl.
2046 3892 2181 3947 Cum
2214 3893 2346 3948 oriri
2374 3891 2634 3964 Scorpius
2666 3894 3175 3964 incipit,amborum
3208 3892 3434 3962 scripto-

1860 3999 1979 4038 rum
2015 3985 2190 4054 placet
2212 3985 2389 4053 alteri,
2413 3987 2652 4056 reliquas
2676 3983 2825 4040 ﬂuvii
2843 3993 3024 4055 partes
3043 3983 3311 4047 occidere,
3331 3999 3434 4038 ncc

1859 4092 1966 4131 non
1994 4077 2352 4134 Andromeda:
2381 4093 2444 4132 ac
2464 4077 2619 4145 Ceti;
2650 4086 2704 4131 et
2731 4077 2930 4147 Cephei
2959 4075 3221 4146 quidquid
3251 4088 3334 4131 est
3364 4075 3435 4128 ali

1855 4169 2097 4224 humeris
2137 4171 2203 4224 ad
2240 4170 2515 4241 cingulum
2549 4189 2562 4225 :
2595 4171 2722 4225 item
2758 4169 3102 4240 Cassiepeam
3142 4168 3427 4237 integram,

1856 4273 2214 4333 praeterquam
2252 4277 2316 4318 ea
2345 4279 2465 4333 qua:
2495 4277 2526 4315 a
2559 4262 2789 4333 pedibus
2815 4261 2880 4316 ad
2923 4276 3094 4332 genua
3133 4261 3428 4330 pertinent.

1855 4357 2017 4411 Addit
2045 4356 2148 4421 his,
2170 4356 2304 4411 oriri
2332 4355 2560 4410 Coronae
2590 4354 2879 4424 reliquum,
2904 4360 2956 4407 et
2979 4349 3149 4422 Hydri
3175 4349 3429 4414 caudam,

1855 4463 1919 4503 ac
1947 4448 2207 4503 Centauri
2236 4447 2504 4516 reliquum
2543 4461 2763 4514 corpus,
2801 4445 3166 4501 anterioribus
3199 4443 3432 4516 pedibus

2231 4539 2299 4594 ad
2362 4539 2476 4594 haec
2526 4537 2796 4609 Ophiuchi
2856 4545 3036 4608 caput,
3096 4547 3150 4592 et
3199 4551 3429 4604 manus;

185 4634 362 4688 ποδῶν
384 4650 397 4663 ·
449 4634 760 4688 ἀνατέλλειν
798 4635 855 4688 δέ
885 4652 1017 4705 φησι
1050 4637 1144 4689 καὶ
1173 4636 1234 4688 τὸ
1267 4634 1481 4706 Θηρξον,
1512 4635 1540 4688 ὃ
1587 4635 1697 4706 ἔχει
1724 4637 1753 4689 ὁ

1872 4641 1911 4688 3t
1964 4633 2249 4703 serpentis,
2307 4647 2466 4703 quem
2522 4637 2697 4702 gestat
2752 4629 3091 4700 Ophiuchus,
3144 4635 3306 4699 caput
3359 4629 3428 4684 ad

182 4726 491 4796 Κένταυρος
513 4744 528 4758 ο
559 4727 654 4781 καὶ
683 4727 777 4780 τοῦ
824 4728 1104 4799 Ὀφιούχου
1144 4728 1244 4798 τὴν
1270 4728 1509 4798 κεφαλὴν
1535 4728 1628 4780 καὶ
1652 4727 1750 4790 τὰς

180 4819 389 4888 χεῖραςο
419 4819 514 4872 καὶ
535 4816 629 4872 τοῦ
651 4820 883 4888 Ὄφεως,
915 4819 973 4872 ὃν
998 4818 1109 4889 έχει
1138 4820 1166 4871 ὁ
1206 4819 1502 4890 ’οφιοῦχος,
1534 4819 1630 4891 τὴν
1659 4837 1748 4874 κε·-

178 4907 356 4978 φαλὴν
382 4907 486 4971 ἓως
513 4909 612 4978 τῆς
643 4908 862 4980 πρώτης
892 4911 1121 4982 σπείρας
1141 4929 1152 4941 ·
1183 4911 1276 4964 καὶ
1308 4910 1401 4964 τοῦ
1445 4911 1530 4964 Ἐν
1559 4911 1747 4979 γόνασι

175 4998 246 5052 τά
275 4998 456 5058 λοιπὰ.
487 4999 624 5072 πλὴν
646 5001 745 5072 τῆς
773 5002 1013 5072 κεφαλῆς
1052 5004 1146 5055 καὶ
1173 5004 1273 5074 τῆς
1311 5003 1604 5074 ἀριστερᾶς
1631 5019 1745 5073 χει-

180 5092 293 5162 ρός.
341 5091 398 5144 ’0
423 5091 479 5146 δὲ
509 5091 738 5161 Εὔδοξος
763 5093 833 5146 τὰ
869 5094 968 5165 μὲν
991 5094 1150 5148 λοιπά
1173 5095 1371 5165 ὁμοίως
1400 5095 1704 5166 ἀναγράφει
1728 5112 1740 5124 ·

175 5179 274 5252 τὴν
305 5179 363 5233 δὲ
396 5181 634 5253 κεφαλὴν
665 5182 758 5234 τοῦ
800 5181 1082 5253 Ὀφιούχου
1111 5184 1308 5253 γράφει
1330 5181 1742 5244 ἀνατέλλουσαν,

175 5275 273 5328 καὶ
305 5274 404 5344 τὴν
433 5274 727 5346 ἀριστερὰν
757 5275 913 5344 μόνον
937 5277 1118 5345 χεῖρα·
1151 5275 1249 5346 τὴν
1271 5275 1328 5328 δὲ
1358 5275 1542 5345 ἀλλην,
1567 5275 1660 5327 καὶ
1684 5275 1744 5327 τὸ

173 5361 392 5432 Θηρίον,
418 5363 477 5414 ού
517 5362 612 5415 τοῦ
651 5364 939 5435 Σκορπίου,
970 5363 1103 5416 ἀλλά
1131 5363 1224 5417 τού
1255 5363 1479 5430 Τοξότου
1514 5367 1739 5419 ἀνατέλ-

172 5451 375 5517 λοντος,
411 5452 551 5525 ὑπὲρ
597 5454 700 5524 γῆν
730 5457 821 5508 καὶ
871 5455 1173 5524 φαίνεσθαι.
1211 5457 1318 5510 Καὶ
1359 5458 1428 5510 τὰ
1478 5459 1577 5528 μὲν
1607 5459 1742 5513 ἀλλα

174 5544 476 5614 συμφώνως
508 5548 923 5622 παραγράφουσι
955 5551 1064 5612 τοῖς
1099 5550 1440 5619 φαινομένοις
1475 5552 1519 5583 ⁷⁹
1539 5568 1553 5580 ·
1589 5552 1651 5604 τὸ
1684 5552 1740 5604 δὲ

171 5635 389 5708 Θηρίον,
423 5637 547 5690 οὔτε
578 5641 696 5702 ταῖς
730 5639 948 5712 Χηλαῐς.
981 5641 1052 5694 Τὸ
1075 5642 1128 5694 δὲ
1154 5642 1335 5697 λοιπὸν
1367 5644 1443 5714 τῷ
1474 5645 1736 5716 Σκορπξου

239 5837 283 5867 ⁷⁸
326 5836 456 5890 Ηιιτ
512 5837 758 5890 mendosa
798 5851 936 5894 sunt.

1857 4726 2090 4796 priorem
2128 4740 2304 4795 usque
2338 4727 2569 4796 spiram;
2610 4724 2814 4794 reliqua
2844 4725 3065 4794 insuper
3109 4723 3427 4795 lngeniculi,

1855 4827 2083 4888 excepto
2114 4819 2291 4888 capite
2319 4833 2382 4871 ac
2413 4817 2635 4872 sinistra
2667 4832 2855 4871 manu.
2912 4816 2980 4869 At
3015 4815 3270 4871 Eudoxus
3301 4829 3426 4869 cum

1856 4909 1910 4962 in
1939 4909 2151 4964 caeteris
2180 4908 2503 4971 consentiat,
2535 4905 2805 4977 Ophiuchi
2833 4917 3016 4976 caput,
3054 4922 3116 4960 ac
3149 4906 3426 4961 sinistram

1853 5001 2116 5055 duntaxat
2150 5016 2369 5054 manum
2405 4999 2608 5054 exoriri
2649 5001 2875 5066 asserit;
2917 4999 3142 5053 alteram
3185 5013 3426 5061 manum,

1803 5101 1806 5105 ’
1853 5101 1912 5148 ut
1951 5101 2005 5148 et
2047 5094 2237 5156 feram,
2276 5107 2384 5146 non
2422 5092 2635 5147 oriente
2674 5089 2925 5162 Scorpio,
2968 5090 3060 5145 sed
3109 5089 3426 5160 Sagittario,
3467 5129 3473 5156 ε

1853 5202 2016 5256 supra
2067 5195 2267 5242 terram
2313 5195 2548 5241 exstare.
2594 5185 2771 5256 Atque
2819 5186 2874 5240 in
2922 5186 3150 5240 aliorum
3207 5185 3427 5254 quidem

1851 5279 2218 5349 descriptione
2262 5294 2384 5332 cum
2437 5277 2826 5347 apparentibus
2859 5277 3018 5331 ambo
3069 5275 3425 5329 conveniunt.

1853 5369 1959 5425 Sed
1985 5370 2130 5446 quod
2163 5370 2228 5425 ad
2263 5370 2431 5426 feram
2463 5371 2673 5424 attinet.
2740 5411 2753 5423 .
2835 5411 2848 5424 .
2931 5409 2946 5424 .
3028 5409 3041 5424 .
3123 5407 3136 5420 .
3215 5406 3229 5421 .
3311 5409 3324 5420 .
3408 5408 3423 5421 .

1847 5651 2086 5721 Apparet
2141 5664 2270 5720 ergo
2321 5664 2441 5703 cum
2488 5647 2670 5702 Chelis
2711 5655 2916 5716 partem
2950 5644 3120 5715 ipsius
3182 5643 3418 5713 aiiquam
