3928 6266
479 439 621 497 N83

1470 435 1556 491 AD
1595 428 2275 490 EUSEBII‘CIIRONICON
2312 425 2669 483 APPENDIX‘.

3578 428 3720 486 {08-5

473 561 765 625 oportere,
816 553 973 627 quod‘
1038 560 1094 609 et
1159 551 1387 608 Eudoxo
1442 552 1663 621 placet,
1733 549 2047 604 ascendere.

2165 543 2363 614 πώματι
2392 544 2512 605 ταῖς
2539 542 2741 613 Χηλαῖς
2776 499 3328 614 συναναφέρετιιιῖ⁵
3360 540 3457 595 καὶ
3485 538 3718 607 Εὔδοξός

477 663 610 717 φησι
630 662 646 678 ο
678 646 857 718 δῆλον,
893 646 974 700 ὃτι
1018 645 1113 700 καὶ
1140 647 1258 709 ταῖς
1282 643 1486 716 Χηλαῖς
1515 644 1679 717 μέρος
1706 660 1767 696 τι
1786 640 1947 697 αὑτοῦ
1975 640 2056 694 δεῖ
2080 635 2218 691 κατά
2243 635 2334 688 τὸν
2366 632 2589 698 Εὔδοξον
2623 633 3046 688 συνανατέλλειν.

546 759 750 815 Verum
801 760 856 814 in
916 757 1200 830 Ophiucho
1247 764 1515 827 praeterea-
1564 755 1771 809 l‘allitur
1816 755 2039 809 Aratus.

478 849 688 919 Quippe
725 849 947 903 sinistra
983 855 1192 900 tantum
1250 843 1423 913 ipsius
1462 856 1656 896 manus
1687 856 1809 894 cum
1860 839 2043 897 Chelis

477 941 687 1006 oritur;
714 944 899 1009 caput,
931 945 985 991 et
1021 948 1215 990 manus
1246 932 1433 988 dextra
1464 947 1586 986 cum
1622 929 1867 1000 Scorpio.

552 1112 660 1171 χιι.
695 1113 1040 1169 Ascendente
1090 1109 1402 1180 Sagittario.
1426 1116 1579 1179 putat
1602 1108 1799 1161 Aratus
1833 1104 2046 1176 Ingeni-

478 1207 583 1264 euli
596 1213 756 1276 caput
772 1221 833 1259 ac
849 1204 1119 1259 sinistram
1136 1216 1352 1256 manum
1370 1210 1607 1255 exortam
1628 1200 1822 1254 fuisse:
1838 1214 2045 1252 necnon

479 1295 751 1366 Ophiuchi
786 1308 1006 1363 corpus,
1033 1291 1369 1361 caudamque
1392 1292 1688 1367 serpentis,
1720 1305 1878 1360 quem
1903 1296 2054 1345 tenet

478 1386 798 1458 Ophiuchus
822 1403 837 1452 ;
858 1384 1156 1439 Fidiculam
1186 1398 1432 1453 quoque;
1465 1397 1676 1435 necnon
1703 1380 1902 1449 Cephei
1927 1393 2048 1448 quze

477 1494 508 1532 a
546 1479 723 1549 capite
767 1477 837 1531 ad
886 1484 1077 1546 pectus
1119 1474 1411 1545 pertinent.
1460 1472 1722 1528 Occidere
1752 1488 1914 1542 porro
1940 1471 2046 1525 Ca-

476 1585 600 1625 nem
649 1570 921 1639 integrum
943 1610 958 1635 ,
994 1565 1275 1629 Orionem,
1301 1564 1599 1635 Leporem;
1637 1563 1973 1620 lleuiochum
2011 1578 2043 1618 a

477 1660 708 1730 pedibus
739 1659 805 1713 ad
841 1675 1034 1714 zonam
1068 1673 1280 1729 usque;
1307 1658 1536 1725 Capram
1565 1671 1726 1718 vero,
1765 1670 1886 1709 cum
1916 1654 2044 1709 lite-

474 1751 598 1817 dis;
626 1767 657 1806 e
684 1751 885 1821 quibus
920 1750 1013 1803 illa
1043 1750 1104 1803 in
1123 1750 1353 1803 humero
1384 1755 1465 1802 est
1490 1744 1749 1800 Heniochi
1780 1745 2003 1801 sinistro
2026 1761 2053 1801 :.

2227 748 2285 801 Ὀ
2317 748 2374 801 δὲ
2408 749 2643 819 ’Ἄρατος
2671 749 2851 816 ἀγνοεῖ
2889 749 2945 800 ὲν
2976 750 3088 811 τοῖς
3125 747 3250 819 περὶ
3279 748 3368 801 τὸν
3405 745 3733 816 Ὀφιοῦχονκ

2158 838 2221 891 Ἦ
2254 839 2362 910 γὰρ
2381 839 2639 911 ἀριστερὰ
2676 838 2796 910 χεὶρ
2824 838 2985 892 αὐτοῦ
3020 840 3176 909 μόνον
3203 842 3321 902 ταῖς
3351 839 3561 909 Χηλαῖς
3598 855 3720 889 συν-

2144 930 2459 984 ἀνατέλλει·
2496 932 2535 1002 ἢ
2559 930 2614 982 δὲ
2648 928 2856 1000 κεφαλὴ
2888 930 2985 982 καὶ·
3013 930 3051 1000 ἡ
3077 928 3241 995 δεξιὰ,
3276 931 3397 1003 χεὶρ
3431 927 3515 999 τῷ
3552 927 3721 996 Σκορ-

2147 1022 2274 1075 πίω.

2217 1114 2317 1167 lB’.
2351 1110 2458 1167 Τοῦ
2478 1114 2535 1167 δὲ
2559 1114 2785 1179 Τοξότου
2820 1112 3102 1184 μέλλοντος
3133 1111 3458 1175 ἀνατέλλειν,
3486 1112 3517 1163 ό
3549 1112 3737 1179 Ἄρα-κ

2146 1206 2237 1269 τός
2268 1222 2400 1276 φησι
2448 1206 2547 1277 τὴν
2577 1204 2815 1276 κεφαλὴν
2847 1204 2940 1257 τοῦ
2984 1205 3070 1258 Ἐν
3114 1205 3303 1271 γόνασι
3331 1204 3424 1256 καὶ
3450 1202 3553 1272 τὴν
3596 1202 3719 1273 ἀρι-

2148 1296 2344 1369 στερὰν
2365 1300 2523 1369 χεῖρα
2551 1297 2986 1362 ἀνατεταλκέναι,
3010 1296 3174 1351 καὶτὸ
3198 1295 3349 1365 σῶμα
3373 1293 3466 1347 τοῦ
3504 1294 3720 1360 Ὀφιοῦ-

2146 1405 2266 1465 χου,
2297 1388 2391 1440 καὶ
2418 1388 2517 1458 τὴν
2541 1386 2705 1460 οὐρὰν
2736 1386 2829 1440 τοῦ
2859 1388 3093 1455 Ὄφεως,
3119 1385 3177 1438 ὃν
3203 1385 3314 1455 ἔχει
3339 1387 3367 1438 ὁ
3409 1383 3719 1453 Ὀφιοῦχος,

2147 1478 2241 1532 καὶ
2273 1477 2372 1547 τὴν
2396 1477 2599 1546 Λύραν,
2617 1477 2710 1529 καὶ
2732 1475 2824 1529 τοῦ
2857 1475 3089 1544 Κηφέως
3111 1474 3183 1527 τὰ
3204 1474 3311 1527 ἀπὸ
3338 1473 3438 1543 τῆς
3474 1473 3724 1545 κεφαλῆς

2147 1565 2251 1629 ἕως
2281 1565 2376 1618 τοῦ
2409 1564 2654 1637 στήθους.
2701 1564 2886 1620 Δύνειν
2914 1564 2970 1618 δέ
3003 1581 3133 1635 φησι
3167 1563 3256 1616 τόν
3286 1579 3343 1615 τε
3387 1563 3545 1617 Κύνα
3577 1562 3718 1630 ὅλον⁹

2148 1657 2360 1713 καὶτὸν
2402 1657 2648 1728 Ὠρίωνα,
2682 1657 2885 1715 καὶτὸν
2927 1655 3170 1725 Λαγωδν,
3199 1656 3291 1709 καὶ
3327 1653 3420 1708 τοῦ
3470 1654 3720 1724 Ἡνιόχου

2147 1750 2215 1805 τὰ
2241 1751 2349 1804 ἀπὸ
2372 1749 2481 1804 τῶν
2511 1749 2685 1803 ποδῶν
2711 1751 2813 1815 ἕως
2832 1750 2933 1821 τῆς
2955 1748 3129 1822 ζώνης
3159 1750 3300 1821 μέρη
3323 1766 3337 1779 ο
3365 1749 3464 1820 τὴν
3493 1749 3553 1801 δὲ
3582 1745 3730 1817 Αἷγά

474 1843 529 1898 hi
562 1844 615 1898 in
654 1858 819 1898 manu
866 1842 1127 1907 sinistra;
1169 1848 1284 1895 tum
1316 1847 1511 1910 caput,
1539 1853 1602 1893 ac
1632 1837 1877 1893 dextram
1927 1850 2041 1889 ma-

2165 1860 2281 1913 ρησι
2309 1843 2404 1896 καὶ
2429 1845 2554 1906 τοὺς
2580 1843 2852 1916 Ἐρίφους,
2879 1836 2953 1896 ὧν
2973 1843 3120 1895 ἐστιν
3154 1844 3195 1913 ἡ
3224 1841 3320 1911 μὲν
3348 1841 3441 1893 ἐπὶ
3468 1839 3567 1893 τοῦ
3595 1842 3721 1911 ἀρι-

476 1951 633 2000 num,
657 1935 866 1990 oriente
891 1933 1186 2004 Sagittario
1227 1932 1580 1997 descendere,
1631 1947 1753 2002 quae
1784 1930 1850 1984 ad
1878 1929 2051 1999 pedes

478 2032 627 2091 sunt,
656 2027 871 2081 oriente
900 2024 1148 2094 Scorpio.
1180 2024 1344 2078 Addit
1388 2022 1638 2077 occidere
1673 2036 1888 2092 quoque
1912 2019 2044 2074 Per-

478 2133 657 2182 seum,
681 2125 907 2188 excepto
934 2132 1075 2187 genu
1102 2116 1312 2180 dextro,
1346 2131 1409 2170 ac
1441 2114 1576 2185 pede
1599 2154 1614 2177 ,
1663 2122 2047 2183 postremoque

478 2209 702 2281 puppim
733 2211 931 2280 Argus.
965 2208 1023 2264 In
1050 2209 1136 2264 his
1164 2208 1600 2278 czeteravquidem
1631 2223 1752 2261 cum
1783 2220 2046 2275 apparen-

476 2303 628 2358 tibus
676 2303 1032 2359 concordant.
1091 2300 1289 2357 Verum
1327 2303 1550 2357 sinistra
1584 2316 1778 2354 manus
1829 2297 2047 2380 Ingeni-

480 2395 590 2450 euli
619 2411 743 2451 cum
769 2396 951 2450 Chelis
994 2395 1206 2459 oritur,
1252 2411 1358 2448 non
1393 2411 1515 2448 cum
1552 2394 1795 2462 Scorpio.
1832 2390 2053 2445 Etenim»

483 2485 709 2541 sinister
742 2486 858 2556 ipse
888 2487 1041 2542 illius.
1078 2488 1362 2550 humerus,
1394 2487 1551 2555 longe
1580 2486 1822 2539 anterior
1849 2497 2043 2544 manu,

479 2584 740 2647 tanquam
783 2579 939 2633 ulnas
981 2588 1328 2649 exporrectas
1378 2578 1594 2642 habent,
1644 2575 1786 2647 quod
1845 2576 2050 2629 Aratus

480 2668 646 2723 etiam
677 2669 893 2736 scribit,
918 2686 1041 2726 cum
1074 2671 1232 2725 tertia
1271 2680 1424 2741 parte
1458 2666 1667 2738 Scorpii
1701 2667 1893 2721 oritur.
1924 2665 2056 2719 Non.

481 2774 612 2830 ergo
642 2775 766 2815 cum
808 2759 1036 2833 Scorpio
1064 2762 1240 2818 solum
1275 2770 1437 2832 caput
1460 2760 1727 2817 ascendit.

2150 1934 2338 2005 στεροῦ
2374 1932 2543 2007 ὤμου,
2569 1935 2619 1988 0i
2651 1934 2696 1988 δ’
2723 1937 2784 1987 ἐν
2806 1936 2872 2005 τῇ
2906 1935 3167 2006 ἀριστερᾷ
3196 1935 3359 2005 χειρὶ,
3389 1933 3471 1987 ἔτι
3515 1933 3575 1987 δὲ
3624 1936 3729 2006 τὴν

2149 2022 2389 2095 κεφαλὴν
2413 2025 2506 2077 καὶ
2531 2022 2628 2096 τὴν
2660 2023 2838 2091 δεξιὰν
2883 2028 3041 2096 χεῖρα
3070 2023 3148 2095 τῷ
3180 2025 3381 2095 Τοξότῃ
3426 2026 3725 2078 ἀντικατα-

2148 2114 2354 2168 δύνειψ
2389 2114 2456 2168 τὰ
2498 2114 2554 2168 δὲ
2588 2114 2724 2187 πρὸς
2753 2116 2878 2179 τοὺς
2908 2115 3071 2178 πόδας
3117 2114 3192 2186 τῷ
3219 2116 3494 2187 Σκορπίῳ.
3533 2117 3725 2170 Δῦνειν

2149 2204 2207 2258 δέ
2239 2223 2371 2277 φησι
2400 2207 2603 2263 καὶτὸν
2629 2207 2842 2278 Περσέα
2869 2207 3035 2279 χωρἰς
3057 2208 3147 2261 τοῦ
3174 2207 3345 2275 δεξιοῦ
3375 2209 3607 2279 γόνατος
3632 2211 3727 2267 καὶ

2149 2295 2243 2351 τοῦ
2287 2297 2448 2361 ποδός
2472 2315 2493 2334 ’θ
2521 2301 2614 2351 καὶ
2655 2299 2753 2369 τῆς
2797 2299 3023 2371 Ἀργοῦς
3067 2300 3164 2373 τὴν
3212 2301 3491 2373 πρύμναν.
3547 2302 3639 2355 Ἐν
3670 2301 3725 2355 δὲ

2148 2388 2355 2453 τούτοις
2393 2389 2470 2443 τά.
2497 2391 2594 2461 μὲν
2638 2391 2770 2446 ἀλλα
2799 2396 3091 2463 συμφωνεῖ⁴
3116 2397 3228 2457 τοῖς
3273 2395 3656 2465 φαινομένοις·
3691 2398 3729 2465 ἡ

2149 2482 2206 2536 δὲ
2237 2483 2500 2554 ἀριστερά
2531 2484 2661 2556 χεὶρ.
2688 2484 2781 2537 τοῦ
2824 2486 2913 2541 Ἐν
2955 2486 3141 2555 γόνασι
3196 2491 3316 2551 ταῖς
3346 2488 3561 2558 Χηλαίς
3603 2505 3724 2540 συν-

2148 2574 2443 2640 ανατέλλει,
2474 2577 2567 2630 καὶ
2592 2578 2653 2630 οὐ
2676 2576 2753 2648 τῷ
2781 2578 3049 2650 Σκορπίῳ.
3074 2581 3183 2633 Καὶ
3210 2579 3318 2652 γάρ
3340 2579 3505 2644 αὐτὸς
3535 2581 3566 2632 ό
3600 2581 3727 2650 ἀρις

2151 2667 2339 2735 στερὸς
2366 2661 2515 2738 ὦμος
2558 2668 2720 2723 αὐτοῦ
2763 2670 2895 2725 πολὺ
2930 2671 3333 2743 προηγούμενος
3366 2671 3469 2741 τῆς
3515 2672 3719 2743 χειρὸς,

2147 2759 2349 2814 ὡσανεὶ
2379 2761 2818 2835 διωργυιωμένου
2863 2764 3048 2828 αὐτοῦ,
3084 2766 3332 2838 καθάπερ
3372 2767 3467 2819 καὶ
3501 2766 3531 2818 ὁ
3559 2766 3724 2829 αὐτὸς

483 2852 727 2925 Ἀρατόςε
749 2869 933 2927 φησιν,
956 2856 1094 2928 τῇγθ
1137 2854 1249 2929 μοι.
1282 2853 1377 2908 τοῦ
1401 2853 1669 2928 Σκορπίου
1717 2850 2114 2908 συνανατέλλει.
2153 2852 2263 2924 Οὐχ
2312 2855 2348 2926 ἡ
2401 2854 2607 2927 κεφαλὴ
2641 2851 2733 2912 οὖν
2786 2856 2944 2926 μόνον
2993 2856 3071 2928 τῷ
3120 2857 3370 2929 Σκορπίῳ
3415 2858 3730 2926 ωναναφές

482 2965 656 3019 ρεται.

552 3055 845 3127 Propterea
873 3059 939 3116 de
968 3070 1092 3116 ortu
1126 3061 1338 3135 Scorpil
1371 3064 1425 3119 in
1454 3062 1903 3121 antecedentibus
1927 3059 2048 3116 hal-

480 3150 759 3206 lucinatur
787 3154 860 3207 ita
893 3155 1140 3212 scribens
1166 3175 1181 3212 :

592 3324 631 3359 ._
685 3325 699 3343 .
766 3328 790 3359 ί.
867 3330 882 3346 .
921 3289 1225 3359 Capita,_et
1259 3294 1429 3350 altera
1460 3313 1662 3352 manus.

591 3356 724 3413 Cum
748 3356 1041 3431 Sagittario
1068 3356 1440 3424 conscendunt.

484 3467 543 3524 in
567 3484 676 3539 quo
702 3472 950 3539 sequitur
977 3472 1285 3531 Eudoxum.

558 3582 714 3654 125
755 3582 881 3639 Non
914 3586 1097 3643 minus
1132 3588 1209 3645 ab
1240 3593 1576 3660 apparentiis
1615 3593 1668 3648 in
1695 3593 1909 3665 Cepheo
1938 3596 2055 3652 dis»

486 3686 729 3745 crepant.
766 3676 901 3733 Nam
949 3680 1126 3735 solum
1167 3690 1331 3752 caput
1370 3685 1549 3754 ipsius
1575 3687 1809 3753 occidit,
1841 3697 1896 3744 et
1945 3690 2056 3744 ori-

485 3774 607 3837 tur;
656 3770 868 3827 humeri
916 3787 979 3828 ac
1008 3782 1201 3843 pectus
1229 3776 1281 3831 in
1330 3793 1544 3849 semper
1592 3793 1885 3851 apparente
1937 3799 2058 3854 seg-

488 3868 679 3916 mento
714 3862 982 3919 feruntur.
1034 3865 1303 3922 Praeterea
1336 3871 1615 3925 stellarum
1637 3912 1650 3936 ,
1696 3889 1817 3943 quas
1849 3874 1903 3928 in
1936 3875 2056 3944 ejus

491 3952 670 4019 capite
720 3961 869 4019 sunt,
918 3957 1234 4024 praecedens
1276 3971 1399 4012 cum
1456 3957 1668 4030 Seorpii
1719 3969 1873 4033 parte
1911 3963 2058 4019 vice-

492 4041 633 4099 sima
687 4054 879 4101 octava
919 4048 1132 4117 oritur;
1176 4066 1297 4120 qua:
1330 4058 1508 4108 autem
1545 4063 1815 4123 postrema
1859 4058 2055 4122 oritur,

492 4135 628 4189 etin
666 4138 842 4207 capite
880 4138 1110 4194 sitarum
1141 4143 1437 4197 australior
1478 4152 1583 4209 est,
1623 4162 1744 4200 eum
1779 4146 2057 4218 Sagittarii

493 4232 646 4280 sexta
669 4235 820 4296 parte
850 4230 1026 4285 media
1066 4233 1261 4297 oritur,
1292 4242 1349 4286 ut
1394 4249 1498 4288 non
1535 4237 1709 4291 solum
1736 4253 1858 4292 cum
1892 4237 2058 4293 Scor-

492 4314 609 4385 pio,
649 4317 741 4373 sed
776 4319 937 4377 etiam
967 4335 1092 4376 cum
1130 4321 1424 4393 Sagittario
1453 4326 1651 4395 Cephei
1683 4343 1878 4387 manus
1916 4332 2061 4386 oria-

491 4413 603 4462 tur.
632 4408 699 4462 At
733 4408 966 4468 Perseus
1006 4428 1129 4469 cum
1160 4412 1388 4485 Scorpio
1421 4424 1570 4473 totus
1590 4435 1653 4473 ex
1685 4420 1919 4477 adverso
1959 4422 2057 4478 deo

2224 3054 2316 3108 Διὸ
2343 3056 2437 3109 καὶ
2480 3057 2681 3120 ὲν-τοῖς
2730 3056 2992 3129 πρότερον
3021 3059 3163 3131 περὶ,
3183 3057 3283 3131 τὴν
3322 3057 3416 3111 τοῦ
3450 3058 3731 3131 Σκορπίοιδ

2072 3131 2119 3191 C
2148 3145 2411 3221 ἀνατολὴν
2440 3150 2625 3219 ἀγνοεῖ
2651 3151 2821 3221 λέγων
2846 3169 2878 3190 '-

2432 3326 2620 3389 ._...,_._...'
2639 3306 2801 3389 βάρη
2838 3307 2889 3360 δ’
2913 3306 3119 3377 ἑτέρης
3148 3306 3310 3376 μετὰ
3326 3306 3525 3377 χειρὸς

2474 3378 2592 3443 όξῳ
2623 3378 2996 3445 ἀνέρχονται.

2152 3488 2637 3560 Κατηκολοΰθηγδεν
2659 3490 2714 3547 δὲ
2741 3490 2835 3547 καὶ
2860 3489 2999 3547 κατὰ
3022 3489 3181 3544 τοῦτο
3200 3490 3277 3562 τῷ
3308 3490 3544 3563 Εὐδόξῳ.

2224 3604 2555 3672 Διαφωνοῦσι
2584 3603 2642 3659 δὲ
2669 3604 2801 3676 πρὸς
2826 3604 2886 3658 τὸ
2912 3603 3231 3675 φαινόμενον
3254 3604 3348 3657 καὶ
3372 3605 3430 3656 ὲν
3451 3608 3569 3668 τοῖς
3602 3605 3731 3677 περὶ

2153 3692 2247 3746 τοῦ
2276 3694 2527 3764 Κηφέως.
2560 3694 2634 3750 ’Ἠ
2674 3712 2734 3748 τε
2775 3693 2882 3765 γὰρ
2915 3695 3122 3767 κεφαλὴ
3155 3695 3319 3753 αὐτοῦ
3355 3695 3516 3766 μόνον
3548 3694 3725 3759 δύνει,

2156 3785 2250 3839 καὶ
2282 3786 2587 3839 ἀνατέλλεν
2628 3788 2676 3840 οἱ
2706 3787 2762 3840 δὲ
2802 3780 2939 3858 ὦμοι
2976 3787 3070 3840 καὶ
3101 3786 3161 3841 τὸ
3203 3787 3395 3859 στῆθος
3429 3789 3488 3840 ὲν
3519 3786 3604 3857 τῷ
3639 3787 3724 3840 ἀεὶ

2157 3876 2375 3948 φανερῷ
2397 3879 2641 3949 τμήματι
2670 3878 2942 3951 φέρονται,
2975 3879 3158 3951 Χωρίς
3198 3896 3257 3933 τε
3292 3878 3499 3932 τούτων
3528 3878 3641 3933 τῶν
3668 3880 3725 3932 ὲν

2155 3971 2222 4040 τῇ
2252 3969 2456 4040 κεφαλῇ
2496 3968 2656 4027 αὐτοῦ
2683 3970 2931 4042 ἀστέρων
2954 3973 2982 4026 ό
3012 3971 3110 4042 μὲν
3142 3969 3548 4047 προηγούμενος
3577 3973 3647 4042 τῇ
3680 3976 3725 4041 ης

2158 4059 2253 4113 καὶ
2301 4066 2348 4113 κ’
2380 4060 2488 4130 μοί.
2517 4059 2611 4113 τοῦ
2650 4061 2917 4133 Σκορπίου
2953 4061 3329 4119 συνανατέλλει
3356 4077 3372 4093 °
3405 4062 3434 4113 ό
3472 4062 3533 4115 δὲ
3564 4061 3728 4131 ἐσχα-

2156 4168 2247 4214 τος
2270 4152 2697 4224 ἀναφερόμενος,
2729 4155 2825 4209 καὶ
2856 4154 3169 4226 νοτιώτερος
3202 4153 3276 4209 ὢν
3306 4154 3413 4208 τῶν
3444 4157 3505 4206 ὲν
3538 4157 3608 4225 τῇ
3642 4171 3729 4208 κε-

2159 4241 2305 4316 φαλῇ.
2344 4243 2714 4297 συνανατέλλει
2754 4242 2832 4314 τῷ
2873 4243 3075 4319 Τοξότῃ
3114 4251 3166 4309 ς’
3200 4245 3307 4314 μοι.
3350 4244 3492 4315 μέσῃ
3519 4260 3533 4274 ·
3588 4244 3727 4296 ὥστε

2161 4334 2237 4405 μὴ
2278 4333 2436 4404 μόνον
2482 4333 2559 4405 τῷ
2607 4334 2860 4406 Σκορπίῳ
2910 4335 3010 4407 τὴν
3061 4335 3298 4405 κεφαλὴν
3341 4332 3446 4392 τοῦ,
3492 4331 3727 4403 Κηφέως

2161 4423 2584 4489 συνανατέλλειν,
2620 4423 2751 4481 ἀλλά
2791 4425 2885 4481 καὶ
2918 4423 2995 4496 τῷ
3033 4424 3253 4497 Τοξότῃ.
3297 4425 3353 4478 '0
3391 4424 3447 4476 δὲ
3484 4425 3727 4496 Περσεὺς

494 4502 707 4556 scendit
737 4522 750 4558 :
789 4519 917 4572 non,
949 4513 1007 4561 ut
1030 4506 1137 4562 illis
1162 4507 1399 4572 videtur,
1432 4509 1624 4567 dexter
1654 4527 1751 4582 pes
1779 4514 2054 4569 dextrum~

2165 4518 2277 4583 ὅλος
2319 4516 2397 4590 τῷ
2456 4519 2705 4591 Σκορπίῳ
2750 4519 3252 4573 συναντικαταδύνει
3274 4535 3287 4548 ’
3343 4518 3435 4571 καὶ
3475 4518 3609 4587 οἰχ,
3656 4518 3726 4580 ὡς

492 4608 599 4664 que
628 4610 765 4665 genu
796 4598 1006 4653 oriente
1029 4597 1323 4669 Sagittario
1357 4602 1629 4657 conditur.

567 4772 771 4830 Frater
807 4776 924 4833 haec
959 4778 1011 4833 in
1045 4779 1190 4852 Argo
1227 4781 1365 4853 fugit
1396 4782 1518 4838 illos
1558 4783 1718 4838 ratio.
1754 4781 1880 4840 Hzec
1917 4785 2062 4841 enim

493 4882 563 4923 ex
602 4868 848 4937 opposita
882 4878 1032 4939 parte
1063 4872 1262 4930 cadere
1295 4874 1507 4945 incipit,
1549 4875 1853 4931 orientibus
1881 4875 2063 4932 Chelis

497 4959 712 5024 mediis,
756 4976 865 5015 non
924 4960 1173 5034 Scorpio.
1221 4964 1517 5036 Oportebat
1557 4981 1686 5037 ergo
1716 4967 2061 5022 commodum

496 5050 712 5107 oriente
748 5052 997 5125 Scorpio,
1037 5057 1147 5125 jam
1178 5056 1357 5128 Argus
1409 5059 1631 5132 puppim
1678 5060 1948 5116 occidisse
1976 5059 2061 5114 di-

497 5158 642 5206 cere,
671 5159 778 5198 non
808 5148 1137 5204 ascendente
1166 5149 1480 5220 Sagittario.

567 5233 704 5291 ΧΙΙΙ.
727 5234 937 5294 Rursus
967 5240 1301 5311 Capricorno
1327 5244 1380 5297 in
1411 5244 1619 5301 oriente
1647 5245 1847 5315 posito,
1872 5245 2065 5301 adver-

497 5343 616 5384 sam
648 5330 896 5387 occidere
940 5331 1233 5402 Sagittario
1264 5338 1455 5393 dicunt
1487 5341 1634 5408 Argo
1678 5340 1977 5409 integram,
2010 5349 2067 5394 et

498 5416 829 5489 Procynem;
851 5422 982 5476 oriri
1004 5433 1183 5480 autem
1203 5427 1411 5498 pariter
1432 5427 1697 5500 Cygnum,
1716 5436 1771 5482 et
1787 5428 2061 5499 Aquilam,

499 5506 765 5580 Sagittam
793 5513 1282 5574 acIThuribulum.
1342 5518 1419 5575 Ex
1471 5521 1557 5575 his
1594 5529 1791 5575 caetera
1844 5520 2063 5591 quidem

500 5604 889 5669 apparentibus
916 5616 1281 5665 consentanea
1308 5611 1586 5668 dicuntur.
1607 5612 1682 5667 De
1713 5612 1901 5683 Cygno
1940 5627 2063 5667 cum

502 5698 735 5760 uterque
766 5695 1131 5755 hallucinatus
1159 5709 1266 5767 est,
1332 5710 1444 5756 tum
1483 5704 1656 5758 multo
1677 5703 1901 5772 gravius
1929 5700 2068 5755 Ara-

501 5786 616 5837 tus.
663 5781 796 5837 Nam
839 5784 1098 5845 Eudoxus
1131 5792 1378 5847 dextram
1415 5794 1553 5849 alam
1586 5793 1757 5865 Cygni
1798 5795 2063 5850 orientem

2161 4600 2307 4661 οῦτοι
2340 4624 2523 4677 φασιν,
2550 4611 2579 4662 ό
2606 4608 2775 4675 δεξιὸς
2802 4608 2936 4673 ποῦς
2962 4609 3053 4661 καὶ
3079 4608 3138 4665 τὸ
3167 4606 3332 4673 δεξιὸν
3357 4606 3486 4675 γόνυ
3514 4605 3598 4678 τῷ
3630 4608 3726 4659 Το-

2164 4695 2298 4771 ξότῃ
2319 4697 2826 4769 ἀπικαταφέρεται.

2246 4788 2570 4859 Ἠγνοήκασι
2608 4787 2783 4843 δὲκαὶ
2827 4787 2898 4840 τὰ
2936 4787 3064 4859 περὶ
3095 4786 3191 4858 τὴν
3235 4785 3430 4858 Ἀργώ.
3468 4786 3727 4856 ’Δρχεται

2162 4878 2271 4951 γὰρ
2323 4878 2759 4933 ἀντικαταδύνειν
2814 4880 2876 4933 οὐ
2916 4879 2994 4950 τῷ
3036 4878 3306 4951 Σκορπίῳ,
3352 4876 3489 4930 ἀλλά
3541 4876 3728 4946 μέσαις

2162 4972 2281 5032 ταῖς
2309 4969 2532 5041 Χηλαῖς.
2553 4968 2697 5023 Ἔδει
2724 4965 2838 5035 οῦν,
2868 4970 3168 5041 ἀρχομένου
3192 4968 3283 5023 τοῦ
3311 4965 3580 5039 Σκορπίου
3609 4967 3730 5019 ἀνα-

2162 5061 2389 5125 τέλλειν,
2423 5061 2601 5131 λέγειν
2633 5062 2731 5134 τὴν
2764 5062 2866 5133 τῆς
2903 5061 3129 5136 Ἀργοῦς
3155 5060 3406 5132 πρύμναν
3429 5058 3728 5124 δεδυκέναι,

2164 5154 2256 5207 καὶ
2292 5153 2365 5226 μὴ
2395 5153 2489 5207 τοῦ
2519 5152 2746 5218 Τοξότου
2779 5152 3203 5225 ἀναφερομένου.

2236 5245 2334 5304 ΙΓ¹.
2362 5245 2529 5299 Πάλιν
2555 5245 2612 5303 δὲ
2642 5243 2736 5299 τοῦ
2765 5245 3043 5316 Δῐγόκερω
3067 5243 3201 5316 πρὸς
3228 5245 3294 5314 τῇ
3312 5242 3545 5313 ἀνατολῇ
3564 5242 3729 5309 ὄντος,

2164 5336 2242 5408 τῷ
2279 5336 2483 5409 Τοξότῃ
2514 5337 2676 5406 φασὶν
2707 5335 3141 5390 ἀντικαταδύνειν
3171 5335 3271 5407 τήν
3300 5352 3360 5388 τε
3403 5333 3587 5404 Ἀργὼ
3614 5334 3735 5403 ὅλην

2166 5425 2375 5479 καὶτὸν
2398 5426 2648 5496 Πρόκυνα
2673 5442 2686 5455 ⁸
2724 5423 3130 5479 συνανατέλλειν
3163 5423 3218 5477 δὲ
3264 5422 3356 5476 τόν
3386 5439 3447 5475 τε
3483 5414 3763 5495 Ὀρνιθα,ξ

2166 5518 2262 5569 καὶ
2291 5516 2385 5569 τὸν
2423 5517 2624 5582 Ἀετὸν,
2660 5518 2759 5571 καὶ
2796 5516 2885 5570 τὸν
2937 5516 3160 5582 Ὀῖστὸν,
3210 5515 3305 5568 καὶ
3348 5514 3410 5569 τὸ
3452 5510 3762 5583 Θυμιατήσξ

2170 5626 2304 5681 ριον.
2334 5609 2419 5665 Ti
2454 5610 2549 5682 μὲν
2577 5605 2669 5663 οῦν
2708 5608 2841 5663 ἄλλα
2870 5606 3171 5679 συμφώνως
3198 5608 3287 5660 ὑπ’
3313 5605 3494 5660 αὐτῶν
3522 5604 3730 5672 λέγεται

2167 5704 2280 5765 τοῖς
2314 5701 2651 5773 φαινομένοις
2675 5719 2688 5732 ·
2720 5700 2790 5754 τὰ
2817 5700 2871 5754 δὲ
2910 5699 3051 5754 κατά
3084 5700 3174 5753 τὸν
3208 5698 3433 5770 Ὄρνιοα
3472 5697 3729 5767 ἠγνόηται

2174 5792 2270 5862 μὲν
2304 5793 2394 5846 ὑπ’
2428 5792 2771 5863 ἀμφοτέρων,
2811 5792 3007 5864 μᾶλλον
3038 5791 3092 5845 δὲ
3124 5790 3227 5845 ὑπὸ
3255 5789 3345 5843 τοῦ
3382 5789 3635 5860 ’Λράτου.
3677 5785 3729 5837 ὐ
