3928 6266
192 454 326 517 1088

1169 450 1533 511 ﬂiPPARCHl
1561 451 1652 506 AD
1689 450 2131 511 ΡΒΕΝΟΜΕΜ
2165 456 2292 513 LIB;
2323 455 2387 512 11‘.

3274 461 3425 523 1088»

195 572 288 644 μὲν
333 567 448 638 γὰρ
490 563 722 631 Εὔδοξος
763 564 841 636 τῷ
884 564 1133 636 Σκορπίῳ
1173 564 1758 635 φησὶν,συνανατέλλειν

1866 566 1998 622 facit
2046 582 2169 623 cum
2203 569 2430 640 Scorpio
2461 587 2476 623 :
2506 584 2629 625 cum
2666 568 2956 642 Sagittario
2989 573 3261 645 reliquum
3291 592 3414 631 cor-

191 662 286 732 τὴν
312 657 498 724 δεξιὰν
529 658 775 730 πτέρυγα
815 656 911 709 τοῦ
951 655 1197 727 Ὄρνιθος
1221 672 1245 693 ·-
1268 655 1346 727 τῷ
1376 656 1432 715 δὲ
1459 655 1660 728 Τοξότῃ
1700 654 1761 706 τὸ

191 749 369 805 λοιπὸν
397 747 577 808 αὐτοῦ
599 748 756 818 σῶμα
777 763 791 778 ο
819 747 880 812 ἐξ
907 740 981 801 ὧν
1008 746 1186 817 δῆλον,
1211 747 1297 800 ὅτι,
1313 746 1410 816 τὴν
1433 745 1607 810 δεξιὰν
1634 745 1763 800 πτέ-

194 859 331 918 ρυγα
357 842 455 897 τοῦ
490 842 744 916 Ὄρνιθος
773 839 916 895 κατά
952 841 1044 894 τὸν
1074 839 1299 909 Εὔδοξον
1335 839 1415 901 δεῖ
1460 841 1571 902 τοῖς
1602 839 1761 909 ἐσχά-

190 953 299 998 τοις
349 932 551 1004 μέρεσι
605 930 698 986 τοῦ
765 930 1029 1002 Σκορπίου
1089 927 1542 999 συναναφέρεσθαι
1567 945 1581 957 ·
1633 929 1661 981 ὀ
1703 927 1761 981 δὲ

199 1019 427 1092 ’Ἄρατός
453 1036 593 1091 φησι
620 1018 699 1090 τῷ
727 1018 927 1090 Τοξότῃ
963 1019 1118 1090 μόνον
1151 1016 1552 1077 συνανατέλλειν
1578 1016 1757 1074 αὐτόν.

195 1113 269 1185 Τῇ
296 1113 352 1166 δὲ
379 1112 618 1184 ἀληθείᾳ
648 1112 696 1164 οί
738 1111 837 1180 μὲν
865 1111 922 1163 ἐν
956 1110 1099 1181 ἄκρᾳ
1133 1111 1201 1179 τῇ
1230 1106 1379 1179 δεξιᾷ
1407 1106 1635 1178 πτέρυγι
1665 1105 1758 1158 τοῦ

201 1202 447 1276 Ὄρνιθος
490 1206 615 1267 τοῖς,
637 1203 885 1273 ἐσχάτοις
925 1201 1115 1273 μέρεσι
1158 1199 1265 1253 τῶν
1304 1197 1499 1269 Χηλῶν
1533 1213 1760 1257 συνανα-

195 1294 466 1353 τέλλουσιν
491 1311 505 1323 ·
535 1296 566 1347 ὁ
603 1293 661 1353 δὲ
696 1295 753 1351 ἐν
776 1292 920 1364 ἄκρᾳ
945 1295 1010 1363 τῇ
1041 1292 1302 1363 ἀριστερᾷ
1334 1289 1579 1359 πτέρυγι,
1607 1286 1666 1349 ὃς
1693 1284 1757 1358 δὴ

199 1385 287 1443 καὶ
313 1384 546 1456 ἔσχατος
570 1383 871 1449 ἀνατέλλει,
900 1386 963 1454 τῇ
1000 1382 1043 1453 β’
1067 1382 1162 1436 καὶ
1194 1388 1240 1437 κ’
1273 1381 1380 1453 μοί.
1407 1377 1501 1434 τοῦ
1531 1377 1757 1445 Τοξότου

199 1475 646 1546 συναναφέρεται.

262 1568 360 1621 ΙΔ’.
397 1564 509 1619 Τοῦ
540 1566 599 1619 δὲ
639 1565 918 1637 Ὑδροχόου
962 1562 1259 1637 ἀρχομένου
1289 1559 1592 1614 ἀνατέλλειν
1623 1558 1756 1629 φησὶ

198 1656 714 1715 συνανατεταλκέναι
744 1655 822 1726 τῷ
861 1654 1138 1724 Αίγόκερῳ
1168 1651 1260 1706 τοῦ
1303 1653 1499 1704 Ἵππου
1528 1648 1625 1720 τὴν
1666 1665 1759 1701 κε-

201 1748 364 1819 φαλὴν
390 1749 488 1802 καὶ
514 1748 650 1811 τοὺς
674 1747 864 1809 πόδας·
894 1745 1069 1799 δύνειν
1096 1744 1152 1796 δὲ
1184 1742 1251 1796 τὰ
1275 1741 1493 1794 ὀπίσθια
1509 1739 1603 1793 τοῦ
1627 1740 1761 1792 Κενιι

196 1837 408 1909 ταύρου,
446 1838 543 1890 καὶ
569 1835 663 1891 τοῦ
689 1835 883 1907 Ὕδρου
910 1835 969 1887 τὸ
997 1834 1101 1891 ἀπὸ
1126 1836 1222 1904 τῆς
1250 1830 1490 1902 κεφαλῆς
1519 1829 1623 1894 ’έιως
1653 1828 1755 1899 τῆς

197 1926 407 2000 πρώτης
454 1927 708 1999 σπείρας.
747 1929 804 1980 ’0
834 1927 889 1980 δὲ
927 1925 1149 1993 Εΰδοξὸς
1184 1943 1314 1997 φησι
1346 1925 1440 1978 καὶ
1472 1924 1569 1995 τὴν
1599 1924 1749 1976 Κασ-

199 2020 429 2079 σιέπειαν
480 2019 792 2073 ἀνατέλλειν
837 2019 931 2072 καὶ
974 2017 1062 2071 τὸν
1113 2017 1359 2086 Δελφῖνα.
1400 2017 1468 2068 Ἀ
1516 2015 1613 2086 μὲν
1661 2009 1752 2067 οὖν

197 2112 336 2181 κοινῇ
375 2111 636 2181 εἰρήκασι
654 2151 668 2174 ,
698 2108 877 2180 σχεδὸν
909 2111 1187 2179 συμφωνεῖ
1215 2109 1327 2171 τοῖς
1368 2105 1707 2177 φαινομένοις
1733 2121 1748 2135 ·

198 2199 325 2270 πλὴν
358 2201 438 2254 ὅτι
466 2203 500 2272 ή
539 2199 750 2272 κεφαλὴ
790 2200 882 2254 τοῦ
907 2200 1104 2272 Ὕδρου
1140 2201 1252 2262 τοῖς
1283 2199 1530 2268 ἐσχάτοις
1564 2197 1751 2266 μέρεσι

197 2289 281 2341 τοῦ
309 2288 534 2355 Τοξὸτου
571 2290 795 2363 ἄρχεται
823 2289 1281 2354 ἀντικαταδύνειν,
1315 2289 1409 2341 καὶ
1447 2288 1508 2341 οὐ
1550 2286 1629 2357 τῷ
1660 2288 1754 2339 Ai-

199 2379 414 2452 γόκερῳ.
463 2381 574 2435 Τοῦ
622 2380 678 2433 δὲ
704 2381 897 2434 Ἵππου
935 2380 997 2434 οὐ
1050 2379 1206 2450 μόνον
1248 2382 1281 2450 ή
1328 2376 1534 2449 κεφαλὴ
1574 2379 1665 2431 καὶ
1702 2376 1751 2434 οἱ

196 2469 341 2534 πόδες
363 2471 813 2538 ἀνατετάλκασιν,
839 2470 973 2524 ἀλλά
996 2471 1089 2524 καὶ
1110 2472 1159 2523 οἱ
1180 2463 1318 2540 ὦμοι
1341 2468 1515 2527 καὶτὸ
1538 2467 1748 2538 στῆθος.

260 2561 488 2633 Παρέχει
535 2561 600 2615 δέ
649 2577 790 2623 τισιν
835 2563 1114 2621 ἐπίστασιν
1148 2561 1264 2625 πῶς
1303 2560 1394 2621 ἐπὶ
1439 2558 1547 2613 τῶν
1579 2558 1752 2613 ἄλλων

200 2653 386 2719 ζωδίων
406 2658 435 2710 ὁ
471 2657 713 2729 Ἄρατος
739 2655 836 2720 τὰς
863 2656 1036 2728 ἀρχὰς
1079 2656 1171 2709 ἐπὶ
1201 2657 1297 2726 τῆς
1330 2654 1588 2725 ἀνατολῆς
1620 2655 1752 2708 ὑπο-

201 2745 478 2817 τιθέμενος,
509 2748 618 2809 καὶ,
644 2746 813 2810 οὕτως
832 2746 929 2810 τὰς
962 2746 1070 2800 τῶν
1103 2746 1273 2801 ἄλλων
1314 2746 1525 2815 ἄστρων
1564 2745 1754 2799 ἀνατο-

201 2835 289 2901 λὰς
316 2838 406 2891 καὶ
446 2837 634 2902 δύσεις
663 2837 961 2907 διασαφῶν,
991 2838 1082 2891 τὸν
1121 2836 1401 2915 Ὑδροχὸον
1429 2836 1591 2908 μέσον
1627 2837 1755 2897 ἁνατ

201 2927 388 2991 τέλλειν
423 2929 765 2997 ὑποτίθεται,
799 2930 971 3000 λέγων
1004 2928 1173 2994 οὕτως
1193 2945 1207 2960 ·

262 3131 459 3199 Ἵππος
488 3132 547 3186 δ’
591 3133 929 3201 Ὑδροχόοιο
956 3131 1150 3201 μέσον
1173 3127 1710 3200 περιτελλομένοιο,

262 3204 450 3258 Ποσσί
481 3221 556 3257 τε
581 3204 679 3258 καὶ
962 3200 1370 3261 (inritaverat.

201 3311 357 3367 Τοῦτο
372 3313 417 3366 δ’
444 3313 677 3384 ἀπορῶν
700 3316 730 3367 ὁ
762 3314 1040 3381 Ἀτταλος,
1069 3315 1228 3384 φησὶν
1250 3313 1553 3384 ἁμάρτημα
1577 3306 1713 3365 εἶναι
1735 3326 1748 3340 ο
1792 3306 1797 3309 ’

199 3399 300 3456 δεῖν
326 3403 381 3458 δὲ
401 3406 643 3477 γράφειν
674 3403 846 3468 οὕτως
870 3420 885 3434 ⁸

266 3516 460 3585 Ἵππος
484 3516 545 3571 δ’
595 3517 931 3586 ’Υδροχόοιο
967 3514 1113 3569 νέον
1148 3512 1683 3584 περιτελλομένοιο.

207 3649 452 3704 Λανθάνει
495 3651 553 3704 δὲ
600 3649 691 3704 τόν
743 3666 803 3701 τε
834 3647 1115 3710 Ἀτταλον,
1156 3645 1250 3700 καὶ
1295 3647 1419 3709 τοὺς
1461 3643 1654 3708 ἄλλους
1694 3642 1756 3696 τὺ

211 3739 438 3813 βούλημα
481 3743 577 3796 τοῦ
631 3739 853 3813 ποιητοῦ
878 3757 892 3770 ο
933 3741 1071 3810 τάχα
1108 3739 1164 3792 δὲ
1197 3737 1291 3793 καὶ
1322 3736 1381 3790 τὺ
1413 3735 1751 3807 φαινόμενον.

220 3826 272 3880 ‘0
294 3828 395 3900 γὰρ
421 3829 722 3902 Ὑδροχόος,
742 3832 809 3900 τῇ
839 3828 982 3882 θέσει
1006 3827 1252 3898 κείμενος
1276 3826 1383 3880 ἀπὸ
1413 3825 1755 3897 μεσημϐρίας

209 3919 332 3990 πρὸς
366 3923 628 3993 ἄρκτους,
663 3921 732 3975 τὰ
762 3922 859 3991 μὲν
905 3920 1044 3975 κατὰ
1081 3919 1142 3973 τὸ
1181 3918 1374 3990 στῆθος
1411 3919 1503 3972 καὶ
1542 3918 1639 3988 τὴν
1666 3934 1756 3970 κε-

211 4008 370 4082 φαλὴν
402 4014 543 4085 μέρη
579 4013 712 4066 πολὺ
744 4011 1073 4066 ἐκπίπτοντα
1111 4010 1207 4063 τοῦ
1250 4009 1510 4074 ζωδιακοῦ
1557 4008 1752 4063 κύκλου

211 4103 282 4164 είς
311 4105 369 4155 τὸ
413 4106 544 4176 πρὸς
582 4106 814 4176 ἄρκτους
865 4103 1028 4174 μέρος
1071 4101 1211 4173 ἔχει,
1259 4102 1328 4155 τὰ
1369 4101 1425 4154 δὲ
1465 4099 1608 4155 κατὰ
1633 4102 1756 4165 τοὺς

213 4191 364 4256 πόδας
394 4195 685 4265 νοτιώτερα
707 4195 800 4248 τοῦ
840 4193 1101 4258 ζωδιακοῦ
1132 4192 1330 4247 κύκλου
1351 4209 1365 4222 ·
1390 4194 1448 4245 ἐν
1469 4192 1525 4246 δὲ
1550 4190 1627 4262 τῷ
1649 4190 1756 4267 Cm:

209 4281 367 4356 διακῴ
396 4288 463 4341 τὰ
498 4289 639 4359 μέσα
677 4287 841 4341 αὑτοῦ
884 4289 1077 4342 κεῖται.
1121 4286 1273 4340 Ἐπεὶ
1299 4280 1391 4339 οὖν
1426 4283 1497 4338 τὰ
1520 4284 1755 4359 δωδεκα-

211 4379 428 4452 τημόρια
470 4357 570 4449 τοῦ
604 4381 866 4446 ζωδιακοῦ
910 4379 1107 4435 κύκλου
1148 4379 1454 4439 ὑποτίθεται
1491 4357 1756 4448 ἀναῖρερόα

200 4479 370 4533 μενα,
398 4469 484 4525 διὰ
532 4470 690 4525 τοῦτο
736 4472 764 4524 ὁ
809 4472 1041 4543 ’Ἄρατος
1072 4469 1215 4539 λέγει
1243 4487 1256 4500 ·
1293 4469 1403 4522 Τοῦ
1437 4467 1755 4538 ’Υδροχόου

1861 672 1963 728 pus
1993 657 2213 727 ipsius:
2258 660 2401 714 unde
2448 658 2617 729 liquet
2646 659 2784 713 alam
2820 659 2989 732 Cygni
3040 663 3284 718 dextram
3325 681 3414 720 se-

1859 749 2094 803 cundum
2122 748 2402 805 Eudoxum
2432 758 2681 822 oportere
2715 765 2838 805 cum
2869 754 3160 822 postremis
3199 754 3425 825 Scorpii,

1859 840 2107 911 partibus
2141 841 2451 905 ascendere.
2500 840 2704 896 Aratus
2765 858 2897 896 vero
2940 857 3064 896 cum
3124 842 3422 915 Sagittario.

1858 931 2125 987 duntaxat
2166 933 2419 987 occidere
2461 931 2638 1003 ipsum
2675 935 2894 991 asserit.
2923 932 3035 990 Res
3059 949 3222 1005 porro
3250 937 3322 990 ita
3352 953 3417 991 se

1856 1023 2052 1079 habet:
2083 1039 2204 1094 quae
2235 1024 2292 1079 in
2321 1034 2560 1081 extrema
2587 1032 2723 1080 sunt.
2747 1025 2831 1078 ala
2855 1025 3043 1080 dextra
3064 1025 3254 1096 Cygni,
3285 1041 3410 1080 cum

1857 1113 2116 1168 extremis
2147 1113 2434 1169 Chelarum
2469 1113 2714 1184 partibus
2740 1113 3024 1171 oriuntur:
3064 1129 3183 1183 quae
3223 1115 3278 1167 in
3315 1129 3413 1167 ex-

1856 1207 2129 1261 tremitate
2177 1206 2277 1260 alte
2329 1205 2561 1261 smistrae
2611 1214 2723 1269 est,
2779 1213 2833 1261 et
2886 1213 3155 1274 postrema
3211 1205 3406 1268 oritur,

1855 1312 1979 1351 cum
2024 1297 2282 1353 vicesima
2329 1295 2571 1351 secunda
2623 1294 2902 1367 Sagittarii
2946 1301 3100 1366 parte
3142 1309 3424 1350 consectu-~

1832 1368 1956 1445 vdit.

1923 1569 2061 1628 XIV.
2077 1571 2189 1626 Sub
2208 1571 2421 1627 initium
2437 1578 2660 1627 exortus
2676 1570 2920 1641 Aquarii,
2937 1578 3180 1624 exnrtum
3197 1569 3273 1623 ait
3287 1584 3418 1625 esse

1852 1677 1977 1719 cum
2029 1662 2361 1733 Capricorno
2414 1661 2552 1733 Equi
2608 1671 2772 1733 caput
2826 1678 2891 1717 ac
2921 1662 3119 1732 pedes;
3161 1660 3416 1716 occidere

1853 1770 1982 1810 vero
2036 1757 2336 1826 posteriora
2369 1756 2646 1822 Centauri,
2699 1772 2763 1812 ac
2815 1756 2882 1812 de
2929 1756 3113 1829 Hydro
3144 1754 3415 1826 quidquid

1853 1862 1889 1903 a
1913 1847 2089 1916 capite
2134 1854 2218 1902 est
2250 1846 2316 1902 ad
2346 1846 2574 1918 primam
2602 1847 2827 1917 spiram.
2875 1846 2945 1900 At
2984 1846 3244 1902 Eudoxus
3271 1846 3408 1902 Cas»

1855 1938 2091 2008 siepeam
2142 1939 2366 2009 insuper
2405 1939 2559 2006 oriri,
2606 1954 2670 1993 ac
2713 1937 3034 2008 Delphinum
3071 1940 3287 1994 asserit.
3350 1938 3416 1992 In

1850 2029 1943 2084 his
1984 2045 2112 2084 vero
2164 2045 2285 2100 qua:
2326 2030 2395 2085 ab
2424 2030 2685 2085 ambobus
2724 2027 3088 2083 communiter
3130 2028 3408 2092 dicuntur,

1849 2118 2238 2189 propemodum
2288 2118 2661 2189 apparentium
2721 2117 2844 2173 ﬁdei
2893 2117 3256 2188 respondent;
3299 2117 3416 2173 nisi.

1849 2210 1994 2280 quod
2046 2208 2214 2282 Hydri
2262 2219 2424 2281 caput
2469 2211 2773 2268 orientibus
2821 2210 3081 2267 extremis
3134 2210 3418 2282 Sagittarii

1850 2302 2119 2374 partibus,
2139 2318 2248 2359 non
2270 2303 2626 2375 Capricorno,
2654 2303 2982 2360 descendere
3004 2302 3195 2374 incipit
3223 2317 3288 2357 ex
3320 2300 3412 2357 ad-

1849 2409 2027 2455 verso.
2059 2394 2196 2466 Equi
2219 2405 2396 2451 autem
2426 2411 2535 2453 non
2561 2396 2734 2452 solum
2760 2402 2923 2465 caput
2949 2409 3013 2449 ac
3036 2395 3199 2465 pedes
3236 2392 3417 2449 exorti

1851 2497 2024 2557 sunt;
2053 2489 2147 2544 sed
2179 2488 2390 2545 humeri
2417 2488 2579 2544 etiam
2613 2503 2676 2543 ac
2707 2495 2915 2558 pectus.

1920 2583 1997 2636 Ac
2038 2580 2315 2636 nonnullis
2347 2580 2781 2636 consideratione
2829 2576 2993 2649 digna
3031 2592 3122 2633 res
3176 2575 3419 2643 videtur,

1850 2688 1951 2730 cur
2000 2687 2124 2726 cum
2180 2670 2379 2727 Aratus
2431 2677 2746 2726 ceterorum
2800 2669 2956 2724 initia
3009 2669 3286 2739 signorum
3353 2670 3408 2724 in

1851 2767 2063 2822 oriente
2107 2763 2380 2830 statuerit,
2425 2772 2587 2834 atque
2623 2763 2697 2816 ita
2757 2762 3229 2818 constellationum
3261 2760 3401 2814 alia-

1852 2873 1976 2915 rum
2022 2865 2174 2912 ortus
2222 2863 2278 2911 et
2331 2869 2562 2910 occasus
2599 2854 2922 2923 explicarit,
2976 2852 3214 2908 medium
3263 2852 3407 2907 dun-

1854 2956 2003 3002 taxat
2049 2947 2348 3018 Aquarium
2405 2946 2737 3003 exorientem
2806 2945 3039 3010 fecerit,
3093 2944 3178 3000 bis
3239 2945 3414 3001 versi-

1851 3042 1955 3101 bus
1990 3061 2010 3099 ξ

1922 3132 2105 3203 Equus
2132 3150 2250 3188 vero
2279 3132 2508 3201 Aquario
2542 3129 2712 3203 medio
2754 3131 2953 3197 oriente

1777 3238 1819 3297 ρ
1924 3202 2152 3259 Pedibus
2178 3213 2227 3259 et
2254 3203 2421 3271 capite
2443 3202 2740 3261 revolvitur.

1853 3315 1981 3375 Haec
2010 3332 2133 3372 cum
2176 3316 2461 3387 quasisset
2502 3314 2735 3376 Attalus.
2765 3329 3005 3370 errorem
3050 3328 3172 3370 esse
3193 3327 3416 3386 responc

1853 3411 1962 3473 dit,
2004 3411 2185 3479 itaque
2212 3408 2559 3499 scribendum
2591 3406 2762 3462 videri
2790 3425 2804 3461 :

1925 3521 2105 3592 Equus
2143 3537 2258 3581 vero
2291 3521 2524 3591 Aquario
2560 3536 2737 3576 recens
2762 3520 2978 3579 oriente.
3020 3592 3025 3599 ί

1926 3651 2031 3707 Sed
2088 3667 2262 3722 neque
2306 3652 2549 3717 Attalus,
2603 3669 2777 3724 neque
2823 3655 3002 3709 caeteri
3049 3662 3220 3726 poetae
3258 3671 3386 3712 men

1857 3749 1963 3796 tem
2025 3741 2524 3801 animadverterunt
2570 3760 2585 3795 :
2635 3743 2745 3798 imo
2796 3759 2864 3799 ne
2920 3747 3091 3815 ipsam
3152 3746 3415 3815 quidem,

1861 3840 1922 3887 ut
1952 3833 2166 3906 Opinor,
2198 3834 2609 3911 lapparentiam.
2657 3833 2870 3890 Etenim
2898 3834 3172 3906 Aquarius
3209 3851 3273 3891 eo
3301 3837 3412 3893 situ

1856 3924 2180 3992 collocatus,
2214 3933 2275 3979 ut
2320 3941 2349 3979 a
2389 3927 2616 3990 meridie
2651 3928 2717 3983 ad
2758 3929 3157 4000 septentriones
3184 3936 3366 3999 vergat
3397 3946 3413 3995 ;

1856 4016 1925 4072 iis
1981 4016 2226 4088 partibus
2272 4032 2393 4088 quae
2436 4028 2561 4074 sunt
2588 4020 2655 4073 ad
2705 4031 2895 4091 pectus
2935 4030 3224 4092 caputque,
3275 4022 3416 4077 mulc

1854 4118 1970 4165 tum
1995 4126 2024 4164 a
2053 4111 2275 4165 zodiaco
2299 4111 2536 4166 declinat
2557 4113 2625 4169 ad
2647 4115 2980 4184 aquilonem;
3001 4129 3121 4184 quae
3141 4112 3206 4168 ad
3230 4113 3415 4184 pedes,

1857 4203 2209 4258 australiorcs
2222 4211 2350 4259 sunt
2371 4204 2592 4259 zodiaco
2613 4205 2842 4272 circulo;
2865 4203 3040 4261 media
3058 4204 3229 4274 ipsius
3256 4205 3315 4259 in
3333 4219 3421 4258 zo-

1856 4295 2017 4349 diaco
2042 4296 2410 4351 collocantur.
2443 4295 2805 4362 Quamobrem
2833 4312 2956 4351 cum
2987 4297 3184 4352 Aratus
3209 4296 3421 4357 zodiaci

1856 4388 2294 4443 dodecatemoria
2322 4389 2377 4442 in
2417 4387 2536 4458 ipso
2573 4389 2966 4459 contempletur
2994 4404 3242 4453 ascensu,
3274 4388 3416 4451 ideo,

1856 4494 1979 4534 cum
2032 4479 2306 4549 Aquarius
2364 4479 2544 4533 medio
2592 4493 2821 4549 corpore
2859 4480 3055 4548 oritur,
3089 4477 3290 4550 Equus,
3319 4478 3418 4543 ait,

212 4559 349 4619 κατὰ
369 4562 561 4630 μέσον
594 4563 699 4618 τοῦ
728 4561 998 4637 σώματος
1023 4561 1479 4627 ἀνατέλλοντος,
1499 4562 1532 4615 ό
1556 4560 1758 4624 Ἵππος

1863 4570 2182 4641 pedibusque
2222 4579 2273 4624 et
2323 4572 2494 4640 capite
2530 4570 2859 4625 revolvitur:
2902 4586 3013 4627 non
3061 4578 3241 4625 autem
3293 4584 3418 4623 cum

214 4651 349 4703 ποσί
378 4669 441 4705 τε
462 4655 560 4708 καὶ
602 4653 836 4723 κεφαλῇ
866 4653 1283 4711 ἁνελίσσεταιο
1314 4651 1407 4706 καὶ
1430 4650 1550 4721 οὐχὶ
1571 4649 1631 4703 τὸ
1666 4648 1762 4720 μέ-

216 4756 300 4794 σον
324 4744 413 4797 τοῦ
441 4747 498 4799 ἐν
532 4746 611 4817 τῷ
651 4747 922 4816 δωδε-κατη
932 4745 1099 4817 μορίῳ
1133 4747 1355 4817 μήκους,
1384 4745 1460 4808 ὡς
1494 4743 1629 4797 οἵτε
1661 4760 1765 4796 πα-

215 4828 344 4895 λαιοὶ
372 4837 463 4889 καὶ
493 4840 521 4892 ὁ
556 4838 815 4902 Ἄτταλος
840 4838 1135 4909 ἐκδέχεται.
1171 4837 1485 4906 Ἀναγκαῖον
1509 4832 1601 4889 οὖν
1626 4833 1763 4888 εἷναι

214 4920 349 4977 δοκεῖ
378 4944 464 4996 μοι
499 4929 572 5001 μὴ
620 4929 959 5000 μετατιθέναι
990 4929 1079 4982 τὶν
1111 4929 1311 4999 στίχον,
1342 4927 1417 4991 ὡς
1442 4929 1472 4991 ἁ
1505 4925 1764 4988 ’Ἄτταλος

218 5012 572 5088 ὕποδεικνύει,
605 5024 663 5077 ἐν
689 5022 824 5076 πᾶσί
851 5039 916 5090 γε
954 5021 1019 5093 δὴ
1059 5023 1170 5084 τοῖς
1208 5018 1563 5091 ἀντιγράφοις
1591 5017 1763 5081 οὕτως

217 5107 369 5162 αὑτοῦ
396 5115 760 5186 γραφομένου.

290 5199 347 5253 Ὀ
380 5202 437 5255 δὲ
480 5205 705 5272 Εὔδοξος
754 5206 939 5273 ἀγνοεῖ
987 5204 1117 5276 περί
1151 5222 1209 5265 τε
1252 5204 1351 5275 τῆς
1397 5203 1762 5267 Κασσιεπείας

216 5287 304 5371 καὶ
332 5291 421 5352 τοῦ
456 5296 726 5366 Δελφῖνος.
757 5296 831 5349 Οὐ
871 5294 978 5369 γὰρ
1015 5295 1092 5365 τῷ
1133 5296 1411 5371 Αςὶγόκερῳ
1452 5293 1764 5348 συνανατέλ-

218 5370 322 5425 λει·
349 5378 457 5432 ἀλλ’
489 5385 520 5454 ἡ
558 5386 654 5456 μὲν
684 5385 1020 5448 Κασσιέπεια
1057 5388 1168 5448 τοῖς
1199 5385 1335 5449 δυσὶν
1359 5384 1437 5456 τῷ
1466 5403 1526 5438 τε
1561 5386 1760 5459 Τοξότῃ

220 5465 305 5555 καὶ
335 5468 408 5545 τῷ
443 5473 740 5548 Αίγόκερῳ.
780 5477 1039 5548 Ἀρχεται
1086 5477 1182 5546 μὲν
1215 5475 1322 5555 γὰρ
1363 5478 1763 5537 συνανατέλλειν

219 5554 278 5626 ’τῇ
314 5565 358 5612 α’
381 5564 472 5616 καὶ
513 5574 561 5621 κ’
592 5568 699 5638 μοί.
725 5568 818 5621 τοῦ
850 5568 1076 5633 Τοξὸτου
1106 5585 1119 5598 °
1163 5554 1384 5639 ἔσχατον
1427 5569 1483 5622 δὲ
1528 5578 1761 5625 συνανα-

218 5644 381 5713 τέλλει,
408 5657 470 5725 τῇ
513 5659 578 5729 ιβ’
618 5658 727 5730 μοί.
762 5659 855 5713 τοῦ
889 5660 1187 5732 Αίγόκερω.
1234 5661 1292 5714 '0
1321 5660 1378 5713 δὲ
1405 5660 1597 5731 Δελφίς
1644 5661 1764 5725 ὅλος

220 5734 291 5836 τῇ)
320 5739 509 5836 Ττξξότῃ
541 5751 909 5805 συνανατέλλει
941 5754 1047 5807 ἀπὸ
1085 5755 1183 5824 τῆς
1231 5759 1278 5807 κ’
1319 5753 1482 5808 αὑτοῦ
1515 5754 1623 5827 μοί.
1661 5754 1765 5819 ἕως

221 5831 311 5895 τῆς
336 5831 428 5890 κδ’.

1863 4663 2219 4735 longitudinis
2269 4662 2325 4716 in
2362 4663 2586 4717 zodiaca
2623 4662 2860 4717 medium
2915 4663 3110 4727 oritur,
3159 4661 3420 4731 quemad-

1862 4755 2082 4810 modum
2120 4760 2232 4807 tam
2264 4753 2499 4820 Attalus,
2545 4767 2707 4823 quam
2755 4761 2966 4809 veteres
3014 4753 3417 4808 intellexerunt.

1861 4845 2023 4901 Nullo
2067 4844 2251 4914 itaque
2302 4843 2465 4899 modo
2530 4843 2975 4903 commutandum
3022 4858 3147 4899 esse
3200 4857 3420 4898 versum

1862 4939 2022 4993 illum
2048 4937 2288 4992 arbitror
2311 4976 2326 5001 ,
2373 4943 2431 4990 ut
2463 4934 2649 4990 Attalo
2687 4935 2900 5006 placet;
2948 4951 3074 4991 cum
3119 4950 3230 4991 non
3264 4936 3424 4990 aliter

1863 5029 1921 5084 in
1949 5027 2356 5098 exemplaribus
2399 5025 2654 5082 omnibus
2681 5026 2909 5095 legatur.

1934 5203 2052 5259 Jam
2087 5203 2141 5257 in
2170 5201 2461 5272 Cassiepea
2504 5208 2560 5256 et
2607 5199 2873 5272 Delphina
2900 5199 3072 5255 falsus
3113 5205 3198 5254 est
3243 5196 3424 5253 Eudo.

1864 5315 1989 5355 xus.
2023 5296 2142 5352 Non
2189 5296 2333 5352 enim
2365 5310 2487 5350 cum
2521 5294 2857 5367 Capricorno
2882 5292 3256 5350 conscendunt
3286 5309 3299 5344 :
3327 5291 3422 5346 sed

1861 5389 2153 5459 Cassiepea
2182 5402 2307 5443 cum
2341 5388 2578 5451 duobus,
2615 5384 2907 5458 Sagittario
2945 5383 3198 5439 videlicet
3239 5391 3293 5436 et
3320 5382 3424 5436 C1-

1862 5481 2143 5551 pricorno.
2169 5479 2381 5534 Etenim
2421 5479 2556 5534 oriri
2583 5477 2776 5547 incipit
2803 5491 2926 5530 cum
2954 5474 3216 5530 vicesima
3246 5473 3427 5543 prima

1862 5579 2014 5644 parte
2054 5570 2362 5641 Sagittarii;
2414 5580 2697 5641 postremo.
2739 5582 2870 5622 vero
2921 5582 3044 5622 cum
3100 5565 3427 5635 Capricorni

1860 5662 2184 5725 duodecima
2208 5662 2409 5721 oritur.
2435 5661 2504 5715 At
2527 5659 2827 5730 Delphinus
2861 5674 2985 5714 cum
3019 5656 3312 5728 Sagittario
3345 5664 3425 5711 to-

1863 5765 1952 5810 tus
1998 5755 2242 5808 exoritur
2271 5770 2301 5808 a
2338 5762 2489 5825 parte
2534 5752 2708 5823 ipsius
2739 5750 3018 5815 vicesima,
3064 5748 3131 5804 ad
3171 5756 3424 5820 quartam

1865 5855 1919 5903 et
1943 5846 2277 5902 vicesimam.
