3928 6266
481 447 614 505 1087

1457 444 1547 500 AD
1583 440 1852 502 EUSEBII
1889 433 2280 494 CHRONICON
2319 439 2679 498 APPENDIX.

3562 440 3704 495 1088

554 557 902 616 XV.Oriente
929 557 1169 614 Piscium
1203 558 1360 613 initio
1387 558 1587 614 Aratus
1617 559 1834 628 quidem
1851 554 2034 608 aitoc-
2062 599 2064 607 λ

2211 551 2311 606 ΙΕ’.
2347 553 2460 622 Τῆς
2500 552 2556 605 δὲ
2598 551 2772 622 ἀρχῆς
2809 551 2918 605 τῶν
2953 549 3170 621 Ἰχθύων
3200 550 3631 624 ἀνατελλούσης,
3672 555 3705 606 ὅ

481 653 683 707 cidisse
700 651 814 718 jam
840 651 1045 720 reliqua
1077 649 1241 720 Hydri
1272 658 1432 720 atque
1458 650 1788 705 Centaurum
1813 665 1828 714 ;
1855 657 2037 702 ortum

482 757 606 797 esse
636 756 764 797 vero
793 739 1006 796 Piscem
1037 742 1330 796 australem
1362 759 1469 796 non
1499 742 1742 811 penitus,
1781 739 1876 795 sed
1925 738 2042 794 exi-

485 849 588 903 gua
625 833 810 887 relicta
838 841 989 902 parte
1015 851 1028 897 ;
1061 834 1186 886 item
1215 833 1569 888 Andromedae
1601 833 1819 888 dextras
1847 833 1902 886 in
1933 831 2043 886 lon-

487 925 784 996 gitudinem
816 933 1020 995 partes.
1051 925 1306 980 Eudoxus
1336 927 1389 981 in
1420 927 1599 996 priore
1625 926 2041 990 commentario,

488 1033 648 1087 quem
702 1027 923 1074 secutus
971 1027 1054 1072 est
1101 1020 1320 1082 Aratus,
1372 1019 1534 1073 etiam
1579 1019 1758 1073 Persei
1797 1020 2042 1073 dextram

489 1125 710 1162 manum
744 1110 875 1162 oriri
921 1117 1088 1176 putat.
1129 1110 1184 1162 ln
1225 1108 1634 1176 Enoptro_ver0,
1668 1119 1838 1163 totum
1889 1111 2048 1182 126

489 1201 566 1254 ait
593 1209 843 1255 exortum
878 1217 1031 1262 esse,
1077 1210 1272 1271 praeter
1309 1204 1555 1272 exiguam
1601 1210 1841 1272 partem;
1877 1204 2046 1274 llydri

490 1299 670 1346 autem
721 1292 984 1362 quidquid
1037 1293 1104 1347 ad
1149 1293 1384 1351 Corvum
1439 1309 1608 1364 usque
1637 1302 1740 1360 est,
1773 1296 2042 1352 occidere.

493 1382 592 1438 llic
643 1383 896 1440 Eudoxus
934 1395 1158 1440 eatenus
1196 1385 1266 1439 ab
1309 1387 1693 1455 apparentibus
1735 1387 2047 1458 discrepare

494 1480 866 1536 tantummodo
922 1479 1052 1532 mihi
1097 1479 1342 1543 videtur,
1392 1480 1544 1548 quod‘
1576 1481 1745 1533 solam
1805 1483 2047 1537 dextram

496 1589 715 1628 manum
752 1571 932 1627 Persei
965 1586 1088 1625 cum
1123 1571 1362 1640 Aquario
1395 1571 1538 1624 dicat
1567 1571 1876 1627 ascendere.
1914 1572 2048 1626 Nam

497 1663 720 1716 dimidia
752 1661 860 1716 fere
893 1677 1020 1730 pars
1044 1662 1215 1730 ipsius
1248 1662 1424 1714 oritur
1454 1676 1576 1715 cum
1616 1662 1871 1732 Aquario.
1910 1662 2053 1717 Sane

498 1752 858 1814 lucidissima,
887 1767 1007 1821 qua:
1025 1761 1109 1806 est
1147 1752 1200 1805 in
1233 1752 1378 1807 illius
1411 1768 1656 1822 corpore,
1681 1769 1803 1807 cum
1828 1753 2053 1823 Aquarii

498 1849 649 1913 parte
697 1844 922 1912 septima
967 1858 1030 1897 ac
1066 1845 1325 1899 vicesima
1375 1846 1677 1915 consurgit.
1731 1845 1802 1898 At
1851 1847 2052 1899 Aratus

499 1933 726 1996 fallitur,
783 1933 1023 2006 Hydrum
1056 1937 1378 1991 existimans
1426 1943 1596 1990 totum
1660 1938 1898 2006 Aquario
1941 1938 2052 1992 ori-

499 2032 622 2078 ente
651 2023 1001 2079 descendere.
1025 2024 1237 2080 Etenim
1269 2042 1389 2096 quae.
1420 2028 1472 2080 in
1504 2030 1848 2082 extremitate
1871 2029 2058 2083 caudae

500 2128 669 2183 supra
699 2113 1029 2170 Centaurum
1069 2117 1172 2170 sita
1223 2125 1306 2173 est
1361 2118 1536 2182 stella,
1595 2118 1793 2173 occidit
1849 2119 2057 2175 oriente

503 2205 790 2262 undecima
841 2217 992 2277 parte
1052 2207 1312 2263 Piscium.
1387 2210 1574 2266 Melius
1607 2211 1772 2281 igitur
1800 2211 2057 2267 Eudoxus

501 2300 701 2354 asserit
757 2297 923 2370 Hydri
978 2301 1206 2356 caudam
1255 2301 1432 2356 adhuc
1491 2318 1613 2357 esse
1655 2302 1950 2358 residuam.
1999 2301 2058 2358 In

503 2388 778 2443 Centauro
802 2389 944 2445 idem
977 2405 1132 2444 error
1164 2391 1468 2460 utriusque.
1491 2391 1604 2445 Non
1626 2392 1771 2447 enim
1797 2400 1944 2448 totus
1975 2408 2062 2447 oc-

503 2493 691 2533 casum
745 2479 870 2536 fecit
913 2481 1257 2535 commodum
1303 2482 1602 2536 orientibus
1638 2482 1921 2548 Piscibus;
1965 2481 2060 2538 sed

504 2566 778 2620 anteriora
808 2567 952 2624 illius
983 2567 1160 2622 adhuc
1213 2585 1378 2638 supra
1425 2571 1758 2626 horizontem
1799 2573 2057 2627 eminent.

505 2653 716 2724 Quippe
770 2664 956 2726 caput,
993 2672 1058 2712 ac
1100 2658 1288 2712 dexter
1329 2659 1500 2727 ipsius
1551 2659 1810 2713 humerus
1838 2659 2063 2714 orienti-

506 2746 610 2802 bus
639 2746 886 2804 Piscibus
915 2751 1277 2804 occultantur.
1309 2749 1364 2803 In
1407 2751 1630 2806 australi
1658 2765 1876 2821 quoque
1908 2750 2064 2806 Pisce

507 2840 668 2894 ambo
723 2840 926 2910 pariter
978 2849 1168 2896 contra
1217 2841 1374 2897 Iidem
1407 2844 1781 2914 apparentium
1814 2854 2061 2914 peccant,

509 2929 637 2984 dum
667 2946 790 2985 eum
829 2932 1166 2988 arbitrantur
1195 2934 1462 3004 integrum
1499 2934 1612 2990 fere
1657 2950 1783 2990 cum
1824 2936 2064 3004 Aquario

510 3022 898 3079 conscendere.
945 3024 1077 3080 Nam
1107 3042 1139 3082 e
1180 3028 1458 3081 contrario
1491 3027 1725 3082 maxima
1773 3043 1900 3098 pars
1947 3029 2066 3098 ejus

511 3128 635 3169 cum
664 3113 912 3171 Piscibus
943 3118 1133 3172 oritur.
1162 3117 1375 3173 Etenim
1410 3119 1704 3174 australior
1732 3134 1921 3175 earum
1944 3137 2066 3190 qna:

2142 641 2240 712 μὲν
2257 643 2486 714 ’Ἄρατός
2511 660 2670 714 φησιν
2697 642 2967 696 δεδυκέναι
2999 643 3067 695 τά
3106 660 3165 696 τε
3186 641 3346 698 λοιπά
3376 643 3472 697 τοῦ
3502 644 3706 714 ’Υδρου

2139 733 2234 787 καὶ
2282 734 2372 788 τὸν
2427 736 2732 807 Κένταυρον
2753 752 2766 766 ·
2813 736 3224 790 ἀνατεταλκέναι
3273 737 3329 789 δὲ
3381 738 3474 790 τὸν
3531 738 3708 790 νότιον

2153 824 2324 895 Ἰχθὺν
2355 825 2451 895 οὐχ
2500 825 2639 889 ὅλον,
2685 825 2818 880 ἀλλά
2855 828 3004 898 παρὰ
3051 826 3273 897 μικρὸν·
3313 827 3404 880 καὶ
3446 826 3553 895 τῆς
3591 828 3710 878 Ἀν-

2141 917 2402 989 δρομέδας
2435 917 2503 971 τὰ
2541 915 2688 982 δεξιά
2735 918 2873 989 μέρη
2908 919 3046 971 κατὰ
3095 918 3266 989 μῆκος
3291 935 3304 951 ·
3334 921 3362 972 6
3385 919 3442 972 δὲ
3479 917 3709 982 Εῦδίιξος

2143 1009 2199 1060 ὲν
2229 1008 2327 1078 μὲν
2353 1008 2432 1078 τῷ
2459 1016 2507 1062 α’
2548 1010 2899 1080 συντάγματι,
2935 1003 2978 1077 ᾧ
3008 1010 3070 1081 δὴ
3104 1012 3196 1063 καὶ
3241 1011 3270 1061 6
3301 1012 3537 1082 Ἄρατος
3580 1027 3711 1062 κατ-

2143 1100 2444 1167 ακολουθεῖ,
2473 1101 2686 1154 καὶτοῦ
2726 1102 2975 1174 Περσέως
3012 1103 3110 1173 τὴν
3148 1102 3322 1168 δεξιὰν
3358 1104 3520 1174 χεῖρά
3549 1120 3714 1173 φησιν

2143 1190 2466 1244 ἀνατέλλειν.
2510 1192 2598 1244 Ἐν
2627 1192 2683 1244 δὲ
2713 1192 2790 1262 τῷ
2827 1194 3113 1260 Ἐνόπτρῳ
3155 1193 3273 1246 ὅλον
3305 1193 3468 1245 αὑτὸν
3519 1193 3713 1245 ἀνατε-

2146 1283 2396 1336 ταλκέναι
2429 1282 2576 1353 παρά
2620 1283 2815 1356 μικροῦ
2859 1301 3001 1348 τινος
3021 1301 3033 1312 ·
3066 1283 3158 1336 τοῦ
3200 1283 3257 1336 δὲ
3293 1283 3494 1356 ’Ύδρου
3523 1284 3588 1336 τὸ
3619 1286 3714 1355 μέ-

2147 1391 2236 1446 χρι
2266 1375 2401 1445 πρὸς
2425 1373 2514 1426 τὸν
2546 1375 2769 1446 Κόρακα
2805 1375 2998 1428 δύνειν.
3033 1379 3188 1428 Δοκεῖ
3215 1376 3270 1428 δέ
3303 1393 3392 1446 μοι
3424 1378 3454 1428 6
3484 1375 3718 1440 Εὔδοξος

2149 1467 2276 1537 περὶ
2313 1465 2404 1518 τοῦ
2438 1466 2686 1535 Περσέως
2719 1466 2858 1519 κατὰ
2885 1466 3038 1520 τοῦτο
3069 1467 3227 1537 μόνον
3253 1467 3546 1536 διαφωνεῖν
3584 1468 3717 1537 πρὸς

2149 1557 2209 1610 τὸ
2235 1558 2572 1628 φαινόμενον,
2609 1557 2726 1610 καθ’
2753 1559 2874 1610 ὅσον
2905 1559 3067 1629 φησὶν
3099 1558 3265 1629 αὐτὴν
3303 1560 3465 1628 μόνον
3503 1559 3607 1629 τὴν
3638 1560 3721 1611 δε-

2154 1648 2270 1715 ξιὰν
2291 1653 2445 1720 χεῖρα
2469 1650 2868 1703 συνανατέλλειν
2891 1649 2968 1720 τῷ
3005 1649 3287 1721 Ὑδροχόῳ.
3317 1650 3390 1703 Τὸ
3411 1650 3524 1721 γὰρ
3545 1651 3720 1720 ἥμισυ

2157 1742 2337 1812 σχεδὸν
2377 1742 2537 1795 αὑτοῦ
2587 1743 2750 1812 μέρος
2790 1740 2866 1812 τῷ
2910 1742 3175 1813 ’Υδροχόῳ
3229 1741 3650 1795 ωνανατὲλλεν
3695 1743 3723 1792 6

2155 1833 2283 1900 γοῦν
2321 1835 2377 1885 έν
2412 1833 2558 1904 μέσῳ
2591 1833 2666 1904 τῷ
2709 1832 2916 1904 σώματι
2949 1833 3196 1904 λαμπρὸς
3240 1833 3435 1897 ἱκανῶς
3467 1833 3651 1903 ἀστὴρ
3680 1832 3732 1895 ζ’·

2157 1922 2249 1974 καὶ
2309 1928 2356 1974 κ’
2415 1922 2523 1991 μοι.
2579 1921 2672 1974 τοῦ
2713 1921 2992 1992 ’Υδροχόου
3053 1921 3500 1992 συναναφέρεται.
3556 1922 3618 1974 '0
3668 1921 3724 1974 δὲ

2157 2011 2387 2079 ’Ἄρατος
2413 2009 2632 2078 ἀγνοεῖ,
2661 2009 2751 2062 τὸν
2785 2009 2977 2080 ’Ὑδρον
3005 2009 3122 2064 ὅλον
3157 2010 3234 2080 τῷ
3278 2011 3550 2082 Ὑδροχόῳ
3596 2013 3728 2064 ὑπο-

2154 2100 2440 2170 λαμὸἀνων
2491 2101 2923 2156 ἀντικαταδύνειν
2946 2119 2958 2132 ·
2990 2103 3018 2155 ὁ
3061 2103 3168 2174 γὰρ
3203 2106 3261 2158 ἐν
3299 2105 3443 2175 ἄκρᾳ
3477 2107 3544 2176 τῇ
3592 2106 3730 2178 οὐρᾷ

2156 2191 2295 2264 ὑπὲρ
2338 2191 2434 2262 τὴν
2474 2193 2714 2264 κεφαλὴν
2761 2193 2855 2246 τοῦ
2908 2196 3216 2266 Κενταύρου
3262 2197 3515 2268 κείμενος
3547 2197 3730 2261 δύνει,

2157 2281 2548 2353 ἀνατελλούσης
2578 2283 2678 2352 τῆς
2706 2289 2772 2336 ια’
2807 2283 2914 2354 μοι.
2943 2283 3050 2337 τῶν
3093 2285 3329 2356 Ἰχθύων.
3374 2287 3602 2340 Βέλτιον
3638 2284 3732 2341 οὖν

2158 2375 2187 2426 6
2211 2371 2434 2440 Εὔδοξος
2465 2374 2840 2441 ἀποφαίνεται,
2874 2377 3045 2445 λέγων
3075 2377 3168 2430 τοῦ
3204 2377 3400 2449 Ὕδρου
3431 2378 3534 2450 τὴν
3563 2380 3738 2451 ούράν-

2160 2462 2238 2514 ἕτι
2269 2463 2670 2518 ὑπολείπεσθαι.
2703 2465 2835 2536 Περὶ
2873 2465 2929 2519 δὲ
2958 2465 3048 2518 τοῦ
3078 2468 3386 2538 Κενταύρου
3422 2469 3732 2537 ἀμφότεροι

2162 2554 2462 2621 ἀγνοοῦσιν.
2503 2557 2576 2609 Οὐ
2609 2556 2716 2627 γὰρ
2756 2557 2873 2620 ὅλος
2900 2556 2965 2610 ἂν
3008 2557 3220 2612 δέδυκεν
3235 2559 3326 2624 π’,
3355 2559 3466 2613 τῶν
3507 2561 3733 2630 ’ἰχθύων

2161 2649 2476 2719 ἀρχομένων
2531 2650 2890 2722 ἀναφέρεσθαι
2913 2668 2927 2681 °
2969 2651 3080 2705 ἀλλ’
3109 2652 3186 2706 ἔτι
3226 2653 3388 2706 αὑτοῦ
3422 2654 3491 2707 τὰ
3522 2658 3735 2727 ἐμπρά-

2165 2739 2288 2794 σθια
2326 2743 2464 2814 ὑπὲρ
2495 2742 2584 2797 τὸν
2614 2744 2861 2815 ὁρίζοντά
2893 2748 3057 2804 ἐστιν.
3099 2748 3160 2801 Ἠ
3192 2748 3298 2821 γάρ
3338 2749 3554 2821 κεφαλὴ
3585 2752 3682 2803 καὶ
3708 2753 3736 2804 ὁ

2162 2829 2330 2897 δεξιὸς
2371 2827 2518 2904 ὦμος
2550 2835 2712 2888 αὑτοῦ
2741 2839 2852 2900 τοῖς
2879 2837 3104 2908 Ἰχθύσιν
3147 2839 3582 2894 ἀντικαταδύνει.
3616 2844 3736 2894 Δια-

2165 2926 2397 2992 φωνοῦσι
2442 2927 2499 2979 δὲ
2543 2928 2838 3000 ἀμφότεροι
2869 2931 3002 3002 πρὸς
3034 2930 3094 2983 τὸ
3126 2932 3444 3002 φαινόμενον
3475 2934 3573 2986 καὶ
3609 2935 3738 3004 περὶ

2165 3016 2258 3069 τοῦ
2292 3017 2460 3070 νοτίου
2502 3018 2703 3088 Ἰχθύος
2722 3060 2735 3083 ,
2761 3020 2877 3073 ὅλον
2900 3021 3060 3075 αὑτὸν
3090 3020 3314 3089 ἔγγιστα
3339 3021 3418 3092 τῷ
3462 3023 3739 3094 ’Υδροχόῳ

2168 3109 2633 3180 ὑπολαμϐάνοντες
2681 3112 3098 3167 συνανατέλλειν.
3150 3113 3466 3166 Τούναντίον
3521 3116 3637 3186 γὰρ
3679 3115 3752 3168 eo

513 3214 638 3259 sunt
668 3205 721 3259 in
753 3207 946 3273 cauda,
981 3223 1105 3262 cum
1139 3216 1294 3280 parte
1323 3210 1484 3264 tertia
1505 3211 1745 3266 Piscium
1779 3213 2064 3279 exoritur;

2170 3202 2351 3255 πλεῖον
2381 3202 2544 3256 αὑτοῦ
2577 3206 2742 3274 μέρος
2784 3203 2902 3268 τοῖς
2935 3203 3130 3275 Ἰχθύσι
3177 3206 3631 3276 συναναφέρεται.
3681 3207 3739 3260 '0

514 3296 694 3351 lucida
724 3313 852 3353 vero
885 3316 1003 3370 qua:
1029 3309 1111 3356 est
1147 3301 1203 3356 in
1239 3309 1441 3371 rostro,
1465 3317 1588 3357 cum
1631 3302 1863 3359 Piscium
1897 3306 2064 3360 altera

2173 3294 2271 3364 μὲν
2301 3293 2410 3367 γὰρ
2437 3295 2750 3366 νοτιώτερος
2776 3296 2882 3348 τῶν
2915 3299 2972 3350 ὲν
3007 3299 3073 3368 τῇ
3106 3297 3241 3368 οὐρᾷ
3286 3300 3352 3368 τῇ
3391 3304 3439 3366 γ’
3472 3299 3586 3368 μοί.
3634 3298 3740 3351 τῶν

515 3394 570 3441 et
601 3388 876 3443 vicesima.

584 3588 643 3642 In
675 3587 1019 3643 Andromeda
1065 3604 1290 3659 prorsus
1333 3590 1494 3646 ambo
1545 3591 1756 3662 decepti
1797 3603 1957 3658 sunt;
2023 3591 2073 3647 si

517 3677 732 3747 quidem
767 3695 875 3733 non
902 3679 1077 3734 oritur
1100 3695 1224 3734 cum
1255 3681 1494 3752 Aquario
1519 3690 1572 3738 et
1604 3682 1874 3746 Piscibus,
1908 3690 1967 3737 ut
1993 3684 2073 3738 illi

521 3769 727 3833 volunt,
759 3770 854 3824 sed
889 3786 1012 3825 cum
1034 3770 1367 3842 Capricorno
1397 3781 1450 3829 et
1476 3773 1736 3845 Aquario.
1769 3773 1903 3829 Nam
1928 3777 2076 3845 prior

521 3862 745 3916 sinistra
776 3878 969 3918 manus
1002 3863 1148 3919 illius
1187 3865 1364 3920 oritur
1393 3881 1516 3920 cum
1542 3867 1718 3922 medio
1745 3867 1857 3922 fere
1891 3868 2078 3938 Capri-

521 3969 730 4021 corno;
796 3964 1226 4027 pnstremszero
1273 3957 1462 4015 dextra
1508 3961 1889 4032 cumAquarii
1923 3970 2080 4033 parte

524 4047 777 4103 vicesima
808 4059 1001 4120 quarta
1035 4054 1226 4107 oritur.

596 4248 734 4305 XVI.
786 4250 860 4306 De
910 4252 1106 4308 Arietis
1160 4259 1281 4306 ortu
1326 4251 1464 4309 falso
1500 4255 1573 4308 ita
1615 4240 1806 4309 scribit
1841 4257 2076 4313 Aratus:

529 4338 874 4396 Andromeda:
890 4341 1077 4396 dextra
1110 4343 1286 4398 Pisces

533 4568 644 4637 Ipsi
677 4572 972 4624 attrahunt.
1005 4569 1235 4625 Sinistra
1260 4587 1376 4625 vero
1406 4570 1470 4624 ab
1497 4573 1600 4625 imo
1632 4570 1792 4625 trahit

529 4641 681 4694 Aries
709 4644 967 4703 exoriens.
997 4657 1098 4708 quo
1123 4643 1284 4694 etiam
1315 4642 1512 4695 oriente

531 4709 608 4762 Ab
657 4727 846 4765 occasu
897 4713 1222 4779 prospexeris
1269 4713 1469 4776 Aram,
1515 4720 1757 4766 cwterum
1813 4711 1867 4765 in
1916 4709 2085 4762 altera

2011 4796 2034 4831 τ’

2011 4796 2034 4831 r

534 4851 715 4906 Persei
744 4852 959 4906 orientis
1000 4860 1203 4903 tantum
1239 4859 1397 4916 caput
1432 4859 1481 4904 et
1509 4849 1771 4904 humeros.
1937 4796 2003 4849 pa
2038 4789 2086 4832 te

535 4921 715 4990 Ipsum
747 4933 920 4975 autem
943 4921 1204 4990 cingulum
1231 4924 1390 4973 etiam
1421 4920 1720 4990 ambiguum
1753 4919 1914 4987 fuerit

532 4993 616 5046 An
640 4992 812 5046 Ariete
843 4989 1109 5046 desinente
1141 5001 1410 5060 appareat,
1445 5009 1513 5046 an
1552 4991 1647 5045 sub
1681 4989 1876 5044 Tauro.

603 5127 759 5181 Hunc
793 5128 848 5181 in
897 5126 1116 5180 modum
1169 5133 1475 5197 postremus
1528 5141 1721 5181 versus
1765 5125 2085 5195 concipitur.

532 5217 802 5272 Credibile
829 5224 910 5272 est
945 5231 1106 5286 porro
1131 5231 1223 5286 per
1267 5232 1504 5271 errorem
1538 5217 1771 5287 positum
1795 5231 1915 5271 esse
1939 5229 2072 5269 voca

538 5310 752 5375 bulum,
776 5310 1060 5364 desinente.
1091 5305 1224 5361 Nam
1254 5308 1322 5362 ab
1351 5308 1469 5378 ipso
1509 5309 1692 5377 operis
1723 5307 1875 5362 initio
1901 5308 2089 5378 signo-

537 5416 659 5454 rum
695 5399 936 5454 omnium
966 5399 1233 5469 principia
1273 5399 1326 5452 in
1349 5401 1558 5454 oriente
1587 5399 1837 5462 collocat,
1863 5414 1970 5452 non
1994 5413 2092 5452 au-

538 5503 645 5544 tem
680 5489 880 5553 media,
907 5492 992 5546 vel
1023 5491 1348 5546 desinentia.
1371 5489 1428 5543 ln
1459 5491 1670 5545 caneris
1712 5491 1855 5545 enim
1901 5490 2094 5544 asteri-

540 5585 673 5637 smis
713 5590 893 5653 partes
925 5583 1041 5636 alim
1070 5584 1240 5653 signis
1271 5583 1511 5639 dimidiis
1537 5584 1764 5646 exortis,
1811 5584 1927 5636 aliae
1961 5582 2096 5635 inci-

543 5674 834 5740 pientibus,
901 5681 994 5726 aut
1048 5675 1444 5739 desinentibus,
1479 5684 1652 5738 ortus,
1687 5689 1986 5729 occasusve
2018 5672 2096 5726 la-

615 5831 743 5896 ⁷⁶”[.
772 5833 1092 5890 imago-n.3,
1136 5837 1179 5866 ⁸ο
1209 5833 1357 5902 Apud
1389 5834 1606 5886 Aratum
1637 5832 1698 5885 τὰ
1728 5831 1873 5896 δεξιά
1897 5831 2093 5901 χειρός.

2183 3387 2398 3457 Ἰχθύων
2431 3387 2829 3442 συνανατέλλει’
2863 3391 2891 3441 ὁ
2913 3388 2969 3442 δὲ
2998 3390 3054 3443 ὲν
3080 3388 3158 3460 τῷ
3182 3389 3370 3462 ῥύγχει
3392 3390 3654 3463 λαμπρὸς
3675 3394 3742 3463 τῃ

2171 3484 2219 3530 α’
2245 3479 2337 3531 καὶ
2365 3485 2410 3531 κ’
2440 3478 2550 3548 μοί.
2580 3479 2687 3534 τῶν
2725 3479 2961 3550 Ἰχθύων.

2242 3592 2376 3663 Περὶ
2416 3591 2471 3644 δὲ
2516 3591 2614 3663 τῆς
2657 3592 3009 3664 Ἀνδρομέδας
3055 3593 3352 3666 ὁλοσχερῶς
3401 3596 3744 3666 ἠγνοήκασιν

2173 3684 2494 3756 ἀμφότεροι·
2549 3685 2608 3737 ού
2659 3685 2765 3756 γὰρ
2817 3685 2894 3756 τῷ
2929 3686 3192 3758 ’Υδροχόῳ
3247 3688 3339 3740 καὶ
3381 3689 3496 3749 τοῖς
3545 3687 3742 3757 Ἰχθύσι

2177 3773 2570 3838 συνανατέλλει,
2605 3773 2679 3836 ὡς
2704 3769 2844 3828 οὗτοι
2874 3791 3056 3845 φασιν,
3084 3775 3220 3829 ἀλλά
3244 3775 3322 3847 τῷ
3342 3776 3632 3848 Atro-45991
3654 3778 3745 3830 καὶ

2175 3867 2252 3939 τῷ
2285 3867 2568 3939 ’Υδροχόῳ.
2609 3865 2804 3937 Πρώτη
2854 3869 2952 3939 μὲν
2987 3868 3090 3939 γὰρ
3121 3871 3154 3939 ή
3183 3869 3444 3940 ἀριστερά
3489 3870 3617 3940 χεὶρ
3651 3871 3745 3923 αὐ-

2176 3961 2274 4030 τῆς
2329 3962 2701 4015 συνανατέλλει
2774 3961 2923 4032 μέσῳ
2991 3961 3222 4032 μάλιστα
3276 3961 3354 4032 τῷ
3410 3961 3742 4033 Αἰγόκερῳ·

2177 4054 2477 4127 ὲσχάτη’δὲ
2509 4056 2542 4127 ἡ
2584 4044 2733 4120 δεξιά
2774 4051 3196 4124 συναναφέρεται
3222 4053 3288 4123 τῇ
3333 4052 3376 4105 δ’
3423 4053 3521 4105 καὶ
3552 4061 3602 4105 κ’
3637 4051 3744 4122 μοί.

2178 4147 2272 4202 τοῦ
2309 4149 2611 4221 Ὑδροχόου.

2253 4262 2368 4330 ις’.
2404 4263 2538 4334 Περὶ⁸
2575 4261 2633 4315 δὲ
2682 4261 2784 4330 τῆς
2819 4259 2914 4313 τοῦ
2953 4259 3123 4332 Κριοῦ
3154 4257 3418 4327 ἀνατολῆς
3442 4259 3472 4311 6
3513 4258 3748 4328 Ἄρατος

2180 4353 2372 4422 λέγων,
2409 4353 2486 4408 Τὰ
2501 4351 2618 4423 μὲν
2644 4352 2828 4421 δεξιὰ,
2852 4353 3011 4424 φησὶν
3032 4352 3099 4416 ⁸ο,
3128 4349 3240 4420 τῆς
3279 4349 3670 4418 Ἀνδρομέδας
3697 4351 3747 4400 οὶ

2195 4441 2409 4512 Ἰχθύες

2113 4572 2160 4630 D
2185 4575 2365 4630 Αὐτοὶ
2388 4575 2740 4644 ἐφέλκονται
2759 4594 2772 4607 ·
2801 4575 2872 4629 τὰ
2893 4576 2944 4628 δ’
2973 4575 3252 4644 ἀριστερὰ
3273 4574 3506 4644 νειόθεν
3531 4574 3696 4627 ἕλκει

2185 4646 2361 4713 Κριὸς
2393 4642 2818 4714 ἇνερχόμενος·
2845 4646 2950 4700 τοῦ
2978 4642 3073 4698 καὶ
3106 4642 3647 4714 περιτελλομένοιο,

2198 4713 2676 4785 Ἑσπερόθενίκέν
2696 4715 2844 4769 ἴδοιο
2870 4715 3157 4784 Θυτήριον
3179 4713 3192 4745 έ
3215 4713 3401 4781 αὐτὰρ
3431 4713 3504 4765 ἐν
3534 4713 3695 4780 ἄλλῃ

2186 4853 2445 4922 Περσέος
2469 4853 2866 4919 ἀντέλλοντος
2887 4850 3394 4922 ὅσονλκεφαλήν-τε
3411 4847 3511 4900 καὶ
3531 4849 3750 4917 ὤμους.

2187 4918 2349 4991 Αὐτὴ
2382 4923 2448 4975 δὲ
2474 4922 2640 4988 ζώνη,
2676 4923 2773 4977 καί
2805 4918 2858 4975 κ’
2889 4918 3228 4991 ἀμφήριστιι
3259 4918 3524 4991 πέλοιτο,

2189 4997 2257 5050 Ἢ
2281 4989 2432 5062 Κριῷ
2454 4993 2702 5062 λήγοντι
2726 4989 3060 5062 φαείνεται,
3080 4991 3117 5059 ἣ
3138 4989 3235 5043 ἐπὶ
3265 4989 3480 5056 Ταύρῳ.

2189 5129 2230 5181 Γ
2237 5129 2462 5200 ράφεται
2500 5126 2597 5198 μὲν
2623 5125 2792 5188 οὕτως
2819 5127 2847 5177 6
2876 5124 3098 5194 ἔσχατος
3125 5121 3324 5192 στίχος·
3357 5120 3505 5182 εἰκὸς
3537 5119 3753 5190 μέντοι-

2190 5236 2255 5288 γε
2282 5216 2574 5289 ἠγνοῆσθαι
2613 5215 2702 5280 τδ,
2734 5212 2996 5284 λήγοντι.
3044 5211 3130 5278 Ἐξ
3171 5211 3340 5282 ἀρχῆς
3375 5210 3483 5281 γάρ
3539 5211 3755 5262 πάντων

2189 5308 2298 5361 τῶν
2333 5307 2536 5371 ζωδίων
2557 5304 2656 5368 τὰς
2685 5303 2854 5374 ἀρχὰς
2885 5301 2978 5354 ἐπὶ
3001 5303 3099 5372 τῆς
3136 5300 3392 5369 ἀνατολῆς
3415 5299 3755 5363 ὑποτίθεται,

2194 5401 2291 5452 καὶ
2323 5398 2443 5469 οὐχὶ
2479 5395 2744 5468 μεσοῦντα
2775 5393 2808 5463 ἢ
2845 5394 3098 5464 λήγοντα.
3133 5390 3254 5442 Ἐπὶ
3283 5388 3390 5459 γὰρ
3428 5387 3542 5440 τῶν
3583 5387 3757 5441 ἄλλων

2195 5493 2409 5562 ἄστρων
2439 5486 2564 5541 τινὰ
2599 5486 2697 5558 μὲν
2731 5484 2874 5556 μέρη
2900 5480 3202 5554 μεσούντων
3229 5477 3336 5531 τῶν
3365 5475 3572 5540 ζωδίων
3591 5515 3606 5539 ,
3638 5476 3757 5526 τινὰ

2195 5585 2242 5637 δ’
2269 5581 2641 5656 ἀρχομένωνῆ
2686 5579 2954 5650 ληγόντων
2989 5577 3151 5641 δύνει,
3195 5572 3230 5644 ἢ
3268 5569 3568 5625 ἀνατέλλει.
3597 5567 3756 5621 Ὅθεν

2200 5674 2293 5728 καὶ
2334 5675 2362 5727 6
2399 5670 2656 5734 Ἄτταλος
2699 5670 2837 5724 κατά
2890 5667 2986 5739 μὲν
3035 5666 3186 5719 τοῦτο
3224 5661 3396 5734 ὀρθῶς
3447 5657 3753 5729 συνεώρακε
