3928 6266
207 265 227 318 l
239 261 343 321 089

1183 250 1548 312 HIPPARCHI
1587 249 1678 306 AD
1712 246 2166 306 PHIENOMENA
2205 245 2331 300 LIB.
2368 241 2431 298 ll.

3287 242 3425 298 1090

204 378 265 430 τὸ
295 373 546 444 ἀγνόημα
571 389 584 402 ⁸
623 371 716 426 καὶ
752 370 833 424 δεῖ
868 386 949 424 τοι
981 368 1016 440 ἢ
1047 366 1122 432 ὡς
1161 368 1365 431 ἐκεῖνός
1397 384 1527 438 φησι
1556 367 1753 438 γράφε-

1873 365 2037 418 ciunt.
2063 360 2198 416 Hinc
2228 360 2439 414 Attalus
2461 365 2612 412 recte
2649 357 2749 411 hoc
2786 356 3000 426 quidem
3033 356 3426 411 animadvertit

207 470 333 524 σθαι
362 484 376 497 ·

1861 463 2122 512 erratum.
2168 453 2244 507 'Et
2267 453 2490 507 omnino
2517 449 2621 511 vel,
2671 457 2731 504 ut
2756 450 2832 502 illi
2859 450 3058 518 placet,
3102 451 3173 502 ita
3205 449 3424 503 confor-

1749 560 1757 573 ‘
1863 547 2094 602 mandus
2120 553 2205 600 est
2233 545 2324 598 ille
2348 558 2540 598 versus
2575 561 2586 595 :

209 629 277 681 ‘H
304 624 461 695 Κριῷ
488 624 716 678 ἀνιόντι
744 622 1065 693 φαείνεται,
1094 618 1133 688 ἢ
1166 617 1264 672 ἐπὶ
1305 617 1530 686 Ταύρῳ·
1593 669 1603 679 ,
1656 648 1670 673 η.

206 719 239 790 ἦ
266 718 334 789 νὴ
366 716 465 770 Δία
494 714 664 778 οὕτως
685 731 698 744 ·

206 812 276 864 Ἦ
301 807 456 878 Κριῷ
480 806 756 876 λήγουσα
780 803 1081 875 φαείνεται
1108 821 1120 834 ·

201 897 349 951 ὥστε
376 895 458 962 τὸ,
480 886 774 963 λήγουσα,
807 894 897 946 ἐπὶ
921 893 1020 964 τὴν
1053 890 1226 963 ζώνην
1252 887 1632 961 ἀναφέρεσθαι.
1668 887 1768 940 Λέ-

205 989 338 1060 ληθε
372 987 617 1058 μέντοιγε
658 985 818 1039 αὐτὸν
848 985 909 1038 τὸ
939 983 1182 1055 βούλημα
1219 982 1311 1035 τοῦ
1342 978 1564 1052 ποιητοῦ
1588 979 1679 1032 καὶ
1711 980 1767 1031 ὲν

205 1078 441 1154 τούτοις.
476 1077 640 1144 Λέγει
675 1075 782 1146 γὰρ
814 1075 1010 1138 οὕτως·
1056 1071 1241 1142 Ἡμεῖς
1279 1071 1484 1142 μέντοι
1531 1069 1630 1123 καὶ
1672 1069 1770 1122 ἐπὶ

207 1171 401 1235 τούτῳ
429 1168 510 1235 τῷ
527 1186 590 1223 τε
615 1164 828 1236 ποιητῇ
851 1165 1182 1236 συμφώνως
1207 1164 1303 1218 καὶ
1342 1162 1464 1229 τοῖς
1494 1161 1770 1231 φαινομέ-

205 1280 337 1328 νοις
371 1261 711 1326 ἀκολούθως
736 1259 971 1328 οἰόμεθα
994 1256 1120 1312 δεῖν
1148 1254 1475 1326 γράφεσθαι
1505 1253 1571 1306 τό
1599 1253 1768 1320 ποίη-

200 1368 288 1420 μα
314 1351 424 1404 τὸν
453 1352 674 1419 τρόπον
698 1347 940 1402 τοῦτον·

204 1465 370 1534 Αὐτὴ
400 1465 468 1519 δὲ
493 1463 657 1530 ζώνη,
686 1462 786 1518 καί
821 1464 874 1534 κέ
898 1459 1524 1534 ἀμφήριστα-πέλοιτο,

209 1531 277 1590 Ἡ
307 1531 462 1604 Κριῷ
486 1535 719 1604 ἀνιόντι
738 1531 1058 1604 φαείνεται,
1092 1531 1130 1600 ἢ
1163 1531 1260 1584 ἐπὶ
1298 1533 1511 1599 Ταύρῳ.

207 1606 334 1661 Σὺν
354 1603 451 1669 τῷ
484 1603 793 1673 πασσυδίῃ
823 1603 1226 1658 ἀνελίσσεται.

1866 639 1944 692 Αη
1975 637 2069 692 sub
2097 638 2273 690 Aricte
2301 636 2602 690 ascendente
2637 642 2908 702 appareat,
2941 630 3018 686 vel
3047 632 3139 684 sub
3169 628 3367 694 Tauro,

1865 729 1950 783 vel
1973 727 2026 781 in
2065 726 2210 780 hunc
2247 733 2394 780 certe
2425 724 2674 777 modum:

1863 817 1948 870 An
1976 814 2070 870 sub
2105 815 2282 869 Ariete
2311 814 2548 869 desinens
2589 822 2862 882 appareat.

1867 917 1928 964 ut
1972 909 2312 980 participium
2370 908 2608 961 desinens
2677 905 2744 959 ad
2798 905 3073 974 cingulum
3134 903 3420 972 pertineat.

1866 1002 2232 1056 Nihilominus
2258 1011 2438 1054 tamen
2471 1016 2499 1051 a
2531 1006 2701 1068 poetae
2737 997 3005 1051 sententia
3037 997 3198 1050 etiam
3233 995 3287 1048 in
3336 995 3424 1048 his

1868 1094 2104 1149 aberrat.
2129 1095 2206 1146 lta
2231 1093 2431 1162 quippe
2460 1090 2652 1145 scribit
2710 1106 2722 1142 :
2763 1086 2874 1142 Nos
2906 1097 3079 1141 autem
3122 1087 3176 1140 in
3207 1102 3265 1140 eo
3297 1101 3425 1139 con—

1867 1198 2105 1240 sentanee
2147 1202 2264 1239 cum
2294 1193 2468 1253 poeta,
2503 1190 2550 1235 et
2600 1181 2962 1250 apparentium
3007 1180 3112 1248 ﬁde
3167 1179 3426 1232 credimus

1868 1277 1945 1328 ita
1969 1291 2141 1329 versus
2170 1274 2291 1328 illos
2313 1290 2425 1328 esse
2448 1271 2743 1326 scribendos
2765 1286 2783 1324 :

1871 1451 2060 1523 Ipsum,
2085 1461 2259 1504 autem
2287 1451 2552 1523 cingulum
2580 1451 2741 1504 etiam
2764 1452 3066 1520 ambiguum
3093 1453 3256 1523 fuerit

1874 1523 1951 1576 An
1981 1522 2074 1575 sub
2105 1523 2278 1575 Ariete
2304 1521 2609 1575 ascendente
2637 1532 2906 1588 appareat,
2940 1539 3006 1573 an
3038 1521 3130 1575 sub
3159 1522 3355 1577 Tauro.

1872 1593 2003 1647 Cum
2033 1609 2134 1658 quo
2161 1592 2468 1644 cumulatim
2498 1591 2798 1644 revolvitur.

217 1713 384 1768 Ἐπεὶ
427 1712 568 1782 γὰρ,
591 1711 924 1781 μέλλοντος
958 1709 1064 1764 τοῦ
1101 1707 1284 1778 Κριοῦ
1320 1705 1704 1769 ἀνατέλλειν,
1735 1707 1770 1760 ὁ

1942 1705 2072 1759 Cum
2100 1705 2236 1759 enim
2265 1705 2494 1758 instante
2512 1705 2702 1759 Arietis
2725 1715 2866 1769 ortu,
2895 1705 3114 1759 Perseus
3144 1708 3280 1760 citra
3305 1723 3428 1760 con-

207 1805 476 1874 Περσεὺς
503 1803 983 1874 ὁμολογουμένως
1011 1802 1187 1872 μέχρι
1229 1799 1347 1854 τῶν
1388 1799 1560 1869 ὤμων
1584 1799 1768 1868 ἐκφα-

199 1899 322 1967 νὴς
366 1898 608 1967 γίνεται·
649 1897 768 1965 ἅμα
809 1894 876 1948 δὲ
920 1893 1000 1960 τῷ
1045 1893 1336 1963 ἄρξασθαι
1375 1890 1771 1960 ἀναφέρεσθαι

205 1990 314 2044 τὸν
348 1989 552 2057 Κριόν,
583 1988 798 2055 εὐθέως
823 1986 1078 2055 ἔκδηλος
1117 1988 1155 2056 ἡ
1189 1985 1293 2039 τοῦ
1322 1984 1594 2053 Περσέως
1623 1980 1769 2051 ζώνη

207 2084 459 2154 γίνεται,
491 2080 588 2136 διὰ
624 2081 690 2135 τὸ
722 2079 922 2150 βραχὺ
959 2077 1267 2145 παντελῶς
1311 2076 1771 2147 παραλλάσσειν

207 2174 316 2243 τῆς
344 2174 452 2228 τοῦ
479 2172 657 2242 Κριοῦ
686 2171 878 2244 ἀρχῆς
907 2172 1020 2242 τὴν
1052 2171 1239 2242 φάσιν
1264 2169 1453 2240 αὐτῆς
1471 2187 1484 2201 ο
1515 2167 1770 2229 διστάζει

209 2265 463 2334 πότερον
490 2264 641 2318 κατὰ
665 2263 779 2332 τὴν
808 2263 914 2317 τοῦ
949 2261 1128 2331 Κριοῦ
1151 2259 1485 2330 μέλλοντος
1524 2257 1772 2312 ἀνατέλ-

206 2360 340 2411 λειν
381 2354 580 2426 ἀρχὴν
611 2357 903 2423 ὑπόθηται
936 2353 1162 2424 φανερὰ
1185 2352 1227 2385 ⁸¹
1266 2350 1383 2421 ἤδη
1417 2351 1704 2422 γίνεσθαι·
1729 2348 1768 2418 ἢ

203 2447 302 2500 ἐπὶ
348 2447 414 2500 τὸ
442 2446 682 2517 μᾶλλον
723 2447 1195 2517 ὁμολογούμενον
1221 2445 1369 2514 ἔλθῃ
1390 2461 1404 2474 ·
1433 2441 1582 2496 διότι
1605 2482 1619 2508 ,
1665 2439 1770 2494 τοῦ

213 2539 438 2605 Ταύρου
475 2536 809 2606 μέλλοντος
857 2538 1288 2608 ἀναφέρεσθαι,
1325 2535 1591 2606 ἐκφανής
1639 2536 1770 2588 ἐστι

206 2627 314 2682 τοῦ
340 2628 611 2698 Περσέως
644 2630 682 2698 ἡ
715 2616 868 2699 ’ζώνη
895 2630 1047 2700 μετὰ
1079 2629 1185 2683 τοῦ
1225 2628 1439 2684 λοιποῦ
1477 2626 1767 2698 σώματος.

207 2721 317 2775 Καὶ
341 2720 552 2776 τοῦτον
589 2721 697 2775 τὸν
723 2724 944 2790 τρόπον
981 2722 1352 2793 γραφομένου
1378 2720 1484 2775 τοῦ
1523 2718 1772 2788 ποιήμα-

1874 1795 2178 1848 troversiam
2217 1795 2442 1848 humeris
2484 1803 2630 1847 tenus
2653 1804 2937 1862 apparent;
2967 1796 3284 1866 simulatque
3312 1814 3428 1850 vero

1872 1885 2022 1952 coepit
2081 1885 2232 1937 Aries
2289 1881 2584 1947 ascendere,
2625 1885 2802 1936 statim
2850 1885 3130 1953 conspicua
3173 1887 3243 1939 sit
3295 1905 3429 1940 zona

1875 1976 2076 2042 Persei,
2133 1991 2228 2044 pro
2269 1993 2328 2030 eo
2381 1975 2516 2046 quod
2549 1977 2891 2046 perpusillum
2941 1975 3004 2029 ab
3050 1977 3243 2033 Arietis
3277 1979 3430 2032 initio

1874 2068 2033 2123 distet
2063 2069 2208 2122 illius
2233 2069 2527 2136 apparitio;
2549 2068 2768 2139 ambigit
2795 2078 2966 2138 poeta,
2998 2086 3123 2142 num
3157 2071 3252 2124 sub
3273 2072 3429 2126 Arie-

1877 2161 1941 2214 tis
1977 2161 2118 2215 ortui
2145 2161 2606 2229 appropinquantis
2638 2161 2845 2220 initium
2867 2177 3114 2228 apparere
3140 2161 3257 2230 jam
3279 2163 3431 2216 illam

1874 2263 2098 2316 asserat,
2139 2269 2207 2305 an
2247 2251 2301 2305 id
2346 2262 2556 2320 usurpet
2592 2253 2784 2320 potius,
2833 2254 2971 2322 quod
2999 2255 3051 2306 in
3083 2254 3318 2324 confesso
3355 2263 3432 2309 est

1877 2343 2121 2408 maxime,
2196 2345 2423 2397 instante
2471 2343 2637 2396 Tauri
2677 2353 2902 2406 exortu,
2951 2361 3202 2414 apparere
3254 2346 3435 2401 Persei

1877 2435 2140 2505 cingulum
2169 2451 2274 2488 una
2301 2451 2416 2488 cum
2443 2436 2640 2505 reliquo
2673 2451 2906 2504 corpore.
2942 2437 3109 2508 Atque
3136 2438 3232 2491 hoc
3277 2439 3431 2492 modo

1875 2527 2132 2595 conceptis
2173 2526 2534 2591 carminibus,
2577 2543 2692 2580 cum
2741 2527 2807 2580 iis
2857 2527 3130 2598 integritas
3163 2545 3262 2583 sua
3309 2546 3435 2584 con-

1875 2618 2054 2681 stabit,
2089 2628 2198 2671 tum
2226 2617 2290 2672 de
2310 2619 2518 2689 cingulo
2549 2628 2702 2687 poeta
2740 2636 2843 2672 non
2877 2619 3047 2674 solum
3073 2621 3315 2687 scienter,
3342 2623 3431 2677 sed

1876 2713 2034 2764 etiam
2074 2720 2256 2764 exacte
2294 2714 2570 2779 scripsisse
2597 2712 2876 2766 videbitur.

209 2833 333 2884 τος,
377 2815 449 2870 τά
494 2834 556 2870 τε
596 2818 932 2887 γραφόμενα
981 2817 1349 2888 σωθήσεται,
1397 2816 1496 2870 καὶ
1550 2816 1622 2868 τὰ
1659 2810 1793 2880 περὶ
1846 2806 1977 2876 τῆς·
2012 2803 2192 2873 ᾱῦνης
2223 2809 2256 2858 ό
2289 2805 2539 2875 ποιητὴς
2579 2809 2650 2860 οὐ
2691 2809 2882 2876 μόνον
2919 2807 3240 2878 ἐμπεφως,
3273 2810 3434 2864 ἀλλά

208 2906 308 2962 καὶ
337 2906 585 2977 ἀκριϐῶς
608 2908 1002 2978 ἐξηγούμενος
1031 2909 1106 2963 ἂν
1131 2911 1417 2980 φαίνοιτο.

280 3019 382 3075 ΙΖ’.
422 3021 642 3093 Πρῶτον
678 3022 774 3093 μὲν
805 3017 898 3076 οῦν
929 3023 1016 3077 διὰ
1044 3023 1245 3077 τούτων
1273 3026 1302 3076 ὁ
1338 3022 1594 3086 ’Λτταλος
1636 3023 1772 3076 ἀπο-

1944 3005 2103 3061 XVII.
2122 3003 2227 3060 Sed
2257 3003 2507 3072 inprimis
2523 3003 2685 3057 Attali
2706 3003 2973 3059 haesitatio
3002 3004 3090 3058 illa
3115 3020 3182 3059 ex
3210 3019 3276 3059 eo
3305 3020 3436 3074 pro-

215 3116 298 3184 ρεί
324 3115 392 3179 θ’,
423 3112 658 3185 νομίζων
705 3114 796 3167 ἐπὶ
829 3115 1077 3168 τοσοῦτον
1125 3115 1222 3187 τὴν
1259 3115 1540 3185 ἀκρίϐειαν
1577 3116 1634 3167 ὲν
1663 3116 1772 3176 τοῖς

213 3207 553 3276 φαινομένοις
585 3207 688 3260 ὑπὸ
731 3208 956 3280 Ἀράτου
991 3207 1290 3278 διειλῆφθαι
1315 3249 1329 3272 ,
1356 3205 1495 3259 ὥστε
1521 3205 1648 3277 περί
1674 3206 1772 3259 αὑ-

211 3299 320 3351 τῶν
348 3299 454 3351 τῶν
484 3300 542 3352 ἐν
578 3301 642 3369 τῇ
669 3297 930 3372 ζώνῃττοῦ
963 3299 1215 3372 Περσέως
1252 3298 1497 3369 ἀστέρων
1537 3295 1772 3360 διστάζει

209 3391 268 3443 τὺ
299 3391 527 3460 πότερον
569 3390 668 3460 τῆς
703 3390 876 3462 ἀρχῆς
918 3389 1008 3444 τοῦ
1057 3389 1227 3460 Κριοῦ
1265 3391 1350 3443 ἐπ’
1392 3389 1656 3458 ἀνατολῆς
1685 3388 1775 3440 οὕ-

211 3498 310 3550 σης
332 3521 348 3544 ,
379 3481 473 3534 καὶ
500 3482 636 3552 αὑτὴ
667 3482 765 3554 ἤδη
797 3483 1004 3553 φανερά
1035 3483 1181 3535 ἐστιν
1217 3483 1313 3535 σὺν
1342 3484 1450 3546 τοῖς
1480 3481 1649 3552 ὤμοις
1681 3483 1775 3534 καὶ

207 3573 274 3642 τῇ
301 3571 531 3642 κεφαλῇ,
571 3571 604 3643 ἢ
635 3573 750 3642 μετ’
778 3571 972 3640 ὀλίγον.
1007 3571 1189 3643 Χωρὶς
1219 3571 1326 3642 γὰρ
1356 3570 1450 3623 τοῦ
1478 3571 1775 3642 ὁλοσχερῶς

216 3663 288 3735 μὴ
320 3665 480 3735 μόνον
504 3666 594 3718 τὸν
630 3667 880 3738 Ἄρατον,
916 3666 1053 3720 ἀλλά
1089 3667 1182 3719 καὶ
1212 3667 1303 3720 τὸν
1331 3665 1556 3730 Εὔδοξον
1582 3669 1639 3718 ὲν
1664 3667 1774 3728 τοῖς

211 3752 558 3822 φαινομένοις
591 3754 1042 3826 ἀναστρέφεσθαι,
1071 3753 1322 3826 καθάπερ
1349 3754 1770 3824 ἑπιδεδείχαμεν,

211 3845 290 3899 ἔτι
316 3847 409 3899 καὶ
434 3847 492 3900 οὐ
521 3847 675 3918 μόνον
699 3849 789 3901 ἐπὶ
820 3851 918 3918 τῆς
951 3846 1043 3900 τοῦ
1065 3849 1319 3919 Περσέως
1342 3845 1516 3918 ζώνης
1544 3848 1686 3900 τοῦτ’
1707 3847 1774 3901 ἂν

215 3939 366 4008 παρά
397 3937 475 4008 τῷ
525 3939 736 4010 Ἀράτῳ
762 3939 1082 4004 διστάζοιτο,
1116 3938 1250 3992 ἀλλά
1281 3939 1376 3992 xui.
1418 3940 1510 3991 ἐπὶ
1560 3938 1774 3992 πάντων

215 4030 258 4098 β’
283 4029 317 4100 ἢ
352 4029 445 4081 καὶ
477 4029 684 4083 πλείοσι
713 4029 918 4094 ζωδίοις
947 4031 1439 4084 συνανατελλόντων
1465 4031 1534 4084 θ’.
1566 4031 1774 4095 Τελέως

213 4119 258 4172 δ’
291 4121 338 4151 ⁸³
366 4122 580 4190 ἀγνοεῖν
611 4120 810 4186 δόξειεν
855 4122 885 4173 ὁ
931 4121 1189 4186 Ἀτταλος
1236 4123 1327 4176 καὶ
1360 4122 1427 4175 τά
1458 4123 1772 4192 φαινόμενα,

215 4210 611 4281 ὑπολαμϐάνων
658 4211 796 4266 κατά
843 4212 1096 4284 ἀλήθειαν
1142 4211 1313 4276 οὕτως
1359 4208 1496 4266 εἶναι
1535 4213 1775 4278 δισταζό-

214 4320 350 4373 μενα
383 4304 511 4376 περὶ
542 4303 638 4373 τὴν
668 4303 842 4375 ζώνην
878 4305 971 4358 τοῦ
1002 4305 1274 4377 Περσέως,
1307 4305 1557 4375 καθάπερ
1595 4305 1775 4377 προεί-

1877 3099 2155 3161 ﬁciscitur,
2189 3095 2335 3167 quod
2368 3105 2476 3149 tam
2509 3103 2757 3150 exactum
2805 3097 2857 3149 in
2905 3096 3272 3166 phamomenis
3315 3112 3438 3166 per-

1875 3191 2178 3250 scribendis
2200 3193 2427 3244 Aratum
2467 3187 2637 3243 fuisse
2665 3197 2873 3253 censet,
2911 3197 2969 3241 ut
2992 3190 3058 3244 de
3091 3189 3287 3253 stellis,
3316 3205 3437 3259 qua:

1875 3293 2001 3338 sunt
2021 3283 2074 3336 in
2095 3280 2275 3336 Persei
2304 3280 2501 3344 balteo,
2526 3279 2758 3344 dubitet,
2785 3287 2962 3332 utrum
2981 3277 3183 3333 Arietis
3201 3279 3356 3333 initio
3380 3283 3438 3334 in

1874 3371 2085 3424 oriente
2113 3368 2434 3430 constituto,
2459 3367 2788 3436 conspicuus
2815 3368 2903 3421 ille
2923 3368 3137 3422 sitcum
3168 3368 3435 3433 humeris,

1875 3469 1927 3515 et
1965 3459 2161 3530 capite,
2204 3476 2272 3511 an
2320 3457 2484 3527 paulo
2516 3465 2641 3527 post
2669 3465 2944 3528 appareat.
2983 3456 3182 3512 Verum
3223 3471 3282 3512 ut
3322 3460 3439 3513 haec

1873 3552 2138 3615 omittam,
2179 3565 2288 3604 non
2328 3549 2550 3602 Aratum
2582 3549 2780 3613 solum,
2837 3549 2930 3604 sed
2960 3549 3242 3604 Eudoxum
3273 3551 3435 3605 etiam

1877 3644 2074 3713 ipsum,
2119 3641 2176 3696 in
2213 3640 2593 3712 apparentium
2624 3640 2944 3711 explicanda
2979 3641 3195 3696 ratione
3227 3643 3434 3712 pingui,

1875 3736 2018 3805 quod
2039 3735 2211 3799 aiunt,
2239 3734 2478 3788 Minerva
2508 3749 2639 3788 usos
2667 3749 2819 3800 esse;
2852 3733 3042 3787 nonin
3071 3733 3226 3804 127
3249 3732 3435 3789 Persei

1877 3835 2084 3883 tantum
2106 3827 2306 3892 balteo,
2337 3826 2482 3896 apud
2503 3827 2730 3881 Aratum
2757 3827 2863 3881 isto
2879 3825 3040 3880 modo
3057 3826 3392 3880 dubitabitur
3419 3844 3432 3890 ;

1874 3923 1970 3977 sed
2008 3922 2063 3976 in
2099 3922 2167 3977 iis
2205 3921 2460 3977 omnibus
2500 3919 2862 3990 imaginibus.
2902 3935 3022 3989 quae
3057 3934 3182 3974 cum
3222 3919 3438 3974 duobus

1875 4016 2190 4088 pluribusve
2239 4015 2408 4085 signis
2472 4017 2768 4069 oriuntur.-
2809 4012 3033 4068 Demum
3070 4028 3199 4068 vero
3235 4015 3434 4070 cmles~

1876 4112 2008 4164 tium
2034 4124 2216 4164 rerum
2254 4107 2500 4162 funditus
2522 4121 2718 4176 expers
2746 4106 2930 4160 haberi
2971 4106 3144 4174 possit
3179 4106 3393 4161 Attalus
3418 4150 3433 4170 ,

1873 4202 1966 4271 qui
2006 4201 2186 4269 reipsa
2207 4199 2395 4255 credat
2429 4201 2495 4252 ad
2527 4214 2672 4261 eum,
2713 4212 2875 4267 quem
2913 4197 3171 4259 diximus,
3213 4199 3434 4251 modum

1875 4293 2181 4364 ambiguam
2223 4307 2346 4346 esse
2396 4289 2664 4344 rationem
2701 4289 2929 4343 orientis
2968 4287 3170 4358 cinguli
3201 4287 3433 4343 Persei.

216 4410 400 4465 ρηκεν.
437 4395 512 4447 Οὐ
544 4394 652 4466 γὰρ
693 4396 828 4467 μόνη
875 4397 908 4467 ἡ
954 4376 1094 4468 ζώνη
1128 4396 1220 4448 τοῦ
1250 4396 1500 4469 Περσέως
1527 4376 1771 4466 φαίνεται

1873 4383 1990 4437 Non
2028 4383 2174 4438 enim
2224 4382 2372 4437 solus
2412 4381 2502 4436 ille
2555 4379 2740 4434 Persei
2779 4379 2991 4433 balteus
3031 4393 3194 4447 supra
3235 4386 3436 4432 terram

211 4489 352 4559 ὑπὲρ
385 4488 508 4558 γῆν,
541 4488 632 4541 τοῦ
656 4488 826 4558 Κριοῦ
847 4489 1144 4561 ἀρχομένου
1168 4489 1494 4553 ἀνατέλλειν,
1523 4489 1658 4543 ἀλλά
1679 4491 1773 4543 καὶ

184 4581 331 4643 ,ὅλος
361 4580 544 4650 σχεδὸν
587 4585 615 4634 ὁ
666 4581 926 4652 Περσεὺς,
959 4582 1096 4653 πλὴν
1131 4581 1224 4635 τοῦ
1275 4582 1566 4654 ἀριστεροῦ
1616 4583 1774 4646 ποδὸς

211 4673 306 4726 καὶ
357 4671 448 4724 τοῦ
486 4673 728 4740 γόνατος.
785 4673 841 4725 Ὁ
898 4672 995 4741 μὲν
1049 4672 1155 4744 γάρ
1203 4671 1372 4736 δεξιὸς
1422 4673 1586 4726 αὐτοῦ
1640 4672 1774 4737 ποῦς

215 4764 593 4818 συνανατέλλει
626 4766 690 4835 τῇ
740 4771 788 4833 η’
837 4765 948 4834 μοί.
983 4764 1091 4816 τῶν
1142 4764 1378 4834 Ἰχθύων,
1420 4766 1449 4816 ό
1493 4764 1550 4817 δὲ
1599 4766 1657 4818 ἐν
1697 4764 1775 4834 τῷ

211 4857 371 4926 δεξιῷ
391 4857 576 4925 γόνατι
600 4858 666 4927 τῇ
691 4856 732 4919 ζ’
759 4857 921 4927 μοίρᾳ
941 4858 998 4909 ’ὁ
1026 4855 1082 4908 δὲ
1112 4857 1168 4908 ὲν
1195 4855 1272 4925 τῷ
1296 4856 1565 4927 Γοργονίῳ
1596 4858 1690 4910 καὶ
1707 4859 1772 4928 τῇ

213 4951 478 5024 ἀριστερᾷ
523 4951 664 5020 χειρὶ
689 4950 938 5018 κείμενος
963 4948 1208 5020 λαμπρὸς
1245 4951 1440 5021 ἀστὴρ,
1479 4950 1537 5012 ὃς
1584 4949 1774 5020 μικρὸν

214 5045 534 5116 προηγεῖται
570 5040 661 5093 τοῦ
705 5039 992 5111 ἀριστεροῦ
1046 5041 1246 5113 μηροῦ,
1301 5045 1365 5112 τῇ
1422 5049 1486 5110 ιγ’
1526 5043 1632 5112 μοί.
1669 5041 1776 5093 τῶν

226 5135 447 5206 Ἰχθύων
483 5133 941 5204 συναναφέρεταιο
992 5132 1125 5201 μόνη
1168 5132 1225 5186 δὲ
1258 5133 1422 5186 αὐτοῦ
1451 5135 1484 5203 ἡ
1515 5134 1777 5203 ἀριστερά

215 5229 400 5298 κνήμη
425 5224 502 5295 τῷ
533 5223 687 5296 Κριῷ
718 5221 1111 5277 συνανατέλλει.
1141 5223 1306 5293 Δῆλον
1331 5220 1444 5284 οὖν,
1474 5225 1553 5276 ὅτι
1597 5225 1778 5292 ἀγνοεῖ

215 5316 388 5384 λέγων
430 5315 499 5369 τά
532 5331 592 5367 τε
627 5313 926 5385 φαινόμενα
970 5313 1325 5384 σωθήσεσθαι,
1356 5314 1448 5366 καὶ
1484 5313 1575 5365 τὸν
1608 5315 1774 5382 Ἀρα-

216 5426 305 5460 τον
331 5407 609 5478 ἐμπείρως
635 5407 728 5460 καὶ
767 5403 1011 5477 ἀκριϐῶς
1036 5405 1104 5458 τὰ
1127 5406 1253 5475 περὶ
1277 5405 1373 5474 τῆς
1399 5403 1492 5457 τοῦ
1527 5404 1778 5475 Περσέως

219 5500 394 5572 ζώνης
426 5499 706 5569 φανεῖσθαι
736 5496 928 5568 ἐξηγοῦ
937 5513 1114 5567 μενον.

287 5660 329 5693 ιι
361 5658 618 5727 φανεράν,
690 5659 733 5690 ⁸³
846 5657 1045 5725 ἀγνοεῖ.
1118 5656 1163 5687 ⁸³
1198 5673 1284 5725 πρ.
1321 5654 1467 5718 τέλος
1489 5654 1563 5709 δέ.

1872 4472 2101 4538 exsistit,
2140 4471 2358 4541 quando
2396 4468 2551 4522 Aries
2589 4468 2722 4522 oriri
2761 4468 2970 4536 incipit,
3012 4468 3106 4522 sed
3139 4474 3286 4523 totus
3316 4468 3436 4537 ipse

1871 4565 2260 4635 propemodum
2318 4560 2567 4624 Perseus,
2625 4568 2854 4630 excepto
2892 4561 3030 4629 pede
3090 4560 3318 4616 sinistro
3369 4576 3433 4613 ac

1872 4673 2032 4728 genu.
2073 4655 2281 4726 Quippe
2321 4655 2511 4710 dexter
2556 4653 2702 4708 illius
2737 4669 2831 4723 pes
2862 4669 2982 4708 cum
3013 4660 3209 4706 octava
3250 4653 3434 4708 oritur

1873 4748 2108 4803 Piscium
2157 4756 2330 4816 parte,
2370 4761 2490 4816 quae
2530 4755 2709 4800 autem
2765 4746 2905 4799 inest
2949 4746 3001 4799 in
3057 4746 3251 4800 dextro
3290 4761 3435 4812 genu

1875 4841 2051 4905 stella,
2078 4854 2202 4894 cum
2241 4839 2508 4908 septima:
2533 4837 2712 4891 lucida
2743 4852 2907 4907 porro
2955 4853 3078 4907 quae
3103 4847 3187 4892 est
3217 4837 3272 4891 in
3302 4837 3438 4892 Gor-
3463 4818 3469 4824 ’

1875 4935 2056 5003 gonio,
2086 4941 2138 4988 et
2170 4932 2390 4988 sinistra
2419 4947 2606 4994 manu,
2636 4945 2756 4999 qua:
2785 4930 3068 4985 sinistrum
3100 4929 3279 4984 femur
3301 4945 3435 4999 pau-

1876 5026 2042 5078 lulum
2079 5023 2355 5093 praecedit,
2394 5036 2516 5076 cum
2548 5029 2703 5091 parte
2731 5021 2938 5075 decima
2971 5020 3126 5075 tertia
3170 5034 3436 5074 conscen-

1875 5116 1992 5180 dit;
2024 5115 2199 5170 solum
2235 5128 2362 5168 crus
2395 5113 2680 5167 sinistrum
2721 5112 2898 5165 oritur
2925 5125 3048 5164 cum
3075 5108 3276 5164 Ariete.
3310 5109 3435 5163 Fal-

1876 5225 1970 5264 sus
2016 5214 2101 5263 est
2145 5206 2360 5277 itaque,
2418 5193 2540 5259 eum
2595 5211 2649 5260 et
2690 5204 3077 5273 apparentibus
3143 5217 3297 5258 suam
3343 5203 3438 5256 illo

1877 5300 2038 5354 modo
2067 5306 2318 5354 constare
2363 5297 2544 5360 ﬁdem,
2581 5305 2635 5352 et
2671 5296 2900 5350 Aratum
2930 5280 3102 5366 perite
3139 5305 3438 5364 exacteque

1875 5408 1995 5463 quae
2023 5392 2088 5447 ad
2127 5391 2403 5462 cingulum
2443 5390 2674 5447 attinent
2707 5387 2891 5444 Persei
2934 5386 3261 5442 traditurum
3313 5402 3438 5442 esse

1876 5484 2133 5544 defendit.
