3928 6266
498 258 633 322 item

1518 250 1606 310 λυ
1644 240 1910 310 EUSEBII
1947 234 2337 305 Cunoxzc’oN
2380 234 2737 299 aermna».

3587 230 3717 286 Νιθῖ

566 377 686 447 Ego
739 389 865 431 vero
918 388 1027 428 non
1061 374 1165 427 aiia
1196 384 1264 429 ex
1319 384 1484 427 causa
1517 369 1909 425 dubitationem
1955 366 2067 419 illic

2237 364 2392 415 Δοκεῖ
2413 360 2469 413 δέ
2502 377 2587 430 μοι
2619 348 2978 428 διηπορῆσθαι
2999 355 3029 407 6
3056 351 3285 447 ’Κράτος
3322 347 3475 419 παρά
3502 347 3721 447 τίῆν.αῶ

494 459 764 540 injectum
793 468 985 522 Attalo
1032 465 1204 522 fuisse
1236 465 1523 537 'suSpicor,
1553 477 1718 533 quam
1746 459 1889 514 unde
1917 460 2070 528 prius

507 554 734 609 Eudoxo
765 563 883 608 erat
914 553 1142 618 oborta;
1173 567 1333 621 quem
1367 554 1645 602 auctorem
1677 545 1877 599 Aratus
1914 542 2069 597 adhi-

502 643 649 698 buit.
681 642 945 698 Eudoxus
970 642 1117 697 enim
1149 642 1203 695 in
1237 637 1631 695 commentario
1656 636 1723 690 de
1749 628 2071 704 Apparenti-

457 799 461 804 ε
498 737 818 792 -ὺιιεεοι-ἰὶιὶι
839 737 1060 791 dextras
1082 733 1265 789 Persei
1288 739 1468 802 partes
1494 745 1618 783 cum
1642 727 1892 783 Piscibus
1910 725 2066 780 oriri.

498 826 588 880 4E:
616 842 724 896 quo
752 838 1093 896 consequens
1126 831 1231 886 est,
1257 821 1456 875 Arietis
1490 817 1758 889 principio
1782 817 1835 871 in
1864 815 2071 871 oriente

499 918 709 986 .posito,
750 914 972 970 dextras
1019 911 1401 968 tantummodo
1448 908 1633 964 Persei
1690 916 1872 979 partes
1905 918 2071 977 supra

500 1014 714 1060 terram
767 1004 1051 1058 exsistere.
1080 1001 1149 1054 At
1186 1001 1242 1055 in
1286 1001 1459 1054 altero
1485 999 1645 1065 libro,
1677 998 1769 1068 qui
1818 997 2071 1052 inscribi-

511 1100 603 1146 tur
635 1093 936 1161 Speculum,
983 1106 1108 1146 cum
1154 1089 1413 1145 Piscibus
1450 1096 1631 1144 totum
1683 1088 1881 1142 asserit
1910 1087 2071 1155 paqu

500 1184 695 1240 ‘minus
723 1186 856 1239 oriri
880 1184 1169 1239 Perseum.
1187 1180 1555 1248 Quamobrem
1585 1194 1707 1235 cum
1746 1180 1801 1233 in
1818 1180 2072 1234 omnibus

511 1276 648 1336 fere,
679 1291 798 1343 quae
823 1273 889 1327 ad
911 1282 1065 1327 ortus
1099 1272 1342 1326 siderum
1375 1278 1648 1340 spectant,
1676 1270 1784 1324 duo
1804 1270 1891 1323 illi
1918 1285 2072 1324 conr-

511 1368 767 1424 mentarii
825 1366 1058 1420 invicem
1106 1362 1469 1425 concordent,
1522 1362 1576 1416 in
1625 1361 1808 1417 Persei
1865 1361 2074 1416 descri-

501 1459 700 1528 ptione
728 1456 1062 1521 dissideant;
1093 1455 1218 1524 jure
1248 1454 1304 1508 in
1333 1454 1587 1523 ambiguo
1615 1454 1827 1522 positus
1849 1453 2070 1514 Aratus,

500 1565 688 1620 neque
716 1556 1133 1617 utrampartem
1156 1545 1822 1617 sequereturexpediens;
1849 1559 2070 1614 auceps,

510 1651 565 1697 et
599 1645 869 1696 incertum
903 1655 1026 1696 esse
1044 1640 1224 1703 'dicit,
1256 1654 1326 1693 an
1378 1648 1434 1694 et
1474 1638 1661 1693 Persei
1694 1638 1902 1692 balteus
1949 1652 2071 1691 cum

2168 453 2266 521 τὴν
2291 450 2489 511 αἰτίαν,
2527 448 2655 518 παρ’
2674 449 2753 517 ’ἣν
2792 446 2884 498 καὶ
2912 447 2940 497 6
2973 441 3217 508 Εὔδοξος,
3249 435 3294 509 ᾧ
3321 434 3724 507 κατηκολούθη-

2168 560 2262 596 κεν
2291 543 2319 594 6
2351 542 2597 611 Ἀρατος.
2640 539 2726 590 Ἑν
2766 536 2862 607 μὲν
2892 535 3001 604 γὰρ
3020 551 3097 603 τῳ
3130 533 3466 601 συντάγματι
3494 528 3576 599 τῷ
3605 528 3727 600 περὶ

2166 634 2274 687 τῶν
2308 633 2641 703 φαινομένων
2690 629 2911 702 γράφει,
2947 626 3028 679 ὅτι
3079 627 3188 687 τοῖς
3245 619 3449 693 Ἰχθύσι
3503 636 3730 672 συνανα-

2168 725 2341 780 τέλλει
2372 724 2440 778 τὰ
2467 724 2615 789 δεξιὰ
2647 721 2741 775 τοῦ
2780 720 3034 791 Περσέως
3054 734 3065 746 ⁸
3097 717 3257 779 ὥστε,
3292 714 3393 784 τῆς
3420 712 3606 783 ἀρχῆς
3641 709 3729 763 τοῖ

2168 814 2340 888 Κριοῦ
2381 816 2516 886 πρὸς
2543 818 2609 884 τῇ
2653 802 2881 884 ἀνατολῇ
2912 810 3096 882 οὔσης,
3123 810 3189 862 τὰ
3218 807 3365 874 δεξιά
3397 805 3560 876 μόνον
3588 804 3731 873 μέρη

2168 908 2261 963 τοῦ
2299 908 2551 980 Περσέως
2602 909 2719 960 κατ’
2747 905 2904 959 αὐτὸν
2960 904 3098 975 ὑπὲρ
3145 902 3249 972 γῆν
3306 894 3631 968 φαίνεσθαιδ
3678 896 3732 947 ὲν

2166 991 2224 1055 δὲ
2255 999 2331 1070 τῷ
2361 999 2527 1071 ἑτέρῳ
2557 997 2910 1067 συντάγματι,
2934 985 2971 1049 ’ὂ
2998 993 3352 1065 ἐπιγράφεται
3383 990 3732 1054 Ἕνοπτρον,

2169 1091 2279 1152 τοῖς
2319 1087 2517 1159 Ἰχθύσι
2546 1088 2707 1156 φησιν
2738 1085 2895 1139 αὑτὸν
2928 1084 3067 1146 ὅλον,
3106 1083 3243 1153 πλὴν
3270 1081 3472 1147 ὀλίγου,
3506 1080 3736 1129 συναναέ-

2171 1177 2391 1230 τέλλειν.
2434 1177 2522 1230 Ἐν
2566 1178 2730 1229 πᾶσιν
2775 1170 2866 1228 οὖν
2898 1173 3081 1244 σχεδὸν
3106 1176 3217 1236 τοῖς
3256 1170 3384 1241 περὶ
3411 1167 3512 1230 τὰς
3546 1168 3736 1220 ἀνατο-

2171 1269 2268 1332 λὰς
2311 1268 2419 1321 τῶν
2470 1268 2681 1339 ἄστρων
2730 1263 3159 1337 συμφωνούντων
3206 1262 3456 1332 ἀλλήλοις
3488 1258 3599 1311 τῶν
3647 1258 3738 1310 δύο

2174 1361 2600 1432 συνταγμάτων,
2643 1360 2771 1432 περὶ
2813 1359 2870 1411 δὲ
2916 1356 3011 1410 τοῦ
3053 1356 3297 1425 Περσέως
3330 1353 3592 1423 διαφόρου
3640 1350 3737 1419 τῆς

2173 1453 2491 1524 ἀναγραφῆς
2546 1448 2741 1523 οὔσης·
2792 1452 3029 1519 ἐὐλόγως
3074 1452 3103 1503 6
3151 1450 3404 1520 ⁸Ἄρατος,
3456 1443 3738 1513 διαπορῶν

2174 1543 2303 1614 ποία
2333 1560 2415 1605 τις
2444 1542 2900 1614 κατακολουθήσει
2928 1540 3217 1611 ἀποφάσει,
3248 1536 3592 1609 ἁμφὴριστόν
3633 1551 3740 1603 φη-

2176 1652 2258 1688 σιν
2297 1630 2453 1698 εἶναι,
2510 1635 2604 1687 καὶ
2649 1634 3053 1704 δισταζόμενον,
3117 1632 3341 1703 πότερον
3383 1630 3479 1681 καὶ
3527 1629 3562 1697 ή
3592 1626 3741 1695 ζώνη

516 1731 762 1786 humeris
809 1735 865 1785 et
912 1729 1111 1800 capite,
1142 1729 1325 1784 Ariete
1380 1729 1782 1785 conscettdcnte
1824 1727 2073 1782 sublimis

2186 1727 2266 1781 τοῦ
2319 1727 2572 1800 Περσέως
2625 1726 2760 1798 μετὰ
2807 1726 2914 1780 τῶν
2972 1725 3137 1796 ὤμων
3191 1725 3283 1778 καὶ
3330 1723 3430 1793 τῆς
3472 1719 3740 1789 κεφαλῆς,

502 1835 798 1892 appareat,
844 1835 913 1875 an
966 1820 1295 1876 ascendente
1344 1818 1802 1891 potius.Tauro:
1835 1820 1977 1888 quod
2020 1819 2074 1872 in

514 1913 690 1965 altero
732 1909 945 1964 Eudoxi
987 1925 1153 1981 opere
1193 1910 1529 1964 continetur.
1562 1907 1679 1963 Non
1721 1908 1888 1978 igitur
1918 1922 1984 1961 ex
2011 1921 2077 1962 eo

514 2001 663 2072 quod
705 2005 927 2072 propter
964 1999 1303 2055 discriminis
1350 2000 1700 2069 exiguitatem
1752 1997 1967 2052 ditlicile
2023 1997 2078 2051 id

517 2107 684 2147 sensu
700 2092 873 2161 possit
895 2090 1180 2153 mstimari,
1204 2099 1264 2145 ut
1288 2097 1443 2160 putat
1468 2089 1705 2155 Attalus,
1748 2088 1975 2143 dubium
2003 2089 2080 2141 ait

516 2198 660 2247 esse,
693 2197 825 2236 num
855 2180 1040 2236 Persei
1067 2188 1181 2234 tum
1212 2180 1426 2234 balteus
1459 2186 1737 2249 appareat,
1772 2192 1900 2232 cum
1927 2176 2080 2231 Arie-

507 2275 591 2327 tis
618 2273 832 2327 initium
856 2272 1199 2326 horizontem
1236 2279 1384 2327 tenet
1412 2286 1430 2323 ι
1458 2287 1527 2325 an
1549 2279 1683 2325 tunc
1707 2271 1893 2341 potius
1913 2284 2082 2325 emer-

520 2377 630 2437 gat,
666 2382 791 2421 cum
821 2364 988 2421 Tauri
1022 2375 1188 2437 caput
1216 2367 1351 2421 oriri
1378 2367 1590 2437 incipit.
1641 2364 1748 2421 Sed
1785 2367 1909 2421 ideo
1935 2366 2081 2436 quod

520 2465 771 2513 neutram
801 2457 857 2511 in
888 2468 1103 2528 partem
1147 2465 1388 2514 statuens
1422 2459 1618 2529 possit,
1662 2473 1787 2512 cum
1819 2473 1889 2513 ex
1917 2473 2075 2529 aequo

528 2551 669 2605 tradi
699 2559 993 2622 utrumque
1010 2561 1282 2607 cerneret.

600 2725 871 2782 Caeterum
892 2740 1022 2782 cum
1050 2726 1247 2798 duplex
1274 2727 1544 2784 habeatur
1570 2730 1677 2785 loci
1708 2720 1854 2786 illius
1880 2729 2040 2784 lectio
2059 2735 2082 2781 ξ

513 2820 798 2889 siquidem
845 2820 902 2874 in
946 2820 1069 2875 aliis
1099 2821 1378 2877 codicibus
1423 2823 1516 2874 καί
1549 2824 1600 2875 κ’
1633 2816 1954 2894 άμφῆριστα
1990 2819 2087 2873 πέο

524 2908 678 2962 λοντο
700 2925 713 2939 ο
744 2909 798 2964 in
828 2909 950 2965 aliis
979 2910 1028 2963 κ’
1059 2911 1378 2983 ἀμφήριστα
1402 2912 1673 2977 πέλονται,
1689 2913 1885 2982 legitur
1916 2911 2090 2968 :scri-

520 3000 761 3055 beudum
816 3010 903 3057 est
953 3000 1188 3066 πέλοιτο,
1232 3018 1340 3057 non
1383 3011 1446 3057 ut
1497 3013 1652 3073 putat
1710 3003 1947 3068 Attalus,
1991 3001 2089 3054 πέ-

2176 1818 2267 1871 τοῢ
2300 1819 2471 1888 Κριοῦ
2504 1817 2902 1880 ἀνατέλλοντος,
2940 1815 3212 1886 μετέωρος
3259 1813 3528 1881 φαίνεται,
3560 1809 3596 1880 ἧ
3644 1808 3742 1862 τοῦ

2177 1909 2388 1982 Ταύρου
2442 1907 2846 1981 ἀναφερομένου
2868 1948 2885 1973 ,
2930 1907 3004 1971 ὡς
3033 1902 3092 1960 τὸ
3126 1907 3308 1976 ἕτερον
3353 1904 3463 1956 τῶν
3494 1902 3592 1955 τοῦ
3638 1903 3747 1954 E6-

2166 2000 2324 2067 ’δόξου
2370 2000 2759 2070 συνταγμάτων
2789 1999 3047 2068 περιέχει.
3083 1998 3157 2051 υύ
3182 1997 3332 2068 παρὰ
3361 1997 3421 2049 τὸ
3449 1999 3516 2066 τῇ
3547 1994 3746 2065 αἰσθὴ-

2180 2111 2262 2146 σει
2289 2090 2380 2146 οὖν
2407 2092 2688 2161 δύσκριτον
2720 2088 2856 2144 εἶναι
2884 2086 2971 2143 διά
2999 2089 3294 2159 μικρότητα
3327 2084 3426 2158 τῆς
3453 2087 3745 2159 διαφορᾶς,

2172 2182 2253 2247 ὡς
2272 2185 2301 2236 6
2316 2181 2575 2244 Ἄτταλος
2602 2181 2888 2243 ὑπέλαόεν,
2910 2179 3247 2252 ἀμφήριστον
3264 2196 3425 2248 φησιν
3455 2176 3617 2243 εἶναι,
3646 2177 3748 2230 πό·

2178 2292 2335 2346 τερον
2370 2277 2410 2346 ή
2439 2272 2580 2344 ζώνη
2619 2274 2709 2327 τοῦ
2746 2273 2996 2344 Περσέως
3027 2268 3167 2345 ὖπὲρ
3194 2273 3296 2342 γῆν
3333 2271 3435 2343 ἤδη
3467 2272 3745 2340 φαίνεται,

2170 2367 2279 2437 ’τῆς
2328 2368 2501 2438 ἀρχῆς
2553 2364 2646 2419 τοῦ
2691 2363 2862 2436 Κριοῦ
2893 2364 3028 2435 πρὸς
3052 2363 3132 2433 τῷ
3179 2362 3410 2434 ὁρίζοντι
3460 2361 3664 2430 οὔσης·
3714 2363 3747 2431 ἢ

2180 2457 2481 2529 ἀρχομένου
2527 2457 2628 2529 ἤδη
2679 2456 2985 2511 ἀνατέλλειν
3026 2454 3120 2508 τοῦ
3176 2453 3388 2526 Ταύρου
3407 2493 3423 2517 ,
3474 2454 3599 2506 τότε
3652 2454 3751 2507 καὶ

2181 2548 2321 2619 αὑτὴ
2352 2549 2715 2620 νάναφέρεταιδ
2751 2546 2886 2602 ἀλλά
2930 2547 2992 2601 τὸ
3036 2547 3110 2619 μὴ
3158 2545 3299 2617 ἔχειν
3330 2546 3526 2612 εἰπεῖν,
3561 2544 3654 2599 διά
3690 2545 3749 2597 τὸ

2183 2632 2455 2711 ἑκατέρως
2487 2639 2896 2711 παραδεδόσθαι.

2203 2761 2207 2764 ~
2255 2732 2426 2803 Διχῶς
2457 2733 2512 2786 δὲ
2538 2732 2908 2804 γραφομένου,
2946 2732 3005 2784 ἐν
3036 2730 3133 2801 μέν
3168 2747 3306 2784 τισιν
3344 2730 3747 2801 ἀντιγράφοις·

2186 2824 2285 2879 καὶ
2319 2823 2388 2856 ⁸³⁷⁵
2421 2826 2756 2895 καμφισατο
2780 2866 2794 2890 ,
2825 2825 2884 2878 ὲν
2924 2823 2982 2877 δέ
3008 2840 3150 2876 τισι’
3190 2823 3292 2877 καί
3317 2822 3372 2876 κ’
3399 2815 3751 2894 άμςρῆριστᾱ

2186 2913 2470 2967 πέλονται
2490 2930 2504 2944 ·
2534 2913 2613 2967 δεῖ
2637 2913 2867 2985 γράφειν
2893 2913 3131 2967 πέλοιτο
3148 2930 3162 2943 ·
3203 2912 3297 2966 καὶ
3319 2913 3438 2982 οὐχ,
3462 2913 3541 2976 ὡς
3567 2916 3599 2966 6
3625 2914 3752 2966 Ἀξ-

2187 3011 2364 3068 ταλος,
2392 3004 2693 3059 πέλονται.
2716 3006 2805 3076 Τῷ
2831 3004 2938 3075 γάρ
2961 3004 3238 3075 συνδέσμῳ
3260 3004 3322 3057 τὸ
3345 3006 3599 3059 πέλοιτο
3623 3022 3754 3060 κατ-

524 3092 726 3146 λονται.
759 3091 897 3146 Nam
952 3107 1077 3147 cum
1135 3094 1404 3163 particula
1440 3094 1749 3164 copulativa
1798 3102 1947 3149 recte
1990 3093 2083 3146 πέ-

2187 3093 2427 3164 αλλήλως
2466 3093 2704 3163 λέγεται,
2745 3094 2866 3148 οὐδὲ
2900 3093 3006 3165 γὰρ
3036 3092 3406 3164 περισπᾶσθαι
3441 3094 3547 3160 δεῖ,
3576 3095 3669 3149 διὰ
3694 3095 3754 3147 τὺ

520 3185 670 3240 «λοιτο
700 3184 1069 3255 conjungitur.
1102 3183 1219 3239 Non
1267 3186 1412 3240 enim
1440 3185 1626 3241 diduci
1666 3193 1953 3255 propterea
1987 3200 2086 3239 ne-

519 3293 686 3334 cesse
707 3287 812 3342 est,
841 3275 986 3346 quod
1031 3291 1227 3331 nomen
1272 3277 1590 3349 ἀμφήριστα
1633 3277 1829 3348 plurali
1862 3291 2088 3331 numero

523 3370 775 3441 ponitur,
804 3384 927 3423 cum
966 3370 1227 3423 tralatitia
1259 3369 1332 3425 sit
1367 3370 1479 3424 haec
1499 3370 1758 3440 loquendi
1795 3370 1956 3425 ratio.

609 3458 800 3514 XVIII.
838 3457 1059 3515 Oriente
1099 3458 1264 3513 Tauri
1302 3459 1572 3530 principio
1612 3460 1860 3516 scribunt
1888 3459 2088 3516 Aratus

521 3561 587 3607 ‘et
610 3551 890 3615 Eudoxus,
911 3558 1084 3607 totum
1111 3565 1277 3622 supra
1305 3560 1504 3607 terram
1533 3552 1775 3607 eminere
1789 3550 2044 3608 Perseum
2073 3572 2088 3606 :

523 3651 589 3698 et
615 3642 830 3713 Auriga:
854 3642 1134 3697 sinistram
1159 3656 1397 3706 manum,
1418 3642 1477 3696 in
1506 3657 1614 3712 qua
1636 3642 1727 3697 siti
1749 3650 1878 3697 sunt
1898 3641 2087 3703 Haedi;

528 3747 637 3788 nec
683 3748 795 3787 non
840 3732 1130 3787 sinistrum
1178 3733 1423 3802 ejusdem
1469 3731 1692 3803 pedem;
1721 3733 1789 3788 ad
1821 3734 1936 3788 haec
1974 3732 2090 3789 Ceti

534 3821 799 3893 quidquid
828 3828 914 3877 est
947 3838 976 3876 a
1004 3823 1178 3877 cauda
1211 3824 1426 3878 cervice
1451 3830 1645 3891 tenus;
1675 3838 1741 3878 ex
1782 3832 1935 3893 parte
1963 3838 2093 3878 vero

532 3914 759 3970 Bootem
806 3913 1078 3969 occidere.
1111 3913 1167 3968 In
1211 3929 1320 3985 quo
1360 3915 1503 3985 lapsi
1551 3922 1679 3971 sunt
1729 3930 1933 3981 errore,
1967 3930 2093 3970 cum

532 4013 729 4076 putant
757 4007 1011 4063 sinistras
1061 4013 1270 4061 tantum
1316 4004 1576 4063 Heniochi
1606 4017 1790 4077 partes
1847 4022 1970 4062 cum
2001 4007 2094 4061 illo

539 4098 743 4169 pariter
767 4109 1012 4153 exortum
1042 4097 1245 4153 facere.
1277 4095 1484 4152 Etenim
1502 4096 1692 4152 dexter
1713 4097 1883 4167 ipsius
1907 4096 2097 4151 hume-

535 4204 634 4244 rus
682 4188 931 4245 ascendit
979 4205 1105 4244 cum
1140 4189 1342 4244 Arietis
1390 4196 1543 4258 parte
1589 4188 1849 4253 secunda,
1872 4195 1925 4243 et
1951 4189 2096 4243 vice-

532 4282 700 4338 sima.
729 4282 1039 4337 Australior
1061 4291 1241 4337 autem
1263 4298 1472 4349 earum,
1498 4297 1617 4352 quae
1647 4290 1776 4338 sunt
1806 4282 1860 4335 in
1892 4281 2093 4350 capite,

2191 3185 2563 3257 πληθυντικῶς
2587 3184 2909 3255 ἐκφέρεσθαι
2931 3185 2992 3238 τὸ
3009 3185 3325 3257 ἀμφήριστα
3342 3202 3357 3216 ·
3386 3185 3625 3257 σύνηθες
3649 3187 3754 3257 γάρ

2187 3280 2302 3332 ἐστι
2327 3277 2388 3332 τὸ
2415 3277 2597 3348 σχῆμα
2627 3277 2782 3331 τοῦτο
2808 3277 2906 3347 τῆς
2930 3276 3183 3346 ἐκφορᾶς.

2263 3457 2368 3509 IH’.
2406 3453 2517 3525 τῆς
2541 3454 2596 3507 δὲ
2631 3454 2802 3526 ἀρχῆς
2828 3454 2920 3507 τοῦ
2949 3454 3161 3526 Ταύρου
3198 3455 3623 3527 ἀνατελλούσης,
3653 3474 3757 3527 (pr;-

2191 3548 2274 3601 c‘tv
2302 3549 2330 3600 6
2363 3547 2594 3618 ’Ἄρατός
2618 3563 2677 3599 τε
2711 3547 2804 3598 καὶ
2860 3544 3081 3610 Εὔδοξος
3102 3546 3192 3598 τὸν
3224 3548 3435 3619 Περσέα
3463 3548 3589 3600 ὅλον
3635 3548 3757 3618 φαε-

2190 3638 2373 3692 νεσθαι
2411 3639 2550 3710 ὑπὲρ
2594 3638 2716 3708 γῆν,
2762 3639 2856 3691 καὶ
2881 3637 2972 3691 τοῦ
3019 3639 3261 3709 Ἠνιόχου
3311 3639 3411 3710 τὴν
3455 3640 3756 3711 ἀριστεράν

2191 3732 2371 3801 χεῖρα,
2429 3732 2488 3783 ὲν
2586 3730 2633 3781 οἱ
2671 3729 2880 3799 Ἔριφοι
2918 3732 3141 3791 κεῖνται,
3189 3730 3282 3783 καὶ
3327 3730 3418 3782 τὸν
3466 3731 3756 3802 ἀριστερὸν

2192 3822 2359 3875 πόδα·
2397 3820 2610 3875 καὶτοῦ
2643 3821 2856 3891 Κήτους
2899 3822 2961 3874 τὸ
3011 3822 3118 3875 ἀπὸ
3157 3822 3254 3892 τῆς
3299 3823 3467 3893 οὐρᾶς
3516 3824 3629 3887 ἕως
3662 3824 3754 3893 τῆς

2191 3909 2407 3979 λοφίας’
2455 3910 2726 3963 δεδυκέναι
2781 3910 2837 3964 δέ
2884 3927 3016 3980 φησι
3061 3911 3155 3964 τοῦ
3207 3912 3419 3966 Βοὼτου
3459 3930 3516 3965 τι
3568 3914 3755 3984 μέρος·

2204 3996 2507 4066 Ἀγνοοῦσιν
2545 3994 2658 4059 οὖν,
2684 3997 2751 4051 τὰ
2775 3998 3036 4070 ἀριστερά
3090 3999 3245 4069 μόνον
3282 3999 3755 4071 ὑπολαμϐάνοντες

2191 4088 2283 4142 τοῦ
2330 4089 2568 4160 Ἠνιόχου
2607 4088 2684 4159 τῷ
2729 4090 2882 4161 Κριῷ
2932 4092 3356 4147 ωνανατέλλειν.
3419 4093 3479 4147 '0
3515 4095 3620 4164 μὲν
3652 4095 3757 4165 γάρ

2191 4182 2361 4247 δεξιὸς
2381 4175 2531 4252 ὦμος
2559 4180 2721 4235 αὑτοῦ
2738 4186 2803 4254 τῇ
2822 4183 2863 4253 β’
2886 4185 2980 4236 καὶ
3001 4191 3053 4237 ’κ’
3079 4185 3186 4256 μοι.
3214 4184 3309 4238 τοῦ
3324 4185 3500 4255 Κριοῦ
3528 4203 3757 4241 συνανα-

2193 4276 2441 4347 φέρεται·
2493 4277 2521 4329 6
2565 4276 2622 4328 δὲ
2670 4275 2984 4348 νοτιώτερος
3030 4276 3139 4330 τῶν
3186 4278 3245 4330 ἐν
3292 4280 3357 4348 τῇ
3407 4279 3624 4350 κεφαλῇ
3674 4280 3752 4333 ἔτι

534 4374 693 4445 prius
715 4375 880 4429 etiam
913 4390 1038 4429 cum
1071 4372 1323 4429 Piscibus
1353 4374 1599 4428 exoritur
1636 4389 1650 4425 :
1682 4376 1818 4429 adeo
1850 4381 1910 4427 ut
1941 4374 1995 4426 in
2029 4387 2083 4428 eo

2198 4368 2456 4438 πρότερον
2486 4369 2596 4431 τοῖς
2635 4367 2833 4437 Ἰχθύσι
2863 4369 3236 4423 συνανατέλλει
3255 4387 3266 4398 ·
3298 4369 3439 4423 ὥστε
3463 4372 3566 4424 καὶ
3605 4372 3758 4426 τοῦτο

532 4436 757 4536 quoque
810 4475 1058 4536 peccent,
1114 4475 1407 4536 quatenus,
1467 4468 1726 4536 inquam,
1773 4466 2083 4520 existimant

2198 4436 2407 4531 ὰῒνοεΐν
2439 4436 2860 4530 αὐτούςἠλέγω
2902 4463 2958 4515 δὲ
3000 4462 3120 4516 καθ’
3162 4464 3283 4517 ὅσον
3316 4465 3756 4536 ὑπολαμϐάνουσι

533 4558 675 4611 oriri
700 4570 825 4611 cum
857 4556 1041 4612 Ariete
1074 4560 1311 4626 primum
1348 4555 1704 4611 Heniochum.
1741 4553 2007 4610 Similiter
2041 4556 2095 4610 in

538 4645 825 4701 Henioclto
873 4646 1073 4715 duplex
1103 4647 1172 4701 ab
1203 4647 1396 4702 iisdem
1429 4647 1758 4702 commissus
1804 4660 1961 4700 error
1985 4654 2095 4701 est.

539 4733 675 4789 Nam
710 4751 886 4806 neque
918 4750 1043 4789 cum
1072 4735 1253 4790 Ariete
1280 4735 1417 4790 oriri
1464 4735 1677 4804 incipit,
1717 4743 1778 4789 ut
1802 4734 1911 4789 illis
1949 4733 2097 4789 vide-

539 4838 655 4892 tur,
704 4827 805 4883 sed
833 4842 959 4881 cum
1012 4826 1300 4893 Piscibus;
1347 4842 1523 4896 neque
1572 4826 1784 4881 cervice
1833 4827 2099 4880 duntaxat

539 4927 703 4973 tenus
732 4917 977 4973 ascendit
999 4932 1122 4971 cum
1145 4917 1347 4979 Ariete,
1389 4917 1483 4972 sed
1510 4926 1657 4971 totus
1684 4917 2093 4986 propemodum,

538 5009 785 5079 exceptis
814 5008 905 5073 iis,
939 5024 1062 5078 quae
1088 5008 1143 5062 in
1168 5009 1348 5078 capite
1377 5012 1443 5033 “‘
1467 5025 1589 5078 qua:
1620 5009 1673 5061 in
1702 5017 1945 5062 extrema
1978 5023 2098 5063 sca-

549 5099 676 5168 pula
707 5099 921 5153 lucidaa.
967 5096 1104 5151 Nam
1149 5097 1296 5168 quod
1343 5112 1412 5153 ne
1453 5097 1651 5151 Bootes
1703 5097 1919 5166 quidem
1974 5112 2098 5151 cum

545 5190 731 5246 Ariete
766 5191 990 5261 incipiat
1028 5191 1254 5249 exoriri.
1296 5191 1442 5261 quod
1487 5190 1561 5244 illi
1596 5190 1805 5254 volunt,
1835 5191 1927 5245 sed
1971 5205 2095 5244 cum

545 5280 752 5344 Tauro,
795 5284 1047 5352 superius
1076 5282 1335 5338 diximus.

616 5373 863 5429 Geminis
891 5375 1024 5428 oriri
1057 5375 1466 5445 incipientibus,
1499 5373 1696 5429 Aratus
1729 5376 1803 5428 ait
1850 5373 2100 5428 occidere

548 5461 713 5528 pedes
766 5458 1034 5531 Ophiucbi
1078 5479 1254 5533 usque
1309 5464 1376 5518 ad
1428 5480 1638 5535 genua;
1667 5463 1869 5534 ,Cetum
1917 5471 2099 5518 autem

2196 4549 2424 4622 πρώτως
2473 4549 2550 4620 τῷ
2603 4550 2758 4621 Κριῷ
2819 4551 2909 4604 τὸν
2969 4551 3209 4621 Ἡνίοχον
3269 4553 3753 4624 συναναφέρεσθαι.

2207 4642 2436 4712 Ὁμοίως
2463 4641 2520 4695 δὲ
2546 4642 2683 4695 κατά
2718 4641 2811 4695 δύο
2838 4644 3068 4713 τρόπους
3091 4643 3270 4697 καὶτὰ
3302 4646 3430 4715 περὶ
3453 4644 3553 4697 τοῦ
3592 4645 3762 4698 Ἡνιό-

2193 4751 2291 4804 χου
2319 4733 2671 4803 ἠγνοήκασιν.
2701 4732 2837 4786 Οὔτε
2861 4732 2968 4804 γὰρ
2995 4732 3074 4804 τῷ
3097 4733 3251 4804 Κριῷ
3274 4734 3499 4805 ἄρχεται
3532 4753 3753 4789 συνανα-

2193 4823 2419 4887 τέλλειν,
2452 4823 2529 4887 ὥς
2560 4841 2743 4893 φασιν,
2774 4824 2909 4878 ἀλλά
2950 4827 3064 4887 τοῖς
3101 4823 3347 4893 Ἰχθύσιν,
3375 4823 3502 4878 οὔτε
3530 4825 3639 4889 ἕως
3665 4825 3754 4891 τῆς

2195 4915 2386 4985 λοφίας
2424 4916 2582 4985 μόνον
2608 4917 2937 4988 ἀναφέρεται
2970 4919 3066 4971 σὺν
3109 4917 3186 4987 τῷ
3218 4916 3392 4988 Κριῷ,
3426 4917 3546 4970 ἀλλ’
3573 4918 3691 4982 ὅλος
3714 4920 3754 4949 ⁸⁵

2197 5007 2399 5078 σχεδὸν,
2427 5007 2567 5079 πλὴν
2591 5009 2697 5061 τῶν
2720 5011 2777 5061 ὲν
2805 5011 2871 5080 τῇ
2900 5009 3106 5079 κεφαλῇ
3134 5011 3182 5061 οἱ
3209 5010 3266 5061 ὲν
3293 5009 3448 5078 ἄκρῳ
3480 5009 3560 5081 τῷ
3595 5010 3752 5080 χελω-

2197 5100 2294 5169 νίῳ
2307 5101 2352 5131 “
2385 5099 2646 5170 λαμπροί.
2675 5102 2794 5154 Ὅτι
2816 5119 2878 5169 γε
2912 5102 3017 5173 μὴν
3040 5101 3161 5154 οὔτε
3200 5103 3230 5154 6
3260 5100 3475 5171 Βοώτης
3503 5102 3586 5172 τῷ
3613 5101 3755 5172 Κριῷ

2200 5193 2422 5262 ἄρχεται
2451 5192 2930 5264 συναναφέρεσθαι,
2954 5192 3029 5254 ὥς
3056 5209 3238 5260 φασιν,
3268 5192 3403 5246 ἀλλά
3432 5192 3514 5263 τῷ
3544 5194 3752 5264 Ταύρῳ,

2202 5282 2608 5353 προειρήκαμεν
2635 5282 2906 5353 ἀνωτέρω.

2275 5372 2394 5424 Τῶν
2417 5373 2472 5425 δὲ
2496 5372 2742 5444 Διδύμων
2769 5374 3086 5444 ἀρχομένων
3116 5374 3447 5436 ἀνατέλλειν,
3472 5377 3503 5429 6
3533 5376 3755 5446 ’Ἄρατος

2206 5462 2380 5516 δύνειν
2420 5464 2518 5534 μέν
2573 5482 2703 5535 φησι
2749 5467 2876 5528 τοὺς
2928 5465 3095 5529 πόδας
3154 5465 3249 5518 τοῦ
3332 5464 3618 5535 Ὀφιούχου
3669 5462 3756 5533 μέ-

615 5614 687 5693 ‘_"
716 5613 837 5670 Cor.
875 5617 965 5668 καί
999 5617 1048 5669 κ’
1076 5619 1391 5690 ἀμφήριστοι
1420 5616 1653 5671 πέλοντο.
1733 5619 1778 5649 ⁸⁸
1804 5635 1891 5686 π).
1922 5616 2057 5672 ὅλον.
2131 5618 2176 5649 ⁸⁵
2212 5635 2296 5687 γρ.
2327 5617 2569 5690 χελυνίῳ.
