3928 6266
190 277 349 337 ἰ’ῡξὶῖ)

1186 274 1561 337 'mPpAacu'i
1598 272 1688 335 AD
1718 256 2172 336 russeum
2210 273 2336 334 LIB.
2380 278 2441 333 ιι.

3296 274 3439 332 ’1094

202 414 304 466 σφι
346 395 526 450 αὐτῶν
552 392 602 428 ⁸⁸
639 394 908 465 γονάτωψ
936 393 1240 449 ἀνατέλλειν
1276 392 1333 447 δὲ
1379 393 1443 446 τὸ
1473 394 1649 465 Κῆτος
1682 394 1775 447 καὶ

1886 392 2108 452 exoriri;
2164 392 2506 461 primumque
2535 388 2803 444 Fluminis
2858 397 3090 458 partem.
3137 385 3268 455 Quae
3314 389 3440 458 qui—

201 488 304 541 τοῦ
338 485 596 559 Ποταμοῦ
634 486 706 541 τὰ
734 486 948 559 πρῶτα.
996 484 1182 539 Ταῦτα
1220 484 1281 538 δὲ
1321 483 1627 555 συμφώνως
1661 486 1775 547 τοῖς

192 581 558 652 »φαινομένοις
584 581 675 634 ὑπ’
704 579 884 634 αὐτῶν
912 578 1145 650 εἴρηται.

279 670 357 724 ~'A
410 672 508 742 μὲν
552 665 644 725 οῦν
693 670 865 723 ἐδόκει
900 687 989 740 μοι
1038 669 1281 740 χρήσιμα
1327 661 1467 720 εἶναι
1506 664 1615 718 τῶν
1667 662 1776 717 ὑπὸ

218 763 456 834 Ἀράτου
485 761 580 815 καὶ
605 758 832 825 Εὐδόξου
870 757 1176 829 λεγομένων
1207 756 1265 808 ὲν
1288 755 1400 816 τοῖς
1437 749 1774 822 φαινομένοις

191 852 611 923 ’ἐπισκέψασθαι
648 868 731 917 τε,
762 850 854 904 καὶ
881 847 1213 920 ὑπογράψαι,
1235 843 1410 899 ταῦτά
1440 844 1587 896 ἐστιν
1605 858 1618 871 ·
1649 839 1776 911 ἑξῆς

206 948 267 1003 δὲ
295 946 552 1011 ύποτάξω
571 945 704 1016 περὶ⁸
742 943 971 997 ἑκάστου
998 940 1105 993 τῶν
1130 937 1385 994 ἀπλανῶν
1406 934 1654 1006 ἀστέρων
1683 932 1776 986 ἐπὶ

207 1042 530 1112 κεφαλαίου,
563 1039 668 1093 τίνι
694 1055 753 1091 τε
777 1039 884 1091 τῶν
915 1036 982 1107 ιβ’
1013 1034 1215 1100 ζωδίων
1257 1029 1651 1091 συνανατέλλει,
1682 1025 1776 1080 καὶ

194 1131 641 1203 ’συγκειταδύνει⁶
685 1129 780 1184 καὶ¹
822 1128 930 1181 ἀπὸ
956 1127 1157 1197 πόστης
1205 1123 1399 1196 μοίρας
1440 1119 1533 1174 τοῦ
1583 1119 1774 1184 ζωδίου

208 1226 537 1298 ἀρξάμενος,
570 1223 675 1284 ἕως
718 1221 920 1290 πόστης
945 1219 1006 1272 τὸ
1028 1218 1250 1288 ἔσχατον
1269 1213 1563 1277 ἀνατέλλει,
1590 1211 1625 1283 ἢ
1652 1227 1777 1279 συγ-

192 1315 500 1370 υκαταδύνει
533 1314 590 1366 έν
612 1314 724 1375 τοῖς
745 1311 872 1380 περ)⁸
895 1308 990 1380 τὴν
1036 1306 1258 1361 Ἐλλάδα
1282 1304 1466 1366 τόποις
1484 1320 1497 1332 ·
1524 1301 1618 1356 καὶ
1645 1298 1778 1353 καθ-

206 1408 335 1463 όλου
375 1408 511 1462 ὅπου
553 1404 757 1475 ἐστὶνὴ
796 1402 1022 1474 μεγίστη
1051 1398 1236 1470 ἡμέρα
1267 1394 1422 1467 ὡρῶν
1446 1390 1777 1464 ίσημερινῶν

213 1499 274 1554 ιδ’
302 1500 400 1553 καὶ
438 1496 725 1569 ἡμιωρίου.
772 1493 882 1558 Τάς
921 1493 979 1545 δὲ
1022 1490 1163 1545 κατά
1209 1488 1375 1559 μέρος
1419 1483 1598 1540 αὐτῶν
1642 1486 1778 1538 ἀπο-

209 1592 408 1659 δείξεις
429 1595 486 1646 ὲν
512 1590 691 1653 ἄλλοις
722 1585 1122 1656 συντετάχαμεν
1147 1582 1339 1645 οὕτως,
1367 1576 1506 1633 ὥστε
1533 1579 1590 1630 έν
1616 1576 1777 1629 παντὶ

209 1684 364 1754 τόπῳ
410 1680 591 1752 σχεδὸν
642 1677 743 1749 τῆς
789 1674 1109 1746 οἰκουμένης
1146 1670 1400 1724 δύνασθαι
1446 1665 1778 1739 παρακολου-

1874 483 1999 538 dem
2040 482 2167 539 cum
2200 481 2593 553 apparentibus
2629 489 2996 552 congruenter
3039 481 3110 536 ab
3140 481 3251 536 illis
3288 480 3436 535 dicta

1874 582 2022 631 sunt.

1943 666 2114 736 Igitur
2143 681 2266 736 quae
2316 680 2383 720 ex
2424 665 2578 719 Arati
2610 665 2931 736 Eudoxique
2982 664 3220 722 decretis
3268 681 3439 737 super

1874 757 2249 826 apparentium
2310 755 2523 811 ratione
2579 756 2744 826 digna
2805 756 2939 810 mihi
2988 758 3440 813 consideratione

1874 846 2365 917 observationeque
2396 846 2514 901 visa
2545 854 2695 909 sunt,
2730 846 2847 901 haec
2896 850 3287 917 propemodum
3321 847 3438 900 rue-

1874 947 2025 992 runt.
2052 935 2323 1006 Deinceps
2360 951 2486 992 vero
2518 939 2586 991 de
2618 951 2947 1007 unaquaque
2973 937 3257 991 stellarum
3288 937 3437 991 iner-

1866 1029 2115 1084 rantium
2147 1027 2459 1094 summatim
2507 1027 2817 1083 disseram:
2846 1043 2956 1098 quo
3003 1044 3127 1083 cum
3158 1027 3316 1099 signo
3368 1028 3439 1084 de

1873 1119 2162 1174 duodecim
2194 1118 2407 1173 oriatur
2463 1126 2558 1172 aut
2608 1118 2860 1185 occidat;
2892 1126 3059 1189 quota
3114 1121 3184 1175 ab
3225 1122 3438 1176 zodiaci

1875 1221 2030 1285 parte
2059 1213 2349 1283 incipiens,
2381 1213 2435 1266 in
2469 1220 2637 1283 quota
2665 1214 2798 1267 oriri
2822 1216 2906 1268 vel
2939 1214 3190 1269 occidere
3219 1216 3438 1271 desinat

1876 1303 2024 1357 circa
2049 1299 2270 1356 Graeciae
2299 1310 2558 1367 tractum,
2590 1310 2684 1356 aut
2719 1302 3027 1373 ubicunque
3059 1304 3294 1358 maxima
3319 1306 3440 1361 dies

1868 1400 1960 1450 est
2017 1392 2275 1448 horarum
2331 1393 2792 1464 aequinoctialium
2845 1395 3260 1464 quatuordecim
3310 1410 3436 1451 cum

1877 1486 2121 1543 dimidia.
2144 1486 2387 1554 Quorum
2431 1488 2679 1543 omnium
2740 1489 3060 1558 singillatim
3097 1488 3441 1545 demonstra-

1870 1577 2078 1633 tionem
2104 1578 2176 1632 ita
2210 1578 2267 1632 in
2297 1578 2418 1633 aliis
2442 1580 2854 1634 commentariis
2887 1581 3261 1650 exposuimus,
3292 1590 3353 1636 ut
3380 1582 3440 1637 in

1877 1671 2028 1723 omni
2071 1669 2184 1725 fere
2214 1680 2480 1726 terrarum
2514 1670 2663 1725 orbis
2699 1672 2817 1725 loco
2851 1680 3170 1736 coortuum,
3197 1681 3251 1728 et
3275 1688 3439 1727 coeo-

211 1739 348 1828 θεῖν⁸
371 1739 491 1836 mf;
531 1739 813 1841 διαφοραῖς
860 1739 969 1819 τῶν
1018 1739 1385 1818 συνανατολῶν
1430 1759 1525 1812 καὶ
1571 1771 1778 1826 συγκα-

1886 1775 2106 1817 casuum
2139 1762 2457 1818 discrimina
2481 1770 2631 1818 certa
2656 1764 2837 1833 possis
2857 1766 3068 1819 ratione
3096 1766 3383 1837 consequi.

206 1866 511 1920 ταδύσεων.

270 1958 388 2011 -ῙΘ’.
438 1954 659 2027 Πρῶτον
702 1951 799 2022 μὲν
846 1944 939 2003 οὖν
988 1944 1330 2018 ἐκθησόμεθα
1378 1942 1478 2006 τὰς
1523 1939 1632 1994 τῶν
1684 1937 1778 2009 βο-

196 2048 507 2121 -ρειοτέρων
548 2046 761 2115 ἄστρων
807 2039 901 2093 τοῦ
962 2034 1224 2102 ζωδιακοῦ
1254 2032 1454 2087 κύκλου
1491 2041 1779 2083 συνανατο-

200 2141 314 2204 νλάς
359 2156 418 2193 τε
461 2138 554 2191 καὶ
593 2132 1013 2204 συγκαταδύσεις
1036 2147 1049 2160 ·
1104 2128 1294 2181 ἔπειτα
1330 2126 1387 2179 δὲ
1418 2124 1516 2187 τὰς
1547 2122 1654 2177 τῶν
1687 2138 1777 2175 νο-

212 2232 525 2304 τιωτέρωνο
564 2230 656 2281 ἐπὶ
692 2229 824 2281 πᾶσι
856 2224 914 2278 δὲ
960 2223 1058 2287 τάς
1084 2220 1192 2274 τῶν
1238 2220 1302 2291 ιβ’
1355 2216 1578 2281 ζωδίων.
1622 2214 1780 2283 Λέγω

197 2327 273 2381 εδὲ
312 2326 421 2378 τῶν
447 2318 851 2394 ήστερισμένων
872 2334 885 2348 ο
918 2315 1214 2385 ἐπειδήπερ
1236 2311 1273 2365 ἃ.
1308 2310 1405 2382 μὲν
1438 2306 1658 2379 μείζονα
1685 2305 1779 2358 τό-

217 2434 319 2471 πον
348 2416 532 2485 ἐπέχει
559 2410 652 2465 τοῦ
681 2406 1168 2479 δωδεκατημορίου,
1199 2403 1236 2459 ἃ
1260 2403 1318 2457 δὲ
1347 2399 1627 2455 ἐλάσσονα.
1659 2398 1780 2450 Ἔτι

214 2510 275 2564 δὲ
302 2508 398 2562 καὶ
436 2504 611 2575 πολλῷ
652 2503 775 2556 τινὰ
828 2501 927 2572 μὲν
973 2497 1302 2570 βορειότερα,
1340 2492 1463 2546 τινά
1509 2490 1566 2545 δὲ
1596 2487 1782 2543 νοτιώ-

216 2617 352 2673 τερα
382 2598 511 2653 ὄντα
544 2593 638 2649 τοῦ
680 2590 964 2659 ζωδιακοῦ,
1005 2588 1137 2643 πολὺ
1167 2586 1418 2658 προτερεῖ
1437 2583 1531 2637 καὶ
1566 2580 1783 2650 ὑστερεῖ

206 2671 293 2747 μὲνὴ
308 2693 430 2755 ταῖς
463 2684 744 2749 ἀνατολαῖς
776 2685 871 2740 καὶ
926 2683 1110 2738 δύσεσι
1141 2680 1249 2733 τῶν
1288 2678 1408 2732 κατ’
1435 2675 1575 2731 αὐτὰ
1617 2671 1781 2727 δωδε-

221 2783 589 2856 κατημορίων.
620 2776 1170 2852 Προσδιασαφήσομεν
1215 2773 1270 2826 δὲ
1308 2772 1394 2840 ἐφ’
1427 2770 1654 2824 ἑκάστου
1684 2764 1782 2818 καὶ

219 2878 282 2931 τό
307 2893 366 2929 τε
399 2866 761 2947 μεσουρανοῦν
790 2872 847 2924 έν
884 2867 962 2939 τῷ
993 2864 1241 2936 ζωδιακῷ
1271 2862 1453 2933 κύκλῳ
1476 2860 1664 2926 ζώδιον
1689 2859 1783 2911 καὶ

206 2968 320 3039 τὴν
355 2968 550 3038 μοῖραν
587 2958 782 3017 αὐτοῦ’
818 2959 956 3032 πρὸς
998 2958 1056 3011 δὲ
1102 2955 1310 3020 τούτοις
1354 2955 1482 3018 τοὺς
1517 2964 1782 3023 μεσουρα-

220 3060 444 3123 νοῦντας
475 3056 730 3118 ἀπλανεῖς
757 3053 991 3124 ἀστέρας
1026 3052 1082 3103 έν
1114 3051 1231 3111 ταῖς
1263 3048 1455 3119 ἀρχαῖς
1480 3045 1573 3097 κα)⁸
1599 3041 1781 3095 τελευ-

223 3154 339 3214 ταῖς
392 3148 500 3203 τῶν
535 3145 807 3201 ἀνατολῶν
847 3114 940 3197 καὶ
967 3138 1171 3196 δύσεων
1206 3114 1517 3208 οἱούδήποτε
1543 3135 1744 3205 ἄστρου
1763 3149 1778 3163 υ
1808 3114 1851 3170 (ἶ

212 3244 316 3297 ’καὶ
361 3240 440 3295 ἔτι
486 3241 544 3294 ὲν
582 3237 776 3301 πόσαις
806 3235 974 3308 ὥραις
1016 3232 1354 3304 ίσημεριναῖζ
1405 3228 1631 3281 ἕκαστον
1674 3222 1782 3277 τῶν

223 3336 437 3407 ἄστρων
479 3331 513 3403 ἢ
551 3331 716 3394 δύνει,
768 3329 802 3401 ἢ
848 3325 1140 3382 ἀνατέλλει.
1178 3323 1446 3376 Ἕκαστον
1489 3317 1546 3371 δὲ
1582 3315 1784 3370 τούτων

223 3428 625 3499 τιασαφήσομεν
640 3421 779 3477 κατά
815 3417 1174 3488 συνεγγισμὸν
1200 3415 1304 3479 ἓως
1337 3411 1624 3483 ἀδιαφόρου
1652 3421 1785 3480 παρ-

224 3517 482 3587 αλλαγῆς.
517 3514 661 3567 Διότι
705 3510 814 3582 γὰρ
851 3511 885 3581 ή
932 3506 1156 3578 τοιαύτη
1200 3502 1554 3577 πραγματεία
1607 3499 1784 3571 πολλῷ

224 3624 281 3664 τε
313 3608 422 3661 τῶν
462 3607 566 3661 ὑπὸ
610 3604 718 3659 τῶν
754 3601 997 3676 ἀρχαίων
1028 3596 1468 3668 συντεταγμένων
1506 3594 1654 3647 ἐστὶν
1691 3593 1783 3646 εὐ-

224 3700 579 3775 χρηστοτέρα,
627 3698 720 3752 καὶ
777 3696 911 3770 πρὸς
970 3692 1137 3747 πολλὰ
1181 3689 1439 3745 συντείνει
1493 3687 1599 3740 τῶν
1643 3683 1785 3739 κατὰ

223 3771 576 3864 ἀστρολογίαν
616 3787 992 3860 θεωρημάτων
1011 3823 1027 3847 ,
1078 3780 1472 3851 εὐκατανόητον
1522 3771 1658 3829 εἷναί
1701 3789 1784 3826 σοι

222 3885 448 3957 νομίζω.

306 4003 365 4055 '0
394 4001 491 4072 μὲν
513 3994 604 4054 οὖν
642 3995 856 4067 Βοώτης
887 3987 1264 4046 συνανατέλλει
1297 3984 1374 4057 τῷ
1401 3981 1645 4053 ζωδιακῷ
1677 3980 1784 4035 ἀπὸ

214 4097 324 4168 τῆς
354 4093 528 4164 ἀρχῆς
572 4091 671 4162 τῆς
719 4084 995 4159 Παρθένου
1046 4082 1151 4144 ἕως
1205 4079 1247 4144 ζ’
1298 4076 1387 4131 καὶ¹
1433 4082 1480 4129 κ’
1518 4073 1627 4146 μοί.
1681 4072 1783 4143 τῆς

216 4185 534 4259 ’Παρθένουο
582 4180 900 4254 μεσουρανεῖ
951 4176 995 4229 δ’
1053 4170 1426 4232 ἀνατέλλοντος
1467 4163 1630 4221 αὐτοῦ
1688 4161 1782 4217 τοῦ

227 4252 485 4344 ζωδιακοῦ
514 4252 796 4344 τμήματος
826 4264 934 4320 ἀπὸ
958 4263 1167 4337 Ταύρου
1195 4260 1238 4325 ζ’
1267 4258 1363 4313 καὶ
1389 4262 1437 4311 κ’
1470 4254 1578 4326 μοί.
1613 4252 1783 4344 μέσης

222 4340 327 4431 έως
357 4340 729 4435 Διδύμων-κζ’
759 4358 865 4431 μοί.
910 4357 1019 4410 Kal
1066 4353 1279 4427 πρῶτος
1327 4348 1425 4421 μὲν
1477 4343 1650 4417 ἀστὴρ
1690 4340 1782 4395 τοῦ

226 4458 435 4513 Bodl-ceu
484 4452 758 4510 ἀνατέλλει
799 4453 828 4505 ὁ
876 4451 932 4502 έν
975 4449 1039 4519 τῇ
1071 4443 1301 4515 κεφαλῇ,
1330 4443 1553 4511 ἔσχατος
1582 4438 1638 4491 δὲ
1669 4437 1696 4488 ὁ
1727 4436 1784 4486 ὲν

1948 1934 2092 1996 XIX.
2122 1937 2366 1995 Primum
2395 1941 2562 2012 igitur
2590 1941 2890 1997 borealium
2933 1942 3172 1998 siderum
3204 1951 3358 2001 ortus
3387 1952 3442 1999 et

1875 2044 2109 2088 occasus
2128 2028 2553 2102 explicabimus,
2586 2049 2725 2104 quos
2747 2048 2874 2089 cum
2921 2033 3146 2090 zodiaco
3176 2034 3387 2089 faciunt
3420 2053 3436 2092 :

1876 2130 1992 2179 tum
2025 2128 2347 2181 au'stralium
2383 2143 2397 2179 :
2431 2135 2706 2199 postremo
2731 2128 3009 2197 signorum
3031 2129 3275 2197 ipsorum
3302 2129 3441 2184 duo-

1877 2212 2073 2271 decim.
2099 2214 2173 2270 De
2199 2216 2428 2272 stellatis
2455 2216 2615 2287 128
2640 2225 2816 2271 autem
2852 2218 3145 2288 loquimur,
3181 2220 3441 2289 quoniam

1878 2306 2139 2363 nonnulla
2185 2314 2337 2374 sunt,
2369 2323 2492 2378 qua:
2540 2309 2861 2378 ampliorem
2909 2307 3236 2364 duodecima
3285 2319 3442 2380 parte

1878 2399 2060 2453 locum
2114 2406 2406 2469 occupant,
2437 2401 2686 2469 quaedam
2748 2401 3035 2455 minorem.
3079 2397 3286 2455 Deinde
3333 2401 3442 2455 alia

1880 2488 2039 2559 longe
2083 2489 2258 2557 magis
2305 2488 2375 2544 ad
2421 2489 2825 2560 septentriones
2849 2529 2864 2553 ,
2900 2496 3241 2550 austrumve,
3276 2505 3441 2561 quam

1880 2581 2158 2644 zodiacus,
2180 2582 2482 2651 vergentia,
2513 2581 2681 2652 longo
2709 2580 2897 2636 itidem
2941 2581 3119 2651 spatio
3148 2580 3444 2637 d‘odecate-

1879 2673 2054 2726 moria
2088 2686 2187 2727 sua
2220 2681 2569 2743 praevertunt,
2598 2680 2695 2727 aut
2727 2680 3051 2742 sequuntur.
3088 2670 3356 2727 Praeterea
3385 2673 3443 2727 in

1879 2764 2112 2835 singulis
2138 2779 2470 2835 exponemus
2485 2764 2628 2835 quod
2656 2765 2869 2835 signum
2897 2764 2949 2818 in
2980 2764 3204 2819 zodiaco
3231 2765 3443 2820 circulo

1881 2859 2117 2912 medium
2156 2859 2283 2912 ειυΙί
2314 2866 2516 2924 teneat,
2551 2867 2604 2912 et
2647 2873 2895 2928 quaenam
2926 2872 3052 2928 pars
3090 2857 3257 2913 illius.
3309 2857 3441 2912 Item

1877 2965 2128 3021 quamam
2156 2951 2383 3005 lixarum
2402 2951 2688 3006 stellarum
2720 2950 3024 3006 culminent
3062 2951 3116 3003 in
3150 2956 3445 3005 ortuumet

1881 3057 2176 3098 occasuum
2200 3043 2395 3106 initiis,
2421 3057 2485 3096 ac
2512 3042 2712 3097 ﬁnibus
2742 3041 2941 3097 sideris
2973 3041 3439 3110 cujuslibet;tum

1885 3142 2016 3205 quot
2047 3135 2308 3189 horarum
2330 3135 2679 3206 :equabilium
2719 3135 2896 3204 spatio
2917 3132 3342 3203 unumquodque
3370 3133 3446 3187 si-

1883 3227 1987 3282 dus
2020 3227 2247 3293 oriatur,
2268 3231 2364 3280 aut
2385 3225 2617 3280 occidat.
2650 3223 2891 3291 Quorum
2934 3224 3178 3279 omnium
3204 3226 3444 3280 rationes

1883 3332 2047 3388 quam
2089 3319 2332 3388 proxime
2366 3317 2479 3372 ﬁeri
2526 3317 2728 3386 poterit
2760 3317 3040 3383 inibimus,
3073 3316 3220 3370 nulla
3255 3323 3314 3369 ut
3338 3314 3446 3369 dif-

1884 3412 2112 3468 ferentia
2168 3413 2342 3481 possit
2389 3410 2631 3480 agnosci.
2680 3409 2832 3463 Hane
2881 3423 3009 3464 vero
3063 3408 3442 3463 tractationem

1884 3520 2008 3559 eum
2047 3504 2302 3560 omnibus
2355 3504 2422 3558 iis
2456 3518 2576 3573 quae
2625 3503 2695 3556 ab
2728 3501 2969 3571 antiquis
2997 3499 3276 3556 elaborata
3313 3505 3445 3555 sunt

1886 3599 2170 3660 hactenus,
2202 3598 2269 3651 ad
2318 3611 2479 3650 usum
2518 3594 2819 3650 faciliorem
2853 3608 2997 3657 esse,
3032 3600 3147 3648 tum
3181 3591 3249 3645 ad
3279 3606 3444 3661 quam

1885 3690 2121 3762 plurima
2162 3690 2215 3743 in
2246 3688 2544 3771 astrologia
2585 3687 2920 3741 theoremata
2960 3685 3251 3755 pertinere,
3283 3680 3447 3738 facile

1885 3787 1982 3840 abs
2007 3794 2060 3840 te
2094 3782 2447 3837 animadverti
2477 3781 2686 3851 judico.

1954 3986 2139 4055 Itaque
2166 3982 2361 4037 Bomes
2391 3981 2567 4034 oritur
2597 3993 2719 4034 cum
2749 3975 2957 4032 zodiaci
2988 3980 3142 4045 parte
3175 3971 3288 4031 illa,
3322 3984 3446 4040 qute

1884 4080 1952 4135 ab
1976 4077 2131 4134 initio
2160 4075 2402 4145 Virginis
2427 4073 2639 4144 incipit,
2671 4084 2845 4140 usque
2869 4067 2935 4120 ad
2963 4066 3083 4135 ejus
3116 4071 3323 4134 partem
3353 4061 3440 4115 27.

1883 4170 2155 4227 Culminat
2185 4177 2363 4221 autem
2413 4165 2626 4220 oriente
2673 4162 2768 4215 illo
2815 4158 3024 4213 zodiaci
3081 4161 3442 4225 segmentum,

1882 4262 2027 4332 quod
2053 4267 2136 4315 est
2185 4273 2215 4312 a
2267 4256 2430 4311 Tauri
2462 4252 2721 4321 vicesima
2767 4247 2999 4318 septima
3041 4253 3197 4315 parte
3240 4242 3442 4303 media,

1883 4369 2058 4424 usque
2094 4351 2160 4405 ad
2195 4348 2543 4404 Geminorum
2568 4343 2658 4397 27.
2688 4341 2869 4395 Prima
2902 4338 3064 4393 stella
3111 4336 3294 4390 Bootae
3335 4333 3446 4386 ori,

1889 4455 1976 4501 tur
2013 4459 2098 4506 ea,
2130 4456 2249 4512 quae
2273 4446 2355 4495 est
2385 4438 2439 4491 in
2461 4435 2669 4506 capite;
2695 4432 2883 4486 ultima
2907 4444 3027 4499 qua:
3053 4436 3137 4483 est
3165 4427 3218 4480 in
3253 4424 3448 4479 dextro

227 4491 435 4513 mauu
484 4491 758 4510 υινυι-νεσιυιε..
800 4491 828 4505 ν
876 4491 928 4502 ..ν
987 4491 1039 4519 ,η
1075 4491 1301 4515 -.-τνηῐν
1334 4491 1444 4511 --δέ
1482 4491 1487 4492 ,
1535 4491 1551 4503 δ

225 4551 301 4622 τῷ
336 4549 494 4621 δεξιῷ
540 4546 679 4601 ποδί.
723 4540 1127 4614 Μεσουρανοῦσι
1171 4538 1225 4591 δὲ
1259 4534 1365 4589 τῶν
1397 4533 1569 4589 ἀλλων
1622 4528 1780 4583 ἀστέ-

1888 4539 2042 4609 pede.
2072 4491 2313 4589 Aliorum
2350 4491 2612 4588 siderum,
2642 4533 2824 4580 ortum
2858 4523 3078 4577 ineunte
3111 4518 3297 4580 Boote,
3330 4515 3449 4570 cul-

228 4620 359 4713 ρων,
410 4636 710 4711 ἀρχομένου
757 4633 852 4704 μὲν
897 4628 1205 4684 ἀνατέλλειν
1246 4623 1340 4678 τοῦ
1390 4620 1620 4683 Βοώτου,
1660 4620 1689 4672 ὂ
1723 4635 1783 4671 τε

225 4708 515 4804 ἀριστερδς
534 4722 681 4798 ὦμος
719 4724 812 4779 τοῦ
853 4723 1103 4793 Ὠρίωνος
1129 4717 1224 4772 καὶ
1255 4719 1283 4770 ὁ
1309 4711 1596 4787 ἀριστερὸς
1625 4708 1782 4774 ποῦς,

226 4800 300 4887 ὡς
343 4800 641 4892 ήμιπήχιον
679 4812 1087 4888 προηγούμενος
1128 4806 1221 4861 τοῦ
1258 4800 1661 4878 μεσημϐρινοῦ·
1693 4800 1788 4873 λή-

224 4930 414 4984 γοντος
454 4912 511 4966 δὲ
554 4908 742 4971 αὐτοῦ,
777 4905 1094 4978 μεσουρανεῖ
1140 4898 1234 4954 τοῦ
1281 4898 1457 4961 Κυνὸς
1498 4898 1526 4950 ὁ
1560 4894 1655 4948 ἐπὶ
1678 4893 1787 4946 τῶν

229 5006 415 5079 Ξσχίων
458 5003 726 5076 λαμπρός.
788 4996 1087 5053 Ἀνατέλλει
1130 4995 1188 5048 δὲ
1234 4993 1354 5055 ὅλος
1397 4992 1426 5044 ὁ
1468 4989 1685 5059 Βοώτης
1730 4988 1789 5038 ὲν

228 5100 394 5173 ὥραις
424 5098 761 5169 ίσημεριναῖς
788 5092 936 5146 δυσὶν
968 5090 1044 5154 ὡς
1077 5088 1322 5157 ἔγγιστα.

298 5209 404 5264 Τοῦ
442 5209 498 5262 δὲ
526 5207 795 5276 Στεφάνου
838 5201 1236 5265 ἀνατέλλοντος,
1273 5196 1646 5252 συνανατέλλει
1686 5194 1786 5267 μὲν

230 5300 377 5372 αὐτῷ
406 5299 501 5354 τοῦ
545 5294 808 5364 ζωδιακοῦ
840 5295 1125 5366 τμήματος
1162 5289 1271 5345 ἀπὸ
1301 5288 1577 5361 Παρθένου
1617 5286 1661 5352 ζ’
1693 5287 1787 5340 καὶ

232 5402 277 5449 κ’
312 5392 422 5464 μοί.
466 5391 570 5455 ἓως
606 5389 798 5462 Χηλῶν
843 5394 885 5440 ε’
939 5384 1048 5458 μοί.
1103 5383 1307 5457 μέσης·
1354 5380 1678 5453 μεσουρανεῖ
1728 5378 1787 5433 δὲ

233 5486 336 5538 ἀπὸ
394 5468 639 5553 Διδύμων
685 5487 738 5546 ς’
782 5478 874 5534 καὶ
925 5485 973 5533 κ’
1008 5478 1116 5549 μοί.
1173 5477 1344 5546 μέσης
1379 5473 1483 5536 ἕως
1510 5470 1786 5542 Καρκίνου

237 5573 342 5640 μοί.
377 5579 418 5624 ε’
455 5568 644 5641 μέσης
673 5568 784 5623 Καὶ
815 5567 1026 5641 πρῶτος
1056 5566 1151 5638 μὲν
1184 5565 1358 5637 ἀστὴρ
1387 5560 1661 5618 ἀνατέλλει
1688 5558 1783 5615 τοῦ

211 5764 219 5809 .3
312 5727 360 5781 9⁸
388 5742 476 5796 ῃ).
518 5723 675 5795 μέχρι
704 5720 809 5775 τῶν

1886 4628 2058 4682 minat
2107 4622 2329 4679 sinister
2385 4619 2647 4672 humerus
2687 4613 2928 4675 Orionis,
2961 4618 3015 4665 et
3064 4609 3286 4664 sinister
3328 4620 3445 4675 pes,

1885 4719 1981 4790 qui
2013 4713 2376 4773 semicubitali
2418 4708 2705 4766 intervallo
2737 4704 3097 4759 meridianum
3143 4696 3449 4759 antecedit;

1888 4812 1994 4869 sub
2040 4816 2196 4865 ortus
2228 4806 2388 4862 linem
2419 4798 2899 4860 culminatlucida,
2923 4810 3042 4865 quae
3060 4800 3145 4848 est
3167 4793 3220 4847 iu
3246 4790 3451 4845 femore

1885 4904 2069 4959 Canis.
2098 4901 2268 4956 Totus
2287 4898 2466 4954 oritur
2498 4893 2700 4948 Bootes
2723 4891 2875 4945 horis
2906 4890 3018 4943 fere
3036 4885 3249 4941 duabus
3267 4897 3451 4953 aequa-

1890 4998 2054 5052 libus.

1959 5180 2174 5250 Corona
2227 5191 2460 5254 oriente,
2508 5183 2718 5240 zodiaci
2771 5192 2930 5234 arcus
2970 5175 3150 5230 oritur
3199 5186 3231 5225 a
3281 5168 3452 5239 gradu

1889 5285 2129 5357 Virginis
2169 5283 2238 5337 27
2295 5294 2467 5350 usque
2511 5275 2579 5330 ad
2615 5272 2853 5328 medium
2897 5268 2931 5323 5
2968 5266 3295 5357 Cbelarumj
3336 5260 3454 5357 cul:

1894 5347 2065 5432 minet
2096 5389 2127 5429 a
2167 5371 2346 5428 medio
2374 5347 2446 5423 9'1
2474 5365 2826 5423 Geminorum
2848 5399 2864 5423 ,
2910 5371 3087 5427 usque
3135 5352 3202 5405 ad
3255 5347 3455 5402 Caneri

1891 5467 2132 5523 medium
2185 5463 2239 5518 5.
2302 5459 2483 5514 Prima
2531 5456 2758 5511 Coronae
2801 5449 2959 5505 stella
3007 5445 3183 5501 oritur
3232 5457 3296 5496 ea
3336 5454 3461 5509 quae

1892 5555 2391 5632 splendidissimam
2437 5547 2725 5623 praecedit,
2758 5542 2948 5600 ultima
2994 5553 3146 5602 vero,
3184 5532 3462 5591 borcalior
