3928 6266
475 273 615 330 1095

1456 264 1547 317 Αἰ)
1588 258 1852 317 EUSEBII
1887 254 2281 315 CHBONICON
2318 250 2677 310 APPENDIX.

3579 243 3713 299 "398

467 407 663 451 carum
704 405 823 463 quae
862 404 890 442 a
934 384 1376 458 splendidissima
1430 384 1700 439 orientem
1751 393 1947 435 versus
1990 384 2045 431 et

2171 374 2417 444 Ξτεφάνου
2443 375 2472 426 6
2503 370 2911 445 προηγούμενος
2932 362 3029 418 τοῦ
3056 358 3460 434 λαμπροτᾶτου,
3490 357 3716 427 ἔσχατος

474 482 651 538 llrsas
685 479 966 535 recedunt.
995 477 1111 533 Sub
1126 476 1515 532 ortusinitium
1542 475 1810 529 culminat
1839 486 1900 527 ea
1925 485 2045 540 qua

476 575 646 631 estin
681 572 896 627 femore
922 571 1125 636 Canis;
1171 578 1447 639 postrema
1479 581 1634 628 vero,
1682 561 1882 626 lucida,
1924 575 2046 631 quae

472 664 649 738 ἨῨὸτί
676 673 835 733 caput
861 662 1117 732 praecedit
1149 678 1163 713 :
1198 676 1318 730 quae
1346 658 1565 730 quidem
1582 656 1780 711 Cancri
1811 667 1865 709 et
1895 652 2047 709 Ursae

475 754 755 810 horealior
785 762 868 808 est
896 753 1126 807 duarum
1159 752 1464 814 stellarum,
1499 764 1621 818 qua:
1665 748 1719 801 in
1754 746 2046 801 anteriori-

373 860 405 885 θ
471 845 584 901 lbus
615 844 849 916 pedibus
881 843 1001 898 sitae
1027 850 1190 909 sunt;
1223 841 1472 913 proxime
1516 838 1711 896 deinde
1742 839 2045 902 stellarum,

480 952 604 1008 quae
650 940 799 991 circa
855 935 1109 991 nebulam
1148 932 1351 988 Cancri
1408 938 1559 998 sunt,
1592 931 1661 986 ad
1709 930 2046 985 occidentem

472 1028 694 1099 positae.
755 1026 945 1082 Oritur
1009 1025 1227 1083 Corona
1297 1025 1550 1097 partibus
1612 1022 1826 1079 duabus
1887 1021 2050 1077 unius

476 1121 654 1177 horae.

2141 468 2199 522 δὲ
2220 469 2251 521 6
2275 466 2606 539 βορειότερος
2634 465 2743 517 τῶν
2763 463 2838 526 ὡς
2866 461 3003 532 πρὸς
3031 456 3292 520 ἀνατολὰς
3319 454 3418 508 καὶ
3442 454 3716 522 ’Δρκτους

2144 559 2412 629 κειμένων
2462 555 2557 609 τοῦ
2604 556 3003 626 λαμπροτάτου.
3059 547 3393 619 Μεσουρανεί
3432 544 3498 598 δὲ
3542 544 3719 629 ἀστὴρ

2145 650 2202 700 έν
2239 628 2338 718 μὲν
2373 649 2438 718 τῇ
2466 646 2607 717 ἀρχῇ
2641 644 2738 713 τῆς
2769 640 3028 710 ἀνατολῆς
3065 636 3158 690 τοῦ
3187 633 3362 696 Κυνδς
3406 633 3438 684 6
3483 629 3586 685 ἐπὶ
3614 628 3718 681 τῶν

2149 740 2354 811 ἰσχίων,
2401 738 2626 805 ἔσχατος
2663 736 2721 789 δὲ
2750 735 2778 786 6
2809 729 3217 805 προηγούμενος
3242 727 3341 798 τῆς
3376 722 3477 778 τοῦ
3516 720 3718 791 ’Υδρον

2145 831 2404 902 κεφαλῆς,
2433 832 2463 884 6
2494 829 2755 899 ἐκφανὴς,
2794 828 2853 889 ὃς
2896 828 3013 878 ἐστι
3045 821 3138 876 τοῦ
3185 817 3464 890 Καρκίνου
3496 814 3598 868 καὶ¹
3630 813 3721 883 τῆς

2152 925 2386 996 Ἄρκτου
2417 925 2446 976 6
2480 919 2814 992 βορειότερος
2836 914 2947 970 τῶν
2980 918 3039 968 ὲν
3065 914 3177 976 τοῖς
3206 906 3567 981 ἐμπροσθίοις
3598 903 3721 955 ποσὶ
3752 909 3757 912 ’

2140 995 2241 1071 δύο
2269 1015 2511 1087 ἀστέρων
2540 1014 2616 1044 ’⁷ο
2650 1010 2875 1081 ἔγγιστα
2916 1007 2973 1062 δὲ
3019 1006 3117 1061 καὶ
3158 1004 3267 1057 τῶν
3305 1000 3435 1073 περὶ
3466 999 3532 1052 τὸ
3566 995 3722 1065 νεφέ-

2146 1109 2259 1162 λιον
2282 1108 2376 1162 τοῦ
2399 1105 2676 1177 Καρκίνου
2702 1101 2967 1173 κειμένων
2993 1100 3042 1153 οι
3064 1096 3202 1168 πρὸς
3222 1093 3398 1149 δύσιν.
3417 1087 3722 1145 ’Δνατέλλιι

2143 1200 2207 1254 δὲ
2232 1200 2261 1252 6
2293 1198 2563 1268 Στέφανος
2594 1196 2652 1248 ὲν
2683 1193 2803 1247 δυσὶ
2834 1191 3023 1263 μέρεσι
3059 1194 3107 1241 α’
3138 1186 3306 1257 ὧρας.

556 1319 777 1374 Oriente
795 1316 1106 1389 lngoniculo
1121 1315 1299 1369 oritur
1320 1329 1444 1369 cum
1473 1329 1539 1370 eo
1562 1313 1771 1368 zodiaci
1803 1327 2049 1375 segmen-

2223 1312 2329 1366 Τοῦ
2377 1310 2435 1364 δὲ
2483 1311 2570 1364 Ἐν
2614 1309 2832 1378 γόνασιν
2877 1299 3275 1362 ἀνατέλλοντος,
3339 1291 3723 1349 συνανατὲλὴι

474 1421 600 1466 θιιιιιι
631 1411 778 1482 quod
811 1384 895 1465 est
947 1424 981 1465 a
1028 1417 1181 1480 parte
1227 1407 1296 1461 ‘12
1349 1405 1590 1479 Virginis
1643 1404 1707 1459 ad
1763 1402 2053 1459 mediam8

2171 1405 2253 1458 ιὲν
2283 1406 2313 1458 6
2342 1402 2601 1468 ζωδιακὸς
2633 1399 2741 1455 ἀπὸ
2770 1395 3041 1469 Παρθένου
3075 1392 3182 1464 μοί.
3218 1390 3284 1461 ιβ’
3311 1390 3417 1452 ἕως
3452 1384 3723 1457 Σκορπίου

477 1503 722 1573 Scorpii.
758 1501 1036 1557 Culminat
1079 1508 1259 1556 autem
1306 1514 1336 1552 a
1386 1478 1564 1553 media
1618 1497 1651 1552 8
1699 1494 2055 1551 Geminorum

2171 1496 2267 1550 ιοί.
2307 1502 2355 1566 η’
2403 1494 2604 1566 μέσης·
2650 1490 2972 1561 μεσουρανεῖ
3013 1486 3070 1540 δὲ
3109 1485 3216 1539 ἀπὸ
3248 1481 3498 1553 Διδύμων
3545 1484 3598 1549 η’
3636 1478 3727 1548 μέ-

487 1572 659 1667 usque
688 1593 757 1649 ad
787 1592 988 1648 Leonis
1016 1592 1249 1665 gradum
1282 1591 1350 1647 14
1380 1591 1568 1661 prima:
1615 1589 1870 1643 oriuntur
1914 1595 2057 1642 aste-

2171 1609 2257 1663 ςης
2304 1590 2408 1652 ’ἐως
2454 1587 2679 1650 Λέοντος
2731 1581 2790 1638 ιδ’
2827 1582 2936 1655 μοι.
2973 1580 3082 1634 Καὶ
3113 1577 3320 1666 πρῶτοι
3363 1574 3465 1645 μὲν
3495 1572 3727 1667 ἀστέρες

479 1688 641 1745 ιινίεηιί
686 1687 852 1758 hujus
892 1685 1096 1749 ambae,
1127 1699 1361 1754 quarum
1415 1683 1587 1737 altera
1634 1692 1718 1736 est
1752 1679 1812 1734 in
1864 1678 2056 1733 dextro

2171 1660 2246 1737 τοῦ
2299 1682 2385 1735 Ἐν
2434 1678 2689 1749 γούνασιν
2741 1672 3140 1735 ἀνατέλλουσιν,
3191 1660 3222 1722 6
3255 1685 3314 1721 τε
3348 1668 3410 1720 ὲν
3436 1664 3520 1735 τῷ
3570 1660 3730 1731 δεξιῷ

481 1779 645 1852 pede,
697 1752 868 1833 altera
903 1778 956 1831 in
1001 1752 1194 1832 dextro
1225 1790 1400 1847 genu,
1449 1774 1661 1837 ultima,
1690 1788 1811 1842 qua).
1858 1771 1914 1825 in
1958 1785 2056 1825 ex-

2171 1775 2279 1828 ποδὶ
2306 1772 2400 1827 καὶ
2425 1771 2453 1822 6
2486 1772 2542 1823 ὲν
2574 1767 2650 1838 τῷ
2669 1764 2826 1836 δεξιῷ
2859 1764 3064 1833 γόνατι,
3104 1761 3326 1831 ἔσχατος
3355 1756 3412 1809 δὲ
3439 1758 3470 1810 6
3502 1757 3564 1851 ὲν
3584 1752 3730 1825 ἄκρα

486 1885 659 1929 trema
677 1888 841 1927 manu
863 1865 1109 1928 sinistra.
1128 1868 1408 1923 Culminat
1424 1883 1487 1923 ex
1506 1867 1631 1923 aliis
1654 1866 1823 1920 stellis
1850 1863 2059 1920 oriente

2171 1869 2223 1939 τῇ
2251 1863 2515 1938 ἀριστερᾷ
2545 1861 2706 1933 χειρί.
2751 1856 3090 1927 Μεσουρανεῖ
3125 1851 3180 1905 δὲ
3218 1850 3325 1904 τῶν
3363 1842 3547 1903 ἄλλων
3574 1842 3732 1898 ἀστέ-

490 1966 823 2038 lngen-iculo,
857 1979 919 2020 ea
970 1964 1210 2034 primum
1261 1976 1382 2032 quae
1418 1976 1486 2015 ex
1535 1968 1771 2030 quatuor
1790 1957 1863 2012 ad
1895 1957 2059 2026 pedes

2171 1936 2301 2032 ρων,
2344 1955 2724 2016 ἀνατέλλοντος
2775 1949 2870 2004 τοῦ
2911 1947 3000 2001 Ἐν
3051 1944 3309 2038 γούνασι,
3358 1940 3601 2038 πρῶτος.

480 2058 844 2114 Geminorum
886 2056 1009 2110 sitis
1041 2052 1285 2110 secunda
1318 2060 1404 2108 est
1434 2052 1502 2106 ab
1536 2049 1850 2115 occidente;
1877 2047 2062 2104 novis-

2171 2025 2265 2103 τῶν
2297 2049 2354 2103 ὲν
2378 2050 2489 2110 τοῖς
2516 2043 2640 2097 ποσὶ
2670 2040 2777 2095 τῶν
2803 2037 3048 2109 Διδύμων
3083 2034 3146 2099 δ’,
3171 2030 3464 2103 ὁδεύτερος
3501 2027 3615 2083 ἀπὸ
3640 2025 3734 2081 δύο

491 2152 632 2205 sima
662 2149 956 2204 australior
977 2147 1258 2202 ambarum
1283 2145 1336 2199 in
1368 2143 1571 2207 Leone,
1602 2158 1724 2213 quae
1746 2141 2060 2196 circa‘lum-

2171 2159 2317 2204 ςεως,
2353 2139 2575 2209 ἔσχατος
2628 2135 2682 2188 δὲ
2728 2130 2822 2185 τοῦ
2869 2131 3093 2191 Λέοντος
3123 2130 3152 2181 6
3195 2122 3511 2193 νοτιὼτερος
3539 2118 3654 2173 τῶν
3690 2117 3734 2188 β’

491 2243 685 2298 horum
719 2240 1057 2312 splendidam
1091 2239 1281 2309 positae
1315 2245 1464 2292 sunt.
1497 2211 1680 2289 Oritur
1712 2232 2061 2304 lngeniculus

2171 2232 2267 2284 τῶν
2299 2229 2426 2301 περὶ
2453 2226 2541 2280 τὸν
2567 2224 2819 2296 λαμπρὸν
2845 2222 2935 2275 τὸν
2962 2220 3054 2273 ἐπὶ
3090 2218 3188 2288 τῆς
3218 2213 3417 2285 ὀσφύος
3455 2211 3734 2282 κείμενον.

484 2337 671 2405 spatio
701 2302 961 2390 horarum
995 2332 1050 2399 6,
1082 2302 1165 2386 ξδ’
1187 2329 1320 2385 fere.
1446 2390 1450 2393 _
1785 2302 1799 2304 ἠ

2171 2321 2472 2376 Ἀνατέλλει
2500 2318 2557 2370 δὲ
2592 2320 2621 2371 6
2659 2316 2750 2368 ‘Ev
2783 2314 3033 2382 γούνασιν
3087 2311 3145 2362 ὲν
3173 2307 3342 2380 ὥραις
3372 2305 3421 2359 δ’
3464 2304 3561 2357 καὶ
3585 2302 3737 2373 τρισὶ

2164 2413 2601 2486 πεμπτημορίοις
2628 2409 2706 2473 ὡς
2734 2396 2982 2476 ἔγγιστα.
3136 2469 3143 2477 _

2233 2529 2319 2584 ις’.
2359 2527 2465 2582 Τοῦ
2517 2525 2574 2578 δὲ
2607 2522 2890 2594 Ὀφιούχου
2922 2517 3319 2580 ἀνατέλλοντος,
3356 2510 3738 2567 συνανατέλλει

2171 2622 2272 2696 μὲν
2310 2624 2338 2674 6
2364 2617 2626 2683 ζωδιακὸς
2653 2614 2761 2669 ἀπὸ
2792 2612 2986 2684 Χηλῶν
3029 2611 3074 2665 θ’
3097 2610 3191 2663 καὶ
3217 2615 3263 2662 κ’
3290 2606 3397 2678 μοί.
3425 2605 3535 2663 ἕως
3568 2604 3742 2673 Σκορ-

562 2534 678 2590 XX.
710 2534 850 2591 Cum
882 2530 1202 2603 Ophiuchus
1257 2527 1458 2589 oritur,
1504 2523 1712 2580 zodiaci
1761 2536 1923 2577 arcus
1973 2522 2064 2578 ille

494 2630 660 2686 simul
686 2626 951 2690 ascendit,
983 2624 1077 2695 qui
1106 2630 1191 2678 est
1218 2637 1247 2676 a
1280 2620 1351 2677 29
1381 2620 1673 2676 Chelarum
1704 2617 1769 2671 ad
1800 2616 1872 2670 23
1903 2614 2065 2670 Scor-

493 2720 592 2792 pii.
618 2717 894 2773 Culminat
924 2730 955 2769 a
992 2693 1191 2771 Leonis
1219 2714 1252 2766 5
1273 2711 1445 2783 gradu
1483 2708 1551 2764 ad
1580 2707 1823 2779 Virginis
1852 2707 1920 2773 5;
1951 2706 2063 2776 pri-

2174 2693 2299 2766 πίου
2339 2709 2445 2781 μοι.
2479 2714 2595 2777 κγ”
2651 2703 2973 2777 μεσουρανεῖ
3015 2701 3072 2754 δὲ
3118 2699 3224 2753 ἀπὸ
3264 2696 3497 2758 Λέοντος·
3536 2699 3591 2763 γ’
3626 2693 3739 2779 μοι.

498 2772 589 2792 τίη
634 2772 643 2773 κ
1274 2772 1302 2783 ν
1682 2772 1706 2779 -
1908 2772 1913 2773 κ
1955 2772 1971 2776 -

498 2827 601 2868 mae
615 2812 868 2865 oriuntur
888 2807 1036 2862 illius
1056 2806 1247 2868 stellae,
1265 2818 1389 2874 quae
1406 2803 1460 2857 in
1482 2802 1705 2857 sinistra
1726 2815 1889 2854 manu
1907 2804 2061 2853 sunt:

2171 2807 2271 2870 ἕως
2305 2772 2576 2874 [ίαρθένου
2617 2772 2683 2852 λί.
2733 2772 2843 2850 Καὶ
2876 2794 3083 2867 πρῶτοι
3121 2791 3218 2864 μὲν
3249 2788 3479 2860 ἀστέρες
3511 2772 3741 2840 ἀνατέλ-

492 2912 615 2957 tum
663 2916 785 2971 quae
837 2900 894 2954 in
948 2899 1241 2967 Serpente;
1295 2903 1571 2965 postrema
1610 2893 1785 2947 oritur
1829 2891 2063 2948 secunda

2171 2898 2318 2952 λουσι
2340 2893 2433 2948 τοῦ
2474 2890 2759 2961 Ὀφιούχου
2791 2889 2841 2941 οἱ
2886 2889 2943 2941 ὲν
2973 2889 3040 2957 τῇ
3084 2882 3348 2955 ἀριστερᾷ
3391 2879 3571 2951 χειρί·
3605 2874 3743 2929 ἀλλὰ

501 3010 698 3049 versus
732 3005 992 3048 occasum
1018 3060 1021 3063 _
1052 3005 1120 3045 ex
1150 2994 1407 3058 quatuor,
1453 2999 1575 3056 qua:
1616 2991 1746 3040 sunt
1795 2984 1849 3039 in
1895 2984 2063 3054 i-psius

2175 2991 2278 3061 μὴν
2308 2987 2399 3040 καὶ
2427 2985 2476 3038 οἱ
2512 2984 2570 3036 ἐν
2603 2981 2679 3053 τῷ
2710 2983 2869 3050 Ὅφει
2903 2978 3142 3049 κείμενοι
3161 2994 3175 3008 ⁸
3205 2975 3428 3045 ἔσχατος
3466 2972 3525 3024 δὲ
3548 2969 3664 3023 τῶν
3689 2972 3743 3022 ἐν

492 3087 694 3142 dextro
727 3084 892 3155 pede;
919 3081 1185 3137 culminat
1208 3080 1358 3150 prior
1386 3077 1568 3132 lucida
1589 3092 1775 3133 earum
1801 3093 1921 3147 qum
1941 3085 2063 3132 sunt

2171 3081 2246 3153 τῷ
2269 3077 2425 3149 δεξιῷ
2461 3076 2581 3130 ποδὶ
2604 3074 2785 3130 αὐτοῦ
2813 3074 2856 3128 δ’
2892 3075 2922 3125 6
2953 3072 2996 3143 β’
3027 3071 3133 3125 ἀπὸ
3173 3068 3395 3129 δύσεως.
3452 3066 3745 3134 Mem-opa-

502 3180 558 3232 in
591 3177 753 3240 collo,
795 3181 850 3229 et
876 3182 1100 3244 pectore
1119 3169 1340 3235 Leonis,
1372 3184 1493 3239 quae
1521 3174 1609 3223 est
1638 3167 1707 3222 ad
1737 3168 2063 3238 septentrio-

2171 3178 2254 3230 νεῖ
2283 3175 2339 3227 δὲ
2363 3172 2538 3243 ἀστὴρ
2572 3174 2619 3223 α’
2652 3167 2750 3237 μὲν
2792 3168 2821 3219 6
2854 3163 2961 3218 τῶν
2996 3165 3052 3218 ἐν
3086 3161 3165 3233 τῷ
3192 3158 3442 3232 τραχήλῳ
3483 3158 3580 3210 καὶ
3613 3158 3741 3226 στή-

505 3283 627 3323 nem
658 3263 920 3329 secunda,
979 3261 1276 3318 novissima
1328 3276 1478 3324 vero,
1529 3269 1651 3330 quae
1680 3261 1735 3314 in
1766 3260 1944 3330 capite
1985 3267 2063 3316 est

2171 3268 2254 3322 θει
2280 3266 2373 3319 τοῦ
2400 3265 2622 3327 Λέοντος
2666 3258 2915 3330 λαμπρὸς
2947 3258 2975 3308 6
3004 3255 3047 3326 β’
3091 3254 3185 3308 ἀπ’
3218 3254 3475 3324 Ἄρκτου,
3512 3250 3743 3320 ἔσχατος

494 3360 688 3415 Corvi.
716 3356 900 3413 Oritur
931 3353 1262 3426 Ophiuchus
1300 3352 1453 3406 horis
1482 3351 1713 3408 duabus.

577 3555 711 3611 Cum
749 3563 1024 3625 serpente,
1051 3570 1209 3624 quem
1230 3552 1562 3625 Ophiuchus
1583 3561 1753 3617 tenet,
1783 3554 1961 3609 oritur
1984 3569 2071 3608 ar-

504 3666 606 3705 cus
637 3637 846 3704 zodiaci
867 3649 936 3703 ab
962 3648 995 3703 8
1025 3656 1177 3717 parte
1203 3648 1494 3704 Chelarum
1516 3664 1690 3718 usque
1717 3650 1782 3702 ad
1807 3658 2014 3719 partem
2040 3651 2067 3704 1

503 3741 744 3796 mediam
795 3740 1096 3812 Sagittarii.
1125 3739 1404 3796 Culminat
1451 3742 1520 3796 ah
1561 3742 1595 3796 8
1644 3741 1820 3797 media
1874 3741 2074 3796 Cancri

510 3834 579 3887 ad
621 3833 860 3903 Virginis
905 3833 994 3887 14.
1028 3831 1211 3886 Prima
1242 3835 1523 3903 consurgit
1565 3833 1718 3889 stella
1764 3833 2075 3902 prmcedeu-

505 3927 647 3978 tium
674 3924 965 3987 borealior,
997 3939 1117 3994 qua:
1150 3925 1204 3977 in
1237 3923 1410 3994 ipsius
1441 3925 1619 3994 capite
1650 3935 1813 3990 sunt;
1860 3925 2073 3990 ultima,

478 4033 634 4088 'quze
658 4026 741 4073 est
793 4018 848 4071 iu
898 4024 1138 4071 extrema
1189 4016 1383 4071 cauda.
1417 4015 1694 4071 Culminat
1732 4019 1883 4088 prior
1921 4018 2077 4072 stella

514 4110 718 4172 lucida,
755 4123 875 4179 qua:
916 4117 999 4164 est
1028 4108 1083 4162 in
1110 4107 1453 4162 extremitate
1480 4108 1679 4179 Argus,
1715 4107 2076 4164 semicubitali

508 4204 694 4272 spatio
726 4201 951 4255 circiter
977 4199 1192 4254 distans
1219 4214 1251 4254 a
1283 4200 1606 4266 meridiano,
1627 4210 1938 4270 postremus
1962 4201 2080 4255 cul-

513 4294 687 4347 miuat
719 4291 1114 4356 Vindemiator,
1153 4298 1208 4346 et
1239 4291 1512 4346 borealior
1538 4291 1797 4346 humerus
1816 4290 2077 4362 Virginis,

2170 3358 2229 3412 δὲ
2275 3358 2303 3409 6
2357 3357 2415 3408 ἐν
2456 3356 2520 3425 τῇ
2552 3349 2760 3421 κεφαλῇ
2809 3347 2903 3402 τοῦ
2944 3347 3213 3418 Κόρακος.
3253 3341 3564 3396 Ἀνατέλλει
3616 3341 3676 3393 δὲ
3718 3341 3745 3393 6

2184 3448 2462 3519 Ὀφιοῦχος
2483 3447 2541 3498 ὲν
2572 3444 2743 3515 ὥραις
2765 3441 2791 3497 δ
2815 3440 2905 3493 tot.

2243 3560 2350 3615 T06
2378 3559 2436 3613 δὲ
2472 3559 2704 3627 Ὄφεως,
2734 3554 2796 3608 6v
2825 3554 2937 3624 ἔχει
2956 3555 2984 3606 6
3010 3550 3308 3622 Ὀφιοῦγχος,
3334 3546 3742 3610 ἀνατέλλοντος,

2176 3650 2553 3708 συνανατέλλει
2600 3649 2698 3721 μὲν
2728 3646 2879 3717 αὐτῷ
2909 3650 2937 3700 6
2962 3645 3224 3709 ζωδιακὸς
3252 3642 3363 3697 ἀπὸ
3400 3640 3603 3710 Χηλῶν
3637 3639 3741 3711 μοί.

2175 3753 2223 3818 η’
2245 3746 2349 3808 ἓως
2382 3741 2611 3807 Τοξότου
2644 3742 2753 3811 μοί.
2790 3747 2837 3792 α’
2873 3738 3044 3809 μέσης
3072 3752 3083 3763 ⁸
3118 3736 3443 3806 μεσουρανεῖ
3477 3733 3539 3787 δὲ
3578 3734 3609 3786 6
3641 3732 3744 3785 ἀπὸ

2177 3833 2450 3907 Καρκίνου
2493 3837 2540 3902 η’
2593 3831 2762 3901 μέσης
2810 3828 2914 3890 ἓως
2958 3824 3235 3896 Παρθένου
3287 3821 3363 3874 ιδ’.
3406 3820 3522 3872 Καὶ
3566 3827 3617 3871 α’
3656 3819 3744 3889 μὲν

2177 3925 2351 3996 ἀστὴρ
2380 3922 2658 3977 ἀνατέλλει
2686 3919 2791 3973 τῶν
2818 3924 2876 3973 ὲν
2900 3922 2964 3989 τῇ
2996 3917 3201 3986 κεφαλῇ
3229 3914 3390 3968 αὐτοῦ
3418 3916 3447 3966 6
3479 3912 3746 3983 βορηότε-

2181 4030 2271 4085 ρος
2303 4015 2409 4068 τῶν
2444 4012 2781 4085 ἡγουμένων.
2813 4010 3037 4080 ἔσχατος
3064 4007 3119 4060 δὲ
3160 4010 3188 4060 6
3220 4008 3279 4057 ὲν
3318 4006 3463 4075 ἄκρᾳ
3498 4006 3567 4073 τῇ
3591 4003 3743 4073 οὐρᾷ.

2179 4109 2517 4179 Μεςουρανεῖ
2559 4105 2612 4158 δὲ
2658 4104 2832 4174 ἀστὴρ
2863 4109 2910 4155 α’
2954 4102 3050 4172 μὲν
3084 4103 3140 4153 ἐν
3173 4098 3250 4169 τῷ
3278 4097 3622 4168 ἀκροστολίῳ
3654 4096 3745 4164 τῆς

2192 4199 2419 4271 Ἀργοῦς
2475 4197 2752 4267 λαμπρὸς,
2812 4193 2887 4257 ὡς
2952 4193 3250 4263 ἡμιπήχιον
3312 4187 3746 4256 ἀπολειπόμενος

2181 4290 2276 4343 τοῦ
2318 4286 2708 4360 μεσημϐρινοῦ,
2729 4286 2949 4355 ἔσχατος
2979 4283 3035 4337 δὲ
3064 4284 3091 4336 ὃ
3122 4299 3180 4334 τε
3208 4281 3629 4352 Προτρυγητὴρ,
3662 4279 3746 4331 καὶ

514 4392 749 4454 utraque
792 4385 950 4439 stella
1000 4382 1309 4439 semicubiti
1351 4380 1465 4436 fere
1519 4383 1805 4437 intervallo
1845 4381 2013 4438 distat
2048 4398 2063 4435 ι

2180 4384 2208 4434 6
2247 4379 2577 4452 βορειότερος
2599 4371 2745 4447 ὦμος
2771 4375 2870 4443 τῆς
2894 4372 3189 4445 Παρθένου,
3218 4371 3294 4434 ὡς
3331 4372 3604 4439 πηχυαῖον
3641 4367 3746 4420 διὰ-

511 4476 840 4529 meridiano.
870 4475 1058 4530 Oritur
1099 4488 1326 4544 serpens
1348 4473 1550 4528 horis‘
1580 4474 1597 4525 1
1605 4474 1697 4545 ﬂ.

2185 4492 2363 4545 στημα
2410 4472 2502 4525 τοῦ
2554 4465 2920 4541 μεσημϐρινοῦ
2979 4462 3433 4532 ὑπολελειμμένος
3490 4461 3745 4528 ἑκάτερος

2181 4565 2380 4620 αὐτῶν.
2432 4562 2732 4617 Ἀνατέλλει
2766 4560 2823 4612 δὲ
2872 4560 2901 4610 6
2941 4559 3098 4625 Ὄφις
3156 4556 3213 4606 ὲν
3255 4552 3426 4624 ὥραις
3458 4552 3503 4604 δ’
3558 4554 3655 4605 καὶ
3688 4554 3745 4621 ή-

2186 4656 2415 4727 μιωρίῳ.

583 4782 805 4835 Oriente
837 4777 1001 4850 Lyra,
1046 4793 1170 4833 cum
1226 4792 1288 4831 ea
1328 4775 1535 4831 zodiaci
1586 4790 1748 4831 arcus
1781 4775 2063 4830 ascendit:

2255 4769 2364 4840 Τῆς
2410 4768 2467 4821 δὲ
2516 4766 2699 4836 Δύρας
2746 4763 3173 4833 ἀνατελλούσης,
3225 4757 3606 4815 συνανατὲλλει
3655 4756 3742 4828 μὲν

516 4874 695 4943 gradu
727 4886 870 4925 nono
898 4869 1074 4923 medio
1108 4867 1320 4938 Scorpii
1370 4883 1546 4937 usque
1575 4868 1640 4920 ad
1691 4866 1787 4933 l8;
1823 4867 2060 4920 culmina

2185 4863 2321 4931 αὐτῇ
2364 4861 2392 4912 6
2424 4858 2683 4924 ζωδιακὸς
2726 4855 2835 4910 ἀπὸ
2876 4856 3139 4927 Σκορπίου
3186 4854 3293 4926 μοί.
3342 4853 3384 4905 θ’
3430 4851 3608 4921 μέσης
3650 4850 3743 4909 ἓως

522 4981 551 5018 a
612 4962 811 5021 medio
840 4962 907 5015 15
964 4960 1162 5015 Leonis
1212 4975 1386 5029 usque
1431 4958 1499 5012 ad
1546 4958 1637 5012 26.
1676 4957 1855 5011 Prima
1913 4962 2063 5011 oritu:

2187 4952 2453 5024 Σκορπίου
2491 4950 2555 5022 ιη’
2576 4968 2591 4982 ο
2642 4951 2959 5020 μεσουρανεί
2999 4948 3058 5003 δὲ
3085 4947 3194 5001 ἀπὸ
3242 4945 3467 5005 Λέοντος
3526 4943 3640 5013 μοί.
3686 4945 3742 5006 ιτ

519 5055 678 5124 Lyra:
700 5053 876 5114 stella,
907 5066 1028 5121 quae
1075 5065 1105 5103 a
1149 5049 1518 5119 septentrione
1564 5048 1778 5117 adjacet
1814 5047 2060 5102 lucidissi

2191 5043 2361 5114 μέσης
2389 5042 2493 5103 ἓως
2519 5042 2745 5104 Λέοντος
2792 5040 2900 5110 μοί.
2933 5046 2984 5104 ς’
3025 5037 3116 5091 καὶ
3146 5043 3212 5090 κ’.
3246 5035 3354 5088 Καὶ
3394 5033 3615 5103 πρῶτος
3658 5032 3742 5101 μὲν

527 5120 655 5213 mre;
691 5147 881 5201 ultima
909 5160 1059 5207 vero,
1093 5144 1158 5199 de
1196 5143 1411 5199 duabus
1455 5142 1672 5205 lucidis,
1711 5146 1832 5211 quae
1864 5141 1922 5194 in
1965 5141 2063 5210 eju:

2187 5133 2363 5204 ἀστὴρ
2396 5131 2675 5185 ἀνατέλλει
2707 5130 2806 5200 τῆς
2835 5129 3016 5200 Λύρας
3045 5129 3072 5179 ὁ
3108 5128 3201 5180 ἀπ’
3233 5125 3449 5197 ἄρκτων
3492 5120 3745 5193 ’παρακεί⁴

520 5211 652 5312 iugo
684 5248 839 5302 sunt,
873 5253 996 5308 qua:
1023 5244 1106 5291 est
1159 5234 1227 5288 ad
1279 5235 1564 5289 orientem.
1614 5232 1773 5288 Prior
1824 5233 2063 5287 culmina

2193 5244 2350 5298 μενος
2382 5225 2458 5295 τῷ
2487 5223 2869 5295 λαμπροτάτῳ,
2900 5222 3123 5290 ἔσχατος
3154 5219 3210 5271 δὲ
3242 5221 3271 5271 ὁ
3305 5216 3439 5287 πρὸς
3488 5211 3742 5271 ἀνατολὰς

524 5308 786 5385 australis
822 5325 1227 5398 splendidarum
1277 5323 1508 5377 duarum
1567 5323 1621 5377 in
1653 5323 1838 5377 lumbo
1863 5321 2063 5378 Leonis

2189 5319 2295 5373 τῶν
2336 5321 2394 5371 ὲν
2435 5316 2510 5387 τῷ
2545 5316 2829 5385 ζυγὼματι
2866 5313 3034 5382 αὐτῆς
3069 5311 3112 5382 β’
3141 5308 3427 5381 λαμπρῶν.
3474 5309 3744 5376 Μεσουρα-

522 5422 739 5482 ultima,
758 5394 884 5490 qui
906 5420 960 5473 in
986 5418 1158 5473 cauda
1195 5415 1391 5471 Leonis
1412 5423 1498 5470 est
1549 5416 1729 5469 lucida
1757 5434 1771 5470 :
1799 5424 1852 5469 ct
1885 5430 2006 5485 quae
2032 5416 2063 5469 ii

2191 5416 2271 5467 νεῖ
2304 5412 2361 5465 δὲ
2391 5410 2567 5481 ἀστὴρ
2612 5413 2657 5460 α’
2704 5406 2801 5476 μὲν
2835 5403 2928 5458 τοῦ
2956 5403 3181 5463 Λέοντος
3211 5401 3240 5454 6
3286 5397 3605 5470 ωτιὼτερος
3647 5394 3745 5448 τῶν

526 5488 1043 5567 extreiuarsinistra
1082 5507 1323 5580 Virginis
1353 5508 1438 5563 ala
1487 5508 1863 5563 semicubitale
1920 5509 2062 5563 inter

2195 5507 2237 5577 β’
2286 5504 2392 5557 τῶν
2442 5505 2533 5556 ἐπὶ
2579 5502 2677 5570 τῆς
2723 5497 2919 5569 ὀσφύος
2962 5494 3248 5569 λαμπρῶν,
3280 5492 3509 5564 ἔσχατος
3535 5491 3592 5545 δὲ
3623 5490 3651 5541 6
3694 5488 3746 5537 ὲν

501 5742 508 5764 ι
600 5691 736 5758 θτγρο
766 5688 1113 5759 ἐμπροσθίοις
1147 5687 1294 5740 δυσὶν
1335 5686 1591 5757 ἄστρασιν
