3928 6266
356 261 398 310 ’“
452 308 588 366 1099

1426 300 1515 356 Al)
1548 297 1815 355 EUSEBII
1848 294 2246 355 CHRONICON
2287 295 2649 352 APPENDIX.

3545 289 3682 348 “00

451 426 634 498 phide,
658 423 712 478 id
740 429 823 479 est
849 434 1077 487 «creua;
1112 437 1136 469 ι
1180 418 1392 483 ultima,
1416 432 1537 488 quae
1563 423 1648 472 est
1672 416 1734 471 in
1763 416 2005 485 cuspide.

2131 414 2257 468 Iévou
2284 422 2322 467 ε’
2346 415 2439 468 καὶ
2468 421 2536 471 κ’.
2567 413 2677 467 Καὶ
2698 413 2906 486 πρῶτοι
2931 413 3028 485 μὲν
3050 414 3425 469 ἀνατέλλουσιν
3453 415 3506 467 οι
3533 413 3594 466 ὲν
3614 414 3682 482 τῇ

453 517 730 574 Culminat
765 514 914 585 prior
939 527 1059 584 qua:
1085 518 1168 567 est
1196 512 1249 564 in
1276 509 1498 564 sinistro
1529 508 1714 563 cubito
1749 508 2008 578 Virginis,

456 608 738 679 paululum
790 605 927 659 citra
983 601 1342 657 meridianum
1390 599 1528 667 sita;
1568 599 1780 664 ultima,
1830 599 2008 668 Spica,

454 700 731 772 paululum
762 695 1119 752 meridianum
1152 692 1511 757 antecedens;
1542 698 1596 746 et
1632 707 1751 761 qua:
1780 691 1880 745 sub
1910 690 2013 743 liu-

456 806 607 847 mero
624 789 815 844 dextro
841 785 1121 841 Centauri.
1152 782 1337 838 Oritur
1368 780 1573 852 Sagitta
1605 780 1739 836 hora
1760 779 1814 845 0,
1834 780 1939 835 20'.

525 1076 693 1134 XXII.
726 1074 914 1130 Oritur
937 1070 1132 1141 Aquila
1158 1082 1281 1122 cum
1313 1080 1444 1120 arcu
1475 1064 1682 1120 zodiaci
1709 1078 1739 1117 a
1772 1061 2013 1133 Sagitta-

458 1174 526 1228 rii
552 1169 723 1243 gradu
746 1168 800 1230 9,
826 1167 891 1220 ad
934 1164 1170 1218 medium
1200 1162 1302 1228 14;
1329 1160 1588 1217 culminat
1614 1173 1644 1211 a
1684 1154 1920 1226 Virginis
1944 1153 2014 1207 24

460 1267 527 1318 ad
553 1261 791 1316 medium
825 1257 913 1311 50.
950 1254 1130 1309 Prima
1159 1253 1440 1320 consurgit
1471 1248 1679 1317 Aquila:
1708 1246 1883 1307 stella,
1910 1244 2013 1298 bo-

458 1356 656 1411 realior
680 1364 991 1423 parvarum,
1025 1361 1145 1417 quae
1170 1355 1296 1401 sunt
1322 1346 1376 1398 in
1397 1342 1608 1397 duabus
1637 1340 1772 1405 alis;
1800 1337 2011 1401 ultima,

458 1462 578 1519 qua:
597 1453 679 1501 est
708 1441 998 1498 australior
1018 1438 1179 1493 trium
1199 1439 1253 1492 in
1281 1449 1509 1505 corpore
1533 1432 1855 1487 lucidarum.
1888 1428 2016 1483 Cul-

456 1536 629 1591 minat
650 1533 797 1603 prior
823 1529 1004 1601 Spica,
1036 1528 1243 1590 ultima,
1274 1524 1544 1579 borealior
1574 1537 1760 1577 earum
1792 1535 1911 1590 quae
1958 1519 2015 1572 in

448 1625 719 1685 Centauri
747 1624 945 1694 capite.
986 1620 1172 1677 Oritur
1199 1617 1398 1687 Aquila
1423 1616 1556 1671 hora
1586 1614 1642 1681 0,
1668 1613 1777 1667 24'.

529 1894 712 1954 Oritur
745 1906 869 1948 cum
883 1884 1143 1956 Delphine
1170 1879 1428 1937 zodiacus
1456 1890 1488 1930 a
1517 1870 1796 1944 Sagittarii
1832 1866 2005 1941 gradu

458 1990 530 2046 20
555 1986 734 2043 medio
763 1981 832 2036 ad
874 1978 1113 2035 medium
1142 1971 1212 2026 24
1237 1986 1252 2036 ;
1286 1966 1546 2024 culminat
1579 1963 1646 2017 ab
1675 1969 1867 2016 octavo
1896 1974 2011 2016 me-

461 2084 554 2140 dio
585 2077 765 2135 Chelae
794 2072 863 2128 ad
890 2067 1182 2125 I5.Primae
1201 2063 1450 2118 oriuntur
1468 2054 1849 2111 antecedentes
1872 2067 2012 2122 qua-

461 2187 590 2230 tuor
622 2172 678 2226 in
702 2166 948 2229 rhombo,
982 2167 1255 2232 postrema
1275 2168 1394 2225 quae
1418 2151 1474 2205 in
1497 2146 1669 2221 cauda
1706 2150 2017 2200 estaustra-

461 2269 590 2324 lior.
632 2259 909 2319 Culminat
960 2257 1193 2325 primum
1238 2248 1459 2304 sinister
1490 2257 1584 2314 pes
1632 2236 2012 2304 Andromeda,

461 2365 737 2429 postremo
764 2344 1020 2405 Centauri
1054 2340 1285 2397 maxime
1310 2336 1546 2393 borealis
1574 2337 1630 2391 in
1656 2335 1877 2405 thyrso;
1902 2336 2017 2382 tum

466 2420 534 2502 6d
562 2460 701 2518 genu
724 2438 959 2510 Virginis
988 2435 1235 2490 dextrum
1266 2445 1297 2484 a
1327 2427 1689 2501 septentrione
1714 2425 1842 2487 sita,
1860 2420 2018 2492 quasi

467 2511 786 2598 semicubito
853 2531 1063 2586 distans
1111 2538 1144 2579 a
1189 2520 1510 2578 meridiano.
1563 2517 1752 2573 Oritur
1788 2511 2019 2582 Delphin

465 2635 599 2689 hora
631 2630 686 2695 0,
709 2628 811 2683 ιδ’.

2108 505 2341 575 γλυφίδι,
2364 505 2588 577 ἔσχατος
2608 505 2664 557 δὲ
2683 508 2711 559 6
2728 507 2785 558 ὲν
2804 507 2870 576 τῇ
2892 504 3056 559 ἀκίδι.
3077 506 3256 560 Μεσου
3265 507 3416 577 ρανεῖ
3434 504 3495 557 66
3510 503 3687 573 ἀστὴρ

2109 604 2158 652 α’
2184 598 2281 669 μὲν
2302 601 2329 651 ὀ
2349 601 2406 652 ὲν
2427 597 2505 670 τῷ
2523 598 2794 670 ἀριστερῷ
2818 597 3025 667 ἀγκῶνι
3046 600 3144 670 τῆς
3160 599 3461 670 Παρθένου,
3485 596 3689 668 μικρὸν

2109 690 2530 761 ὑπολειπόμενος
2566 689 2659 744 τοῦ
2693 690 3086 763 μεσημϐρινοῦ,
3126 692 3348 763 ἔσχατος
3378 691 3437 745 δὲ
3480 692 3511 744 6
3551 689 3690 743 Στά-

2109 799 2229 853 χυς,
2283 783 2477 854 μικρὸν
2521 780 2925 854 προηγούμενος
2958 783 3051 837 τοῦ
3094 783 3491 855 μεσημϐρινοῦ,
3528 781 3626 835 καὶ
3658 783 3688 836 6

2111 874 2217 928 ὑπὸ
2241 873 2333 927 τὸν
2361 875 2647 947 ἀριστερὸν
2679 868 2828 946 ὦμον
2867 874 2961 928 τοῦ
2998 874 3332 948 Κενταύρου.
3376 871 3689 929 Ἀνατέλλει

2111 965 2168 1019 δὲ
2198 966 2226 1018 6
2273 966 2479 1029 Ὀῖστὸς
2510 967 2567 1021 ὲν
2598 973 2645 1036 γ’
2673 967 2826 1038 μέρει
2857 966 3024 1039 ὧρας.

2181 1058 2309 1113 KB’.
2327 1057 2433 1111 Τοῦ
2458 1058 2515 1111 66
2550 1056 2732 1111 Ἀετοῦ
2762 1059 3157 1125 ἀνατέλλοντος,
3186 1057 3569 1113 ωνανατέλλει
3588 1055 3689 1128 μὲν

2112 1147 2259 1219 αὐτῷ
2289 1149 2317 1201 ὁ
2344 1148 2601 1213 ζωδιακὸς
2632 1149 2738 1202 ἀπὸ
2772 1149 2996 1215 Τοξότου
3027 1150 3135 1221 μοί.
3168 1149 3212 1203 θ’
3238 1149 3342 1212 ἕως
3365 1149 3601 1215 Τοξότου
3627 1147 3687 1201 ιδ’

2116 1238 2308 1310 μέσηςο
2358 1240 2677 1310 μεσουρανεί
2720 1238 2776 1291 δὲ
2822 1239 2928 1292 ἀπὸ
2968 1239 3245 1312 Παρθένου
3290 1240 3332 1292 δ’
3368 1240 3465 1293 καὶ
3500 1245 3550 1292 κ’
3583 1238 3689 1299 ἕως

2112 1326 2389 1397 Παρθένου
2415 1326 2457 1379 λ’
2482 1326 2673 1398 μέσης.
2701 1328 2810 1382 Καὶ
2847 1335 2895 1381 α’
2932 1328 3028 1400 μὲν
3063 1330 3235 1400 ἀστὴρ
3269 1328 3558 1382 ἀνατέλλει
3593 1328 3689 1381 τοῦ

2126 1414 2309 1468 Ἀετοῦ
2340 1419 2369 1469 6
2387 1416 2721 1488 βορειότερος
2751 1417 2858 1472 τῶν
2886 1421 2941 1472 ὲν
2967 1422 3086 1484 ταῖς
3116 1419 3337 1491 πτέρυξι
3370 1419 3414 1490 β’
3446 1419 3691 1491 μικρῶν,

2113 1507 2340 1578 ἔσχατος
2373 1509 2430 1561 66
2471 1509 2499 1561 6
2528 1509 2845 1580 νοτιώτερος
2875 1512 2983 1566 τῶν
3015 1514 3071 1566 ἐν
3101 1511 3178 1583 τῷ
3208 1513 3422 1584 σώματι
3452 1519 3507 1583 γ’
3546 1512 3690 1584 λαμ-

2116 1602 2289 1673 πρῶν.
2320 1604 2660 1675 Μεσουρανεῖ
2682 1605 2737 1657 δὲ
2760 1604 2932 1677 ἀστὴρ
2958 1612 3005 1658 a'
3034 1607 3130 1677 μὲν
3154 1608 3182 1659 6
3204 1607 3435 1677 Στάχυς,
3459 1606 3691 1677 ἔσχατος

2115 1691 2171 1744 66
2203 1692 2296 1745 τοῦ
2328 1693 2641 1766 Κενταύρου
2672 1698 2699 1748 6
2737 1695 3069 1769 βορειότερος
3106 1698 3213 1751 τῶν
3246 1700 3304 1752 ἐν
3341 1701 3408 1769 τῇ
3449 1699 3689 1769 κεφαλῇ.

2046 1774 2089 1829 Β
2127 1783 2426 1837 Ἀνατέλλει
2447 1784 2503 1838 δὲ
2521 1787 2549 1838 6
2582 1787 2762 1852 Ἀετὸς
2784 1791 2840 1841 ὲν
2870 1788 2913 1859 β’
2937 1807 3157 1862 πέμπτη
3167 1790 3373 1862 μορίοις
3394 1792 3495 1863 τῆς
3518 1791 3690 1861 ὥρας.

2186 1874 2292 1927 Τοῦ
2338 1875 2397 1928 δὲ
2438 1877 2692 1946 Δελφῖνος
2731 1881 3131 1947 ἀνατέλλοντος,
3175 1883 3559 1937 συνανατέλλει
3594 1884 3692 1954 μὲν

2117 1964 2265 2035 αὐτῷ
2294 1966 2322 2018 6
2351 1964 2608 2033 ζωδιακὸς
2644 1970 2750 2023 ἀπὸ
2771 1969 2864 2024 τοῦ
2897 1972 3121 2037 Τοξότου
3156 1974 3265 2044 μοί.
3297 1974 3344 2027 κ’
3382 1974 3559 2045 μέσης
3588 1974 3693 2039 ἕως

2120 2054 2347 2121 Τοξότου
2368 2056 2408 2110 6'
2431 2060 2525 2111 καὶ
2546 2066 2594 2112 κ’
2624 2060 2815 2132 μέσηςο
2852 2067 3176 2136 μεσουρανεῖ
3196 2065 3253 2118 66
3282 2066 3391 2119 ἀπὸ
3416 2065 3617 2138 Χηλῶν
3640 2071 3691 2136 η’

2124 2147 2293 2217 μέσης
2325 2145 2428 2211 ἕως
2459 2149 2652 2221 Χηλῶν
2688 2159 2776 2221 ιγ’.
2802 2155 2913 2208 Καὶ
2943 2155 3148 2226 πρῶτοι
3177 2156 3274 2226 μὲν
3300 2157 3537 2229 ἀστέρες
3565 2159 3696 2210 ἀνα-

2121 2236 2391 2292 τέλλουσιν
2415 2240 2464 2292 οἱ
2494 2240 2784 2312 ἡγούμενοι
2812 2245 2918 2298 τῶν
2948 2246 3007 2299 έν
3041 2244 3119 2315 τῷ
3150 2246 3336 2317 ῥόμϐῳ
3363 2247 3427 2309 6',
3464 2247 3695 2317 ἔσχατος

2122 2327 2179 2382 66
2208 2329 2315 2383 τῶν
2336 2333 2391 2385 ὲν
2418 2333 2484 2405 τῇ
2508 2332 2645 2406 οὐρᾷ
2672 2338 2700 2389 6
2725 2336 3056 2411 νοτιώτερος.
3079 2340 3416 2412 Μεσουρανεῖ
3434 2341 3493 2394 δὲ
3519 2348 3569 2394 α’
3598 2340 3697 2412 μὲν

2123 2421 2153 2474 6
2181 2421 2465 2495 ἀριστερὸς
2498 2424 2630 2489 ποῦς
2660 2427 2758 2497 τῆς
2809 2428 3185 2499 Ἀνδρομέδας,
3236 2429 3463 2501 ἔσχατος
3498 2430 3559 2484 66
3600 2431 3696 2484 τοῦ

2123 2512 2437 2586 Κενταύρου
2476 2516 2504 2568 6
2531 2516 2868 2589 βορειότατος
2895 2518 3004 2572 τῶν
3036 2521 3093 2573 έν
3124 2520 3202 2592 τῷ
3238 2521 3441 2593 θύρσῳ,
3474 2524 3575 2575 καὶ
3598 2523 3698 2594 τῆς

2126 2607 2403 2679 Παρθένου
2429 2612 2457 2664 6
2488 2612 2581 2665 ἀπ’
2612 2613 2842 2685 ’Ἀρκτου
2874 2614 3123 2685 κείμενος
3146 2616 3239 2669 τοῦ
3262 2616 3436 2684 δεξιοῦ
3466 2618 3695 2686 γόνατος

466 2728 558 2784 καὶ
607 2723 700 2779 τοῦ
741 2720 928 2783 ποδὸς,
976 2715 1052 2780 ὼς
1100 2712 1398 2785 ὴμιπήχιον
1447 2704 1853 2780 προηγούμενος
1901 2699 1995 2754 τοῦ
2057 2702 2447 2774 μεσημϐρινοῦ.
2475 2706 3108 2780 ἈνατέλλειδὲὸΔελφὶς
3129 2711 3186 2763 ὲν
3207 2710 3248 2764 δ’
3273 2712 3430 2783 μέρει
3451 2719 3503 2766 α’
3524 2713 3695 2786 ὧρας.

497 2844 501 2849 ο
537 2818 736 2873 Perseo
771 2812 1013 2868 cooritur
1037 2821 1197 2862 arcus
1219 2803 1428 2859 zodiaci
1457 2816 1489 2855 a
1515 2796 1836 2869 Capricorni
1864 2794 1937 2849 25
1952 2791 2022 2847 ad

464 2908 664 2965 Arietis
691 2904 758 2959 14
785 2902 1055 2966 medium;
1078 2896 1338 2954 culminat
1369 2909 1397 2948 a
1426 2891 1640 2962 Scorpii
1663 2888 1729 2944 16
1756 2887 1933 2944 medio
1955 2886 2023 2942 ad

471 3000 504 3055 8
539 2998 778 3054 medium
830 2989 1170 3063 Capricorni.
1197 2986 1466 3058 Princeps
1499 2983 1674 3038 oritur
1715 2980 1874 3036 stella
1903 2992 2025 3048 quae

469 3100 552 3148 est
584 3092 638 3145 in
661 3089 837 3158 Ilarpe
867 3084 1149 3147 nebulosa,
1172 3080 1393 3145 ultima,
1410 3091 1531 3147 quae
1560 3088 1726 3146 supra
1749 3070 2023 3126 Pleiadem

469 3184 525 3238 in
573 3180 796 3238 sinistro
827 3176 984 3247 pede.
1017 3171 1292 3229 Culminat
1335 3167 1511 3238 primo
1543 3162 1724 3220 lucida
1769 3175 1890 3233 quae
1935 3168 2022 3215 est

360 3302 365 3306 ·
469 3275 529 3329 in
554 3273 663 3326 Ara
708 3267 911 3332 media,
962 3273 1018 3321 et
1064 3259 1380 3334 Engonasin
1429 3255 1760 3312 antecedens
1808 3250 2025 3307 humeri

470 3364 671 3429 dextri,
699 3377 820 3434 quae
854 3367 937 3416 est
960 3360 1017 3414 in
1056 3354 1315 3421 brachio;
1350 3352 1543 3407 ultima
1569 3346 1893 3419 Capricorni
1928 3346 2027 3401 bo-

469 3460 669 3516 realior
716 3469 903 3513 earum
928 3466 1049 3525 quae
1071 3456 1198 3506 sunt
1228 3447 1284 3502 in
1311 3443 1595 3517 geniculis.
1632 3440 1765 3497 Item
1787 3456 1818 3496 e
1839 3438 2026 3510 Cygno

470 3550 740 3608 borealior
772 3562 980 3614 earum,
1017 3557 1139 3614 qua
1176 3540 1234 3595 in
1275 3539 1360 3594 ala
1408 3538 1622 3601 dextra,
1664 3528 2026 3591 semicubitali

471 3644 584 3699 fere
616 3639 906 3697 interstitio
925 3636 1285 3692 meridianum
1305 3629 1651 3688 antecedens.
1685 3624 1873 3683 Oritur
1893 3622 2025 3679 Per-

474 3751 601 3792 seus
630 3734 781 3789 horis
800 3732 855 3796 5,
887 3729 988 3786 50'.

524 3998 678 4052 Cum
711 4000 911 4064 Auriga
944 3991 1202 4046 zodiacus
1235 3973 1476 4043 oritura
1503 3983 1747 4041 Piscium
1778 3990 1935 4054 parte
1963 3980 2023 4033 I.

473 4090 671 4153 media,
695 4101 870 4157 usque
897 4083 967 4138 ad
987 4081 1154 4137 Tauri
1182 4080 1245 4135 16
1277 4077 1543 4145 mediam;
1571 4075 1838 4131 culminat
1866 4087 1898 4126 a
1927 4069 2029 4125 Sa-

473 4178 679 4250 gittarii
703 4177 773 4231 20
816 4173 986 4246 gradu
1010 4170 1078 4227 ad
1103 4167 1427 4242 Capricorni
1465 4165 1557 4221 29.
1597 4163 1795 4219 Primae
1844 4170 2028 4217 ortum

471 4267 679 4321 faciunt
706 4265 894 4330 stellae,
927 4278 1048 4334 quae
1080 4268 1204 4316 sunt
1227 4259 1283 4313 in
1320 4257 1530 4327 capite;
1557 4255 1769 4318 ultima,
1797 4266 1920 4322 quae
1946 4256 2030 4307 est

468 4353 529 4407 in
563 4352 755 4407 dextro
783 4350 941 4420 pede.
975 4347 1251 4403 Culminat
1285 4344 1465 4416 prima
1499 4340 1784 4413 Sagittarii
1826 4352 2030 4409 praece-

2196 2795 2303 2849 Τοῦ
2345 2797 2402 2852 66
2443 2800 2697 2872 Περσέως
2736 2802 3144 2867 ἀνατέλλοντος,
3182 2805 3567 2860 συνανατέλλει
3599 2807 3699 2877 μὲν

2126 2886 2272 2958 αὑτῷ
2307 2890 2336 2942 6
2368 2889 2631 2954 ζωδιακὸς
2671 2891 2778 2945 ἀπὸ
2817 2893 3101 2965 Αῐγόκερω
3142 2900 3184 2947 ε’
3224 2895 3318 2948 καὶ
3355 2901 3404 2949 κ’
3434 2897 3550 2967 μοι.
3592 2896 3697 2961 ἕως

2126 2977 2298 3048 Κριοῦ
2326 2980 2385 3033 ιδ’
2416 2980 2606 3052 μέσηςο
2642 2986 2963 3053 μεσουρανεί
2984 2984 3176 3038 δὲάπὸ
3196 2984 3291 3039 τοῦ
3315 2986 3591 3059 Σκορπίου
3623 2994 3698 3052 ις’

2132 3070 2302 3142 μέσης
2325 3071 2428 3135 ἕως
2453 3071 2734 3145 Αἰγόκερω
2760 3080 2808 3146 η’
2834 3074 3026 3147 μέσης.
3053 3075 3161 3129 Καὶ
3180 3083 3229 3130 α’
3255 3077 3353 3148 μὲν
3372 3077 3554 3150 ἀστὴρ
3580 3080 3700 3134 ἀνα-

2124 3160 2296 3214 τέλλει
2321 3163 2349 3215 6
2374 3163 2431 3217 ὲν
2464 3166 2531 3234 τῇ
2558 3164 2742 3238 ’Ἀρπῃ
2774 3166 3128 3239 νεφελοειδὴς,
3154 3168 3371 3240 ἔσχατοι
3397 3171 3455 3224 δὲ
3485 3173 3536 3225 οἱ
3562 3173 3698 3244 ὑπὲρ

2122 3250 2221 3322 τὴν
2245 3252 2478 3307 Πλειάδα
2503 3256 2561 3307 ὲν
2587 3255 2666 3326 τῷ
2686 3256 2957 3329 ἀριστερῷ
2983 3260 3103 3312 ποδὶ
3127 3261 3391 3331 κείμενοι.
3412 3263 3697 3334 Μεσουρα-

2124 3346 2205 3397 νεῖ
2228 3344 2284 3399 δὲ
2312 3345 2483 3418 ἀστὴρ
2499 3353 2546 3400 α’
2567 3348 2666 3418 μὲν
2688 3350 2716 3401 6
2731 3349 2789 3401 ὲν
2810 3349 2960 3421 μέσῳ
2983 3350 3060 3428 τῷ
3079 3351 3434 3426 Θυμιατηρίῳ
3448 3354 3699 3427 λαμπρὸς

2127 3436 2219 3489 καὶ
2246 3436 2340 3490 τοῦ
2381 3438 2469 3492 Ἐν
2496 3439 2715 3509 γόνασιν
2740 3443 2768 3494 6
2792 3442 3201 3515 προηγούμενος
3223 3444 3315 3498 τοῦ
3344 3446 3525 3510 δεξιοῦ
3548 3445 3697 3516 ὤμου

2125 3527 2185 3581 ὲν
2215 3527 2292 3599 τῷ
2315 3527 2578 3601 βραχίονι,
2609 3532 2834 3603 ἔσχατος
2860 3533 2917 3587 δὲ
2945 3533 3040 3587 τοῦ
3064 3536 3344 3610 Αἰγόκερω
3368 3540 3397 3590 6
3422 3537 3696 3610 βορειότε-

2128 3637 2221 3690 ρος
2242 3620 2350 3674 τῶν
2368 3624 2423 3675 ἐν
2438 3625 2550 3687 τοῖς
2568 3625 2858 3692 γονατίοις,
2879 3626 3085 3681 καὶτοῦ
3102 3629 3353 3706 ,Ὄρνιθος
3380 3630 3410 3681 6
3431 3629 3699 3702 βορειότε-

2132 3729 2222 3785 ρος
2267 3713 2374 3767 τῶν
2414 3717 2472 3770 ὲν
2513 3719 2579 3788 τῇ
2612 3716 2761 3789 δεξιᾷ
2810 3718 3063 3790 πτέρυγι,
3113 3719 3189 3783 ὡς
3230 3722 3533 3793 ἡμιπήχιον
3566 3739 3697 3793 προ-

2128 3803 2426 3874 ηγούμενος
2446 3804 2539 3859 τοῦ
2566 3806 2959 3879 μεσημϐρινοῦ.
2997 3808 3299 3862 Ἀνατέλλει
3318 3810 3376 3863 δὲ
3396 3811 3427 3862 ὁ
3452 3811 3697 3882 Περσεὺς

2128 3892 2186 3946 ὲν
2216 3892 2388 3965 ὥραις
2415 3900 2462 3965 γ’
2494 3896 2592 3948 καὶ
2617 3895 2827 3966 ἡμίσει,
2857 3896 2949 3949 καὶ
2975 3903 3022 3966 γ’
3050 3897 3205 3969 μέρει
3238 3897 3409 3970 ὥρας.

2200 3986 2305 4040 Τοῦ
2330 3987 2388 4040 66
2429 3987 2675 4059 Ἠνιόχου
2702 3989 3102 4055 ἀνατέλλοντος,
3129 3991 3512 4045 συνανατέλλει
3548 3993 3644 4063 μὲν
3667 3994 3696 4045 6

2130 4075 2386 4141 ζωδιακὸς
2415 4076 2523 4130 ἀπὸ
2563 4076 2780 4148 Ἰχθύων
2811 4077 2920 4150 μοί.
2948 4085 3013 4133 ια’
3042 4080 3212 4150 μέσης
3233 4080 3340 4144 ἕως
3363 4080 3459 4133 τοῦ
3485 4081 3697 4154 Ταύρου

2133 4174 2206 4233 ις’
2238 4169 2438 4239 μέσης·
2478 4173 2800 4242 μεσουρανεῖ
2839 4170 2896 4223 66
2945 4172 3053 4224 ἀπὸ
3096 4172 3322 4238 Τοξότου
3356 4178 3406 4225 κ’
3439 4172 3557 4243 μοί.
3599 4173 3698 4236 ἓως

2128 4260 2408 4332 Αἱγόκερω
2435 4260 2479 4313 θ’
2506 4260 2600 4315 καὶ
2629 4268 2698 4317 κ’.
2726 4264 2836 4316 Καὶ
2864 4263 3071 4333 πρῶτοι
3094 4263 3191 4332 μὲν
3221 4262 3453 4334 ἀστέρες
3476 4263 3700 4317 ἀνατέλ-

2128 4350 2308 4404 λουσιν
2330 4353 2379 4405 οἱ
2399 4353 2457 4406 ἐν
2476 4355 2541 4423 τῇ
2566 4352 2794 4424 κεφαλῇ,
2825 4353 3049 4425 ἔσχατος
3072 4354 3129 4407 66
3145 4356 3175 4407 6
3193 4357 3251 4408 ὲν
3269 4354 3348 4424 τῷ
3370 4354 3536 4424 δεξιῷ
3559 4354 3696 4408 ποδί.

470 4445 605 4501 dcns
626 4459 812 4501 earum
839 4456 959 4512 quae
986 4448 1113 4496 sunt
1145 4440 1203 4494 in
1236 4451 1401 4507 sago;
1432 4442 1486 4491 et
1516 4448 1728 4498 earum,
1751 4446 1873 4502 qua:
1899 4435 2018 4486 sunt

2131 4444 2467 4516 Μεσουρανεῖ
2495 4444 2549 4496 66
2574 4450 2619 4498 a'
2650 4445 2748 4516 μὲν
2773 4446 2948 4517 ἀστὴρ
2974 4445 3069 4498 τοῦ
3092 4446 3132 4497 Τ
3135 4444 3317 4509 οξότου
3345 4448 3373 4498 6
3398 4445 3700 4517 ἡγούμενος

420 4522 424 4527 ’
466 4538 527 4592 in
550 4538 734 4601 dorso,
765 4534 1113 4591 niedia.ltem
1143 4531 1371 4602 Anguis,
1404 4543 1566 4599 quem
1596 4524 1914 4596 Ophiuchus
1939 4531 2024 4578 te-

464 4637 582 4693 net,
620 4627 859 4685 secunda
892 4627 960 4680 ab
985 4633 1227 4681 extrema
1280 4620 1475 4678 cauda.
1521 4618 1722 4674 Ultima
1760 4615 2027 4673 culminat

466 4720 651 4775 lucida
695 4719 752 4773 in
787 4720 930 4773 rictu
956 4716 1129 4787 Equi,
1155 4723 1209 4770 et
1236 4715 1406 4785 Cygni
1431 4713 1776 4782 subsequens
1801 4710 1857 4764 in
1889 4708 2028 4764 sini-

469 4822 586 4868 stro
613 4810 781 4879 pede,
813 4824 915 4864 nec
954 4823 1066 4862 non
1112 4807 1169 4860 in
1207 4804 1421 4875 Cepheo
1469 4802 1758 4859 australior
1808 4809 2029 4855 antece-

467 4903 712 4959 dentium
733 4901 888 4971 13o
915 4899 1125 4954 humeri
1143 4897 1322 4952 dextri
1338 4894 1746 4951 solendidarum
1767 4892 2023 4947 duarum.

467 4997 655 5051 Oritur
670 4993 982 5049 Heniochus
1003 4992 1151 5046 horis
1197 4985 1250 5042 5.

540 5162 724 5220 XXIII.
755 5165 881 5221 Haec
911 5167 969 5220 in
997 5166 1122 5220 coeli
1152 5166 1504 5220 inclinatione
1534 5165 1649 5229 illa,
1685 5178 1853 5235 quam
1881 5165 2027 5220 dixi-

466 5274 611 5324 mus,
637 5257 893 5313 accidunt
918 5257 1065 5312 circa
1095 5265 1249 5312 ortus
1272 5257 1535 5321 siderum,
1554 5272 1676 5327 quae
1706 5256 1776 5311 ad
1804 5264 2027 5327 septen-

432 5350 673 5428 .triones
704 5357 833 5403 sunt
869 5347 1078 5401 zodiaci
1115 5345 1329 5401 circuli.
1371 5346 1615 5401 Occasus
1654 5355 1839 5400 autem
1864 5345 1941 5398 ita
1969 5360 2027 5399 se

469 5437 694 5495 habent.

532 5547 701 5604 Boote
714 5534 994 5606 occidente
1014 5552 1268 5605 zodiacus
1282 5567 1404 5607 cum
1425 5567 1490 5607 eo
1509 5553 1789 5609 descendit
1811 5568 1840 5607 a
1859 5552 2025 5608 Scor-

467 5636 542 5702 pii
573 5646 725 5703 parte
756 5638 790 5692 ϐ
830 5639 896 5692 ad
930 5639 1250 5709 Capricorni
1282 5642 1349 5695 19
1392 5643 1657 5709 mediam;
1690 5645 1953 5699 culminat
1981 5662 2013 5699 a

469 5724 789 5794 Capricorni
820 5727 889 5781 22
911 5730 977 5784 ad
1011 5731 1209 5787 Arietis
1244 5732 1297 5789 4.
1329 5733 1483 5788 Prior
1510 5734 1733 5800 occidit,
1766 5753 1885 5807 quae
1924 5754 2026 5793 au-

2126 4535 2234 4589 τῶν
2266 4537 2323 4589 ὲν
2348 4538 2416 4607 τῇ
2448 4536 2721 4605 ὲφαπτίδι,
2768 4536 2863 4589 καὶ
2903 4538 2932 4589 6
2972 4538 3133 4608 μέσος
3171 4536 3279 4589 τῶν
3313 4538 3370 4589 ἐν
3405 4536 3488 4607 τῷ
3526 4536 3697 4608 νώτῳ,

2128 4629 2221 4682 καὶ
2246 4628 2338 4682 τοῦ
2366 4631 2599 4700 Ὄφεως,
2629 4628 2689 4682 ὃν
2713 4627 2825 4699 ἔχει
2853 4630 2882 4683 6
2929 4627 3228 4699 Ὀφιοῦχος,
3262 4631 3290 4681 6
3318 4627 3362 4698 β’
3396 4630 3493 4681 ἀπ’
3528 4629 3699 4701 ἄκρας

2126 4717 2226 4787 τῆς
2251 4717 2416 4787 ούρᾶς
2437 4714 2856 4788 ἀριθμούμενος·
2893 4716 3117 4787 ἔσχατος
3144 4717 3201 4769 δὲ
3234 4720 3623 4789 μεσουρανεῖοὸ
3647 4722 3699 4772 ἐν

2126 4807 2205 4878 τῷ
2240 4808 2428 4880 ῥύγχει
2460 4809 2554 4863 τοῦ
2588 4812 2787 4865 Ἵππου
2815 4808 3085 4879 λαμπρὸς,
3125 4810 3218 4863 καὶ
3247 4809 3339 4863 τοῦ
3384 4810 3640 4883 Ὄρνιθος
3674 4811 3700 4862 6

2128 4898 2392 4969 ἑπόμενος
2430 4900 2486 4951 έν
2522 4898 2600 4969 τῷ
2639 4898 2915 4970 ἀριστερῷ
2947 4898 3088 4960 ποδὶ,
3129 4897 3225 4950 καὶ
3254 4896 3349 4949 τοῦ
3396 4899 3639 4967 Κηφέως
3673 4901 3699 4951 6

2130 4987 2442 5059 νοτιωτέρος
2489 4989 2595 5042 τῶν
2642 4988 3066 5060 προηγουμένων
3114 4987 3207 5041 τοῦ
3248 4986 3424 5052 δεξιοῦ
3461 4987 3619 5059 ὤμου
3658 4989 3697 5059 β’

2127 5074 2398 5143 ὲκφανῶν.
2442 5076 2741 5130 Ἀνατέλλει
2766 5076 2822 5129 66
2851 5078 2880 5128 6
2923 5076 3161 5147 Ἡνίοχος
3185 5077 3244 5129 ἐν
3273 5076 3442 5149 ὥραις
3467 5084 3539 5146 γ’.

2198 5158 2326 5221 KI".
2357 5167 2492 5239 Περὶ
2539 5168 2636 5238 μὲν
2669 5163 2762 5221 οὖν
2793 5167 2891 5230 τὰς
2922 5168 3184 5231 ἀνατολὰς
3214 5169 3321 5222 τῶν
3347 5168 3697 5241 βορειοτέρων

2128 5258 2340 5327 ἄστρων
2372 5258 2465 5311 τοῦ
2501 5258 2766 5322 ζωδιακοῦ
2796 5258 2994 5312 κύκλου
3023 5258 3195 5323 ταῦτα
3221 5261 3511 5331 συμϐαίνει
3549 5263 3608 5314 ὲν
3633 5264 3692 5331 τῇ

2128 5348 2503 5420 προειρημένῃ
2530 5348 2623 5402 τοῦ
2649 5349 2856 5421 κόσμου
2884 5350 3143 5418 ἐγκλίσεν
3169 5351 3298 5423 περῒ⁷
3318 5351 3373 5404 δὲ
3402 5350 3506 5415 τὰς
3536 5369 3695 5405 κατα-

2126 5439 2308 5502 δύσεις
2338 5440 2406 5493 τά
2435 5439 2680 5493 τοιαῦτα.

2199 5553 2305 5606 Τοῦ
2339 5552 2547 5605 Βοὼτου
2582 5552 2854 5618 δύνοντος,
2902 5555 3292 5624 συγκαταδύνει
3343 5556 3441 5626 μὲν
3487 5556 3636 5626 αὐτῷ
3664 5557 3691 5607 ὁ

2131 5642 2393 5708 ζωδιακὸς
2425 5644 2531 5696 ἀπὸ
2561 5644 2827 5715 Σκορπξου
2853 5644 2960 5715 μοί.
2989 5653 3041 5710 ς’
3064 5647 3168 5709 ἕως
3189 5646 3560 5716 Αἰγοκέρωτος
3583 5646 3686 5712 μοι.

2136 5737 2197 5791 ιθ¹
2221 5736 2413 5808 μέσης·
2445 5739 2765 5809 μεσουρανεί
2789 5736 2842 5789 δὲ
2873 5736 2979 5791 ἀπὸ
3005 5737 3372 5809 Αἰγοκέρωτος
3396 5736 3506 5808 μοί.
3533 5735 3579 5809 β’
3601 5734 3685 5790 καὶ
