3928 6266
265 369 401 427 1101

1243 363 1611 423 HIPPARCHI
1646 362 1736 418 Al)
1774 357 2224 416 PHENOMENA
2261 357 2388 413 LIB.
2428 354 2492 413 Il.

3341 352 3484 411 “02

263 494 316 543 κ’
347 486 452 551 ἓως
477 483 652 557 Κριοῦ
675 484 737 541 δ’.
756 486 873 541 Καὶ
893 492 939 540 α’
968 486 1065 557 μὲν
1093 485 1269 556 ἀστὴρ
1294 485 1439 538 δύνει
1463 486 1492 537 6
1513 479 1828 543 νοτιῶτατος

1944 476 2113 532 nralis
2138 484 2221 531 est
2242 475 2477 530 maxime
2503 487 2708 538 earum,
2732 486 2853 543 qua:
2878 471 2935 527 in
2960 470 3191 528 sinistro
3211 469 3383 542 pede;
3408 470 3490 522 ul-

265 577 376 632 τῶν
408 580 466 631 ὲν
491 576 571 648 τῷ
610 575 880 649 ἀριστερῷ
923 575 1062 637 ποδὶ,
1093 573 1315 645 ἔσχατος
1343 573 1399 627 δὲ
1435 576 1464 627 6
1498 571 1829 644 βορειότατος

263 668 377 722 τῶν
426 670 484 721 ὲν
530 668 607 739 τῷ
654 667 976 739 κολλορόϐῳ.
1033 668 1377 736 Μεσουρανεῖ
1420 665 1478 718 δὲ
1521 664 1628 718 τῶν
1657 662 1830 717 ἄλλων

266 760 523 813 ἀπλανῶν
549 763 598 813 α’
622 760 720 831 μὲν
739 758 833 812 τοῦ
858 758 1125 829 Ὄρνιθος,
1152 758 1180 810 6
1198 759 1255 810 ἐν
1286 757 1426 830 μέσῃ
1452 758 1516 826 τῇ
1537 756 1671 827 οὐρᾷ
1694 754 1832 826 λαμ-

267 852 429 924 πρὸς,
460 851 554 904 καὶ
592 849 684 904 τοῦ
713 850 992 921 Λίγόκερω
1017 849 1057 908 ,ὁ
1087 847 1387 920 ἡγούμενος
1414 846 1523 900 τῶν
1551 847 1659 900 ἀπὸ
1680 846 1831 900 νότου

267 943 694 1015 παρακειμένων
716 943 828 1005 τοῖς
853 942 911 994 ἐν
935 943 1001 1012 τῇ
1034 941 1189 1011 οὐρᾷ,
1226 939 1450 1009 ἔσχατος
1481 938 1538 991 δὲ
1569 937 1662 992 τοῦ
1694 940 1834 1010 Περ-

269 1034 412 1096 σέως
428 1037 457 1087 6
484 1036 540 1087 ὲν
564 1036 629 1104 τῇ
655 1034 838 1104 Ἀρπη
860 1032 1216 1103 νεφελοειδὴς,
1239 1032 1331 1085 καὶ
1350 1030 1443 1084 τοῦ
1466 1030 1635 1102 Κριοῦ
1657 1034 1686 1084 6
1709 1032 1835 1085 ἑπό-

273 1143 434 1197 μενος
452 1124 557 1178 τῶν
573 1127 629 1178 ἐν
644 1127 708 1196 τῇ
732 1124 936 1195 κεφαλῇ
952 1129 1021 1191 γ’,
1047 1123 1141 1176 καὶ
1159 1125 1188 1176 6
1211 1121 1508 1192 Σύνδεσμος
1523 1120 1630 1174 τῶν
1653 1120 1831 1178 λίνων.

269 1214 428 1267 Δύνει
462 1213 519 1267 δὲ
549 1214 578 1265 6
612 1213 828 1284 Βοώτης
861 1215 918 1266 ὲν
958 1211 1126 1284 ὥραις
1156 1214 1494 1284 ίσημεριναῖς
1520 1209 1562 1264 6'
1592 1210 1685 1265 καὶ
1716 1210 1836 1265 δυσὶ

274 1307 500 1377 μέρεσιν
533 1304 707 1378 ὥρας.

340 1398 450 1451 Τοῦ
477 1397 535 1451 δὲ
558 1397 826 1466 Στεφάνου
847 1397 1111 1462 δύνοντος,
1132 1397 1519 1467 συγκαταδύνει
1547 1400 1644 1470 μὲν
1671 1400 1699 1452 6
1728 1398 1835 1464 ζω-

269 1487 458 1551 διακὸς
482 1487 589 1541 ἀπὸ
610 1486 704 1540 τοῦ
735 1486 960 1553 Τοξότου
991 1486 1101 1557 μοί.
1135 1494 1184 1557 γ’
1220 1488 1313 1541 καὶ
1346 1494 1393 1542 κ’
1422 1488 1526 1552 ἓως
1558 1490 1837 1561 Αίγόκερω

270 1581 313 1635 δ’
344 1582 534 1652 μέσης·
563 1582 885 1652 μεσουρανεῖ
909 1580 965 1633 δὲ
992 1581 1099 1634 ἀπὸ
1129 1582 1228 1651 τῆς
1261 1582 1436 1653 ἀρχῆς
1466 1583 1572 1636 τῶν
1621 1582 1836 1653 Ἰχθύων

273 1670 380 1734 ἓως
422 1669 641 1740 Ἰχθύων
667 1670 777 1740 μοί.
820 1667 877 1723 ιδ’
909 1669 1101 1741 μέσης.
1133 1671 1245 1724 Kal
1276 1676 1322 1723 α’
1359 1671 1457 1743 μὲν
1490 1671 1663 1744 ἀστὴρ
1691 1672 1835 1725 δύνει

273 1765 304 1816 6
340 1762 717 1834 λαμπρότατος
757 1761 867 1815 τῶν
909 1762 967 1815 ὲν
1010 1761 1090 1833 τῷ
1129 1763 1405 1834 Στεφάνῳ,
1452 1764 1677 1835 ἔσχατος
1714 1764 1772 1818 δὲ
1808 1766 1836 1818 ὁ

275 1854 669 1926 ἀμαυρότερος,
699 1854 793 1906 καὶ
822 1853 1045 1925 ἔσχατος
1075 1853 1148 1907 ὥν
1178 1855 1279 1925 τῆς
1306 1855 1579 1927 ἑπομένης
1611 1874 1838 1928 περιφε-

279 1948 450 2018 ρείας.
485 1949 823 2018 Μεσουρανεί
851 1930 908 2001 66
939 1948 1048 2001 τῶν
1068 1947 1240 2003 ἄλλων
1263 1949 1507 2020 ἀστέρων
1530 1955 1579 2001 α’
1609 1950 1708 2021 μὲν
1730 1951 1838 2006 τῶν

289 2039 506 2112 Ἰχθύων
529 2039 623 2094 τοῦ
651 2040 966 2113 νοτιωτέρου
993 2042 1023 2092 6
1052 2042 1110 2093 ὲν
1141 2039 1287 2112 ἄκρᾳ
1309 2043 1374 2112 τῇ
1407 2042 1541 2112 οὐρᾷ
1565 2041 1836 2115 λαμπρὸς,

279 2132 370 2186 καὶ
396 2130 491 2185 τοῦ
519 2130 655 2203 πρὸς
684 2130 834 2186 νότον
867 2131 1030 2184 αὐτοῦ
1061 2130 1311 2202 κειμένου
1341 2132 1837 2205 παραλληλογράμ-

280 2242 380 2297 μου
406 2225 457 2278 οἱ
483 2224 796 2296 ἡγούμενοι,
834 2223 1049 2294 ἔσχατοι
1085 2224 1143 2277 66
1179 2225 1208 2277 6
1245 2241 1305 2277 τε
1339 2226 1397 2278 ἐν
1429 2225 1578 2297 μέσῳ
1616 2228 1694 2298 τῷ
1734 2226 1839 2280 σῶ-

280 2335 411 2388 ματι
432 2317 532 2389 τῆς
550 2314 934 2380 Κασσιεπείας,
958 2316 1053 2369 καὶ
1072 2318 1099 2368 6
1125 2318 1182 2370 ὲν
1207 2318 1271 2387 τῇ
1295 2316 1556 2390 ἀριστερᾷ
1576 2319 1718 2390 χειρὶ
1741 2319 1840 2390 τῆς

290 2406 661 2479 Ἀνδρομέδας.
697 2404 853 2460 Δύνει
879 2404 936 2459 δὲ
959 2405 989 2458 6
1017 2404 1287 2475 Στέφανος
1323 2408 1381 2460 ὲν
1414 2404 1534 2478 ὥρᾳ
1570 2413 1620 2462 α’
1644 2407 1720 2471 ὡς
1750 2407 1840 2477 ἐγ-

276 2513 459 2566 γιστα.

348 2588 455 2643 Τοῦ
497 2589 555 2643 δὲ
602 2589 691 2643 Ἐν
724 2588 912 2658 γόνασι
951 2586 1215 2653 δύνοντος,
1257 2589 1647 2658 συγκαταδύνει
1681 2591 1780 2663 μὲν
1811 2593 1841 2645 6

278 2681 538 2746 ζωδιακὸς
565 2681 673 2734 ἀπὸ
699 2679 793 2733 τοῦ
817 2680 1042 2747 Τοξότου
1074 2680 1183 2750 μοί.
1213 2679 1270 2733 ιδ’
1290 2681 1395 2744 ἓως
1429 2681 1714 2754 Ὑδροχόου
1743 2690 1836 2749 ις’·

281 2772 603 2841 μεσουρανεῖ
631 2769 688 2823 δὲ
728 2768 836 2824 ἀπὸ
871 2767 964 2822 τοῦ
1002 2768 1282 2841 ’Υδροχόου
1317 2770 1426 2840 μοί.
1457 2776 1505 2839 γ’
1533 2772 1626 2825 καὶ
1663 2779 1711 2825 κ’
1737 2773 1841 2838 ἓως

277 2856 490 2926 Ταύρου
528 2856 635 2927 μοί.
666 2861 714 2927 η’
750 2856 942 2927 μέσης.
977 2857 1088 2910 Καὶ
1123 2863 1170 2909 α’
1208 2857 1306 2928 μὲν
1341 2860 1518 2931 ἀστὴρ
1553 2860 1700 2915 δύνει
1729 2864 1757 2916 6
1782 2864 1840 2917 ὲν

278 2946 427 3018 ἄκρᾳ
452 2948 517 3018 τῇ
545 2946 693 3019 δεξιᾷ
724 2947 887 3019 χειρὶ,
924 2945 1149 3018 ἔσχατος
1186 2948 1243 3002 66
1286 2952 1316 3003 6
1356 2951 1416 3004 ὲν
1454 2950 1531 3022 τῷ
1568 2953 1840 3026 ἀριστερῷ

277 3038 420 3093 ποδί.
460 3041 795 3111 Μεσουρανεῖ
833 3039 890 3092 δὲ
919 3039 1027 3093 τῶν
1060 3039 1233 3094 ἄλλων
1261 3042 1505 3114 ἀστέρων
1528 3044 1622 3098 τοῦ
1656 3046 1753 3117 μὲν
1781 3048 1840 3101 ὲν

276 3130 356 3202 τῷ
388 3131 653 3203 Ὑδροχόῳ
684 3130 873 3196 ὕδατος
906 3134 936 3186 6
961 3135 1215 3205 ἐχόμενος
1239 3133 1346 3191 τῶν
1374 3137 1430 3190 ὲν
1457 3138 1524 3209 τῇ
1552 3137 1592 3191 δ’
1616 3155 1840 3211 συστρο-

279 3223 377 3292 φῇ,
405 3220 500 3274 τοῦ
539 3222 595 3275 δὲ
622 3222 818 3276 Ἵππου
854 3225 882 3276 6
910 3223 1243 3296 βορειότερος
1273 3224 1382 3279 τῶν
1424 3226 1482 3280 ὲν
1513 3227 1592 3299 τῷ
1626 3230 1836 3299 σώματι

280 3313 539 3385 συνεχῶν,
567 3312 661 3367 τοῦ
689 3314 746 3368 66
776 3315 1010 3387 Κηφέως
1048 3318 1077 3370 6
1113 3317 1397 3389 ἀριστερὸς
1441 3312 1591 3389 ὦμος
1631 3322 1840 3394 ὴμιπή-

280 3420 395 3475 χιον
440 3403 859 3475 ὑπολειπόμενος
899 3405 995 3459 τοῦ
1045 3406 1437 3479 μεσημϐρινοῦ.
1487 3412 1753 3482 Ἐσχατος
1781 3413 1839 3467 δὲ

282 3498 608 3567 μεσουρανεῖ
630 3495 722 3550 τοῦ
748 3498 804 3551 ὲν
833 3496 911 3569 τῷ
930 3499 1099 3567 Κήτει
1129 3499 1528 3571 τετραπλεύρου
1553 3503 1581 3554 6
1601 3503 1841 3559 νοτιῶτε-

282 3604 374 3659 ρος
402 3586 510 3641 τῶν
538 3587 812 3659 ἑπομένων
835 3588 1122 3661 λαμπρῶν,
1156 3593 1250 3643 καὶ
1278 3593 1308 3644 6
1338 3592 1472 3662 πρὸς
1494 3594 1840 3667 μεσημϐρίαν

280 3677 530 3747 κείμενος
568 3677 1004 3748 ἀκατονόμαστος
1052 3678 1317 3751 λαμπρός.
1366 3681 1519 3735 Δύνει
1570 3683 1628 3737 δὲ
1672 3686 1700 3737 6
1753 3685 1841 3738 Ἐν

280 3769 499 3837 γόνασιν
535 3771 592 3823 ὲν
628 3768 797 3841 ὥραις
821 3770 863 3824 δ’
893 3770 988 3825 καὶ
1012 3773 1158 3842 τρισὶ
1192 3773 1624 3845 πεμπτημορίοις
1651 3775 1726 3839 ὥς
1749 3775 1841 3845 ἔγ-

281 3878 461 3931 γιστα.

348 3958 475 4012 ΚΔθ.
503 3951 609 4009 Τοῦ
635 3956 690 4010 δὲ
719 3956 998 4028 Ὀφιούχου
1027 3956 1290 4023 δύνοντος,
1327 3960 1716 4029 συγκαταδύνει
1741 3961 1841 4032 μὲν

279 4050 309 4101 6
334 4047 592 4113 ζωδιακὸς
623 4050 729 4104 ἀπὸ
752 4050 1016 4122 Σκορπίου
1050 4051 1159 4122 μοί.
1188 4058 1255 4105 ια’
1284 4052 1388 4117 ἕως
1414 4053 1694 4127 Αίγόκερω
1729 4055 1835 4126 μοί.

285 4138 327 4209 β’
346 4155 360 4169 ⁸
386 4157 546 4211 μεσου
557 4144 706 4212 ρανεῖ
726 4141 781 4196 δὲ
805 4141 913 4195 ἀπὸ
931 4142 1208 4216 Αίγόκερω
1229 4150 1269 4197 ε’
1294 4147 1387 4198 καὶ
1412 4152 1459 4199 κ’
1485 4146 1590 4212 ἕως
1626 4147 1841 4219 Ἰχθύων

287 4239 353 4285 ια’
381 4233 571 4306 μέσης.
608 4234 717 4288 Kal
752 4241 799 4286 α’
826 4234 925 4305 μὲν
956 4236 1130 4306 ἀστὴρ
1155 4235 1297 4290 δύνει
1328 4239 1357 4290 6
1381 4239 1438 4292 ὲν
1466 4238 1542 4310 τῷ
1572 4239 1842 4312 ἀριστερῷ

282 4324 422 4391 ποδὶ,
450 4325 676 4396 ἔσχατος
705 4325 763 4379 δὲ
784 4327 813 4378 6
847 4328 905 4380 6v
937 4328 1003 4398 τῇ
1028 4328 1259 4399 κεφαλῇ.
1284 4329 1623 4403 Μεσουρανεί
1651 4332 1708 4387 δὲ
1733 4332 1841 4387 τῶν

282 4417 453 4472 ἀλλων
489 4417 731 4488 ἀστέρων
768 4424 815 4471 α’
849 4419 945 4489 μὲν
976 4418 1069 4472 τοῦ
1092 4420 1371 4492 Αίγόκερω
1400 4426 1429 4476 6
1450 4424 1707 4494 ἑπόμενος
1733 4425 1841 4479 τῶν

283 4510 341 4564 6v
362 4513 430 4581 τῇ
462 4510 620 4581 οὐρᾷ,
662 4510 757 4563 καὶ
790 4509 884 4563 τοῦ
926 4511 1176 4583 Ὄρνιθος
1215 4512 1245 4564 6
1277 4512 1613 4584 βορειότατος
1644 4515 1751 4569 τῶν
1783 4518 1841 4569 ὲν
1874 4537 1920 4594 D

280 4603 349 4673 τῃ
376 4599 525 4671 δεξιᾷ
560 4602 789 4672 πτέρυγι
811 4619 825 4632 ·
858 4601 1084 4673 ἔσχατος
1113 4602 1171 4656 δὲ
1203 4606 1302 4668 τῆς
1339 4606 1705 4671 Κασσιεπείας
1734 4610 1763 4661 ὀ
1785 4609 1842 4662 ἐν

280 4695 347 4763 τῇ
378 4692 733 4769 κεφαλῇ,καὶ
754 4695 783 4747 6
811 4695 869 4749 ὲν
892 4694 971 4766 τῷ
995 4695 1168 4767 δίφρῳ
1200 4698 1391 4767 μικρός
1415 4715 1429 4729 ⁸
1457 4698 1551 4752 xal
1590 4700 1690 4770 τῆς
1731 4702 1845 4754 Ἀν-

281 4783 543 4855 δρομέδας
575 4788 604 4840 6
650 4785 984 4858 βορειότατος
1010 4788 1117 4842 τῶν
1153 4790 1211 4843 ὲν
1249 4789 1327 4861 τῷ
1361 4791 1544 4862 στήθει
1564 4809 1580 4824 ο
1617 4794 1711 4846 καὶ
1748 4793 1843 4847 τοῦ

280 4876 496 4949 Κήτους
519 4878 549 4931 6
571 4876 885 4952 νοτιώτερος
916 4880 1023 4933 τῶν
1053 4881 1110 4933 ὲν
1139 4883 1203 4953 τῇ
1230 4882 1383 4954 οὐρᾷ,
1413 4883 1605 4954 μικρὸν
1627 4885 1843 4939 ὑπολει-

281 4970 515 5040 πόμενος
554 4969 649 5023 τοῦ
693 4970 1084 5043 μεσημϐρινοῦ.
1114 4972 1266 5028 Δύνει
1299 4973 1356 5028 δὲ
1399 4976 1428 5028 6
1473 4975 1750 5045 Ὀφιοῦχος
1785 4977 1845 5031 ὲν

280 5059 449 5134 ὥραις
478 5068 524 5131 γ’
556 5061 630 5125 ὼς
658 5061 905 5132 ἔγγιστα.

352 5153 469 5206 κοτ’
510 5151 577 5206 ἂν
622 5153 678 5206 δὲ
720 5155 748 5207 6
788 5155 947 5222 Ὄφις
987 5153 1164 5217 δύνει.
1214 5155 1273 5208 ὃν
1319 5155 1430 5227 ἔχει
1463 5158 1492 5211 ὁ
1539 5156 1842 5228 ὀφιοῧκοςν

282 5242 673 5312 συγκαταδύνει
705 5245 803 5315 μὲν
829 5245 974 5317 αὐτῷ
1011 5247 1040 5298 6
1064 5245 1323 5310 ζωδιακὸς
1353 5248 1461 5301 ἀπὸ
1489 5249 1759 5319 Σκορπίου
1790 5267 1844 5315 ςο

281 5334 375 5387 καὶ
400 5340 447 5387 κ’
492 5334 663 5406 μέσης
691 5335 798 5406 μοί.
828 5334 932 5401 ἓως
956 5336 1234 5406 Αίγόκερω
1267 5338 1374 5408 μοί.
1412 5339 1458 5392 θ’
1476 5355 1490 5370 ’
1525 5343 1847 5412 μεσουρανεῖ

280 5424 337 5479 δὲ
359 5425 467 5480 ἀπὸ
498 5426 781 5499 ’Υδροχόου
823 5427 931 5499 μοί.
960 5434 1007 5500 η’
1037 5428 1142 5492 ἓως
1175 5428 1391 5500 Ἰχθύων
1424 5437 1472 5483 κ’
1507 5431 1691 5502 μέσης.
1736 5434 1847 5487 Καὶ

282 5516 489 5586 πρῶτοι
524 5533 624 5587 μεν
653 5516 881 5587 ἀστέρες
908 5518 1150 5571 δύνουσιν
1186 5519 1236 5570 οἱ
1275 5520 1334 5571 ὲν
1361 5518 1440 5590 τῷ
1469 5520 1700 5591 σώματι,
1732 5540 1847 5576 κοι-

281 5607 363 5659 νοὶ
402 5606 555 5671 ὄντες
590 5609 683 5661 καὶ
726 5608 827 5676 τῆς
863 5609 1154 5680 ἀριστερᾶς
1194 5610 1374 5680 χειρὸς
1411 5610 1502 5664 τοῦ
1540 5611 1841 5682 Ὀφιούχου,

282 5696 506 5768 ἔσχατος
538 5701 596 5754 66
637 5702 666 5753 6
707 5701 765 5752 ὲν
802 5699 947 5771 ἄκρᾳ
976 5704 1042 5773 τῇ
1075 5702 1230 5774 οὐρᾷ.
1264 5703 1601 5773 Μεσουρανεῖ
1641 5704 1697 5758 δὲ
1735 5703 1843 5758 τῶν

279 5788 451 5845 ἄλλων
480 5789 723 5863 ἀστέρων
751 5795 797 5841 a'
832 5790 927 5859 μὲν
955 5792 984 5843 6
1024 5793 1083 5847 ἐν
1135 5792 1202 5863 τῷ
1240 5791 1395 5863 δεξιῷ
1442 5794 1561 5848 ποδὶ
1593 5796 1695 5869 ,τοῦ
1727 5796 1843 5868 Κη-
1888 5799 1895 5809 ⁸

1928 567 2081 631 tima,
2109 581 2232 637 quae
2261 573 2347 622 est
2377 564 2614 620 maxime
2656 562 2891 620 borealis
2920 562 2976 617 in
3022 561 3324 617 colloroho.
3358 558 3491 615 Cul-

1932 657 2105 712 minat
2150 672 2219 712 ex
2261 657 2385 712 aliis
2435 655 2804 711 inerrantihus
2846 654 3020 724 prima
3051 652 3274 723 quidem
3306 650 3491 705 lucida

1928 746 2122 818 Cygni,
2148 762 2270 817 quae
2298 756 2381 802 est
2405 745 2460 800 in
2492 745 2700 811 cauda;
2733 752 2787 799 et
2811 744 2866 798 in
2904 742 3239 813 Capricorno
3272 748 3494 794 antece-

1930 839 2066 895 dens
2087 854 2274 894 earum
2301 853 2422 908 qua:
2449 838 2519 893 ab
2540 844 2727 892 austro
2764 835 3015 905 adjacent
3038 833 3106 888 iis
3135 847 3255 901 quae
3280 835 3411 886 sunt
3436 829 3491 882 in

1932 931 2136 999 cauda;
2178 931 2370 985 ultima
2404 944 2553 995 vero,
2596 929 2751 984 stella
2783 925 2987 992 Persei,
3023 940 3144 995 quas
3190 923 3246 976 in
3287 920 3488 991 Harpe,

1933 1024 2215 1089 nebulosa,
2233 1033 2288 1079 et
2315 1022 2518 1077 Arietis
2543 1021 2842 1076 succedens
2872 1020 3045 1073 trium
3062 1018 3120 1072 i-n
3142 1017 3348 1086 capite:
3374 1021 3492 1068 tum

1932 1113 2117 1170 Nodus
2145 1115 2400 1169 linorum.
2424 1111 2637 1168 Occidit
2669 1111 2877 1168 Bootes.
2896 1109 3048 1165 horis
3080 1106 3437 1178 mquahilihus
3456 1106 3492 1159 4

1934 1214 1988 1263 et
2016 1207 2229 1263 duabus
2259 1208 2526 1277 partibus.

2003 1385 2296 1442 Occidente
2316 1385 2528 1440 Corona
2550 1384 2712 1440 simul
2742 1381 2939 1439 occidit
2967 1378 3221 1435 zodiacus
3249 1393 3280 1432 a
3310 1376 3492 1447 Sagit-

1935 1480 2060 1536 tarii
2089 1488 2242 1548 parte
2265 1477 2336 1532 25
2362 1477 2425 1532 ad
2444 1474 2813 1547 CapricornM
2840 1472 3071 1528 mediam
3094 1488 3108 1538 ;
3132 1470 3395 1525 culminat
3422 1468 3492 1522 ab

1935 1574 2094 1627 initio
2121 1571 2402 1635 'Piscium,
2431 1571 2499 1624 ad
2527 1568 2843 1624 eorumdem
2883 1566 2949 1620 14
2998 1564 3228 1619 mediam
3256 1568 3488 1632 partem.

1934 1660 2116 1716 Prima
2147 1661 2345 1714 occidit
2381 1658 2817 1730 splendidissima
2855 1655 3100 1716 Coronae,
3146 1653 3333 1706 ultima
3372 1667 3493 1721 quae

1935 1762 2021 1810 est
2047 1754 2421 1816 o‘hscurior,et
2450 1765 2723 1822 posuema
2753 1748 3096 1804 succedentis
3117 1746 3331 1800 circuli.
3364 1742 3495 1797 Cul-

1869 1816 1912 1876 Β
1940 1846 2112 1900 minat
2155 1860 2220 1900 ex
2270 1844 2394 1898 aliis
2427 1816 2599 1898 stellis
2633 1841 2782 1912 prior
2817 1840 2995 1894 lucida
3045 1839 3101 1893 in
3151 1837 3494 1893 extremitate

1938 1934 2113 1992 Piscis
2169 1933 2548 2000 australioris;
2579 1942 2634 1988 et
2682 1931 3049 2002 prsccedentes
3102 1930 3158 1983 in
3203 1928 3492 1999 parallelo-

1936 2041 2203 2099 grammo,
2226 2027 2372 2098 quod
2400 2025 2505 2096 ipsi
2533 2024 2599 2079 ad
2627 2024 2907 2079 meridiem
2946 2022 3110 2077 situm
3137 2029 3252 2087 est;
3280 2025 3493 2089 postrec

1938 2137 2041 2177 ma:
2086 2120 2409 2186 culminant,
2448 2134 2568 2189 quae
2597 2117 2653 2171 in
2694 2115 2873 2171 medio
2905 2128 3135 2184 corpore
3165 2112 3492 2182 Cassiepere,

1937 2221 1992 2270 et
2018 2228 2140 2284 quae
2171 2213 2228 2267 in
2266 2211 2493 2267 sinistra
2524 2224 2688 2263 manu
2718 2206 3101 2262 Andromedae.
3130 2203 3344 2260 Occidit
3388 2201 3495 2257 Co-

1938 2320 2072 2361 rona
2099 2303 2491 2375 propemodum
2526 2302 2660 2356 hora
2682 2314 2812 2354 una.

2008 2569 2143 2624 Cum
2174 2564 2487 2637 lngeniculo
2514 2561 2714 2618 occidit
2746 2561 3004 2618 zodiacus
3048 2576 3081 2615 a
3110 2560 3280 2631 gradu
3313 2558 3493 2631 Sagit-

1938 2661 2064 2716 tarii
2088 2659 2153 2713 M
2181 2657 2250 2713 ad
2273 2654 2500 2726 Aquarii
2540 2653 2640 2721 16;
2669 2653 2930 2709 culminat
2960 2653 3029 2707 ab
3055 2651 3279 2722 Aquarii
3302 2651 3394 2717 25,
3425 2650 3496 2707 ad

1941 2751 2180 2806 medium
2215 2748 2250 2803 8
2274 2746 2461 2801 Tauri.
2495 2744 2651 2800 Prior
2681 2743 2884 2799 occidit
2913 2759 3035 2813 quae
3055 2743 3217 2800 estin
3240 2744 3497 2799 extremi-

1940 2850 2053 2899 tate
2102 2841 2308 2896 dextrae
2356 2852 2588 2904 manus;
2624 2835 2811 2890 ultima
2839 2851 2960 2906 qua:
2987 2835 3046 2889 in
3089 2834 3312 2890 sinistro
3337 2836 3492 2905 pede.

1940 2932 2214 2993 Culminat
2240 2947 2309 2987 ex
2356 2928 2478 2985 aliis
2511 2928 2686 2985 stellis
2737 2927 2974 2998 primum
3014 2941 3134 2996 quae
3176 2927 3233 2982 in
3270 2927 3499 2998 Aquarii

1944 3038 2086 3096 aqua
2115 3021 2327 3091 adiacet
2357 3019 2423 3074 iis
2450 3035 2571 3090 quae
2601 3024 2729 3072 sunt
2757 3017 2814 3070 in
2844 3015 3317 3087 4'couglobatione
3347 3024 3498 3072 :tum

1945 3113 2002 3168 in
2032 3112 2182 3184 Equo
2207 3109 2477 3166 horealior
2501 3122 2711 3171 earum,
2738 3122 2859 3177 qua:
2884 3107 2936 3161 in
2971 3121 3198 3177 corpore
3226 3106 3500 3164 continuae

1942 3214 2100 3272 sunt;
2129 3205 2259 3259 item
2286 3201 2510 3258 sinister
2539 3200 2798 3254 humerus
2824 3197 3023 3269 Cephei
3062 3197 3156 3269 qui
3177 3198 3316 3254 citra
3337 3201 3503 3256 meri-

1943 3296 2086 3352 diem
2115 3302 2199 3350 est
2226 3291 2584 3350 semicubitali
2618 3290 2731 3347 fere
2760 3292 2956 3363 spatio.
2995 3289 3278 3347 Postrema
3304 3291 3501 3347 culmi—

1943 3397 2038 3444 nat
2062 3403 2130 3443 ex
2160 3385 2532 3457 quadrilatero
2558 3381 2676 3438 Ceti
2707 3398 2832 3454 qua:
2857 3383 3154 3438 australior
3186 3394 3270 3440 est
3309 3398 3501 3441 succe-

1944 3478 2184 3534 dentium
2218 3476 2542 3540 lucidarum,
2584 3484 2638 3531 et
2666 3489 2787 3545 quae
2830 3474 2901 3529 ad
2940 3473 3218 3530 meridiem
3269 3475 3373 3530 sita
3415 3484 3502 3532 est

1944 3569 2125 3626 lucida
2160 3583 2354 3624 carens
2387 3567 2622 3622 nomine.
2657 3565 2872 3622 Occidit
2895 3565 3244 3637 lngeuiculus
3270 3568 3419 3625 horis
3440 3568 3499 3634 ι,

1945 3664 2026 3719 56'
2059 3661 2295 3718 circiter.

2015 3923 2203 3980 XXIV.
2220 3922 2520 3995 Anguifero
2542 3924 3137 3989 occidente,descendit
3163 3939 3267 3979 una
3292 3926 3501 3982 zodiaci

1946 4033 2110 4074 arcus
2141 4036 2172 4072 ιι
2192 4016 2404 4087 Scorpii
2435 4016 2495 4071 ll
2518 4018 2689 4087 gradu
2716 4017 2784 4071 ad
2804 4017 3120 4087 Capricorni
3146 4017 3180 4071 2
3200 4034 3214 4081 ;
3238 4018 3502 4073 culminat

1948 4124 1978 4162 a
2008 4106 2329 4178 Capricorni
2355 4105 2426 4161 ‘25
2446 4105 2511 4160 ad
2542 4105 2783 4162 Piscium
2822 4106 2882 4159 ll
2917 4104 3175 4161 medium.
3199 4104 3380 4160 Prima
3413 4120 3502 4161 oc-

1946 4200 2079 4256 cidit
2100 4199 2279 4265 stella,
2311 4214 2431 4269 quae
2467 4205 2552 4253 est
2579 4198 2634 4252 in
2674 4195 2898 4252 sinistro
2928 4195 3098 4266 pede;
3132 4197 3343 4260 ultima,
3379 4213 3501 4267 qua:

1947 4296 2031 4345 est
2057 4289 2112 4343 in
2141 4289 2340 4359 capite.
2371 4286 2647 4342 Culminat
2676 4301 2743 4341 ex
2775 4285 2897 4341 aliis
2917 4285 3088 4342 stellis
3113 4285 3284 4355 prior,
3317 4285 3502 4355 Capri-

1947 4383 2101 4437 corni
2142 4380 2441 4438 succedens
2479 4379 2533 4433 in
2567 4378 2764 4443 cauda,
2818 4386 2873 4433 et
2907 4378 3077 4449 Cygni
3123 4377 3502 4434 horealissima

1947 4490 2015 4530 ex
2045 4475 2114 4529 iis
2144 4489 2265 4546 quae
2293 4479 2419 4528 sunt
2438 4471 2493 4526 in
2515 4471 2600 4525 ala
2629 4471 2816 4525 dextra
2838 4489 2850 4525 :
2872 4470 3059 4525 ultima
3087 4485 3235 4535 vero,
3267 4485 3389 4541 quae
3416 4477 3501 4526 est

1947 4571 2003 4626 in
2034 4571 2210 4639 capite
2238 4568 2564 4639 Cassiepeae,
2592 4575 2645 4622 et
2675 4582 2839 4637 parva
2854 4583 2974 4639 quae
3007 4568 3062 4622 in
3082 4567 3202 4638 ejus
3221 4576 3307 4624 est
3326 4568 3498 4624 solio:

1944 4671 2058 4719 tum
2095 4662 2332 4717 borealis
2375 4661 2609 4715 maxime
2638 4676 2706 4715 ex
2756 4660 2843 4716 his
2884 4674 3004 4730 quae
3031 4667 3160 4714 sunt
3197 4659 3252 4714 in
3282 4666 3503 4730 pectore

1946 4751 2302 4807 Andromeda:
2333 4769 2347 4805 :
2380 4759 2437 4805 et
2467 4748 2865 4804 australissima
2905 4764 3093 4804 earum
3123 4764 3243 4818 quae
3282 4755 3410 4803 sunt
3442 4748 3501 4802 in

1945 4842 2116 4898 cauda
2148 4840 2287 4907 Ceti,
2317 4840 2595 4910 paululum
2622 4839 2757 4893 citra
2779 4839 3137 4897 meridianum
3166 4838 3364 4910 posita.
3391 4838 3499 4894 Oc-

1945 4932 2079 4990 cidit
2101 4932 2422 5005 Ophiuchus
2460 4931 2609 4987 lioris
2638 4928 2752 4986 fere
2779 4931 2831 4985 5.

2012 5157 2145 5212 Cum
2167 5156 2448 5228 Serpente,
2471 5156 2629 5227 quem
2660 5166 2803 5215 tenet
2834 5158 3170 5229 Ophiuchus.
3189 5159 3391 5215 occidit
3413 5174 3500 5213 ar-

1945 5265 2044 5306 cus
2067 5249 2274 5304 zodiaci
2299 5265 2330 5302 a
2356 5248 2569 5319 Scorpii
2601 5257 2754 5321 parte
2800 5250 2870 5304 26
2890 5251 3067 5307 media
3116 5251 3185 5306 ad
3228 5261 3436 5322 partem
3464 5252 3499 5306 9

1945 5337 2295 5410 Capricorni;
2324 5340 2585 5395 culminat
2622 5341 2691 5396 ab
2729 5342 2955 5412 Aquarii
2986 5343 3020 5398 8
3055 5341 3125 5398 ad
3164 5334 3392 5398 mediani
3430 5343 3502 5399 20

1946 5429 2205 5487 Piscium.
2237 5430 2432 5487 Primae
2457 5434 2627 5488 stella:
2652 5432 2988 5490 descendunt
3011 5451 3130 5504 quin
3147 5442 3275 5490 sunt
3302 5437 3354 5489 in
3377 5451 3500 5490 cor-

1949 5537 2100 5592 pore,
2131 5538 2448 5579 communes
2479 5526 2714 5582 sinistrae
2736 5528 2919 5581 manui
2942 5526 3252 5598 Anguiferi;
3286 5528 3498 5589 ultima,
3601 5580 3605 5584 .

1947 5628 2067 5682 quae
2097 5613 2252 5669 estin
2286 5624 2526 5670 extrema
2560 5615 2755 5672 cauda.
2786 5615 3060 5670 Culminat
3082 5630 3147 5670 ex
3175 5614 3299 5669 aliis
3330 5614 3503 5669 stellis

1946 5705 2117 5774 prior,
2149 5720 2268 5775 qua:
2313 5714 2397 5761 est
2431 5706 2486 5759 in
2536 5706 2728 5762 dextro
2757 5706 2892 5777 pede
2932 5705 3153 5778 Cephei,
3198 5714 3252 5762 et
3280 5722 3399 5777 quae
3439 5705 3501 5761 iu

1948 5798 2122 5855 media
2156 5813 2291 5855 urna
2326 5800 2552 5869 Aquarii
2584 5801 2770 5856 ultima
2794 5815 3002 5868 earum,
3027 5800 3339 5864 australior,
3371 5810 3494 5861 qua:
