3950 6266
428 309 563 368 “0'5

1404 312 1495 366 AD
1521 312 1787 369 EUSEBII
1825 315 2216 375 CIIRONICON
2243 318 2607 376 APPENDIX.

3507 328 3641 385 1104

424 431 552 482 sunt
589 423 644 478 in
665 423 835 480 cauda
868 423 1042 480 Piscis
1065 427 1357 495 australis;
1395 436 1448 484 et
1485 445 1606 500 qua:
1638 431 1804 486 estin
1839 448 1977 505 genu

2086 435 2243 504 φέως,
2271 438 2364 490 καὶ
2391 438 2419 490 6
2459 439 2515 491 ἐν
2547 437 2682 508 μέσῃ
2704 439 2768 508 τῇ
2803 438 3016 493 κάλπιδι
3039 441 3130 495 τοῦ
3161 441 3467 514 ’Υδροχόου,
3495 446 3628 516 ἔσχα

421 517 748 587 Cassiepeze.
772 515 983 573 Occidit
1005 516 1244 589 Serpens
1269 521 1429 590 ,boris
1456 521 1570 577 fere
1599 523 1652 576 5.

481 800 619 854 Cum
654 797 796 870 Lyra
832 799 1112 854 descendit
1159 814 1287 869 pars
1335 799 1580 866 zodiaci,
1625 815 1745 870 qua:
1788 811 1871 856 est
1909 800 1977 856 ab

421 891 642 960 Aquarii
664 899 816 960 parte
843 891 877 944 4
905 891 973 946 ad
1004 891 1105 958 12;
1139 893 1399 945 culminat
1428 892 1495 947 ab
1520 893 1721 949 Arietis
1751 893 1822 947 25
1859 909 1976 949 me-

423 985 511 1040 dia
540 984 605 1039 ad
637 982 802 1038 Tauri
825 985 878 1038 5.
904 983 1082 1038 Prima
1111 984 1313 1038 occidit
1342 985 1520 1049 stella,
1552 986 1866 1055 praecedens
1895 987 1978 1040 lu-

423 1077 693 1142 eidarum,
717 1091 839 1145 quae
867 1084 994 1130 sunt
1024 1074 1080 1129 in
1107 1075 1274 1147 jugo;
1309 1077 1519 1143 ultima,
1553 1093 1674 1147 quae
1700 1094 1729 1132 a
1762 1087 1978 1149 septen-

422 1167 694 1222 trionibus
727 1168 936 1237 adjacet
964 1168 1172 1223 lucidze.
1203 1167 1476 1222 Culminat
1505 1184 1569 1224 ex
1614 1170 1735 1224 aliis
1782 1171 1976 1240 prima,

401 1245 602 1314 “media
628 1258 863 1324 illarum,
888 1274 1004 1328 qua:
1028 1259 1082 1317 in
1106 1259 1304 1314 Arietis
1321 1260 1524 1328 cauda;
1546 1261 1760 1326 ultima,
1789 1276 1978 1317 earum

423 1350 725 1417 stellarum,
750 1366 869 1420 quae
895 1351 1038 1405 inter
1062 1365 1326 1404 summam
1357 1350 1636 1421 cuspidem
1663 1351 1899 1407 Pleiadis
1925 1359 1979 1406 et

425 1443 766 1506 Sucularum,
802 1458 923 1513 qua:
970 1449 1098 1498 sunt
1128 1442 1184 1497 in
1213 1441 1402 1498 dextra
1436 1443 1634 1508 fronte,
1670 1445 1786 1498 sita:
1828 1450 1976 1507 sunt,

423 1535 693 1596 borealior
734 1542 788 1588 et
829 1533 1182 1603 splendidior,
1213 1535 1371 1590 besse
1403 1536 1570 1591 cubiti
1607 1535 1721 1591 fere
1768 1535 1980 1591 distans

425 1641 454 1678 a
483 1624 804 1681 meridiano.
840 1625 971 1680 Item
1002 1627 1057 1680 in
1088 1626 1295 1696 majore
1327 1627 1534 1682 ambitu
1564 1625 1736 1682 Fluvii
1764 1627 1980 1683 Orionis

425 1715 662 1771 secunda
691 1716 758 1771 ad
808 1718 1256 1788 septentrionem,
1285 1725 1339 1772 et
1366 1718 1566 1783 lucida,
1597 1733 1626 1772 a
1680 1719 1979 1774 meridiano

2086 545 2176 592 τος
2201 527 2255 582 δὲ
2287 528 2377 582 τοῦ
2406 546 2464 582 τε
2497 529 2666 582 νοτίου
2702 530 2902 602 ’ἰχθύος
2939 533 2968 585 6
2993 533 3304 604 νοτιώτερος
3345 536 3454 588 τῶν
3487 539 3544 591 ἔν
3579 544 3641 610 τῇ

2084 620 2237 690 οὐρᾷ,
2270 620 2364 672 καὶ
2390 620 2486 691 τῆς
2512 623 2882 687 Κασσιεπείας
2910 627 2938 678 6
2965 627 3021 678 ὲν
3053 625 3130 696 τῷ
3164 627 3367 695 γόνατι.
3403 628 3560 682 Δύνει
3589 632 3639 684 δὲ

2082 713 2110 764 6
2129 713 2288 780 Ὄφις
2316 712 2372 767 ἐν
2395 712 2560 783 ὥραις
2588 720 2636 781 γ’
2659 714 2732 776 ὡς
2757 715 3001 784 ἔγγιστα.

2152 805 2262 875 Τῆς
2284 803 2340 856 δὲ
2365 805 2544 876 Δύρας
2568 805 2845 875 δυνούσης,
2873 809 3258 875 συγκαταδύνει
3288 811 3385 878 μὲν
3411 811 3441 862 6
3466 810 3640 874 ζωδια-

2083 895 2177 960 κὸς
2200 896 2307 949 61:6
2329 896 2419 949 τοῦ
2453 896 2731 968 ’Υδροχόου
2760 898 2868 967 μοί.
2893 897 2930 950 δ’
2957 899 3060 962 ἕως
3096 900 3380 971 ’Υδροχόου
3415 901 3525 972 μοί.
3557 903 3638 972 ιβ’·

2086 990 2404 1058 μεσουρανεί
2442 988 2497 1040 δὲ
2527 988 2634 1041 61:6
2671 989 2841 1059 Κριοῦ
2875 998 2920 1058 γ’
2955 994 3048 1044 καὶ
3079 1000 3125 1045 κ’
3165 994 3333 1064 μέσης
3374 995 3477 1058 ἕως
3507 996 3640 1049 Ταύ-

2085 1095 2178 1148 ρου
2215 1085 2282 1146 γ’.
2328 1078 2437 1132 Καὶ
2467 1085 2514 1132 α’
2555 1079 2653 1150 μὲν
2682 1080 2857 1152 ἀστὴρ
2900 1081 3041 1135 δύνει
3067 1085 3094 1136 6
3127 1084 3427 1155 ἡγούμενος
3453 1087 3561 1138 τῶν
3589 1089 3642 1140 ἐν

2081 1167 2156 1239 τῷ
2202 1167 2480 1240 ζυγώματι
2527 1169 2814 1241 λαμπρῶν,
2858 1171 3081 1241 ἔσχατος
3128 1173 3172 1226 δ’
3209 1175 3236 1226 6
3287 1176 3382 1227 ἀπ’
3433 1178 3644 1248 ἄρκτων

2081 1259 2482 1331 παρακείμενος
2508 1261 2584 1331 τῷ
2605 1261 2857 1333 λαμπρῷ.
2899 1265 3237 1336 Μεσουρανεῖ
3256 1266 3311 1319 δὲ
3331 1268 3439 1321 τῶν
3473 1268 3644 1322 ἄλλων

2061 1358 2128 1404 ·α’
2170 1352 2268 1422 μὲν
2312 1354 2340 1404 ὁ
2369 1353 2530 1423 μέσος
2562 1353 2668 1407 τῶν
2705 1356 2761 1406 έν
2793 1357 2858 1426 τῇ
2890 1357 3026 1427 οὐρᾷ
3069 1354 3161 1410 τοῦ
3197 1360 3389 1430 Κριοῦ,
3424 1361 3644 1432 ἔσχατος

2080 1443 2134 1496 δὲ
2159 1443 2264 1497 τῶν
2295 1445 2495 1514 μεταξὺ
2530 1445 2622 1498 τοῦ
2651 1464 2710 1498 τε
2739 1446 2994 1513 ὀξυτάτου
3017 1449 3116 1519 τῆς
3140 1451 3394 1516 Πλειάδος
3423 1454 3515 1507 καὶ
3540 1455 3647 1506 τῶν

2092 1534 2316 1601 Ὑάδων,
2350 1535 2457 1588 τῶν
2483 1537 2574 1590 ἐπὶ
2612 1538 2704 1590 τοῦ
2733 1538 2906 1604 δεξιοῦ
2942 1540 3220 1611 μετώπου,
3246 1545 3274 1596 6
3314 1544 3645 1618 βορειότερος

2081 1626 2257 1680 αὑτῶν
2292 1629 2380 1682 καὶ
2413 1628 2823 1702 ἐκφανέστερος,
2853 1632 3276 1704 ὑπολειπόμενος
3309 1637 3402 1690 τοῦ
3436 1655 3639 1710 μεσημ-

2083 1716 2262 1788 ϐρινοῦ
2288 1717 2363 1781 ὼς
2487 1720 2622 1791 μέρη
2667 1722 2915 1791 πήχεως”
2953 1723 3046 1776 καὶ
3087 1724 3187 1794 τῆς
3220 1727 3460 1800 μεγάλης
3493 1748 3645 1801 περι-

423 1807 632 1863 distans
659 1809 884 1864 semisse
908 1808 1112 1875 cubiti;
1137 1809 1263 1865 item
1294 1825 1415 1880 qua:
1439 1810 1581 1864 inter
1601 1810 1974 1879 praecisionem

2086 1813 2298 1883 φερείας
2340 1813 2431 1868 τοῦ
2454 1816 2560 1868 61:6
2584 1815 2677 1870 τοῦ
2719 1818 2968 1890 Ὠρίωνος
2998 1821 3249 1891 Ποταμοῦ
3288 1825 3316 1876 6
3341 1825 3384 1895 β’
3411 1826 3523 1880 τῶν
3552 1829 3644 1880 ἀπ’

423 1896 610 1965 Tauri,
642 1907 696 1954 et
723 1914 878 1963 eam,
917 1916 1036 1970 quae
1075 1908 1159 1955 est
1203 1901 1258 1955 in
1313 1901 1560 1972 seapula,
1606 1901 1765 1957 besse
1807 1901 1976 1956 cubiti

421 1989 732 2059 praecedens
760 1991 1144 2047 meridianum.
1168 1991 1377 2048 Occidit
1405 1991 1546 2063 Lyra
1575 1993 1786 2050 duabus
1818 1993 1979 2048 unius

421 2094 570 2137 norat
595 2081 870 2151 partibus.

481 2364 667 2436 Cygno
696 2364 1059 2421 descendente
1117 2365 1376 2423 zodiacus
1420 2367 1622 2422 occidit
1655 2368 1723 2423 ab
1749 2367 1978 2438 Aquarii

424 2465 578 2528 parte
600 2458 779 2514 media
804 2459 836 2513 5
864 2459 928 2512 ad
976 2459 1213 2512 Piscium
1241 2460 1339 2527 l4;
1377 2459 1640 2513 culminat
1678 2459 1745 2512 ab
1777 2460 1978 2515 Arietis

421 2549 493 2605 24
529 2549 706 2605 media
748 2549 816 2604 ad
856 2548 1204 2605 Geminorum
1236 2549 1320 2606 1'2.
1358 2549 1542 2604 Prima
1574 2551 1776 2604 occidit
1799 2551 1975 2616 stella,

423 2660 545 2717 qua
573 2653 656 2701 est
682 2645 736 2699 in
758 2644 900 2698 rictu
933 2643 1071 2714 Equi
1097 2662 1110 2711 ;
1153 2643 1365 2708 ultima,
1388 2643 1660 2697 borealior
1678 2659 1739 2698 ex
1769 2643 1835 2698 iis
1861 2659 1980 2714 qua:

424 2745 553 2793 sunt
583 2739 639 2792 in
659 2737 1000 2792 extremitate
1027 2737 1124 2789 alar
1156 2735 1381 2789 dextras.
1417 2734 1494 2788 Ex
1521 2736 1642 2791 aliis
1666 2736 1836 2792 stellis
1861 2737 1977 2791 cul-

424 2829 596 2884 minat
624 2827 775 2898 prior
796 2826 976 2882 lucida
995 2827 1048 2880 in
1076 2825 1268 2882 dextro
1298 2826 1503 2882 femore
1523 2826 1704 2883 Persei
1728 2846 1741 2894 ;
1775 2837 1828 2882 et
1854 2842 1980 2884 suc-

425 2919 624 2976 cedens
659 2933 846 2976 earum
886 2933 1006 2989 quae
1047 2919 1101 2972 in
1130 2917 1304 2972 cauda
1335 2925 1461 2974 sunt
1504 2917 1704 2975 Arietis
1733 2938 1746 2985 ;
1784 2920 1978 2974 ultima

424 3026 575 3077 vero,
597 3026 723 3066 cum
773 3011 930 3064 tertia
963 3011 1030 3064 ab
1066 3024 1267 3065 occasu
1317 3025 1505 3064 earum
1528 3051 1541 3075 ,
1575 3027 1696 3081 quae
1745 3019 1871 3066 sunt
1919 3011 1976 3065 in

424 3100 650 3171 pedibus
674 3099 1020 3155 Geminorum
1059 3114 1072 3148 :
1100 3105 1212 3152 tum
1240 3100 1566 3156 antecedens
1597 3101 1760 3155 trium
1791 3101 1845 3154 in
1883 3115 1975 3172 ge-

2081 1905 2278 1976 ἄρκτου
2309 1907 2403 1959 καὶ
2447 1907 2718 1980 λαμπρὸς,
2757 1910 3180 1984 ὑπολειπόμενος
3205 1915 3298 1968 τοῦ
3339 1919 3646 1990 μεσημϐρι-

2080 1995 2168 2047 νοῦ
2208 1995 2282 2059 ὡς
2315 1998 2646 2068 ἡμιπὴχιονο
2691 2002 2782 2053 καὶ
2825 2004 2852 2054 6
2903 2001 3104 2072 μεταξὺ
3135 2006 3235 2076 τῆς
3263 2024 3321 2060 τε
3368 2009 3645 2082 ἀποτομῆς

2080 2085 2172 2139 τοῦ
2201 2087 2412 2158 Ταύρου
2441 2091 2535 2142 καὶ
2570 2089 2663 2144 τοῦ
2694 2094 2750 2145 έν
2789 2096 2858 2165 τῇ
2887 2095 3205 2169 ὠμοπλάτη,
3239 2101 3644 2172 προηγούμενος

2078 2177 2172 2231 τοῦ
2214 2180 2584 2251 μεσημϐρινοῦ
2631 2183 2706 2247 ὼς
2754 2184 2796 2254 β’
2839 2186 2984 2258 μέρη
3030 2190 3266 2259 πήχεως.
3315 2191 3471 2246 Δύνει
3511 2194 3568 2246 δὲ
3612 2197 3645 2266 ή

2079 2268 2233 2341 Λύρα
2261 2271 2318 2322 ὲν
2344 2270 2464 2323 δυσὶ
2495 2272 2714 2343 μέρεσιν
2741 2273 2908 2345 ὥρας.

2147 2360 2251 2414 Τοῦ
2279 2362 2336 2416 δὲ
2369 2364 2618 2434 Ὄρνιθος
2648 2365 2893 2432 δύνοντος
2940 2371 3327 2439 συγκαταδύνει
3361 2373 3460 2443 μὲν
3501 2375 3648 2445 αὑτῷ

2076 2457 2104 2508 6
2146 2453 2407 2517 ζωδιακὸς
2447 2457 2554 2509 61:6
2603 2457 2695 2510 τοῦ
2748 2459 3030 2531 Ὑδροχὸου
3083 2463 3190 2534 μοί.
3243 2471 3282 2516 ε’
3329 2466 3501 2535 μέσης
3547 2467 3647 2529 ἔως

2091 2545 2306 2616 Ἰχθύων
2339 2547 2448 2618 μοί.
2483 2547 2546 2600 ιδ’
2568 2565 2581 2580 ο
2615 2555 2938 2622 μεσουρανεῖ
2967 2553 3024 2607 δὲ
3058 2554 3165 2607 ἀπὸ
3191 2556 3285 2608 τοῦ
3322 2556 3493 2627 Κριοῦ
3535 2558 3642 2628 μοί.

2077 2637 2118 2690 δ’
2147 2639 2241 2692 καὶ
2283 2645 2329 2692 κ’
2362 2639 2532 2712 μέσης
2563 2641 2666 2706 ἔως
2697 2643 2940 2715 Διδύμων
2977 2645 3063 2716 ιβ’.
3107 2646 3217 2701 Καὶ
3262 2655 3309 2701 α’
3343 2650 3440 2720 μὲν
3474 2651 3647 2722 ἀστὴρ

2076 2729 2218 2784 δύνει
2233 2730 2260 2782 6
2276 2731 2333 2784 ἐν
2348 2731 2426 2802 τῷ
2443 2731 2752 2804 ῥύγχει[τοῦ
2768 2735 3010 2809 Ἵππου],
3024 2737 3244 2810 ἔσχατος
3263 2739 3318 2794 δὲ
3333 2743 3361 2794 6
3378 2740 3645 2812 βορειότε-

2081 2840 2170 2894 ρος
2183 2822 2291 2876 τῶν
2303 2824 2358 2877 ὲν
2374 2825 2518 2896 ἄκρᾳ
2537 2829 2602 2897 τῇ
2623 2826 2769 2898 δεξιᾷ
2782 2829 3031 2900 πτέρυγι.
3050 2830 3449 2902 Μεσουρανοῦσι
3469 2835 3527 2887 δὲ
3541 2835 3646 2889 τῶν

2075 2915 2247 2969 ἄλλων
2268 2916 2511 2991 ἀστέρων
2531 2919 2736 2990 πρῶτοι
2763 2921 2859 2989 μὲν
2885 2921 2977 2974 τοῦ
2994 2923 3243 2996 Περσέως
3266 2927 3294 2978 6
3323 2927 3379 2978 ὲν
3398 2925 3475 2996 τῷ
3491 2926 3645 2997 δεξιῷ

2079 3003 2236 3076 μηρῷ
2261 3005 2531 3078 λαμπρὸς,
2571 3007 2665 3061 καὶ
2687 3008 2780 3061 τοῦ
2806 3010 2973 3080 Κριοῦ
2999 3013 3027 3064 6
3052 3012 3314 3083 ἑπόμενος
3343 3015 3450 3069 τῶν
3481 3017 3540 3069 ὲν
3578 3020 3640 3087 τῇ

2077 3097 2240 3168 ούρᾷο
2277 3097 2490 3168 ἔσχατοι
2519 3100 2574 3154 δὲ
2606 3101 2712 3154 τῶν
2738 3102 2980 3173 Διδύμων
3021 3106 3049 3159 ὅ
3093 3124 3152 3159 τε
3196 3109 3377 3179 τρίτος
3402 3111 3513 3163 ἀπὸ
3558 3111 3646 3164 δύ-

427 3189 622 3252 nibus;
654 3189 797 3242 ultra
828 3188 1104 3243 meridiem
1146 3187 1249 3242 sita
1283 3189 1434 3259 131
1471 3191 1834 3247 semicubitali
1866 3190 1977 3248 fere

2086 3206 2215 3253 σεως
2240 3189 2347 3243 τῶν
2372 3193 2428 3243 ὲν
2466 3195 2578 3255 τοῖς
2608 3194 2750 3259 ποσὶ,
2779 3196 2872 3248 καὶ
2896 3197 2924 3247 6
2966 3196 3268 3267 ἡγούμενος
3301 3199 3412 3253 τῶν
3450 3201 3510 3253 ἐν
3537 3202 3643 3263 τοῖς

429 3282 620 3352 spatio.
646 3280 858 3337 Occidit
884 3280 1101 3353 Cygnus
1133 3285 1285 3339 horis
1314 3284 1535 3339 circiter
1572 3285 1625 3351 5,
1664 3284 1764 3339 10'.

498 3546 659 3602 XXV.
705 3545 905 3617 Cephei
947 3550 1128 3614 partes
1171 3557 1248 3597 eae
1294 3543 1469 3596 solum
1520 3541 1808 3607 occrdunt,
1859 3558 1980 3612 quae

427 3649 554 3698 sunt
581 3640 648 3694 ad
677 3646 856 3710 caput.
881 3636 1018 3692 Cum
1047 3650 1110 3690 eo
1135 3634 1414 3691 descendit
1446 3635 1704 3692 zodiacus
1733 3636 1802 3690 ab
1826 3634 1981 3691 Arie-

425 3734 496 3788 tis
529 3732 562 3788 8
598 3739 748 3801 parte
793 3729 968 3785 media
1005 3728 1071 3784 ad
1101 3728 1202 3795 M;
1236 3727 1498 3782 culminat
1523 3743 1551 3781 a
1600 3726 1793 3782 Cancri
1847 3727 1878 3783 9
1912 3728 1981 3784 ad

427 3822 515 3878 16.
564 3821 745 3877 Prima
790 3820 947 3875 stella
993 3817 1190 3872 occidit
1219 3854 1235 3872 .
1270 3857 1282 3869 .
1319 3857 1333 3871 .
1367 3857 1382 3872 .
1413 3818 1688 3872 Culminat
1742 3834 1808 3874 ex
1855 3818 1976 3875 aliis

429 3912 598 3968 stellis
636 3912 826 3981 prima,
867 3908 1156 3963 australior
1180 3906 1374 3962 Cancri
1396 3923 1463 3963 ex
1493 3909 1579 3964 his
1608 3925 1727 3978 quae
1757 3910 1825 3964 ab
1854 3917 1976 3964 ortu

428 4005 574 4058 circa
603 4000 926 4056 nubeculam
972 3997 1090 4053 sitae
1122 4005 1271 4064 sunt,
1314 3999 1592 4066 paululum
1625 3998 1762 4052 citra
1812 3999 1979 4056 meri-

427 4097 570 4152 diem
614 4092 828 4166 posita:
856 4100 968 4146 tum
1001 4087 1200 4154 lucida,
1230 4103 1350 4160 qua:
1396 4089 1451 4142 in
1498 4091 1841 4146 extremitate
1878 4091 1982 4145 Ar-

429 4204 530 4262 gus
575 4186 824 4243 :ultimze
883 4182 1216 4248 culminant,
1268 4181 1450 4237 lucida
1505 4182 1562 4238 in
1613 4185 1980 4242 anterioribus

430 4280 581 4338 Ursa:
608 4278 854 4353 genibus,
887 4275 1164 4344 paululum
1196 4276 1330 4330 citra
1355 4275 1713 4332 meridianum
1745 4278 1880 4344 sita;
1927 4286 1981 4334 et

427 4369 483 4423 in
511 4367 721 4423 Cancro
745 4364 920 4420 media
958 4362 1143 4428 trium,
1177 4380 1297 4434 quae
1337 4371 1466 4419 sunt
1493 4364 1640 4420 circa
1683 4368 1977 4424 australem

2081 3281 2269 3349 γόνασι
2307 3289 2376 3350 γ’,
2407 3285 2816 3355 προηγούμενος
2852 3286 2944 3340 τοῦ
2983 3289 3375 3361 μεσημϐρινοῦ,
3407 3292 3484 3355 ὡς
3527 3293 3645 3363 ἡμι-

2080 3370 2290 3440 πήχιον.
2341 3373 2498 3426 Δύνει
2548 3374 2605 3427 δὲ
2641 3377 2669 3428 6
2704 3379 2890 3449 Ὄρνις
2924 3379 2981 3433 ὲν
3019 3379 3190 3452 ὥραις
3236 3388 3284 3450 γ’
3321 3384 3416 3436 καὶ
3457 3391 3512 3449 ς’
3554 3384 3646 3455 μέ-

2082 3478 2184 3533 ρει.
2683 3519 2690 3527 ,

2149 3555 2276 3608 KE'.
2302 3555 2404 3609 Τοῦ
2417 3556 2472 3609 δὲ
2490 3557 2724 3628 Κηφέως
2743 3560 2886 3614 δύνει
2907 3562 2976 3615 τὰ
2992 3564 3222 3636 περὶτὴν
3237 3567 3479 3639 κεφαλὴν
3502 3569 3642 3641 μέρη

2082 3641 2260 3710 μόνον.
2288 3643 2396 3694 Καὶ
2430 3647 2814 3712 συγκαταδύνει
2851 3650 2948 3720 μὲν
2974 3653 3123 3723 αὑτῷ
3160 3655 3188 3706 6
3238 3654 3502 3722 ζωδιακὸς
3537 3661 3642 3712 61:6

2079 3733 2249 3804 Κριοῦ
2298 3736 2406 3806 μοί.
2450 3744 2500 3809 η’
2540 3738 2709 3810 μέσης
2753 3742 2858 3807 ἕως
2900 3745 3069 3816 Κριοῦ
3107 3748 3200 3801 ιδό
3238 3754 3642 3824 μεσουρανεῖδὲ

2079 3824 2185 3879 61:6
2203 3827 2475 3898 Καρκίνου
2509 3832 2622 3902 μοί.
2647 3833 2690 3885 θ’
2715 3833 2819 3898 ἔως
2846 3839 3117 3908 Καρκίνου
3138 3842 3248 3912 μοί.
3275 3850 3349 3908 ις’
3376 3844 3445 3900 ⁸⁸.
3465 3846 3574 3899 Καὶ
3595 3851 3642 3900 α’

2084 3917 2180 3986 μὲν
2219 3919 2395 3991 ἀστὴρ
2429 3920 2602 3975 δύνει·
2639 3929 3026 3998 μεσουρανοῦσι
3057 3931 3112 3984 δὲ
3144 3931 3251 3986 τῶν
3279 3934 3454 3989 ἄλλων
3485 3935 3640 3992 ἀστέ-

2083 4024 2188 4079 ρων
2216 4008 2263 4063 α⁹
2285 4011 2382 4080 μὲν
2401 4011 2494 4066 τοῦ
2521 4031 2578 4068 τε
2603 4017 2876 4089 Καρκίνου
2899 4021 2926 4073 6
2943 4022 3254 4095 νοτιώτερος
3268 4024 3375 4079 τῶν
3396 4026 3492 4080 ἀπ’
3516 4029 3642 4082 ἁνα-

2079 4101 2235 4173 τολῆς
2287 4106 2414 4176 περὶ
2459 4105 2518 4159 τὺ
2563 4109 2802 4178 νεφέλιον
2844 4113 3130 4184 κειμένων,
3179 4118 3375 4190 μικρὸν
3424 4120 3639 4174 ὑπολει-

2080 4190 2317 4280 πόμενος
2345 4195 2437 4248 τοῦ
2469 4200 2858 4272 μεσημϐρινοῦ,
2884 4204 2978 4256 καὶ
3013 4205 3113 4274 τῆς
3154 4207 3382 4278 Ἀργοῦς
3421 4211 3451 4263 6
3481 4212 3540 4263 ἔν
3565 4209 3640 4280 τῷ

2077 4277 2407 4353 ἀκροστολίῳ
2451 4283 2730 4357 λαμπρός·
2761 4288 2984 4360 ἔσχατος
3012 4293 3068 4346 δὲ
3105 4277 3474 4368 τῆςἊρκτου
3517 4303 3546 4353 6
3586 4277 3642 4354 ὲν

2076 4371 2188 4434 τοῖς
2218 4373 2566 4443 ἐμπροσθίοις
2599 4378 2786 4446 γόνασι
2820 4382 3088 4455 λαμπρὸς,
3122 4387 3316 4458 μικρὸν
3354 4388 3641 4442 ὑπολειπό-

426 4458 662 4525 Clielen;
700 4471 801 4512 nec
835 4471 946 4510 non
984 4455 1170 4526 Hydri,
1203 4470 1323 4525 quae
1356 4456 1410 4509 in
1443 4455 1626 4512 radice
1652 4457 1812 4523 colli;
1858 4465 1976 4512 tum

2086 4478 2239 4530 μενος
2263 4464 2355 4516 τοῦ
2409 4470 2776 4541 μεσημϐρινοῦ
2798 4488 2810 4502 ·
2844 4475 2937 4526 καὶ
2968 4475 3060 4527 τοῦ
3102 4455 3376 4548 Καρκίνου
3405 4481 3435 4531 6
3478 4481 3641 4549 μέσος

418 4551 607 4613 Jucida
632 4551 690 4606 in
715 4549 876 4605 Navis
898 4550 1084 4614 latere,
1106 4550 1386 4619 paululum
1419 4549 1558 4604 citra
1587 4549 1966 4605 meridianum.

2086 4552 2178 4606 τῶν
2205 4552 2252 4622 γ’
2277 4554 2384 4608 τῶν
2409 4559 2535 4628 περὶ
2689 4563 2867 4615 νοτίαν
2889 4564 3070 4637 Χηλήν
3089 4585 3102 4597 ·
3136 4540 3227 4621 καὶι
3264 4571 3356 4624 τοῦ
3387 4540 3586 4645 ’Ύδρου

428 4645 522 4698 ἐπὶ
544 4647 642 4715 τῆς
670 4646 944 4715 ἐκφύσεως
971 4647 1062 4700 τοῦ
1095 4647 1389 4719 τραχήλου·
1418 4649 1512 4701 καὶ
1578 4649 1677 4718 τῆς
1717 4647 1944 4719 Ἀργοῦς
1981 4649 2010 4700 6
2075 4651 2132 4702 έν
2169 4651 2318 4723 μέσῳ
2362 4654 2438 4725 τῷ
2478 4655 2638 4728 τοίχῳ
2669 4658 2916 4730 λαμπρὸς
2974 4664 3165 4734 μικρὸν
3218 4665 3640 4752 ὑπολειπόμενος

427 4737 518 4791 τοῦ
551 4739 942 4810 μεσημϐρινοῦ.

497 4872 790 4928 Occidente
813 4875 1095 4945 Cassiepea
1117 4877 1370 4931 zodiacus
1392 4893 1498 4931 una
1518 4877 1715 4933 occidit
1738 4880 1806 4935 ab
1823 4880 1977 4937 Arie-

423 4964 498 5018 tis
520 4963 582 5016 21
628 4963 697 5018 ad
737 4962 899 5018 Tauri
946 4967 1173 5020 mediam
1217 4976 1425 5036 partem
1468 4968 1572 5036 24;
1605 4971 1866 5024 culminat
1910 4972 1977 5026 ab

427 5055 624 5113 Cancri
662 5054 733 5109 24
773 5055 838 5109 ad
868 5054 1105 5127 Virginis
1132 5058 1183 5112 5.
1211 5057 1372 5112 Prior
1399 5060 1597 5116 occidit
1629 5062 1786 5118 stella
1817 5064 1968 5132 capi-

427 5147 532 5212 tis;
558 5146 770 5210 ultima,
804 5163 924 5216 quae
965 5157 1049 5203 est
1078 5149 1136 5203 in
1175 5150 1423 5219 pedibus.
1462 5152 1767 5208 Culminant
1799 5154 1976 5224 primo

427 5234 626 5290 Leonis
656 5236 894 5291 anterior
916 5253 1047 5306 pes;
1077 5246 1130 5292 et
1151 5254 1339 5293 earum
1371 5256 1491 5311 quae
1527 5251 1654 5297 sunt
1683 5244 1738 5297 in
1773 5244 1972 5314 capite,

427 5329 763 5384 lucidissima
807 5345 952 5398 _:nec
994 5345 1103 5384 non
1138 5331 1305 5403 Hydri
1359 5334 1819 5405 splendidissima.
1880 5337 1975 5392 Ul-

430 5418 581 5485 timo,
611 5419 873 5476 Draconis
907 5421 1143 5475 secunda
1171 5438 1357 5477 earum
1389 5439 1508 5493 quae
1541 5425 1609 5480 ab
1639 5427 1810 5481 cauda
1847 5436 1974 5483 sunt

430 5508 640 5575 lucida,
679 5519 731 5564 et
768 5525 886 5581 qua:
917 5526 972 5566 in
1012 5517 1190 5567 rostro
1222 5513 1411 5583 Corvi;
1455 5531 1556 5572 nec
1602 5532 1710 5573 non
1749 5534 1867 5589 quae
1919 5521 1975 5574 in

499 5665 544 5695 ”
567 5663 692 5727 Req.
721 5663 778 5716 ιδ’
784 5703 798 5719 .

2152 4882 2263 4953 Τῆς
2311 4884 2368 4938 δὲ
2417 4887 2780 4954 Κασσιεπείας
2811 4891 3087 4966 δυνούσης,
3127 4900 3514 4965 συγκαταδύνει
3545 4903 3641 4972 μὲν

2084 4975 2218 5047 αὑτῇ
2253 4979 2280 5029 6
2303 4976 2559 5042 ζωδιακὸς
2597 4981 2702 5034 61:6
2730 4983 2901 5053 Κριοῦ
2937 4985 3045 5055 μοί.
3073 4993 3120 5038 α’
3154 4990 3245 5041 καὶ
3271 4990 3317 5042 κ’
3350 4991 3454 5054 ἕως
3496 4993 3638 5046 Ταύ-

2085 5084 2178 5136 ρου
2225 5067 2264 5119 6'
2295 5069 2389 5122 καὶ
2421 5075 2468 5123 κ’
2504 5071 2701 5142 μέσης·
2753 5082 3073 5148 μεσουρανεῖ
3109 5080 3164 5133 δὲ
3204 5081 3312 5133 61:6
3360 5083 3632 5155 Καρκίνου

2087 5158 2194 5227 μοί.
2227 5157 2266 5210 δ’
2296 5161 2388 5213 καὶ
2419 5167 2466 5214 κ’
2491 5162 2596 5226 ἔως
2623 5165 2893 5237 Παρθένου
2927 5176 2986 5222 ε’.
3016 5169 3123 5223 Καὶ
3148 5178 3194 5224 α’
3221 5172 3319 5244 μὲν
3343 5174 3519 5246 ἀστὴρ
3548 5176 3636 5228 δύ-

2081 5265 2157 5302 νει
2199 5252 2227 5302 ό
2258 5252 2314 5303 ὲν
2344 5255 2407 5323 τῇ
2439 5255 2666 5326 κεφαλῇ,
2707 5258 2924 5328 ἔσχατος
2946 5261 3000 5313 δὲ
3029 5263 3056 5314 6
3084 5263 3140 5315 ἔν
3168 5265 3277 5327 τοῖς
3307 5266 3454 5318 ποσί.
3495 5268 3638 5320 Μεσ-

2080 5358 2139 5393 ου
2147 5343 2359 5412 ρανοῦσι
2376 5345 2430 5397 δὲ
2447 5345 2554 5401 τῶν
2568 5347 2736 5403 ἄλλων
2758 5351 2996 5420 ἀστέρων
3015 5353 3061 5407 α’
3080 5355 3177 5424 μὲν
3198 5355 3289 5408 τοῦ
3302 5357 3525 5422 Λέοντος
3541 5359 3568 5411 ὃ
3582 5375 3636 5412 τε

2082 5433 2408 5503 ὲμπρόσθιος
2437 5436 2588 5503 ποῦς,
2613 5440 2705 5492 καὶ
2731 5441 2836 5493 τῶν
2873 5445 2928 5495 έν
2953 5448 3016 5515 τῇ
3041 5448 3244 5520 κεφαλῇ
3270 5451 3298 5502 6
3328 5449 3634 5523 λαμπρότα-

2081 5540 2188 5590 τος,
2209 5526 2304 5596 καὶ
2325 5527 2632 5602 τοῦὟδρου
2666 5533 2694 5585 6
2721 5532 3107 5605 λαμπρότατος·
3134 5537 3346 5611 ἔσχατοι
3370 5541 3427 5595 δὲ
3459 5541 3551 5597 τοῦ
3578 5558 3634 5596 τι
