3950 6266
283 391 420 446 1105

1237 384 1603 443 IIIPPARCIII
1641 384 1731 440 AD
1767 382 2381 442 PHAENOMENA-LIB.
2424 382 2485 437 li.

3368 382 3509 442 1106

284 507 585 578 Δράκοντος
606 509 633 560 6
667 505 711 577 β’
745 507 850 561 τῶν
874 507 982 561 61:6
1001 506 1097 577 τῆς
1126 507 1291 578 οὐρᾶς
1311 504 1597 578 λαμπρῶν,
1638 505 1732 557 καὶ
1754 503 1850 558 τοῦ

1969 504 2073 575 ejus
2110 502 2305 573 capite.
2359 500 2572 557 Occidit
2602 495 2891 571 Cassiepea
2924 498 3075 556 horis
3101 497 3157 565 2,
3201 504 3254 555 et
3293 497 3504 558 duabus

283 600 530 669 Κόρακος
550 598 579 652 ὃ
602 616 662 652 τε
687 599 746 651 tv
771 598 849 669 τῷ
882 597 1071 669 ῥύγχει
1100 599 1195 652 καὶ
1217 601 1246 652 6
1275 600 1331 651 tv
1357 601 1422 670 τῇ
1446 597 1673 668 κεφαλῇ.
1693 595 1845 650 Δύνει

281 690 337 743 δὲ
365 692 399 761 ὴ
432 691 768 746 Κασσιέπεια
797 692 856 744 tv
878 691 1047 762 ὥραις
1080 688 1127 761 β’
1156 690 1251 743 καὶ
1277 688 1398 743 δυσὶ
1438 689 1658 760 μέρεσιν
1677 686 1845 759 ὥρας.

352 782 465 854 Τῆς
493 778 550 835 δὲ
603 781 958 853 ’Δνδρομέδας
1005 780 1281 850 δυνούσης,
1318 778 1703 849 συγκαταδύνει
1751 770 1887 848 μέν’

284 875 421 946 αὐτῇ
451 876 480 928 ό
522 873 782 939 ζωδιακὸς
807 871 914 928 άπὸ
956 871 1173 942 Ἰχθύων
1230 858 1290 942 β”
1333 871 1428 924 καὶ
1457 876 1502 923 κ’
1543 868 1651 941 μοί.
1682 868 1850 939 μέσης

284 965 391 1028 ἕως
420 964 589 1036 Κριοῦ
618 970 667 1036 η’
704 965 797 1018 καὶ
818 962 866 1018 κ’
900 965 1069 1037 μέσης
1087 980 1101 995 ο
1136 962 1457 1035 μεσουρανεί
1481 960 1538 1014 δὲ
1568 958 1674 1013 61:6
1704 958 1853 1012 Διδύ-

290 1074 408 1129 μων
456 1055 505 1111 α’
544 1058 638 1111 καὶ
690 1064 737 1111 κ’
791 1058 963 1129 μέσης
1007 1057 1112 1120 ἕως
1155 1055 1382 1117 Λέοντος
1419 1049 1485 1123 β’.
1528 1052 1638 1107 Καὶ
1673 1056 1721 1104 α’
1756 1050 1854 1121 μὲν

286 1150 463 1221 ἀστὴρ
489 1148 635 1204 δύνει
653 1150 682 1202 6
708 1150 765 1203 tv
794 1151 859 1222 τῇ
886 1148 1118 1220 κεφαλῇ.
1143 1146 1365 1218 ἔσχατος
1387 1146 1444 1200 δὲ
1466 1147 1495 1198 6
1527 1144 1857 1217 βορειότερος

284 1236 393 1293 τῶν
444 1241 503 1292 tv
544 1238 621 1311 τῷ
670 1238 825 1310 δεξιῷ
858 1239 997 1293 ποδί.
1038 1234 1445 1310 Μεσουρανοῦσι
1475 1236 1532 1289 δὲ
1558 1234 1664 1288 τῶν
1685 1232 1857 1288 ἀλλων

286 1329 530 1402 ἀστέρων
559 1332 617 1384 tv
646 1332 786 1403 ἀρχῇ
832 1331 928 1403 μὲν
959 1330 989 1384 6
1010 1347 1069 1383 τε
1098 1331 1155 1384 tv
1177 1326 1256 1400 τῷ
1287 1327 1473 1401 ῥύγχει
1495 1327 1592 1398 τῆς
1620 1326 1859 1399 μεγάλης

291 1422 550 1492 Ἀρκτου,
582 1422 677 1475 καλ⁵
703 1423 731 1476 6
753 1424 813 1476 tv
838 1425 905 1494 τῇ
937 1421 1147 1493 κεφαλῇ
1174 1420 1266 1474 τοῦ
1293 1419 1614 1493 ἡγουμένου,
1648 1416 1858 1472 καὶτοῦ

289 1511 466 1576 Κυνὸς
508 1514 538 1566 6
574 1512 908 1586 βορειότατος
954 1512 1061 1567 τῶν
1093 1514 1152 1567 tv
1287 1510 1515 1582 κεφαλῇ’
1557 1508 1778 1580 ἔσχατον
1804 1507 1861 1561 δὲ

291 1599 685 1671 μεσουρανοῦσι
718 1600 811 1655 τοῦ
850 1618 910 1655 τε
946 1601 1245 1672 Δράκοντος
1292 1599 1321 1652 6
1364 1599 1422 1653 tv
1462 1597 1608 1670 ἄκρᾳ
1634 1600 1700 1668 τῇ
1728 1595 1863 1666 οὐρᾷ

289 1692 386 1745 καὶ
410 1694 438 1747 6
465 1692 626 1763 μέσος
650 1692 757 1747 τῶν
788 1696 845 1747 tv
870 1692 949 1765 τῷ
970 1692 1221 1765 τραχήλῳ
1246 1690 1409 1745 αὐτοῦ
1434 1688 1484 1760 γ’
1508 1689 1593 1745 ἐπ’
1628 1688 1860 1753 εὐθείας,

288 1783 384 1836 καὶ
408 1781 503 1836 τοῦ
537 1783 749 1856 Ταύρου
776 1785 804 1837 6
830 1782 880 1854 γ’
906 1784 1012 1837 τῶν
1044 1782 1181 1855 μετά
1205 1785 1296 1836 τὸν
1323 1781 1574 1854 λαμπρὸν
1603 1777 1864 1842 ἀνατολάς

1950 596 2097 650 hora:
2129 593 2394 666 partibus.

2015 771 2152 828 Cum
2196 771 2541 826 Andromeda
2586 768 2864 825 descendit
2916 784 3075 825 arcus
3118 770 3325 826 zodiaci
3359 786 3389 825 a
3416 769 3506 825 Pi—

1950 866 2122 921 scium
2153 873 2309 936 parte
2335 864 2407 919 22
2427 863 2604 919 media
2633 879 2805 935 usque
2829 863 2897 918 ad
2920 863 3119 919 Arietis
3141 863 3211 920 28
3233 863 3502 929 mediam;

1950 953 2212 1009 culminat
2271 968 2303 1008 a
2350 951 2702 1009 Geminorum
2749 953 2813 1007 ει
2876 954 3050 1008 media
3090 953 3159 1007 ad
3216 952 3412 1009 Leonis
3448 952 3503 1008 2.

1951 1044 2133 1100 Prima
2178 1045 2378 1100 occidit
2418 1062 2537 1117 quae
2570 1055 2653 1101 est
2696 1044 2752 1099 in
2799 1045 3008 1114 capite;
3056 1043 3269 1108 ultima,
3317 1058 3507 1099 earum

1952 1152 2075 1210 qua!
2101 1147 2227 1194 sunt
2267 1137 2322 1192 in
2362 1136 2553 1192 dextro
2583 1137 2737 1208 pede,
2768 1137 3053 1194 borealior.
3086 1137 3400 1193 Culminant
3441 1153 3509 1193 ex

1956 1228 2080 1284 aliis
2109 1226 2306 1292 stellis,
2332 1228 2486 1283 initio
2510 1229 2750 1299 quidem,
2784 1245 2903 1300 quae
2925 1238 3009 1286 est
3040 1230 3096 1285 in
3126 1239 3308 1286 rostro
3337 1229 3511 1300 majo-

1956 1320 2035 1375 ris
2066 1318 2249 1386 Ursae;
2294 1328 2348 1375 et
2376 1335 2496 1390 qua:
2542 1321 2599 1375 in
2643 1321 2819 1391 capite
2867 1320 3220 1393 praecedentis
3245 1320 3507 1378 Gemini:

1956 1420 2073 1468 tum
2122 1413 2356 1468 maxime
2392 1413 2627 1468 borcalis
2670 1429 2857 1468 earum
2908 1429 3028 1486 quae
3076 1415 3285 1470 suntin
3334 1415 3513 1486 capite

1957 1508 2141 1565 Canis.
2170 1507 2456 1565 Postremo
2486 1508 2785 1564 culminant
2826 1524 2888 1565 ea
2918 1525 3038 1580 qua:
3076 1516 3160 1565 est
3185 1509 3240 1563 in
3274 1518 3514 1569 extrema

1960 1598 2133 1656 cauda
2166 1598 2429 1655 Draconis
2449 1637 2465 1665 ,
2496 1607 2548 1657 et
2580 1601 2755 1656 media
2799 1601 2962 1656 trium
2994 1616 3113 1672 quae
3145 1602 3199 1656 in
3228 1602 3347 1671 ejus
3375 1603 3514 1658 collo

1961 1694 2017 1747 in
2038 1692 2306 1748 directum
2337 1691 2455 1749 sita:
2483 1701 2628 1748 sunt.
2657 1690 2788 1749 ltem
2822 1693 2878 1748 in
2899 1692 3081 1749 Tauro
3109 1694 3270 1749 tertia
3292 1693 3359 1748 de
3380 1709 3516 1764 qua-

1967 1792 2109 1849 tuor,
2139 1799 2261 1856 quae
2299 1784 2366 1840 ad
2396 1786 2659 1840 orientem
2707 1793 2834 1841 sunt
2862 1792 2986 1857 post
3016 1785 3275 1841 lucidam.
3306 1782 3517 1841 Occidit

287 1871 351 1926 δ’.
382 1872 535 1926 Δύνει
571 1874 629 1928 δὲ
673 1877 706 1947 ἡ
756 1874 1077 1947 Ἀνδρομέδα
1126 1877 1184 1929 tv
1224 1873 1394 1945 ὥραις
1432 1871 1480 1941 γ’
1500 1872 1575 1935 ὼς
1615 1870 1855 1940 ἔγγιστα.

1969 1875 2304 1931 Andromeda
2329 1874 2481 1931 horis
2510 1875 2754 1945 proxime
2778 1875 2974 1932 tribus.

361 1962 469 2017 T06
501 1964 559 2018 δὲ
589 1965 785 2020 Ἵππου
813 1965 1076 2031 δύνοντος,
1107 1963 1498 2034 συγκαταδύνει
1526 1961 1624 2035 μὲν
1656 1962 1804 2032 αὐτῷ
1829 1961 1859 2014 6

291 2054 552 2120 ζωδιακὸς
586 2056 694 2110 ἀπὸ
735 2056 1017 2128 Ύδροχόου
1051 2056 1163 2129 μοί.
1188 2062 1255 2125 ιγ’
1298 2056 1467 2126 μέσης
1497 2054 1603 2118 ἕως
1642 2051 1859 2123 Ἰχθύων

294 2147 404 2218 μοί.
444 2146 530 2217 ιγὀ
553 2152 871 2221 μεσουρανεῖ
901 2148 957 2202 δὲ
984 2148 1091 2202 61:6
1119 2146 1334 2217 Ταύρου
1366 2144 1409 2200 δ’
1440 2145 1610 2215 μέσης
1639 2144 1744 2207 ἕως
1768 2144 1859 2197 Δι-

289 2239 473 2312 δύμων
523 2240 590 2296 ια’
646 2241 838 2312 μέσης.
882 2241 993 2294 Καὶ
1030 2239 1079 2295 α’
1123 2239 1223 2310 μὲν
1262 2238 1435 2310 ἀστὴρ
1464 2236 1608 2290 δύνει
1633 2236 1662 2289 6
1698 2236 1757 2288 tv
1781 2233 1860 2306 τῷ

293 2331 522 2403 στόματι
547 2331 710 2385 αὐτοῦ
735 2331 1004 2402 λαμπρὸς,
1036 2330 1259 2400 ἔσχατος
1283 2328 1341 2383 δὲ
1364 2331 1392 2382 6
1421 2327 1513 2380 ἐπὶ
1546 2327 1642 2397 τῆς
1663 2324 1861 2395 ὀσφύος

294 2419 569 2495 λαμπρός.
604 2422 944 2493 Μεσουρανεῖ
969 2421 1028 2474 δὲ
1052 2420 1160 2473 τῶν
1190 2419 1362 2473 ἄλλων
1398 2416 1445 2473 α’
1478 2416 1575 2489 μὲν
1606 2417 1635 2470 ὅ
1678 2434 1737 2469 τε
1775 2415 1861 2485 βο-

294 2511 563 2583 ρειότερος
613 2509 722 2563 τῶν
778 2507 991 2581 μεταξὺ.
1025 2507 1119 2562 τοῦ
1159 2506 1325 2574 ὀξέως
1357 2505 1454 2576 τῆς
1486 2502 1741 2567 Πλειάδος
1768 2502 1861 2556 καὶ

290 2602 403 2657 τῶν
438 2602 643 2658 Ὑάδων
693 2600 802 2655 τῶν
835 2602 894 2654 tv
922 2601 1000 2672 τῷ
1029 2597 1300 2672 ἀριστερῷ
1353 2594 1606 2668 μετώπῳ,
1637 2595 1729 2647 καὶ
1765 2592 1859 2647 τοῦ

291 2692 508 2765 Ταύρου
531 2695 560 2747 6
587 2694 645 2745 tv
668 2695 734 2765 τῇ
767 2691 1065 2764 ὠμοπλάτη
1096 2689 1289 2761 μικρὸν
1319 2687 1741 2758 ὑπολειπόμενος
1766 2686 1858 2740 τοῦ

297 2782 690 2856 μεσημϐρινοῦ⁸
729 2783 944 2853 έσχατοι
973 2782 1029 2835 δὲ
1058 2778 1449 2852 μεσουρανοῦσι
1476 2778 1584 2833 τῶν
1617 2779 1861 2850 Διδύμων

2032 1964 2187 2037 Equo
2231 1964 2595 2022 descendente
2637 1963 2837 2020 occidit
2880 1963 3137 2021 zodiacus
3186 1964 3254 2019 ab
3293 1963 3517 2035 Aquarii

1962 2063 2116 2128 parte
2136 2056 2204 2111 15
2233 2056 2409 2112 media
2441 2057 2508 2111 ad
2541 2051 2778 2112 Piscium
2810 2056 2914 2124 l3;
2949 2056 3210 2111 culminat
3236 2070 3265 2110 a
3300 2054 3463 2110 Tauri
3483 2056 3518 2111 4

1960 2146 2137 2204 media
2158 2148 2225 2203 ad
2240 2146 2585 2203 Geminorum
2605 2148 2665 2204 ll
2686 2141 2937 2205 mediam.
2958 2146 3115 2203 Prior
3128 2147 3327 2204 occidit
3341 2147 3518 2215 stella,

1962 2253 2084 2309 quae
2108 2238 2164 2292 in
2186 2238 2305 2308 ejus
2321 2244 2405 2293 est
2426 2254 2520 2293 ore
2544 2238 2755 2305 lucida;
2783 2238 2972 2293 ultima
2993 2254 3114 2309 quae
3139 2245 3223 2295 est
3248 2239 3305 2293 in
3334 2239 3520 2292 lumbo

1966 2328 2165 2384 lucida.
2193 2327 2424 2385 Medium
2463 2330 2586 2385 οωιὶ
2619 2336 2766 2386 tenet
2794 2346 2861 2385 ex
2892 2329 3012 2386 aliis
3044 2330 3221 2401 primo
3251 2329 3520 2385 borealior

1964 2434 2151 2475 earum
2177 2435 2294 2491 qua:
2311 2431 2439 2475 sunt
2460 2421 2601 2476 inter
2614 2405 2840 2477 acumen
2861 2421 3111 2487 Pleiadis,
3124 2429 3177 2478 et
3195 2420 3518 2477 Sucularum

1964 2526 2087 2582 qua:
2112 2510 2169 2567 in
2200 2512 2422 2568 sinistra
2448 2511 2647 2570 fronte.
2678 2512 2808 2569 Item
2838 2512 3026 2579 Tauri,
3051 2528 3171 2586 qua:
3191 2521 3275 2570 est
3302 2513 3358 2567 in
3400 2526 3521 2568 sca-

1964 2601 2094 2672 pula
2118 2603 2396 2671 paululum
2433 2603 2568 2658 citra
2594 2594 2950 2660 meridianum
2979 2623 2993 2660 :
3031 2611 3303 2675 postremo
3328 2602 3512 2658 culmi-

1963 2699 2117 2759 nant,
2144 2694 2337 2750 tertius
2365 2693 2712 2751 Geminorum
2745 2696 2811 2751 ab
2831 2694 3111 2751 occidente
3153 2711 3278 2767 pes;
3309 2702 3363 2751 et
3385 2709 3520 2766 pra:-

1967 2782 2167 2839 cedens
2189 2786 2352 2840 trium
2376 2786 2433 2840 in
2458 2787 2705 2857 genibus.
2729 2786 2941 2842 Occidit
2964 2786 3148 2857 Equus
3170 2786 3316 2842 horis
3336 2785 3371 2838 2
3395 2784 3516 2857 ιβ.

296 2879 327 2933 ὅ
348 2895 408 2932 τε
431 2879 612 2949 τρίτος
629 2877 737 2933 61:6
769 2877 973 2940 δύσεως
999 2876 1134 2940 ποῦς
1160 2877 1254 2930 καὶ
1275 2875 1304 2927 6
1328 2874 1626 2947 ἡγούμενος
1681 2874 1791 2928 τῶν
1829 2877 1886 2928 tv
1915 2880 2029 2943 τοῖς
2065 2880 2253 2949 γόνασι
2278 2879 2346 2952 γ’.
2412 2882 2565 2937 Δύνει
2602 2883 2657 2936 δὲ
2690 2885 2719 2937 6
2747 2884 2940 2949 Ἵππος
2972 2885 3031 2939 tv
3071 2883 3241 2954 ὥραις
3264 2881 3383 2936 δυσὶ
3427 2880 3520 2936 καὶ
3562 2883 3569 2886 ⁴

488 2969 573 3025 ιω.

383 2987 447 3022 ιω
488 2972 573 3025 ίω.

296 2972 481 3112 ἡμΤοὲ
602 3055 813 3111 Ὀῖστοῦ
842 3055 1108 3122 δύνοντος,
1142 3053 1531 3124 συγκαταδύνει
1578 3054 1677 3125 μὲν
1717 3051 1865 3123 αὐτῷ

2041 3051 2246 3124 Sagitta
2290 3068 2413 3108 cum
2460 3054 2684 3120 occidit,
2716 3054 2998 3112 descendit
3042 3070 3148 3110 una
3191 3056 3448 3113 zodiacus
3491 3074 3520 3113 a

297 3154 327 3205 6
362 3150 623 3214 ζωδιακὸς
655 3148 762 3202 61:6
790 3148 1069 3219 Δίγόκερω
1098 3147 1205 3217 μοί.
1243 3144 1287 3211 ζ’
1322 3147 1415 3199 καὶ
1447 3152 1495 3198 κ’
1547 3145 1717 3217 μέσης
1760 3144 1863 3207 ἕως

1969 3144 2145 3200 media
2181 3155 2333 3216 parte
2374 3145 2445 3199 27
2482 3146 2797 3217 Capricorni
2820 3148 2887 3202 ad
2930 3146 2965 3200 2
3001 3147 3236 3201 mediam
3273 3147 3522 3219 Aquarii;

311 3241 592 3314 Ὑδροχόου
647 3240 755 3312 μοί.
789 3237 831 3311 β’
867 3239 1037 3310 μέσης
1060 3257 1072 3269 ·
1110 3241 1433 3309 μεσουρανεῖ
1463 3237 1520 3290 δὲ
1553 3236 1660 3290 61:6
1700 3234 1868 3307 Κριοῦ

303 3333 413 3406 μοί.
449 3332 508 3387 ιδ’
546 3334 654 3396 ἕως
680 3332 854 3403 Κριοῦ
890 3331 998 3402 μοί.
1025 3328 1131 3385 κα’.
1159 3331 1268 3383 Καὶ
1298 3338 1345 3383 α’
1380 3329 1479 3401 μὲν
1513 3328 1741 3400 ἀστέρες
1781 3328 1872 3381 δύ-

300 3442 482 3480 νουσιν
521 3427 571 3479 οἱ
616 3428 673 3479 tv
702 3428 769 3496 τῇ
820 3424 1056 3494 γλυφίδι,
1102 3422 1328 3492 ἔσχατος
1358 3421 1415 3474 δὲ
1458 3423 1487 3475 6
1524 3421 1582 3473 tv
1607 3422 1674 3491 τῇ
1705 3418 1867 3475 ἀκίδι.

299 3516 708 3589 Μεσουρανοῦσι
735 3517 793 3570 δὲ
817 3516 923 3569 τῶν
953 3515 1124 3570 ἄλλων
1157 3514 1398 3585 ἀστέρων
1419 3511 1470 3565 α’
1494 3512 1593 3582 μὲν
1614 3510 1707 3563 τοῦ
1732 3511 1873 3581 Περ-

305 3609 445 3672 σέως
468 3611 496 3662 6
521 3611 578 3662 tv
599 3607 676 3679 τῷ
698 3606 856 3677 δεξιῷ
882 3605 1036 3677 ὤμῳ,
1065 3606 1160 3657 καὶ
1184 3604 1276 3657 τοῦ
1296 3603 1463 3676 Κριοῦ
1488 3603 1516 3655 6
1542 3601 1871 3673 βορειότερος

302 3700 409 3753 τῶν
442 3700 583 3770 ὑπὲρ
613 3700 712 3771 τὴν
739 3698 905 3770 οὐρὰν
931 3695 982 3766 γ’
1016 3697 1102 3750 ἐπ’
1142 3695 1357 3759 εὐθείας
1422 3693 1871 3765 ἀκατονομάστων

305 3792 400 3845 καὶ
429 3793 459 3845 6
484 3792 543 3846 tv
564 3791 643 3862 τῷ
680 3790 835 3862 νώτῳ
871 3787 1057 3853 αὐτοῦ,
1085 3786 1492 3859 προηγούμενος
1521 3785 1615 3839 τοῦ
1660 3801 1871 3856 μεσημ-

304 3882 492 3953 ϐρινοῦ
537 3882 612 3946 ὡς
638 3882 935 3952 ήμιπήχιον
960 3897 974 3911 ο
1043 3879 1138 3934 καὶ
1164 3877 1256 3932 τοῦ
1282 3879 1493 3950 Κήτους
1520 3879 1547 3930 ὁ
1573 3876 1870 3948 ἡγούμενος

304 3974 412 4028 τῶν
447 3974 505 4027 tv
530 3976 598 4045 τῇ
626 3972 781 4043 νοτία
811 3971 1014 4041 σιαγόνι
1040 3968 1089 4040 γ’
1116 3968 1401 4041 λαμπρῶν
1422 3967 1632 4038 ἔσχατοι
1656 3965 1712 4019 δὲ
1740 3982 1870 4037 μεσ-

304 4064 592 4136 ουρανοῦσι
643 4062 738 4117 τοῦ
770 4062 1023 4135 Περσέως
1068 4064 1097 4115 6
1139 4063 1194 4115 tv
1219 4060 1299 4131 τῷ
1327 4060 1475 4130 μέσῳ
1507 4057 1600 4111 τοῦ
1625 4056 1872 4128 σώματος

305 4153 574 4226 λαμπρὸς,
603 4153 797 4225 μικρὸν
823 4153 1231 4223 προηγούμενος
1254 4148 1348 4203 τοῦ
1375 4145 1762 4220 μεσημϐρινοῦ,
1779 4145 1871 4198 καὶ

302 4244 398 4299 τοῦ
431 4246 646 4315 Κήτους
673 4246 702 4298 6
729 4244 990 4315 ἑπόμενος
1029 4242 1135 4296 τῶν
1168 4244 1226 4295 tv
1260 4244 1327 4313 τῇ
1357 4239 1506 4310 νοτίᾳ
1532 4236 1758 4307 σιαγόνι,
1783 4255 1871 4309 μι-

305 4338 437 4409 κρὸν
461 4336 879 4407 ὑπολειπόμενος
905 4334 1000 4389 τοῦ
1028 4330 1414 4417 μεσημϐρινοῦ.
1440 4328 1592 4385 Δύνει
1621 4330 1679 4383 δὲ
1700 4331 1729 4382 6
1761 4329 1869 4382 ’οῖ-

307 4428 436 4493 στὸς
464 4429 523 4483 tv
549 4425 597 4496 γ’
634 4427 788 4499 μέρει
823 4426 990 4497 ὧρας.

1969 3234 2233 3290 culminat
2274 3234 2342 3290 ab
2388 3235 2585 3291 Arietis
2620 3243 2773 3307 parte
2820 3236 2886 3291 14
2925 3242 2992 3291 ad
3024 3236 3114 3291 2i.
3151 3234 3345 3305 Primae
3375 3239 3521 3293 occi-

1969 3326 2105 3383 dunt
2137 3326 2326 3392 stellae,
2357 3343 2477 3398 quae
2505 3335 2631 3383 sunt
2674 3328 2727 3382 in
2755 3343 2938 3391 crena,
2965 3329 3171 3396 ultima,
3204 3344 3325 3400 quae
3354 3338 3438 3387 est
3469 3331 3522 3385 in

1968 3417 2212 3487 cuspide.
2247 3415 2562 3472 Culminant
2586 3435 2649 3473 ex
2675 3418 2795 3474 aliis
2819 3418 2991 3475 stellis
3018 3419 3191 3489 prima
3211 3420 3388 3475 dextri
3417 3421 3522 3475 hu-

1969 3508 2105 3563 meri
2131 3505 2314 3563 Persei
2338 3549 2353 3575 ,
2383 3518 2435 3564 et
2467 3509 2739 3565 borealior
2760 3510 2922 3565 trium
2949 3510 3307 3581 appellatione
3333 3527 3521 3569 carenv

1970 3601 2127 3668 tium,
2163 3615 2284 3672 qua:
2327 3616 2489 3671 supra
2528 3602 2758 3656 caudam
2784 3601 2985 3657 Arietis
3030 3601 3087 3655 in
3130 3599 3396 3656 directum
3433 3618 3520 3673 po-

1969 3693 2088 3748 sita:
2130 3702 2277 3759 sunt,
2311 3701 2423 3747 tum
2471 3708 2591 3765 quae
2635 3693 2691 3747 in
2740 3694 2887 3751 illius
2930 3694 3115 3759 dorso,
3161 3693 3522 3749 meridianum

1971 3785 2294 3840 semicubito
2324 3786 2549 3840 circiter
2580 3787 2924 3843 antecedens.
2956 3785 3082 3840 Item
3105 3786 3414 3859 praecedens
3439 3786 3522 3840 lu~

1969 3876 2215 3932 cidarum
2244 3879 2405 3932 trium
2437 3893 2557 3949 quae
2589 3878 2643 3933 in
2666 3879 2889 3936 australi
2916 3879 3230 3935 mandibula
3252 3878 3370 3934 Ceti
3392 3895 3406 3945 ;
3431 3892 3511 3950 po-

1969 3975 2186 4025 stremae
2217 3969 2538 4035 culminant,
2575 3970 2752 4026 lucida
2781 3986 2901 4042 qua!
2924 3979 3008 4028 est
3033 3972 3088 4026 in
3111 3969 3295 4039 medio,
3316 3970 3521 4034 Persei,

1967 4061 2247 4134 paululum
2288 4063 2616 4118 antecedens
2663 4062 3055 4130 meridianum,
3098 4072 3152 4118 et
3188 4063 3529 4133 subsequens

1965 4168 2177 4220 earum,
2212 4169 2334 4225 quae
2372 4154 2428 4209 in
2463 4154 2687 4210 australi
2734 4154 3046 4211 mandibula
3078 4154 3216 4220 Ceti,
3250 4157 3412 4226 paulo
3439 4154 3523 4210 ci-

1967 4250 2052 4299 tra
2082 4245 2460 4301 meridianum.
2491 4245 2703 4302 Occidit
2727 4244 2931 4318 Sagitta
2956 4246 3103 4302 horae
3133 4246 3353 4303 triente.

370 4520 516 4587 κεῖν.
533 4518 637 4572 Τοῦ
654 4519 711 4572 δὲ
726 4518 906 4572 Ἀετοῦ
922 4518 1186 4582 δύνοντος,
1207 4514 1592 4585 συγκαταδύνει
1607 4514 1703 4585 μὲν
1717 4512 1863 4583 αὐτῷ

2034 4514 2223 4577 XXV].
2263 4515 2397 4571 Cum
2423 4516 2617 4587 Aquila
2638 4516 2921 4573 descendit
2943 4530 3105 4571 arcus
3126 4513 3331 4570 zodiaci
3351 4528 3383 4568 a
3411 4528 3521 4568 me.

304 4611 333 4664 6
352 4609 615 4675 ζωδιακδς
640 4610 749 4664 ἀπὸ
763 4610 1047 4681 Αῐγόκερω
1064 4608 1172 4679 μοί.
1195 4606 1257 4672 ιζ’
1276 4608 1446 4679 μέσης
1470 4606 1573 4670 ἕως
1589 4605 1866 4676 Αἰγόκερω

305 4718 340 4770 γ
378 4702 471 4754 καὶ
496 4698 571 4755 κ’·
611 4703 930 4771 μεσουρανεί
957 4699 1012 4752 δὲ
1040 4699 1148 4753 ἀπὸ
1178 4698 1350 4770 Κριοῦ
1370 4697 1477 4769 μοί.
1505 4695 1548 4767 β’
1567 4697 1670 4760 ἕως
1692 4694 1863 4766 Κριοῦ

307 4795 419 4867 μοί.
454 4801 527 4864 η’.
558 4794 668 4848 Καὶ
695 4794 901 4866 πρῶτοι
932 4793 1027 4864 μὲν
1059 4792 1285 4863 ἀστέρες
1308 4791 1620 4845 δύνουσινόἱ
1658 4791 1717 4843 tv
1746 4790 1867 4852 ταῖς

308 4888 529 4961 πτέρυξι
560 4886 604 4958 β’
634 4886 838 4959 μικροὶ,
869 4885 1093 4956 ἔσχατος
1122 4885 1179 4938 δὲ
1209 4886 1239 4937 6
1276 4884 1609 4955 βορειότερος
1657 4880 1764 4934 τῶν
1808 4883 1866 4934 tv

307 4988 386 5050 οιῳ
422 4978 633 5051 σώματι
677 4976 719 5048 β’
764 4976 1049 5049 λαμπρῶν.
1086 4978 1420 5047 Μεσουρανεῖ
1458 4975 1515 5028 δὲ
1545 4974 1651 5028 τῶν
1694 4972 1866 5027 ἄλλων

310 5065 552 5137 ἀστέρων
606 5063 655 5119 α’
689 5065 788 5134 μὲν
821 5065 918 5135 τῆς
949 5064 1298 5135 Ἀνδρομέδας
1331 5065 1359 5117 6
1406 5065 1463 5116 tv
1491 5062 1568 5134 τῷ
1599 5060 1868 5134 ἀριστερῷ

310 5156 451 5221 ποδὶ,
500 5156 595 5209 καλ⁹
628 5155 721 5208 τοῦ
741 5155 927 5228 -Κριοῦ
954 5157 983 5207 6
1020 5156 1180 5228 μέσος
1200 5155 1308 5209 τῶν
1333 5156 1391 5209 tv
1421 5157 1488 5226 τῇ
1520 5153 1749 5225 κεφαλῇ,
1775 5155 1868 5208 καὶ

309 5244 401 5295 τοῦ
420 5244 630 5314 Κήτους
650 5245 678 5296 6
706 5242 1021 5314 νοτιώτερος
1046 5243 1155 5296 τῶν
1185 5242 1463 5314 ἑπομένων
1495 5244 1552 5295 tv
1579 5242 1657 5314 τῷ
1676 5259 1868 5315 τετρα-

309 5333 440 5386 πλεύ
449 5350 526 5404 ρῳ
543 5350 557 5363 ·
593 5334 817 5406 ἔσχατος
841 5334 896 5387 δὲ
921 5334 1011 5387 τοῦ
1033 5333 1307 5406 Τριγώνου
1340 5335 1368 5386 6
1394 5334 1657 5405 ἑπόμενος
1682 5332 1788 5386 τῶν
1810 5335 1867 5387 tv

306 5426 372 5493 τῇ
423 5423 597 5494 βάσει,
641 5424 1048 5497 προηγούμενος
1098 5425 1206 5478 τῶν
1233 5427 1289 5479 tv
1317 5426 1382 5496 τῇ
1416 5424 1600 5496 βορείᾳ
1636 5424 1862 5492 σιαγόνι.

308 5515 464 5568 Δύνει
491 5515 546 5568 δὲ
573 5517 603 5568 6
642 5515 823 5579 Ἀετὸς
850 5516 907 5568 tv
933 5513 981 5583 γ’
1008 5516 1162 5588 μέρει
1198 5515 1363 5588 ὧρας.

376 5604 485 5658 Τοῦ
515 5607 572 5660 δὲ
597 5607 845 5676 Δελφῖνος
877 5605 1139 5673 δύνοντος,
1165 5607 1552 5677 συγκαταδύνει
1590 5607 1686 5679 μὲν
1715 5610 1743 5661 6
1762 5608 1868 5672 ζω-

308 5695 495 5759 διακὸς
521 5698 628 5751 ἀπὸ
656 5697 752 5751 τοῦ
788 5696 1067 5769 ’Υδροχὸου
1098 5699 1206 5772 μοί.
1244 5697 1288 5770 β’
1308 5698 1413 5763 ἕως
1448 5699 1725 5771 ’Υδροχόου
1755 5700 1864 5771 μοί.

311 5784 359 5858 η’
410 5787 609 5861 μέσης⁸
665 5793 985 5861 μεσουρανεῖ
1027 5792 1083 5846 δὲ
1118 5793 1223 5847 61:6
1272 5791 1441 5861 Κριοῦ
1474 5790 1520 5845 κ’
1558 5793 1723 5857 μέσης
1764 5793 1869 5854 ἕως

1969 4606 2057 4660 dia
2092 4614 2244 4676 parte
2276 4606 2344 4659 17
2370 4605 2687 4677 Capricorni
2715 4606 2783 4660 ad
2810 4605 2913 4674 23;
2956 4605 3220 4661 culminat
3251 4603 3320 4659 ab
3366 4603 3523 4659 Arie-

1970 4697 2040 4753 tis
2065 4698 2100 4752 2
2130 4696 2197 4751 ad
2224 4698 2278 4752 8.
2301 4696 2497 4753 Primae
2529 4697 2781 4753 occidunt
2828 4697 2995 4754 stellte
3020 4698 3142 4753 dua:
3169 4710 3368 4767 parvae,
3407 4708 3525 4766 qua

1971 4789 2029 4844 in
2080 4789 2220 4857 alis;
2267 4796 2564 4860 postrema,
2614 4790 2883 4846 borealior
2920 4789 3223 4845 lucidarum
3269 4786 3522 4850 duarum,

1970 4896 2092 4952 qua:
2111 4889 2239 4937 sunt
2268 4882 2322 4936 in
2348 4896 2597 4971 corpore.
2624 4882 2699 4935 Ex
2730 4882 2853 4937 aliis
2873 4880 3046 4937 stellis
3067 4878 3325 4934 culminat
3349 4876 3533 4948 primo

1972 4988 2093 5044 quae
2119 4982 2199 5030 est
2229 4976 2281 5030 in
2313 4970 2670 5030 Andromedae
2697 4975 2922 5031 sinistro
2946 4973 3120 5043 pede;
3148 4979 3203 5027 et
3235 4970 3413 5025 media
3433 4982 3525 5024 ea-

1973 5081 2119 5131 rum,
2150 5082 2269 5137 quae
2303 5067 2360 5121 in
2381 5066 2583 5122 Arietis
2609 5067 2809 5136 capite.
2848 5065 2982 5122 ltem
3011 5064 3303 5121 australior
3337 5075 3526 5118 succe-

1972 5157 2214 5214 dentium
2251 5159 2368 5214 Ceti
2423 5159 2479 5213 in
2509 5158 2914 5229 quadrilatero;
2948 5157 3138 5211 ultima
3188 5156 3533 5225 subsequens

1971 5265 2159 5306 earum
2185 5267 2306 5321 qua:
2336 5257 2464 5306 sunt
2492 5252 2548 5305 in
2582 5250 2703 5306 basi
2744 5250 3032 5321 trianguli,
3059 5247 3369 5320 praecedens
3404 5246 3532 5300 illas

1973 5356 2094 5412 qua:
2151 5353 2278 5399 sunt
2325 5343 2381 5398 in
2432 5342 2637 5399 boreali
2686 5340 3018 5397 mandibula.
3072 5338 3283 5396 Occidit
3331 5336 3529 5408 Aquila

1973 5433 2122 5489 hora:
2147 5433 2363 5490 triente.
2787 5427 2795 5437 ’

2043 5604 2336 5662 Occidente
2371 5605 2637 5677 Delphina
2682 5619 2805 5662 cum
2841 5619 2908 5661 eo
2949 5601 3229 5660 descendit
3269 5597 3530 5654 zodiacus

1974 5698 2041 5755 ab
2063 5698 2284 5769 Aquarii
2309 5705 2462 5769 parte
2482 5697 2518 5751 2
2549 5696 2617 5753 ad
2656 5696 2887 5753 mediam
2911 5695 2978 5762 8;
3005 5693 3265 5750 culminat
3285 5688 3353 5746 ab
3373 5686 3527 5742 Arie-

1973 5793 2046 5849 tis
2067 5792 2139 5849 20
2159 5791 2336 5848 media
2377 5788 2445 5846 ad
2483 5789 2572 5847 29.
2606 5788 2758 5847 Prior
2804 5787 3005 5846 occidit
3059 5782 3385 5842 antecedens
3430 5792 3525 5832 ea-
