  <div class='ocr_page' id='page_1' title='image "/cluster/home/n/w/nwhite01/storage/ocr_20150623/19/mdp.39015061293422/561.png"; bbox 0 0 3950 6266; ppageno 0'>
   <div class='ocr_carea' id='block_1_1' title="bbox 438 318 576 388">
    <p class='ocr_par' dir='ltr' id='par_1_1' title="bbox 438 318 576 388">
     <span class='ocr_line' id='line_1_1' title="bbox 438 318 576 388; baseline -0.029 0"><span class='ocrx_word' id='word_1_1' title='bbox 438 318 576 388; x_wconf 65' lang='grc' dir='ltr'>εἰσ-ι</span> 
     </span>
    </p>
   </div>
   <div class='ocr_carea' id='block_1_2' title="bbox 1419 327 2666 387">
    <p class='ocr_par' dir='ltr' id='par_1_2' title="bbox 1419 327 2666 387">
     <span class='ocr_line' id='line_1_2' title="bbox 1419 327 2666 387; baseline 0.002 -4"><span class='ocrx_word' id='word_1_2' title='bbox 1419 328 1511 383; x_wconf 83' lang='grc' dir='ltr'><strong>ΑΙ)</strong></span> <span class='ocrx_word' id='word_1_3' title='bbox 1544 328 1815 384; x_wconf 82' lang='lat' dir='ltr'><strong>EUSEBII</strong></span> <span class='ocrx_word' id='word_1_4' title='bbox 1855 328 2251 387; x_wconf 77' lang='lat' dir='ltr'><strong>CHRONICON</strong></span> <span class='ocrx_word' id='word_1_5' title='bbox 2287 327 2666 386; x_wconf 79' lang='lat' dir='ltr'><strong>APPENDIX.‘</strong></span> 
     </span>
    </p>
   </div>
   <div class='ocr_carea' id='block_1_3' title="bbox 3549 326 3687 381">
    <p class='ocr_par' dir='ltr' id='par_1_3' title="bbox 3549 326 3687 381">
     <span class='ocr_line' id='line_1_3' title="bbox 3549 326 3687 381; baseline -0.007 0"><span class='ocrx_word' id='word_1_6' title='bbox 3549 326 3687 381; x_wconf 72' lang='lat'><strong>“08</strong></span> 
     </span>
    </p>
   </div>
   <div class='ocr_carea' id='block_1_4' title="bbox 434 441 2010 521">
    <p class='ocr_par' dir='ltr' id='par_1_4' title="bbox 434 446 2010 520">
     <span class='ocr_line' id='line_1_4' title="bbox 434 446 2010 520; baseline -0.001 -16"><span class='ocrx_word' id='word_1_7' title='bbox 434 464 559 504; x_wconf 83' lang='lat' dir='ltr'><strong>rum</strong></span> <span class='ocrx_word' id='word_1_8' title='bbox 590 463 712 520; x_wconf 72' lang='lat' dir='ltr'><strong>quae</strong></span> <span class='ocrx_word' id='word_1_9' title='bbox 754 454 882 503; x_wconf 87' lang='lat' dir='ltr'><strong>sunt</strong></span> <span class='ocrx_word' id='word_1_10' title='bbox 921 446 978 504; x_wconf 90' lang='lat' dir='ltr'><strong>in</strong></span> <span class='ocrx_word' id='word_1_11' title='bbox 1014 446 1227 514; x_wconf 88' lang='lat' dir='ltr'><strong>cauda;</strong></span> <span class='ocrx_word' id='word_1_12' title='bbox 1275 456 1572 519; x_wconf 82' lang='lat' dir='ltr'><strong>postrema.</strong></span> <span class='ocrx_word' id='word_1_13' title='bbox 1609 448 1881 504; x_wconf 85' lang='lat' dir='ltr'><strong>borealior</strong></span> <span class='ocrx_word' id='word_1_14' title='bbox 1924 463 2010 505; x_wconf 88' lang='lat' dir='ltr'><strong>ea-</strong></span> 
     </span>
    </p>
   </div>
   <div class='ocr_carea' id='block_1_5' title="bbox 2115 441 3688 521">
    <p class='ocr_par' dir='ltr' id='par_1_5' title="bbox 2115 441 3688 521">
     <span class='ocr_line' id='line_1_5' title="bbox 2115 441 3688 521; baseline -0.006 -18"><span class='ocrx_word' id='word_1_15' title='bbox 2115 447 2283 521; x_wconf 85' lang='grc' dir='ltr'>Κριοῦ</span> <span class='ocrx_word' id='word_1_16' title='bbox 2317 448 2361 501; x_wconf 84' lang='grc' dir='ltr'><strong>θ’</strong></span> <span class='ocrx_word' id='word_1_17' title='bbox 2391 448 2485 501; x_wconf 71' lang='grc' dir='ltr'><strong>καὶ</strong></span> <span class='ocrx_word' id='word_1_18' title='bbox 2517 446 2584 501; x_wconf 89' lang='grc' dir='ltr'>κ’.</span> <span class='ocrx_word' id='word_1_19' title='bbox 2617 446 2727 501; x_wconf 68' lang='grc' dir='ltr'><strong>Καὶ</strong></span> <span class='ocrx_word' id='word_1_20' title='bbox 2747 453 2795 499; x_wconf 89' lang='grc' dir='ltr'>α’</span> <span class='ocrx_word' id='word_1_21' title='bbox 2831 445 2928 517; x_wconf 75' lang='grc' dir='ltr'>μὲν</span> <span class='ocrx_word' id='word_1_22' title='bbox 2963 442 3136 518; x_wconf 81' lang='grc' dir='ltr'>ἀστὴρ</span> <span class='ocrx_word' id='word_1_23' title='bbox 3160 443 3305 498; x_wconf 86' lang='grc' dir='ltr'>δύνει</span> <span class='ocrx_word' id='word_1_24' title='bbox 3330 446 3359 498; x_wconf 87' lang='grc' dir='ltr'>ὁ</span> <span class='ocrx_word' id='word_1_25' title='bbox 3384 441 3688 515; x_wconf 77' lang='grc' dir='ltr'>ἡγούμενος</span> 
     </span>
    </p>
   </div>
   <div class='ocr_carea' id='block_1_6' title="bbox 436 537 2006 609">
    <p class='ocr_par' dir='ltr' id='par_1_6' title="bbox 436 537 2006 609">
     <span class='ocr_line' id='line_1_6' title="bbox 436 537 2006 609; baseline 0.001 -17"><span class='ocrx_word' id='word_1_26' title='bbox 436 554 559 593; x_wconf 89' lang='lat' dir='ltr'><strong>rum</strong></span> <span class='ocrx_word' id='word_1_27' title='bbox 600 554 722 609; x_wconf 82' lang='lat' dir='ltr'><strong>quae</strong></span> <span class='ocrx_word' id='word_1_28' title='bbox 763 539 818 594; x_wconf 90' lang='lat' dir='ltr'><strong>in</strong></span> <span class='ocrx_word' id='word_1_29' title='bbox 869 539 1191 594; x_wconf 74' lang='lat' dir='ltr'><strong>succedente</strong></span> <span class='ocrx_word' id='word_1_30' title='bbox 1227 538 1395 594; x_wconf 91' lang='lat' dir='ltr'><strong>latere</strong></span> <span class='ocrx_word' id='word_1_31' title='bbox 1442 537 1698 593; x_wconf 81' lang='lat' dir='ltr'><strong>Rhombi.</strong></span> <span class='ocrx_word' id='word_1_32' title='bbox 1751 538 1830 593; x_wconf 81' lang='lat' dir='ltr'><strong>Ex</strong></span> <span class='ocrx_word' id='word_1_33' title='bbox 1883 539 2006 595; x_wconf 87' lang='lat' dir='ltr'><strong>aliis</strong></span> 
     </span>
    </p>
   </div>
   <div class='ocr_carea' id='block_1_7' title="bbox 422 628 2002 699">
    <p class='ocr_par' dir='ltr' id='par_1_7' title="bbox 422 628 2002 699">
     <span class='ocr_line' id='line_1_7' title="bbox 422 628 2002 699; baseline 0 -15"><span class='ocrx_word' id='word_1_34' title='bbox 422 629 613 684; x_wconf 74' lang='lat' dir='ltr'><strong>&#39;stellis</strong></span> <span class='ocrx_word' id='word_1_35' title='bbox 644 628 798 698; x_wconf 80' lang='lat' dir='ltr'><strong>prius</strong></span> <span class='ocrx_word' id='word_1_36' title='bbox 828 628 1135 684; x_wconf 88' lang='lat' dir='ltr'><strong>culminant</strong></span> <span class='ocrx_word' id='word_1_37' title='bbox 1164 628 1343 683; x_wconf 86' lang='lat' dir='ltr'><strong>lucida</strong></span> <span class='ocrx_word' id='word_1_38' title='bbox 1377 628 1541 683; x_wconf 84' lang='lat' dir='ltr'><strong>medii</strong></span> <span class='ocrx_word' id='word_1_39' title='bbox 1576 629 1823 699; x_wconf 87' lang='lat' dir='ltr'><strong>corporis</strong></span> <span class='ocrx_word' id='word_1_40' title='bbox 1876 628 2002 685; x_wconf 87' lang='lat' dir='ltr'><strong>Per-</strong></span> 
     </span>
    </p>
   </div>
   <div class='ocr_carea' id='block_1_8' title="bbox 354 719 2048 792">
    <p class='ocr_par' dir='ltr' id='par_1_8' title="bbox 354 719 2048 792">
     <span class='ocr_line' id='line_1_8' title="bbox 354 719 2048 792; baseline 0.001 -17"><span class='ocrx_word' id='word_1_41' title='bbox 354 746 359 749; x_wconf 52' lang='grc' dir='ltr'><strong>ν</strong></span> <span class='ocrx_word' id='word_1_42' title='bbox 440 722 542 784; x_wconf 88' lang='lat' dir='ltr'><strong>sei,</strong></span> <span class='ocrx_word' id='word_1_43' title='bbox 592 719 872 792; x_wconf 82' lang='lat' dir='ltr'><strong>paululum</strong></span> <span class='ocrx_word' id='word_1_44' title='bbox 915 721 1245 776; x_wconf 86' lang='lat' dir='ltr'><strong>antecedens</strong></span> <span class='ocrx_word' id='word_1_45' title='bbox 1298 721 1685 784; x_wconf 87' lang='lat' dir='ltr'><strong>meridianum,</strong></span> <span class='ocrx_word' id='word_1_46' title='bbox 1730 728 1784 776; x_wconf 89' lang='lat' dir='ltr'><strong>et</strong></span> <span class='ocrx_word' id='word_1_47' title='bbox 1818 736 2048 777; x_wconf 84' lang='lat' dir='ltr'><strong>succe--</strong></span> 
     </span>
    </p>
   </div>
   <div class='ocr_carea' id='block_1_9' title="bbox 439 812 2002 884">
    <p class='ocr_par' dir='ltr' id='par_1_9' title="bbox 439 812 2002 884">
     <span class='ocr_line' id='line_1_9' title="bbox 439 812 2002 884; baseline 0.001 -17"><span class='ocrx_word' id='word_1_48' title='bbox 439 814 579 869; x_wconf 83' lang='lat' dir='ltr'><strong>dens</strong></span> <span class='ocrx_word' id='word_1_49' title='bbox 615 828 804 868; x_wconf 90' lang='lat' dir='ltr'><strong>carum</strong></span> <span class='ocrx_word' id='word_1_50' title='bbox 833 828 955 884; x_wconf 65' lang='lat' dir='ltr'><strong>qua:</strong></span> <span class='ocrx_word' id='word_1_51' title='bbox 997 822 1126 869; x_wconf 81' lang='lat' dir='ltr'><strong>sunt</strong></span> <span class='ocrx_word' id='word_1_52' title='bbox 1157 813 1210 866; x_wconf 90' lang='lat' dir='ltr'><strong>in</strong></span> <span class='ocrx_word' id='word_1_53' title='bbox 1251 812 1477 867; x_wconf 79' lang='lat' dir='ltr'><strong>australi</strong></span> <span class='ocrx_word' id='word_1_54' title='bbox 1509 812 1822 868; x_wconf 86' lang='lat' dir='ltr'><strong>mandibula</strong></span> <span class='ocrx_word' id='word_1_55' title='bbox 1855 813 2002 877; x_wconf 85' lang='lat' dir='ltr'><strong>Ceti,</strong></span> 
     </span>
    </p>
   </div>
   <div class='ocr_carea' id='block_1_10' title="bbox 439 904 2001 974">
    <p class='ocr_par' dir='ltr' id='par_1_10' title="bbox 439 904 2001 974">
     <span class='ocr_line' id='line_1_10' title="bbox 439 904 2001 974; baseline 0.001 -16"><span class='ocrx_word' id='word_1_56' title='bbox 439 907 603 974; x_wconf 88' lang='lat' dir='ltr'><strong>paulo</strong></span> <span class='ocrx_word' id='word_1_57' title='bbox 629 906 768 961; x_wconf 87' lang='lat' dir='ltr'><strong>citra</strong></span> <span class='ocrx_word' id='word_1_58' title='bbox 800 906 1159 960; x_wconf 88' lang='lat' dir='ltr'><strong>meridianum</strong></span> <span class='ocrx_word' id='word_1_59' title='bbox 1202 906 1326 961; x_wconf 84' lang='lat' dir='ltr'><strong>sita.</strong></span> <span class='ocrx_word' id='word_1_60' title='bbox 1360 904 1642 961; x_wconf 88' lang='lat' dir='ltr'><strong>Postremo</strong></span> <span class='ocrx_word' id='word_1_61' title='bbox 1674 906 2001 971; x_wconf 81' lang='lat' dir='ltr'><strong>culminant,</strong></span> 
     </span>
    </p>
   </div>
   <div class='ocr_carea' id='block_1_11' title="bbox 440 995 2006 1069">
    <p class='ocr_par' dir='ltr' id='par_1_11' title="bbox 440 995 2006 1069">
     <span class='ocr_line' id='line_1_11' title="bbox 440 995 2006 1069; baseline 0.003 -19"><span class='ocrx_word' id='word_1_62' title='bbox 440 1013 561 1067; x_wconf 78' lang='lat' dir='ltr'><strong>quae</strong></span> <span class='ocrx_word' id='word_1_63' title='bbox 598 997 654 1052; x_wconf 92' lang='lat' dir='ltr'><strong>in</strong></span> <span class='ocrx_word' id='word_1_64' title='bbox 678 996 813 1066; x_wconf 86' lang='lat' dir='ltr'><strong>pede</strong></span> <span class='ocrx_word' id='word_1_65' title='bbox 839 998 1064 1052; x_wconf 88' lang='lat' dir='ltr'><strong>sinistro</strong></span> <span class='ocrx_word' id='word_1_66' title='bbox 1084 995 1304 1062; x_wconf 85' lang='lat' dir='ltr'><strong>Persei;</strong></span> <span class='ocrx_word' id='word_1_67' title='bbox 1336 1005 1390 1052; x_wconf 88' lang='lat' dir='ltr'><strong>et</strong></span> <span class='ocrx_word' id='word_1_68' title='bbox 1422 997 1694 1053; x_wconf 89' lang='lat' dir='ltr'><strong>borealior</strong></span> <span class='ocrx_word' id='word_1_69' title='bbox 1714 1012 1842 1068; x_wconf 87' lang='lat' dir='ltr'><strong>pars</strong></span> <span class='ocrx_word' id='word_1_70' title='bbox 1866 1014 2006 1069; x_wconf 66' lang='lat' dir='ltr'><strong>prae-</strong></span> 
     </span>
    </p>
   </div>
   <div class='ocr_carea' id='block_1_12' title="bbox 443 1087 2004 1159">
    <p class='ocr_par' dir='ltr' id='par_1_12' title="bbox 443 1087 2004 1159">
     <span class='ocr_line' id='line_1_12' title="bbox 443 1087 2004 1159; baseline 0.001 -15"><span class='ocrx_word' id='word_1_71' title='bbox 443 1088 689 1145; x_wconf 82' lang='lat' dir='ltr'><strong>cedentis</strong></span> <span class='ocrx_word' id='word_1_72' title='bbox 736 1090 922 1144; x_wconf 86' lang='lat' dir='ltr'><strong>lateris</strong></span> <span class='ocrx_word' id='word_1_73' title='bbox 963 1088 1216 1147; x_wconf 87' lang='lat' dir='ltr'><strong>Pleiadis.</strong></span> <span class='ocrx_word' id='word_1_74' title='bbox 1269 1087 1482 1144; x_wconf 90' lang='lat' dir='ltr'><strong>Occidit</strong></span> <span class='ocrx_word' id='word_1_75' title='bbox 1522 1088 1822 1159; x_wconf 86' lang='lat' dir='ltr'><strong>Delphinus</strong></span> <span class='ocrx_word' id='word_1_76' title='bbox 1870 1091 2004 1145; x_wconf 89' lang='lat' dir='ltr'><strong>hora</strong></span> 
     </span>
    </p>
   </div>
   <div class='ocr_carea' id='block_1_13' title="bbox 441 1181 689 1241">
    <p class='ocr_par' dir='ltr' id='par_1_13' title="bbox 441 1181 689 1241">
     <span class='ocr_line' id='line_1_13' title="bbox 441 1181 689 1241; baseline -0.008 -5"><span class='ocrx_word' id='word_1_77' title='bbox 441 1181 689 1241; x_wconf 86' lang='lat' dir='ltr'><strong>dimidia.</strong></span> 
     </span>
    </p>
   </div>
   <div class='ocr_carea' id='block_1_14' title="bbox 512 1355 2005 1428">
    <p class='ocr_par' dir='ltr' id='par_1_14' title="bbox 512 1355 2005 1428">
     <span class='ocr_line' id='line_1_14' title="bbox 512 1355 2005 1428; baseline 0.001 -17"><span class='ocrx_word' id='word_1_78' title='bbox 512 1355 651 1411; x_wconf 88' lang='lat' dir='ltr'><strong>Cum</strong></span> <span class='ocrx_word' id='word_1_79' title='bbox 682 1355 878 1411; x_wconf 86' lang='lat' dir='ltr'><strong>Perseo</strong></span> <span class='ocrx_word' id='word_1_80' title='bbox 916 1355 1198 1412; x_wconf 85' lang='lat' dir='ltr'><strong>descendit</strong></span> <span class='ocrx_word' id='word_1_81' title='bbox 1231 1356 1488 1413; x_wconf 89' lang='lat' dir='ltr'><strong>zodiacus</strong></span> <span class='ocrx_word' id='word_1_82' title='bbox 1518 1370 1549 1411; x_wconf 88' lang='lat' dir='ltr'><strong>a</strong></span> <span class='ocrx_word' id='word_1_83' title='bbox 1585 1364 1739 1428; x_wconf 89' lang='lat' dir='ltr'><strong>parte</strong></span> <span class='ocrx_word' id='word_1_84' title='bbox 1768 1356 1935 1413; x_wconf 85' lang='lat' dir='ltr'><strong>Tauri</strong></span> <span class='ocrx_word' id='word_1_85' title='bbox 1966 1358 2005 1412; x_wconf 84' lang='lat'><strong>2</strong></span> 
     </span>
    </p>
   </div>
   <div class='ocr_carea' id='block_1_15' title="bbox 441 1446 2004 1513">
    <p class='ocr_par' dir='ltr' id='par_1_15' title="bbox 441 1446 2004 1513">
     <span class='ocr_line' id='line_1_15' title="bbox 441 1446 2004 1513; baseline 0.002 -12"><span class='ocrx_word' id='word_1_86' title='bbox 441 1447 508 1502; x_wconf 89' lang='lat' dir='ltr'><strong>ad</strong></span> <span class='ocrx_word' id='word_1_87' title='bbox 538 1446 638 1513; x_wconf 84' lang='lat'><strong>29;</strong></span> <span class='ocrx_word' id='word_1_88' title='bbox 670 1448 933 1502; x_wconf 88' lang='lat' dir='ltr'><strong>culminat</strong></span> <span class='ocrx_word' id='word_1_89' title='bbox 961 1464 992 1502; x_wconf 86' lang='lat' dir='ltr'><strong>a</strong></span> <span class='ocrx_word' id='word_1_90' title='bbox 1021 1448 1220 1507; x_wconf 89' lang='lat' dir='ltr'><strong>Leonis</strong></span> <span class='ocrx_word' id='word_1_91' title='bbox 1253 1448 1433 1503; x_wconf 88' lang='lat' dir='ltr'><strong>media</strong></span> <span class='ocrx_word' id='word_1_92' title='bbox 1468 1447 1502 1503; x_wconf 83' lang='grc'><strong>6</strong></span> <span class='ocrx_word' id='word_1_93' title='bbox 1523 1448 1590 1502; x_wconf 89' lang='lat' dir='ltr'><strong>ad</strong></span> <span class='ocrx_word' id='word_1_94' title='bbox 1620 1448 1854 1503; x_wconf 89' lang='lat' dir='ltr'><strong>mediam</strong></span> <span class='ocrx_word' id='word_1_95' title='bbox 1878 1448 2004 1504; x_wconf 81' lang='lat' dir='ltr'><strong>Vir-</strong></span> 
     </span>
    </p>
   </div>
   <div class='ocr_carea' id='block_1_16' title="bbox 441 1540 2004 1612">
    <p class='ocr_par' dir='ltr' id='par_1_16' title="bbox 441 1540 2004 1612">
     <span class='ocr_line' id='line_1_16' title="bbox 441 1540 2004 1612; baseline 0.003 -20"><span class='ocrx_word' id='word_1_96' title='bbox 441 1541 583 1608; x_wconf 73' lang='lat' dir='ltr'><strong>ginis</strong></span> <span class='ocrx_word' id='word_1_97' title='bbox 632 1541 717 1597; x_wconf 84' lang='grc'><strong>10.</strong></span> <span class='ocrx_word' id='word_1_98' title='bbox 749 1541 904 1596; x_wconf 87' lang='lat' dir='ltr'><strong>Prior</strong></span> <span class='ocrx_word' id='word_1_99' title='bbox 937 1541 1091 1612; x_wconf 75' lang='lat'><strong>132</strong></span> <span class='ocrx_word' id='word_1_100' title='bbox 1139 1540 1344 1596; x_wconf 88' lang='lat' dir='ltr'><strong>occidit</strong></span> <span class='ocrx_word' id='word_1_101' title='bbox 1384 1540 1655 1597; x_wconf 89' lang='lat' dir='ltr'><strong>borealior</strong></span> <span class='ocrx_word' id='word_1_102' title='bbox 1676 1540 2004 1596; x_wconf 85' lang='lat' dir='ltr'><strong>anteceden-</strong></span> 
     </span>
    </p>
   </div>
   <div class='ocr_carea' id='block_1_17' title="bbox 442 1630 2003 1705">
    <p class='ocr_par' dir='ltr' id='par_1_17' title="bbox 442 1630 2003 1705">
     <span class='ocr_line' id='line_1_17' title="bbox 442 1630 2003 1705; baseline 0.003 -21"><span class='ocrx_word' id='word_1_103' title='bbox 442 1632 576 1686; x_wconf 85' lang='lat' dir='ltr'><strong>tium</strong></span> <span class='ocrx_word' id='word_1_104' title='bbox 620 1632 674 1686; x_wconf 91' lang='lat' dir='ltr'><strong>in</strong></span> <span class='ocrx_word' id='word_1_105' title='bbox 700 1630 1009 1703; x_wconf 83' lang='lat' dir='ltr'><strong>Gorgonio;</strong></span> <span class='ocrx_word' id='word_1_106' title='bbox 1036 1632 1227 1687; x_wconf 90' lang='lat' dir='ltr'><strong>ultima</strong></span> <span class='ocrx_word' id='word_1_107' title='bbox 1254 1647 1386 1688; x_wconf 84' lang='lat' dir='ltr'><strong>vero</strong></span> <span class='ocrx_word' id='word_1_108' title='bbox 1418 1648 1606 1690; x_wconf 89' lang='lat' dir='ltr'><strong>earum</strong></span> <span class='ocrx_word' id='word_1_109' title='bbox 1638 1649 1758 1705; x_wconf 69' lang='lat' dir='ltr'><strong>quae</strong></span> <span class='ocrx_word' id='word_1_110' title='bbox 1790 1642 1918 1690; x_wconf 86' lang='lat' dir='ltr'><strong>sunt</strong></span> <span class='ocrx_word' id='word_1_111' title='bbox 1946 1635 2003 1689; x_wconf 91' lang='lat' dir='ltr'><strong>in</strong></span> 
     </span>
    </p>
   </div>
   <div class='ocr_carea' id='block_1_18' title="bbox 439 1723 2004 1798">
    <p class='ocr_par' dir='ltr' id='par_1_18' title="bbox 439 1723 2004 1798">
     <span class='ocr_line' id='line_1_18' title="bbox 439 1723 2004 1798; baseline -0.001 -17"><span class='ocrx_word' id='word_1_112' title='bbox 439 1724 634 1781; x_wconf 83' lang='lat' dir='ltr'><strong>dextro</strong></span> <span class='ocrx_word' id='word_1_113' title='bbox 674 1740 832 1796; x_wconf 80' lang='lat' dir='ltr'><strong>genu.</strong></span> <span class='ocrx_word' id='word_1_114' title='bbox 867 1723 1181 1780; x_wconf 88' lang='lat' dir='ltr'><strong>Culminant</strong></span> <span class='ocrx_word' id='word_1_115' title='bbox 1222 1741 1290 1781; x_wconf 79' lang='lat' dir='ltr'><strong>ex</strong></span> <span class='ocrx_word' id='word_1_116' title='bbox 1316 1726 1440 1781; x_wconf 87' lang='lat' dir='ltr'><strong>aliis</strong></span> <span class='ocrx_word' id='word_1_117' title='bbox 1485 1727 1659 1783; x_wconf 86' lang='lat' dir='ltr'><strong>stellis</strong></span> <span class='ocrx_word' id='word_1_118' title='bbox 1693 1727 1849 1784; x_wconf 71' lang='lat' dir='ltr'><strong>.nitle</strong></span> <span class='ocrx_word' id='word_1_119' title='bbox 1881 1727 2004 1798; x_wconf 85' lang='lat' dir='ltr'><strong>qui-</strong></span> 
     </span>
    </p>
   </div>
   <div class='ocr_carea' id='block_1_19' title="bbox 439 1798 2077 1890">
    <p class='ocr_par' dir='ltr' id='par_1_19' title="bbox 439 1798 2077 1890">
     <span class='ocr_line' id='line_1_19' title="bbox 439 1798 2077 1890; baseline 0.005 -22"><span class='ocrx_word' id='word_1_120' title='bbox 439 1815 563 1870; x_wconf 87' lang='lat' dir='ltr'><strong>dem</strong></span> <span class='ocrx_word' id='word_1_121' title='bbox 593 1830 657 1871; x_wconf 89' lang='lat' dir='ltr'><strong>ea</strong></span> <span class='ocrx_word' id='word_1_122' title='bbox 699 1831 820 1886; x_wconf 70' lang='lat' dir='ltr'><strong>quaa</strong></span> <span class='ocrx_word' id='word_1_123' title='bbox 851 1825 935 1872; x_wconf 88' lang='lat' dir='ltr'><strong>est</strong></span> <span class='ocrx_word' id='word_1_124' title='bbox 972 1816 1027 1870; x_wconf 92' lang='lat' dir='ltr'><strong>in</strong></span> <span class='ocrx_word' id='word_1_125' title='bbox 1067 1824 1259 1871; x_wconf 83' lang='lat' dir='ltr'><strong>ventre</strong></span> <span class='ocrx_word' id='word_1_126' title='bbox 1304 1815 1524 1882; x_wconf 87' lang='lat' dir='ltr'><strong>Leonis,</strong></span> <span class='ocrx_word' id='word_1_127' title='bbox 1569 1819 1684 1873; x_wconf 88' lang='lat' dir='ltr'><strong>sive</strong></span> <span class='ocrx_word' id='word_1_128' title='bbox 1718 1833 2007 1890; x_wconf 82' lang='lat' dir='ltr'><strong>propemo-</strong></span> <span class='ocrx_word' id='word_1_129' title='bbox 2035 1798 2077 1854; x_wconf 78' lang='grc' dir='ltr'>Β</span> 
     </span>
    </p>
   </div>
   <div class='ocr_carea' id='block_1_20' title="bbox 443 1906 2006 1982">
    <p class='ocr_par' dir='ltr' id='par_1_20' title="bbox 443 1906 2006 1982">
     <span class='ocr_line' id='line_1_20' title="bbox 443 1906 2006 1982; baseline 0.003 -21"><span class='ocrx_word' id='word_1_130' title='bbox 443 1906 572 1962; x_wconf 88' lang='lat' dir='ltr'><strong>dum</strong></span> <span class='ocrx_word' id='word_1_131' title='bbox 604 1909 927 1965; x_wconf 89' lang='lat' dir='ltr'><strong>semicubito</strong></span> <span class='ocrx_word' id='word_1_132' title='bbox 948 1910 1086 1964; x_wconf 87' lang='lat' dir='ltr'><strong>citra</strong></span> <span class='ocrx_word' id='word_1_133' title='bbox 1115 1909 1471 1964; x_wconf 87' lang='lat' dir='ltr'><strong>meridianum</strong></span> <span class='ocrx_word' id='word_1_134' title='bbox 1504 1911 1631 1965; x_wconf 84' lang='lat' dir='ltr'><strong>sita.</strong></span> <span class='ocrx_word' id='word_1_135' title='bbox 1654 1910 1787 1966; x_wconf 91' lang='lat' dir='ltr'><strong>ltem</strong></span> <span class='ocrx_word' id='word_1_136' title='bbox 1810 1918 2006 1982; x_wconf 86' lang='lat' dir='ltr'><strong>quarta</strong></span> 
     </span>
    </p>
   </div>
   <div class='ocr_carea' id='block_1_21' title="bbox 443 2002 2007 2075">
    <p class='ocr_par' dir='ltr' id='par_1_21' title="bbox 443 2002 2007 2075">
     <span class='ocr_line' id='line_1_21' title="bbox 443 2002 2007 2075; baseline 0.003 -20"><span class='ocrx_word' id='word_1_137' title='bbox 443 2016 633 2055; x_wconf 81' lang='lat' dir='ltr'><strong>earum</strong></span> <span class='ocrx_word' id='word_1_138' title='bbox 680 2017 801 2072; x_wconf 74' lang='lat' dir='ltr'><strong>qua:</strong></span> <span class='ocrx_word' id='word_1_139' title='bbox 843 2010 973 2057; x_wconf 91' lang='lat' dir='ltr'><strong>sunt</strong></span> <span class='ocrx_word' id='word_1_140' title='bbox 1016 2013 1140 2073; x_wconf 90' lang='lat' dir='ltr'><strong>post</strong></span> <span class='ocrx_word' id='word_1_141' title='bbox 1174 2003 1410 2060; x_wconf 86' lang='lat' dir='ltr'><strong>lucidam</strong></span> <span class='ocrx_word' id='word_1_142' title='bbox 1451 2002 1643 2075; x_wconf 85' lang='lat' dir='ltr'><strong>Hydri,</strong></span> <span class='ocrx_word' id='word_1_143' title='bbox 1683 2004 2007 2060; x_wconf 89' lang='lat' dir='ltr'><strong>semicubito</strong></span> 
     </span>
    </p>
   </div>
   <div class='ocr_carea' id='block_1_22' title="bbox 444 2089 2006 2165">
    <p class='ocr_par' dir='ltr' id='par_1_22' title="bbox 444 2089 2006 2165">
     <span class='ocr_line' id='line_1_22' title="bbox 444 2089 2006 2165; baseline 0.002 -19"><span class='ocrx_word' id='word_1_144' title='bbox 444 2089 560 2147; x_wconf 85' lang='lat' dir='ltr'><strong>fere</strong></span> <span class='ocrx_word' id='word_1_145' title='bbox 597 2093 735 2148; x_wconf 89' lang='lat' dir='ltr'><strong>citra</strong></span> <span class='ocrx_word' id='word_1_146' title='bbox 782 2094 1142 2150; x_wconf 89' lang='lat' dir='ltr'><strong>meridianum</strong></span> <span class='ocrx_word' id='word_1_147' title='bbox 1192 2095 1391 2165; x_wconf 87' lang='lat' dir='ltr'><strong>posita.</strong></span> <span class='ocrx_word' id='word_1_148' title='bbox 1424 2094 1555 2149; x_wconf 86' lang='lat' dir='ltr'><strong>Item</strong></span> <span class='ocrx_word' id='word_1_149' title='bbox 1591 2095 1783 2150; x_wconf 88' lang='lat' dir='ltr'><strong>ultima</strong></span> <span class='ocrx_word' id='word_1_150' title='bbox 1820 2109 2006 2151; x_wconf 83' lang='lat' dir='ltr'><strong>earum</strong></span> 
     </span>
    </p>
   </div>
   <div class='ocr_carea' id='block_1_23' title="bbox 441 2179 2008 2251">
    <p class='ocr_par' dir='ltr' id='par_1_23' title="bbox 441 2179 2008 2251">
     <span class='ocr_line' id='line_1_23' title="bbox 441 2179 2008 2251; baseline 0.005 -18"><span class='ocrx_word' id='word_1_151' title='bbox 441 2194 565 2251; x_wconf 79' lang='lat' dir='ltr'><strong>quae</strong></span> <span class='ocrx_word' id='word_1_152' title='bbox 588 2179 644 2236; x_wconf 91' lang='lat' dir='ltr'><strong>in</strong></span> <span class='ocrx_word' id='word_1_153' title='bbox 672 2181 861 2241; x_wconf 87' lang='lat' dir='ltr'><strong>carina</strong></span> <span class='ocrx_word' id='word_1_154' title='bbox 889 2189 1015 2237; x_wconf 90' lang='lat' dir='ltr'><strong>sunt</strong></span> <span class='ocrx_word' id='word_1_155' title='bbox 1047 2182 1233 2239; x_wconf 77' lang='lat' dir='ltr'><strong>Navis.</strong></span> <span class='ocrx_word' id='word_1_156' title='bbox 1274 2182 1572 2240; x_wconf 70' lang='lat' dir='ltr'><strong>Postremae</strong></span> <span class='ocrx_word' id='word_1_157' title='bbox 1604 2184 1909 2240; x_wconf 85' lang='lat' dir='ltr'><strong>culminant</strong></span> <span class='ocrx_word' id='word_1_158' title='bbox 1942 2202 2008 2241; x_wconf 87' lang='lat' dir='ltr'><strong>ea</strong></span> 
     </span>
    </p>
   </div>
   <div class='ocr_carea' id='block_1_24' title="bbox 442 2273 2003 2348">
    <p class='ocr_par' dir='ltr' id='par_1_24' title="bbox 442 2273 2003 2348">
     <span class='ocr_line' id='line_1_24' title="bbox 442 2273 2003 2348; baseline 0.008 -26"><span class='ocrx_word' id='word_1_159' title='bbox 442 2287 566 2341; x_wconf 82' lang='lat' dir='ltr'><strong>quae</strong></span> <span class='ocrx_word' id='word_1_160' title='bbox 596 2282 681 2329; x_wconf 90' lang='lat' dir='ltr'><strong>est</strong></span> <span class='ocrx_word' id='word_1_161' title='bbox 714 2273 771 2328; x_wconf 90' lang='lat' dir='ltr'><strong>in</strong></span> <span class='ocrx_word' id='word_1_162' title='bbox 804 2276 977 2329; x_wconf 88' lang='lat' dir='ltr'><strong>cauda</strong></span> <span class='ocrx_word' id='word_1_163' title='bbox 1007 2274 1194 2342; x_wconf 76' lang='lat' dir='ltr'><strong>Corvi,</strong></span> <span class='ocrx_word' id='word_1_164' title='bbox 1225 2284 1278 2331; x_wconf 89' lang='lat' dir='ltr'><strong>et</strong></span> <span class='ocrx_word' id='word_1_165' title='bbox 1307 2292 1427 2348; x_wconf 74' lang='lat' dir='ltr'><strong>quae</strong></span> <span class='ocrx_word' id='word_1_166' title='bbox 1458 2278 1513 2332; x_wconf 89' lang='lat' dir='ltr'><strong>in</strong></span> <span class='ocrx_word' id='word_1_167' title='bbox 1542 2276 1717 2347; x_wconf 90' lang='lat' dir='ltr'><strong>ipsius</strong></span> <span class='ocrx_word' id='word_1_168' title='bbox 1753 2277 2003 2348; x_wconf 89' lang='lat' dir='ltr'><strong>pedibus.</strong></span> 
     </span>
    </p>
   </div>
   <div class='ocr_carea' id='block_1_25' title="bbox 444 2362 1310 2433">
    <p class='ocr_par' dir='ltr' id='par_1_25' title="bbox 444 2362 1310 2433">
     <span class='ocr_line' id='line_1_25' title="bbox 444 2362 1310 2433; baseline 0.001 -9"><span class='ocrx_word' id='word_1_169' title='bbox 444 2362 658 2424; x_wconf 84' lang='lat' dir='ltr'><strong>Occidit</strong></span> <span class='ocrx_word' id='word_1_170' title='bbox 682 2364 917 2423; x_wconf 82' lang='lat' dir='ltr'><strong>Perseus</strong></span> <span class='ocrx_word' id='word_1_171' title='bbox 946 2367 1099 2425; x_wconf 87' lang='lat' dir='ltr'><strong>boris</strong></span> <span class='ocrx_word' id='word_1_172' title='bbox 1119 2367 1176 2433; x_wconf 91' lang='lat'><strong>2,</strong></span> <span class='ocrx_word' id='word_1_173' title='bbox 1204 2368 1310 2425; x_wconf 90' lang='lat'><strong>20&#39;.</strong></span> 
     </span>
    </p>
   </div>
   <div class='ocr_carea' id='block_1_26' title="bbox 514 2542 2010 2618">
    <p class='ocr_par' dir='ltr' id='par_1_26' title="bbox 514 2542 2010 2618">
     <span class='ocr_line' id='line_1_26' title="bbox 514 2542 2010 2618; baseline 0.002 -18"><span class='ocrx_word' id='word_1_174' title='bbox 514 2543 649 2600; x_wconf 88' lang='lat' dir='ltr'><strong>Cum</strong></span> <span class='ocrx_word' id='word_1_175' title='bbox 680 2542 886 2615; x_wconf 81' lang='lat' dir='ltr'><strong>Auriga</strong></span> <span class='ocrx_word' id='word_1_176' title='bbox 920 2543 1202 2602; x_wconf 85' lang='lat' dir='ltr'><strong>descendit</strong></span> <span class='ocrx_word' id='word_1_177' title='bbox 1224 2546 1486 2604; x_wconf 85' lang='lat' dir='ltr'><strong>zodiacus</strong></span> <span class='ocrx_word' id='word_1_178' title='bbox 1512 2562 1541 2602; x_wconf 87' lang='lat' dir='ltr'><strong>a</strong></span> <span class='ocrx_word' id='word_1_179' title='bbox 1565 2545 1731 2604; x_wconf 84' lang='lat' dir='ltr'><strong>Tauri</strong></span> <span class='ocrx_word' id='word_1_180' title='bbox 1760 2553 1916 2618; x_wconf 87' lang='lat' dir='ltr'><strong>parte</strong></span> <span class='ocrx_word' id='word_1_181' title='bbox 1938 2546 2010 2603; x_wconf 79' lang='lat'><strong>25</strong></span> 
     </span>
    </p>
   </div>
   <div class='ocr_carea' id='block_1_27' title="bbox 445 2633 2010 2712">
    <p class='ocr_par' dir='ltr' id='par_1_27' title="bbox 445 2633 2010 2712">
     <span class='ocr_line' id='line_1_27' title="bbox 445 2633 2010 2712; baseline 0.003 -22"><span class='ocrx_word' id='word_1_182' title='bbox 445 2633 516 2690; x_wconf 84' lang='lat' dir='ltr'><strong>ad</strong></span> <span class='ocrx_word' id='word_1_183' title='bbox 555 2633 754 2690; x_wconf 85' lang='lat' dir='ltr'><strong>Cancri</strong></span> <span class='ocrx_word' id='word_1_184' title='bbox 800 2636 1032 2692; x_wconf 90' lang='lat' dir='ltr'><strong>mediam</strong></span> <span class='ocrx_word' id='word_1_185' title='bbox 1078 2639 1148 2705; x_wconf 89' lang='lat'><strong>2;</strong></span> <span class='ocrx_word' id='word_1_186' title='bbox 1195 2641 1457 2695; x_wconf 83' lang='lat' dir='ltr'><strong>culminat</strong></span> <span class='ocrx_word' id='word_1_187' title='bbox 1507 2654 1538 2695; x_wconf 91' lang='lat' dir='ltr'><strong>a</strong></span> <span class='ocrx_word' id='word_1_188' title='bbox 1572 2639 1816 2712; x_wconf 74' lang='lat' dir='ltr'><strong>Virginis</strong></span> <span class='ocrx_word' id='word_1_189' title='bbox 1859 2641 1897 2695; x_wconf 91' lang='lat'><strong>2</strong></span> <span class='ocrx_word' id='word_1_190' title='bbox 1940 2641 2010 2695; x_wconf 88' lang='lat' dir='ltr'><strong>ad</strong></span> 
     </span>
    </p>
   </div>
   <div class='ocr_carea' id='block_1_28' title="bbox 442 2726 2010 2803">
    <p class='ocr_par' dir='ltr' id='par_1_28' title="bbox 442 2726 2010 2803">
     <span class='ocr_line' id='line_1_28' title="bbox 442 2726 2010 2803; baseline 0.004 -21"><span class='ocrx_word' id='word_1_191' title='bbox 442 2726 737 2783; x_wconf 80' lang='lat' dir='ltr'><strong>Chelarum</strong></span> <span class='ocrx_word' id='word_1_192' title='bbox 778 2727 869 2783; x_wconf 88' lang='lat'><strong>22.</strong></span> <span class='ocrx_word' id='word_1_193' title='bbox 899 2727 1058 2783; x_wconf 88' lang='lat' dir='ltr'><strong>Prior</strong></span> <span class='ocrx_word' id='word_1_194' title='bbox 1098 2728 1301 2785; x_wconf 82' lang='lat' dir='ltr'><strong>occidit</strong></span> <span class='ocrx_word' id='word_1_195' title='bbox 1345 2746 1467 2803; x_wconf 67' lang='lat' dir='ltr'><strong>qua:</strong></span> <span class='ocrx_word' id='word_1_196' title='bbox 1499 2738 1585 2787; x_wconf 90' lang='lat' dir='ltr'><strong>est</strong></span> <span class='ocrx_word' id='word_1_197' title='bbox 1617 2732 1671 2787; x_wconf 94' lang='lat' dir='ltr'><strong>in</strong></span> <span class='ocrx_word' id='word_1_198' title='bbox 1710 2733 1845 2803; x_wconf 90' lang='lat' dir='ltr'><strong>pede</strong></span> <span class='ocrx_word' id='word_1_199' title='bbox 1874 2734 2010 2790; x_wconf 84' lang='lat' dir='ltr'><strong>sini—</strong></span> 
     </span>
    </p>
   </div>
   <div class='ocr_carea' id='block_1_29' title="bbox 448 2818 2011 2889">
    <p class='ocr_par' dir='ltr' id='par_1_29' title="bbox 448 2818 2011 2889">
     <span class='ocr_line' id='line_1_29' title="bbox 448 2818 2011 2889; baseline 0.005 -19"><span class='ocrx_word' id='word_1_200' title='bbox 448 2820 566 2870; x_wconf 88' lang='lat' dir='ltr'><strong>stro</strong></span> <span class='ocrx_word' id='word_1_201' title='bbox 589 2829 605 2879; x_wconf 84' lang='lat'><strong>;</strong></span> <span class='ocrx_word' id='word_1_202' title='bbox 631 2821 940 2884; x_wconf 70' lang='lat' dir='ltr'><strong>pustremae,</strong></span> <span class='ocrx_word' id='word_1_203' title='bbox 968 2832 1089 2886; x_wconf 75' lang='lat' dir='ltr'><strong>qua:</strong></span> <span class='ocrx_word' id='word_1_204' title='bbox 1118 2818 1172 2872; x_wconf 93' lang='lat' dir='ltr'><strong>in</strong></span> <span class='ocrx_word' id='word_1_205' title='bbox 1206 2820 1401 2889; x_wconf 87' lang='lat' dir='ltr'><strong>capite.</strong></span> <span class='ocrx_word' id='word_1_206' title='bbox 1440 2819 1757 2876; x_wconf 88' lang='lat' dir='ltr'><strong>Culminant</strong></span> <span class='ocrx_word' id='word_1_207' title='bbox 1791 2839 1822 2879; x_wconf 89' lang='lat' dir='ltr'><strong>e</strong></span> <span class='ocrx_word' id='word_1_208' title='bbox 1848 2830 2011 2879; x_wconf 67' lang='lat' dir='ltr'><strong>caete-</strong></span> 
     </span>
    </p>
   </div>
   <div class='ocr_carea' id='block_1_30' title="bbox 443 2906 2012 2977">
    <p class='ocr_par' dir='ltr' id='par_1_30' title="bbox 443 2906 2012 2977">
     <span class='ocr_line' id='line_1_30' title="bbox 443 2906 2012 2977; baseline 0.008 -17"><span class='ocrx_word' id='word_1_209' title='bbox 443 2907 527 2961; x_wconf 87' lang='lat' dir='ltr'><strong>ris</strong></span> <span class='ocrx_word' id='word_1_210' title='bbox 573 2906 767 2969; x_wconf 80' lang='lat' dir='ltr'><strong>stellis,</strong></span> <span class='ocrx_word' id='word_1_211' title='bbox 822 2906 980 2961; x_wconf 92' lang='lat' dir='ltr'><strong>initio</strong></span> <span class='ocrx_word' id='word_1_212' title='bbox 1026 2925 1146 2977; x_wconf 65' lang='lat' dir='ltr'><strong>quae</strong></span> <span class='ocrx_word' id='word_1_213' title='bbox 1202 2919 1287 2966; x_wconf 89' lang='lat' dir='ltr'><strong>est</strong></span> <span class='ocrx_word' id='word_1_214' title='bbox 1342 2912 1398 2966; x_wconf 92' lang='lat' dir='ltr'><strong>in</strong></span> <span class='ocrx_word' id='word_1_215' title='bbox 1448 2915 1791 2970; x_wconf 75' lang='lat' dir='ltr'><strong>extremitate</strong></span> <span class='ocrx_word' id='word_1_216' title='bbox 1825 2916 2012 2972; x_wconf 84' lang='lat' dir='ltr'><strong>caudae</strong></span> 
     </span>
    </p>
   </div>
   <div class='ocr_carea' id='block_1_31' title="bbox 446 2984 2012 3079">
    <p class='ocr_par' dir='ltr' id='par_1_31' title="bbox 446 2984 2012 3079">
     <span class='ocr_line' id='line_1_31' title="bbox 446 2984 2012 3079; baseline 0.01 -33"><span class='ocrx_word' id='word_1_217' title='bbox 446 2992 733 3061; x_wconf 88' lang='lat' dir='ltr'><strong>Draconis,</strong></span> <span class='ocrx_word' id='word_1_218' title='bbox 765 3002 818 3051; x_wconf 90' lang='lat' dir='ltr'><strong>et</strong></span> <span class='ocrx_word' id='word_1_219' title='bbox 845 2996 1225 3054; x_wconf 85' lang='lat' dir='ltr'><strong>borealissima</strong></span> <span class='ocrx_word' id='word_1_220' title='bbox 1254 3000 1516 3067; x_wconf 74' lang='lat' dir='ltr'><strong>Coronae;</strong></span> <span class='ocrx_word' id='word_1_221' title='bbox 1563 2984 1862 3074; x_wconf 86' lang='lat' dir='ltr'><strong>postrema,</strong></span> <span class='ocrx_word' id='word_1_222' title='bbox 1891 3021 2012 3079; x_wconf 59' lang='lat' dir='ltr'><strong>qua;</strong></span> 
     </span>
    </p>
   </div>
   <div class='ocr_carea' id='block_1_32' title="bbox 2109 534 3686 612">
    <p class='ocr_par' dir='ltr' id='par_1_32' title="bbox 2109 534 3686 612">
     <span class='ocr_line' id='line_1_32' title="bbox 2109 534 3686 612; baseline -0.005 -19"><span class='ocrx_word' id='word_1_223' title='bbox 2109 539 2216 593; x_wconf 90' lang='grc' dir='ltr'><strong>τῶν</strong></span> <span class='ocrx_word' id='word_1_224' title='bbox 2255 542 2313 593; x_wconf 80' lang='grc' dir='ltr'>ὲν</span> <span class='ocrx_word' id='word_1_225' title='bbox 2353 543 2417 611; x_wconf 84' lang='grc' dir='ltr'>τῇ</span> <span class='ocrx_word' id='word_1_226' title='bbox 2458 540 2612 612; x_wconf 82' lang='grc' dir='ltr'>οὐρᾷ,</span> <span class='ocrx_word' id='word_1_227' title='bbox 2646 539 2869 609; x_wconf 80' lang='grc' dir='ltr'><strong>ἔσχατος</strong></span> <span class='ocrx_word' id='word_1_228' title='bbox 2892 537 2950 590; x_wconf 82' lang='grc' dir='ltr'>δὲ</span> <span class='ocrx_word' id='word_1_229' title='bbox 2977 540 3006 590; x_wconf 94' lang='lat'><strong>6</strong></span> <span class='ocrx_word' id='word_1_230' title='bbox 3042 536 3375 608; x_wconf 84' lang='grc' dir='ltr'>βορειότερος</span> <span class='ocrx_word' id='word_1_231' title='bbox 3400 534 3512 587; x_wconf 90' lang='grc' dir='ltr'><strong>τῶν</strong></span> <span class='ocrx_word' id='word_1_232' title='bbox 3537 537 3594 587; x_wconf 78' lang='grc' dir='ltr'>ἐν</span> <span class='ocrx_word' id='word_1_233' title='bbox 3621 535 3686 603; x_wconf 79' lang='grc' dir='ltr'>τῇ</span> 
     </span>
    </p>
   </div>
   <div class='ocr_carea' id='block_1_33' title="bbox 2109 624 3689 703">
    <p class='ocr_par' dir='ltr' id='par_1_33' title="bbox 2109 624 3689 703">
     <span class='ocr_line' id='line_1_33' title="bbox 2109 624 3689 703; baseline -0.004 -20"><span class='ocrx_word' id='word_1_234' title='bbox 2109 631 2347 703; x_wconf 71' lang='grc' dir='ltr'>ἑπομένῃ</span> <span class='ocrx_word' id='word_1_235' title='bbox 2389 630 2595 702; x_wconf 80' lang='grc' dir='ltr'><strong>πλευρᾷ</strong></span> <span class='ocrx_word' id='word_1_236' title='bbox 2621 629 2713 683; x_wconf 77' lang='grc' dir='ltr'><strong>τοῦ</strong></span> <span class='ocrx_word' id='word_1_237' title='bbox 2759 628 3010 698; x_wconf 72' lang='grc' dir='ltr'>Ῥόμόου.</span> <span class='ocrx_word' id='word_1_238' title='bbox 3034 626 3447 700; x_wconf 84' lang='grc' dir='ltr'>Μεσουρανοῦσι</span> <span class='ocrx_word' id='word_1_239' title='bbox 3491 625 3551 678; x_wconf 81' lang='grc' dir='ltr'>δὲ</span> <span class='ocrx_word' id='word_1_240' title='bbox 3583 624 3689 677; x_wconf 88' lang='grc' dir='ltr'><strong>τῶν</strong></span> 
     </span>
    </p>
   </div>
   <div class='ocr_carea' id='block_1_34' title="bbox 2107 715 3687 795">
    <p class='ocr_par' dir='ltr' id='par_1_34' title="bbox 2107 715 3687 795">
     <span class='ocr_line' id='line_1_34' title="bbox 2107 715 3687 795; baseline -0.005 -20"><span class='ocrx_word' id='word_1_241' title='bbox 2107 722 2306 775; x_wconf 85' lang='grc' dir='ltr'>λοιπῶν</span> <span class='ocrx_word' id='word_1_242' title='bbox 2332 722 2572 795; x_wconf 80' lang='grc' dir='ltr'><strong>ἀστέρων</strong></span> <span class='ocrx_word' id='word_1_243' title='bbox 2610 719 2816 792; x_wconf 79' lang='grc' dir='ltr'>πρῶτοι</span> <span class='ocrx_word' id='word_1_244' title='bbox 2846 720 2942 790; x_wconf 81' lang='grc' dir='ltr'><strong>μὲν</strong></span> <span class='ocrx_word' id='word_1_245' title='bbox 2967 720 2995 772; x_wconf 85' lang='grc' dir='ltr'><strong>ὃ</strong></span> <span class='ocrx_word' id='word_1_246' title='bbox 3021 736 3080 771; x_wconf 90' lang='grc' dir='ltr'><strong>τε</strong></span> <span class='ocrx_word' id='word_1_247' title='bbox 3104 719 3161 771; x_wconf 84' lang='grc' dir='ltr'>ὲν</span> <span class='ocrx_word' id='word_1_248' title='bbox 3193 719 3340 790; x_wconf 87' lang='grc' dir='ltr'>μέσῳ</span> <span class='ocrx_word' id='word_1_249' title='bbox 3365 716 3445 786; x_wconf 83' lang='grc' dir='ltr'><strong>τῷ</strong></span> <span class='ocrx_word' id='word_1_250' title='bbox 3472 715 3687 787; x_wconf 83' lang='grc' dir='ltr'>σώματι</span> 
     </span>
    </p>
   </div>
   <div class='ocr_carea' id='block_1_35' title="bbox 2106 807 3685 887">
    <p class='ocr_par' dir='ltr' id='par_1_35' title="bbox 2106 807 3685 887">
     <span class='ocr_line' id='line_1_35' title="bbox 2106 807 3685 887; baseline -0.006 -18"><span class='ocrx_word' id='word_1_251' title='bbox 2106 815 2199 869; x_wconf 89' lang='grc' dir='ltr'><strong>τοῦ</strong></span> <span class='ocrx_word' id='word_1_252' title='bbox 2253 815 2505 887; x_wconf 83' lang='grc' dir='ltr'><strong>Περσέως</strong></span> <span class='ocrx_word' id='word_1_253' title='bbox 2549 812 2817 885; x_wconf 82' lang='grc' dir='ltr'>λαμπρὸς,</span> <span class='ocrx_word' id='word_1_254' title='bbox 2872 812 3065 884; x_wconf 76' lang='grc' dir='ltr'>μικρὸν</span> <span class='ocrx_word' id='word_1_255' title='bbox 3122 809 3540 883; x_wconf 75' lang='grc' dir='ltr'>προηγούμενος</span> <span class='ocrx_word' id='word_1_256' title='bbox 3591 807 3685 860; x_wconf 89' lang='grc' dir='ltr'><strong>τοῦ</strong></span> 
     </span>
    </p>
   </div>
   <div class='ocr_carea' id='block_1_36' title="bbox 2109 900 3684 979">
    <p class='ocr_par' dir='ltr' id='par_1_36' title="bbox 2109 900 3684 979">
     <span class='ocr_line' id='line_1_36' title="bbox 2109 900 3684 979; baseline -0.006 -19"><span class='ocrx_word' id='word_1_257' title='bbox 2109 904 2504 979; x_wconf 68' lang='grc' dir='ltr'>μεσημϐρινοῦ,</span> <span class='ocrx_word' id='word_1_258' title='bbox 2536 904 2630 959; x_wconf 76' lang='grc' dir='ltr'><strong>καὶ</strong></span> <span class='ocrx_word' id='word_1_259' title='bbox 2673 905 2703 957; x_wconf 84' lang='grc' dir='ltr'><strong>ὁ</strong></span> <span class='ocrx_word' id='word_1_260' title='bbox 2744 904 3005 973; x_wconf 78' lang='grc' dir='ltr'>ἑπόμενος</span> <span class='ocrx_word' id='word_1_261' title='bbox 3041 902 3149 956; x_wconf 88' lang='grc' dir='ltr'><strong>τῶν</strong></span> <span class='ocrx_word' id='word_1_262' title='bbox 3189 904 3247 956; x_wconf 83' lang='grc' dir='ltr'><strong>ὲν</strong></span> <span class='ocrx_word' id='word_1_263' title='bbox 3275 905 3342 973; x_wconf 81' lang='grc' dir='ltr'>τῇ</span> <span class='ocrx_word' id='word_1_264' title='bbox 3381 900 3538 971; x_wconf 70' lang='grc' dir='ltr'>νοτία</span> <span class='ocrx_word' id='word_1_265' title='bbox 3566 916 3684 952; x_wconf 84' lang='grc' dir='ltr'>σια-</span> 
     </span>
    </p>
   </div>
   <div class='ocr_carea' id='block_1_37' title="bbox 2106 993 3685 1069">
    <p class='ocr_par' dir='ltr' id='par_1_37' title="bbox 2106 993 3685 1069">
     <span class='ocr_line' id='line_1_37' title="bbox 2106 993 3685 1069; baseline -0.005 -17"><span class='ocrx_word' id='word_1_266' title='bbox 2106 999 2222 1068; x_wconf 86' lang='grc' dir='ltr'>γόνι</span> <span class='ocrx_word' id='word_1_267' title='bbox 2251 997 2342 1051; x_wconf 85' lang='grc' dir='ltr'><strong>τοῦ</strong></span> <span class='ocrx_word' id='word_1_268' title='bbox 2372 998 2605 1069; x_wconf 82' lang='grc' dir='ltr'>Κήτους,</span> <span class='ocrx_word' id='word_1_269' title='bbox 2647 994 2839 1067; x_wconf 83' lang='grc' dir='ltr'>μικρὸν</span> <span class='ocrx_word' id='word_1_270' title='bbox 2881 995 3307 1066; x_wconf 83' lang='grc' dir='ltr'>ὑπολειπόμενος</span> <span class='ocrx_word' id='word_1_271' title='bbox 3339 993 3435 1047; x_wconf 90' lang='grc' dir='ltr'><strong>τοῦ</strong></span> <span class='ocrx_word' id='word_1_272' title='bbox 3472 1008 3685 1063; x_wconf 82' lang='grc' dir='ltr'>μεσημ-</span> 
     </span>
    </p>
   </div>
   <div class='ocr_carea' id='block_1_38' title="bbox 2106 1083 3684 1163">
    <p class='ocr_par' dir='ltr' id='par_1_38' title="bbox 2106 1083 3684 1163">
     <span class='ocr_line' id='line_1_38' title="bbox 2106 1083 3684 1163; baseline -0.005 -20"><span class='ocrx_word' id='word_1_273' title='bbox 2106 1089 2309 1163; x_wconf 65' lang='grc' dir='ltr'>ϐρινοῦ</span> <span class='ocrx_word' id='word_1_274' title='bbox 2340 1088 2556 1159; x_wconf 62' lang='grc' dir='ltr'>ἔσχατοι</span> <span class='ocrx_word' id='word_1_275' title='bbox 2584 1088 2640 1140; x_wconf 87' lang='grc' dir='ltr'><strong>δὲ</strong></span> <span class='ocrx_word' id='word_1_276' title='bbox 2666 1088 2715 1140; x_wconf 86' lang='grc' dir='ltr'>οἱ</span> <span class='ocrx_word' id='word_1_277' title='bbox 2744 1088 2801 1140; x_wconf 83' lang='grc' dir='ltr'><strong>ὲν</strong></span> <span class='ocrx_word' id='word_1_278' title='bbox 2828 1086 2905 1158; x_wconf 82' lang='grc' dir='ltr'>τῷ</span> <span class='ocrx_word' id='word_1_279' title='bbox 2927 1085 3201 1158; x_wconf 83' lang='grc' dir='ltr'>ἀριστερῷ</span> <span class='ocrx_word' id='word_1_280' title='bbox 3217 1085 3407 1155; x_wconf 84' lang='grc' dir='ltr'>γόνατι</span> <span class='ocrx_word' id='word_1_281' title='bbox 3426 1083 3525 1137; x_wconf 88' lang='grc' dir='ltr'><strong>τοῦ</strong></span> <span class='ocrx_word' id='word_1_282' title='bbox 3547 1084 3684 1155; x_wconf 87' lang='grc' dir='ltr'>Περ-</span> 
     </span>
    </p>
   </div>
   <div class='ocr_carea' id='block_1_39' title="bbox 2106 1173 3683 1249">
    <p class='ocr_par' dir='ltr' id='par_1_39' title="bbox 2106 1173 3683 1249">
     <span class='ocr_line' id='line_1_39' title="bbox 2106 1173 3683 1249; baseline 0.006 -16"><span class='ocrx_word' id='word_1_283' title='bbox 2106 1181 2263 1245; x_wconf 76' lang='grc' dir='ltr'>σέως,</span> <span class='ocrx_word' id='word_1_284' title='bbox 2297 1180 2391 1234; x_wconf 71' lang='grc' dir='ltr'>καὶ</span> <span class='ocrx_word' id='word_1_285' title='bbox 2419 1180 2520 1249; x_wconf 82' lang='grc' dir='ltr'>τῆς</span> <span class='ocrx_word' id='word_1_286' title='bbox 2566 1177 2819 1241; x_wconf 83' lang='grc' dir='ltr'>Πλειάδος</span> <span class='ocrx_word' id='word_1_287' title='bbox 2873 1176 2933 1231; x_wconf 73' lang='grc' dir='ltr'><strong>τὸ</strong></span> <span class='ocrx_word' id='word_1_288' title='bbox 2983 1177 3317 1249; x_wconf 79' lang='grc' dir='ltr'>βορειότερον</span> <span class='ocrx_word' id='word_1_289' title='bbox 3377 1175 3547 1247; x_wconf 77' lang='grc' dir='ltr'>μέρος</span> <span class='ocrx_word' id='word_1_290' title='bbox 3587 1173 3683 1242; x_wconf 68' lang='grc' dir='ltr'><strong>τῆς</strong></span> 
     </span>
    </p>
   </div>
   <div class='ocr_carea' id='block_1_40' title="bbox 2103 1266 3680 1345">
    <p class='ocr_par' dir='ltr' id='par_1_40' title="bbox 2103 1266 3680 1345">
     <span class='ocr_line' id='line_1_40' title="bbox 2103 1266 3680 1345; baseline -0.006 -19"><span class='ocrx_word' id='word_1_291' title='bbox 2103 1272 2410 1345; x_wconf 76' lang='grc' dir='ltr'>ἡγουμένης</span> <span class='ocrx_word' id='word_1_292' title='bbox 2463 1271 2721 1343; x_wconf 79' lang='grc' dir='ltr'>πλευρᾶς.</span> <span class='ocrx_word' id='word_1_293' title='bbox 2756 1269 2912 1323; x_wconf 91' lang='grc' dir='ltr'>Δύνει</span> <span class='ocrx_word' id='word_1_294' title='bbox 2958 1269 3015 1322; x_wconf 80' lang='grc' dir='ltr'>δὲ</span> <span class='ocrx_word' id='word_1_295' title='bbox 3044 1272 3073 1323; x_wconf 92' lang='lat'><strong>6</strong></span> <span class='ocrx_word' id='word_1_296' title='bbox 3109 1269 3301 1338; x_wconf 72' lang='grc' dir='ltr'>Δελφὶς</span> <span class='ocrx_word' id='word_1_297' title='bbox 3326 1268 3385 1321; x_wconf 82' lang='grc' dir='ltr'>ὲν</span> <span class='ocrx_word' id='word_1_298' title='bbox 3406 1266 3680 1337; x_wconf 81' lang='grc' dir='ltr'>ἡμιωρίῳ.</span> 
     </span>
    </p>
   </div>
   <div class='ocr_carea' id='block_1_41' title="bbox 2178 1357 3686 1432">
    <p class='ocr_par' dir='ltr' id='par_1_41' title="bbox 2178 1357 3686 1432">
     <span class='ocr_line' id='line_1_41' title="bbox 2178 1357 3686 1432; baseline -0.005 -16"><span class='ocrx_word' id='word_1_299' title='bbox 2178 1361 2285 1417; x_wconf 87' lang='grc' dir='ltr'><strong>Τοῦ</strong></span> <span class='ocrx_word' id='word_1_300' title='bbox 2319 1361 2377 1415; x_wconf 82' lang='grc' dir='ltr'>δὲ</span> <span class='ocrx_word' id='word_1_301' title='bbox 2411 1360 2663 1432; x_wconf 84' lang='grc' dir='ltr'>Περσέως</span> <span class='ocrx_word' id='word_1_302' title='bbox 2692 1360 2956 1426; x_wconf 77' lang='grc' dir='ltr'>δύνοντος,</span> <span class='ocrx_word' id='word_1_303' title='bbox 2988 1358 3381 1429; x_wconf 86' lang='grc' dir='ltr'>συγκαταδύνει</span> <span class='ocrx_word' id='word_1_304' title='bbox 3409 1358 3513 1429; x_wconf 87' lang='grc' dir='ltr'><strong>μὲν</strong></span> <span class='ocrx_word' id='word_1_305' title='bbox 3539 1357 3686 1427; x_wconf 81' lang='grc' dir='ltr'>αὐτῷ</span> 
     </span>
    </p>
   </div>
   <div class='ocr_carea' id='block_1_42' title="bbox 2102 1448 3684 1524">
    <p class='ocr_par' dir='ltr' id='par_1_42' title="bbox 2102 1448 3684 1524">
     <span class='ocr_line' id='line_1_42' title="bbox 2102 1448 3684 1524; baseline -0.004 -17"><span class='ocrx_word' id='word_1_306' title='bbox 2102 1456 2131 1508; x_wconf 92' lang='lat'><strong>6</strong></span> <span class='ocrx_word' id='word_1_307' title='bbox 2156 1453 2415 1519; x_wconf 76' lang='grc' dir='ltr'>ζωδιακὸς</span> <span class='ocrx_word' id='word_1_308' title='bbox 2438 1454 2545 1507; x_wconf 84' lang='grc' dir='ltr'><strong>ἀπὸ</strong></span> <span class='ocrx_word' id='word_1_309' title='bbox 2566 1453 2660 1507; x_wconf 86' lang='grc' dir='ltr'><strong>τοῦ</strong></span> <span class='ocrx_word' id='word_1_310' title='bbox 2680 1454 2891 1524; x_wconf 85' lang='grc' dir='ltr'>Ταύρου</span> <span class='ocrx_word' id='word_1_311' title='bbox 2929 1453 3038 1524; x_wconf 79' lang='grc' dir='ltr'>μοί.</span> <span class='ocrx_word' id='word_1_312' title='bbox 3060 1453 3103 1523; x_wconf 89' lang='grc' dir='ltr'><strong>β’</strong></span> <span class='ocrx_word' id='word_1_313' title='bbox 3134 1453 3237 1516; x_wconf 80' lang='grc' dir='ltr'>ἓως</span> <span class='ocrx_word' id='word_1_314' title='bbox 3269 1451 3489 1522; x_wconf 80' lang='grc' dir='ltr'>Ταύρου</span> <span class='ocrx_word' id='word_1_315' title='bbox 3510 1450 3622 1520; x_wconf 75' lang='grc' dir='ltr'>μοι.</span> <span class='ocrx_word' id='word_1_316' title='bbox 3641 1448 3684 1501; x_wconf 80' lang='grc' dir='ltr'><strong>θ’</strong></span> 
     </span>
    </p>
   </div>
   <div class='ocr_carea' id='block_1_43' title="bbox 2104 1540 3688 1615">
    <p class='ocr_par' dir='ltr' id='par_1_43' title="bbox 2104 1540 3688 1615">
     <span class='ocr_line' id='line_1_43' title="bbox 2104 1540 3688 1615; baseline -0.003 -17"><span class='ocrx_word' id='word_1_317' title='bbox 2104 1544 2200 1599; x_wconf 77' lang='grc' dir='ltr'><strong>καὶ</strong></span> <span class='ocrx_word' id='word_1_318' title='bbox 2223 1542 2290 1598; x_wconf 87' lang='grc' dir='ltr'><strong>κ’·</strong></span> <span class='ocrx_word' id='word_1_319' title='bbox 2317 1561 2381 1615; x_wconf 87' lang='grc' dir='ltr'><strong>με</strong></span> <span class='ocrx_word' id='word_1_320' title='bbox 2390 1561 2481 1598; x_wconf 90' lang='grc' dir='ltr'><strong>σου</strong></span> <span class='ocrx_word' id='word_1_321' title='bbox 2492 1547 2640 1615; x_wconf 90' lang='grc' dir='ltr'>ρανεί</span> <span class='ocrx_word' id='word_1_322' title='bbox 2653 1544 2710 1597; x_wconf 81' lang='grc' dir='ltr'>δὲ</span> <span class='ocrx_word' id='word_1_323' title='bbox 2728 1544 2834 1598; x_wconf 77' lang='grc' dir='ltr'><strong>ἀπὸ</strong></span> <span class='ocrx_word' id='word_1_324' title='bbox 2848 1544 3071 1608; x_wconf 80' lang='grc' dir='ltr'>Λέοντος</span> <span class='ocrx_word' id='word_1_325' title='bbox 3094 1542 3146 1609; x_wconf 84' lang='grc' dir='ltr'>ς’</span> <span class='ocrx_word' id='word_1_326' title='bbox 3166 1543 3336 1615; x_wconf 89' lang='grc' dir='ltr'>μέσης</span> <span class='ocrx_word' id='word_1_327' title='bbox 3355 1543 3463 1606; x_wconf 75' lang='grc' dir='ltr'><strong>ἕως</strong></span> <span class='ocrx_word' id='word_1_328' title='bbox 3483 1540 3688 1612; x_wconf 75' lang='grc' dir='ltr'>Παρθέ-</span> 
     </span>
    </p>
   </div>
   <div class='ocr_carea' id='block_1_44' title="bbox 2102 1634 3687 1709">
    <p class='ocr_par' dir='ltr' id='par_1_44' title="bbox 2102 1634 3687 1709">
     <span class='ocr_line' id='line_1_44' title="bbox 2102 1634 3687 1709; baseline -0.003 -19"><span class='ocrx_word' id='word_1_329' title='bbox 2102 1654 2192 1690; x_wconf 87' lang='grc' dir='ltr'><strong>νου</strong></span> <span class='ocrx_word' id='word_1_330' title='bbox 2222 1635 2250 1689; x_wconf 87' lang='grc' dir='ltr'>ι’</span> <span class='ocrx_word' id='word_1_331' title='bbox 2271 1637 2461 1709; x_wconf 82' lang='grc' dir='ltr'>μέσης.</span> <span class='ocrx_word' id='word_1_332' title='bbox 2490 1637 2599 1691; x_wconf 80' lang='grc' dir='ltr'>Καὶ</span> <span class='ocrx_word' id='word_1_333' title='bbox 2626 1643 2675 1689; x_wconf 79' lang='grc' dir='ltr'>α’</span> <span class='ocrx_word' id='word_1_334' title='bbox 2706 1636 2804 1706; x_wconf 85' lang='grc' dir='ltr'><strong>μὲν</strong></span> <span class='ocrx_word' id='word_1_335' title='bbox 2825 1635 2998 1707; x_wconf 82' lang='grc' dir='ltr'>ἀστὴρ</span> <span class='ocrx_word' id='word_1_336' title='bbox 3024 1635 3167 1689; x_wconf 88' lang='grc' dir='ltr'>δύνει</span> <span class='ocrx_word' id='word_1_337' title='bbox 3187 1635 3294 1689; x_wconf 88' lang='grc' dir='ltr'><strong>τῶν</strong></span> <span class='ocrx_word' id='word_1_338' title='bbox 3315 1634 3470 1705; x_wconf 74' lang='grc' dir='ltr'>ἐντῷ</span> <span class='ocrx_word' id='word_1_339' title='bbox 3499 1634 3687 1705; x_wconf 74' lang='grc' dir='ltr'>Γοργο-</span> 
     </span>
    </p>
   </div>
   <div class='ocr_carea' id='block_1_45' title="bbox 2104 1724 3685 1801">
    <p class='ocr_par' dir='ltr' id='par_1_45' title="bbox 2104 1724 3685 1801">
     <span class='ocr_line' id='line_1_45' title="bbox 2104 1724 3685 1801; baseline -0.003 -20"><span class='ocrx_word' id='word_1_340' title='bbox 2104 1728 2202 1800; x_wconf 80' lang='grc' dir='ltr'>νίῳ</span> <span class='ocrx_word' id='word_1_341' title='bbox 2222 1732 2250 1783; x_wconf 90' lang='lat'><strong>6</strong></span> <span class='ocrx_word' id='word_1_342' title='bbox 2295 1729 2629 1801; x_wconf 79' lang='grc' dir='ltr'>βορειότερος</span> <span class='ocrx_word' id='word_1_343' title='bbox 2665 1728 2773 1782; x_wconf 87' lang='grc' dir='ltr'><strong>τῶν</strong></span> <span class='ocrx_word' id='word_1_344' title='bbox 2814 1728 3148 1800; x_wconf 80' lang='grc' dir='ltr'>ἡγουμένων,</span> <span class='ocrx_word' id='word_1_345' title='bbox 3169 1728 3396 1798; x_wconf 74' lang='grc' dir='ltr'>ἔσχατος</span> <span class='ocrx_word' id='word_1_346' title='bbox 3419 1726 3480 1779; x_wconf 82' lang='grc' dir='ltr'><strong>δὲ</strong></span> <span class='ocrx_word' id='word_1_347' title='bbox 3501 1724 3611 1778; x_wconf 88' lang='grc' dir='ltr'><strong>τῶν</strong></span> <span class='ocrx_word' id='word_1_348' title='bbox 3629 1727 3685 1778; x_wconf 75' lang='grc' dir='ltr'>ἐν</span> 
     </span>
    </p>
   </div>
   <div class='ocr_carea' id='block_1_46' title="bbox 2104 1818 3686 1894">
    <p class='ocr_par' dir='ltr' id='par_1_46' title="bbox 2104 1818 3686 1894">
     <span class='ocr_line' id='line_1_46' title="bbox 2104 1818 3686 1894; baseline -0.003 -17"><span class='ocrx_word' id='word_1_349' title='bbox 2104 1822 2182 1894; x_wconf 85' lang='grc' dir='ltr'>τῷ</span> <span class='ocrx_word' id='word_1_350' title='bbox 2204 1822 2360 1893; x_wconf 79' lang='grc' dir='ltr'>δεξιῷ</span> <span class='ocrx_word' id='word_1_351' title='bbox 2384 1821 2590 1891; x_wconf 88' lang='grc' dir='ltr'>γόνατι.</span> <span class='ocrx_word' id='word_1_352' title='bbox 2608 1820 3016 1893; x_wconf 76' lang='grc' dir='ltr'>Μεσουρανοῦσι</span> <span class='ocrx_word' id='word_1_353' title='bbox 3036 1820 3091 1874; x_wconf 83' lang='grc' dir='ltr'>δὲ</span> <span class='ocrx_word' id='word_1_354' title='bbox 3108 1819 3215 1873; x_wconf 88' lang='grc' dir='ltr'><strong>τῶν</strong></span> <span class='ocrx_word' id='word_1_355' title='bbox 3242 1820 3418 1874; x_wconf 84' lang='grc' dir='ltr'>ἄλλων</span> <span class='ocrx_word' id='word_1_356' title='bbox 3439 1818 3686 1890; x_wconf 84' lang='grc' dir='ltr'>ἀστέρων</span> 
     </span>
    </p>
   </div>
   <div class='ocr_carea' id='block_1_47' title="bbox 2106 1909 3686 1985">
    <p class='ocr_par' dir='ltr' id='par_1_47' title="bbox 2106 1909 3686 1985">
     <span class='ocr_line' id='line_1_47' title="bbox 2106 1909 3686 1985; baseline -0.003 -17"><span class='ocrx_word' id='word_1_357' title='bbox 2106 1916 2163 1968; x_wconf 76' lang='grc' dir='ltr'>ὲν</span> <span class='ocrx_word' id='word_1_358' title='bbox 2191 1915 2333 1985; x_wconf 81' lang='grc' dir='ltr'>ἀρχῇ</span> <span class='ocrx_word' id='word_1_359' title='bbox 2371 1913 2469 1984; x_wconf 84' lang='grc' dir='ltr'><strong>μὲν</strong></span> <span class='ocrx_word' id='word_1_360' title='bbox 2505 1914 2533 1967; x_wconf 81' lang='grc' dir='ltr'>ὅ</span> <span class='ocrx_word' id='word_1_361' title='bbox 2567 1931 2627 1966; x_wconf 88' lang='grc' dir='ltr'><strong>τε</strong></span> <span class='ocrx_word' id='word_1_362' title='bbox 2666 1915 2725 1968; x_wconf 82' lang='grc' dir='ltr'>ὲν</span> <span class='ocrx_word' id='word_1_363' title='bbox 2756 1916 2823 1985; x_wconf 80' lang='grc' dir='ltr'>τῇ</span> <span class='ocrx_word' id='word_1_364' title='bbox 2862 1912 3059 1985; x_wconf 71' lang='grc' dir='ltr'>γαστρὶ</span> <span class='ocrx_word' id='word_1_365' title='bbox 3086 1911 3180 1966; x_wconf 89' lang='grc' dir='ltr'><strong>τοῦ</strong></span> <span class='ocrx_word' id='word_1_366' title='bbox 3199 1913 3445 1976; x_wconf 83' lang='grc' dir='ltr'>Λέοντος,</span> <span class='ocrx_word' id='word_1_367' title='bbox 3612 1911 3686 1975; x_wconf 87' lang='grc' dir='ltr'><strong>ῶς</strong></span> 
     </span>
    </p>
   </div>
   <div class='ocr_carea' id='block_1_48' title="bbox 2104 2002 3683 2076">
    <p class='ocr_par' dir='ltr' id='par_1_48' title="bbox 2104 2002 3683 2076">
     <span class='ocr_line' id='line_1_48' title="bbox 2104 2002 3683 2076; baseline -0.001 -19"><span class='ocrx_word' id='word_1_368' title='bbox 2104 2006 2404 2076; x_wconf 74' lang='grc' dir='ltr'>ήμιπήχιον</span> <span class='ocrx_word' id='word_1_369' title='bbox 2449 2004 2877 2076; x_wconf 85' lang='grc' dir='ltr'>ὑπολειπόμενος</span> <span class='ocrx_word' id='word_1_370' title='bbox 2919 2003 3012 2059; x_wconf 87' lang='grc' dir='ltr'><strong>τοῦ</strong></span> <span class='ocrx_word' id='word_1_371' title='bbox 3053 2002 3565 2075; x_wconf 75' lang='grc' dir='ltr'>μεσημϐρινοῦ,καὶ</span> <span class='ocrx_word' id='word_1_372' title='bbox 3594 2002 3683 2055; x_wconf 85' lang='grc' dir='ltr'><strong>τοῦ</strong></span> 
     </span>
    </p>
   </div>
   <div class='ocr_carea' id='block_1_49' title="bbox 2108 2092 3686 2167">
    <p class='ocr_par' dir='ltr' id='par_1_49' title="bbox 2108 2092 3686 2167">
     <span class='ocr_line' id='line_1_49' title="bbox 2108 2092 3686 2167; baseline -0.002 -19"><span class='ocrx_word' id='word_1_373' title='bbox 2108 2094 2306 2167; x_wconf 75' lang='grc' dir='ltr'>’Υδρου</span> <span class='ocrx_word' id='word_1_374' title='bbox 2332 2095 2361 2147; x_wconf 97' lang='lat'><strong>6</strong></span> <span class='ocrx_word' id='word_1_375' title='bbox 2387 2092 2644 2166; x_wconf 81' lang='grc' dir='ltr'>τέταρτος</span> <span class='ocrx_word' id='word_1_376' title='bbox 2666 2093 2775 2146; x_wconf 90' lang='grc' dir='ltr'><strong>τῶν</strong></span> <span class='ocrx_word' id='word_1_377' title='bbox 2799 2092 2936 2164; x_wconf 88' lang='grc' dir='ltr'><strong>μετά</strong></span> <span class='ocrx_word' id='word_1_378' title='bbox 2961 2094 3051 2146; x_wconf 85' lang='grc' dir='ltr'><strong>τὸν</strong></span> <span class='ocrx_word' id='word_1_379' title='bbox 3075 2092 3345 2164; x_wconf 84' lang='grc' dir='ltr'>λαμπρὸν,</span> <span class='ocrx_word' id='word_1_380' title='bbox 3367 2093 3445 2155; x_wconf 88' lang='grc' dir='ltr'>ὡς</span> <span class='ocrx_word' id='word_1_381' title='bbox 3476 2093 3686 2164; x_wconf 82' lang='grc' dir='ltr'>ήμιπή-</span> 
     </span>
    </p>
   </div>
   <div class='ocr_carea' id='block_1_50' title="bbox 2106 2183 3683 2257">
    <p class='ocr_par' dir='ltr' id='par_1_50' title="bbox 2106 2183 3683 2257">
     <span class='ocr_line' id='line_1_50' title="bbox 2106 2183 3683 2257; baseline 0.001 -20"><span class='ocrx_word' id='word_1_382' title='bbox 2106 2201 2222 2257; x_wconf 87' lang='grc' dir='ltr'>χιον</span> <span class='ocrx_word' id='word_1_383' title='bbox 2276 2183 2682 2257; x_wconf 85' lang='grc' dir='ltr'>προηγούμενος</span> <span class='ocrx_word' id='word_1_384' title='bbox 2732 2183 2828 2238; x_wconf 80' lang='grc' dir='ltr'><strong>τοῦ</strong></span> <span class='ocrx_word' id='word_1_385' title='bbox 2865 2183 3255 2256; x_wconf 75' lang='grc' dir='ltr'>μεσημϐρινοῦ,</span> <span class='ocrx_word' id='word_1_386' title='bbox 3292 2186 3385 2238; x_wconf 74' lang='grc' dir='ltr'><strong>καὶ</strong></span> <span class='ocrx_word' id='word_1_387' title='bbox 3418 2184 3520 2255; x_wconf 87' lang='grc' dir='ltr'>τῆς</span> <span class='ocrx_word' id='word_1_388' title='bbox 3561 2186 3683 2257; x_wconf 76' lang='grc' dir='ltr'><strong>Ἀρ-</strong></span> 
     </span>
    </p>
   </div>
   <div class='ocr_carea' id='block_1_51' title="bbox 2106 2276 3686 2348">
    <p class='ocr_par' dir='ltr' id='par_1_51' title="bbox 2106 2276 3686 2348">
     <span class='ocr_line' id='line_1_51' title="bbox 2106 2276 3686 2348; baseline -0.001 -18"><span class='ocrx_word' id='word_1_389' title='bbox 2106 2276 2236 2347; x_wconf 85' lang='grc' dir='ltr'>γοῦς</span> <span class='ocrx_word' id='word_1_390' title='bbox 2258 2279 2286 2331; x_wconf 91' lang='lat'><strong>6</strong></span> <span class='ocrx_word' id='word_1_391' title='bbox 2307 2276 2528 2347; x_wconf 77' lang='grc' dir='ltr'>ἔσχατος</span> <span class='ocrx_word' id='word_1_392' title='bbox 2558 2276 2668 2330; x_wconf 90' lang='grc' dir='ltr'><strong>τῶν</strong></span> <span class='ocrx_word' id='word_1_393' title='bbox 2692 2278 2751 2330; x_wconf 77' lang='grc' dir='ltr'>ὲν</span> <span class='ocrx_word' id='word_1_394' title='bbox 2781 2278 2847 2348; x_wconf 86' lang='grc' dir='ltr'>τῇ</span> <span class='ocrx_word' id='word_1_395' title='bbox 2873 2278 3069 2348; x_wconf 81' lang='grc' dir='ltr'>τροπῇ·</span> <span class='ocrx_word' id='word_1_396' title='bbox 3097 2276 3313 2347; x_wconf 71' lang='grc' dir='ltr'>ἔσχατοι</span> <span class='ocrx_word' id='word_1_397' title='bbox 3336 2276 3394 2328; x_wconf 81' lang='grc' dir='ltr'>δὲ</span> <span class='ocrx_word' id='word_1_398' title='bbox 3424 2292 3686 2347; x_wconf 75' lang='grc' dir='ltr'>μεσουρα-</span> 
     </span>
    </p>
   </div>
   <div class='ocr_carea' id='block_1_52' title="bbox 2107 2366 3684 2440">
    <p class='ocr_par' dir='ltr' id='par_1_52' title="bbox 2107 2366 3684 2440">
     <span class='ocr_line' id='line_1_52' title="bbox 2107 2366 3684 2440; baseline 0.001 -20"><span class='ocrx_word' id='word_1_399' title='bbox 2107 2366 2290 2421; x_wconf 86' lang='grc' dir='ltr'>νοῦσιν</span> <span class='ocrx_word' id='word_1_400' title='bbox 2311 2368 2338 2421; x_wconf 84' lang='grc' dir='ltr'>ὅ</span> <span class='ocrx_word' id='word_1_401' title='bbox 2358 2385 2418 2421; x_wconf 84' lang='grc' dir='ltr'><strong>τε</strong></span> <span class='ocrx_word' id='word_1_402' title='bbox 2435 2369 2491 2421; x_wconf 80' lang='grc' dir='ltr'><strong>ὲν</strong></span> <span class='ocrx_word' id='word_1_403' title='bbox 2516 2370 2580 2439; x_wconf 80' lang='grc' dir='ltr'>τῇ</span> <span class='ocrx_word' id='word_1_404' title='bbox 2601 2369 2737 2440; x_wconf 78' lang='grc' dir='ltr'>οὐρᾷ</span> <span class='ocrx_word' id='word_1_405' title='bbox 2767 2366 2861 2421; x_wconf 86' lang='grc' dir='ltr'><strong>τοῦ</strong></span> <span class='ocrx_word' id='word_1_406' title='bbox 2886 2368 3130 2439; x_wconf 84' lang='grc' dir='ltr'>Κόρακος</span> <span class='ocrx_word' id='word_1_407' title='bbox 3150 2368 3245 2422; x_wconf 69' lang='grc' dir='ltr'>καὶ</span> <span class='ocrx_word' id='word_1_408' title='bbox 3263 2370 3292 2422; x_wconf 91' lang='lat'><strong>6</strong></span> <span class='ocrx_word' id='word_1_409' title='bbox 3311 2370 3368 2422; x_wconf 83' lang='grc' dir='ltr'>ὲν</span> <span class='ocrx_word' id='word_1_410' title='bbox 3388 2371 3506 2432; x_wconf 85' lang='grc' dir='ltr'>τοῖς</span> <span class='ocrx_word' id='word_1_411' title='bbox 3530 2368 3684 2421; x_wconf 72' lang='grc' dir='ltr'>ποσὶν</span> 
     </span>
    </p>
   </div>
   <div class='ocr_carea' id='block_1_53' title="bbox 2107 2456 3681 2531">
    <p class='ocr_par' dir='ltr' id='par_1_53' title="bbox 2107 2456 3681 2531">
     <span class='ocr_line' id='line_1_53' title="bbox 2107 2456 3681 2531; baseline 0 -18"><span class='ocrx_word' id='word_1_412' title='bbox 2107 2458 2295 2514; x_wconf 82' lang='grc' dir='ltr'>αὑτοῦ.</span> <span class='ocrx_word' id='word_1_413' title='bbox 2329 2458 2484 2513; x_wconf 90' lang='grc' dir='ltr'>Δύνει</span> <span class='ocrx_word' id='word_1_414' title='bbox 2525 2459 2581 2512; x_wconf 84' lang='grc' dir='ltr'>δὲ</span> <span class='ocrx_word' id='word_1_415' title='bbox 2610 2460 2638 2512; x_wconf 90' lang='grc' dir='ltr'>ὁ</span> <span class='ocrx_word' id='word_1_416' title='bbox 2674 2460 2913 2531; x_wconf 72' lang='grc' dir='ltr'>Περσεὺς</span> <span class='ocrx_word' id='word_1_417' title='bbox 2941 2462 2998 2514; x_wconf 85' lang='grc' dir='ltr'>ὲν</span> <span class='ocrx_word' id='word_1_418' title='bbox 3027 2458 3193 2530; x_wconf 81' lang='grc' dir='ltr'>ὥραις</span> <span class='ocrx_word' id='word_1_419' title='bbox 3223 2457 3266 2529; x_wconf 84' lang='grc' dir='ltr'><strong>β’</strong></span> <span class='ocrx_word' id='word_1_420' title='bbox 3298 2458 3393 2512; x_wconf 77' lang='grc' dir='ltr'><strong>καὶ</strong></span> <span class='ocrx_word' id='word_1_421' title='bbox 3424 2456 3473 2527; x_wconf 87' lang='grc' dir='ltr'>γ’</span> <span class='ocrx_word' id='word_1_422' title='bbox 3509 2459 3681 2530; x_wconf 84' lang='grc' dir='ltr'>μέρει.</span> 
     </span>
    </p>
   </div>
   <div class='ocr_carea' id='block_1_54' title="bbox 2180 2548 3685 2621">
    <p class='ocr_par' dir='ltr' id='par_1_54' title="bbox 2180 2548 3685 2621">
     <span class='ocr_line' id='line_1_54' title="bbox 2180 2548 3685 2621; baseline 0.001 -18"><span class='ocrx_word' id='word_1_423' title='bbox 2180 2548 2288 2603; x_wconf 90' lang='grc' dir='ltr'><strong>Τοῦ</strong></span> <span class='ocrx_word' id='word_1_424' title='bbox 2325 2549 2383 2603; x_wconf 80' lang='grc' dir='ltr'>δὲ</span> <span class='ocrx_word' id='word_1_425' title='bbox 2423 2549 2664 2621; x_wconf 87' lang='grc' dir='ltr'>Ἡνιόχου</span> <span class='ocrx_word' id='word_1_426' title='bbox 2700 2550 2966 2614; x_wconf 85' lang='grc' dir='ltr'>δύνοντος,</span> <span class='ocrx_word' id='word_1_427' title='bbox 2992 2549 3379 2619; x_wconf 87' lang='grc' dir='ltr'>συγκαταδύνει</span> <span class='ocrx_word' id='word_1_428' title='bbox 3416 2551 3519 2621; x_wconf 81' lang='grc' dir='ltr'><strong>μὲν</strong></span> <span class='ocrx_word' id='word_1_429' title='bbox 3540 2550 3685 2621; x_wconf 77' lang='grc' dir='ltr'>αύτῷ</span> 
     </span>
    </p>
   </div>
   <div class='ocr_carea' id='block_1_55' title="bbox 2107 2637 3684 2712">
    <p class='ocr_par' dir='ltr' id='par_1_55' title="bbox 2107 2637 3684 2712">
     <span class='ocr_line' id='line_1_55' title="bbox 2107 2637 3684 2712; baseline 0.001 -18"><span class='ocrx_word' id='word_1_430' title='bbox 2107 2642 2137 2694; x_wconf 92' lang='lat'><strong>6</strong></span> <span class='ocrx_word' id='word_1_431' title='bbox 2158 2639 2419 2704; x_wconf 70' lang='grc' dir='ltr'>ζωδιακὸς</span> <span class='ocrx_word' id='word_1_432' title='bbox 2464 2641 2572 2694; x_wconf 85' lang='grc' dir='ltr'><strong>ἀπὸ</strong></span> <span class='ocrx_word' id='word_1_433' title='bbox 2609 2640 2821 2711; x_wconf 87' lang='grc' dir='ltr'>Ταύρου</span> <span class='ocrx_word' id='word_1_434' title='bbox 2865 2641 2973 2712; x_wconf 83' lang='grc' dir='ltr'>μοί.</span> <span class='ocrx_word' id='word_1_435' title='bbox 2999 2638 3048 2709; x_wconf 84' lang='grc' dir='ltr'>γ’</span> <span class='ocrx_word' id='word_1_436' title='bbox 3072 2641 3165 2695; x_wconf 74' lang='grc' dir='ltr'><strong>καὶ</strong></span> <span class='ocrx_word' id='word_1_437' title='bbox 3198 2637 3245 2693; x_wconf 83' lang='grc' dir='ltr'>κ’</span> <span class='ocrx_word' id='word_1_438' title='bbox 3279 2640 3385 2704; x_wconf 72' lang='grc' dir='ltr'><strong>ἕως</strong></span> <span class='ocrx_word' id='word_1_439' title='bbox 3407 2641 3684 2712; x_wconf 73' lang='grc' dir='ltr'>Καρκίνου</span> 
     </span>
    </p>
   </div>
   <div class='ocr_carea' id='block_1_56' title="bbox 2112 2730 3687 2804">
    <p class='ocr_par' dir='ltr' id='par_1_56' title="bbox 2112 2730 3687 2804">
     <span class='ocr_line' id='line_1_56' title="bbox 2112 2730 3687 2804; baseline 0.001 -20"><span class='ocrx_word' id='word_1_440' title='bbox 2112 2730 2155 2803; x_wconf 85' lang='grc' dir='ltr'><strong>β’</strong></span> <span class='ocrx_word' id='word_1_441' title='bbox 2182 2732 2353 2803; x_wconf 84' lang='grc' dir='ltr'>μέσης</span> <span class='ocrx_word' id='word_1_442' title='bbox 2373 2748 2387 2762; x_wconf 76' lang='grc' dir='ltr'><strong>ο</strong></span> <span class='ocrx_word' id='word_1_443' title='bbox 2426 2736 2745 2804; x_wconf 87' lang='grc' dir='ltr'>μεσουρανεί</span> <span class='ocrx_word' id='word_1_444' title='bbox 2771 2732 2825 2786; x_wconf 81' lang='grc' dir='ltr'>δὲ</span> <span class='ocrx_word' id='word_1_445' title='bbox 2859 2732 2966 2785; x_wconf 82' lang='grc' dir='ltr'><strong>ἀπὸ</strong></span> <span class='ocrx_word' id='word_1_446' title='bbox 2990 2731 3264 2804; x_wconf 83' lang='grc' dir='ltr'>Παρθένου</span> <span class='ocrx_word' id='word_1_447' title='bbox 3283 2730 3335 2801; x_wconf 58' lang='lat' dir='ltr'><strong>ﬂ&quot;</strong></span> <span class='ocrx_word' id='word_1_448' title='bbox 3356 2732 3463 2796; x_wconf 69' lang='grc' dir='ltr'><strong>ἕως</strong></span> <span class='ocrx_word' id='word_1_449' title='bbox 3491 2733 3687 2804; x_wconf 79' lang='grc' dir='ltr'>Χηλῶν</span> 
     </span>
    </p>
   </div>
   <div class='ocr_carea' id='block_1_57' title="bbox 2112 2821 3687 2901">
    <p class='ocr_par' dir='ltr' id='par_1_57' title="bbox 2112 2821 3687 2901">
     <span class='ocr_line' id='line_1_57' title="bbox 2112 2821 3687 2901; baseline 0 -22"><span class='ocrx_word' id='word_1_450' title='bbox 2112 2822 2157 2894; x_wconf 87' lang='grc' dir='ltr'><strong>β’</strong></span> <span class='ocrx_word' id='word_1_451' title='bbox 2185 2824 2279 2881; x_wconf 73' lang='grc' dir='ltr'>καὶ</span> <span class='ocrx_word' id='word_1_452' title='bbox 2310 2821 2379 2879; x_wconf 81' lang='grc' dir='ltr'>κ’.</span> <span class='ocrx_word' id='word_1_453' title='bbox 2407 2824 2517 2877; x_wconf 74' lang='grc' dir='ltr'>Καὶ</span> <span class='ocrx_word' id='word_1_454' title='bbox 2553 2823 2601 2879; x_wconf 85' lang='grc' dir='ltr'>α’</span> <span class='ocrx_word' id='word_1_455' title='bbox 2639 2824 2737 2895; x_wconf 79' lang='grc' dir='ltr'><strong>μὲν</strong></span> <span class='ocrx_word' id='word_1_456' title='bbox 2771 2824 2941 2896; x_wconf 85' lang='grc' dir='ltr'>ἀστὴρ</span> <span class='ocrx_word' id='word_1_457' title='bbox 2969 2824 3116 2878; x_wconf 82' lang='grc' dir='ltr'>δύνει</span> <span class='ocrx_word' id='word_1_458' title='bbox 3154 2826 3183 2878; x_wconf 90' lang='lat'><strong>6</strong></span> <span class='ocrx_word' id='word_1_459' title='bbox 3209 2826 3266 2877; x_wconf 83' lang='grc' dir='ltr'><strong>ὲν</strong></span> <span class='ocrx_word' id='word_1_460' title='bbox 3302 2824 3380 2896; x_wconf 86' lang='grc' dir='ltr'><strong>τῷ</strong></span> <span class='ocrx_word' id='word_1_461' title='bbox 3411 2825 3687 2901; x_wconf 86' lang='grc' dir='ltr'>ἀριστερῷ</span> 
     </span>
    </p>
   </div>
   <div class='ocr_carea' id='block_1_58' title="bbox 2111 2914 3687 2987">
    <p class='ocr_par' dir='ltr' id='par_1_58' title="bbox 2111 2914 3687 2987">
     <span class='ocr_line' id='line_1_58' title="bbox 2111 2914 3687 2987; baseline 0.003 -20"><span class='ocrx_word' id='word_1_462' title='bbox 2111 2914 2253 2978; x_wconf 77' lang='grc' dir='ltr'>ποδὶ,</span> <span class='ocrx_word' id='word_1_463' title='bbox 2282 2914 2497 2987; x_wconf 78' lang='grc' dir='ltr'>ἔσχατοι</span> <span class='ocrx_word' id='word_1_464' title='bbox 2526 2916 2583 2969; x_wconf 80' lang='grc' dir='ltr'><strong>δὲ</strong></span> <span class='ocrx_word' id='word_1_465' title='bbox 2622 2917 2672 2968; x_wconf 83' lang='grc' dir='ltr'>οἱ</span> <span class='ocrx_word' id='word_1_466' title='bbox 2707 2918 2765 2968; x_wconf 82' lang='grc' dir='ltr'>ἐν</span> <span class='ocrx_word' id='word_1_467' title='bbox 2800 2918 2868 2987; x_wconf 80' lang='grc' dir='ltr'>τῇ</span> <span class='ocrx_word' id='word_1_468' title='bbox 2909 2917 3138 2987; x_wconf 72' lang='grc' dir='ltr'>κεφαλῇ.</span> <span class='ocrx_word' id='word_1_469' title='bbox 3183 2916 3597 2987; x_wconf 84' lang='grc' dir='ltr'>Μεσουρανοῦσι</span> <span class='ocrx_word' id='word_1_470' title='bbox 3630 2918 3687 2972; x_wconf 66' lang='grc' dir='ltr'>δὲ</span> 
     </span>
    </p>
   </div>
   <div class='ocr_carea' id='block_1_59' title="bbox 2109 3006 3687 3081">
    <p class='ocr_par' dir='ltr' id='par_1_59' title="bbox 2109 3006 3687 3081">
     <span class='ocr_line' id='line_1_59' title="bbox 2109 3006 3687 3081; baseline 0.001 -20"><span class='ocrx_word' id='word_1_471' title='bbox 2109 3006 2217 3061; x_wconf 87' lang='grc' dir='ltr'><strong>τῶν</strong></span> <span class='ocrx_word' id='word_1_472' title='bbox 2267 3007 2440 3062; x_wconf 87' lang='grc' dir='ltr'>ἄλλων</span> <span class='ocrx_word' id='word_1_473' title='bbox 2468 3008 2709 3078; x_wconf 81' lang='grc' dir='ltr'>ἀστέρων</span> <span class='ocrx_word' id='word_1_474' title='bbox 2739 3010 2797 3061; x_wconf 84' lang='grc' dir='ltr'>ὲν</span> <span class='ocrx_word' id='word_1_475' title='bbox 2819 3009 2957 3080; x_wconf 82' lang='grc' dir='ltr'>ἀρχῇ</span> <span class='ocrx_word' id='word_1_476' title='bbox 2993 3008 3089 3079; x_wconf 80' lang='grc' dir='ltr'><strong>μὲν</strong></span> <span class='ocrx_word' id='word_1_477' title='bbox 3118 3009 3212 3062; x_wconf 84' lang='grc' dir='ltr'><strong>τοῦ</strong></span> <span class='ocrx_word' id='word_1_478' title='bbox 3242 3010 3548 3081; x_wconf 78' lang='grc' dir='ltr'>Δράκοντος</span> <span class='ocrx_word' id='word_1_479' title='bbox 3572 3012 3600 3063; x_wconf 92' lang='lat'><strong>6</strong></span> <span class='ocrx_word' id='word_1_480' title='bbox 3631 3012 3687 3063; x_wconf 82' lang='grc' dir='ltr'>ὲν</span> 
     </span>
    </p>
   </div>
   <div class='ocr_carea' id='block_1_60' title="bbox 450 3085 2010 3191">
    <p class='ocr_par' dir='ltr' id='par_1_60' title="bbox 450 3085 2010 3171">
     <span class='ocr_line' id='line_1_60' title="bbox 450 3085 2010 3171; baseline 0.01 -33"><span class='ocrx_word' id='word_1_481' title='bbox 450 3087 509 3140; x_wconf 87' lang='lat' dir='ltr'><strong>in</strong></span> <span class='ocrx_word' id='word_1_482' title='bbox 536 3085 715 3141; x_wconf 88' lang='lat' dir='ltr'><strong>media</strong></span> <span class='ocrx_word' id='word_1_483' title='bbox 745 3095 831 3143; x_wconf 88' lang='lat' dir='ltr'><strong>est</strong></span> <span class='ocrx_word' id='word_1_484' title='bbox 868 3089 1095 3145; x_wconf 87' lang='lat' dir='ltr'><strong>australi</strong></span> <span class='ocrx_word' id='word_1_485' title='bbox 1137 3089 1324 3149; x_wconf 87' lang='lat' dir='ltr'><strong>Chela.</strong></span> <span class='ocrx_word' id='word_1_486' title='bbox 1361 3092 1578 3151; x_wconf 91' lang='lat' dir='ltr'><strong>Occidit</strong></span> <span class='ocrx_word' id='word_1_487' title='bbox 1606 3095 1806 3171; x_wconf 80' lang='lat' dir='ltr'><strong>Auriga</strong></span> <span class='ocrx_word' id='word_1_488' title='bbox 1846 3098 2010 3169; x_wconf 84' lang='lat' dir='ltr'><strong>paulo</strong></span> 
     </span>
    </p>
   </div>
   <div class='ocr_carea' id='block_1_61' title="bbox 2115 3085 3689 3191">
    <p class='ocr_par' dir='ltr' id='par_1_61' title="bbox 2115 3098 3689 3173">
     <span class='ocr_line' id='line_1_61' title="bbox 2115 3098 3689 3173; baseline 0.001 -20"><span class='ocrx_word' id='word_1_489' title='bbox 2115 3098 2258 3172; x_wconf 82' lang='grc' dir='ltr'>ἄκρᾳ</span> <span class='ocrx_word' id='word_1_490' title='bbox 2280 3102 2345 3171; x_wconf 79' lang='grc' dir='ltr'>τῇ</span> <span class='ocrx_word' id='word_1_491' title='bbox 2373 3100 2529 3171; x_wconf 80' lang='grc' dir='ltr'>οὐρᾷ,</span> <span class='ocrx_word' id='word_1_492' title='bbox 2555 3099 2650 3153; x_wconf 78' lang='grc' dir='ltr'><strong>καὶ</strong></span> <span class='ocrx_word' id='word_1_493' title='bbox 2681 3098 2774 3153; x_wconf 85' lang='grc' dir='ltr'><strong>τοῦ</strong></span> <span class='ocrx_word' id='word_1_494' title='bbox 2797 3099 3066 3169; x_wconf 81' lang='grc' dir='ltr'>Στεφάνου</span> <span class='ocrx_word' id='word_1_495' title='bbox 3089 3101 3117 3153; x_wconf 91' lang='lat'><strong>6</strong></span> <span class='ocrx_word' id='word_1_496' title='bbox 3146 3099 3508 3170; x_wconf 84' lang='grc' dir='ltr'>βορειότατος,</span> <span class='ocrx_word' id='word_1_497' title='bbox 3533 3101 3689 3173; x_wconf 77' lang='grc' dir='ltr'>ἐσχα-</span> 
     </span>
    </p>
   </div>
   <div class='ocr_carea' id='block_1_62' title="bbox 446 3178 837 3250">
    <p class='ocr_par' dir='ltr' id='par_1_62' title="bbox 446 3178 837 3250">
     <span class='ocr_line' id='line_1_62' title="bbox 446 3178 837 3250; baseline 0.008 -17"><span class='ocrx_word' id='word_1_498' title='bbox 446 3178 574 3250; x_wconf 71' lang='grc' dir='ltr'>ῖιὶοε</span> <span class='ocrx_word' id='word_1_499' title='bbox 606 3178 756 3235; x_wconf 89' lang='lat' dir='ltr'><strong>horis</strong></span> <span class='ocrx_word' id='word_1_500' title='bbox 785 3181 837 3238; x_wconf 81' lang='lat'><strong>5.</strong></span> 
     </span>
    </p>
   </div>
   <div class='ocr_carea' id='block_1_63' title="bbox 522 3358 2012 3444">
    <p class='ocr_par' dir='ltr' id='par_1_63' title="bbox 522 3358 2012 3444">
     <span class='ocr_line' id='line_1_63' title="bbox 522 3358 2012 3444; baseline 0.011 -32"><span class='ocrx_word' id='word_1_501' title='bbox 522 3358 794 3418; x_wconf 86' lang='lat' dir='ltr'><strong>Hactenus</strong></span> <span class='ocrx_word' id='word_1_502' title='bbox 813 3360 881 3417; x_wconf 88' lang='lat' dir='ltr'><strong>de</strong></span> <span class='ocrx_word' id='word_1_503' title='bbox 901 3363 1153 3422; x_wconf 86' lang='lat' dir='ltr'><strong>omnibus</strong></span> <span class='ocrx_word' id='word_1_504' title='bbox 1168 3365 1378 3423; x_wconf 86' lang='lat' dir='ltr'><strong>zodiaci</strong></span> <span class='ocrx_word' id='word_1_505' title='bbox 1403 3369 1800 3428; x_wconf 88' lang='lat' dir='ltr'><strong>borealioribus</strong></span> <span class='ocrx_word' id='word_1_506' title='bbox 1820 3373 2012 3444; x_wconf 79' lang='lat' dir='ltr'><strong>imagi-</strong></span> 
     </span>
    </p>
   </div>
   <div class='ocr_carea' id='block_1_64' title="bbox 449 3444 2014 3530">
    <p class='ocr_par' dir='ltr' id='par_1_64' title="bbox 449 3444 2014 3530">
     <span class='ocr_line' id='line_1_64' title="bbox 449 3444 2014 3530; baseline 0.01 -24"><span class='ocrx_word' id='word_1_507' title='bbox 449 3450 632 3507; x_wconf 87' lang='lat' dir='ltr'><strong>nibus.</strong></span> <span class='ocrx_word' id='word_1_508' title='bbox 665 3450 902 3509; x_wconf 67' lang='lat' dir='ltr'><strong>Caeteras</strong></span> <span class='ocrx_word' id='word_1_509' title='bbox 934 3455 1075 3510; x_wconf 91' lang='lat' dir='ltr'><strong>libro</strong></span> <span class='ocrx_word' id='word_1_510' title='bbox 1103 3444 1364 3530; x_wconf 54' lang='lat' dir='ltr'><strong>sequente</strong></span> <span class='ocrx_word' id='word_1_511' title='bbox 1387 3462 1699 3527; x_wconf 87' lang='lat' dir='ltr'><strong>reddemus,</strong></span> <span class='ocrx_word' id='word_1_512' title='bbox 1736 3464 1789 3520; x_wconf 91' lang='lat' dir='ltr'><strong>id</strong></span> <span class='ocrx_word' id='word_1_513' title='bbox 1824 3466 2014 3522; x_wconf 60' lang='lat' dir='ltr'><strong>obsera</strong></span> 
     </span>
    </p>
   </div>
   <div class='ocr_carea' id='block_1_65' title="bbox 448 3546 1903 3617">
    <p class='ocr_par' dir='ltr' id='par_1_65' title="bbox 448 3546 1903 3617">
     <span class='ocr_line' id='line_1_65' title="bbox 448 3546 1903 3617; baseline 0.009 -20"><span class='ocrx_word' id='word_1_514' title='bbox 448 3551 663 3609; x_wconf 68' lang='lat' dir='ltr'><strong>rantes,</strong></span> <span class='ocrx_word' id='word_1_515' title='bbox 695 3552 755 3600; x_wconf 90' lang='lat' dir='ltr'><strong>ut</strong></span> <span class='ocrx_word' id='word_1_516' title='bbox 783 3561 853 3600; x_wconf 91' lang='lat' dir='ltr'><strong>ne</strong></span> <span class='ocrx_word' id='word_1_517' title='bbox 872 3546 1079 3617; x_wconf 85' lang='lat' dir='ltr'><strong>justum</strong></span> <span class='ocrx_word' id='word_1_518' title='bbox 1108 3551 1327 3606; x_wconf 91' lang='lat' dir='ltr'><strong>modum</strong></span> <span class='ocrx_word' id='word_1_519' title='bbox 1360 3552 1465 3609; x_wconf 91' lang='lat' dir='ltr'><strong>iste</strong></span> <span class='ocrx_word' id='word_1_520' title='bbox 1494 3554 1630 3611; x_wconf 90' lang='lat' dir='ltr'><strong>liber</strong></span> <span class='ocrx_word' id='word_1_521' title='bbox 1656 3556 1903 3611; x_wconf 80' lang='lat' dir='ltr'><strong>excedat.</strong></span> 
     </span>
    </p>
   </div>
   <div class='ocr_carea' id='block_1_66' title="bbox 455 3747 2014 3830">
    <p class='ocr_par' dir='ltr' id='par_1_66' title="bbox 455 3747 2014 3830">
     <span class='ocr_line' id='line_1_66' title="bbox 455 3747 2014 3830; baseline 0.008 -26"><span class='ocrx_word' id='word_1_522' title='bbox 455 3747 606 3805; x_wconf 76' lang='lat' dir='ltr'><strong>Finis</strong></span> <span class='ocrx_word' id='word_1_523' title='bbox 669 3750 812 3830; x_wconf 83' lang='lat' dir='ltr'><strong>libri_</strong></span> <span class='ocrx_word' id='word_1_524' title='bbox 850 3754 1089 3830; x_wconf 42' lang='lat' dir='ltr'><strong>secundi</strong></span> <span class='ocrx_word' id='word_1_525' title='bbox 1121 3752 1534 3830; x_wconf 67' lang='lat' dir='ltr'><strong>Enarrctionum</strong></span> <span class='ocrx_word' id='word_1_526' title='bbox 1594 3757 1888 3830; x_wconf 82' lang='lat' dir='ltr'><strong>Hipparchi</strong></span> <span class='ocrx_word' id='word_1_527' title='bbox 1944 3762 2014 3816; x_wconf 82' lang='lat' dir='ltr'><strong>ad</strong></span> 
     </span>
    </p>
   </div>
   <div class='ocr_carea' id='block_1_67' title="bbox 778 3823 1666 3885">
    <p class='ocr_par' dir='ltr' id='par_1_67' title="bbox 778 3823 1666 3885">
     <span class='ocr_line' id='line_1_67' title="bbox 778 3823 1666 3885; baseline 0.01 -9"><span class='ocrx_word' id='word_1_528' title='bbox 778 3823 933 3877; x_wconf 80' lang='lat' dir='ltr'><strong>Arati</strong></span> <span class='ocrx_word' id='word_1_529' title='bbox 962 3834 1012 3879; x_wconf 82' lang='lat' dir='ltr'><strong>et</strong></span> <span class='ocrx_word' id='word_1_530' title='bbox 1041 3826 1254 3880; x_wconf 71' lang='lat' dir='ltr'><strong>Eudoxi</strong></span> <span class='ocrx_word' id='word_1_531' title='bbox 1295 3828 1666 3885; x_wconf 80' lang='lat' dir='ltr'><strong>Phamomena.</strong></span> 
     </span>
    </p>
   </div>
   <div class='ocr_carea' id='block_1_68' title="bbox 2114 3188 3687 3262">
    <p class='ocr_par' dir='ltr' id='par_1_68' title="bbox 2114 3188 3687 3262">
     <span class='ocr_line' id='line_1_68' title="bbox 2114 3188 3687 3262; baseline 0.001 -20"><span class='ocrx_word' id='word_1_532' title='bbox 2114 3205 2205 3252; x_wconf 88' lang='grc' dir='ltr'><strong>τος</strong></span> <span class='ocrx_word' id='word_1_533' title='bbox 2226 3188 2282 3241; x_wconf 88' lang='grc' dir='ltr'>δὲ</span> <span class='ocrx_word' id='word_1_534' title='bbox 2309 3191 2337 3242; x_wconf 88' lang='lat'><strong>6</strong></span> <span class='ocrx_word' id='word_1_535' title='bbox 2366 3191 2422 3245; x_wconf 81' lang='grc' dir='ltr'>ὲν</span> <span class='ocrx_word' id='word_1_536' title='bbox 2456 3189 2597 3262; x_wconf 86' lang='grc' dir='ltr'>μέσῃ</span> <span class='ocrx_word' id='word_1_537' title='bbox 2625 3190 2690 3260; x_wconf 81' lang='grc' dir='ltr'>τῇ</span> <span class='ocrx_word' id='word_1_538' title='bbox 2728 3189 2877 3261; x_wconf 81' lang='grc' dir='ltr'>νοτίᾳ</span> <span class='ocrx_word' id='word_1_539' title='bbox 2903 3189 3077 3260; x_wconf 82' lang='grc' dir='ltr'>Χηλῇ.</span> <span class='ocrx_word' id='word_1_540' title='bbox 3107 3188 3263 3245; x_wconf 85' lang='grc' dir='ltr'>Δύνει</span> <span class='ocrx_word' id='word_1_541' title='bbox 3296 3188 3355 3243; x_wconf 83' lang='grc' dir='ltr'>δὲ</span> <span class='ocrx_word' id='word_1_542' title='bbox 3382 3192 3413 3245; x_wconf 89' lang='lat'><strong>6</strong></span> <span class='ocrx_word' id='word_1_543' title='bbox 3444 3190 3687 3262; x_wconf 79' lang='grc' dir='ltr'>Ἡνίοχος</span> 
     </span>
    </p>
   </div>
   <div class='ocr_carea' id='block_1_69' title="bbox 2121 3280 2881 3352">
    <p class='ocr_par' dir='ltr' id='par_1_69' title="bbox 2121 3280 2881 3352">
     <span class='ocr_line' id='line_1_69' title="bbox 2121 3280 2881 3352; baseline 0 -18"><span class='ocrx_word' id='word_1_544' title='bbox 2121 3280 2300 3352; x_wconf 82' lang='grc' dir='ltr'>μικρῷ</span> <span class='ocrx_word' id='word_1_545' title='bbox 2328 3280 2508 3335; x_wconf 84' lang='grc' dir='ltr'>πλεῖον</span> <span class='ocrx_word' id='word_1_546' title='bbox 2540 3280 2574 3352; x_wconf 81' lang='grc' dir='ltr'>ἢ</span> <span class='ocrx_word' id='word_1_547' title='bbox 2614 3280 2784 3352; x_wconf 86' lang='grc' dir='ltr'>ὥραις</span> <span class='ocrx_word' id='word_1_548' title='bbox 2812 3288 2881 3350; x_wconf 89' lang='grc' dir='ltr'>γ’.</span> 
     </span>
    </p>
   </div>
   <div class='ocr_carea' id='block_1_70' title="bbox 2186 3373 3684 3449">
    <p class='ocr_par' dir='ltr' id='par_1_70' title="bbox 2186 3373 3684 3449">
     <span class='ocr_line' id='line_1_70' title="bbox 2186 3373 3684 3449; baseline 0.003 -23"><span class='ocrx_word' id='word_1_549' title='bbox 2186 3373 2483 3444; x_wconf 84' lang='grc' dir='ltr'>Εἱρηκότες</span> <span class='ocrx_word' id='word_1_550' title='bbox 2520 3374 2584 3445; x_wconf 84' lang='grc' dir='ltr'>δὴ</span> <span class='ocrx_word' id='word_1_551' title='bbox 2627 3374 2757 3447; x_wconf 78' lang='grc' dir='ltr'>περὶ</span> <span class='ocrx_word' id='word_1_552' title='bbox 2802 3374 3019 3430; x_wconf 86' lang='grc' dir='ltr'>πάντων</span> <span class='ocrx_word' id='word_1_553' title='bbox 3064 3373 3171 3430; x_wconf 87' lang='grc' dir='ltr'><strong>τῶν</strong></span> <span class='ocrx_word' id='word_1_554' title='bbox 3206 3376 3566 3449; x_wconf 75' lang='grc' dir='ltr'>βορειοτέρων</span> <span class='ocrx_word' id='word_1_555' title='bbox 3594 3377 3684 3431; x_wconf 78' lang='grc' dir='ltr'><strong>τοῦ</strong></span> 
     </span>
    </p>
   </div>
   <div class='ocr_carea' id='block_1_71' title="bbox 2120 3465 3687 3542">
    <p class='ocr_par' dir='ltr' id='par_1_71' title="bbox 2120 3465 3687 3542">
     <span class='ocr_line' id='line_1_71' title="bbox 2120 3465 3687 3542; baseline 0.003 -23"><span class='ocrx_word' id='word_1_556' title='bbox 2120 3465 2380 3530; x_wconf 74' lang='grc' dir='ltr'>ζωδιακοῦ</span> <span class='ocrx_word' id='word_1_557' title='bbox 2424 3467 2659 3539; x_wconf 78' lang='grc' dir='ltr'>ἄστρων,</span> <span class='ocrx_word' id='word_1_558' title='bbox 2711 3468 2839 3539; x_wconf 75' lang='grc' dir='ltr'>περὶ</span> <span class='ocrx_word' id='word_1_559' title='bbox 2885 3468 2993 3522; x_wconf 90' lang='grc' dir='ltr'><strong>τῶν</strong></span> <span class='ocrx_word' id='word_1_560' title='bbox 3024 3468 3223 3523; x_wconf 86' lang='grc' dir='ltr'>λοιπῶν</span> <span class='ocrx_word' id='word_1_561' title='bbox 3252 3472 3309 3522; x_wconf 90' lang='grc' dir='ltr'>ὲν</span> <span class='ocrx_word' id='word_1_562' title='bbox 3340 3469 3421 3540; x_wconf 81' lang='grc' dir='ltr'>τῷ</span> <span class='ocrx_word' id='word_1_563' title='bbox 3448 3470 3687 3542; x_wconf 71' lang='grc' dir='ltr'>ἐχομένῳ</span> 
     </span>
    </p>
   </div>
   <div class='ocr_carea' id='block_1_72' title="bbox 2119 3559 3688 3636">
    <p class='ocr_par' dir='ltr' id='par_1_72' title="bbox 2119 3559 3688 3636">
     <span class='ocr_line' id='line_1_72' title="bbox 2119 3559 3688 3636; baseline 0.001 -22"><span class='ocrx_word' id='word_1_564' title='bbox 2119 3559 2489 3631; x_wconf 85' lang='grc' dir='ltr'>ἀποδώσομεν,</span> <span class='ocrx_word' id='word_1_565' title='bbox 2533 3560 2915 3632; x_wconf 78' lang='grc' dir='ltr'>στοχαζόμενοι</span> <span class='ocrx_word' id='word_1_566' title='bbox 2946 3561 3047 3632; x_wconf 80' lang='grc' dir='ltr'><strong>τῆς</strong></span> <span class='ocrx_word' id='word_1_567' title='bbox 3076 3561 3419 3636; x_wconf 73' lang='grc' dir='ltr'>συμμετρίας</span> <span class='ocrx_word' id='word_1_568' title='bbox 3445 3562 3542 3616; x_wconf 83' lang='grc' dir='ltr'><strong>τοῦ</strong></span> <span class='ocrx_word' id='word_1_569' title='bbox 3567 3578 3688 3616; x_wconf 83' lang='grc' dir='ltr'>συν-</span> 
     </span>
    </p>
   </div>
   <div class='ocr_carea' id='block_1_73' title="bbox 2119 3650 2418 3721">
    <p class='ocr_par' dir='ltr' id='par_1_73' title="bbox 2119 3650 2418 3721">
     <span class='ocr_line' id='line_1_73' title="bbox 2119 3650 2418 3721; baseline 0.01 -19"><span class='ocrx_word' id='word_1_570' title='bbox 2119 3650 2418 3721; x_wconf 85' lang='grc' dir='ltr'>τάγματος.</span> 
     </span>
    </p>
   </div>
   <div class='ocr_carea' id='block_1_74' title="bbox 2127 3763 3687 3836">
    <p class='ocr_par' dir='ltr' id='par_1_74' title="bbox 2127 3763 3687 3836">
     <span class='ocr_line' id='line_1_74' title="bbox 2127 3763 3687 3836; baseline 0.005 -19"><span class='ocrx_word' id='word_1_571' title='bbox 2127 3763 2304 3830; x_wconf 79' lang='grc' dir='ltr'>Τέλος</span> <span class='ocrx_word' id='word_1_572' title='bbox 2348 3763 2677 3834; x_wconf 77' lang='grc' dir='ltr'>Ἱππάρχου</span> <span class='ocrx_word' id='word_1_573' title='bbox 2704 3764 3097 3836; x_wconf 14' lang='grc' dir='ltr'>τῶνίἈρὰτου</span> <span class='ocrx_word' id='word_1_574' title='bbox 3134 3767 3233 3821; x_wconf 77' lang='grc' dir='ltr'>καὶ</span> <span class='ocrx_word' id='word_1_575' title='bbox 3261 3767 3538 3835; x_wconf 79' lang='grc' dir='ltr'>Εὐδόξου</span> <span class='ocrx_word' id='word_1_576' title='bbox 3558 3771 3687 3825; x_wconf 73' lang='grc' dir='ltr'>Φαι-</span> 
     </span>
    </p>
   </div>
   <div class='ocr_carea' id='block_1_75' title="bbox 2438 3835 3378 3906">
    <p class='ocr_par' dir='ltr' id='par_1_75' title="bbox 2438 3835 3378 3906">
     <span class='ocr_line' id='line_1_75' title="bbox 2438 3835 3378 3906; baseline 0.007 -17"><span class='ocrx_word' id='word_1_577' title='bbox 2438 3835 2708 3905; x_wconf 77' lang='grc' dir='ltr'>νομένων</span> <span class='ocrx_word' id='word_1_578' title='bbox 2754 3835 3136 3906; x_wconf 70' lang='grc' dir='ltr'>Ἐξηγήσεων</span> <span class='ocrx_word' id='word_1_579' title='bbox 3161 3838 3266 3893; x_wconf 81' lang='grc' dir='ltr'><strong>τοῦ</strong></span> <span class='ocrx_word' id='word_1_580' title='bbox 3293 3837 3378 3904; x_wconf 77' lang='grc' dir='ltr'><strong>β’.</strong></span> 
     </span>
    </p>
   </div>
   <div class='ocr_carea' id='block_1_76' title="bbox 464 3970 3663 4009">
    <p class='ocr_par' dir='ltr' id='par_1_76' title="bbox 464 3970 3663 4009">
     <span class='ocr_line' id='line_1_76' title="bbox 464 3970 3663 4009; baseline 0.002 -22"><span class='ocrx_word' id='word_1_581' title='bbox 464 3970 3663 4009; x_wconf 55' lang='lat' dir='ltr'><em>W</em></span> 
     </span>
    </p>
   </div>
   <div class='ocr_carea' id='block_1_77' title="bbox 1648 4101 2455 4219">
    <p class='ocr_par' dir='ltr' id='par_1_77' title="bbox 1648 4101 2455 4219">
     <span class='ocr_line' id='line_1_77' title="bbox 1648 4101 2455 4219; baseline 0.005 -7"><span class='ocrx_word' id='word_1_582' title='bbox 1648 4101 2455 4219; x_wconf 88' lang='grc' dir='ltr'><strong>ΙΠΠΑΡΧΟΥ</strong></span> 
     </span>
    </p>
   </div>
   <div class='ocr_carea' id='block_1_78' title="bbox 1075 4310 3047 4379">
    <p class='ocr_par' dir='ltr' id='par_1_78' title="bbox 1075 4310 3047 4379">
     <span class='ocr_line' id='line_1_78' title="bbox 1075 4310 3047 4379; baseline 0.005 -9"><span class='ocrx_word' id='word_1_583' title='bbox 1075 4310 1232 4379; x_wconf 75' lang='grc' dir='ltr'><strong>,ΊῺΝ</strong></span> <span class='ocrx_word' id='word_1_584' title='bbox 1254 4313 1547 4369; x_wconf 77' lang='grc' dir='ltr'><strong>ΑΡΑΤΟΥ</strong></span> <span class='ocrx_word' id='word_1_585' title='bbox 1573 4314 1701 4367; x_wconf 82' lang='grc' dir='ltr'><strong>ΚΑΙ</strong></span> <span class='ocrx_word' id='word_1_586' title='bbox 1725 4310 2065 4366; x_wconf 83' lang='grc' dir='ltr'><strong>ΕΥΔΟΞΟΥ</strong></span> <span class='ocrx_word' id='word_1_587' title='bbox 2096 4314 2582 4371; x_wconf 82' lang='grc' dir='ltr'><strong>ΦΑΙΝΟΜΕΝΩΝ</strong></span> <span class='ocrx_word' id='word_1_588' title='bbox 2615 4318 3047 4379; x_wconf 81' lang='grc' dir='ltr'><strong>ΕΞἨΓΗΣΕΩΝ</strong></span> 
     </span>
    </p>
   </div>
   <div class='ocr_carea' id='block_1_79' title="bbox 1757 4447 2372 4544">
    <p class='ocr_par' dir='ltr' id='par_1_79' title="bbox 1757 4447 2372 4544">
     <span class='ocr_line' id='line_1_79' title="bbox 1757 4447 2372 4544; baseline -0.007 0"><span class='ocrx_word' id='word_1_589' title='bbox 1757 4451 2193 4544; x_wconf 87' lang='grc' dir='ltr'><strong>ΒΙΒΛΙΟΝ</strong></span> <span class='ocrx_word' id='word_1_590' title='bbox 2264 4447 2372 4543; x_wconf 89' lang='grc' dir='ltr'><strong>Γ’.</strong></span> 
     </span>
    </p>
   </div>
   <div class='ocr_carea' id='block_1_80' title="bbox 1682 4730 2457 4846">
    <p class='ocr_par' dir='ltr' id='par_1_80' title="bbox 1682 4730 2457 4846">
     <span class='ocr_line' id='line_1_80' title="bbox 1682 4730 2457 4846; baseline 0.004 -4"><span class='ocrx_word' id='word_1_591' title='bbox 1682 4730 2457 4846; x_wconf 82' lang='lat' dir='ltr'><strong>HIPPARCHI</strong></span> 
     </span>
    </p>
   </div>
   <div class='ocr_carea' id='block_1_81' title="bbox 1075 4950 2010 5010">
    <p class='ocr_par' dir='ltr' id='par_1_81' title="bbox 1075 4950 2010 5010">
     <span class='ocr_line' id='line_1_81' title="bbox 1075 4950 2010 5010; baseline 0.002 -2"><span class='ocrx_word' id='word_1_592' title='bbox 1075 4950 1670 5009; x_wconf 74' lang='lat' dir='ltr'><strong>ENARRATIONUM</strong></span> <span class='ocrx_word' id='word_1_593' title='bbox 1700 4954 1797 5009; x_wconf 79' lang='lat' dir='ltr'><strong><em>AD</em></strong></span> <span class='ocrx_word' id='word_1_594' title='bbox 1835 4954 2010 5010; x_wconf 71' lang='lat' dir='ltr'><strong>AR.”</strong></span> 
     </span>
    </p>
   </div>
   <div class='ocr_carea' id='block_1_82' title="bbox 2115 4950 3034 5010">
    <p class='ocr_par' dir='ltr' id='par_1_82' title="bbox 2115 4950 3034 5010">
     <span class='ocr_line' id='line_1_82' title="bbox 2115 4950 3034 5010; baseline 0.002 -3"><span class='ocrx_word' id='word_1_595' title='bbox 2115 4953 2179 5008; x_wconf 74' lang='lat' dir='ltr'><strong>ET</strong></span> <span class='ocrx_word' id='word_1_596' title='bbox 2208 4952 2500 5009; x_wconf 80' lang='lat' dir='ltr'><strong>EUDOXI</strong></span> <span class='ocrx_word' id='word_1_597' title='bbox 2534 4950 3034 5010; x_wconf 62' lang='lat' dir='ltr'><strong>PHAENOMENA</strong></span> 
     </span>
    </p>
   </div>
   <div class='ocr_carea' id='block_1_83' title="bbox 1558 5105 2567 5220">
    <p class='ocr_par' dir='ltr' id='par_1_83' title="bbox 1558 5105 2567 5220">
     <span class='ocr_line' id='line_1_83' title="bbox 1558 5105 2567 5220; baseline -0.001 -27"><span class='ocrx_word' id='word_1_598' title='bbox 1558 5105 1919 5194; x_wconf 76' lang='lat' dir='ltr'><strong>LIBER</strong></span> <span class='ocrx_word' id='word_1_599' title='bbox 2012 5105 2567 5220; x_wconf 80' lang='lat' dir='ltr'><strong>TERTIUS.</strong></span> 
     </span>
    </p>
   </div>
   <div class='ocr_carea' id='block_1_84' title="bbox 2052 5282 2120 5299">
    <p class='ocr_par' dir='ltr' id='par_1_84' title="bbox 2052 5282 2120 5299">
     <span class='ocr_line' id='line_1_84' title="bbox 2052 5282 2120 5299; baseline 0 -2"><span class='ocrx_word' id='word_1_600' title='bbox 2052 5282 2120 5299; x_wconf 42' lang='grc' dir='ltr'>ὴ</span> 
     </span>
    </p>
   </div>
   <div class='ocr_carea' id='block_1_85' title="bbox 520 5361 2010 5443">
    <p class='ocr_par' dir='ltr' id='par_1_85' title="bbox 520 5368 2010 5443">
     <span class='ocr_line' id='line_1_85' title="bbox 520 5368 2010 5443; baseline 0.003 -17"><span class='ocrx_word' id='word_1_601' title='bbox 520 5368 733 5442; x_wconf 77' lang='lat'><strong>1331.</strong></span> <span class='ocrx_word' id='word_1_602' title='bbox 752 5369 1043 5443; x_wconf 90' lang='lat' dir='ltr'><strong>Superiore</strong></span> <span class='ocrx_word' id='word_1_603' title='bbox 1057 5373 1218 5438; x_wconf 90' lang='lat' dir='ltr'><strong>libro,</strong></span> <span class='ocrx_word' id='word_1_604' title='bbox 1237 5373 1517 5441; x_wconf 66' lang='lat' dir='ltr'><strong>Alschrio,</strong></span> <span class='ocrx_word' id='word_1_605' title='bbox 1537 5373 1606 5430; x_wconf 88' lang='lat' dir='ltr'><strong>de</strong></span> <span class='ocrx_word' id='word_1_606' title='bbox 1619 5374 2010 5431; x_wconf 79' lang='lat' dir='ltr'><strong>borealioribus</strong></span> 
     </span>
    </p>
   </div>
   <div class='ocr_carea' id='block_1_86' title="bbox 2115 5361 3689 5443">
    <p class='ocr_par' dir='ltr' id='par_1_86' title="bbox 2194 5361 3689 5441">
     <span class='ocr_line' id='line_1_86' title="bbox 2194 5361 3689 5441; baseline 0.001 -16"><span class='ocrx_word' id='word_1_607' title='bbox 2194 5372 2273 5425; x_wconf 81' lang='lat' dir='ltr'><strong>A’.</strong></span> <span class='ocrx_word' id='word_1_608' title='bbox 2310 5367 2725 5441; x_wconf 84' lang='grc' dir='ltr'>Προειρηκότες,</span> <span class='ocrx_word' id='word_1_609' title='bbox 2756 5361 2802 5421; x_wconf 82' lang='grc' dir='ltr'><strong>ῶ</strong></span> <span class='ocrx_word' id='word_1_610' title='bbox 2823 5368 3115 5440; x_wconf 72' lang='grc' dir='ltr'>Αἰσχρίων,</span> <span class='ocrx_word' id='word_1_611' title='bbox 3156 5369 3212 5422; x_wconf 78' lang='grc' dir='ltr'>ὲν</span> <span class='ocrx_word' id='word_1_612' title='bbox 3244 5367 3322 5440; x_wconf 84' lang='grc' dir='ltr'>τῷ</span> <span class='ocrx_word' id='word_1_613' title='bbox 3353 5369 3464 5441; x_wconf 77' lang='grc' dir='ltr'>πρὸ</span> <span class='ocrx_word' id='word_1_614' title='bbox 3502 5371 3689 5427; x_wconf 76' lang='grc' dir='ltr'>τούτου</span> 
     </span>
    </p>
   </div>
   <div class='ocr_carea' id='block_1_87' title="bbox 449 5460 2018 5535">
    <p class='ocr_par' dir='ltr' id='par_1_87' title="bbox 449 5460 2018 5535">
     <span class='ocr_line' id='line_1_87' title="bbox 449 5460 2018 5535; baseline 0.003 -20"><span class='ocrx_word' id='word_1_615' title='bbox 449 5460 674 5515; x_wconf 82' lang='lat' dir='ltr'><strong>zodiaco</strong></span> <span class='ocrx_word' id='word_1_616' title='bbox 706 5462 915 5518; x_wconf 91' lang='lat' dir='ltr'><strong>circulo</strong></span> <span class='ocrx_word' id='word_1_617' title='bbox 951 5463 1281 5534; x_wconf 86' lang='lat' dir='ltr'><strong>imaginibus</strong></span> <span class='ocrx_word' id='word_1_618' title='bbox 1310 5464 1549 5520; x_wconf 83' lang='lat' dir='ltr'><strong>diximus</strong></span> <span class='ocrx_word' id='word_1_619' title='bbox 1572 5504 1589 5529; x_wconf 92' lang='lat'><strong>,</strong></span> <span class='ocrx_word' id='word_1_620' title='bbox 1620 5480 1859 5535; x_wconf 88' lang='lat' dir='ltr'><strong>quonam</strong></span> <span class='ocrx_word' id='word_1_621' title='bbox 1892 5481 2018 5520; x_wconf 91' lang='lat' dir='ltr'><strong>cum</strong></span> 
     </span>
    </p>
   </div>
   <div class='ocr_carea' id='block_1_88' title="bbox 449 5548 2019 5626">
    <p class='ocr_par' dir='ltr' id='par_1_88' title="bbox 449 5548 2019 5626">
     <span class='ocr_line' id='line_1_88' title="bbox 449 5548 2019 5626; baseline 0.003 -21"><span class='ocrx_word' id='word_1_622' title='bbox 449 5548 604 5618; x_wconf 74' lang='lat' dir='ltr'><strong>signo</strong></span> <span class='ocrx_word' id='word_1_623' title='bbox 630 5549 699 5607; x_wconf 80' lang='lat' dir='ltr'><strong>de</strong></span> <span class='ocrx_word' id='word_1_624' title='bbox 723 5549 1013 5608; x_wconf 88' lang='lat' dir='ltr'><strong>duodecim</strong></span> <span class='ocrx_word' id='word_1_625' title='bbox 1042 5553 1293 5608; x_wconf 88' lang='lat' dir='ltr'><strong>oriantur</strong></span> <span class='ocrx_word' id='word_1_626' title='bbox 1317 5561 1371 5608; x_wconf 88' lang='lat' dir='ltr'><strong>et</strong></span> <span class='ocrx_word' id='word_1_627' title='bbox 1396 5554 1649 5610; x_wconf 84' lang='lat' dir='ltr'><strong>occidant</strong></span> <span class='ocrx_word' id='word_1_628' title='bbox 1675 5572 1690 5621; x_wconf 87' lang='lat'><strong>;</strong></span> <span class='ocrx_word' id='word_1_629' title='bbox 1725 5565 1836 5609; x_wconf 93' lang='lat' dir='ltr'><strong>tum</strong></span> <span class='ocrx_word' id='word_1_630' title='bbox 1871 5555 2019 5626; x_wconf 92' lang='lat' dir='ltr'><strong>quod</strong></span> 
     </span>
    </p>
   </div>
   <div class='ocr_carea' id='block_1_89' title="bbox 448 5638 2020 5715">
    <p class='ocr_par' dir='ltr' id='par_1_89' title="bbox 448 5638 2020 5715">
     <span class='ocr_line' id='line_1_89' title="bbox 448 5638 2020 5715; baseline 0.006 -23"><span class='ocrx_word' id='word_1_631' title='bbox 448 5638 666 5708; x_wconf 70' lang='lat' dir='ltr'><strong>signum</strong></span> <span class='ocrx_word' id='word_1_632' title='bbox 701 5639 912 5696; x_wconf 90' lang='lat' dir='ltr'><strong>oriente</strong></span> <span class='ocrx_word' id='word_1_633' title='bbox 947 5642 1225 5712; x_wconf 89' lang='lat' dir='ltr'><strong>qualibet,</strong></span> <span class='ocrx_word' id='word_1_634' title='bbox 1259 5642 1343 5699; x_wconf 85' lang='lat' dir='ltr'><strong>vel</strong></span> <span class='ocrx_word' id='word_1_635' title='bbox 1381 5642 1781 5708; x_wconf 90' lang='lat' dir='ltr'><strong>descendente,</strong></span> <span class='ocrx_word' id='word_1_636' title='bbox 1820 5647 2020 5715; x_wconf 80' lang='lat' dir='ltr'><strong>culmi-</strong></span> 
     </span>
    </p>
   </div>
   <div class='ocr_carea' id='block_1_90' title="bbox 446 5732 2017 5806">
    <p class='ocr_par' dir='ltr' id='par_1_90' title="bbox 446 5732 2017 5806">
     <span class='ocr_line' id='line_1_90' title="bbox 446 5732 2017 5806; baseline 0.003 -19"><span class='ocrx_word' id='word_1_637' title='bbox 446 5734 578 5795; x_wconf 78' lang='lat' dir='ltr'><strong>net;</strong></span> <span class='ocrx_word' id='word_1_638' title='bbox 619 5743 865 5800; x_wconf 67' lang='lat' dir='ltr'><strong>quaenam</strong></span> <span class='ocrx_word' id='word_1_639' title='bbox 906 5732 1024 5804; x_wconf 86' lang='lat' dir='ltr'><strong>ipso</strong></span> <span class='ocrx_word' id='word_1_640' title='bbox 1062 5740 1254 5801; x_wconf 87' lang='lat' dir='ltr'><strong>ortus,</strong></span> <span class='ocrx_word' id='word_1_641' title='bbox 1286 5735 1369 5790; x_wconf 85' lang='lat' dir='ltr'><strong>vel</strong></span> <span class='ocrx_word' id='word_1_642' title='bbox 1408 5749 1638 5791; x_wconf 88' lang='lat' dir='ltr'><strong>occasus</strong></span> <span class='ocrx_word' id='word_1_643' title='bbox 1691 5734 1882 5806; x_wconf 83' lang='lat' dir='ltr'><strong>initio,</strong></span> <span class='ocrx_word' id='word_1_644' title='bbox 1925 5747 2017 5793; x_wconf 84' lang='lat' dir='ltr'><strong>aut</strong></span> 
     </span>
    </p>
   </div>
   <div class='ocr_carea' id='block_1_91' title="bbox 2120 5460 3689 5533">
    <p class='ocr_par' dir='ltr' id='par_1_91' title="bbox 2120 5460 3689 5533">
     <span class='ocr_line' id='line_1_91' title="bbox 2120 5460 3689 5533; baseline 0.001 -18"><span class='ocrx_word' id='word_1_645' title='bbox 2120 5462 2458 5533; x_wconf 81' lang='grc' dir='ltr'>συντάγματι</span> <span class='ocrx_word' id='word_1_646' title='bbox 2471 5477 2535 5513; x_wconf 91' lang='grc' dir='ltr'><strong>πε</strong></span> <span class='ocrx_word' id='word_1_647' title='bbox 2545 5460 2598 5531; x_wconf 80' lang='lat' dir='ltr'><strong>pl.</strong></span> <span class='ocrx_word' id='word_1_648' title='bbox 2610 5461 2716 5514; x_wconf 90' lang='grc' dir='ltr'><strong>τῶν</strong></span> <span class='ocrx_word' id='word_1_649' title='bbox 2734 5460 2969 5532; x_wconf 80' lang='grc' dir='ltr'>βορειοτέ</span> <span class='ocrx_word' id='word_1_650' title='bbox 2978 5478 3083 5531; x_wconf 88' lang='grc' dir='ltr'><strong>ρων</strong></span> <span class='ocrx_word' id='word_1_651' title='bbox 3098 5460 3309 5532; x_wconf 80' lang='grc' dir='ltr'>ἄστρων</span> <span class='ocrx_word' id='word_1_652' title='bbox 3319 5460 3415 5515; x_wconf 84' lang='grc' dir='ltr'><strong>τοῦ</strong></span> <span class='ocrx_word' id='word_1_653' title='bbox 3429 5462 3689 5526; x_wconf 79' lang='grc' dir='ltr'>ζωδιακοῦ</span> 
     </span>
    </p>
   </div>
   <div class='ocr_carea' id='block_1_92' title="bbox 2118 5554 3717 5626">
    <p class='ocr_par' dir='ltr' id='par_1_92' title="bbox 2118 5554 3717 5626">
     <span class='ocr_line' id='line_1_92' title="bbox 2118 5554 3717 5626; baseline -0.003 -13"><span class='ocrx_word' id='word_1_654' title='bbox 2118 5557 2317 5613; x_wconf 85' lang='grc' dir='ltr'>κύκλου</span> <span class='ocrx_word' id='word_1_655' title='bbox 2341 5600 2356 5622; x_wconf 82' lang='grc'><strong>,</strong></span> <span class='ocrx_word' id='word_1_656' title='bbox 2385 5556 2490 5609; x_wconf 76' lang='grc' dir='ltr'>τίνι</span> <span class='ocrx_word' id='word_1_657' title='bbox 2517 5572 2577 5608; x_wconf 89' lang='grc' dir='ltr'><strong>τε</strong></span> <span class='ocrx_word' id='word_1_658' title='bbox 2619 5555 2793 5626; x_wconf 78' lang='grc' dir='ltr'>ζωδέῳ</span> <span class='ocrx_word' id='word_1_659' title='bbox 2832 5555 2943 5608; x_wconf 89' lang='grc' dir='ltr'><strong>τῶν</strong></span> <span class='ocrx_word' id='word_1_660' title='bbox 2975 5554 3041 5626; x_wconf 77' lang='grc' dir='ltr'><strong>ιβ’</strong></span> <span class='ocrx_word' id='word_1_661' title='bbox 3069 5555 3297 5609; x_wconf 73' lang='grc' dir='ltr'>ἕκαστον</span> <span class='ocrx_word' id='word_1_662' title='bbox 3343 5554 3527 5609; x_wconf 76' lang='grc' dir='ltr'>αὐτῶν</span> <span class='ocrx_word' id='word_1_663' title='bbox 3571 5572 3717 5626; x_wconf 71' lang='grc' dir='ltr'>συν-;</span> 
     </span>
    </p>
   </div>
   <div class='ocr_carea' id='block_1_93' title="bbox 2117 5646 3685 5715">
    <p class='ocr_par' dir='ltr' id='par_1_93' title="bbox 2117 5646 3685 5715">
     <span class='ocr_line' id='line_1_93' title="bbox 2117 5646 3685 5715; baseline -0.002 -12"><span class='ocrx_word' id='word_1_664' title='bbox 2117 5648 2395 5703; x_wconf 86' lang='grc' dir='ltr'>ανατέλλει</span> <span class='ocrx_word' id='word_1_665' title='bbox 2433 5646 2528 5700; x_wconf 73' lang='grc' dir='ltr'><strong>καὶ</strong></span> <span class='ocrx_word' id='word_1_666' title='bbox 2562 5646 2984 5715; x_wconf 78' lang='grc' dir='ltr'>συγκαταδύνει,</span> <span class='ocrx_word' id='word_1_667' title='bbox 3019 5647 3111 5700; x_wconf 71' lang='grc' dir='ltr'>καὶ</span> <span class='ocrx_word' id='word_1_668' title='bbox 3141 5646 3193 5700; x_wconf 85' lang='grc' dir='ltr'>τί</span> <span class='ocrx_word' id='word_1_669' title='bbox 3223 5646 3432 5712; x_wconf 80' lang='grc' dir='ltr'>ζὼδιον,</span> <span class='ocrx_word' id='word_1_670' title='bbox 3463 5647 3685 5701; x_wconf 81' lang='grc' dir='ltr'>ἀνατέλ-</span> 
     </span>
    </p>
   </div>
   <div class='ocr_carea' id='block_1_94' title="bbox 2118 5734 3684 5811">
    <p class='ocr_par' dir='ltr' id='par_1_94' title="bbox 2118 5734 3684 5811">
     <span class='ocr_line' id='line_1_94' title="bbox 2118 5734 3684 5811; baseline -0.001 -18"><span class='ocrx_word' id='word_1_671' title='bbox 2118 5738 2302 5804; x_wconf 87' lang='grc' dir='ltr'>λοντος</span> <span class='ocrx_word' id='word_1_672' title='bbox 2326 5737 2489 5793; x_wconf 71' lang='grc' dir='ltr'>αὑτοῦ</span> <span class='ocrx_word' id='word_1_673' title='bbox 2516 5736 2549 5808; x_wconf 84' lang='grc' dir='ltr'>ἢ</span> <span class='ocrx_word' id='word_1_674' title='bbox 2578 5734 2825 5801; x_wconf 80' lang='grc' dir='ltr'>δύνοντος</span> <span class='ocrx_word' id='word_1_675' title='bbox 2850 5740 3239 5811; x_wconf 81' lang='grc' dir='ltr'>,ομεσουρανεῖ,</span> <span class='ocrx_word' id='word_1_676' title='bbox 3277 5738 3371 5792; x_wconf 77' lang='grc' dir='ltr'>καὶ</span> <span class='ocrx_word' id='word_1_677' title='bbox 3406 5738 3553 5803; x_wconf 77' lang='grc' dir='ltr'>τίνες</span> <span class='ocrx_word' id='word_1_678' title='bbox 3583 5736 3684 5793; x_wconf 79' lang='grc' dir='ltr'><strong>τῶν</strong></span> 
     </span>
    </p>
   </div>
  </div>
