3950 6266
275 354 413 411 1109

1259 356 1630 414 HIPPARCHI
1669 358 1759 413 AD
1797 356 2241 413 PHIENOMENA
2274 356 2400 412 LIB.
2442 357 2529 413 111.

3376 366 3514 422 1110

269 468 530 523 ἀπλανῶν
581 469 825 542 ἀστέρων
875 469 964 523 ἐπὶ
1013 469 1106 523 τοῦ
1160 472 1531 544 μεσημϐρινοῦ
1586 474 1846 542 γίνονται,

1971 488 2146 527 ἰηευε
2184 471 2501 536 occidente,
2548 470 2918 530 inerrantibus
2971 490 3001 531 e
3047 478 3222 533 stellis
3273 474 3525 543 medium:

268 563 581 633 ἀρχομένου
610 579 670 614 τε
712 559 876 615 αὐτοῦ
909 562 1216 616 ἀνατέλλειν
1248 563 1282 635 ἢ
1321 564 1496 619 δύνειν
1516 607 1530 629 ,
1561 566 1657 619 καὶ
1685 564 1845 619 πάλιν

269 653 520 717 δύνοντος
545 670 559 685 ⁸
592 655 672 707 ἑτι
707 655 753 708 δ’
786 655 844 707 ἐν
887 654 1078 718 πόσαις
1128 656 1468 727 ἰσημεριναῖς
1506 656 1676 727 ὥραις
1714 657 1847 711 ἔκα-

272 761 401 808 στος
425 745 727 809 ἀνατέλλει,
760 746 792 816 ἡ
829 745 1005 798 δύνειο
1048 742 1145 798 νῦν
1183 747 1569 819 ὑπογράψομεν
1602 747 1672 801 τὰ
1708 747 1849 801 αὐτὰ

272 837 405 906 περὶ
432 837 657 891 ἑκάστου
689 836 794 890 τῶν
833 837 1162 911 νοτιωτέρων
1189 838 1283 894 τοῦ
1313 838 1578 903 ζωδιακοῦ
1609 840 1845 911 ἄστρων,

271 930 371 983 καὶ
402 930 580 983 αὐτῶν
607 930 716 983 τῶν
749 928 815 999 ιβ’
842 930 1068 994 ζωδίων.

346 1021 467 1074 Τῶν
516 1022 612 1092 μὲν
664 1017 756 1074 οὖν
801 1020 1133 1093 νοτιωτέρων
1166 1020 1259 1074 τοῦ
1308 1020 1572 1084 ζωδιακοῦ
1620 1022 1844 1091 κύκλου,

272 1112 406 1165 ὅταν
440 1111 537 1182 μὲν
565 1114 593 1165 6
624 1111 822 1182 Ὕδρος
851 1111 1132 1183 ἀνατέλλῃ,
1166 1113 1538 1167 συνανατέλλει
1574 1115 1671 1187 μὲν
1700 1116 1848 1187 αὐτῷ

271 1203 304 1254 6
330 1200 594 1265 ζωδιακὸς
626 1201 731 1254 ἀπὸ
766 1201 1038 1273 Καρκίνου
1076 1201 1187 1273 μοί.
1233 1202 1294 1256 ιθ⁹
1327 1204 1497 1275 μέσης
1525 1204 1630 1268 ἔως
1654 1207 1847 1278 Χηλῶν

276 1303 353 1362 ις’
392 1298 594 1369 μέσης”
633 1301 953 1369 μεσουρανεῖ
993 1298 1049 1351 δὲ
1089 1298 1195 1352 ἀπὸ
1238 1298 1409 1371 Κριοῦ
1449 1299 1557 1370 poi.
1600 1305 1646 1367 γ’
1679 1299 1850 1371 μέσης

272 1388 382 1452 ἕως
410 1388 683 1461 Καρκίνου
720 1395 812 1459 ιη’.
848 1388 956 1442 Καὶ
987 1395 1034 1442 α’
1066 1388 1161 1459 μὲν
1201 1389 1373 1461 ἀστὴρ
1401 1388 1679 1442 ἀνατέλλει
1709 1391 1737 1442 6
1762 1388 1851 1458 βο-

276 1482 555 1553 ρειότερος
585 1482 692 1535 τῶν
720 1483 775 1534 ἔν
804 1481 879 1553 τῷ
912 1481 1171 1553 χάσματι,
1206 1480 1431 1551 ἔσχατος
1462 1480 1519 1534 δὲ
1551 1483 1580 1534 6
1611 1483 1668 1534 ὲν
1704 1481 1851 1553 ἄκρᾳ

272 1576 342 1646 τῇ
378 1575 533 1645 οὐρᾷ.
578 1576 917 1645 Μεσουρανεί
950 1574 1006 1627 δὲ
1044 1574 1218 1645 ἀστὴρ
1250 1579 1298 1626 α’
1329 1573 1425 1644 μὲν
1466 1572 1562 1626 τοῦ
1609 1590 1667 1626 τε
1708 1574 1850 1645 Περ-

280 1665 418 1728 σέως
438 1666 467 1718 6
492 1668 550 1719 ὲν
571 1668 637 1737 τῇ
665 1666 852 1739 ’Ἃρπῃ
872 1664 1231 1736 νεφελοειδὴς,
1260 1665 1353 1718 καὶ
1378 1667 1405 1718 6
1428 1663 1719 1735 σύνδεσμος
1743 1662 1852 1718 τῶν

289 1757 618 1828 Ἰχθύων,ὼς
648 1759 945 1831 ἡμιπήχιον
987 1759 1413 1829 ὑπολειπόμενος
1453 1756 1560 1811 τῶν
1589 1758 1646 1811 ὲν
1669 1758 1734 1828 τῇ
1757 1773 1852 1809 κε-

1947 563 2149 616 coelum
2183 569 2413 633 OCCUpet
2442 581 2454 615 :
2494 560 2562 615 ad
2594 561 2712 615 hazc
2746 570 2878 631 quot
2910 566 3374 635 aequinoctialium
3408 556 3527 629 ho-‘g

1947 671 2133 710 rarum
2175 656 2353 727 spatio
2391 655 2617 726 singula:
2654 662 2808 712 ortus
2848 671 2978 714 suos
3032 675 3371 730 occasusque
3428 650 3529 745 ΐιι-ξ

1946 747 2117 802 ciant.
2155 746 2301 802 ldem
2336 763 2481 801 nunc
2531 746 2598 802 de
2647 749 3069 806 australioribus
3113 753 3338 807 zodiaco
3385 753 3511 807 coeli

1947 840 2495 903 constellationibus,
2557 854 2620 895 ac
2678 841 2746 895 de
2809 841 2944 911 ipsis
2995 843 3278 898 duodecim
3340 845 3512 915 signis

1948 931 2187 986 scribere
2225 929 2595 986 instituemus.
3022 992 3031 997 ,

2017 1022 2093 1076 Ex
2129 1023 2198 1077 iis
2228 1022 2396 1092 igitur
2438 1025 2782 1092 asterismis,
2828 1026 2921 1095 qui
2975 1027 3333 1084 australiores
3381 1038 3513 1083 sunt

1947 1115 2174 1169 zodiaco
2207 1114 2448 1194 circulo,
2483 1114 2668 1186 llydro
2709 1126 2996 1187 surgente,
3022 1119 3287 1174 -zodiacus
3318 1135 3510 1176 ascen-

1948 1208 2026 1261 dit
2057 1224 2086 1261 a
2119 1207 2318 1262 Cancri
2349 1208 2414 1263 19
2446 1209 2623 1263 media
2659 1218 2846 1278 parte,
2877 1211 2945 1264 ad
2980 1212 3211 1266 mediam
3260 1214 3326 1268 16
3371 1214 3514 1270 Che-

1950 1300 2158 1368 larum;
2188 1301 2450 1355 culminat
2482 1302 2551 1356 ab
2582 1303 2784 1359 Arietis
2818 1305 2995 1359 media
3029 1305 3063 1359 '5
3092 1304 3161 1359 ad
3196 1305 3391 1361 Cancri
3422 1307 3511 1361 18.

1948 1390 2132 1446 Prima
2169 1393 2344 1447 oritur
2375 1394 2531 1448 stella
2578 1393 2851 1450 borcalior
2888 1410 3075 1451 earnm
3114 1413 3236 1466 quae
3273 1399 3329 1451 in
3367 1399 3514 1454 rictu

1952 1491 2080 1540 Sunt
2104 1500 2119 1549 ;
2147 1484 2333 1538 ultima
2353 1526 2368 1551 ,
2400 1500 2521 1555 qua:
2545 1486 2600 1539 in
2627 1487 2970 1542 extremitate
3000 1488 3205 1543 caudae.
3236 1488 3515 1543 Cuiminat

1952 1576 2102 1646 prior
2151 1591 2271 1647 qua:
2308 1575 2365 1631 in
2403 1577 2587 1633 Persei
2624 1586 2712 1633 est
2738 1576 2919 1648 Harpe
2947 1578 3157 1633 nebula:
3188 1579 3423 1645 similis;
3457 1588 3515 1636 et

1952 1671 2130 1725 nodus
2174 1670 2449 1735 Piscium,
2492 1671 2816 1739 semicubito
2859 1672 3076 1727 circiter
3118 1672 3327 1728 distans
3369 1688 3401 1726 a
3432 1674 3515 1727 lu-

1954 1762 2092 1818 cidis
2120 1761 2293 1819 tribus
2316 1763 2512 1833 capitis
2535 1763 2765 1832 Cancri;
2793 1764 3117 1819 semicubito
3142 1778 3359 1834 quoque
3381 1764 3514 1818 citra

277 1847 423 1920 φαλῇ
451 1848 545 1902 τοῦ
575 1849 849 1920 Καρκίνου
883 1850 1150 1921 λαμπρῶν
1178 1855 1249 1919 γ’,
1285 1849 1361 1913 ὡς
1385 1849 1683 1919 ἡμιπήχιον
1723 1848 1854 1900 ὐπο-

1971 1854 2315 1909 neridianum
2367 1858 2561 1927 posita.
2616 1854 2818 1911 Ultima
2865 1856 3164 1922 culminat,
3222 1856 3521 1912 australicr

277 1938 598 2010 λειπόμενος
626 1938 720 1992 τοῦ
757 1939 1127 2011 μεσημϐρινοῦ
1159 1957 1171 1970 ·
1202 1939 1428 2010 ἔσχατος
1446 1940 1505 1993 δὲ
1536 1941 1856 2011 μεσουρανεῖ

277 2029 374 2083 τοῦ
410 2047 472 2082 τε
508 2030 735 2093 Λέοντος
779 2034 808 2086 6
847 2030 1165 2103 νοτιώτερος
1202 2030 1310 2085 τῶν
1341 2031 1661 2102 ἡγουμένων
1688 2032 1747 2084 ὲν
1786 2032 1853 2102 τῇ

280 2121 489 2193 κεφαλῇ
516 2161 532 2186 ,
561 2121 656 2175 καὶ
687 2121 788 2191 τῆς
824 2122 1051 2195 Ἀργοῦς
1075 2123 1104 2175 6
1129 2121 1444 2193 νοτιώτερος
1469 2120 1578 2175 τῶν
1608 2122 1665 2174 ἔν
1707 2119 1857 2192 μέσῳ

275 2213 358 2285 τῷ
399 2211 550 2285 ἱστῷ.
590 2213 891 2268 Ἀνατέλλει
936 2215 994 2268 δὲ
1035 2214 1281 2287 δ”Υδρος
1317 2215 1375 2268 ὲν
1403 2212 1571 2284 ὥραις
1598 2212 1643 2279 ζ’
1670 2213 1765 2266 καὶ
1796 2226 1856 2264 ιε’

282 2304 465 2378 μέρει.

356 2398 526 2450 Ὅταν
571 2395 627 2450 δὲ
659 2396 687 2448 6
720 2395 949 2469 Κρατὴρ
993 2395 1259 2468 ἀνατέλλῃ
1282 2437 1297 2463 ,
1329 2395 1706 2451 συνανατέλλει
1758 2396 1858 2469 μὲν

280 2487 432 2559 αὐτῷ
471 2491 500 2541 6
533 2487 793 2553 ζωδιακὸς
839 2487 948 2542 ἀπὸ
986 2488 1212 2552 Λέοντος
1256 2488 1364 2560 μοί.
1403 2488 1447 2555 ζ’
1479 2492 1573 2544 καὶ
1604 2495 1652 2543 κ’
1686 2489 1859 2562 μέσης

281 2580 388 2644 ἔως
430 2581 707 2654 Παρθένου
760 2582 868 2653 μοι.
923 2589 989 2636 ια’
1041 2581 1242 2654 μέσης·
1285 2585 1611 2654 μεσουρανεῖ
1650 2582 1706 2636 δὲ
1750 2582 1859 2637 ἀπὸ

281 2673 500 2746 Ταύρου
531 2680 579 2728 α’
609 2675 703 2728 καὶ
730 2681 780 2728 κ’
826 2673 996 2746 μέσης
1018 2675 1123 2739 ἔως
1152 2675 1397 2745 Διδύμων
1429 2675 1622 2747 μέσης.
1667 2676 1778 2729 Καὶ
1811 2681 1859 2729 α’

285 2765 387 2837 μὲν
423 2765 597 2838 ἀστὴρ
630 2766 910 2820 ἀνατέλλει
943 2769 971 2820 6
1001 2766 1338 2839 βορειότερος
1369 2767 1479 2820 τῶν
1512 2769 1570 2820 ὲν
1603 2769 1670 2839 τῇ
1707 2767 1861 2837 βάσει

281 2859 345 2921 δ’,
383 2859 608 2929 ἔσχατος
639 2859 696 2914 δὲ
722 2862 750 2915 6
773 2859 1091 2925 νπιώτατος
1120 2860 1227 2915 τῶν
1252 2862 1310 2914 ὲν
1329 2859 1407 2932 τῷ
1427 2861 1598 2933 Κὴτει
1704 2860 1862 2915 ἀστέ-

288 2970 420 3023 ρων.
456 2953 864 3025 Μεσουρανοῦσι
893 2954 950 3008 δὲ
977 2954 1183 3028 πρῶτοι
1216 2955 1311 3027 μὲν
1353 2955 1581 3029 ἀστέρες
1616 2956 1668 3008 οἱ
1703 2955 1761 3008 ὲν
1792 2957 1859 3028 τῇ

283 3043 497 3116 κεφαλῇ
526 3045 621 3098 τοῦ
655 3046 897 3118 Ἦνιόχου
933 3048 1072 3101 κατά
1111 3047 1173 3101 τὸ
1204 3048 1365 3119 μέσον
1392 3047 1522 3101 αὐτὸ
1543 3048 1610 3113 ⁸ο,
1646 3046 1861 3118 ἔσχατοι

283 3137 343 3191 δὲ
375 3138 484 3190 τῶν
507 3155 567 3190 τε
590 3139 834 3210 Διδύμων
863 3142 891 3193 6
935 3140 978 3194 δ’
1010 3141 1116 3194 ἀπὸ
1145 3140 1349 3205 δύσεως
1379 3140 1490 3195 τῶν
1525 3142 1583 3195 ὲν
1602 3142 1713 3205 τοῖς
1737 3140 1863 3193 ποσὶ¹

1954 1946 2378 2017 prtecedentium
2427 1948 2482 2002 in
2534 1949 2710 2019 capite
2752 1946 2992 2003 Leonis:
3046 1950 3337 2004 australior
3387 1949 3515 2003 iten‘

1954 2051 2144 2091 earum
2180 2053 2303 2109 quae
2339 2040 2394 2093 in
2436 2039 2579 2094 malo
2606 2040 2786 2095 medio
2817 2047 2944 2095 sunt
2974 2039 3157 2097 Navis.
3189 2040 3375 2096 Oritur
3404 2039 3518 2113 Hy-

1955 2128 2087 2185 drus
2120 2129 2272 2187 horis
2304 2137 2510 2203 septem
2530 2172 2546 2198 ,
2580 2138 2635 2188 et
2666 2140 2820 2204 parte
2854 2132 3006 2189 horae
3036 2134 3123 2189 15.

2028 2391 2248 2450 Oriente
2271 2394 2495 2453 Cratere
2521 2397 2779 2455 zodiacus
2806 2397 3043 2469 assurgit
3065 2412 3095 2452 a
3120 2396 3319 2452 Leonis
3344 2396 3524 2452 media

1957 2495 2111 2557 parte
2140 2487 2213 2540 27
2244 2503 2422 2559 usque
2457 2489 2525 2545 ad
2563 2489 2804 2562 Virginis
2843 2491 3079 2546 mediam
3118 2493 3221 2558 H;
3262 2491 3525 2545 culminat

1959 2589 1991 2629 a
2014 2583 2171 2646 parte
2193 2575 2360 2632 Tauri
2387 2577 2566 2634 media
2589 2578 2656 2632 21
2687 2579 2755 2633 ad
2782 2579 3016 2635 mediam
3044 2620 3057 2633 .
3081 2619 3094 2633 .
3117 2578 3521 2637 .Geminorum.

1957 2664 2117 2722 Prior
2148 2668 2325 2723 oritur
2351 2669 2625 2725 borealior
2656 2670 2724 2726 de
2757 2676 2993 2742 quatuor
3021 2671 3078 2741 in
3106 2670 3265 2737 basi;
3299 2668 3523 2735 ultima,

1959 2774 2081 2830 quae
2117 2766 2201 2814 est
2240 2760 2501 2815 australis
2538 2760 2776 2816 maxime
2814 2774 2914 2817 sex
2947 2760 3004 2814 in
3042 2757 3179 2817 Ceto
3218 2761 3521 2816 stellarum.

1960 2847 2282 2906 Culminant
2319 2853 2531 2922 priores
2568 2868 2647 2908 eae
2683 2852 2886 2921 stellae,
2927 2867 3049 2923 quae
3087 2859 3217 2906 sunt
3253 2852 3311 2907 iu
3348 2851 3528 2922 capite

1960 2943 2206 3017 Auriga},
2238 2946 2385 3002 circa
2414 2948 2653 3004 medium
2686 2949 2864 3021 ipsum
2898 2967 2912 3003 :
2952 2947 3290 3023 novissimae,
3328 2950 3553 3017 quarta.

1963 3036 2033 3092 ab
2064 3051 2262 3093 occasu
2292 3038 2363 3094 de
2390 3048 2624 3110 quatuor
2655 3056 2778 3111 quae
2814 3048 2942 3095 sunt
2982 3041 3041 3095 in
3081 3039 3311 3110 pedibus
3344 3036 3528 3091 Gemi-

1965 3156 2162 3196 norum
2182 3181 2197 3207 ,
2229 3148 2283 3196 et
2308 3136 2490 3193 lucida
2520 3149 2720 3189 carens
2747 3133 3001 3198 nomine,
3032 3131 3230 3203 Lepori
3258 3128 3524 3199 subjecta.

285 3229 347 3295 6’,
378 3233 473 3284 καὶ
496 3234 524 3284 ὁ
555 3232 659 3285 ύπὸ
687 3232 778 3285 τὸν
806 3231 1001 3301 Δαγὼν
1034 3232 1283 3305 λαμπρὸς
1318 3233 1491 3306 ἀστὴρ
1520 3232 1859 3303 ἀκατονόμα-

1971 3230 2149 3289 Oritur
2173 3232 2363 3288 Crater
2386 3228 2522 3285 hora
2550 3228 2576 3282 1
2599 3268 2615 3294 ,
2651 3224 2753 3283 15’.

288 3339 433 3385 στος,
475 3322 776 3378 Ἀνατέλλει
807 3324 863 3377 δὲ
896 3327 924 3379 6
953 3324 1180 3397 Κρατὴρ
1205 3327 1262 3379 ἐν
1290 3324 1410 3395 ὥρᾳ
1430 3331 1476 3377 α’
1496 3325 1588 3378 καὶ
1611 3325 1651 3378 δ’
1682 3324 1856 3395 μέρει.

357 3414 435 3467 B’.
483 3416 650 3470 Ὅταν
677 3416 733 3470 δὲ
761 3418 789 3471 6
816 3416 1001 3487 Κόραξ
1031 3417 1294 3491 ἁνατέλλῃ
1317 3456 1330 3483 ,
1357 3417 1731 3472 συνανατέλλει
1763 3416 1861 3489 μὲν

288 3505 439 3577 αὐτῷ
470 3510 499 3561 6
529 3507 793 3573 ζωδιακὸς
818 3509 924 3562 ἀπὸ
948 3508 1220 3581 Παρθένου
1259 3509 1368 3579 poi.
1413 3515 1488 3574 ις’
1511 3509 1616 3573 ἔως
1655 3507 1865 3579 Παρθέ-

289 3616 381 3653 νου
415 3598 522 3668 μοί.
540 3605 602 3668 γ’
644 3599 740 3653 καὶ
767 3607 816 3655 κ’
843 3614 857 3629 ’
895 3602 1219 3672 μεσουρανεῖ
1248 3600 1304 3652 δὲ
1334 3600 1440 3653 ἀπὸ
1477 3599 1723 3670 Διδύμων
1752 3599 1863 3670 poi.

291 3692 356 3744 t6'
382 3691 486 3753 ἕως
510 3690 757 3762 Διδύμων
787 3692 893 3763 poi.
919 3691 964 3763 β’
983 3692 1078 3745 καὶ
1100 3698 1166 3745 κ’.
1199 3693 1310 3745 Καὶ
1331 3691 1545 3762 πρῶτος
1571 3692 1668 3763 μὲν
1694 3692 1866 3765 ἀστὴρ

288 3781 570 3835 ἀνατέλλει
623 3783 652 3836 6
698 3783 789 3836 ἐπὶ
819 3783 920 3853 τῆς
963 3782 1162 3853 ὀσφύος
1186 3823 1202 3848 ,
1235 3782 1457 3853 ἔσχατος
1494 3782 1549 3836 δὲ
1595 3784 1623 3836 6
1654 3786 1711 3837 έν
1755 3786 1867 3848 τοῖς

290 3874 439 3926 ποσί.
476 3875 816 3946 Μεσουρανεῖ
854 3874 909 3928 δὲ
942 3882 990 3928 α’
1031 3874 1129 3946 μὲν
1162 3876 1190 3927 6
1223 3877 1280 3928 ὲν
1313 3877 1378 3947 τῇ
1411 3874 1686 3946 ἡγουμένῃ
1722 3876 1866 3947 χειρὶ

289 3966 386 4018 τοῦ
411 3966 716 4038 ἡγουμένου
746 3965 999 4038 Διδύμου,
1039 3966 1134 4021 καὶ
1170 3967 1198 4018 6
1235 3964 1407 4031 δεξιὸς
1440 3965 1577 4026 ποῦς
1613 3964 1706 4017 τοῦ
1748 3965 1870 4018 έπο-

296 4057 461 4129 μένου
492 4057 745 4129 Διδύμου,
775 4057 994 4129 ἔσχατοι
1037 4057 1094 4110 δὲ
1119 4056 1226 4111 τῶν
1257 4073 1316 4109 τε
1346 4055 1589 4126 Διδύμων
1623 4054 1651 4108 6
1682 4061 1731 4124 γ’
1761 4056 1869 4109 ἀπὸ

292 4147 498 4212 δύσεως
524 4148 634 4202 τῶν
665 4151 725 4202 ἔν
767 4152 880 4211 τοῖς
921 4144 1113 4217 ὤμοις,
1162 4146 1255 4200 καὶ
1302 4144 1396 4198 τοῦ
1436 4144 1612 4208 Κυνὸς
1637 4146 1665 4199 6
1706 4146 1764 4197 ἐν
1799 4146 1866 4215 τῇ

294 4241 522 4311 ἐκφύσει
587 4240 696 4294 τῶν
729 4239 1075 4312 ἐμπροσθίων
1125 4236 1328 4310 μερῶν,
1378 4237 1569 4308 μικρὸν
1618 4235 2045 4309 ὑπολειπόμενος
2086 4240 2180 4294 τοῦ
2238 4240 2635 4314 μεσημϐρινοῦ.

292 4339 441 4410 τρισὶ
469 4336 905 4409 πεμπτημορίοις
930 4342 975 4389 α’
1006 4335 1174 4408 ὥρας.

369 4433 537 4485 Ὅταν
568 4431 626 4484 δὲ
649 4432 677 4483 6
710 4431 1018 4502 Κένταυρος
1045 4429 1328 4502 ἀνατέλλῃ,
1360 4427 1740 4482 συνανατέλλει
1777 4428 1876 4499 μὲν

2036 3413 2101 3469 ll.
2142 3412 2364 3468 Oriente
2391 3411 2599 3475 Corvo,
2630 3408 2838 3464 zodiaci
2873 3422 3033 3463 arcus
3059 3404 3324 3460 attollitur
3352 3418 3381 3456 a
3409 3400 3533 3456 Vir-

1966 3507 2108 3578 ginis
2139 3506 2208 3560 16
2249 3506 2315 3560 ad
2348 3505 2448 3572 2'5;
2479 3502 2742 3559 culminat
2773 3517 2802 3555 a
2830 3499 3180 3556 Geminorum
3224 3497 3290 3551 14
3335 3495 3403 3550 ad
3438 3494 3530 3548 22.

1970 3597 2128 3653 Prior
2155 3597 2331 3651 oritur
2356 3596 2513 3651 stella
2532 3636 2546 3659 ,
2574 3609 2696 3665 quae
2718 3601 2802 3649 est
2828 3593 2884 3647 in
2905 3592 3101 3646 lumbis
3119 3632 3134 3658 ,
3159 3589 3351 3643 ultima
3371 3626 3388 3651 ,
3415 3601 3536 3657 quae

1971 3696 2057 3745 est
2090 3689 2146 3742 in
2179 3688 2431 3759 pedibus.
2466 3686 2744 3742 Culminat
2775 3685 2951 3757 prima
2981 3697 3102 3754 qua:
3129 3690 3212 3737 est
3244 3681 3300 3737 in
3332 3693 3539 3750 praece-

1971 3782 2132 3837 dente
2180 3797 2342 3836 manu
2401 3781 2759 3852 praecedentis
2809 3776 3064 3843 Gemini;
3120 3783 3173 3831 et
3212 3790 3307 3847 pes
3344 3774 3537 3828 dexter

1971 3872 2317 3929 succedentis
2345 3890 2360 3939 ;
2386 3880 2673 3942 postrema:
2691 3915 2705 3939 ,
2731 3870 2891 3926 tertia
2916 3869 2982 3924 ab
3005 3882 3204 3923 occasu
3228 3882 3291 3921 ex
3321 3864 3389 3920 iis
3417 3878 3538 3934 quae

1973 3973 2101 4020 sunt
2131 3965 2187 4019 in
2212 3963 2562 4020 Geminorum
2613 3964 2877 4029 humeris,
2909 3969 2963 4017 et
2988 3976 3108 4032 qua:
3140 3960 3196 4014 in
3225 3957 3406 4014 radice
3439 3970 3540 4010 an-

1971 4057 2234 4112 teriorum
2281 4058 2517 4128 partium
2555 4057 2722 4113 Canis
2744 4095 2759 4120 ,
2798 4055 3079 4125 paululum
3111 4053 3248 4107 citra
3276 4048 3536 4106 meridia-

1971 4164 2103 4203 num
2137 4151 2337 4219 posita.
2369 4149 2558 4206 Oritur
2587 4148 2797 4205 Corvus
2826 4146 2961 4202 hora
2992 4145 3026 4200 0
3046 4186 3060 4212 ,
3095 4144 3197 4200 ’56’.

2716 4237 3017 4294 Ἀνατέλλει
3072 4237 3128 4290 δὲ
3165 4237 3193 4289 6
3233 4231 3418 4305 Κόραξ
3481 4233 3541 4285 ὲν

2056 4424 2192 4480 Cum
2239 4423 2513 4479 Centauro
2563 4422 2820 4477 zodiacus
2869 4420 3048 4475 oritur
3093 4434 3123 4473 a
3167 4425 3327 4489 parte
3349 4418 3543 4474 Chela-

296 4523 444 4594 αύτῷ
496 4523 524 4575 6
569 4521 831 4586 ζωδιακὸς
878 4501 986 4575 ἀπὸ
1033 4519 1227 4592 Χηλῶν
1269 4501 1380 4591 poi.
1412 4524 1441 4572 ι’
1491 4519 1595 4583 ’ἐως
1644 4516 1861 4583 regem

1975 4533 2099 4573 rum
2129 4517 2195 4570 10
2222 4516 2291 4570 ad
2319 4514 2596 4586 Sagittarii
2624 4515 2692 4580 4;
2715 4514 2978 4568 culminat
3008 4527 3039 4566 a
3067 4522 3218 4581 parte
3246 4510 3444 4566 Cancri
3476 4510 3544 4564 12

300 4618 410 4690 poi.
441 4616 503 4670 δ’·
534 4617 855 4688 μεσουρανεῖ
885 4613 942 4667 δὲ
976 4613 1085 4668 ἀπὸ
1127 4612 1403 4684 Καρκίνου
1446 4610 1511 4682 ιβ’
1539 4611 1643 4675 ἔως
1672 4609 1878 4682 Παρθέ-

296 4728 386 4764 νου
426 4708 487 4774 ιζ’
521 4707 712 4780 μέσης.
746 4708 858 4762 Καὶ
895 4713 943 4760 α’
979 4706 1076 4777 μὲν
1107 4705 1280 4777 ἁστὴρ
1330 4703 1607 4760 ἀνατέλλει
1646 4706 1675 4757 6
1716 4705 1772 4757 ὲν
1798 4701 1876 4773 τῷ

295 4798 571 4872 ἀριστερῷ
601 4798 757 4871 ὤμῳ,
800 4798 1024 4868 ἔσχατος
1066 4798 1123 4852 δὲ
1158 4800 1187 4851 6
1217 4797 1482 4869 ἑπόμενος
1509 4795 1618 4849 τῶν
1664 4795 1875 4865 ἐμπρο-

299 4890 463 4945 σθίων
493 4890 688 4945 ποδῶν.
712 4891 894 4944 Μεσου
905 4892 1051 4962 ρανεῖ
1075 4889 1131 4942 δὲ
1155 4894 1203 4942 α’
1232 4889 1329 4960 μὲν
1350 4887 1522 4960 ἀστὴρ
1548 4886 1649 4956 τῆς
1677 4903 1737 4938 τε
1763 4886 1878 4956 Ἀρ-

298 4981 428 5050 γοῦς
467 4983 496 5035 ὁ
541 4981 650 5034 ἀπὸ
686 4980 890 5045 δύσεως
923 4979 1031 5033 τῶν
1073 4982 1129 5034 ἐν
1154 4978 1232 5050 τῷ
1275 4976 1702 5049 καταστρώματι
1734 4976 1876 5047 λαμ-

302 5071 476 5144 πρῶν,
503 5072 596 5125 καὶ
628 5070 722 5125 τοῦ
747 5072 945 5144 ’Ὑδρου
983 5071 1081 5143 τῆς
1117 5070 1297 5134 νοτίας
1328 5068 1574 5139 σιαγόνος
1618 5070 1647 5121 ὁ
1678 5067 1877 5139 ἑπόμε-

300 5182 410 5230 νος,
438 5164 664 5235 ἔσχατος
693 5163 750 5217 δὲ
775 5165 802 5217 6
827 5162 1224 5235 Προτρυγητὴρ
1264 5163 1339 5225 ὡς
1391 5162 1687 5232 ἡμιπήχιον
1745 5177 1877 5231 προ-

301 5257 605 5330 ηγούμενος
647 5254 741 5310 τοῦ
791 5254 1184 5328 μεσημϐρινοῦ.
1227 5253 1528 5309 Ἀνατέλλει
1574 5253 1631 5306 δὲ
1671 5254 1700 5306 6
1742 5251 1878 5306 Κέν-

303 5367 501 5422 ταυρος
527 5351 582 5402 ἔν
609 5348 780 5420 ὥραις
805 5348 848 5401 δ’
874 5349 970 5402 καὶ
994 5354 1040 5416 γ’
1074 5348 1229 5419 μέρει
1251 5346 1415 5417 ὥρας.

375 5441 481 5496 Τοῦ
512 5441 571 5495 δὲ
601 5442 800 5513 Θηρίου
833 5441 1243 5504 ἀνατέλλοντος,
1276 5440 1305 5492 ὃ
1337 5438 1449 5509 ἔχει
1488 5440 1517 5492 6
1544 5437 1874 5510 Κένταυρος,

307 5533 681 5592 ουναυατέλλει
712 5533 811 5604 μὲν
844 5531 992 5603 αὐτῷ
1015 5535 1043 5586 6
1068 5532 1328 5597 ζωδιακὸς
1349 5529 1459 5583 ἀπὸ
1490 5535 1537 5597 γ’
1567 5530 1662 5583 καὶ
1686 5536 1734 5584 κ’
1764 5529 1873 5601 poi.

305 5625 398 5680 τοῦ
432 5624 702 5698 Σκορπίου
732 5623 836 5688 ἔως
866 5623 1094 5691 Τοξότου
1147 5630 1264 5677 καθ
1306 5624 1630 5694 μεσουρανεῖ
1667 5621 1725 5676 δὲ
1770 5621 1877 5677 ἀπὸ

371 5783 419 5818 ’⁸
440 5782 566 5843 Rea.
596 5782 768 5841 αὐτοὶ.
796 5782 834 5842 f.
859 5781 1040 5839 αὑτοῦ.

1979 4608 2047 4664 ad
2079 4608 2313 4663 mediam
2344 4604 2699 4678 Virginis”.
2731 4604 2912 4660 Prima
2945 4604 3120 4659 oritur
3151 4603 3305 4659 stella
3334 4601 3546 4657 sinistri

1977 4703 2227 4768 humeri,
2272 4701 2486 4769 ultima;
2507 4716 2672 4768 vero,
2723 4698 3025 4755 succedens
3073 4697 3408 4753 anteriorum
3451 4710 3549 4765 pc-

1976 4797 2129 4852 dum.
2169 4794 2447 4850 Culminat
2494 4793 2672 4864 prima
2712 4792 2868 4848 stella
2907 4806 3027 4861 quae
3062 4790 3131 4845 ab
3168 4803 3370 4843 occasu
3407 4787 3548 4842 luci-

1976 4892 2170 4946 darum
2208 4898 2293 4945 est
2328 4888 2386 4942 in
2425 4886 2562 4942 foris
2600 4886 2811 4957 Argus,
2850 4893 2906 4939 et
2944 4883 3244 4939 succedens
3283 4881 3540 4937 australis

1979 4979 2316 5036 mandibulae
2341 4978 2482 5034 Ceti.
2508 4976 2796 5033 Postremo
2822 4974 3196 5030 Vindemiator
3223 4971 3548 5028 semicubito

1981 5070 2710 5145 praecedensmeridianum.
2744 5066 2932 5145 Oritur
2964 5066 3273 5123 Centaurus
3296 5064 3447 5121 horis
3477 5065 3547 5129 6,

1979 5177 2032 5222 et
2052 5165 2154 5222 20’.
2974 5163 2980 5169 ’

2062 5435 2222 5509 134.
2244 5434 2381 5492 Fera
2402 5475 2417 5500 ,
2444 5449 2606 5505 quam
2628 5432 2937 5488 Centaurus
2969 5437 3152 5493 tenet,
3187 5428 3424 5493 oriente,
3457 5441 3554 5481 zo-

1982 5533 2173 5588 diacus
2203 5529 2433 5599 emergit
2460 5542 2490 5581 a
2513 5534 2667 5598 parte
2696 5523 2911 5595 Scorpii
2939 5524 3012 5578 23
3044 5523 3112 5578 ad
3142 5519 3422 5593 Sagittarii
3450 5519 3513 5573 21
3539 5534 3554 5584 ;

1986 5625 2312 5681 culminata
2342 5620 2583 5695 Virginis
2614 5620 2654 5676 ὅ
2688 5619 2757 5675 ad
2790 5615 2967 5673 Libra:
2995 5614 3078 5673 10.
3107 5614 3268 5670 Prior
3294 5612 3467 5668 oritur
3492 5624 3558 5666 ea
