3950 6266
488 278 622 336 UH

1488 276 1579 343 AD
1619 288 1889 347 EUSEBII
1924 288 2315 347 CllRONlCON
2353 288 2715 348 APPENDIX.

3586 291 3725 346 illi

485 412 607 468 quae
628 406 712 453 est
741 398 797 453 in
818 400 1170 458 antecedente
1193 403 1388 474 pedum
1420 407 1803 475 posteriorum,
1829 424 1949 479 qua
1968 425 2026 464 es

2154 407 2428 478 Παρθένου
2453 414 2501 476 γ’
2529 407 2636 471 ἓως
2660 406 2831 474 Ζυγοῦ
2863 414 2914 461 ι’.
2942 407 3051 460 Καὶ
3088 413 3136 458 α’
3162 406 3259 477 μὲν
3294 406 3470 479 ἀστὴρ
3501 407 3727 462 ἀνατέλ-

486 486 759 543 borealior
807 491 1036 546 sitarum
1086 492 1190 548 sub
1237 493 1430 549 dextro
1477 495 1706 552 humero
1740 499 2041 566 Centauri;

488 579 675 635 ultima
705 596 867 649 vero,
914 584 1159 640 omnium
1206 586 1519 653 australior,
1573 597 1627 644 et
1677 590 1734 645 in
1785 592 2046 647 extremi-

486 682 615 738 tato,
649 688 770 744 quae
798 674 852 729 in
884 675 1086 733 lumbis
1111 686 1229 741 est,
1276 678 1543 749 subjecta.
1570 678 1751 736 Prima
1780 682 2044 737 culminat

482 763 673 831 stella,
727 766 1138 823 succedentium
1188 785 1256 824 ex
1303 769 1370 824 iis
1410 785 1530 840 qua:
1573 780 1703 827 sunt
1744 773 1797 826 in
1846 771 2043 828 Leonis

481 854 692 922 capite,
744 856 1031 924 borealior,
1087 864 1140 914 et
1188 875 1308 929 qua:
1354 860 1411 913 in
1457 862 1825 918 anterioribus
1870 862 2042 933 ipsius

482 944 752 1015 pedibus;
795 948 985 1002 ultima
1028 964 1154 1003 vero
1196 949 1373 1005 lucida
1399 989 1415 1014 ,
1457 966 1578 1021 quae
1618 951 1672 1007 in
1719 951 1919 1009 lumbis
1959 961 2042 1008 est

482 1036 706 1106 majoris
736 1034 923 1094 Ursae:
956 1046 1009 1093 et
1040 1055 1159 1110 qua:
1187 1041 1242 1095 in
1269 1048 1418 1097 recto
1449 1050 1534 1098 est
1564 1043 1824 1114 trianguli
1855 1045 2042 1100 ortho-

477 1127 658 1198 gonii,
693 1129 786 1199 qui
819 1137 903 1185 est
938 1130 1042 1187 sub
1071 1132 1312 1189 Cratere.
1349 1132 1533 1189 Oritur
1562 1132 1697 1189 Fera
1729 1136 1905 1206 spatio
1942 1136 2041 1192 ho-

475 1233 660 1279 rarum
694 1220 730 1275 9
747 1265 762 1290 ,
800 1223 899 1278 15'.

548 1401 655 1456 Ara
681 1420 803 1459 cum
834 1405 1030 1472 oritur,
1057 1421 1179 1461 cum
1210 1421 1272 1463 ea
1307 1407 1567 1464 zodiacus
1595 1408 1840 1465 ascendit
1874 1425 1903 1463 a
1939 1409 2038 1463 Sa-

478 1494 680 1563 gittarii
710 1505 862 1567 parte
891 1497 958 1553 15
983 1498 1049 1554 ad
1078 1498 1186 1567 ‘25;
1216 1500 1478 1556 culminat
1505 1515 1535 1555 a
1565 1500 1855 1556 Chelarum
1887 1509 2039 1572 parte

475 1586 510 1641 Ω
532 1585 596 1639 ad
628 1586 708 1642 l0.
738 1586 894 1644 Prior
919 1590 1097 1646 oritur
1122 1593 1277 1648 stella
1299 1607 1421 1663 qua:
1447 1600 1531 1649 est
1557 1591 1612 1646 in
1645 1591 1765 1648 loco
1788 1610 1804 1659 ;
1828 1603 2036 1663 postre-

475 1692 562 1731 ma
594 1680 888 1737 australior
914 1697 1101 1737 earum
1129 1699 1250 1755 qua:
1279 1684 1336 1738 in
1370 1683 1508 1739 basi.
1553 1681 1736 1737 Prima
1770 1684 2037 1739 culminat

2152 499 2230 553 λει
2258 502 2287 554 6
2330 503 2387 554 ὲν
2409 499 2486 571 τῷ
2514 500 2800 571 ἡγουμένῳ
2829 499 2936 554 τῶν
2975 498 3233 552 ὀπισθίων
3260 498 3435 552 ποδῶν
3456 516 3471 529 ο
3508 499 3628 551 ἐστι
3669 499 3725 555 δὲ

2150 586 2305 656 οὗτος
2349 595 2378 647 6
2420 592 2750 664 βορειότερος
2793 591 2902 646 τῶν
2940 590 3044 645 ὑπὸ
3082 590 3173 645 τὸν
3216 591 3387 657 δεξιὸν
3429 587 3587 663 ὦμον
3631 591 3724 646 τοῦ

2150 684 2461 757 Κενταύρου
2490 700 2504 715 ο
2540 683 2768 754 ἔσχατος
2805 683 2862 737 δὲ
2887 684 2915 737 6
2939 683 3254 755 νοτιώτερος
3282 683 3500 737 πάντων
3530 682 3628 737 καὶ
3668 685 3724 736 ἐν

2149 777 2303 849 ἄκρῳ
2348 775 2427 847 τῷ
2454 776 2547 828 ἐπὶ
2578 774 2679 846 τῆς
2711 775 2908 843 ὀσφύος
2962 774 3336 845 ὑποκείμενος.
3381 776 3726 846 Μεσουρανεϊ

2147 865 2203 919 δὲ
2240 872 2289 919 α’
2314 865 2489 937 ἀστὴρ
2513 866 2541 918 6
2564 864 2674 918 τῶν
2709 865 2767 918 ὲν
2804 865 2872 935 τῇ
2896 862 3104 934 κεφαλῇ
3132 862 3226 916 τοῦ
3250 862 3480 927 Λέοντος
3515 862 3723 933 βορειό-

2148 974 2305 1030 τερος
2333 956 2442 1011 τῶν
2465 955 2763 1026 ἑπομένων,
2790 956 2884 1008 καὶ
2910 954 2939 1007 6
2961 956 3019 1007 έν
3040 955 3153 1019 τοῖς
3176 954 3531 1025 ἐμπροσθίοις
3557 953 3721 1007 αύτοῦ

2150 1049 2328 1113 ποσὶν,
2361 1047 2586 1119 ἔσχατος
2627 1046 2684 1099 δὲ
2730 1048 2759 1100 6
2797 1046 2889 1100 ἐπὶ
2941 1046 3039 1117 τῆς
3085 1043 3282 1113 ὀσφύος
3326 1044 3426 1114 τῆς
3477 1042 3723 1116 μεγάλης

2150 1140 2385 1210 Ἀρκτου
2415 1136 2685 1209 λαμπρὸς,
2716 1137 2809 1191 καὶ
2844 1136 2939 1190 τοῦ
2970 1136 3075 1189 ὑπὸ
3099 1136 3190 1190 τὸν
3218 1135 3487 1207 Κρατῆρα
3526 1133 3722 1206 τριγώ-

2146 1248 2237 1283 νου
2268 1227 2592 1300 ὀρθογωνίου
2630 1228 2723 1280 ὲπὶ
2762 1227 2859 1298 τῆς
2901 1226 3067 1297 ὀρθῆς
3100 1226 3367 1298 κείμενος.
3414 1224 3718 1279 ’Δνατέλλϋ

2143 1323 2201 1376 δὲ
2224 1321 2284 1375 τὸ
2310 1321 2508 1392 Θηρίον
2534 1322 2591 1374 ὲν
2616 1319 2787 1392 ὥραις
2820 1319 2866 1390 β’
2894 1320 2988 1373 καὶ
3009 1319 3049 1372 δ’
3091 1319 3267 1390 μέρει.

2219 1412 2387 1469 Ὅταν
2422 1412 2478 1466 δὲ
2517 1413 2578 1466 τὸ
2614 1411 2979 1483 Θυμιατήριον
3008 1411 3291 1482 ἀνατέλλῃ,
3336 1409 3693 1464 συνανατέλλι

2147 1506 2244 1577 μὲν
2269 1503 2417 1577 αύτῷ
2446 1505 2475 1556 6
2503 1502 2763 1569 ζωδιακὸς
2794 1501 2902 1556 ἀπὸ
2932 1501 3161 1567 Τοξὸτου
3199 1502 3308 1573 μοί.
3340 1508 3400 1555 ιε’
3423 1502 3533 1564 ἓως
3560 1501 3695 1566 Τοξό

2143 1613 2237 1649 του
2295 1594 2402 1667 μοί.
2444 1600 2493 1664 γ’
2527 1594 2619 1648 καὶ
2657 1600 2743 1667 κῇο
2774 1595 3095 1665 μεσουρανεϊ
3131 1593 3187 1646 δὲ
3228 1592 3334 1647 ἀπὸ
3372 1591 3576 1664 Χηλῶν
3608 1593 3716 1663 μοί.

2146 1685 2191 1757 β’
2223 1687 2328 1750 ἓως
2353 1686 2569 1759 Χηλῶν
2589 1685 2700 1757 μοί.
2731 1692 2782 1740 ι’.
2816 1684 2926 1739 Kal
2955 1691 3005 1738 α’
3049 1685 3145 1756 μὲν
3174 1685 3347 1757 ἀστὴρ
3380 1684 3666 1738 ἀνατέλλει
3690 1686 3718 1738 6

475 1770 632 1826 stella
653 1812 668 1836 ,
704 1774 1000 1829 australior
1031 1790 1218 1832 earum
1253 1788 1375 1846 qua:
1408 1781 1536 1829 sunt
1563 1774 1618 1828 in
1647 1774 1872 1830 sinistro
1900 1772 2026 1844 pede

2135 1776 2225 1831 ἐπὶ
2251 1775 2344 1829 τοῦ
2383 1777 2670 1848 ὲπιπύρου,
2699 1774 2921 1845 ἔσχατος
2946 1775 3002 1829 δὲ
3023 1775 3052 1827 6
3079 1773 3393 1846 νοτιώτερος
3424 1775 3539 1828 τῶν
3569 1776 3627 1828 ἐν
3652 1777 3714 1846 τῇ

473 1860 676 1928 Βοοιιο,
698 1870 754 1919 et
778 1862 957 1919 lucida
983 1867 1036 1920 in
1066 1866 1458 1938 posterioribus
1480 1864 1736 1920 Centauri
1766 1864 2033 1935 pedibus;

473 1959 749 2021 postrema
777 1970 899 2025 qua:
930 1970 960 2010 a
993 1958 1360 2025 septentrione
1396 1955 1573 2011 dextri
1612 1971 1750 2027 genu
1787 1970 1850 2009 ac
1881 1953 2034 2024 pedis

472 2041 647 2096 dextri
700 2041 940 2115 Virginis
985 2047 1174 2100 ultima
1218 2056 1334 2114 est,
1381 2048 1707 2103 semicubito
1752 2045 1869 2103 fere
1896 2047 2033 2102 citra

473 2132 858 2191 meridianum.
887 2135 1074 2192 Oritur
1101 2139 1209 2192 Ara
1237 2137 1526 2195 semihora:
1558 2136 1755 2209 spatio.

2143 1866 2319 1937 βάσει.
2357 1869 2698 1938 Μεσουρανεῖ
2723 1867 2780 1921 δὲ
2810 1873 2859 1919 α’
2891 1866 2991 1938 μὲν
3021 1865 3193 1939 ἀστὴρ
3230 1865 3324 1920 τοῦ
3356 1883 3415 1920 τε
3444 1864 3665 1919 Βοώτου
3690 1867 3718 1919 6

2140 1955 2455 2031 νοτιώτερος
2480 1957 2586 2012 τῶν
2623 1959 2680 2011 ὲν
2705 1956 2783 2026 τῷ
2823 1956 3093 2028 ἀριστερῷ
3131 1956 3271 2021 ποδὶ,
3301 1958 3397 2010 καὶ
3445 1955 3543 2009 τοῦ
3588 1957 3716 2008 Κεψ

2138 2047 2341 2120 ταύρου
2374 2049 2403 2101 6
2432 2048 2491 2104 ὲν
2529 2051 2643 2112 τοῖς
2677 2047 2941 2111 ὀπισθίοις
2991 2047 3116 2101 ποσ²ί¹
3160 2047 3440 2119 λαμπρός·
3489 2047 3716 2117 ἔσχατος

2138 2138 2195 2190 δὲ
2229 2137 2327 2208 τῆς
2360 2136 2638 2209 Παρθένου
2671 2140 2699 2190 6
2734 2138 2826 2191 ἀπ’
2854 2138 3089 2210 ’Ἄρκτου
3137 2139 3229 2194 τοῦ
3272 2139 3446 2204 δεξιοῦ
3491 2140 3716 2208 γόνατος

470 2229 567 2283 καὶ
603 2228 698 2284 τοῦ
743 2229 916 2296 δεξιοῦ
950 2233 1138 2324 ποδὸς,
1199 2233 1276 2298 ὡς
1320 2236 1618 2306 ὴμιπήχιον
1660 2231 2083 2303 ὑπολειπόμενος
2134 2232 2226 2286 τοῦ
2263 2232 2655 2305 μεσημϐρινοῦ.
2699 2233 2995 2288 Ἀνατέλλει
3036 2235 3093 2288 δὲ
3136 2233 3196 2289 τὸ
3230 2235 3605 2307 Θυμιατήριον
3642 2235 3716 2288 ὲν-

471 2325 740 2399 ημιωριφο

540 2437 629 2496 lll.
673 2439 914 2498 Australi
953 2442 1107 2499 Pisce
1133 2443 1345 2500 oriente
1368 2485 1383 2509 ,
1425 2446 1602 2518 surgit
1631 2462 1739 2501 una
1772 2446 2030 2502 zodiacus

470 2544 500 2586 tt
532 2538 685 2600 parte
716 2532 782 2586 17
817 2533 993 2589 media
1025 2533 1248 2605 Aquarii
1284 2533 1353 2590 ad
1386 2533 1638 2607 Virginis
1655 2538 1886 2593 mediam
1922 2536 2027 2602 2i;

468 2621 733 2678 culminat
773 2638 802 2679 a
838 2633 990 2695 parte
1022 2624 1300 2698 Sagittarii
1334 2625 1369 2682 4
1400 2627 1468 2682 ad
1505 2627 1578 2683 25
1614 2628 1871 2684 mediam.
1911 2625 2032 2682 Pri-

469 2726 555 2766 ma
605 2714 846 2768 omnium
903 2716 1082 2773 oritur
1136 2718 1327 2786 stella,
1377 2718 1649 2775 horealior
1684 2733 1875 2776 earum
1910 2732 2033 2789 qua:

468 2813 600 2860 sunt
629 2804 685 2859 in
718 2806 923 2873 cauda;
957 2814 1233 2878 postrema
1255 2851 1271 2876 ,
1311 2824 1432 2882 qua:
1466 2810 1521 2866 in
1559 2811 1903 2866 extremitate
1939 2825 2031 2866 ro-

467 2896 567 2953 stri
603 2896 802 2952 lucida.
829 2898 1104 2955 Culminat
1129 2900 1280 2970 prior
1301 2915 1423 2971 quae
1447 2909 1532 2957 est
1560 2901 1617 2956 in
1634 2901 1780 2956 Arcu
1808 2900 1987 2957 medio
2011 2917 2025 2968 ;

2207 2442 2282 2497 l".
2322 2441 2489 2496 Ὅταν
2512 2441 2569 2495 δὲ
2603 2441 2633 2493 6
2664 2440 2836 2506 νότιος
2871 2440 3045 2513 ’ἰχθὺς
3074 2441 3355 2515 ἀνατέλλῃ,
3387 2444 3714 2499 συνανατέλ-

2135 2534 2218 2588 λει
2268 2534 2365 2605 μὲν
2389 2531 2535 2602 αύτῷ
2565 2534 2593 2587 6
2621 2532 2881 2598 ζωδιακὸς
2912 2534 3021 2588 ἀπὸ
3053 2534 3333 2606 ’Υδροχόου
3374 2535 3487 2606 μοί.
3529 2534 3596 2600 ιζ’
3621 2536 3713 2607 μέ-

2136 2644 2237 2698 σης
2261 2627 2365 2690 ἕως
2394 2625 2670 2695 Παρθένου
2715 2633 2765 2681 α’
2811 2627 2904 2680 καὶ
2928 2634 2977 2680 κ’
3003 2627 3175 2699 μέσης
3198 2646 3211 2656 ·
3240 2631 3571 2701 μεσουρανεί
3609 2630 3713 2684 ἀπὸ

2135 2717 2363 2782 Τοξότου
2399 2717 2442 2770 6'
2476 2717 2581 2781 ἕως
2623 2716 2848 2783 Τοξότου
2877 2725 2918 2771 ε’
2956 2720 3050 2772 καὶ
3082 2726 3129 2772 κ’
3165 2718 3355 2792 μέσης.
3388 2720 3503 2775 Kal
3538 2728 3591 2774 α’
3617 2722 3711 2793 μὲν

2135 2804 2309 2877 ἀστὴρ
2329 2804 2603 2861 ἀνατέλλει
2627 2808 2654 2859 6
2685 2805 3022 2881 βορειότερος
3050 2808 3158 2863 τῶν
3186 2811 3243 2863 ἐν
3270 2812 3335 2881 τῇ
3366 2811 3529 2882 οὐρᾷ,
3552 2812 3709 2883 ἐσχα-

2133 2913 2225 2960 τος
2245 2897 2301 2950 δὲ
2332 2898 2361 2949 6
2387 2899 2444 2950 ἐν
2478 2897 2634 2969 ἄκρῳ
2656 2896 2735 2969 τῷ
2765 2898 2954 2970 ῥύγχει
2977 2899 3246 2972 λαμπρός.
3281 2902 3631 2975 Μεσουρανεί
3654 2902 3711 2957 δὲ

467 2996 524 3045 et
560 2989 851 3045 australior
888 3006 1077 3047 earum
1110 3007 1231 3063 quae
1268 2991 1325 3047 in
1362 2992 1555 3049 dextro
1593 2993 1871 3065 Anguiferi
1909 2994 2026 3050 sita:

2135 2993 2179 3040 α’
2211 2986 2307 3057 μὲν
2348 2986 2377 3041 6
2414 3003 2475 3041 τε
2514 2989 2571 3041 ὲν
2607 2988 2757 3060 μέσῳ
2799 2989 2876 3061 τῷ
2906 2991 3054 3062 Τόξῳ
3073 3034 3088 3057 ,
3122 2993 3216 3046 καὶ
3242 2992 3333 3045 τοῦ
3365 2994 3655 3066 Ὀφιούχου
3679 2997 3709 3049 6

468 3089 598 3139 Sunt
620 3080 848 3137 humero
867 3121 883 3149 ,
911 3082 1233 3139 semicubito
1258 3082 1370 3139 fere
1389 3083 1528 3139 citra
1557 3084 1910 3140 meridianum
1933 3100 2026 3157 po-

2135 3075 2443 3148 νοτιώτερος
2481 3075 2589 3130 τῶν
2645 3078 2704 3132 ὲν
2736 3077 2814 3148 τῷ
2863 3077 3020 3150 δεξιῷ
3067 3077 3232 3152 ὤμῳ,
3280 3081 3356 3144 ὡς
3401 3082 3706 3152 ἡμιπήχιον

465 3171 614 3235 sita;
650 3172 841 3226 ultima
879 3187 1037 3240 vero,
1077 3172 1257 3230 lucida
1295 3173 1495 3246 pedum
1533 3176 1941 3246 posteriorum;
1974 3183 2030 3233 et

467 3274 588 3328 qua!
626 3259 681 3314 in
718 3261 1061 3317 extremitate
1098 3263 1284 3320 cauda:
1322 3263 1637 3335 Serpentis,
1683 3281 1845 3335 quem
1883 3272 2030 3322 tenet

466 3347 814 3420 Ophiuchus:
840 3351 968 3406 item
989 3353 1294 3422 praecedens
1310 3354 1540 3413 duarum
1564 3355 1887 3422 lucidarum,
1908 3371 2030 3426 qua:

465 3450 597 3498 sunt
629 3442 685 3501 in
712 3442 844 3514 jugo
875 3442 1164 3510 Fidiculze,
1191 3446 1552 3501 semicubitali
1586 3446 1700 3504 fere
1736 3447 2028 3503 interstitio

466 3532 823 3588 meridianum
856 3533 1204 3592 antecedens.
1237 3536 1423 3592 Oritur
1448 3536 1624 3595 Piscis
1653 3537 1786 3594 hora
1812 3539 1847 3594 0
1866 3578 1881 3603 ,
1920 3536 2024 3595 48'.

534 3712 671 3769 Cum
695 3712 864 3770 Cetus
892 3714 1090 3781 oritur,
1118 3716 1347 3789 emergit
1371 3731 1495 3773 cum
1521 3732 1587 3772 eo
1614 3716 1874 3774 zodiacus
1900 3733 1930 3772 a
1954 3717 2026 3775 20

462 3811 620 3875 parte
656 3803 893 3859 Piscium
933 3805 1001 3860 ad
1040 3804 1207 3863 Tauri
1244 3806 1316 3876 7;
1374 3808 1637 3865 culminat
1677 3824 1708 3863 a
1748 3806 2025 3879 Sagittarii

461 3896 650 3951 media
665 3894 737 3951 26
759 3896 826 3951 ad
860 3895 1177 3966 Capricorni
1199 3897 1270 3952 2‘2
1294 3899 1550 3954 mediam.
1572 3897 1749 3954 Prima
1779 3901 2022 3956 omnium

461 3986 640 4041 oritur
670 3987 827 4043 stella
846 4028 862 4053 ,
899 3988 1168 4044 borealior
1192 4003 1379 4044 carum
1411 4004 1531 4058 quae
1562 3997 1688 4045 sunt
1721 3990 1777 4046 in
1806 3989 2020 4057 cauda;

462 4078 688 4143 ultima,
713 4080 1119 4136 succedentium
1149 4080 1454 4135 lucidarum
1486 4095 1607 4150 qua:
1641 4081 1697 4136 in
1732 4080 2021 4138 Laterculo

460 4177 622 4237 sunt,
662 4171 974 4227 australior.
1030 4171 1303 4227 Culminat
1339 4179 1464 4227 ante
1504 4171 1669 4237 alias,
1709 4172 2019 4244 praecedens

458 4276 647 4317 earum
670 4277 792 4333 qua:
817 4272 946 4319 sunt
972 4262 1025 4317 in
1051 4263 1183 4335 jugo
1204 4261 1375 4327 Fidis.
1399 4273 1672 4334 postrema
1700 4280 1820 4335 quae
1846 4273 1928 4321 est
1962 4264 2019 4320 in

459 4352 632 4409 cauda
660 4352 829 4425 Cygni
853 4354 1052 4409 lucida.
1076 4353 1261 4411 Oritur
1293 4353 1459 4411 Cetus
1491 4354 1640 4411 horis
1668 4354 1724 4412 2.

529 4527 730 4585 Orione
762 4529 1118 4594 ascendente,
1159 4546 1283 4587 cum
1324 4547 1389 4588 eo
1428 4532 1684 4590 zodiacus
1722 4532 1948 4603 emergit
1984 4545 2017 4586 a

458 4616 619 4673 Tauri
665 4618 735 4674 28
766 4619 944 4675 media
972 4620 1040 4676 ad
1070 4621 1264 4677 Cancri
1298 4623 1366 4690 '5;
1401 4622 1662 4678 culminat
1693 4623 1762 4678 ab
1794 4622 2015 4694 Aquarii

456 4719 613 4781 parte
636 4710 669 4766 9
692 4711 760 4765 ad
783 4710 1023 4767 Piscium
1056 4712 1144 4768 15.
1170 4713 1346 4768 Prima
1372 4715 1656 4786 consurgit
1679 4713 1832 4770 stella
1851 4753 1867 4776 ,
1895 4729 2015 4785 quae

457 4809 540 4859 est
564 4802 620 4858 in
645 4803 867 4859 sinistra
893 4819 1091 4871 manu;
1137 4804 1347 4870 ultima,
1383 4822 1501 4876 quae
1525 4815 1609 4862 est
1633 4806 1687 4861 in
1717 4804 1907 4861 dextro
1928 4822 2015 4878 pe-

456 4892 542 4947 de.
565 4891 835 4948 Culminat
855 4909 921 4949 ex
945 4893 1066 4949 aliis
1095 4895 1329 4963 primum
1356 4893 1555 4965 Cephei
1578 4910 1674 4965 pes
1701 4897 1891 4949 dexter
1916 4912 1931 4961 ;
1960 4905 2013 4952 et

454 4999 643 5040 earum
680 5000 801 5055 qua:
836 4986 893 5040 in
929 4983 1153 5055 Aquarii
1193 5000 1327 5039 urna
1368 4993 1528 5050 sunt,
1569 4985 1766 5041 media.
1808 4984 2010 5042 Ultimo

453 5091 619 5139 vero,
659 5090 824 5146 parva
862 5075 1016 5132 stella
1053 5089 1174 5146 quae
1210 5077 1266 5129 in
1304 5075 1438 5132 sella
1467 5084 1550 5132 est
1578 5076 1921 5149 Cassiepeae;
1957 5084 2011 5134 et

453 5181 645 5222 earum
684 5166 918 5221 maxime
959 5165 1230 5230 borealis,
1272 5181 1393 5237 qua:
1432 5166 1489 5221 in
1524 5166 1885 5224 Andromedae
1916 5185 2010 5240 pc-

454 5265 632 5318 ctore.
663 5255 830 5313 Orion
860 5253 1036 5326 spatio
1068 5252 1244 5321 surgit
1271 5253 1530 5309 horarum
1558 5255 1623 5319 2,
1662 5254 1763 5314 10'.

519 5516 656 5571 Cum
678 5513 887 5579 Fluvio,
911 5514 1004 5584 qui
1026 5530 1105 5575 est
1129 5520 1197 5575 ab
1227 5518 1453 5581 Orione,
1482 5515 1745 5574 zodiacus
1773 5521 1947 5573 oritur
1972 5535 2002 5574 a

451 5616 603 5682 parte
632 5607 701 5660 15
728 5605 926 5669 Tauri,
959 5606 1025 5660 ad
1054 5605 1253 5665 Cancri
1294 5607 1397 5674 lt);
1437 5608 1700 5664 culminat
1740 5625 1770 5663 a
1807 5611 1995 5678 Capri-

453 5698 606 5755 corni
632 5694 701 5753 27
732 5695 800 5751 ad
836 5694 1073 5753 Piscium
1100 5694 1189 5754 22.
1242 5696 1399 5756 Prior
1428 5699 1625 5767 oritur,
1673 5701 1998 5763 antecedens

2130 3168 2551 3239 ὑπολειπόμενος
2574 3169 2669 3223 τοῦ
2701 3170 3073 3242 μεσημϐρινοῦ
3099 3190 3111 3203 ·
3140 3171 3365 3243 ἔσχατος
3397 3172 3453 3226 δὲ
3490 3174 3521 3227 ὃ
3546 3189 3608 3226 τε
3646 3175 3703 3226 ἐν

2126 3260 2236 3322 τοῖς
2261 3259 2526 3323 ὀπισθίοις
2552 3260 2680 3314 ποσὶ
2710 3260 2979 3334 λαμπρὸς,
3004 3262 3098 3316 καὶ
3125 3262 3216 3316 τοῦ
3244 3264 3477 3333 Ὄφεως,
3507 3264 3568 3317 δν
3591 3264 3700 3335 ἔχει

2124 3350 2154 3403 6
2196 3348 2494 3419 Ὀφιοῦχος,
2522 3351 2551 3402 6
2587 3350 2645 3403 ἐν
2694 3351 2839 3422 ἄκρᾳ
2878 3353 2945 3422 τῇ
2991 3351 3159 3423 ούρᾷ’
3195 3352 3290 3423 καὶ
3318 3352 3415 3423 τῆς
3457 3353 3645 3424 Δύρας
3670 3354 3699 3407 6

2123 3438 2425 3511 ἡγούμενος
2483 3440 2592 3495 τῶν
2638 3443 2695 3495 ὲν
2748 3440 2826 3512 τῷ
2868 3440 3151 3513 ζυγὼματι
3198 3442 3242 3512 β’
3278 3442 3579 3515 λαμπρῶν,
3625 3443 3697 3507 ὡς

2124 3528 2419 3602 ήμιπήχιον
2464 3529 2874 3602 προηγούμενος
2918 3531 3012 3585 τοῦ
3083 3533 3475 3605 μεσημϐρινοῦ.
3547 3534 3695 3587 Ἀνα-

2124 3618 2297 3673 τέλλει
2324 3619 2381 3673 δὲ
2409 3622 2438 3674 6
2478 3620 2651 3692 Ἰχθὺς
2674 3622 2732 3676 ὲν
2761 3622 2804 3676 δ’
2826 3624 3274 3695 πεμπτημορίοις-
3290 3632 3339 3679 α’
3366 3623 3538 3697 ὥρας.

2198 3712 2365 3765 Ὅταν
2406 3710 2461 3766 δὲ
2499 3711 2562 3764 τὸ
2603 3713 2781 3783 Κῆτος
2817 3714 3079 3786 ἀνατέλλῃ
3099 3754 3113 3779 ,
3161 3716 3539 3771 συνανατέλλει
3597 3716 3689 3789 μὶν

2124 3799 2273 3871 αύτῷ
2303 3803 2331 3853 6
2353 3799 2614 3866 ζωδιακὸς
2639 3802 2747 3855 ἀπὸ
2783 3802 3001 3873 Ἰχθύων
3037 3806 3145 3877 μοί.
3176 3811 3223 3858 κ’
3248 3805 3353 3870 ἕως
3385 3804 3599 3878 Ταύρου
3622 3805 3683 3871 ζ’·

2127 3893 2452 3962 μεσουρανεῖ
2480 3890 2536 3944 δὲ
2561 3891 2672 3946 ἀπὸ
2694 3892 2923 3958 Τοξότου
2948 3893 2991 3946 6'
3017 3895 3109 3949 καὶ
3129 3892 3176 3948 κ’
3202 3897 3372 3966 μέσης
3402 3897 3508 3960 ἕως
3536 3897 3687 3967 Αἰγό-

2123 3995 2269 4051 κερω
2298 3978 2341 4049 β’
2380 3979 2474 4033 καὶ
2502 3984 2552 4041 κ’
2584 3978 2777 4050 μέσης.
2800 3982 2909 4035 Kal
2937 3989 2986 4035 α’
3021 3982 3120 4055 μὲν
3147 3984 3322 4057 ἀστὴρ
3353 3986 3631 4039 ἀνατέλλει
3659 3989 3686 4040 6

2125 4069 2460 4143 βορειότερος
2498 4070 2606 4125 τῶν
2648 4072 2706 4126 ἐν
2739 4075 2805 4145 τῇ
2843 4075 3013 4145 οὐρᾷ,
3045 4074 3267 4146 ἔσχατος
3295 4076 3351 4130 δὲ
3391 4077 3500 4130 τῶν
3529 4081 3585 4131 ὲν
3612 4079 3685 4149 τῷ

2124 4163 2522 4237 Τετραπλεύρῳ
2554 4162 2820 4236 λαμπρῶν
2851 4167 2880 4219 6
2905 4165 3218 4239 νοτιώτερος
3246 4168 3354 4222 τῶν
3384 4170 3680 4241 ἑπομένων.

2122 4253 2465 4325 Μεσουρανεῖ
2489 4253 2545 4307 δὲ
2572 4260 2621 4308 α’
2652 4254 2750 4325 μὲν
2776 4257 2804 4308 6
2833 4255 2934 4326 τῆς
2960 4257 3143 4330 Δύρας
3164 4259 3462 4331 ἡγούμενος
3495 4262 3605 4314 τῶν
3626 4263 3681 4315 ἐν

2120 4343 2198 4414 τῷ
2236 4344 2540 4415 ζυγὼματι,
2570 4347 2796 4417 ἔσχατος
2832 4346 2891 4399 δὲ
2918 4347 3009 4401 τοῦ
3051 4350 3296 4421 Ὄρνιθος
3321 4353 3348 4404 6
3371 4352 3429 4405 ἐν
3450 4355 3517 4424 τῇ
3550 4355 3680 4424 σειρᾷ

2050 4429 2096 4484 D
2120 4433 2390 4507 λαμπρός.
2441 4437 2743 4491 Ἀνατέλλει
2773 4437 2829 4490 δὲ
2855 4437 2914 4491 τὸ
2940 4440 3117 4511 Κῆτος
3142 4442 3199 4493 ὲν
3225 4441 3395 4510 ὥραις
3420 4442 3487 4514 β’.

2194 4529 2359 4581 Ὅταν
2411 4528 2468 4582 δὲ
2508 4531 2537 4582 6
2576 4530 2766 4601 Ὠρίων
2808 4530 3072 4603 ἀνατέλλῃ
3098 4572 3114 4597 ,
3164 4535 3541 4589 συνανατέλλει
3585 4538 3678 4608 μὲν

2116 4616 2263 4689 αύτῷ
2294 4619 2322 4670 6
2355 4617 2617 4682 ζωδιακὸς
2644 4618 2752 4671 ἀπὸ
2789 4618 3003 4689 Ταύρου
3050 4627 3100 4691 η’
3128 4622 3222 4676 καὶ
3267 4630 3314 4676 κ’
3362 4624 3537 4695 μέσης
3580 4626 3677 4689 ἕως

2114 4710 2389 4780 Καρκίνου
2453 4709 2562 4780 μοί.
2622 4718 2670 4781 γ’
2692 4731 2705 4743 ·
2760 4716 3080 4785 μεσουρανεί
3122 4713 3179 4767 δὲ
3238 4715 3346 4768 ἀπὸ
3395 4715 3676 4787 ’Υδροχόου

2116 4800 2226 4873 μοί.
2268 4800 2313 4854 θ’
2339 4800 2443 4865 ἕως
2477 4802 2696 4873 ’ἰχθύων
2732 4810 2819 4873 ιγ’.
2849 4804 2956 4858 Kal.
2986 4812 3033 4858 α’
3070 4806 3168 4876 μὲν
3195 4806 3369 4878 ἀστὴρ
3402 4808 3676 4862 ἀνατέλλει

2111 4891 2139 4943 ὀ
2167 4892 2224 4945 ὲν
2261 4893 2328 4963 τῇ
2363 4892 2623 4964 ἀριστερᾷ
2666 4894 2846 4965 χειρὶ,
2875 4894 3100 4964 ἔσχατος
3135 4894 3191 4947 δὲ
3233 4898 3261 4949 6
3309 4898 3366 4949 ὲν
3412 4896 3492 4967 τῷ
3523 4896 3675 4968 δεξιῷ

2112 4980 2252 5033 ποδί.
2283 4981 2625 5053 Μεσουρανεί
2647 4983 2705 5035 δὲ
2734 4981 2841 5035 τῶν
2871 4982 3043 5037 ἄλλων
3079 4989 3126 5035 α’
3151 4983 3251 5054 μὲν
3282 4985 3312 5037 6
3345 4983 3516 5049 δεξιὸς
3545 4985 3674 5049 ποῦς

2108 5070 2202 5124 τοῦ
2229 5070 2485 5142 Κηφέως,
2520 5072 2612 5125 καὶ¹
2638 5070 2745 5124 τῶν
2785 5073 2842 5125 ἐν
2866 5076 2931 5144 τῇ
2963 5072 3179 5127 κάλπιδι
3207 5072 3300 5126 τοῦ
3339 5073 3624 5144 ’Υδροχόου
3646 5074 3673 5126 ὀ

2111 5162 2274 5234 μέσος
2292 5203 2306 5227 ,
2332 5161 2555 5233 ἔσχατος
2580 5163 2637 5217 δὲ
2664 5163 2762 5233 τῆς
2785 5180 2844 5216 τε
2871 5165 3234 5231 Κασσιεπείας
3263 5168 3292 5219 ὁ
3314 5168 3371 5219 ὲν
3394 5166 3472 5236 τῷ
3501 5166 3671 5237 δίφρῳ

2110 5252 2331 5324 μικρὸς,
2367 5254 2460 5306 καὶ
2508 5254 2605 5324 τῆς
2646 5253 2998 5326 Ἀνδρομέδας
3031 5258 3059 5308 6
3093 5255 3430 5328 βορειότατος
3466 5258 3575 5311 τῶν
3613 5259 3668 5310 ἐν

2106 5344 2181 5415 τῷ
2223 5343 2428 5415 στήθει.
2475 5345 2777 5404 Ἀνατέλλει
2821 5345 2879 5400 δὲ
2912 5349 2941 5400 6
2979 5346 3167 5418 Ὠρίων
3200 5349 3257 5401 ὲν
3287 5347 3460 5421 ὥραις
3505 5348 3548 5419 β’
3577 5349 3665 5401 καὶ

2107 5443 2158 5501 ς’
2197 5437 2370 5508 μέρει.

2176 5527 2343 5583 Ὅταν
2371 5527 2427 5580 δὲ
2452 5530 2480 5582 6
2520 5530 2625 5582 ἀπὸ
2667 5530 2761 5586 τοῦ
2805 5531 3052 5601 Ὠρίωνος
3090 5529 3344 5601 Ποταμὸς
3376 5526 3657 5600 ἀνατέλλει,

2102 5619 2476 5673 συνανατέλλει
2511 5621 2608 5692 μὲν
2636 5623 2783 5693 αύτῷ
2815 5625 2843 5675 6
2876 5621 3134 5687 ζωδιακὸς
3161 5622 3269 5675 ἀπὸ
3299 5620 3513 5692 Ταύρου
3547 5619 3653 5691 μοί.

2103 5716 2169 5779 ιγ’
2200 5707 2303 5773 ἕως
2346 5710 2620 5783 Καρκίνου
2661 5712 2769 5785 μοί.
2802 5719 2860 5767 ι’·
2908 5714 3230 5786 μεσουρανεῖ
3264 5711 3318 5768 δὲ
3359 5710 3466 5769 ἀπὸ
3499 5712 3654 5785 Alto-
