3950 6266
255 335 392 393 Hi3
1241 342 1612 402 HIPPARCHI
1654 347 1741 401 AD
1774 347 2217 406 PHJENOMENA
2253 350 2380 407 LIB.
2421 352 2505 410 Ill.
3340 363 3481 420 HM

255 446 499 546 κέρωτος
531 448 644 519 μοί.
675 448 720 515 ζ’
750 451 844 505 καὶ
881 457 929 505 κ’
962 453 1073 518 ἕως
1109 453 1325 525 Ἰχθύων
1360 456 1405 527 β’
1429 457 1522 512 καὶ
1539 464 1608 513 κ’.
1645 459 1753 514 Καὶ
1776 479 1802 515 α

1930 462 2292 519 borealiorum
2336 467 2392 520 in
2439 467 2973 539 parallelogrammo,
3010 474 3153 543 quod
3191 472 3247 528 in
3281 488 3481 546 magno

254 538 352 609 μὲν
376 537 553 634 ἀστηρ
599 540 878 596 ἀνατέλλει
915 543 1010 598 τοῦ
1044 546 1103 600 ὲν
1141 548 1204 618 τῇ
1250 546 1461 621 μεγάλῃ
1499 550 1802 623 περιφερείᾳ

1934 553 2092 610 ﬂexu-
2123 571 2292 627 prope
2334 558 2522 613 Cetum
2560 537 2795 630 positum
2838 569 2961 629 est;
3001 537 3271 634 postrema
3293 606 3309 632 ,
3342 537 3480 621 Idci-

252 627 845 703 παραλληλογράμμου,
873 634 965 688 καὶ
990 635 1162 704 ἐγγὺς
1202 635 1296 690 τοῦ
1326 637 1542 709 Κήτους
1566 640 1802 710 κειμένοι

1925 644 2188 710 dissima,
2224 655 2279 703 et
2314 649 2672 717 antecedens,
2708 662 2761 707 et
2789 654 3023 708 maxime
3058 656 3313 712 australis
3354 672 3477 713 om—

248 718 278 770 6
306 718 613 813 ηγούμενος
635 720 746 775 τῶν
771 722 1142 813 βορειοτέρων,
1166 725 1389 797 ἔσχατος
1424 728 1482 782 δὲ
1514 731 1543 782 6
1571 729 1802 803 λαμπρά

1921 734 2097 791 nium.
2137 734 2410 793 Culminat
2442 738 2775 811 reliquarum
2808 742 3084 797 stellarum
3119 745 3269 813 prior
3299 784 3315 800 .
3352 786 3366 798 .
3404 786 3418 801 .
3455 783 3472 800 .

246 826 410 873 τατος
430 849 445 875 ,
476 809 570 864 καὶ
597 813 625 865 6
663 812 962 885 ἡγούμενος
983 852 997 879 ,
1025 817 1121 871 καὶ
1152 819 1181 871 6
1221 817 1539 890 νοτιώτερος
1577 820 1802 876 πάντων.

1919 861 1937 879 .
1972 864 1987 878 .
2027 866 2042 881 .
2085 865 2099 879 .
2135 868 2148 881 .
2187 867 2202 881 .
2242 867 2256 881 .
2298 869 2311 884 .
2345 844 2466 899 quae
2494 844 2524 882 a
2556 809 2921 900 septentrione
2948 809 3197 904 adjacent
3228 836 3329 898 iis.
3355 852 3476 908 quae

248 904 592 975 Μεσουρανεῖ
629 904 687 958 δὲ
732 906 840 961 τῶν
868 907 1039 963 ἄλλων
1080 915 1128 963 α’
1169 909 1268 980 μὲν
1302 917 1370 978 ιγ’
1411 910 1504 965 τοῦ
1549 930 1609 966 τε
1645 914 1673 968 6
1704 920 1753 967 a'
1785 916 1802 968 ἐ

1920 926 2049 972 sunt
2082 919 2139 973 in
2169 919 2347 974 cauda
2374 922 2552 976 :riteni
2587 923 2876 977 australior
2906 940 3092 979 earum
3113 965 3128 991 ,
3161 943 3281 999 quae
3314 904 3474 983 invsi-

246 992 515 1062 έπόμενος
542 994 651 1049 τῶν
685 996 780 1048 ἀπ’
811 995 1013 1068 ἄρκτου
1054 998 1473 1070 παρακειμένων
1505 1004 1618 1064 τοῖς
1647 1001 1705 1056 ὲν
1743 1004 1802 1074 τῇ

1916 1009 2101 1065 nistro
2125 1009 2260 1080 pede
2283 1012 2473 1083 Cygni.
2503 1011 2698 1068 Ultima
2718 1053 2735 1079 ,
2762 1030 2882 1084 quae
2905 1023 2990 1071 est
3016 1015 3069 1070 in
3096 992 3324 1086 genibus
3350 1017 3478 1073 Cas-

243 1082 404 1154 οὐρᾷ,
437 1084 532 1137 καὶ
565 1082 660 1138 τοῦ
688 1083 936 1156 Ὄρνιθος
959 1088 988 1140 6
1011 1086 1324 1160 νοτιώτερος
1362 1089 1469 1144 τῶν
1505 1093 1563 1146 έν
1584 1091 1662 1163 τῷ
1689 1093 1802 1164 ἀρι-

1917 1100 2114 1172 siepem
2137 1141 2153 1167 ,
2199 1109 2255 1157 et
2289 1082 2410 1174 quae
2443 1104 2499 1159 in
2533 1082 2872 1163 extremitate
2909 1082 3121 1164 caudae-
3135 1109 3474 1165 australioris

247 1171 424 1242 στερῷ
448 1171 599 1225 ποδί·
634 1170 861 1243 ἔσχατος
881 1174 939 1228 δὲ
967 1176 1067 1247 τῆς
1091 1193 1149 1229 τε
1176 1178 1543 1244 Κασσιεπείας
1569 1182 1597 1234 6
1622 1183 1680 1237 ὲν
1700 1185 1802 1247 τοῖς

1916 1170 2178 1245 Piscium.
2213 1170 2402 1248 Oritur
2426 1193 2622 1250 ﬂuvius
2651 1197 2707 1251 in
2740 1197 2891 1253 horis
2922 1200 2984 1263 5,
3019 1208 3072 1254 et
3103 1198 3205 1255 ὅθ’.

243 1264 470 1332 γόνασι,
502 1266 605 1366 καὶῇ
620 1266 729 1320 τῶν
769 1266 989 1339 Ἰχθύων
1031 1268 1124 1323 τοῦ
1167 1273 1489 1345 νοτιωτέρου
1520 1275 1549 1328 6
1576 1276 1634 1328 έν
1668 1276 1816 1348 ἄκρᾳ
1851 1282 1917 1352 τῇ
1940 1283 2096 1355 οὐρᾷ.
2127 1287 2425 1342 Ἀνατέλλει
2454 1290 2510 1344 δὲ
2548 1290 2577 1342 6
2613 1292 2862 1363 Ποταμὸς
2887 1293 2944 1346 ἐν
2969 1293 3139 1366 ὥραις
3193 1300 3240 1362 γ’
3277 1291 3371 1347 καὶ
3426 1297 3477 1361 γ’

246 1363 709 1434 πεμπτημορίοις.

315 1452 391 1507 Δ’.
415 1452 523 1506 Τοῦ
550 1453 606 1506 δὲ
628 1453 855 1523 Λαγωοῦ
884 1455 1285 1523 ἀνατέλλοντος,
1307 1460 1680 1515 συνανατέλλει
1711 1462 1802 1533 μὲν

1984 1463 2076 1520 IV.
2116 1463 2336 1522 Oriente
2362 1465 2570 1538 Lepore
2599 1468 2855 1526 zodiacus
2885 1472 3128 1527 ascendit
3158 1489 3189 1528 a
3222 1473 3479 1533 Gemino-

244 1540 396 1613 αὐτῷ
441 1543 469 1595 ὁ
510 1542 771 1608 ζωδιακὸς
806 1544 916 1599 ἀπὺ
955 1547 1200 1619 Διδύμων
1249 1549 1358 1620 μοί.
1403 1551 1447 1615 ζ’
1491 1552 1586 1605 καὶ
1630 1557 1680 1605 κ’
1704 1551 1802 1616 ἕως

1915 1571 2036 1611 rum
2071 1565 2226 1625 parte
2257 1557 2326 1611 27
2369 1559 2437 1613 ad
2476 1558 2674 1616 Cancri
2721 1561 2953 1616 mediam
3001 1563 3102 1629 12;
3146 1567 3408 1623 eulminat
3444 1584 3477 1625 ι

244 1634 522 1704 Καρκίνου
556 1635 621 1705 ιβ’
652 1635 856 1708 μέσης·
889 1641 1211 1711 μεσουρανεί
1228 1639 1284 1692 δὲ
1306 1640 1414 1694 ἀπὸ
1452 1640 1670 1712 Ἰχθύων
1697 1643 1802 1713 μοί.

1915 1646 2153 1701 Piscium
2196 1646 2232 1700 4
2275 1647 2341 1701 ad
2369 1646 2458 1701 25.
2492 1647 2673 1704 Prima
2718 1653 2890 1724 surgit
2914 1652 3239 1711 antecedens
3286 1656 3450 1713 borea

242 1723 287 1776 δ’
314 1723 420 1788 ἓως
458 1725 676 1797 Ἰχθύων
716 1728 825 1798 μοί.
850 1736 891 1782 ε’
917 1730 1011 1783 καὶ
1038 1737 1106 1784 κ’.
1150 1732 1260 1785 Καὶ
1281 1738 1329 1784 α’
1361 1732 1461 1802 μὲν
1484 1733 1657 1804 ἀστὴρ
1682 1735 1802 1788 ἀνα-

1916 1736 2149 1802 liorum,
2185 1753 2306 1807 quae
2329 1748 2458 1793 sunt
2484 1739 2541 1794 in
2582 1723 2843 1809 auribus;
2879 1743 3065 1797 ultima
3112 1745 3475 1814 posteriorum

241 1814 420 1869 τέλλει
446 1816 555 1871 τῶν
586 1819 643 1872 ὲν
664 1821 776 1884 τοῖς
808 1820 910 1874 ὠσὶ
937 1821 979 1874 6'
1011 1824 1040 1875 6
1068 1822 1367 1893 ἡγούμενος
1405 1823 1513 1879 τῶν
1556 1825 1802 1897 βορειοτέ-

1917 1826 2113 1896 pedum
2146 1830 2455 1885 australior.
2484 1829 2756 1885 Culminat
2787 1848 2817 1887 e
2845 1834 3018 1890 stellis
3045 1835 3268 1906 reliquis
3300 1837 3473 1906 prior,

243 1924 380 1978 ρων,
404 1908 630 1981 ἔσχατος
667 1911 724 1965 δὲ
764 1913 794 1965 6
839 1912 1154 1985 νοτιώτερος
1178 1914 1286 1968 τῶν
1317 1915 1376 1969 ὲν
1412 1917 1524 1980 τοῖς
1553 1917 1802 1982 ὀπισθίοις

1918 1917 2098 1973 lucida
2130 1934 2251 1990 qua:
2281 1920 2337 1975 in
2365 1921 2563 1979 lumbis
2592 1922 2763 1994 Equi,
2798 1934 2852 1981 et
2879 1942 2973 1997 pes
3001 1925 3201 1999 Cephei
3232 1931 3474 1990 sinister;

245 1999 393 2056 ποσί.
428 2002 763 2076 Μεσουρανεί
793 2004 850 2058 δὲ
885 2005 993 2060 τῶν
1019 2005 1194 2061 ἄλλων
1236 2005 1450 2078 πρῶτος
1493 2007 1590 2078 μὲν
1628 2008 1720 2061 τοῦ
1752 2026 1802 2062 τε

1916 2006 2115 2064 Ultima
2138 2051 2154 2077 ,
2195 2011 2468 2068 borealior
2501 2014 2907 2070 succedentium
2947 2018 3003 2073 in
3043 2019 3303 2076 laterculo
3335 2021 3472 2077 Ceti.

244 2089 444 2144 Ἵππου
471 2095 500 2147 6
519 2093 611 2173 ἐπὶ
634 2093 733 2165 τῆς
760 2093 959 2164 ὀσφύος
985 2095 1255 2165 λαμπρὸς,
1287 2096 1381 2149 καὶ
1403 2095 1497 2150 τοῦ
1527 2097 1761 2168 Κηφέως
1782 2099 1811 2151 6

1912 2097 2098 2153 Oritur
2121 2098 2300 2171 Lepus
2327 2101 2461 2157 liora
2489 2104 2551 2169 1,
2586 2102 2687 2161 12'.

241 2182 528 2256 ἀριστερὸς
559 2185 694 2249 ποῦς
717 2201 732 2215 ·
764 2185 989 2257 ἔσχατος
1019 2187 1075 2241 δὲ
1106 2186 1201 2241 τοῦ
1238 2188 1450 2259 Κήτους
1485 2188 1593 2242 τῶν
1635 2191 1694 2242 ὲν
1733 2188 1811 2243 τῶ
1847 2193 2234 2266 τετραπλεύρῳ
2294 2197 2322 2248 6
2387 2195 2722 2267 βορειότερος
2750 2197 2858 2252 τῶν
2897 2200 3193 2271 ἑπομένων.
3234 2202 3478 2257 Ἀνατέλ-

241 2273 322 2327 λει
354 2274 413 2328 δὲ
450 2274 479 2324 6
509 2274 733 2343 Λαγωδς
760 2277 819 2330 ὲν
847 2275 964 2348 ὥρᾳ
985 2284 1032 2330 α’
1056 2278 1149 2331 καὶ
1172 2285 1212 2331 ε’
1243 2277 1420 2351 μέρει.

315 2367 480 2421 Ὅταν
507 2368 564 2421 δὲ
591 2370 619 2422 6
639 2368 799 2424 Κύων
822 2370 1106 2443 ἀνατέλλῃ,
1137 2371 1515 2426 συνανατέλλει
1544 2373 1643 2444 μὲν
1665 2374 1816 2447 αὐτῷ

236 2462 268 2513 6
301 2458 566 2524 ζωδιακὸς
600 2460 709 2514 ἀπὸ
742 2462 1017 2535 Καρκίνου
1049 2464 1158 2536 μοί.
1203 2472 1263 2518 ιε’
1294 2464 1397 2529 ἕως
1424 2465 1653 2532 Λέοντος
1700 2467 1811 2537 μοί.

240 2557 279 2604 ε’
315 2550 488 2622 μέσης
515 2569 528 2581 ·
562 2557 889 2624 μεσουρανεί
921 2554 982 2609 δὲ
1017 2556 1124 2609 ἀπὸ
1161 2556 1378 2627 Ἰχθύων
1405 2557 1516 2628 μοί.
1557 2565 1606 2628 η’
1640 2559 1734 2613 καὶ
1763 2564 1812 2613 κ’

238 2642 345 2705 ἕως
368 2640 542 2714 Κριοῦ
566 2642 607 2696 δ’
628 2644 724 2698 καὶ
754 2651 801 2699 κ’
832 2647 1023 2717 μέσης.
1047 2649 1157 2702 Καὶ
1184 2654 1233 2701 α’
1256 2648 1352 2718 μὲν
1381 2649 1556 2722 ἀστὴρ
1578 2650 1804 2704 ἀνατέλ-

236 2733 321 2788 λει
356 2734 386 2788 6
423 2736 482 2791 ὲν
521 2735 675 2808 ἄκρῳ
708 2736 788 2807 τῷ
817 2738 1132 2811 ὲμπροσθίῳ
1171 2743 1264 2795 καὶ
1297 2740 1616 2815 βορειοτέρῳ
1646 2742 1799 2797 ποδίο

238 2825 465 2896 ἔσχατος
503 2827 559 2881 δὲ
584 2830 612 2882 6
644 2829 702 2881 ὲν
735 2829 880 2902 ἄκρᾳ
915 2833 980 2902 τῇ
1024 2833 1179 2904 οὐρᾷ.
1220 2835 1559 2906 Μεσουρανεῖ
1592 2835 1649 2888 δὲ
1693 2834 1803 2889 τῶν

239 2916 414 2971 ἄλλων
443 2925 493 2972 α’
521 2919 618 2990 μὲν
645 2922 674 2973 6
700 2921 757 2975 ὲν
800 2924 911 2986 τοῖς
939 2924 1066 2977 ποσὶ
1097 2924 1199 2994 τῆς
1225 2927 1624 2991 Κασσιεπείας,
1653 2928 1747 2981 καὶ
1774 2928 1804 2981 6

241 3007 579 3080 βορειότερος
605 3009 714 3065 τῶν
745 3012 803 3065 ὲν
844 3013 922 3084 τῷ
955 3014 1111 3085 δεξιῷ
1148 3016 1270 3070 ποδὶ
1296 3018 1395 3087 τῆς
1426 3016 1802 3089 Ἀνδρομέδας,

1982 2376 2119 2433 Cum
2147 2377 2295 2435 Cane
2327 2380 2583 2459 zodiacus
2607 2384 2838 2454 emergit
2863 2397 2893 2437 a
2920 2383 3115 2440 Cancri
3147 2386 3214 2442 15
3242 2387 3309 2442 ad
3338 2386 3477 2445 Leo-

1910 2469 1999 2525 nis
2033 2471 2265 2527 mediam
2316 2473 2384 2540 5;
2420 2474 2683 2530 eulminat
2711 2489 2744 2531 a
2780 2474 2851 2531 28
2881 2474 3120 2533 Piscium
3161 2478 3227 2532 ad
3274 2477 3474 2537 Arietis

1910 2560 1980 2616 24
2009 2561 2262 2619 mediam.
2295 2562 2455 2620 Prior
2481 2566 2656 2621 oritur
2685 2567 2873 2634 stella,
2904 2584 3025 2639 qua:
3050 2569 3104 2623 in
3130 2571 3476 2626 extremitate

1909 2653 2266 2723 praecedentis
2296 2655 2729 2729 borealiorisque
2770 2659 2964 2729 pedis;
3011 2660 3197 2715 ultima
3220 2700 3235 2726 ,
3269 2676 3389 2731 qua:
3416 2660 3474 2716 in

1913 2752 2155 2800 extrema
2184 2746 2378 2801 cauda.
2406 2746 2485 2802 Ex
2511 2749 2632 2805 aliis
2660 2748 2924 2803 eulminat
2951 2764 3013 2805 ea
3036 2790 3052 2815 ,
3114 2766 3236 2822 quae
3277 2752 3333 2805 in
3380 2766 3475 2821 pe-

1912 2834 2073 2891 dibus
2127 2836 2475 2907 Cassiepeae,
2525 2847 2581 2895 et
2638 2840 2911 2897 borealior
2968 2857 3186 2911 earum,
3235 2858 3355 2913 quae
3416 2843 3474 2899 in

1912 2927 2107 2984 dextro
2161 2928 2521 2988 Andromeda:
2581 2933 2718 3003 pede
2775 2934 3053 3003 paululum
3116 2934 3474 2991 meridianum

1913 3019 2224 3086 antecedit;
2279 3022 2467 3077 ultima
2511 3038 2675 3090 vero,
2720 3022 2900 3078 lucida
2938 3024 2994 3077 in
3038 3023 3232 3078 dextro
3271 3022 3476 3079 femore

241 3097 438 3170 μικρὸν
471 3100 878 3171 προηγούμενος
913 3103 1007 3157 τοῦ
1050 3105 1451 3178 μεσημϐρινοῦ·
1498 3106 1726 3178 ἔσχατος
1752 3109 1802 3161 δὲ

1915 3108 2138 3175 Persei,
2188 3122 2240 3166 et
2289 3112 2588 3167 succedens
2631 3127 2821 3167 earum
2865 3126 2985 3182 quae
3030 3119 3159 3167 sunt
3200 3112 3255 3166 in
3299 3111 3474 3166 cauda

237 3188 330 3242 τοῦ
359 3184 614 3262 Περσέως
641 3194 670 3246 6
709 3194 767 3246 ὲν
795 3192 871 3264 τῷ
895 3193 1053 3266 δεξιῷ
1083 3197 1242 3267 μηρῷ
1281 3197 1548 3271 λαμπρὸς,
1572 3200 1668 3254 καὶ
1710 3196 1803 3254 τοῦ

238 3282 515 3355 Καρκίνου
540 3284 569 3338 6
595 3285 856 3355 ἑπόμενος
881 3285 989 3340 τῶν
1012 3289 1069 3341 ἐν
1093 3289 1158 3359 τῇ
1182 3288 1338 3361 οὐρᾷ.
1375 3290 1676 3346 Ἀνατέλλει
1704 3290 1762 3345 δὲ
1778 3293 1806 3345 6

236 3376 402 3433 Κύων
430 3379 489 3433 έν
517 3379 637 3451 ὥρᾳ
675 3381 776 3450 μιᾷ
802 3380 898 3434 καὶ
923 3379 1044 3435 δυσὶ
1080 3381 1302 3453 μέρεσιν
1329 3382 1499 3456 ὥρας.

308 3469 417 3524 Τοῦ
441 3470 500 3524 δὲ
527 3471 802 3542 Πρόκυνος
845 3471 1223 3536 ἀνατέλλοντος
1242 3515 1258 3540 ,
1287 3474 1663 3529 συνανατέλλει
1707 3474 1807 3546 μὲν

236 3562 388 3634 αὐτῷ
499 3560 759 3628 ζωδιακὸς
796 3564 904 3617 ἀπὸ
943 3563 1220 3635 Καρκίνου
1249 3563 1291 3617 6‘
1337 3565 1448 3635 μοί.
1493 3566 1667 3637 μέσης
1702 3566 1808 3630 ἕως

236 3654 515 3727 Καρκίνου
550 3656 661 3727 μοι.
691 3656 764 3711 θ’·
794 3660 1116 3727 μεσουρανεῖ
1140 3657 1197 3710 δὲ
1224 3658 1331 3711 ἀπὸ
1362 3657 1579 3728 Ἰχθύων
1614 3657 1724 3729 μοί.
1744 3665 1806 3712 ιε’

234 3748 341 3811 ἓως
383 3745 599 3818 Ἰχθύων
622 3746 731 3819 μοί.
754 3754 802 3802 κ’
828 3749 1022 3819 μέσης.
1052 3749 1163 3802 Kal.
1183 3755 1231 3804 a’
1263 3749 1362 3817 μὲν
1390 3749 1566 3821 ἀστὴρ
1591 3747 1808 3803 ἀνατέλ-

235 3839 369 3892 λειό
397 3840 694 3911 ἡγούμενος
732 3839 824 3894 καὶ
861 3838 1079 3901 διπλοῦς
1103 3880 1118 3904 ,
1152 3839 1376 3910 ἔσχατος
1404 3839 1461 3896 δὲ
1489 3841 1517 3893 6
1544 3840 1805 3910 ἑπόμενος

236 3931 331 3985 καὶ
355 3931 624 4003 λαμπρός.
646 3932 828 3985 Μεσου
838 3934 987 4003 ρανεί
1018 3929 1077 3983 δὲ
1113 3930 1222 3984 τῶν
1247 3930 1419 3985 ἄλλων
1450 3930 1550 4000 τῆς
1570 3931 1804 3983 Κασσιε-

236 4021 399 4083 πείας
419 4023 448 4074 6
480 4023 537 4075 ἐν
575 4021 722 4092 μέσῳ
760 4021 836 4092 τῷ
876 4021 1109 4092 σώματι,
1146 4019 1353 4074 καὶτοῦ
1379 4022 1591 4090 Κήτους
1609 4019 1717 4074 τῶν
1746 4021 1804 4072 ὲν

235 4119 301 4188 τῇ
331 4117 467 4187 οὐρᾷ
488 4116 530 4169 δ’
550 4117 600 4169 οἱ
626 4115 899 4186 ἑπόμενοι.
926 4113 1184 4185 Ἐσχατοι
1210 4114 1267 4167 δὲ
1295 4112 1681 4185 μεσουρανοῦσι
1705 4112 1804 4182 τῆς

234 4226 295 4262 τε
328 4207 685 4280 Ἀνδρομέδας
717 4209 746 4261 6
788 4207 1041 4278 ἐχόμενος
1071 4206 1182 4262 τῶν
1210 4209 1268 4260 ὲν
1293 4208 1358 4277 τῇ
1391 4204 1555 4278 ζώνῃ,
1583 4205 1678 4258 καὶ
1707 4202 1801 4258 τοῦ

234 4301 449 4371 Κήτους
471 4302 500 4353 6
530 4298 866 4371 βορειότερος
888 4299 996 4354 τῶν
1016 4300 1073 4353 έν
1096 4297 1173 4369 τῷ
1212 4296 1614 4371 τετραπλεύρῳ.
1651 4296 1802 4350 Ἀναο

232 4390 406 4446 τέλλει
425 4391 482 4444 δὲ
505 4393 534 4444 6
562 4391 820 4462 Προκύων
840 4392 897 4444 ἐν
921 4397 968 4460 γ’
1000 4391 1154 4463 μέρει
1178 4389 1346 4462 ὥρας.

1915 3202 2137 3261 Cancri.
2172 3202 2356 3261 Oritur
2386 3205 2551 3261 Canis
2579 3205 2713 3261 hora
2760 3220 2869 3260 una
2890 3244 2905 3269 ,
2954 3203 3181 3274 ejusque
3228 3204 3473 3274 partibus

1908 3295 2137 3354 duabus.

1981 3472 2116 3526 Cum
2145 3488 2205 3528 se
2224 3471 2474 3544 Procyon
2497 3473 2722 3540 attollit,
2747 3473 2923 3528 oritur
2947 3488 3052 3528 una
3074 3474 3282 3529 zodiaci
3308 3489 3470 3533 arcus

1909 3579 1939 3617 a
1982 3563 2138 3634 135
2176 3562 2374 3619 Cancri
2409 3564 2443 3618 4
2487 3572 2643 3634 parte
2690 3566 2898 3631 media,
2930 3566 2997 3619 ad
3023 3566 3098 3632 9;
3139 3566 3400 3621 eulminat
3437 3582 3468 3622 a

1910 3654 2146 3711 Piscium
2194 3657 2263 3711 15
2310 3656 2377 3710 ad
2414 3655 2485 3711 20
2523 3658 2778 3714 mediam.
2830 3657 2990 3711 Prior
3037 3658 3214 3712 oritur
3252 3665 3470 3714 antece-

1906 3748 2043 3804 dens
2061 3787 2076 3813 ,
2098 3755 2150 3803 et
2180 3748 2345 3818 dupla
2373 3765 2388 3814 ;
2419 3748 2609 3804 ultima
2630 3789 2644 3815 ,
2671 3749 2973 3806 succedens
2993 3793 3007 3813 .
3037 3757 3091 3805 et
3117 3748 3317 3806 lucida.
3348 3748 3468 3804 Pri-

1907 3855 1994 3894 ma
2028 3856 2097 3896 ex
2125 3840 2248 3896 aliis
2279 3841 2576 3906 eulminat,
2610 3856 2732 3912 quae
2758 3840 2815 3895 in
2843 3841 3021 3897 medio
3046 3841 3298 3912 corporis
3330 3839 3467 3896 Cas-

1905 3933 2098 4004 siepeze
2124 3952 2137 3988 :
2162 3942 2216 3988 et
2235 3933 2587 3990 succedentes
2609 3947 2794 3989 earum
2811 3939 3198 4003 quatuor,quae
3214 3932 3268 3986 in
3293 3930 3468 3987 cauda

1904 4026 2023 4081 Ceti
2059 4033 2209 4082 sunt.
2251 4024 2572 4081 Novissima:
2614 4025 2919 4080 culminant
2964 4026 3208 4095 proxima
3242 4038 3462 4087 earum,

1903 4133 2024 4188 quae
2056 4118 2113 4172 in
2143 4116 2499 4172 Andromedae
2525 4131 2663 4171 zona
2683 4155 2700 4180 ,
2731 4124 2787 4171 et
2814 4116 3086 4179 borealior
3124 4131 3188 4171 ex
3220 4115 3317 4179 iis,
3347 4129 3467 4185 qua:

1905 4208 1959 4262 in
1996 4207 2261 4262 laterculo
2287 4205 2425 4262 Ceti.
2457 4203 2642 4260 Oritur
2670 4203 2916 4274 Procyon
2943 4201 3079 4257 hora
3107 4202 3171 4266 0,
3200 4198 3302 4255 20'.

302 4481 414 4552 Τῆς
460 4481 517 4534 δὲ
559 4452 785 4552 Ἀργοῦς
818 4452 1242 4552 ἀνατελλούσης,
1281 4452 1652 4533 συνανατέλλει
1701 4479 1798 4552 μέν

1918 4452 1923 4459 ”
1985 4468 2131 4537 Argo
2176 4464 2300 4520 navi
2343 4463 2575 4528 oriente,
2610 4476 2732 4515 eum
2768 4474 2830 4516 ea
2869 4460 3122 4515 zodiacus
3168 4456 3404 4526 assurgit
3431 4470 3461 4509 a

231 4548 419 4643 αὐτῇ-ὁ
444 4548 703 4636 ζωδιακδς
722 4571 830 4624 ἀπὸ
858 4572 1081 4635 Λέοντος
1110 4548 1219 4642 μοί.
1258 4577 1310 4636 ς’
1332 4570 1437 4634 ἕως
1458 4568 1652 4641 Χηλῶν
1680 4548 1792 4640 μοί.

229 4662 271 4714 δ’
303 4661 508 4733 μέσης·
545 4664 870 4733 μεσουρανεῖ
900 4660 957 4715 δὲ
1002 4661 1110 4716 ἀπὸ
1136 4660 1307 4735 Κριοῦ
1343 4668 1394 4726 ς’
1425 4661 1519 4714 καὶ
1547 4667 1594 4714 κ’
1631 4661 1800 4732 μέσης

230 4751 334 4817 ἕως
364 4754 640 4825 Καρκίνου
671 4753 713 4807 6'
750 4753 940 4826 μέσης.
975 4753 1084 4808 Καὶ
1115 4750 1162 4807 α’
1191 4753 1286 4823 μὲν
1315 4751 1490 4824 ἀστὴρ
1527 4751 1800 4805 ἀνατέλλει

230 4847 260 4898 6
290 4844 398 4899 61:6
428 4845 537 4898 τῶν
569 4847 627 4899 ὲν
652 4846 797 4918 ἄκρᾳ
820 4848 886 4917 τῇ
915 4846 1050 4917 οὐρᾷ
1081 4843 1175 4897 τοῦ
1209 4844 1384 4907 Κυνὸς
1407 4842 1482 4906 ὼς
1518 4841 1796 4914 τριπλοῦς,

231 4938 456 5008 ἔσχατος
510 4936 567 4989 δὲ
614 4939 643 4990 6
685 4938 1004 5000 νοτιώτατος
1055 4936 1163 4991 τῶν
1210 4938 1267 4990 ὲν
1299 4939 1365 5009 τῇ
1412 4937 1660 5008 ἀποτομῇ
1705 4936 1798 4991 τοῦ

231 5026 424 5080 Πλοίου
452 5028 545 5081 καὶ
562 5027 828 5099 λαμπρός.
856 5028 1197 5098 Μεσουρανεῖ
1209 5027 1264 5080 δὲ
1292 5025 1400 5079 τῷν
1425 5025 1597 5080 ἄλλων
1624 5032 1673 5078 α’
1702 5027 1799 5097 μὲν

227 5119 322 5173 τοῦ
344 5119 599 5191 Περσέως
622 5121 649 5172 6
670 5122 727 5172 ὲν
742 5118 820 5191 τῷ
842 5118 1110 5191 ἀριστερῷ
1129 5117 1306 5190 μηρῷ,
1320 5117 1412 5171 καὶ
1433 5118 1461 5170 6
1484 5115 1800 5181 νπιώτατος

228 5212 339 5265 τῶν
377 5214 435 5267 ἐν
467 5214 533 5283 τῇ
561 5212 806 5283 ἀποτομῇ
837 5210 930 5265 τοῦ
957 5210 1168 5281 Ταύρου
1189 5227 1202 5240 ·
1229 5208 1453 5280 ἔσχατος
1490 5208 1547 5261 δὲ
1589 5210 1618 5260 6
1662 5225 1797 5278 1:90-

229 5303 365 5375 ηγού
375 5321 532 5374 μενος
558 5304 657 5375 τῆς
679 5302 774 5356 τοῦ
796 5303 995 5373 Ὕδρου
1019 5300 1258 5372 κεφαλῆς
1279 5303 1307 5355 6
1329 5299 1582 5371 ἐκφανὴς,
1599 5300 1628 5353 ὃ
1651 5301 1797 5373 ἐστιν

227 5397 286 5448 ὲν
308 5397 423 5460 τοῖς
449 5395 643 5459 νοτίοις
663 5396 790 5448 ποσὶ
820 5394 914 5447 τοῦ
939 5393 1134 5459 Κυνός.

300 5485 377 5544 E'.
414 5484 570 5558 Ἑξῆς
593 5487 648 5540 δὲ
676 5484 907 5557 ἐροῦμεν
929 5486 1058 5556 περὶ
1083 5486 1180 5556 τῆς
1213 5482 1555 5545 καταδύσεως
1578 5482 1685 5537 τῶν
1712 5496 1797 5537 νο-

229 5577 504 5647 τιωτέρων
538 5576 629 5629 τοῦ
660 5575 920 5641 ζωδιακοῦ
954 5574 1171 5628 κύκλου.

303 5669 470 5721 Ὅταν
490 5668 587 5739 μὲν
602 5662 694 5720 οὖν
707 5665 837 5738 δύνῃ
850 5669 879 5720 6
896 5666 1112 5735 Ὕδρος,
1134 5661 1518 5734 συγκαταδύνει
1538 5661 1634 5731 μὲν
1650 5660 1794 5731 αὐτῷ

232 5756 263 5813 ὁ
285 5756 542 5827 ζωδιακὸς
583 5758 689 5816 ἀπὸ
725 5757 967 5831 Διδύμων
999 5757 1041 5813 θ’
1099 5756 1191 5812 καὶ
1223 5762 1271 5810 κ’
1301 5754 1409 5827 μοί.
1449 5753 1555 5817 ἕως
1587 5752 1794 5824 Παρθέ-

1905 4558 2103 4614 Leonis
2141 4566 2295 4628 parte
2331 4556 2364 4609 6
2406 4554 2470 4608 ad
2508 4554 2797 4608 Chelarum
2829 4552 2862 4606 4
2897 4549 3169 4614 mediam;
3202 4548 3463 4603 eulminat

1906 4644 1978 4699 ab
2010 4643 2210 4699 Arietis
2252 4641 2323 4696 26
2352 4639 2549 4707 media,
2581 4638 2649 4692 ad
2692 4636 2885 4692 Cancri
2922 4634 3157 4690 mediam
3198 4633 3252 4688 4.
3281 4631 3462 4687 Prima

1910 4736 2088 4792 oritur
2132 4751 2253 4806 quae
2282 4750 2313 4789 e
2344 4733 2516 4790 stellis
2552 4731 2608 4785 in
2646 4727 2820 4784 cauda
2846 4727 3011 4783 Canis
3054 4726 3114 4781 ﬁt
3156 4725 3319 4781 veluti
3363 4724 3463 4778 tri-

1901 4833 2026 4904 plex
2076 4850 2088 4885 :
2141 4830 2351 4895 ultima,
2390 4841 2511 4897 qua:
2556 4826 2608 4879 in
2658 4821 2996 4879 abseissione
3028 4818 3194 4874 Navis
3233 4817 3460 4872 sitarum

1906 4922 2309 4978 australissima
2354 4928 2477 4984 est,
2526 4924 2580 4973 ct
2618 4916 2818 4971 lucida.
2862 4912 3044 4968 Prima
3092 4910 3349 4966 eulminat
3393 4907 3461 4963 de

1907 5017 2081 5074 stellis
2115 5015 2343 5087 reliquis
2372 5030 2457 5078 ea,
2491 5027 2610 5083 quae
2636 5021 2719 5065 est
2756 5009 2811 5064 in
2844 5008 3067 5063 sinistro
3098 5004 3300 5060 femore
3326 5001 3457 5057 Per-

1900 5113 1977 5167 sei
2012 5129 2026 5165 :
2060 5118 2112 5166 et
2159 5106 2560 5175 australissima
2593 5118 2781 5159 earum
2822 5115 2943 5172 qua:
2980 5105 3108 5154 sunt
3132 5100 3186 5152 in
3217 5094 3458 5151 sectione

1904 5203 2073 5258 Tauri
2110 5221 2121 5255 :
2163 5201 2373 5264 ultima,
2407 5195 2718 5269 prtecedens
2757 5192 2948 5262 capitis
2968 5189 3134 5262 Hydri
3154 5184 3453 5259 splendida,

1896 5311 2018 5367 quae
2047 5300 2130 5349 est
2160 5293 2217 5347 in
2255 5290 2586 5347 australibus
2619 5285 2847 5358 pedibus
2872 5281 3058 5338 Canis.

1970 5473 2036 5530 V.
2074 5471 2386 5528 Secundum
2422 5469 2535 5523 haec
2577 5480 2795 5538 agemus
2827 5462 2892 5519 de
2926 5476 3146 5531 occasu‘
3167 5455 3452 5514 australio-

1896 5583 2015 5622 rum
2048 5566 2272 5621 zodiaco
2300 5562 2601 5618 caelestium
2632 5557 2945 5628 imaginum.

1968 5655 2239 5725 Imprimis
2278 5667 2402 5708 eum
2458 5649 2672 5721 llydrus
2719 5645 2939 5709 occidit,
2994 5640 3272 5698 descendit
3323 5652 3448 5693 cum

1896 5764 1959 5807 co
1994 5746 2251 5803 zodiacus
2280 5760 2307 5798 τι
2331 5749 2485 5816 parte
2505 5738 2852 5796 Geminorum
2872 5734 2943 5792 29
2971 5735 3035 5792 ad
3067 5730 3299 5807 Virginis
3343 5728 3403 5788 ll
3430 5742 3447 5797 ;
