3950 6266
472 328 614 384 1115

1443 325 1534 380 AD
1571 320 1841 379 EUSEBll
1876 318 2264 377 CHRONICON
2303 318 2663 376 APPENDIX.

3555 313 3687 369 1116

468 443 730 499 culmina:
770 458 801 498 a
845 442 911 499 19
946 444 1123 500 media
1161 443 1448 499 Cbelarum
1503 444 1570 497 ad
1619 416 1899 512 Sagittarii
1955 438 2022 494 19

2135 452 2214 489 νου
2251 441 2315 487 ια’
2336 452 2351 468 ο
2389 434 2708 506 μεσουρανεῖ
2755 432 2813 486 δὲ
2866 431 2973 485 ἀπὸ
3016 430 3210 501 Χηλῶν
3269 429 3333 483 ιθ¹
3367 427 3545 500 μέσης
3589 428 3691 492 ἓως

473 533 733 589 mediam.
762 531 919 589 Prior
946 536 1167 602 occidit,
1198 537 1490 591 australior
1524 549 1712 589 earum
1742 547 1861 602 quae
1893 539 2023 586 sunt

467 622 525 676 in
553 625 693 678 rictu
725 641 740 676 :
772 626 981 692 ultima,
1012 643 1132 697 quae
1173 629 1228 682 in
1257 627 1596 682 extremitate
1636 626 1841 680 cauda}.
1888 623 2020 679 Cul-

467 713 684 767 minant
732 730 796 770 ex
829 717 949 771 aliis
977 718 1165 784 stellis,
1200 719 1356 772 initio
1393 717 1631 787 quidem,
1665 715 1864 780 lucida,
1903 729 2024 785 quae

467 811 553 859 est
595 819 625 858 a
674 806 852 862 cauda
906 807 1167 863 Draconis
1214 809 1395 873 tertia,
1443 808 1764 863 semicubito
1808 807 2024 862 circiter

468 894 794 951 antecedens
862 897 1224 951 meridianum
1294 916 1308 952 :
1378 899 1504 952 item
1567 898 1746 952 lucida
1822 896 2024 966 cinguli

468 983 670 1048 Bootae,
702 1002 801 1042 nec
830 1004 937 1043 non
968 989 1279 1058 praecedens
1328 989 1564 1042 lucidam
1604 990 1658 1042 in
1686 988 2025 1042 extremitate

466 1074 862 1146 boreaerelae;
879 1088 1065 1149 etquae
1083 1079 1243 1150 llydri
1261 1088 1342 1136 est
1362 1080 1418 1135 in
1447 1088 1687 1134 extrema
1704 1079 1896 1144 cauda,
1913 1078 2024 1133 vel-

468 1176 529 1221 ut
546 1170 863 1224 semicubito
888 1172 1244 1225 meridianum
1262 1172 1600 1227 antecedens.
1619 1171 1897 1227 Postremo
1911 1171 2027 1226 cul-

467 1258 676 1312 minant
708 1259 972 1315 Draconis
1002 1264 1296 1318 australius
1330 1272 1541 1333 tempus
1579 1279 1592 1313 :
1632 1271 1685 1317 et
1719 1248 2022 1333 Serpentis,

468 1368 627 1421 quem
660 1361 804 1409 tenet
838 1354 1121 1425 Anguifer,
1156 1359 1212 1410 in
1239 1365 1483 1412 extrema
1522 1357 1692 1411 cauda
1720 1359 1823 1413 sita
1860 1377 1872 1412 :
1910 1369 2024 1412 tum

469 1445 794 1502 antecedens
835 1462 1047 1515 earum,
1080 1464 1201 1520 quae
1238 1452 1294 1504 in
1328 1464 1459 1521 sago
1484 1448 1789 1521 Sagittarii.
1816 1447 2028 1506 Occidit

469 1532 684 1606 Hydrus
715 1536 866 1593 horis
891 1537 944 1592 4.

537 1717 759 1775 Cratere
791 1721 1093 1787 occidente,
1129 1739 1251 1779 cum
1286 1738 1353 1779 eo
1396 1724 1676 1781 descendit
1703 1724 1958 1782 zodiacus
1996 1740 2026 1780 a

466 1808 663 1864 Cancri
692 1818 847 1880 parte
874 1812 938 1866 21
974 1814 1041 1867 ad
1067 1782 1264 1870 Leonis
1292 1816 1522 1871 mediam
1552 1817 1654 1882 {5;
1694 1816 1955 1871 culminat
1996 1831 2026 1871 a
2059 1782 2099 1835 Β

469 1903 648 1958 media
710 1905 778 1961 15
837 1905 1048 1976 Scorpii
1098 1908 1164 1962 ad
1222 1909 1437 1963 initium
1495 1909 1792 1981 Sagittarii.
1847 1908 2026 1964 Prima

469 1994 673 2048 occidit
698 2010 906 2061 earum,
939 2014 1058 2067 qua:
1085 2006 1212 2054 sunt
1240 1999 1296 2053 in
1327 2001 1464 2066 basi,
1490 2001 1760 2056 borealior
1792 2020 1804 2054 :
1840 2001 2027 2055 ultima

467 2100 599 2140 vero
646 2087 959 2152 australior,
1001 2096 1054 2143 et
1096 2089 1371 2143 borealior
1415 2106 1603 2146 earum
1650 2106 1771 2161 quae
1809 2100 1936 2146 sunt
1973 2091 2029 2145 in

470 2176 644 2231 alveo.
680 2176 993 2233 Culminant
1037 2179 1265 2234 aliarum
1304 2181 1610 2247 stellarum,
1656 2183 1835 2247 initio,
1869 2181 2031 2237 Scor-

470 2266 551 2337 pii
595 2268 793 2324 tertius
829 2280 883 2324 et
925 2271 1151 2340 quintus
1193 2273 1493 2344 spondylus
1527 2289 1735 2339 eorum,
1768 2276 1861 2345 qui
1902 2288 2030 2329 sun:

469 2364 595 2427 post
635 2366 845 2428 pectus,
877 2369 932 2416 et
967 2363 1129 2418 tertia
1172 2372 1295 2435 post
1325 2365 1576 2421 dextrum
1625 2366 2029 2421 bumerum'ln-

472 2450 728 2519 geniculi,
770 2451 829 2506 in
876 2452 1103 2510 brachio
1142 2457 1268 2522 sita,
1317 2457 1462 2512 velut
1513 2460 1834 2515 semicubito
1875 2460 2033 2515 meri-

470 2538 696 2595 dianum
749 2544 1103 2614 praecedens;
1156 2548 1348 2603 ultima
1386 2564 1541 2614 vero,
1577 2565 1698 2620 qua:
1745 2552 1801 2604 in
1847 2550 2031 2606 radice

472 2632 679 2689 sinistri
710 2633 932 2693 femoris
949 2645 1033 2693 est
1062 2638 1359 2710 Ingeniculi
1393 2660 1406 2696 :
1440 2658 1540 2698 nec
1570 2658 1682 2698 non
1712 2644 1896 2714 cuspis
1922 2646 2027 2698 Ar-

473 2737 591 2780 cus.
622 2722 831 2783 Occidit
861 2725 1052 2785 Crater
1079 2730 1213 2785 hora
1243 2730 1297 2800 1,
1321 2731 1429 2787 20'.

543 2897 722 2956 Corvo
747 2901 1111 2961 descendente
1141 2905 1303 2961 simul
1329 2906 1585 2962 zodiacus
1609 2906 1808 2962 occidit
1835 2924 1866 2963 a
1898 2906 2035 2964 Leo-

474 2990 564 3045 nis
592 2991 661 3045 29
693 2992 870 3046 media
927 2995 993 3049 ad
1033 2994 1324 3050 Chelarum
1359 2998 1459 3064 11;
1495 2998 1759 3053 culmina:
1794 3014 1824 3052 a
1857 2997 2035 3071 Sagit-

476 3079 603 3132 tarii
654 3079 722 3134 10
757 3081 827 3134 ad
876 3084 1107 3138 mediam
1153 3085 1475 3156 Capricorni
1529 3087 1582 3144 6.
1629 3088 1788 3144 Prior
1835 3091 2034 3147 occidit

478 3169 654 3235 stella,
695 3185 813 3239 quae
845 3171 901 3225 in
932 3175 1329 3243 posterioribus
1363 3177 1679 3244 femoribus,
1708 3180 2029 3247 novissima,

477 3260 779 3316 succedens
824 3277 1032 3329 earum,
1064 3281 1183 3336 quae
1218 3276 1345 3322 sunt
1385 3268 1440 3321 in
1484 3269 1682 3339 capite.
1721 3270 2034 3328 Culminant

479 3349 710 3406 aliarum
761 3354 1074 3421 stellarum,
1138 3359 1407 3429 principio
1463 3362 1683 3431 quidem
1745 3362 2031 3429 Draconis,

477 3457 599 3511 quae
629 3450 714 3499 est
753 3444 810 3499 in
842 3447 1004 3513 rictu,
1047 3451 1359 3517 praecedens
1396 3454 1753 3509 meridianum
1799 3460 2037 3513 semicu»

478 3533 593 3590 bito
648 3536 800 3606 fere;
840 3538 966 3595 item
1024 3541 1322 3611 lngeniculi
1374 3544 1545 3599 cubiti
1593 3547 1803 3602 sinistri
1835 3547 2030 3614 ﬂexus,

478 3624 799 3684 semicubito
821 3628 1036 3685 circiter
1051 3632 1375 3688 antecedens
1402 3636 1793 3704 meridianum;
1826 3647 2036 3707 postre-

477 3728 588 3778 ma,
618 3718 924 3785 praecedens
953 3720 1252 3777 lucidarum
1278 3724 1463 3789 trium,
1490 3742 1609 3796 quae
1630 3735 1756 3783 sunt
1785 3729 1838 3782 in
1862 3732 2037 3799 prima

456 3807 629 3885 ASpira
671 3808 966 3877 Draconis;
993 3827 1093 3867 nec
1129 3828 1241 3868 non
1271 3830 1356 3881 ea,
1390 3833 1512 3888 qua:
1538 3828 1621 3874 est
1644 3819 1698 3872 in
1729 3819 1813 3872 ala
1843 3820 2036 3876 dextra

479 3894 671 3966 Cygni,
704 3901 979 3967 paululum
1011 3903 1146 3958 citra
1179 3906 1541 3961 meridianum
1590 3909 1802 3977 posita;
1834 3917 1889 3963 et
1914 3926 2037 3979 quae

479 3984 538 4037 in
572 3988 794 4056 cuspide
824 3987 1041 4060 Sagittae
1068 4008 1082 4057 ;
1113 3993 1238 4048 item
1276 3998 1566 4053 australior
1594 3998 1651 4053 in
1675 3999 1828 4055 vultu
1851 3999 2042 4074 Capri-

482 4080 655 4135 corni.
688 4078 897 4138 Occidit
923 4082 1060 4139 Fera
1077 4084 1227 4142 boris
1252 4086 1307 4143 2.

2121 525 2346 589 Τοξότου
2380 526 2446 578 ιϐ’
2477 525 2664 595 μέσης.
2696 525 2806 578 Καὶ
2837 529 2885 577 α’
2923 522 3020 593 μὲν
3057 521 3229 593 ἀστὴρ
3266 520 3410 573 δύνει
3438 521 3469 572 6
3503 518 3690 573 νοτιώο

2118 633 2277 688 τερος
2303 616 2410 669 τῶν
2440 618 2498 670 ὲν
2523 616 2601 686 τῷ
2631 615 2888 686 χάσματι,
2933 614 3156 685 ἔσχατος
3198 613 3255 667 δὲ
3287 615 3316 666 6
3359 615 3418 667 ὲν
3450 613 3603 683 ἄκρᾳ
3623 616 3689 684 τῇ

2120 709 2278 779 οὐρᾷ.
2309 707 2715 779 Μεσουρανοῦσι
2753 706 2809 759 δὲ
2837 706 2945 759 τῶν
2980 706 3151 761 ἄλλων
3184 706 3426 777 ἀστέρων
3458 707 3520 757 ὲν
3550 707 3688 776 ἀρχῇ
3720 744 3727 778 ι

2124 800 2224 871 μὲν
2251 798 2343 853 τοῦ
2375 817 2433 853 τε
2465 799 2762 870 Δράκοντος
2799 799 2828 849 6
2860 802 2905 866 γ’
2935 797 3043 851 ἀπὸ
3087 797 3187 867 τῆς
3218 798 3383 868 οὐρᾶς
3415 796 3689 868 λαμπρὸς,

2121 891 2198 953 ῶς
2239 891 2542 961 ἡμιπὴχιον
2579 889 2985 960 προηγούμενος
3044 888 3138 942 τοῦ
3171 887 3571 960 μεσημϐρινοῦ,
3604 888 3691 940 καὶ

2120 981 2214 1036 τοῦ
2246 980 2454 1036 Βοώτου
2492 984 2520 1035 6
2547 983 2604 1035 ὲν
2633 984 2698 1053 τῇ
2734 981 2878 1052 ζώνῃ
2924 980 3191 1052 λαμπρὸς,
3235 982 3329 1033 καὶ
3354 984 3383 1034 6
3419 980 3694 1051 προηγού-

2126 1091 2287 1146 μενος
2312 1074 2406 1127 τοῦ
2432 1075 2488 1127 ἐν
2515 1072 2661 1144 ἄκρᾳ
2680 1077 2746 1144 τῇ
2778 1072 2970 1144 βορείῳ
3001 1072 3148 1144 Χηλῇ
3170 1072 3447 1144 λαμπροῦ,
3481 1072 3689 1126 καὶτοῦ

2124 1165 2323 1236 1’Υδροιι
2358 1167 2388 1218 6
2420 1166 2477 1218 ἐν
2505 1165 2648 1236 ἄκρᾳ
2670 1168 2737 1236 τῇ
2771 1166 2905 1235 οὐρᾷ
2927 1203 2941 1228 ,
2977 1164 3052 1227 ὡς
3081 1166 3383 1235 ήμιπήχιον
3421 1164 3693 1234 προηγού-

2126 1272 2285 1326 μενος
2334 1253 2425 1308 τοῦ
2480 1253 2847 1326 μεσημϐρινοῦ
2871 1271 2885 1286 ο
2928 1254 3149 1326 ἔσχατον
3193 1255 3250 1310 δὲ
3297 1254 3692 1326 μεσουρανοῦσι

2121 1346 2214 1399 τοῦ
2258 1364 2316 1399 τε
2354 1346 2651 1417 Δράκοντος
2682 1349 2709 1398 6
2750 1345 3062 1418 νοτιώτερος
3109 1347 3398 1416 κρόταφος,
3447 1347 3550 1399 καὶ
3598 1344 3691 1399 τοῦ

2127 1438 2359 1506 Ὄφεως,
2394 1437 2451 1492 ὃν
2485 1437 2596 1508 ἔχει
2633 1433 2668 1490 δ’
2695 1438 2973 1509 Ὀφιοῦχος
3003 1441 3031 1492 6
3063 1440 3119 1492 ὲν
3151 1439 3295 1510 ἄκρᾳ
3310 1441 3376 1509 τῇ
3412 1439 3574 1509 οὐρᾷ,
3600 1439 3692 1490 καὶ

2122 1528 2215 1582 τοῦ
2242 1528 2467 1592 Τοξότου
2497 1531 2524 1581 6
2557 1528 2853 1599 ἡγούμενος
2886 1530 2993 1585 τῶν
3031 1530 3089 1583 ἐν
3123 1533 3188 1602 τῇ
3227 1530 3505 1600 ἐφαπτίδι.
3540 1529 3694 1584 Δύνει

2123 1619 2179 1673 δὲ
2214 1621 2241 1672 6
2270 1620 2463 1690 Ὕδρος
2496 1623 2552 1673 ὲν
2583 1620 2752 1692 ὥραις
2771 1621 2833 1675 δ’.

2197 1711 2300 1766 Τοῦ
2326 1712 2381 1765 δὲ
2414 1713 2698 1785 Κρατῆρος
2715 1712 2976 1778 δύνοντος,
3002 1712 3388 1784 συγκαταδύνει
3421 1712 3525 1785 μὲν
3550 1713 3694 1785 αὐτῷ

2126 1807 2154 1859 ὁ
2187 1804 2448 1871 ζωδιακὸς
2472 1805 2579 1859 ἀπὸ
2600 1805 2872 1876 Καρκίνου
2905 1807 3011 1877 μοί.
3055 1813 3103 1859 α’
3136 1808 3227 1861 καὶ
3251 1814 3299 1860 κ’
3321 1807 3427 1871 ἓως
3464 1807 3695 1871 Λέοντος

2131 1904 2197 1967 ιγ’
2227 1898 2394 1969 μέσης
2419 1914 2432 1926 ·
2464 1901 2781 1968 μεσουρανεῖ
2802 1898 2858 1950 δὲ
2881 1898 2987 1952 67:6
3014 1898 3107 1952 τοῦ
3127 1898 3392 1970 Σκορπίου
3423 1896 3493 1967 ιβ’
3526 1898 3696 1969 μέσης

2126 1988 2230 2051 ἓως
2264 1988 2491 2052 Τοξότου
2522 1990 2710 2059 ἀρχῆς.
2772 1989 2881 2042 Καὶ
2913 1996 2960 2042 α’
2992 1991 3086 2060 μὲν
3132 1990 3305 2062 ἀστὴρ
3352 1989 3503 2045 δύνει
3551 1992 3581 2043 6
3610 1990 3695 2060 βοο

2129 2081 2395 2151 ρειότερος
2422 2080 2530 2133 τῶν
2566 2083 2623 2133 ὲν
2652 2084 2718 2152 τῇ
2767 2081 2939 2152 βάσει,
2976 2081 3199 2152 ἔσχατος
3223 2082 3279 2136 δὲ
3315 2084 3343 2135 6
3374 2084 3697 2152 νοτιώτερος

2128 2172 2222 2224 καὶ
2251 2174 2278 2223 6
2303 2172 2632 2244 βορειότερος
2657 2172 2764 2225 τῶν
2790 2174 2848 2226 ὲν
2891 2173 2969 2244 τῷ
2999 2173 3169 2227 κύτει.
3206 2171 3619 2245 Μεσουρανοῦσι
3641 2173 3697 2226 δὲ

2125 2262 2234 2316 τῶν
2263 2262 2434 2316 ἄλλων
2470 2263 2710 2333 ἀστέρων
2742 2264 2799 2316 ὲν
2835 2264 2976 2336 ἀρχῇ
3015 2265 3110 2335 μὲν
3146 2264 3238 2318 τοῦ
3271 2265 3545 2336 Σκορπίου
3590 2268 3619 2319 6
3648 2273 3699 2332 γ’

2128 2356 2222 2410 καὶ
2252 2356 2280 2407 6
2307 2361 2347 2406 ε’
2381 2353 2667 2425 σφόνδυλος
2693 2354 2800 2408 τῶν
2830 2355 2965 2425 μετά
2998 2357 3058 2409 τὸ
3097 2356 3308 2428 στῆθος,
3343 2357 3437 2410 καὶ
3467 2356 3565 2411 τοῦ
3609 2357 3698 2411 Ἐν

2126 2446 2345 2515 γόνασιν
2381 2447 2409 2499 6
2436 2452 2485 2514 γ’
2512 2445 2618 2499 67:6
2661 2446 2755 2498 τοῦ
2807 2444 2979 2510 δεξιοῦ
3029 2445 3200 2518 ὤμου,
3243 2447 3301 2500 ὲν
3328 2446 3406 2517 τῷ
3453 2447 3698 2519 βραχίονι

2127 2537 2395 2608 κείμενος,
2431 2536 2835 2608 προηγούμενος
2861 2538 2919 2590 δὲ
2945 2536 3037 2590 τοῦ
3070 2537 3439 2609 μεσημϐρινοῦ
3472 2539 3552 2603 ὡς
3574 2541 3701 2610 ἡμι-

2128 2631 2319 2700 πήχιον
2343 2646 2356 2661 ο
2404 2629 2626 2701 ἔσχατον
2672 2630 2729 2683 δὲ
2769 2628 2862 2681 τοῦ
2888 2645 2948 2682 τε
2984 2629 3071 2684 Ἐν
3102 2629 3320 2699 γόνασιν
3347 2632 3376 2683 6
3413 2631 3472 2682 ἐν
3500 2633 3567 2702 τῇ
3608 2634 3699 2684 ὲκ-

2130 2723 2287 2791 φύσει
2319 2721 2411 2775 τοῦ
2444 2720 2730 2793 ἀριστεροῦ
2764 2721 2960 2792 μηροῦ,
3004 2722 3097 2775 καὶ
3142 2720 3236 2774 τοῦ
3283 2721 3448 2788 Τόξου
3481 2724 3517 2793 ή
3552 2723 3695 2786 ἀκίς.

2129 2815 2283 2868 Δύνει
2310 2815 2365 2868 δὲ
2393 2817 2421 2868 ὀ
2459 2814 2683 2885 Κρατὴρ
2707 2815 2764 2866 ὲν
2788 2812 2907 2885 ὥρᾳ
2930 2819 2977 2866 α’
3003 2814 3096 2865 καὶ
3122 2819 3170 2881 γ’
3208 2814 3387 2883 μέρει.

2199 2905 2303 2958 Τοῦ
2345 2906 2400 2958 δὲ
2428 2906 2676 2977 Κόρακος
2702 2904 2968 2968 δύνοντος,
3014 2904 3396 2973 συγκαταδύνει
3427 2903 3529 2974 μὲν
3552 2904 3700 2975 αύτῷ

2130 2996 2159 3049 6
2196 2997 2452 3062 ζωδιακὸς
2486 2997 2592 3052 ἀπὸ
2623 2996 2848 3060 Λέοντος
2882 2996 2964 3051 κθ¹
3010 2996 3121 3067 μοί.
3166 2996 3335 3067 μέσης
3374 2995 3482 3058 ἕως
3506 2995 3700 3066 Χηλῶν

2059 3134 2101 3193 C
2135 3096 2230 3142 ια’·
2269 3093 2585 3161 μεσουρανεῖ
2610 3088 2668 3142 δὲ
2718 3090 2825 3142 ἀπὸ
2871 3087 3095 3153 Τοξότου
3131 3094 3160 3140 ι’
3194 3088 3297 3151 ἕως
3323 3086 3610 3157 Αίγόκερω
3650 3094 3701 3151 ς’

2139 3181 2327 3252 μέσης.
2355 3181 2464 3233 Καὶ
2483 3186 2530 3232 α’
2559 3180 2655 3250 μὲν
2685 3180 2859 3251 ἀστὴρ
2878 3179 3021 3233 δύνει
3049 3182 3078 3232 6
3097 3181 3154 3232 ὲν
3174 3182 3286 3242 τοῖς
3308 3178 3576 3241 ὀπισθίοις
3601 3195 3701 3249 μη-

2139 3275 2268 3343 ροῖς,
2310 3271 2530 3341 ἔσχατος
2556 3270 2612 3323 δὲ
2639 3274 2668 3324 6
2695 3271 2957 3342 ἑπόμενος
2987 3270 3092 3325 τῶν
3120 3271 3177 3324 ἐν
3204 3273 3268 3341 τῇ
3303 3269 3534 3339 κεφαλῇ.
3558 3270 3701 3322 Μεσ-

2134 3378 2192 3415 ου
2203 3361 2416 3433 ρανοῦσι
2439 3362 2494 3415 δὲ
2517 3362 2624 3414 τῶν
2662 3362 2832 3416 ἄλλων
2861 3362 3102 3434 ἀστέρων
3143 3364 3201 3415 ἐν
3228 3361 3323 3432 μὲν
3342 3363 3409 3431 τῇ
3437 3363 3583 3431 ἀρχῇ
3607 3360 3698 3414 τοῦ

2135 3455 2432 3525 Δράκοντος
2456 3457 2483 3507 6
2503 3455 2561 3507 ὲν
2585 3453 2661 3525 τῷ
2679 3456 2917 3525 χάσματι
2942 3454 3345 3526 προηγούμενος
3366 3454 3461 3506 τοῦ
3491 3470 3629 3524 μεση
3639 3470 3700 3523 μ-

2137 3546 2320 3617 6ρινοῦ
2350 3547 2425 3609 ὡς
2453 3547 2749 3617 ἡμιπήχιον
2769 3587 2787 3624 ,
2832 3547 2926 3600 καὶ
2956 3546 3048 3600 τοῦ
3084 3548 3170 3600 Ἐν
3199 3547 3465 3614 γόνασινό
3488 3546 3701 3615 ἀριστε-

2139 3638 2229 3709 ρὸς
2274 3636 2481 3704 ἀγκὼν,
2521 3638 2928 3709 προηγούμενος
2992 3639 3067 3701 ὡς
3112 3640 3408 3709 ἡμιπήχιον
3456 3636 3554 3690 τοῦ
3604 3653 3695 3706 με·

2137 3730 2433 3801 σημϐρινοῦ
2458 3749 2474 3761 ”
2504 3731 2724 3802 ἔσχατον
2753 3732 2811 3785 δὲ
2845 3732 2937 3785 τοῦ
2974 3730 3272 3800 Δράκοντος
3307 3728 3415 3781 τῶν
3458 3732 3518 3781 ὲν
3557 3731 3623 3798 τῇ
3654 3732 3697 3780 α’

2138 3824 2337 3897 σπείρᾳ
2369 3824 2532 3895 τριῶν
2552 3823 2816 3894 λαμπρῶν
2843 3825 2871 3877 6
2897 3823 3028 3893 ήγού
3037 3837 3193 3892 μενος
3214 3819 3309 3873 καὶ
3329 3818 3423 3871 τοῦ
3454 3818 3699 3890 Ὄρνιθος

2137 3913 2166 3964 6
2197 3912 2254 3965 ὲν
2291 3911 2435 3984 ἄκρᾳ
2464 3916 2529 3982 τῇ
2558 3910 2706 3982 δεξιᾷ
2751 3912 2999 3982 πτέρυγι,
3044 3910 3233 3981 μικρὸν
3276 3908 3699 3978 ὑπολειπόμενος

2143 4000 2238 4056 τοῦ
2268 4001 2633 4074 μεσημϐρινοῦ
2657 4019 2670 4033 ·
2703 4004 2795 4057 καὶ
2824 4002 2916 4055 τοῦ
2968 3999 3175 4054 Ὀῐστοῦ
3202 4000 3231 4052 6
3263 4000 3356 4053 ἐπὶ
3381 3999 3483 4069 τῆς
3502 3998 3696 4060 ἀκίδος*

2145 4094 2239 4147 καὶ
2259 4094 2353 4147 τοῦ
2377 4096 2654 4166 Αἰγόκερω
2681 4096 2710 4148 6
2733 4092 3046 4166 νοτιώτερος
3074 4093 3181 4147 τῶν
3213 4094 3269 4146 ὲν
3294 4089 3374 4162 τῷ
3405 4089 3697 4163 προσώπῳ.

2145 4181 2299 4238 Δύνει
2321 4185 2378 4238 δὲ
2407 4185 2467 4238 τὸ
2493 4185 2690 4257 Θηρίον
2723 4187 2783 4240 ὲν
2813 4184 2981 4257 ὥραις
3004 4185 3142 4240 δυσί.

1523 4286 1724 4342 Desunt
1752 4288 1835 4342 hic
1862 4291 2127 4347 asterismi
2159 4293 2411 4352 Centauri
2435 4306 2484 4353 et
2512 4297 2685 4354 Ferte.

557 4396 641 4452 Vl.
685 4400 793 4454 Ara
829 4399 1113 4456 occidente
1161 4401 1416 4460 zodiacus
1457 4417 1489 4457 a
1527 4401 1723 4459 Leonis
1753 4404 1929 4460 media
1970 4405 2034 4460 19

2212 4415 2302 4479 C1".
2337 4412 2443 4466 Τοῦ
2493 4414 2549 4467 δὲ
2591 4414 2959 4487 Θυμιατηρίου
3009 4415 3273 4482 δύνοντος,
3310 4414 3704 4483 συγκαταδύνει

487 4490 554 4545 ad
591 4490 880 4547 Chelarum
919 4493 952 4548 9
988 4494 1377 4562 absconditur;
1419 4495 1733 4551 culminata
1758 4495 2038 4566 Sagittarii

487 4583 521 4639 5
549 4584 617 4638 ad
643 4582 963 4655 Capricorni
1007 4586 1240 4641 mediam
1279 4587 1328 4642 9.
1358 4586 1541 4643 Prima
1587 4588 1788 4644 occidit
1825 4595 2041 4643 austra-

485 4673 591 4728 lior
618 4691 800 4730 earum
831 4692 951 4745 quae
992 4678 1047 4732 in
1082 4679 1344 4749 margine,
1383 4682 1679 4751 eademque
1717 4681 1919 4752 dupla;
1959 4681 2043 4735 ul-

486 4765 620 4819 tima
649 4767 921 4823 borealior
947 4784 1133 4824 earum
1161 4786 1282 4840 quae
1313 4772 1368 4826 in
1400 4772 1540 4827 basi.
1560 4773 1873 4827 Culminant
1904 4774 2041 4827 alia-

488 4870 611 4911 rum
658 4858 934 4914 stellarum
976 4859 1131 4915 initio
1181 4862 1400 4931 quidem
1452 4863 1656 4929 lucida,
1701 4879 1823 4933 quae
1863 4873 1947 4920 est
1987 4865 2044 4920 in

489 4947 713 5004 sinistro
743 4948 1043 5021 lngeniculi
1086 4951 1310 5018 femore,
1351 4960 1405 5008 et
1447 4955 1624 5009 media
1668 4969 1879 5019 earum,
1923 4971 2045 5025 quae

490 5048 621 5095 sunt
653 5042 710 5096 in
744 5057 876 5096 arcu
920 5042 1197 5114 Sagittarii
1233 5061 1246 5098 :
1281 5046 1471 5100 ultima
1503 5046 1812 5110 lucidarum
1838 5063 1958 5118 quae
1987 5048 2045 5103 in

490 5133 717 5201 genibus
742 5136 1051 5194 australior.
1083 5136 1416 5195 OcciditAra
1446 5139 1660 5196 duabus
1683 5139 1832 5195 horis
1864 5148 1919 5196 et
1941 5140 2043 5196 10’.

562 5421 792 5488 Quando
818 5420 995 5478 Piscis
1022 5422 1277 5477 australis
1302 5420 1525 5485 occidit,
1556 5435 1680 5476 cum
1717 5435 1783 5476 eo
1819 5420 2048 5475 descen-

495 5509 570 5565 dit
601 5512 858 5567 zodiacus
891 5529 921 5567 a
950 5511 1224 5582 Sagittarii
1253 5520 1406 5581 parte
1435 5511 1506 5565 24
1531 5511 1596 5564 ad
1630 5508 1950 5580 Capricorni
1981 5508 2048 5563 18

497 5601 729 5655 mediam
753 5617 769 5666 ;
803 5602 1067 5655 culminat
1096 5616 1125 5654 a
1152 5600 1390 5657 Piscium
1422 5601 1456 5654 5
1490 5600 1556 5654 ad
1584 5598 1786 5654 Arietis
1814 5598 1868 5653 2.
1891 5597 2049 5652 Prior

498 5690 698 5747 occidit
732 5692 909 5760 stella,
938 5693 1263 5759 lucidarum,
1307 5708 1428 5763 quae
1465 5692 1521 5747 in
1560 5691 1735 5747 cauda
1778 5701 1925 5761 sunt,
1955 5706 2050 5746 au-

2145 4504 2242 4575 μὲν
2269 4507 2296 4557 ὁ
2324 4505 2581 4570 ζωδιακὸς
2606 4507 2712 4560 ἀπὸ
2746 4508 2973 4571 Λέοντος
3011 4508 3074 4561 ιϐ’
3119 4507 3227 4578 μοι.
3264 4507 3437 4577 μέσης
3463 4507 3572 4571 ἕως
3598 4507 3706 4577 Χη-

2139 4597 2246 4650 λῶν
2275 4597 2319 4651 0'
2338 4614 2352 4625 '
2389 4603 2706 4670 μεσουρανεῖ
2730 4600 2786 4652 δὲ
2821 4599 2929 4653 ἀπὸ
2953 4599 3176 4663 Τοξότου
3219 4605 3260 4651 ε’
3290 4598 3394 4661 ἕως
3426 4599 3705 4667 Αἰγόκερω

2141 4689 2187 4743 θ’
2222 4689 2412 4762 μέσης.
2442 4691 2548 4744 Καὶ
2583 4690 2794 4763 πρῶτος
2827 4691 2924 4762 μὲν
2952 4691 3124 4762 ἀστὴρ
3154 4689 3301 4742 δύνει
3327 4691 3356 4741 6
3389 4688 3704 4757 νοτιὼτερος

2140 4782 2248 4839 τῶν
2285 4784 2342 4836 ὲν
2373 4781 2449 4852 τῷ
2474 4781 2636 4852 χείλει
2676 4782 2768 4835 καὶ
2796 4782 3013 4847 διπλοῦς
3036 4800 3048 4812 ·
3085 4782 3308 4851 ἔσχατος
3338 4780 3394 4833 δὲ
3442 4783 3471 4833 6
3501 4779 3705 4850 βορειό-

2139 4891 2299 4946 τερος
2324 4873 2431 4927 τῶν
2454 4874 2510 4925 ἐν
2535 4876 2600 4945 τῇ
2626 4873 2796 4943 βάσει.
2840 4872 3242 4944 Μεσουρανοῦσι
3287 4870 3345 4923 δὲ
3385 4868 3498 4923 τῶν
3535 4870 3706 4923 ἄλλων

2141 4963 2386 5033 ἀστέρων
2420 4964 2476 5015 ὲν
2504 4961 2600 5031 μὲν
2630 4964 2692 5032 τῇ
2720 4963 2858 5032 ἀρχῇ
2885 4961 2978 5014 τοῦ
3007 4979 3065 5014 τε
3111 4961 3196 5013 Ἐν
3223 4958 3444 5027 γόναων
3476 4959 3508 5012 6
3549 4960 3609 5011 ὲν
3633 4957 3708 5028 τῷ

2143 5053 2415 5125 ἀριστερῷ
2443 5052 2601 5125 μηρῷ
2633 5045 2903 5123 λαμπρὸς,
2938 5053 3033 5105 καὶ
3076 5050 3170 5104 τοῦ
3201 5048 3429 5115 Τοξότου
3471 5049 3502 5100 6
3549 5049 3708 5119 μέσος

2142 5143 2251 5197 τῶν
2278 5144 2335 5196 ἐν
2362 5142 2439 5214 τῷ
2469 5144 2606 5215 τόξῳ
2624 5160 2637 5174 ·
2675 5143 2896 5213 ἔσχατον
2934 5142 2991 5195 δὲ
3017 5141 3109 5195 τοῦ
3141 5141 3420 5211 Αἰγόκερω
3466 5141 3495 5192 6
3523 5137 3707 5192 νστιώ-

2143 5251 2299 5306 τερος
2322 5235 2430 5287 τῶν
2455 5236 2512 5288 ἐν
2548 5238 2659 5297 τοῖς
2685 5236 2872 5304 γόνασι
2908 5234 3191 5306 λαμπρῶν.
3225 5233 3378 5286 Δύνει
3410 5231 3467 5284 δὲ
3501 5231 3566 5285 τὸ
3605 5232 3705 5286 Θυ-

2148 5326 2433 5395 μιατήριον
2455 5327 2512 5377 ὲν
2540 5324 2708 5396 ὥραις
2733 5325 2777 5396 β’
2813 5326 2906 5380 καὶ
2936 5331 2989 5392 ς’
3017 5326 3191 5397 μέρει.

2155 5458 2163 5465 .
2220 5417 2387 5470 Ὅταν
2417 5415 2473 5469 δὲ
2511 5417 2540 5467 6
2585 5416 2757 5480 νότιος
2790 5416 2961 5487 Ἰχθὺς
3007 5416 3154 5489 δύνῃ,
3190 5415 3581 5483 συγκαταδύνει
3610 5411 3704 5484 μὲν

2146 5506 2292 5576 αὐτῷ
2328 5509 2356 5559 6
2406 5505 2665 5570 ζωδιακὸς
2715 5507 2823 5560 ἀπὸ
2875 5505 3099 5572 Τοξότου
3144 5504 3253 5575 μοί.
3296 5504 3338 5557 δ’
3374 5505 3469 5559 καὶ
3508 5511 3559 5558 κ’
3603 5503 3703 5565 ἕως

2147 5597 2425 5669 Δίγόκερω
2451 5603 2520 5668 ιη’
2546 5598 2742 5668 μέσης·
2772 5601 3093 5670 μεσουρανεί
3110 5598 3166 5652 δὲ
3196 5598 3303 5651 ἀπὸ
3338 5596 3556 5668 Ἰχθύων
3591 5597 3696 5668 μοι.

2148 5696 2195 5759 γ’
2223 5689 2327 5754 ἓως
2364 5691 2534 5763 Κριοῦ
2571 5691 2682 5762 μοί.
2731 5691 2794 5762 β’.
2827 5691 2936 5745 Καὶ
2975 5699 3022 5745 α’
3060 5691 3157 5764 μὲν
3198 5690 3368 5764 ἀστὴρ
3393 5689 3539 5745 δύνει
3566 5691 3595 5746 6
3618 5704 3701 5743 νο-
