3950 6266
211 313 347 370 Ill?

1160 318 1524 378 lilPPARCHI
1567 322 1656 377 AD
1692 321 2139 378 PHENOMENA
2176 320 2304 376 LIB.
2344 322 2435 377 Ill.

3285 335 3422 392 “l8

206 426 466 498 τιώτερος
491 424 598 480 τῶν
634 429 692 483 ἐν
730 432 793 502 τῇ
826 431 959 504 οὐρᾷ
980 433 1265 507 λαμπρῶν,
1309 436 1528 509 ἔσχατος
1566 438 1624 491 δὲ
1658 440 1687 491 6
1712 439 1769 491 ἐν

1876 435 2138 500 stralior;
2180 434 2373 489 ultima
2415 449 2563 499 vero,
2599 434 2933 492 lucidissima
2963 438 3150 495 rostri.
3187 438 3267 495 Ex
3298 444 3422 499 aliis

206 517 285 588 τῷ
312 517 507 589 ῥύγχει
540 518 788 591 λαμπρὸς
823 523 1043 594 σφόδρα.
1090 526 1426 597 Μεσουρανεῖ
1454 528 1509 580 δὲ
1541 528 1648 580 τῶν
1676 529 1769 581 ἆλ-

208 610 314 663 λων
345 612 588 682 ἀστέρων
617 615 674 665 ὲν
707 615 844 685 ἀρχῇ
890 617 987 684 μὲν
1027 616 1136 669 τῶν
1162 616 1375 688 Ἰχθύων
1408 618 1500 671 τοῦ
1526 619 1768 673 νοτιωτέ-

211 716 303 769 ρου
331 703 360 753 6
387 703 443 752 ὲν
467 703 611 774 ἄκρᾳ
633 706 697 773 τῇ
723 706 885 776 οὐρᾷ⁸
917 705 1138 777 ἔσχατον
1173 709 1229 762 δὲ
1253 710 1352 779 τῆς
1390 727 1449 762 τε
1489 711 1769 782 Ἀνδρομέ-

207 790 301 854 δας
322 794 350 845 ὀ
382 794 668 864 ἀριστερὸς
699 796 852 859 ποῦς,
880 799 972 851 καὶ
1007 799 1099 852 τοῦ
1130 800 1297 873 Κριοῦ
1318 804 1346 855 ὀ
1385 802 1546 873 μέσος
1576 803 1682 857 τῶν
1709 805 1768 857 ὲν

205 883 272 953 τῇ
305 884 536 955 κεφαλῇ,
568 888 658 939 καὶ
683 887 773 940 τοῦ
801 890 858 941 ὲν
891 889 968 961 τῷ
1013 893 1180 963 Κήτει
1207 894 1603 966 τετραπλεύρου
1630 896 1659 947 ὁ
1682 911 1769 947 νο-

205 972 466 1047 τιὼτερος
501 978 607 1030 τῶν
643 979 940 1050 ἑπομένων.
980 983 1135 1037 Δύνει
1177 985 1233 1037 δὲ
1266 988 1294 1037 6
1329 987 1500 1056 ’ἰχθὺς
1549 989 1607 1041 ὲν
1650 987 1769 1059 ὥρα

205 1068 253 1113 6'
280 1063 376 1114 καὶ
404 1063 443 1115 6'
474 1069 925 1139 πεμπτημορίοις.

277 1153 385 1206 Τοῦ
417 1154 473 1208 δὲ
495 1158 705 1227 Κήτους
730 1157 993 1226 δύνοντος,
1024 1164 1409 1231 συγκαταδύνει
1439 1166 1536 1237 μὲν
1562 1166 1708 1238 αὐτῷ
1740 1167 1769 1221 6

205 1240 472 1308 ζωδιακὸς
508 1247 614 1299 61:6
660 1248 940 1320 ’Υδροχόου
990 1252 1099 1323 μοί.
1143 1260 1194 1324 η’
1240 1257 1331 1309 καὶ¹
1367 1262 1414 1310 κ’
1453 1257 1621 1328 μέσης
1663 1257 1768 1320 ἕως

204 1332 383 1403 Κριοῦ
410 1334 468 1387 ιδ’
494 1352 506 1364 ·
547 1342 869 1408 μεσουρανεῖ
892 1339 947 1392 δὲ
977 1343 1084 1395 61:6
1130 1344 1343 1417 Ταύρου
1384 1347 1491 1417 μοί.
1526 1346 1569 1416 β’
1603 1347 1694 1399 καὶ
1719 1352 1766 1399 κ’

204 1421 313 1486 ἕως
347 1424 617 1495 Καρκίνου
649 1428 757 1498 μοί.
812 1436 869 1481 ιε’
902 1430 1094 1502 μέσης.
1130 1434 1238 1486 K61
1278 1443 1325 1487 α’
1359 1437 1456 1506 μὲν
1485 1436 1654 1507 ἀστὴρ
1679 1436 1764 1489 δύο

205 1531 319 1567 νειν
352 1515 576 1587 ἄρχεται
609 1518 637 1570 6
675 1519 989 1592 νοτιώτερος
1015 1523 1122 1577 τῶν
1163 1528 1221 1579 ἐν
1254 1530 1319 1598 τῇ
1351 1528 1505 1599 οὐρᾷ,
1544 1528 1768 1599 ἔσχατος

203 1605 264 1658 δὲ
286 1606 315 1657 6
352 1607 613 1677 ἑπόμενος
634 1608 741 1663 τῶν
767 1611 823 1663 ὲν
861 1611 938 1683 τῷ
972 1611 1164 1685 βορείῳ
1202 1616 1428 1688 χελυνίῳ
1456 1619 1520 1671 ⁹¹.
1552 1620 1767 1672 Μεσου-

206 1696 428 1769 ρανοῦσι
453 1698 510 1751 δὲ
546 1700 657 1752 τῶν
694 1700 868 1756 ἄλλων
902 1705 1144 1775 ἀστέρων
1182 1708 1239 1759 ἐν
1280 1708 1376 1778 μὲν
1407 1711 1471 1780 τῇ
1501 1710 1639 1780 ἀρχῇ
1673 1709 1765 1763 τοῦ

1868 526 2036 580 stellis
2061 525 2382 589 culminant,
2416 525 2589 591 luitio,
2623 541 2744 596 quae
2777 534 2862 582 est
2890 527 2945 581 in
2980 539 3221 585 extrea
3246 534 3422 587 cauda

1870 618 2218 673 australioris
2255 616 2534 684 Piscium;
2584 626 2880 687 postremo,
2919 620 3281 679 Andromedae
3325 638 3424 695 pes

1867 709 2088 779 sinister
2119 726 2136 776 ;
2176 717 2228 764 et
2260 709 2435 763 media
2461 723 2669 773 earum,
2702 724 2823 779 quae
2852 711 2907 763 in
2936 713 3113 780 capite
3143 723 3272 770 sunt
3309 716 3422 770 An-

1866 800 2157 863 dromedae,
2193 806 2248 854 et
2273 800 2540 863 laterculi,
2578 800 2723 870 quod
2761 808 2844 857 est
2873 800 2930 855 in
2951 802 3423 868 Ceto,succeden-

1866 890 2000 945 tium
2027 890 2338 946 australior.
2366 890 2577 947 Occidit
2603 890 2778 947 Piscis
2801 894 2935 948 hora
2959 894 3010 960 1,
3030 896 3114 951 48¹

1931 1171 2225 1234 Occidente
2268 1171 3016 1243 Ceto,'cum’eo~de‘scendit
3051 1184 3307 1241 zodiacus
3351 1187 3425 1241 ab

1864 1269 2087 1339 Aquarii
2126 1275 2277 1339 parte
2306 1268 2376 1323 28
2410 1269 2584 1324 media
2624 1271 2691 1326 ad
2720 1272 2920 1327 Arietis
2953 1273 3051 1338 id;
3098 1276 3360 1330 culminat
3389 1291 3421 1330 a

1866 1361 2030 1415 Tauri
2068 1360 2138 1414 22
2171 1358 2238 1415 ad
2278 1361 2472 1415 Cancri
2513 1362 2581 1416 15
2636 1363 2888 1417 mediam.
2929 1364 3189 1422 Occidere
3234 1369 3423 1438 incipit

1865 1452 2161 1505 australior
2185 1466 2371 1507 earum
2415 1468 2536 1523 qua:
2564 1461 2692 1508 sunt
2724 1454 2779 1507 in
2811 1454 2984 1508 cauda
3010 1473 3025 1522 ;
3066 1457 3252 1511 ultima
3298 1475 3422 1514 suc-

1865 1541 2062 1596 cedens
2088 1543 2143 1596 in
2166 1542 2370 1598 boreali
2403 1559 2645 1600 convexo
2667 1546 2822 1619 136
2839 1549 2993 1620 tergi.
3012 1547 3329 1604 Culminant
3351 1566 3418 1605 ex

1866 1633 1988 1688 aliis
2028 1636 2221 1701 stellis,
2254 1636 2412 1691 initio
2452 1637 2692 1707 quidem,
2737 1641 3028 1693 australior
3073 1655 3259 1694 earum
3302 1657 3424 1712 qua:

1867 1735 1994 1781 sunt
2025 1727 2082 1781 in
2113 1728 2330 1800 Auriga:
2352 1730 2530 1799 capite
2557 1737 2611 1785 et
2638 1730 2831 1786 dextro
2868 1732 3023 1801 pede,
3052 1733 3241 1785 ultima
3272 1747 3420 1799 vero,

201 1807 265 1842 τε
305 1791 546 1890 Ἠνιόχου
576 1794 604 1845 6
628 1793 940 1867 νπιὼτερος
977 1797 1085 1851 τῶν
1117 1798 1174 1851 ἑν
1196 1801 1259 1870 τῇ
1295 1800 1501 1872 κεφαλῇ
1534 1800 1626 1854 καὶ
1656 1802 1685 1854 6
1709 1803 1766 1855 ὲν

1876 1818 2047 1873 lucida
2084 1834 2206 1890 qua
2233 1828 2320 1876 est
2368 1821 2425 1875 in
2451 1822 2826 1879 anterioribus
2865 1824 3119 1879 cruribus
3160 1823 3330 1890 Ursae,
3369 1834 3425 1880 et

202 1878 281 1948 τῷ
312 1877 470 1950 δεξιῷ
496 1879 634 1945 1:061,
672 1881 896 1952 ἔσχατος
928 1884 983 1937 δὲ
1028 1886 1125 1957 τῆς
1154 1904 1214 1939 τε
1248 1887 1478 1959 Ἀρκτου
1502 1890 1531 1941 6
1564 1891 1620 1942 ὲν
1656 1892 1766 1955 τοῖς

204 1971 558 2041 ἐμπροσθίοις
581 1972 792 2026 σκέλεσι
823 1973 1091 2048 λαμπρὸς,
1136 1978 1229 2030 καὶ
1268 1979 1366 2050 τῆς
1406 1979 1629 2051 Ἀργοῦς
1653 1982 1681 2033 6
1708 1983 1767 2035 ἐν

206 2062 359 2132 μέσῳ
408 2061 516 2114 τῶν
564 2063 755 2134 τοίχων
803 2063 1071 2138 λαμπρὸς,
1102 2069 1502 2141 προηγούμενος
1539 2070 1632 2124 τοῦ
1673 2089 1769 2143 με-

203 2154 506 2226 σημϐρινοῦ
527 2155 603 2219 ὡς
641 2157 957 2228 ἡμιπήχιον.
995 2159 1147 2212 Δύνει
1168 2160 1223 2214 δὲ
1243 2160 1302 2213 :6
1321 2162 1500 2233 Κῆτος
1519 2165 1575 2217 ὲν
1598 2163 1767 2236 ὥραις

198 2245 242 2299 δ
274 2246 585 2311 λειπούσαις
617 2248 666 2318 η’
698 2248 871 2318 μέρει.

271 2336 380 2390 Τοῦ
409 2337 465 2390 δὲ
497 2337 745 2409 Ὠρίωνος
771 2337 1035 2406 δύνοντος,
1075 2344 1459 2412 συγκαταδύνει
1492 2346 1591 2417 μὲν
1620 2346 1767 2419 αὐτῷ

201 2430 231 2482 6
262 2426 523 2493 ζωδιακὸς
554 2427 662 2482 ἀπὸ
685 2429 897 2501 Ταύρου
928 2434 1036 2501 μοί.
1073 2434 1116 2498 ζ’
1149 2434 1253 2498 ἔως
1300 2436 1511 2509 Ταύρου
1555 2439 1664 2509 μοί.
1699 2438 1762 2493 λ’·

206 2523 528 2590 μεσουρανεῖ
549 2520 605 2574 δὲ
638 2522 744 2576 61:6
790 2525 1019 2588 Λέοντος
1071 2526 1181 2597 μοί.
1230 2525 1294 2596 ιβ’
1339 2527 1443 2591 ἕως
1493 2530 1767 2602 Παρθένου

204 2612 316 2681 μοί.
356 2617 442 2677 ιγ’.
474 2613 583 2665 Καὶ
623 2620 673 2665 α’
708 2614 807 2686 μὲν
836 2615 1010 2687 ἀστὴρ
1035 2615 1178 2671 δύνει
1216 2620 1245 2671 6
1282 2621 1339 2675 ὲν
1375 2620 1453 2691 τῷ
1497 2622 1769 2696 ἀριστερῷ

200 2699 343 2764 1:061,
374 2699 589 2772 ἔσχατοι
612 2701 668 2755 δὲ
690 2705 737 2756 οί
762 2702 1087 2776 βορειότατοι
1109 2705 1217 2759 τῶν
1244 2709 1300 2760 ὲν
1327 2709 1403 2781 τῷ
1439 2711 1764 2784 κολλορόόῳ.

200 2791 611 2863 Μεσουρανοῦσι
631 2793 687 2847 δὲ
710 2795 818 2849 τῶν
845 2796 1017 2851 ἄλλων
1042 2786 1286 2869 ἀστέρων
1318 2801 1374 2854 ὲν
1404 2803 1500 2874 μὲν
1526 2805 1591 2875 τῇ
1627 2806 1766 2878 ἀρχῇ

198 2882 300 2952 τῆς
329 2884 569 2954 μεγάλης
599 2886 831 2957 Ἀρκτου
860 2889 889 2940 6
917 2890 975 2941 ὲν
1013 2893 1123 2955 τοῖς
1143 2890 1406 2957 ὀπισθίοις
1435 2894 1642 2962 γόνασι,
1674 2898 1770 2950 καὶ

200 2974 295 3027 τοῦ
321 2974 548 3040 Λέοντος
570 2977 598 3028 6
626 2978 733 3030 61:6
762 2979 912 3033 νότου
942 2980 1021 3052 τῷ
1049 2983 1142 3035 ἐπὶ
1175 2984 1274 3054 τῆς
1314 2986 1509 3053 ὀσφύος
1535 2986 1769 3058 λαμπρῷ

201 3067 640 3137 παρακείμενος,
675 3068 896 3140 ἔσχατος
941 3071 997 3125 δὲ
1037 3076 1137 3145 τῆς
1168 3075 1441 3147 Παρθένου
1486 3079 1514 3130 6
1562 3077 1769 3150 βορειό-

198 3173 357 3228 τερος
386 3152 553 3230 ὥμος.
592 3160 746 3216 Δύνει
793 3162 848 3216 δὲ
887 3165 915 3217 6
958 3164 1149 3238 Ὠρίων
1196 3168 1254 3221 ὲν
1297 3166 1470 3241 ὥραις
1509 3169 1660 3226 δυσὶν
1696 3171 1773 3237 ὡς

200 3248 448 3318 ἔγγιστα.

272 3346 440 3399 Ὅταν
461 3344 518 3399 δέ
548 3347 575 3400 6
607 3347 715 3402 ἀπὸ
744 3345 834 3401 τοῦ
879 3348 1128 3421 Ὠρίωνος
1156 3352 1405 3423 Ποταμὸς
1450 3354 1603 3429 δύνῃ,
1643 3373 1774 3425 συγ-

200 3436 487 3492 καταδύντι
516 3438 613 3509 μὲν
641 3439 787 3509 αὐτῷ
827 3443 855 3493 6
888 3440 1147 3507 ζωδιακὸς
1181 3444 1287 3497 61:6
1319 3444 1535 3516 Ἰχθύων
1574 3447 1684 3518 μοί.
1727 3447 1772 3512 ζ’

201 3529 309 3592 ἕως
346 3529 561 3600 Ταύρου
613 3530 723 3601 μοι.
770 3537 811 3583 ε’
850 3533 1048 3604 μέσης’
1089 3538 1411 3604 μεσουρανεῖ
1448 3536 1505 3590 δὲ
1547 3538 1653 3591 ἀπὸ
1685 3540 1775 3591 Δι-

200 3621 388 3693 δύμων
434 3621 476 3677 δ’
503 3621 607 3687 ἕως
656 3623 880 3688 Λέοντος
918 3629 950 3676 ι’
999 3626 1186 3695 μέσης.
1232 3627 1339 3680 K61
1392 3634 1441 3679 α’
1470 3629 1566 3699 μὲν
1602 3629 1775 3702 ἀστὴρ

201 3711 348 3765 δύνει
372 3714 401 3767 6
432 3713 729 3785 ἡγούμενος
755 3716 849 3768 καὶ
877 3714 1256 3786 λαμπρότατος
1289 3717 1526 3781 πάντων,
1552 3718 1775 3790 ἔσχατος

202 3803 263 3860 δὲ
295 3806 323 3857 6
357 3811 427 3870 α’,
460 3805 553 3858 καὶ
583 3804 691 3858 61:6
737 3806 1080 3878 μεσημϐρίας
1111 3807 1509 3878 παρακείμενος
1536 3809 1614 3879 τῷ
1655 3807 1777 3861 1:061

203 3895 298 3949 τοῦ
341 3896 612 3968 Ὠρίωνος.
646 3896 1051 3969 Μεσουρανοῦσι
1102 3897 1158 3950 δὲ
1189 3897 1296 3950 τῶν
1327 3898 1497 3953 ἄλλων
1531 3899 1776 3972 ἀστέρων

206 3988 266 4040 ἂν
299 3987 396 4059 μὲν
425 3990 490 4059 τῇ
518 3988 657 4060 ἀρχῇ
699 3988 798 4057 τῆς
826 3987 1027 4052 δύσεως
1062 3988 1169 4042 τῶν
1206 4007 1263 4043 τε
1295 3990 1539 4061 Διδύμων
1574 3993 1603 4044 6
1634 3991 1771 4063 Πρόο

207 4097 366 4143 πους,
414 4081 605 4152 μικρὸν
639 4080 1059 4151 ὑπολειπόμενος
1098 4079 1190 4134 τοῦ
1242 4080 1633 4153 μεσημὸρινοῦ,
1674 4082 1770 4137 καὶ

205 4167 302 4222 τοῦ
330 4168 553 4238 Λαγωοῦ
576 4170 625 4223 οί
656 4173 711 4223 ἐν
741 4170 886 4241 μέσῳ
906 4168 981 4240 τῷ
1006 4169 1217 4241 σώματι
1239 4170 1306 4241 β”
1338 4170 1561 4242 ἔσχατον
1585 4171 1642 4225 δὲ
1676 4189 1770 4244 με-

211 4256 533 4329 σουρανοῦσι
579 4257 673 4310 τοῦ
710 4274 770 4311 τε
814 4257 1039 4322 Λέοντος
1079 4260 1109 4313 6
1153 4260 1414 4331 ἑπόμενος
1450 4260 1557 4313 τῶν
1608 4262 1666 4314 ὲν
1692 4261 1770 4334 τῷ

1864 1910 2045 1966 lucida
2091 1912 2254 1968 medii
2302 1913 2491 1969 lateris
2543 1913 2743 1985 Argus,
2784 1930 2906 1985 quas
2945 1917 3267 1971 semicubito
3313 1917 3424 1971 cir—

1865 2002 2001 2056 citer
2028 2002 2300 2057 antecedit
2336 2003 2721 2059 meridianum.
2759 2003 2972 2061 Occidit
3003 2005 3168 2062 Cetus
3192 2007 3339 2063 boris
3363 2006 3419 2074 4,

1864 2093 2048 2150 minus
2076 2101 2266 2147 octava
2286 2100 2459 2164 parte.

1937 2347 2137 2405 Orione
2180 2349 2429 2414 cadente.
2483 2364 2608 2406 cum
2652 2366 2720 2407 eo
2765 2352 3046 2410 descendit
3096 2354 3352 2411 zodiacus
3391 2370 3423 2409 a

1867 2438 2033 2495 Tauri
2082 2448 2235 2511 parte
2284 2441 2316 2494 7
2349 2440 2418 2495 ad
2468 2441 2576 2510 30;
2633 2443 2897 2499 culminat
2938 2459 2970 2498 a
3014 2444 3213 2501 Leonis
3249 2446 3318 2500 12
3355 2447 3423 2501 ad

1867 2533 2107 2606 Virginis
2133 2536 2221 2589 15.
2254 2534 2412 2589 Prior
2440 2536 2640 2591 occidit
2676 2552 2739 2593 ea
2774 2554 2895 2608 quae
2928 2540 3085 2594 estin
3120 2542 3253 2610 pede
3293 2540 3428 2596 sini-

1868 2632 2003 2687 stro,
2056 2624 2257 2678 ultimae
2298 2639 2451 2692 vero,
2491 2640 2699 2690 earum,
2725 2642 2845 2695 quae
2872 2636 3001 2682 sunt
3038 2628 3093 2682 in
3143 2630 3427 2685 collorobo

1867 2712 2103 2766 maxime
2130 2712 2422 2766 australes.
2452 2711 2531 2766 Ex
2561 2711 2683 2767 aliis
2714 2714 2885 2769 stellis
2917 2716 3221 2770 culminant
3245 2716 3420 2780 initio,

1867 2816 1930 2856 ea
1951 2816 2069 2871 qua:
2096 2808 2180 2857 est
2208 2802 2263 2855 in
2290 2800 2684 2872 posterioribus
2720 2804 2948 2872 genibus
2992 2805 3142 2861 Ursm
3177 2808 3423 2877 majoris,

1867 2902 1923 2949 et
1948 2909 2067 2965 quae
2088 2896 2156 2948 ab
2184 2900 2372 2949 austro
2395 2892 2588 2948 lucida:
2608 2893 2841 2962 adiacet,
2870 2912 2991 2966 quae
3010 2907 3093 2953 est
3117 2899 3173 2953 in
3202 2899 3425 2960 lumbis.

1868 2994 2162 3057 postremo,
2181 2984 2453 3040 borealior
2468 2983 2706 3054 Virginis
2729 2986 3007 3044 humerus.
3027 2988 3237 3045 Occidit
3254 2989 3427 3046 Orion

1797 3120 1843 3183 C
1872 3077 2024 3135 boris
2054 3080 2271 3136 circiter
2300 3078 2356 3133 2.

1937 3345 2072 3402 Cum
2104 3344 2324 3403 Orionis
2356 3347 2548 3404 Fluvio
2569 3348 2829 3404 zodiacus
2866 3347 3067 3404 occidit
3098 3361 3128 3400 a
3186 3344 3428 3401 Piscium

1868 3446 2021 3509 parte
2045 3438 2076 3491 7
2098 3438 2165 3492 ad
2192 3437 2355 3493 Tauri
2389 3439 2422 3494 5
2446 3440 2673 3495 mediam
2698 3457 2712 3507 ;
2746 3439 3006 3494 culminat
3026 3454 3054 3492 a
3080 3438 3430 3494 Geminorum

1873 3531 1907 3585 4
1936 3531 2002 3585 ad
2034 3531 2230 3585 Leonis
2260 3531 2494 3586 mediam
2533 3533 2619 3589 {0.
2648 3530 2807 3587 Prior
2846 3532 3049 3586 occidit
3075 3530 3425 3593 antecedens,

1877 3630 1931 3677 et
1982 3621 2319 3677 lucidissima
2368 3624 2634 3691 omnium,
2683 3623 2874 3678 ultima
2905 3638 3053 3684 vero,
3094 3637 3214 3692 qum
3256 3622 3431 3690 prima

1876 3721 1979 3779 est,
2020 3722 2074 3768 et
2106 3728 2136 3768 a
2172 3712 2400 3769 meridie
2446 3715 2658 3784 adjacet
2699 3715 2918 3772 Orionis
2950 3714 3093 3783 pedi.
3131 3712 3173 3766 E
3207 3713 3430 3780 reliquis

1877 3802 2070 3867 stellis,
2116 3817 2348 3858 occasus
2394 3803 2550 3859 initio
2596 3804 2897 3859 culminant
2930 3802 3141 3873 Propus
3177 3802 3431 3857 Gemino-

1873 3911 2017 3961 rum,
2059 3894 2334 3965 paululum
2377 3896 2514 3950 citra
2558 3897 2916 3950 meridianum
2971 3895 3200 3966 positus,
3231 3903 3285 3950 et
3329 3892 3433 3949 Le-

1875 3991 2025 4061 poris
2053 3990 2107 4044 in
2126 3990 2303 4045 medio
2328 3990 2478 4057 duae;
2502 3999 2774 4061 postremo
2798 3989 3112 4054 culminant,
3135 3987 3433 4043 succedens

1875 4081 1931 4135 in
1958 4089 2107 4153 tergo
2141 4081 2364 4147 Leonis,
2417 4090 2471 4137 et
2498 4098 2619 4152 quze
2662 4082 2718 4136 in
2749 4080 3141 4150 posterioribus
3163 4078 3317 4134 Ursae
3343 4094 3434 4149 ge-

1876 4172 2059 4238 nibus,
2090 4188 2277 4245 parum
2302 4175 2441 4229 citra
2463 4172 2821 4229 meridianum
2845 4172 2970 4228 sita.
2989 4168 3434 4226 OcciditFluvius

1876 4263 2028 4319 boris
2056 4266 2111 4332 ιι,
2143 4265 2249 4320 ιε’.

208 4350 385 4422 νώτῳ,
420 4351 515 4405 καὶ
537 4350 638 4421 τῆς
666 4351 900 4423 Ἀρκτου
937 4353 966 4405 6
998 4354 1056 4405 ὲν
1093 4355 1205 4416 τοῖς
1248 4353 1510 4418 ὀπισθίοις
1533 4356 1775 4424 γόνασιν,
1829 4356 1905 4421 ὡς
1950 4359 2251 4430 ὴμιπήχιον
2311 4358 2730 4430 ὑπολειπόμενος
2788 4357 2881 4413 τοῦ
2915 4351 3306 4430 μεσημϐρινοῦ.
3335 4350 3436 4405 Δύ-

209 4460 290 4498 νει
314 4442 373 4495 δὲ
403 4444 432 4495 ὀ
458 4440 703 4512 Ποταμὺς
726 4443 782 4493 ὲν
809 4441 980 4511 ὥραις
1006 4439 1048 4493 6’
1075 4442 1169 4494 καὶ
1194 4441 1399 4512 ἡμίσει,
1430 4443 1523 4495 καὶ
1549 4449 1590 4496 ε’
1616 4445 1771 4517 μέρει
1807 4444 1973 4517 ὥρας.

283 4537 354 4588 Z'.
387 4531 495 4586 Τοῦ
523 4532 580 4586 δὲ
623 4530 851 4601 Λαγωοῦ
895 4532 1161 4596 δύνοντος,
1197 4532 1584 4602 συγκαταδύνει
1625 4535 1722 4606 μὲν
1753 4537 1771 4589 ἐ

1956 4536 2066 4592 Vll.
2105 4536 2399 4594 Occidente
2434 4536 2659 4608 Lepore,
2684 4537 2965 4594 descendit
2991 4553 3115 4592 cum
3155 4551 3222 4593 eo
3252 4535 3434 4590 zodia-

211 4624 475 4691 ζωδιακὸς
510 4624 618 4680 ἀπὸ
647 4624 817 4696 Κριοῦ
855 4623 966 4694 μοί.
1009 4624 1052 4689 ζ’
1081 4625 1175 4681 καὶ
1207 4631 1254 4679 κ’
1291 4625 1463 4697 μέσης
1501 4626 1606 4688 ἕως
1642 4627 1785 4681 Ταύ-

214 4735 312 4790 ρου
345 4717 426 4771 ιδ’·
466 4718 785 4788 μεσουρανεί
831 4714 888 4769 δὲ
957 4714 1067 4770 ἀπὸ
1116 4716 1391 4786 Καρκίνου
1439 4717 1549 4787 μοί.
1597 4717 1640 4770 λ’
1679 4717 1785 4783 ἓως

213 4808 442 4871 Λέοντος
478 4808 586 4878 μοί.
618 4813 665 4861 α’
695 4807 789 4860 καὶ
818 4812 886 4860 κ’.
924 4806 1039 4861 K61
1072 4812 1120 4859 α’
1164 4808 1261 4878 μὲν
1291 4807 1466 4879 ἀστὴρ
1499 4806 1643 4862 δύνει
1671 4810 1702 4861 ὀ
1724 4810 1783 4863 ἰν

212 4902 327 4963 τοῖς
375 4897 729 4969 ἐμπροσθίοις
769 4897 947 4961 ποσὶν,
994 4896 1220 4968 ἔσχατος
1250 4897 1307 4952 δὲ
1354 4899 1383 4951 6
1423 4900 1481 4952 ὲν
1532 4899 1677 4972 ἄκρᾳ
1714 4902 1780 4972 τῇ

213 4994 371 5064 οὐρᾷ.
408 4989 813 5060 Μεσουρανοῦσι
850 4988 908 5042 δὲ
939 4988 1047 5043 τῶν
1078 4989 1249 5045 ἄλλων
1286 4991 1529 5063 ἀστέρων
1573 4994 1631 5045 ὲν
1678 4993 1777 5063 μὲν

213 5088 281 5157 τῇ
316 5085 458 5155 ἀρχῇ
508 5082 607 5153 τῆς
651 5098 712 5134 τε
735 5082 969 5152 Ἄρκτου
1023 5079 1119 5134 τοῦ
1180 5080 1425 5135 πλινθίου
1462 5084 1491 5136 6
1531 5081 1623 5135 ἐπὶ
1671 5082 1778 5136 τῶν

215 5176 382 5246 ὤμων
411 5173 601 5243 αὐτῆς,
637 5172 730 5226 καὶ
769 5170 863 5224 τοῦ
892 5169 1189 5241 Δράκοντος
1215 5173 1244 5225 6
1270 5172 1327 5223 ὲν
1358 5171 1504 5242 ἄκρᾳ
1526 5174 1591 5241 τῇ
1620 5171 1777 5243 οὐρᾷ,

217 5266 313 5320 καὶ
345 5265 438 5320 τοῦ
467 5264 692 5327 Λέοντος
724 5263 752 5315 ὀ
783 5264 841 5315 ἐν
881 5264 947 5333 τῇ
987 5262 1202 5334 καρδίᾳ,
1235 5262 1329 5316 καὶ
1358 5262 1458 5333 τῆς
1502 5262 1727 5333 Ἀργοῦς
1750 5265 1780 5316 6

221 5355 555 5426 βορειότερος
578 5354 685 5407 τῶν
714 5355 771 5407 ὲν
796 5354 862 5423 τῇ
905 5353 1174 5423 ἀποτομῇ,
1212 5352 1403 5423 μικρὸν
1436 5352 1781 5424 προηγούμε-

219 5464 309 5510 νος
344 5446 438 5500 τοῦ
474 5442 840 5515 μεσημϐρινοῦ
860 5459 874 5474 ο
908 5441 1132 5513 ἔσχατον
1159 5443 1215 5495 δὲ
1253 5442 1642 5514 μεσουρανοῦσι
1682 5442 1778 5498 τοῦ

220 5554 281 5590 τε
308 5536 536 5599 Λέοντος
576 5536 606 5587 6
633 5534 874 5597 ὀπίσθιος
919 5534 1053 5597 ποῦς
1092 5534 1187 5587 καὶ
1226 5536 1255 5587 6
1294 5535 1351 5587 ὲν
1375 5536 1486 5597 τοῖς
1517 5534 1783 5599 ὀπισθίοις

1881 4643 1979 4684 cus
2020 4629 2088 4682 ab
2123 4627 2322 4684 Arietis
2351 4627 2422 4682 27
2447 4628 2621 4683 media
2652 4628 2720 4683 ad
2750 4626 2917 4682 Tauri
2956 4628 3065 4693 ﬂ;
3108 4627 3370 4682 culminat
3401 4639 3435 4680 a

1878 4727 2033 4793 parte
2056 4719 2252 4774 Cancri
2271 4719 2342 4775 50
2370 4719 2437 4774 ad
2477 4718 2674 4773 Leonis
2710 4718 2799 4773 21.
2827 4717 3008 4773 Prima
3030 4718 3228 4773 occidit
3255 4716 3431 4780 stella,

1879 4825 2001 4881 quae
2053 4819 2138 4866 est
2175 4810 2234 4865 in
2282 4810 2648 4865 anterioribus
2696 4807 2962 4879 pedibus;
3007 4809 3196 4863 ultima
3229 4822 3350 4878 quae
3377 4807 3432 4862 in

1878 4909 2218 4957 extremitate
2280 4903 2484 4956 caudae.
2538 4900 2581 4954 E
2629 4901 2801 4956 stellis
2857 4901 3085 4971 reliquis
3133 4900 3433 4954 culminant

1878 4993 2056 5057 initio,
2085 4993 2141 5046 in
2172 4990 2324 5046 Ursae
2350 4992 2632 5056 laterculo,
2652 5005 2773 5061 qua:
2798 4990 2854 5044 in
2880 4990 3123 5046 humeris
3152 4990 3295 5044 illius
3324 4996 3430 5049 est,

1882 5091 1937 5137 et
1974 5098 2095 5152 quae
2137 5082 2194 5137 in
2234 5092 2480 5138 extrema
2511 5083 2685 5137 cauda
2711 5082 2987 5145 Draconis,
3018 5082 3146 5136 item
3177 5094 3272 5135 cor
3300 5077 3434 5133 Leo-

1880 5172 1988 5239 nis,
2018 5181 2070 5227 et
2098 5188 2303 5240 earum,
2330 5188 2450 5243 quae
2478 5172 2531 5227 in
2560 5172 2722 5226 Navis
2748 5172 3109 5232 abscissione,
3140 5169 3431 5231 borealior,

1881 5263 2101 5332 paulum
2139 5263 2466 5319 antecedens
2502 5263 2897 5328 meridianum;
2936 5268 3212 5331 postremo
3238 5259 3432 5313 culmi-

1883 5363 2014 5408 nant
2073 5354 2268 5411 Leonis
2293 5370 2388 5425 pes
2409 5354 2677 5425 posterior
2724 5361 2779 5408 et
2803 5369 2921 5424 qua:
2950 5354 3005 5408 in
3040 5351 3434 5424 posterioribus

1884 5445 2136 5499 cruribus
2170 5464 2184 5501 :
2227 5445 2353 5500 item
2399 5444 2788 5499 australissima
2828 5457 3013 5498 earum
3053 5455 3175 5512 quae
3212 5447 3338 5497 sunt
3376 5438 3434 5493 in

1884 5535 2001 5591 basi
2034 5535 2295 5593 Crateris.
2324 5536 2537 5593 Occidit
2564 5535 2742 5606 Lepus
2770 5535 2903 5590 hora
2932 5535 2988 5601 1,
3025 5534 3131 5589 20’.

224 5626 458 5687 σκέλεσι,
496 5623 591 5676 καὶ
617 5621 711 5675 τοῦ
746 5623 1031 5693 Κρατῆρος
1073 5626 1102 5677 6
1136 5621 1452 5687 νοτιώτατος
1478 5622 1587 5678 τῶν
1624 5625 1681 5677 ὲν
1714 5626 1780 5696 τῇ
1820 5622 1993 5694 βάσει.
2035 5627 2188 5682 Δύνει
2210 5628 2267 5682 δὲ
2297 5630 2325 5681 6
2356 5628 2578 5695 Λαγωὸς
2610 5629 2666 5681 ὲν
2697 5625 2816 5698 ὥρᾳ
2849 5627 2944 5680 καὶ
2971 5631 3018 5693 γ’
3052 5624 3225 5697 past.

296 5737 339 5771 “
374 5753 464 5809 π).
505 5734 761 5807 χελωνίῳ.
