3950 6266
507 347 648 407 1119

1501 346 1588 402 AD
1626 344 1893 403 EUSEBII
1929 344 2324 403 CllROMCON
2360 347 2716 405 APPENDIX.

3596 353 3731 409 1120

572 461 869 518 Occidente
909 458 1078 523 Cane,
1130 474 1254 515 cum
1302 473 1368 516 eo
1407 459 1691 516 descendit
1741 434 2063 515 zodiacus'a

2196 484 2201 500 ι
2236 458 2344 514 Τοῦ
2386 461 2443 515 δὲ
2473 462 2647 526 Κυνὸς
2678 461 2940 527 δύνοντος,
2979 462 3367 532 συγκαταδύνει
3403 464 3507 536 μὲν
3533 465 3684 536 αύτῷ
3703 468 3732 520 6

506 564 657 625 parte
698 551 864 606 Tauri
905 551 965 605 11
1007 551 1072 606 ad
1109 551 1223 619 29;
1258 551 1523 606 culminat
1569 566 1602 605 a
1646 548 1848 607 Leonis
1881 550 1950 603 17
1994 550 2061 605 ad

505 640 745 712 Virginis
777 640 863 693 11.
906 639 1066 694 Prior
1114 639 1316 696 occidit
1350 639 1530 695 lucida
1566 640 1761 711 pedum
1793 640 2062 710 posterio-

505 747 666 798 rum;
694 732 887 787 ultima
920 747 1070 798 vero,
1107 731 1537 803 splendidarum,
1566 750 1690 805 quae
1719 741 1845 791 sunt
1884 733 1939 789 in
1970 748 2062 790 ca-

504 824 635 894 pite,
660 824 1088 890 australissima;
1115 824 1394 880 stellarum
1417 833 1735 881 caeterarum
1759 825 2060 879 culminant

504 916 682 980 initio,
717 915 1040 970 antecedens
1056 929 1399 986 earum,quae
1417 916 1470 970 in
1497 916 1887 987 posterioribus
1910 914 2062 973 Ursae

505 1007 732 1077 pedibus
757 1047 772 1073 ,
822 1014 877 1062 et
920 1021 1042 1077 quae
1090 1006 1143 1061 in
1188 1008 1387 1063 lumbis
1426 1007 1623 1064 Leonis
1667 1028 1679 1063 :
1716 1008 1920 1063 ultima:
1954 1009 2065 1064 cul-

503 1097 733 1164 minant,
768 1113 831 1153 ea
879 1113 1000 1169 quae
1048 1098 1104 1153 in
1153 1099 1385 1169 pedibus
1426 1098 1629 1167 Corvi,
1668 1108 1721 1157 et
1768 1101 2062 1157 australior

504 1188 765 1244 humerus
793 1187 1033 1261 Virginis
1053 1231 1068 1256 ,
1100 1191 1239 1245 citra
1282 1191 1643 1246 meridianum
1678 1192 1818 1249 situs
1847 1193 2060 1251 duabus

503 1278 618 1336 fere
637 1280 808 1336 cubiti
839 1283 1105 1352 partibus.
1136 1281 1347 1339 Occidit
1368 1281 1533 1341 Canis
1555 1281 1896 1355 sesquihora.

571 1536 708 1590 Cum
744 1535 1022 1610 Procyone
1049 1540 1326 1597 descendit
1355 1543 1612 1601 zodiacus
1645 1560 1675 1599 a
1706 1544 2057 1604 Geminorum

502 1634 656 1694 parte
704 1627 771 1683 15
794 1630 862 1684 ad
908 1630 1009 1697 18;
1051 1634 1313 1690 culminat
1360 1637 1431 1693 ab
1477 1638 1633 1695 initio
1676 1638 1852 1696 Libra:
1889 1641 1959 1696 ad
2000 1641 2056 1698 4.

2163 549 2422 615 ζωδιακὸς
2453 552 2562 606 ἀπὸ
2605 552 2816 624 Ταύρου
2849 554 2957 624 μοί.
3008 560 3076 607 ια’
3115 554 3232 622 ίὲως
3261 554 3479 627 Ταύρου
3527 557 3643 628 μοί.
3689 557 3730 611 θ’

2161 642 2256 695 καὶ
2278 648 2325 696 κ’
2351 659 2364 672 ·
2399 645 2719 716 μεσουρανεί
2738 643 2797 697 δὲ
2820 645 2928 698 ἀπὸ
2952 645 3179 708 Λέοντος
3208 643 3317 716 μοι.
3347 645 3413 711 ιζ’
3447 645 3558 711 ἕως
3584 648 3732 720 Παρ-

2162 731 2316 787 θένου
2355 742 2440 789 ια’.
2470 736 2581 789 Καὶ
2608 742 2656 789 α’
2687 737 2784 806 μὲν
2815 735 2987 808 ἀστὴρ
3016 736 3158 790 δύνει
3182 737 3211 789 6
3238 738 3295 790 ὲν
3323 740 3437 802 τοῖς
3462 738 3733 805 ὀπισθίοις

2162 822 2288 876 ποσὶ
2328 823 2597 894 λαμπρὸς,
2649 824 2873 895 ἔσχατος
2902 823 2958 876 δὲ
2984 826 3013 877 6
3045 824 3363 890 νπιώτατος
3410 826 3523 880 τῶν
3559 829 3622 880 ἐν
3666 832 3730 899 τῇ

2161 911 2369 983 κεφαλῇ
2397 901 2664 982 ὲκςῖανῶν.
2698 912 3104 986 Μεσουρανοῦσι
3134 915 3192 969 δὲ
3220 914 3330 968 τῶν
3364 915 3542 971 ἄλλων
3571 918 3733 971 ἀστέ-

2165 990 2271 1075 ρων
2290 1004 2348 1056 ὲν
2376 1003 2475 1075 μὲν
2504 1007 2568 1076 τῇ
2597 1005 2735 1078 ἀρχῇ
2764 1006 2861 1077 τῆς
2887 1022 2947 1058 τε
2976 1006 3213 1078 Ἀρκτου
3233 1008 3261 1060 6
3290 1005 3600 1079 ἡγούμενος
3625 1008 3735 1062 τῶν

2160 1095 2220 1150 ὲν
2251 1097 2363 1160 τοῖς
2394 1096 2659 1161 ὀπισθίοις
2708 1098 2851 1163 ποσὶ,
2884 1097 2979 1152 καὶ
3023 1097 3117 1151 τοῦ
3168 1099 3397 1164 Λέοντος
3428 1101 3460 1154 6
3492 1101 3590 1154 ἐπὶ
3634 1103 3737 1172 τῆς

2160 1185 2382 1256 ὀσφύος·
2411 1186 2626 1258 ἔσχατοι
2671 1186 2727 1242 δὲ
2768 1188 3155 1261 μεσουρανοῦσι
3200 1189 3295 1245 τοῦ
3327 1209 3391 1246 τε
3421 1194 3675 1263 Κόρακος
3701 1202 3732 1256 ὁ

2160 1278 2218 1331 ὲν
2244 1281 2358 1343 τοῖς
2385 1284 2532 1346 ποσὶ,
2576 1281 2671 1335 καὶ
2704 1280 2802 1352 τῆς
2851 1280 3128 1353 Παρθένου
3163 1283 3192 1336 6
3215 1280 3538 1354 νοτιώτερος
3563 1277 3734 1358 ὦμος,

2160 1367 2579 1441 ὑπολειπόμενος
2610 1371 2704 1425 τοῦ
2744 1372 3114 1445 μεσημϐρινοῦ
3146 1373 3220 1438 ὡς
3250 1373 3294 1445 β’
3320 1374 3464 1447 μέρη
3492 1374 3734 1446 πήχεως.

2159 1459 2313 1513 Δύνει
2339 1460 2394 1514 δὲ
2422 1462 2450 1514 6
2479 1460 2639 1516 Κύων
2672 1463 2728 1515 ἐν
2755 1469 2803 1530 γ’
2835 1463 3139 1535 ἠμιωρίοις.

2229 1552 2334 1606 Τοῦ
2358 1553 2413 1607 δὲ
2445 1554 2716 1625 Πρόκυνος
2746 1555 3012 1619 δύνοντος,
3038 1554 3429 1624 συγκαταδύνει
3453 1553 3558 1625 μὲν
3587 1554 3735 1625 αὑτῷ

2157 1641 2187 1694 6
2212 1639 2468 1707 ζωδιακὸς
2500 1644 2608 1697 ἀπὸ
2649 1644 2894 1715 Διδύμων
2929 1644 3038 1716 μοί.
3076 1651 3136 1697 ιε’
3185 1642 3288 1710 ἕως
3320 1644 3576 1715 Διδύμων
3623 1647 3733 1718 μοι.

500 1717 656 1771 Prior
683 1719 882 1774 occidit
913 1722 1090 1788 stella,
1128 1727 1476 1795 antecedens,
1519 1738 1573 1784 et
1607 1730 1828 1801 duplex,
1864 1732 2055 1787 ultima

2169 1740 2229 1804 ιη’
2255 1751 2268 1764 ·
2313 1738 2633 1807 μεσουρανεῖ
2671 1736 2728 1790 δὲ
2771 1735 2878 1791 ἀπὸ
2913 1735 3014 1807 τῆς
3043 1735 3217 1807 ἀρχῆς
3250 1736 3358 1790 τῶν
3390 1736 3595 1809 Χηλῶν
3629 1717 3737 1801 ἕως

502 1809 821 1901 succedens,
854 1819 907 1867 et
945 1813 1145 1871 lucida.
1184 1816 1263 1872 Ex
1294 1819 1419 1874 aliis
1460 1822 1632 1878 stellis
1660 1796 1925 1878 culminat
1956 1823 2061 1879 ini-

2169 1796 2353 1899 Χηλιῦν
2385 1796 2495 1899 μοίί
2522 1829 2584 1883 δ’.
2623 1828 2736 1883 Καὶ
2765 1835 2814 1882 a'
2846 1828 2945 1900 μὲν
3173 1796 3331 1883 ’δύνει
3358 1832 3388 1884 6
3427 1796 3738 1901 ἡγούμενος

501 1900 599 1966 tio,
629 1917 816 1958 earum
846 1921 966 1976 qua:
993 1917 1123 1963 sunt
1152 1909 1207 1964 in
1239 1909 1431 1968 dextro
1462 1913 1645 1969 Bootae
1671 1916 1826 1985 pede,
1860 1916 2058 1982 media,

503 1994 663 2062 paulo
699 1995 837 2050 citra
879 1997 1242 2055 meridianum
1282 2004 1388 2057 sita
1420 2022 1434 2059 :
1464 2015 1519 2060 et
1548 2007 1820 2062 borealior
1848 2022 2057 2074 earum,

500 2100 622 2154 qua:
662 2094 790 2141 sunt
837 2087 892 2142 in
929 2089 1110 2160 capite
1154 2090 1432 2160 Centauri,
1481 2096 1806 2153 semicubito
1843 2101 2063 2155 circiter

503 2178 834 2234 antecedens
864 2181 1222 2237 meridianum
1243 2202 1258 2252 ;
1283 2186 1580 2244 novissime
1601 2189 1923 2258 culminant,
1942 2207 2062 2263 quae

500 2266 556 2321 in
588 2275 833 2324 extrema
868 2280 953 2327 est
984 2269 1136 2328 Ursa:
1161 2274 1354 2338 cauda,
1396 2278 1674 2347 paululum
1719 2282 1855 2336 citra
1905 2282 2064 2337 meri-

499 2358 723 2416 dianum
774 2364 950 2431 posita
977 2405 992 2429 ,
1024 2372 1079 2421 et
1122 2366 1392 2424 borealior
1420 2385 1629 2436 earum,
1671 2389 1794 2444 quae
1836 2383 1963 2431 sunt
2006 2376 2061 2431 in

501 2454 726 2511 sinistro
759 2457 895 2526 pede
924 2457 1107 2513 Bootae
1156 2477 1171 2514 :
1211 2459 1338 2517 item
1363 2477 1485 2532 quae
1515 2463 1570 2518 in
1609 2475 1852 2520 extrema
1893 2465 2060 2537 Hydri

500 2545 694 2611 cauda,
741 2546 1001 2604 Centauri
1045 2566 1262 2625 quoque
1305 2552 1495 2610 dexter
1526 2555 1804 2613 humerus.
1844 2557 2061 2615 Occidit

499 2635 746 2709 Procyon
770 2638 904 2695 hora
930 2642 981 2702 0,
1010 2640 1114 2699 12'.

571 2919 707 2976 Cum
739 2920 884 2993 Argo
909 2921 1273 2981 descendente
1300 2924 1556 2982 zodiacus
1585 2925 1784 2983 occidit
1811 2927 1879 2983 ab
1907 2930 2062 2986 Aries

499 3013 574 3068 tis
607 3021 761 3084 parte
794 3015 861 3070 16
899 3018 967 3072 ad
1002 3016 1355 3075 Geminorum
1392 3020 1456 3077 18
1490 3039 1505 3089 ;
1533 3022 1794 3077 culminat
1822 3025 1890 3080 ab
1919 3024 2062 3079 Can-

2160 1919 2254 1973 καὶ
2279 1919 2514 1986 διπλοῦς,
2536 1919 2758 1991 ἔσχατος
2784 1919 2840 1974 δὲ
2857 1922 2886 1974 6
2909 1919 3171 1991 ἑπόμενος
3194 1921 3285 1974 καὶ
3299 1920 3576 1992 λαμπρός.
3594 1920 3740 1974 Μεσ-

2159 2013 2379 2084 ουρανεῖ
2412 2012 2469 2066 δὲ
2505 2012 2610 2066 τῶν
2657 2011 2829 2066 ἀλλων
2867 2012 3110 2085 ἀστέρων
3144 2014 3201 2067 ὲν
3234 2013 3331 2084 μὲν
3363 2015 3428 2083 τῇ
3462 2014 3613 2083 ἀρχῇ
3643 2011 3737 2065 τοῦ

2160 2102 2371 2157 Βοώτου
2400 2105 2429 2157 6
2487 2103 2648 2174 μέσος
2692 2104 2798 2157 τῶν
2843 2104 2901 2157 ὲν
2927 2101 3003 2174 τῷ
3050 2100 3320 2175 ἀριστερῷ
3346 2102 3493 2168 ποδὶ,
3541 2101 3740 2174 μικρὸν

2163 2196 2583 2266 ὑπολειπόμενος
2610 2195 2702 2250 τοῦ
2744 2194 3136 2268 μεσημϐρινοῦ,
3177 2195 3271 2250 καὶ
3295 2195 3390 2249 τοῦ
3417 2195 3739 2267 Κενταύρου

2159 2289 2188 2341 6
2212 2287 2545 2360 βορειότερος
2570 2287 2677 2341 τῶν
2704 2289 2763 2342 ὲν
2801 2291 2866 2360 τῇ
2886 2286 3119 2360 κεφαλῇ,
3142 2289 3219 2353 ὡς
3256 2290 3561 2360 ἡμιπήχιον
3615 2306 3743 2359 προ-

2160 2378 2458 2450 ηγούμενος
2477 2377 2572 2431 τοῦ
2594 2377 2981 2450 μεσημϐρινοῦ·
3009 2378 3234 2450 ἔσχατον
3256 2377 3312 2431 δὲ
3335 2377 3742 2451 μεσουρανοῦσι

2160 2471 2259 2541 τῆς
2283 2488 2343 2524 τε
2378 2471 2613 2540 ’Ἄρκτου
2646 2471 2674 2524 6
2713 2471 2769 2525 ὲν
2817 2470 2962 2541 ἄκρᾳ
2989 2472 3053 2542 τῇ
3100 2469 3255 2540 οὑρᾷ,
3308 2467 3744 2541 ὑπολειπόμενος

2164 2561 2358 2633 μικρὸν
2385 2561 2479 2615 τοῦ
2519 2559 2913 2633 μεσημϐρινοῦ,
2940 2560 3034 2613 καὶ
3083 2558 3177 2612 τοῦ
3224 2558 3434 2612 Βοώτου
3466 2561 3497 2611 6
3532 2559 3742 2632 βορειό-

2160 2640 2313 2724 τερος
2334 2651 2440 2705 τῶν
2471 2652 2528 2704 ὲν
2556 2650 2634 2722 τῷ
2661 2650 2930 2723 ἀριστερῷ
2958 2651 3098 2717 ποδὶ,
3138 2652 3230 2705 καὶ
3253 2649 3346 2705 τοῦ
3378 2650 3595 2723 ’Υδρου
3626 2653 3656 2707 6
3685 2654 3742 2708 ὲν

2160 2743 2305 2815 ἀκρᾳ
2333 2747 2398 2815 τῇ
2433 2742 2589 2814 οὑρᾷ,
2635 2742 2728 2795 καὶ
2769 2741 2863 2796 τοῦ
2915 2742 3229 2814 Κενταύρου
3271 2745 3300 2797 6
3341 2741 3519 2808 δεξιὸς
3567 2735 3739 2814 ὦμος.

2160 2834 2316 2889 Δύνει
2339 2834 2395 2888 δὲ
2426 2835 2454 2887 6
2493 2833 2754 2906 Προκύων
2780 2834 2840 2889 ὲν
2866 2841 2907 2887 ε’
2938 2833 3093 2905 μέρει
3119 2832 3289 2905 ὧρας.

2229 2926 2339 2997 Τῆς
2372 2925 2428 2978 δὲ
2466 2925 2691 2998 Ἀργοῦς
2722 2924 3000 2998 δυνούσης,
3038 2926 3429 2995 συγκαταδύνει
3471 2927 3574 2999 μὲν
3602 2928 3742 2999 αὑτῇ

2160 3016 2190 3069 6
2214 3013 2473 3081 ζωδιακὸς
2499 3017 2607 3070 ἀπὸ
2632 3013 2802 3088 Κριοῦ
2835 3015 2943 3086 μοί.
2979 3023 3051 3080 ις’
3079 3016 3182 3080 ἓως
3221 3016 3468 3088 Διδύμων
3502 3017 3620 3087 μοί,
3651 3025 3740 3088 ιηι.

503 3105 583 3159 cri
635 3105 705 3159 17
744 3107 812 3163 ad
844 3106 1019 3164 Libra!
1057 3109 1110 3164 5.
1153 3108 1331 3164 Prima
1367 3111 1566 3166 occidit
1608 3113 1962 3183 lucidissima,
2009 3124 2063 3173 et

2169 3109 2486 3179 μεσουρανεῖ
2507 3106 2563 3159 δὲ
2589 3106 2695 3161 ἀπὸ
2712 3105 2982 3178 Καρκίνου
3015 3107 3124 3177 μοί.
3169 3108 3232 3174 ιζ’
3254 3107 3360 3172 ἓως
3386 3108 3588 3178 Χηλῶν

505 3197 902 3254 australissima
930 3204 1138 3263 [earum
1169 3216 1289 3273 quae
1330 3214 1457 3258 sunt
1496 3203 1552 3259 in
1581 3202 1818 3262 Temone
1849 3226 1862 3262 :
1896 3223 2060 3278 quam

504 3289 755 3344 nonnulli
807 3288 1084 3346 Canobum
1149 3293 1457 3361 nominant,
1513 3296 1725 3362 ultima,
1791 3298 2063 3354 borealior

503 3395 714 3444 earum,
750 3397 871 3452 quae
904 3388 1031 3437 sunt
1066 3383 1119 3437 in
1150 3386 1313 3440 malo.
1341 3382 1655 3442 Culminant
1681 3405 1748 3446 ex
1781 3391 1904 3448 aliis
1938 3393 2066 3448 stel-

505 3473 594 3536 lis,
623 3473 777 3529 initio
811 3474 1028 3544 quidem
1058 3477 1353 3533 australior
1384 3479 1820 3538 antecedentium
1850 3499 2063 3551 earum,

504 3579 626 3635 quae
668 3571 796 3620 sunt
840 3565 896 3620 in
939 3564 1137 3624 Leonis
1178 3570 1375 3640 capite,
1425 3572 1749 3635 semicubito
1779 3573 1892 3631 fere
1926 3578 2066 3635 citra

504 3656 865 3711 meridianum
901 3658 1081 3728 posita
1112 3677 1127 3714 :
1160 3668 1214 3715 et
1238 3677 1360 3730 qua:
1399 3663 1455 3717 in
1494 3665 1621 3720 colli
1652 3664 1818 3738 Hydri
1860 3670 2064 3739 radice,

505 3762 710 3818 parva;
765 3749 966 3803 ultima:
1011 3750 1311 3806 culminant
1346 3769 1468 3823 quae
1510 3756 1565 3809 in
1605 3764 1846 3813 extrema
1895 3761 2068 3816 cauda

507 3847 636 3896 sunt
661 3841 880 3910 majoris
907 3840 1056 3898 Ursae
1084 3862 1097 3898 :
1125 3850 1177 3899 et
1193 3845 1466 3901 borealior
1491 3863 1676 3904 earum
1708 3867 1828 3920 qua:
1854 3862 1981 3909 sunt
2012 3855 2068 3910 in

509 3931 733 3986 sinistro
754 3930 889 4000 pede
914 3931 1116 3997 Bootae,
1146 3933 1472 3989 semicubito
1497 3935 1717 3992 circiter
1741 3941 2069 3997 antecedens

506 4023 889 4090 meridianum,
914 4040 1013 4079 nec
1036 4040 1144 4079 non
1166 4041 1285 4096 quae
1305 4025 1358 4079 in
1385 4035 1626 4082 extrema
1655 4028 1821 4100 Hydri
1847 4032 2020 4087 cauda
2052 4049 2065 4085 ε

508 4122 622 4170 tum
668 4114 925 4171 Centauri
978 4116 1168 4173 dexter
1211 4118 1490 4186 humerus,
1540 4122 1818 4192 paululum
1857 4136 2072 4183 antece-

508 4208 643 4267 dens
674 4209 1056 4267 meridianum.
1083 4209 1294 4268 Occidit
1315 4211 1460 4284 Argo
1490 4213 1709 4271 circiter
1732 4216 1882 4273 horis
1912 4218 1967 4274 5.

2162 3205 2220 3252 ε’.
2245 3198 2356 3252 Καὶ
2384 3204 2431 3251 α’
2468 3197 2566 3268 μὲν
2595 3198 2770 3270 ἀστὴρ
2796 3198 2941 3252 δύνει
2967 3200 2995 3251 6
3019 3198 3399 3270 λαμπρότατος
3421 3201 3519 3253 καὶ
3547 3199 3743 3253 νοτιώ-

2159 3308 2319 3354 τατος
2347 3289 2453 3342 τῶν
2478 3291 2535 3342 ὲν
2576 3287 2654 3359 τῷ
2683 3288 2952 3360 Πηδαλίῳ,
2982 3290 3041 3344 ὅν
3088 3307 3230 3353 τινες
3277 3291 3537 3344 Κάνωϐον
3575 3308 3745 3363 προσ-

2162 3381 2547 3452 αγορεύουσιν·
2594 3379 2817 3450 ἔσχατος
2880 3379 2936 3433 δὲ
2973 3381 3002 3432 6
3040 3380 3372 3453 βορειότερος
3414 3379 3527 3433 τῶν
3575 3382 3639 3435 ὲν
3668 3381 3744 3451 τῷ

2167 3472 2316 3542 ἱστῷ.
2348 3473 2756 3543 Μεσουρανοῦσι
2783 3470 2839 3524 δὲ
2858 3470 2965 3524 τῶν
2987 3470 3161 3526 ἄλλων
3182 3471 3424 3544 ἀστέρων
3457 3473 3517 3526 ὲν
3553 3473 3658 3543 μὲν
3678 3476 3743 3544 τῇ

2164 3564 2308 3635 ἀρχῇ
2341 3562 2433 3617 τοῦ
2458 3563 2683 3626 Λέοντος
2716 3562 2824 3616 τῶν
2840 3565 2904 3618 ἐν
2923 3566 2988 3635 τῇ
3015 3563 3221 3635 κεφαλῇ
3243 3565 3270 3617 6
3295 3561 3619 3636 νοτιώτερος
3640 3565 3745 3618 τῶν

2167 3657 2502 3727 ἡγουμένων,
2524 3655 2598 3719 ὼς
2618 3656 2917 3727 ἡμιπήχιον
2955 3655 3377 3727 ὑπολειπόμενος
3411 3656 3510 3711 τοῦ
3536 3674 3747 3728 μεσημ-

2167 3746 2371 3820 ϐρινοῦ,
2408 3748 2501 3801 καὶ
2520 3747 2612 3800 τοῦ
2643 3746 2840 3820 Ὕδρου
2870 3749 2899 3801 6
2933 3747 3070 3818 μετὰ
3086 3747 3183 3820 τὴν
3215 3748 3441 3818 ἔκφυσιν
3472 3746 3572 3802 τοῦ
3608 3766 3747 3816 τρα-

2168 3838 2332 3911 χήλου
2372 3839 2590 3911 μικρός·
2627 3837 2846 3910 ἔσχατοι
2896 3839 2953 3893 δὲ
2994 3839 3380 3911 μεσουρανοῦσι
3417 3840 3521 3910 τῆς
3552 3858 3619 3894 τε
3653 3857 3747 3912 με-

2170 3932 2340 4004 γάλης
2376 3932 2611 4004 Ἄρκτου
2644 3934 2692 3985 οἱ
2727 3933 2783 3986 ὲν
2825 3930 2969 4004 ἄκρᾳ
2991 3936 3057 4004 τῇ
3090 3934 3246 4005 οὐρᾷ,
3273 3933 3366 3986 καὶ
3403 3932 3500 3987 τοῦ
3530 3933 3746 3987 Βοώτου

2172 4024 2201 4078 6
2227 4022 2559 4094 βορειότερος
2594 4022 2703 4078 τῶν
2749 4025 2807 4076 ὲν
2838 4022 2915 4094 τῷ
2957 4024 3225 4096 ἀριστερῷ
3253 4023 3395 4090 ποδὶ,
3434 4025 3514 4089 ὡς
3538 4027 3749 4097 ἡμιπή-

2171 4129 2287 4185 χιον
2326 4113 2732 4186 προηγούμενος
2764 4112 2855 4166 τοῦ
2904 4114 3274 4187 μεσημϐρινοῦ
3297 4115 3389 4169 καί
3416 4114 3514 4168 τοῦ
3544 4116 3747 4188 ’Υδρου

2174 4208 2202 4260 6
2252 4207 2310 4260 ὲν
2357 4206 2500 4278 ἄκρᾳ
2555 4209 2621 4278 τῇ
2667 4206 2832 4279 οὐρᾷ·
2867 4207 2958 4261 καὶ
3010 4205 3103 4261 τοῦ
3142 4206 3448 4280 Κενταύρου
3496 4208 3527 4259 6
3575 4206 3749 4274 δεξιὸς

2175 4291 2344 4368 ὦμος,
2381 4298 2573 4369 μικρὸν
2606 4296 3011 4369 προηγούμενος
3040 4295 3132 4351 τοῦ
3164 4296 3561 4370 μεσημϐρινοῦ.
3593 4298 3747 4352 Δύνει

2175 4389 2230 4444 δὲ
2261 4391 2294 4461 ἡ
2326 4387 2505 4460 Ἀργὼ
2534 4391 2591 4442 ὲν
2616 4388 2786 4461 ὥραις
2804 4395 2844 4442 ε’
2872 4373 2948 4453 ὧς
2972 4387 3212 4458 ἔγγιστα.

1570 4507 1649 4563 De
1679 4518 1797 4563 ortu
1824 4516 1875 4564 et
1913 4525 2104 4566 occasu
2144 4512 2414 4583 signorum
2445 4510 2669 4566 zodiaci.

582 4625 712 4684 Vill.
734 4624 1009 4696 Expositis
1028 4624 1296 4682 hactenus
1312 4624 1401 4691 iis,
1425 4639 1546 4695 quae
1566 4626 1620 4681 in
1632 4625 2065 4698 uniuscujusque

2240 4628 2323 4682 H’.
2354 4626 2506 4680 Ἐπεὶ
2535 4625 2593 4679 δὲ
2633 4626 2741 4680 τῶν
2777 4624 2933 4689 ἐκτὸς
2963 4623 3056 4678 τοῦ
3089 4622 3351 4689 ζωδιακοῦ
3392 4622 3600 4677 κύκλου
3633 4640 3746 4678 κει-

514 4720 709 4776 sideris
767 4726 921 4774 extra
973 4717 1256 4773 zodiacum
1329 4716 1495 4786 positi
1567 4725 1692 4773 ortu
1759 4733 2069 4790 occasuque

514 4810 810 4875 accidunt,
862 4809 1120 4878 deinceps
1171 4806 1459 4864 duodecim
1522 4809 1734 4864 zodiaci
1789 4811 2067 4882 signorum

513 4908 736 4958 coortus
761 4907 816 4955 et
838 4913 1067 4954 occasus
1091 4896 1504 4968 explicabimus.

579 4992 747 5064 Igitur
786 4991 996 5046 oriente
1036 4989 1269 5056 Cancro,
1299 5004 1422 5044 cum
1451 5004 1518 5045 eo
1546 4990 1801 5047 zodiacus
1834 4990 2011 5047 oritur
2039 5006 2071 5047 a

514 5085 866 5142 Geminorum
914 5090 1067 5153 parte
1107 5081 1180 5137 25
1223 5080 1291 5135 ad
1333 5081 1531 5137 Cancri
1577 5082 1682 5151 18;
1743 5084 2003 5138 culminat
2039 5099 2071 5138 a

515 5175 753 5231 Piscium
782 5174 817 5229 ὅ
841 5171 910 5227 ad
937 5170 1139 5228 Arietis
1170 5170 1197 5224 1
1228 5171 1482 5227 mediam.
1505 5170 1666 5226 Prior
1689 5171 1865 5228 oritur
1890 5174 2074 5240 stella,

519 5264 675 5337 137
692 5276 812 5332 quae
832 5263 888 5316 in
910 5269 1153 5317 extrema
1178 5259 1341 5315 borea
1357 5259 1524 5316 Chela
1543 5277 1558 5325 ;
1578 5260 1767 5315 ultima
1787 5276 1934 5326 vero,
1953 5277 2072 5332 qua;

514 5357 571 5411 in
600 5353 941 5411 extremitate
969 5352 1226 5409 australis
1248 5351 1448 5407 Chelas.
1476 5352 1750 5408 Culminat
1789 5369 1919 5410 vero
1944 5357 2074 5411 reli-

517 5448 639 5517 quis
674 5462 706 5501 ο
738 5445 911 5501 stellis
943 5442 1092 5515 prior
1119 5442 1323 5507 lucida,
1349 5458 1472 5513 qua:
1515 5451 1599 5499 est
1627 5444 1685 5499 in
1717 5445 2076 5502 Andromeda:

517 5538 691 5608 capite
724 5554 737 5589 :
769 5535 1065 5592 novissima
1087 5550 1215 5590 vero
1234 5536 1542 5606 praecedens
1562 5536 1862 5592 lucidarum
1886 5537 2072 5604 trium,

517 5644 639 5696 quae
690 5635 821 5683 sunt
875 5629 931 5682 in
984 5627 1185 5682 Arietis
1242 5628 1439 5697 capite,
1488 5636 1543 5683 et
1586 5642 1617 5682 a
1666 5629 1891 5685 meridie
1942 5631 2075 5685 Ceto

522 5718 799 5793 adiacens,
871 5719 1020 5775 circa
1072 5717 1308 5776 medium
1376 5735 1575 5791 corpus
1632 5721 1825 5793 ipsius,
1877 5737 2073 5795 expers

2172 4718 2347 4790 μένων
2373 4716 2619 4789 ἀστέρων
2651 4715 3067 4788 ἀποδεδώκαμεν
3106 4715 3177 4769 τά
3214 4714 3587 4786 συμϐαίνοντα
3622 4715 3745 4788 περὶ

2172 4810 2270 4882 τὴν
2300 4808 2528 4863 ἑκάστου
2559 4807 2738 4862 αὐτῶν
2764 4806 3026 4877 ἀνατολήν
3049 4807 3106 4860 τε
3124 4806 3216 4860 καὶ
3241 4805 3412 4869 δύσιν,
3445 4804 3581 4876 ἑξῆς
3605 4809 3743 4861 ἀπο-

2168 4898 2412 4970 δώσομεν
2441 4898 2539 4961 τὰς
2570 4897 2749 4959 αὐτῶν
2791 4898 2900 4952 τῶν
2944 4897 3009 4967 ιβ¹
3037 4896 3241 4960 ζωδίων
3279 4896 3653 4961 συνανατολάς
3686 4913 3742 4950 τε

2171 4989 2266 5043 καὶ
2297 4988 2742 5058 συγκαταδύσεις.

2242 5081 2349 5135 Τοῦ
2382 5082 2480 5153 μὲν
2507 5077 2598 5136 οὖν
2626 5081 2902 5153 Καρκίνου
2930 5078 3331 5142 ἀνατέλλοντος,
3363 5078 3741 5133 ωνανατέλλει

2175 5173 2274 5246 μὲν
2300 5173 2448 5244 αὑτῷ
2497 5175 2526 5227 6
2569 5172 2828 5238 ζωδιακὸς
2871 5170 2980 5225 ἀπὸ
3022 5170 3264 5240 Διδύμων
3312 5176 3361 5237 γ’
3398 5170 3497 5222 καὶ
3548 5177 3599 5223 κ’
3632 5170 3737 5241 μοί.

2170 5266 2274 5330 ἕως
2314 5265 2587 5337 Καρκίνου
2624 5271 2714 5335 ιη’·
2750 5264 3072 5334 μεσουρανεϊ
3088 5262 3145 5315 δὲ
3173 5260 3282 5315 ἀπὸ
3316 5259 3539 5331 Ἰχθύων
3563 5268 3608 5314 ε’
3640 5261 3741 5324 ἕως

2172 5356 2344 5429 Κριοῦ
2388 5364 2436 5410 α’
2482 5357 2670 5426 μέσης.
2716 5356 2825 5409 Καὶ
2862 5361 2910 5407 α’
2957 5354 3053 5425 μὲν
3097 5351 3270 5423 ἀστὴρ
3313 5351 3597 5407 ἀνατέλλει
3629 5352 3659 5403 6
3686 5353 3742 5403 ἑν

2172 5449 2316 5519 ἄκρᾳ
2344 5449 2409 5520 τῇ
2454 5447 2647 5519 βορείῳ
2669 5446 2843 5521 Χηλῇ,
2874 5445 3097 5515 ἔσχατος
3135 5443 3193 5496 δὲ
3223 5446 3252 5497 6
3286 5444 3345 5496 ὲν
3381 5441 3529 5512 ἄκρᾳ
3555 5443 3626 5509 τῇ
3658 5457 3740 5492 νο-

2176 5537 2267 5610 τίᾳ
2301 5537 2472 5609 Χηλῇ.
2509 5537 2845 5607 Μεσουρανεῖ
2871 5535 2929 5589 δὲ
2952 5535 3060 5591 τῶν
3092 5534 3262 5590 ἄλλων
3289 5531 3540 5604 ἀστέρων
3560 5538 3611 5584 α’
3644 5530 3740 5601 μὲν

2175 5631 2205 5684 6
2234 5633 2292 5686 ὲν
2317 5634 2382 5703 τῇ
2413 5630 2618 5701 κεφαλῇ
2674 5632 2771 5702 τῆς
2804 5629 3151 5703 Ἀνδρομέδας
3189 5625 3472 5698 λαμπρὸς,
3513 5623 3739 5695 ἔσχατος

2175 5723 2230 5778 δὲ
2259 5722 2352 5777 τοῦ
2393 5741 2451 5777 τε
2496 5721 2665 5796 Κριοῦ
2715 5723 2823 5777 τῶν
2874 5724 2931 5780 ὲν
2971 5725 3038 5796 τῇ
3084 5719 3287 5791 κεφαλῇ
3322 5724 3368 5788 γ’
3413 5716 3681 5790 λαμπρῶν
3706 5711 3738 5770 ὑ
