3950 6266
149 366 270 426 1121

1128 354 1499 413 lllPPARCHl
1536 355 1627 411 AD
1663 354 2112 413 ΡΗᾹΞΝΟΜΕΝΑ
2149 356 2275 413 LIB.
2316 356 2403 415 III.

3264 351 3405 415 1122

150 485 462 558 ἡγούμενος,
518 479 615 535 καὶ
655 481 731 544 ὡς
777 478 913 551 πρὸς
953 476 1300 549 μεσημϐρίαν
1342 476 1590 548 κείμενος
1630 477 1722 531 τοῦ

1848 477 2086 542 nominis,
2119 488 2171 534 et
2206 477 2386 534 lucida
2420 498 2433 533 :
2470 480 2595 535 item
2637 478 2927 536 australior
2963 476 3399 544 succedentium,

150 577 371 649 Κὴτους,
399 570 549 626 κατά
583 571 745 642 μέσον
783 569 946 624 αὑτοῦ
974 569 1035 623 τὸ
1069 568 1247 640 σῶμα,
1289 569 1727 641 ἀκατονόμαστος

151 670 238 726 καὶ
265 665 522 738 λαμπρός
542 681 558 695 ο
584 664 678 719 καὶ
720 663 830 717 τῶν
879 663 938 717 έν
970 661 1047 733 τῷ
1075 661 1464 735 τετραπλεύρῳ
1490 661 1583 715 τοῦ
1612 664 1728 734 Κή-

152 776 265 823 τους
287 760 317 812 6
342 754 669 826 νοτιώτερος
698 753 806 809 τῶν
845 752 1154 824 ἑπομένων
1181 751 1276 806 κα)⁵
1306 753 1407 824 τῆς
1448 751 1729 824 Ἀνδρομέ-

1832 587 1952 643 qua:
1979 573 2034 628 in
2064 573 2329 630 laterculo
2375 573 2536 629 Ceti:
2586 588 2688 630 nec
2725 589 2834 628 non
2880 589 2977 644 pes
3019 572 3245 629 sinister
3291 571 3404 626 An-

1831 664 2117 729 dromedae.
2146 666 2427 736 paululum
2455 665 2591 720 citra
2633 666 2992 722 meridianum
3024 667 3183 722 situs.
3214 662 3404 720 Oritur

1832 753 2044 810 Cancer
2072 755 2207 811 hora
2238 755 2291 820 1,
2318 763 2371 811 et
2394 753 2464 810 24
2492 763 2669 826 parte.

152 856 237 920 δας
277 856 307 908 6
345 851 642 925 ἀριστερὸς
674 848 857 914 ποῦς,
914 848 1107 920 μικρὸν
1163 847 1585 919 ὑπολειπόμενος
1619 847 1715 902 τοῦ
1758 850 2152 923 μεσημϐρινοῦ.
2197 851 2498 905 Ἀνατέλλει
2529 852 2585 905 δὲ
2620 854 2648 905 6
2675 850 2949 923 Καρκίνος
2971 850 3030 903 έν
3054 848 3173 923 ὥρᾳ
3200 846 3271 916 α’,
3310 848 3404 903 κα)⁵

154 956 196 1005 κ’
214 951 306 1003 παλ⁸
326 947 370 1001 δ’
408 945 593 1018 μέρει.

219 1042 385 1095 Ὅταν
414 1039 474 1092 δὲ
497 1040 528 1093 6
555 1037 706 1093 Λέων
739 1035 1025 1109 ἀνατέλλῃ,
1056 1034 1433 1090 συνανατέλλει
1459 1034 1556 1106 μὲν
1580 1034 1730 1105 αὐτῷ

155 1137 181 1189 6
200 1131 459 1199 ζωδιακὸς
487 1132 601 1186 ἀπὸ
633 1131 911 1202 Καρκίνου
952 1130 1065 1201 μοί.
1092 1134 1141 1199 η’
1172 1127 1345 1200 μέσης
1369 1127 1475 1192 ἓως
1502 1127 1732 1190 Λέοντος

162 1227 218 1282 ιθ⁹
248 1224 415 1298 μέσης
433 1241 448 1256 ·
488 1226 815 1296 μεσουρανεῖ
839 1223 897 1276 δὲ
923 1221 1030 1276 ἀπὸ
1064 1219 1283 1291 Ἰχθύων
1310 1226 1360 1273 κ’
1381 1221 1486 1283 ἕως
1518 1219 1732 1291 Ταύρου

162 1316 219 1387 ιβ’
249 1315 438 1388 μέσης.
474 1315 592 1368 Καὶ
622 1320 669 1368 α’
708 1312 807 1386 μὲν
848 1312 1023 1384 ἀστὴρ
1061 1310 1337 1365 ἀνατέλλει
1381 1310 1488 1365 τῶν
1533 1311 1625 1364 έπὶ
1664 1312 1732 1382 τῇ

1896 1032 2032 1088 Cum
2059 1033 2242 1091 Leone
2283 1035 2605 1092 conscendit
2635 1035 2891 1091 zodiacus
2940 1051 2972 1091 a
3017 1035 3217 1091 Cancri
3250 1043 3405 1108 parte

1836 1125 1869 1180 8
1924 1125 2104 1181 media
2150 1127 2218 1183 ad
2253 1127 2453 1184 Leonis
2497 1128 2563 1184 19
2614 1129 2891 1195 mediam;
2939 1129 3201 1184 culminat
3241 1143 3271 1182 a
3314 1126 3407 1182 Pi-

1830 1216 2006 1272 scium
2048 1217 2121 1273 20
2153 1217 2220 1272 ad
2268 1217 2435 1274 Tauri
2467 1219 2534 1272 12
2571 1219 2825 1274 mediam.
2878 1218 3033 1274 Prior
3079 1220 3236 1274 stella
3273 1233 3408 1273 con-

1832 1311 2007 1379 surgit
2041 1311 2499 1380 antecedentium,
2531 1326 2653 1382 quae
2707 1319 2837 1365 sunt
2888 1310 2941 1365 in
2982 1310 3182 1381 capite,
3218 1310 3408 1365 borea-

162 1411 354 1481 κεφαλῇ
384 1410 414 1463 6
467 1408 809 1480 βορειότερος
859 1406 968 1460 τῶν
1011 1406 1352 1478 ἡγουμένων,
1399 1404 1624 1476 ἔσχατος
1671 1404 1730 1458 66

1854 1403 1969 1468 ior;
1999 1410 2276 1473 postrema
2305 1420 2435 1461 vero
2467 1420 2655 1460 earum
2681 1418 2802 1475 quae
2835 1411 2965 1461 sunt
2996 1404 3053 1458 in
3086 1402 3407 1473 posteriori-

162 1504 258 1560 τῶν
280 1506 337 1557 έν
356 1504 473 1567 τοῖς
499 1501 771 1565 ὀπισθίοις
795 1501 943 1556 ποσί.
977 1502 1320 1573 Μεσουρανεῖ
1344 1499 1400 1553 66
1424 1499 1530 1552 τῶν
1557 1498 1732 1554 ἄλλων

1848 1511 1935 1551 ωε
1958 1497 2188 1565 pedibus
2221 1535 2234 1549 .
2273 1536 2288 1551 .
2323 1540 2337 1552 .
2379 1538 2393 1552 .
2428 1497 2510 1551 Ex
2545 1497 2669 1554 aliis
2702 1498 2878 1554 stellis
2905 1498 3172 1552 culminat
3227 1497 3407 1570 prima

163 1597 394 1668 ἀστέρων
452 1592 502 1649 α’
561 1594 662 1665 μέν
718 1594 816 1666 τῆς
866 1611 925 1647 τε
976 1593 1333 1665 Ἀνδρομέδας
1387 1594 1416 1646 6
1467 1592 1733 1662 ἑπόμενος

1848 1589 2137 1646 succedens
2180 1605 2390 1658 earum,
2427 1606 2547 1661 quae
2589 1598 2719 1646 sunt
2747 1592 2801 1645 in
2840 1590 3200 1645 Andromeda:
3233 1605 3404 1656 zona,

163 1689 257 1743 τῶν
279 1689 336 1742 6v
367 1689 434 1759 τῇ
467 1683 640 1759 ζώνῃ,
670 1687 763 1741 καλ⁵
788 1685 884 1739 τοῦ
931 1688 989 1740 ὲν
1020 1685 1098 1757 τῷ
1126 1686 1300 1758 Κὴτει
1326 1682 1731 1756 τετραπλεύρου

163 1784 189 1835 6
226 1777 557 1851 βορειότερος
606 1777 718 1831 τῶν
777 1777 1089 1848 ἑπομένων·
1132 1776 1357 1847 έσχατος
1407 1775 1463 1829 δὲ
1515 1775 1626 1830 τῶν
1672 1791 1732 1826 τε

1835 1688 1889 1735 et
1922 1682 2194 1737 borealior
2226 1683 2633 1739 succedentium
2666 1683 2722 1738 in
2752 1682 2872 1739 Ceti
2894 1682 3190 1751 laterculo;
3217 1682 3408 1737 ultima

1836 1788 1984 1837 vero,
2033 1773 2374 1830 lucidissima
2427 1772 2788 1839 Sucularum,
2837 1781 2885 1830 cl
2925 1789 3045 1845 quae
3087 1774 3143 1827 in
3192 1772 3409 1843 Auriga

174 1871 364 1949 '1‘ng
408 1872 436 1924 6
468 1869 885 1941 λαμπρότατος
921 1868 1016 1923 καὶ
1052 1867 1145 1921 τοῦ
1185 1868 1427 1937 Ἡνιόχου
1484 1869 1512 1921 6
1555 1869 1613 1921 ὲν
1650 1866 1728 1937 τῷ

1848 1863 2049 1919 sinistri
2093 1863 2263 1919 cubiti
2291 1862 2456 1929 ﬂexu,
2502 1864 2661 1936 quasi
2704 1863 3026 1919 semicubito
3059 1864 3193 1918 citra
3244 1861 3409 1917 meri-

168 1961 422 2035 ἀριστερῷ
465 1960 703 2030 ἀγκῶνι,
736 1960 813 2024 ὡς
855 1961 1152 2032 ἡμιπὴχιον
1186 1958 1610 2030 ὑπολειπόμενος
1640 1957 1732 2011 τοῦ

168 2053 547 2126 μεσημϐρινοῦ.
587 2052 891 2107 Ἀνατέλλει
926 2052 983 2107 66
1012 2054 1041 2106 6
1069 2052 1221 2108 Λέων
1254 2051 1312 2106 έν
1345 2051 1515 2124 ὥραις
1558 2057 1607 2121 γ’
1639 2050 1735 2105 καὶ

166 2146 201 2200 δ’
234 2145 398 2217 μέρει.

225 2238 331 2309 Τῆς
355 2238 411 2290 δὲ
444 2236 729 2308 Παρθένου
771 2234 1187 2308 ἀνατελλούσης,
1224 2235 1603 2292 συνανατέλλει
1634 2236 1737 2308 μὲν

171 2330 293 2400 αὐτῇ
320 2329 348 2382 6
368 2324 639 2392 ζωδιακὸς
672 2326 780 2381 ἀπὸ
815 2327 1043 2390 Λέοντος
1078 2327 1188 2398 μοί.
1221 2327 1266 2398 β’
1294 2327 1388 2382 καὶ
1417 2333 1465 2381 κ’
1493 2327 1598 2391 ἓως
1625 2328 1738 2399 Χη-

166 2420 262 2473 λῶν
288 2427 366 2490 ηὐ
395 2421 727 2491 μεσουρανεῖ
751 2418 807 2472 δὲ
833 2418 941 2471 ἀπὸ
966 2418 1178 2489 Ταύρου
1209 2420 1319 2491 μοί.
1345 2425 1403 2474 ιε’
1438 2420 1608 2491 μέσης
1635 2419 1739 2483 ἕως

171 2513 424 2586 Καρκίνου
457 2512 522 2567 θ’.
566 2511 678 2565 Καὶ
714 2517 762 2564 α’
796 2510 895 2582 μὲν
925 2510 1102 2582 ἀστὴρ
1129 2511 1406 2566 ἀνατέλλει
1446 2510 1554 2565 τῶν
1586 2513 1643 2565 ὲν
1668 2514 1734 2582 τῇ

170 2605 357 2679 κεφαλῇ
387 2607 416 2658 6
451 2603 797 2677 βορειότερος
842 2601 937 2655 τοῦ
984 2600 1310 2674 ἡγουμένου,
1356 2602 1582 2673 ἔσχατος
1618 2603 1675 2656 δὲ
1707 2603 1737 2655 6

172 2700 221 2752 έν
249 2698 321 2767 τῷ
345 2696 501 2768 δεξιῷ
535 2696 683 2750 ποδί.
716 2695 1057 2766 Μεσουρανεὶ⁹
1095 2694 1152 2747 δὲ
1192 2693 1302 2747 τῶν
1344 2692 1518 2748 ἄλλων
1547 2700 1597 2748 α’
1637 2694 1736 2765 μὲν

170 2790 253 2844 τοῦ
282 2791 519 2861 Ἦνιόχου
563 2790 593 2842 6
631 2787 725 2841 ἐπὶ
775 2784 869 2839 τοῦ
920 2785 1210 2858 ἀριστεροῦ
1264 2783 1414 2857 ὤμου
1463 2784 1734 2857 λαμπρὸς,

173 2881 375 2951 ίσχατος
403 2880 459 2934 δὲ
480 2879 590 2951 τῆς
611 2895 673 2931 τε
717 2875 944 2949 Ἀργοῦς
972 2879 1000 2930 6
1036 2878 1093 2931 6v
1133 2874 1211 2947 τῷ
1236 2875 1569 2947 ἀκροστολίῳ
1595 2874 1728 2947 λαμ-

174 2974 322 3046 πρόςσ
356 2975 448 3028 καὶ
482 2971 590 3026 τοῦ
618 2971 821 3043 ’Ὑδρου
853 2973 882 3024 6
914 2969 1250 3042 βορειότερος
1289 2967 1400 3022 τῶν
1431 2969 1489 3023 έν
1517 2968 1594 3038 τῷ
1637 2968 1734 3039 χά-

176 3083 342 3139 σματι,
367 3054 822 3137 ὑπολειπόμενος⁹
847 3062 942 3117 τοῦ
993 3062 1365 3135 μεσημὸρινοῦ
1405 3063 1480 3126 ὡς
1521 3062 1731 3133 ἡμιπὴ-

174 3175 293 3230 χιον.
336 3157 648 3213 Ἀνατέλλει
675 3156 732 3210 δὲ
768 3157 802 3228 ἡ
844 3155 1122 3229 Παρθένος
1145 3158 1202 3209 ὲν
1228 3155 1398 3229 ὥραις
1421 3162 1470 3227 γ’
1493 3156 1588 3210 καὶ
1615 3156 1735 3210 τέσ-
1763 3154 1805 3215 C

174 3267 319 3323 σαρσι
342 3248 810 3323 πεμπτημορίοις.

236 3344 305 3397 Θν.
333 3344 496 3399 Ὅταν
546 3342 606 3398 66
643 3343 700 3396 αἱ
733 3339 911 3411 Χηλαὶ
958 3339 1316 3408 ἀνατέλλωσι,
1364 3338 1737 3394 συνανατέλλει

182 3433 270 3504 μὲν
315 3433 499 3498 αὐταῖς
541 3433 573 3485 6
632 3429 896 3495 ζωδιακὸς
957 3430 1063 3483 ἀπὸ
1112 3428 1307 3500 Χηλῶν
1354 3430 1465 3501 μοί.
1518 3427 1592 3495 ις’
1633 3430 1740 3492 ἕως

182 3525 426 3596 Σκορπίου
461 3524 574 3597 μοί.
613 3527 715 3589 ις¹⁶
748 3523 1073 3594 μεσουρανεῖ
1114 3520 1172 3573 δὲ
1218 3520 1327 3575 ἀπὸ
1363 3520 1639 3592 Καρκίνου
1670 3526 1737 3592 ιη’

180 3614 273 3680 ἕως
295 3616 515 3681 Λέοντος
548 3621 639 3670 ια’.
669 3614 778 3667 Καὶ
798 3612 848 3666 α’
873 3613 971 3684 μὲν
998 3603 1170 3683 ἀστὴρ
1195 3611 1474 3666 ἀνατέλλει
1506 3614 1535 3665 6
1557 3610 1741 3666 νοτιώ-

180 3723 320 3779 τερος
341 3708 446 3763 τῶν
486 3709 546 3762 ὲν
578 3707 777 3778 ἄκραις
820 3707 941 3768 ταῖς
969 3704 1176 3776 Χηλαῖς
1211 3703 1482 3776 λαμπρὸς,
1514 3703 1740 3775 ἔσχατος

181 3798 229 3852 δὲ
257 3802 285 3854 6
311 3800 631 3863 νοτιώτατος
675 3798 786 3852 τῶν
823 3798 881 3852 ἐν
926 3796 1004 3869 τῷ
1035 3794 1271 3868 μετώπῳ
1313 3796 1406 3850 τοῦ
1444 3797 1737 3868 Σκορπίου.

183 3892 496 3965 Μεσουρανεί
527 3892 587 3947 δὲ
610 3889 720 3944 τῶν
752 3888 927 3945 ἄλλων
966 3887 1211 3959 ἀστέρων
1236 3894 1285 3943 α’
1320 3887 1419 3960 μὲν
1448 3888 1557 3944 τῶν
1585 3891 1643 3945 έν
1672 3893 1738 3963 τῇ

184 3985 374 4058 κεφαλῇ
404 3984 499 4039 τοῦ
551 3983 779 4048 Λέοντος
826 3984 856 4037 6
896 3980 1214 4055 νοτιώτερος
1251 3981 1359 4037 τῶν
1399 3983 1738 4055 ἡγουμένων,

185 4074 383 4147 καὶτῆς
416 4075 646 4149 ’Δργοῦς
668 4076 697 4127 6
719 4073 1055 4147 βορειότερος
1073 4072 1180 4127 τῶν
1209 4075 1265 4126 6v
1289 4073 1438 4145 μέσῳ
1470 4074 1548 4145 τῷ
1573 4075 1702 4147 ἱστῷ
1723 4093 1736 4106 ·

186 4164 389 4236 ἔσχατος
417 4166 475 4220 δὲ
505 4165 602 4220 τοῦ
628 4164 857 4226 Λέοντος
875 4164 904 4216 6
931 4160 1196 4232 ἑπόμενος
1228 4160 1337 4214 τῶν
1368 4162 1427 4215 6v
1475 4160 1552 4232 τῷ
1587 4160 1743 4234 νώτῳ

188 4256 226 4327 β’
244 4259 496 4332 ἀστέρων.
543 4256 918 4312 Ἀνατέλλουσι
942 4255 1000 4309 δὲ
1031 4256 1088 4308 αί
1125 4253 1301 4325 Χηλαὶ
1336 4257 1394 4309 ὲν
1427 4254 1547 4328 ὥρᾳ
1572 4257 1621 4310 α’
1648 4258 1742 4313 καὶ

187 4354 229 4417 γ’
265 4367 481 4423 πεμπτη
491 4349 720 4422 μορίοις.

247 4438 345 4492 Τοῦ
388 4440 444 4494 66
493 4441 764 4512 Σκορπίου
808 4437 1202 4507 ἀνατέλλοντος,
1229 4438 1604 4494 συνανατέλλει
1644 4440 1741 4511 μὲν

1836 1956 2059 2011 dianum
2092 1957 2291 2029 posita.
2322 1955 2511 2013 Oritur
2537 1954 2646 2012 Leo
2682 1955 2833 2033 horis
2863 1955 2917 2021 5,
2952 1955 3052 2011 15’.
3104 1974 3105 1977 η

1907 2237 2044 2293 Cum
2075 2237 2303 2310 Virgine
2324 2238 2535 2295 zodiaci
2566 2255 2697 2311 pars
2726 2239 2923 2306 oritur,
2956 2255 3078 2311 qua:
3099 2247 3185 2297 est
3211 2256 3241 2295 a
3269 2239 3409 2297 Leo-

1838 2330 1925 2386 nis
1970 2329 2041 2384 22
2083 2330 2151 2385 ad
2198 2330 2376 2386 Libra:
2420 2332 2482 2397 8;
2527 2319 2793 2387 culminat
2844 2347 2875 2387 a
2922 2332 3100 2388 media
3146 2339 3301 2403 parte
3342 2333 3412 2389 i5

1840 2419 2007 2475 Tauri
2043 2421 2110 2475 ad
2158 2420 2190 2476 9
2238 2420 2456 2476 Cancri.
2499 2421 2680 2477 Prima
2730 2423 2906 2478 oritur
2956 2438 3166 2491 earum,
3194 2440 3315 2496 quae
3352 2426 3411 2480 in

1838 2513 2017 2582 capite
2041 2523 2188 2578 sunt,
2234 2514 2587 2569 antecedente
2625 2515 2930 2581 borcalior;
2960 2525 3256 2586 postrema,
3289 2532 3413 2588 quae

1837 2610 1921 2657 est
1958 2601 2015 2656 in
2052 2601 2245 2659 dextro
2275 2604 2429 2675 pede.
2464 2604 2742 2659 Culminat
2775 2615 3093 2661 caeterarum
3117 2607 3287 2677 prior,
3323 2609 3409 2662 lu-

1838 2695 1982 2758 cida,
2011 2710 2133 2765 qua:
2156 2696 2208 2749 in
2241 2696 2470 2751 sinistro
2495 2696 2725 2752 humero
2754 2706 2838 2754 est
2865 2698 3100 2770 Aurigae.
3130 2699 3412 2756 Postrema

1846 2800 1995 2853 vero,
2031 2787 2233 2853 lucida,
2264 2803 2387 2859 quae
2410 2794 2495 2844 est
2524 2787 2579 2843 in
2613 2792 2959 2846 extremitate
2986 2789 3191 2859 Navis;
3231 2797 3285 2847 et
3317 2791 3413 2846 bo-

1835 2878 2036 2933 realior
2064 2892 2278 2945 earum,
2315 2895 2439 2951 quae
2471 2880 2527 2934 in
2571 2882 2715 2935 rictu
2746 2888 2876 2937 sunt
2904 2880 3095 2953 Hydri,
3131 2881 3413 2952 quasi-se-

1837 2971 2101 3026 micubito
2127 2971 2268 3027 citra
2311 2974 2679 3029 meridianum
2727 2975 2851 3031 sita.
2896 2973 3086 3031 Oritur
3110 2974 3277 3048 Virgo
3308 2975 3413 3031 lio-

1834 3063 1913 3118 ris
1939 3064 1991 3128 3,
2024 3063 2129 3119 48'.

1908 3329 2000 3384 lx.
2039 3329 2269 3398 Quando
2299 3332 2482 3389 Chelze
2532 3334 2809 3398 oriuntur,
2857 3348 2981 3388 cum
3030 3332 3118 3389 his
3167 3334 3415 3390 ascendit

1839 3422 2097 3479 zodiacus
2126 3439 2156 3478 a
2188 3423 2483 3480 Clielarum
2525 3434 2682 3496 parte
2708 3423 2774 3479 16
2805 3424 2873 3479 ad
2923 3422 3137 3496 Scorpii
3165 3425 3263 3492 l6;
3299 3428 3416 3482 cul-

1839 3516 2009 3570 minat
2056 3532 2086 3571 a
2125 3516 2325 3572 Cancri
2362 3517 2450 3583 18,
2502 3517 2568 3571 ad
2617 3517 2816 3573 Leonis
2853 3520 2940 3572 11.
2991 3517 3146 3573 Prior
3187 3520 3416 3592 emergit

1840 3609 2135 3666 australior
2164 3619 2217 3665 et
2255 3608 2435 3664 lucida
2467 3624 2681 3674 earum,
2727 3625 2850 3680 quae
2897 3610 2952 3665 in
2988 3612 3249 3667 extremis
3285 3622 3414 3668 sunt

1839 3699 2058 3769 Chelis;
2098 3701 2290 3756 ultima
2321 3715 2452 3756 vero
2492 3716 2682 3756 earum
2714 3718 2837 3773 quae
2873 3703 2930 3757 in
2976 3702 3154 3759 fronte
3199 3702 3413 3777 Scorpii

1841 3801 1991 3857 sunt,
2039 3792 2355 3849 australior.
2413 3793 2745 3848 Caeterarum
2789 3794 2965 3864 prima
3005 3796 3271 3850 culminat
3317 3812 3416 3851 au-

1840 3886 2065 3944 stralior
2092 3884 2536 3940 antecedentium
2564 3899 2752 3940 earum
2789 3902 2914 3957 quae
2952 3897 3084 3943 sunt
3121 3888 3178 3943 in
3214 3888 3415 3947 Leonis

1841 3979 2049 4049 capite;
2082 3984 2136 4032 et
2170 3976 2445 4032 borealior
2472 3991 2662 4032 earum
2696 3991 2816 4047 qua:
2846 3986 2976 4034 sunt
3000 3978 3056 4035 in
3089 3981 3270 4052 Argus
3301 3997 3416 4038 me-

1842 4070 1933 4125 dio
1966 4068 2155 4136 malo;
2207 4077 2508 4140 postrema,
2558 4085 2681 4141 qua:
2724 4072 2780 4126 in
2832 4071 3032 4128 Leonis
3067 4071 3234 4130 dorso
3263 4082 3414 4140 sunt,

1842 4161 2074 4217 duarum
2140 4161 2423 4217 stellarum
2497 4161 2864 4233 subsequens.
2920 4161 3187 4218 Oriuntur
3233 4163 3418 4221 Chelas

1842 4254 1977 4310 hora
2010 4255 2063 4320 1,
2088 4253 2193 4309 56'.

1912 4435 2052 4492 Cum
2082 4434 2313 4506 Scorpio
2353 4434 2614 4491 zodiacus
2654 4450 2685 4489 a
2713 4445 2867 4505 parte
2897 4438 2931 4491 5
2960 4434 3176 4509 Scorpii
3210 4431 3277 4493 ad
3311 4436 3415 4493 Sa-

187 4527 321 4601 αὐτῷ
355 4534 384 4585 6
419 4533 680 4598 ζωδιακὸς
711 4531 817 4585 ἀπὸ
847 4530 1118 4602 Σκορπίου
1154 4531 1263 4602 μοί.
1293 4539 1344 4601 γ’
1377 4531 1482 4597 ἕως
1513 4531 1738 4598 Τοξότου

1848 4529 2052 4601 gittarii
2078 4528 2112 4583 9
2142 4527 2429 4596 ascendit;
2461 4527 2727 4582 culminat
2758 4543 2789 4582 a
2828 4527 3027 4586 Leonis
3067 4530 3101 4586 8
3134 4529 3311 4586 media
3345 4532 3415 4587 ad

189 4619 256 4674 δ”
289 4628 605 4698 μεσουρανεῖ
648 4625 703 4679 δὲ
751 4625 857 4680 ἀπὸ
900 4624 1126 4688 Λέοντος
1174 4625 1282 4694 μοί.
1332 4633 1381 4698 η’
1426 4625 1601 4698 μέσης
1638 4626 1742 4691 ἕως

188 4714 444 4787 Παρθένου
471 4726 555 4785 κγ¹
593 4715 782 4789 μέσης.
820 4714 930 4768 Καὶ
970 4722 1019 4768 α’
1054 4715 1151 4785 μὲν
1189 4715 1364 4788 ἀστὴρ
1408 4716 1681 4770 ἀνατέλλει
1714 4718 1743 4770 6

191 4805 507 4879 βορειότατος
528 4808 637 4864 τῶν
659 4811 718 4863 έν
746 4808 822 4880 τῷ
846 4806 1100 4880 μετώπῳ,
1127 4806 1351 4879 ἔσχατος
1377 4807 1433 4862 δὲ
1460 4812 1490 4862 6
1512 4815 1562 4878 γ’
1585 4810 1743 4879 σφόν-

187 4899 329 4968 δυλος
361 4907 465 4960 ἀπὸ
503 4905 596 4960 τοῦ
619 4906 676 4959 έν
708 4902 787 4975 τῷ
822 4903 1119 4973 Κενταύρῳ
1144 4900 1564 4974 ἀριθμούμενος,
1605 4911 1656 4968 ς’
1685 4903 1742 4956 66

189 4993 256 5048 ὢν
276 4996 376 5051 τῶν
408 4998 543 5070 μετά
570 4998 696 5062 τοὺς
739 4997 797 5050 έν
825 4993 901 5066 τῷ
931 4993 1133 5066 στήθει.
1179 4996 1518 5068 Μεσουρανεί
1547 4995 1603 5049 66
1633 4995 1741 5049 τῶν

189 5086 349 5142 ἄλλων
398 5090 610 5163 πρῶτος
645 5089 743 5162 μὲν
782 5088 881 5159 τῆς
925 5087 1165 5159 μεγάλης
1207 5088 1440 5159 Ἀρκτου
1498 5089 1527 5141 6
1564 5089 1622 5141 ὲν
1664 5086 1742 5158 τῷ

192 5179 364 5249 στήθει
385 5181 650 5256 λαμπρὸς,
690 5182 782 5237 καὶ¹
812 5179 906 5235 τοῦ
939 5179 1138 5251 Ὕδρου
1163 5178 1271 5233 τῶν
1309 5179 1449 5252 μετά
1483 5180 1576 5234 τὸν
1605 5180 1744 5252 λαμ-

191 5267 439 5335 πρότατον
465 5272 504 5326 δ’
526 5274 633 5328 τῶν
660 5272 766 5343 πρὸ
795 5270 887 5325 τοῦ
918 5269 1206 5341 Κρατῆρος
1234 5271 1264 5322 6
1287 5266 1335 5338 γ’
1361 5270 1470 5325 ἀπὸ
1501 5270 1705 5336 δύσεως
1723 5288 1737 5300 °

191 5352 399 5427 ἔσχατος
425 5360 479 5414 δὲ
506 5363 534 5417 ὃ
560 5380 620 5417 τε
653 5363 880 5433 Στάχυς,
929 5359 1023 5413 καὶ
1072 5356 1164 5411 τοῦ
1206 5361 1520 5434 Κενταύρου
1555 5364 1583 5416 6
1620 5363 1743 5433 ἀρι-

192 5450 365 5518 στερὸς
399 5446 580 5524 ὦμος,
620 5454 697 5517 ὼς
736 5452 1037 5524 ἡμιπήχιον
1069 5451 1476 5523 προηγούμενος
1516 5453 1611 5508 τοῦ
1647 5472 1744 5526 με-

193 5540 495 5614 σημδρινοῦ.
541 5544 841 5599 Ἀνατέλλει
883 5542 940 5596 δὲ
990 5543 1018 5594 6
1064 5541 1329 5613 Σκορπίος
1372 5543 1429 5597 6v
1473 5542 1645 5615 ὠραις
1695 5551 1740 5612 γ’

192 5625 484 5700 λειπούσαις
524 5644 555 5692 ι’
588 5636 761 5709 μέρει.

256 5721 355 5778 Τοῦ
402 5727 455 5780 δὲ
496 5729 724 5794 Τοξότου
773 5727 1169 5790 ἀνατέλλοντος,
1214 5724 1588 5780 συνανατέλλει
1640 5725 1740 5797 μὲν

196 5810 328 5884 αὐτῷ
366 5820 394 5873 6
440 5818 697 5885 ζωδιακὸς
742 5820 849 5875 ἀπὸ
889 5820 1114 5887 Τοξότου
1164 5817 1272 5889 μοί.
1320 5825 1372 5882 ς’
1428 5817 1597 5889 μέσης
1633 5818 1739 5881 ἕως

1844 4622 2079 4678 mediam
2103 4620 2174 4675 25
2206 4619 2472 4692 Virginis.
2505 4619 2694 4675 Oritur
2716 4621 2894 4692 prima
2918 4621 3155 4680 borealis
3178 4623 3416 4680 maxime

1844 4713 1899 4768 in
1930 4712 2111 4768 fronte
2152 4713 2493 4782 positarum;
2544 4712 2841 4768 novissime
2873 4728 3001 4768 vero
3038 4714 3197 4769 tertia
3235 4722 3416 4771 verte-

1842 4804 1944 4860 bra
1968 4804 2035 4859 ab
2065 4818 2150 4869 ea,
2189 4818 2311 4874 quae
2351 4812 2436 4858 est
2466 4802 2520 4856 in
2551 4801 2848 4868 Centauro,
2893 4812 3216 4874 numerata;
3262 4815 3415 4862 sexta

1843 4911 2010 4968 porro
2043 4896 2111 4951 ab
2144 4896 2233 4961 iis,
2268 4910 2390 4966 quae
2424 4904 2554 4951 sunt
2586 4896 2642 4949 in
2670 4902 2914 4964 pectore.
2946 4895 3223 4951 Culminat
3252 4904 3416 4953 crete-

1843 5005 2029 5046 rarum
2075 4989 2246 5060 prior,
2292 4987 2473 5043 lucida
2512 5002 2633 5057 quae
2681 4994 2768 5043 est
2814 4987 2869 5041 in
2917 4995 3139 5058 pectore
3188 4990 3415 5060 majoris

1844 5083 2031 5152 Ursa);
2057 5092 2113 5139 et
2143 5084 2199 5138 in
2227 5081 2413 5155 Hydro
2435 5090 2675 5153 quatuor
2705 5095 2736 5134 a
2771 5081 3112 5138 lucidissima
3136 5090 3264 5140 ante
3283 5081 3417 5138 Cra-

1843 5182 2015 5229 terem
2031 5174 2262 5229 sitarum
2287 5173 2355 5227 ab
2370 5170 2654 5227 occidente
2672 5171 2837 5227 tertia
2860 5189 2875 5239 ;
2899 5171 3197 5229 novissime
3215 5172 3379 5244 Spica
3395 5215 3412 5241 ,

1843 5275 1897 5323 et
1935 5267 2195 5323 Centauri
2242 5265 2470 5323 sinister
2515 5264 2803 5330 humerus,
2846 5266 3005 5336 quasi
3053 5266 3414 5322 semicubitali

1844 5361 2023 5432 spatio
2054 5359 2417 5416 meridianum
2445 5357 2778 5429 praecedens.
2813 5356 3000 5412 Oritur
3031 5357 3295 5429 Scorpius
3317 5357 3416 5413 ho-

1845 5456 1921 5511 ris
1950 5456 2003 5521 5,
2037 5454 2274 5525 demptis
2305 5450 2339 5506 6
2368 5450 2665 5522 scrupulis.
3256 5454 3265 5463 ‘

1913 5718 2049 5774 Cum
2082 5716 2412 5790 Sagittarius
2444 5716 2644 5798 oritur,
2673 5714 2925 5772 ascendit
2964 5728 3088 5769 cum
3132 5702 3198 5769 eo
3228 5712 3415 5769 zodia-

1843 5828 1941 5871 cus
1972 5830 2002 5869 a
2042 5820 2198 5885 parte
2235 5811 2269 5867 6
2295 5811 2580 5882 Sagittarii
2610 5808 2790 5868 media
2840 5809 2911 5866 ad
2952 5807 3275 5881 Capricorni
3310 5807 3410 5875 48;
