3950 6266
477 351 617 409 1125

1482 350 1573 408 AD
1611 349 1877 408 EUbEBlI
1911 350 2305 408 CllRONlCON
2347 346 2704 405 APPENDIX.

3545 344 3696 403 1124

475 463 739 518 culminat
768 476 798 515 a
826 468 981 531 parte
1009 462 1186 517 media
1208 461 1448 533 Virginis
1475 462 1550 518 20
1574 462 1641 516 ad
1666 460 1878 533 Scorpii
1903 479 2014 519 me-

2144 462 2405 534 ὶῐγόκερω
2432 467 2529 534 ιη’·
2562 460 2884 531 μεσουρανοῖ
2906 438 2964 513 δὲ
2989 456 3094 512 ἀπὸ
3121 457 3397 531 Παρθένου
3429 463 3479 512 κ’
3511 457 3698 530 μέσης

474 554 621 609 diam
642 554 696 609 9.
729 551 886 606 Prior
915 553 1089 607 oritur
1119 555 1275 609 stella
1296 569 1417 625 ηοω
1442 563 1526 609 est
1554 555 1608 608 in
1640 554 1904 625 cuspide;
1944 555 2030 608 ul-

446 627 610 715 itima
643 659 773 698 vero
804 643 1005 706 lucida,
1051 660 1172 713 ηοω
1217 653 1300 700 εει
1337 646 1391 699 in
1438 645 1666 714 pedibus
1708 626 2030 715 posteriori-

448 712 601 805 ibus.
659 734 989 789 Caeterarum
1039 712 1316 790 stellarum
1359 712 1623 789 culminat
1665 712 1854 805 prima,
1908 751 2031 805 ηοω

450 792 460 884 ;'
474 834 561 881 est
596 827 653 881 in
684 826 907 881 sinistro
935 825 1173 896 Virginis
1204 826 1373 885 cubiti
1402 825 1566 892 ﬂexu,
1603 827 2031 898 paululum'me-

476 917 750 972 ridianum
791 918 1155 983 antecedens;
1187 918 1375 971 ultima
1401 933 1551 980 vero,
1585 918 1762 973 media
1792 925 1847 972 et
1892 916 2031 971 luci—

477 1006 703 1061 dissima
734 1007 1032 1070 stellarum,
1061 1021 1182 1076 ηιιω
1212 1007 1266 1059 in
1303 1017 1519 1074 pectore
1554 1006 1764 1078 Scorpii
1788 1046 1804 1072 ,
1838 1014 1891 1062 et
1911 1021 2031 1077 ηοω

476 1096 533 1148 in
567 1096 789 1150 sinistra
820 1112 980 1149 manu
1018 1106 1102 1151 est
1126 1096 1405 1165 Anguiferi
1439 1116 1452 1152 :
1489 1099 1615 1152 item
1647 1100 1805 1153 tertia
1834 1113 2031 1153 secun-

476 1185 606 1240 dum
659 1186 1047 1255 consequentia
1106 1186 1386 1255 signorum
1434 1187 1501 1240 ab
1547 1188 1728 1242 lucida
1767 1188 2027 1252 Coronaz,

478 1278 637 1346 quasi
659 1278 966 1333 semicubiti
998 1278 1285 1332 intervallo
1312 1278 1674 1333 meridianum
1697 1280 2028 1351 praecedens.

478 1366 664 1422 Oritur
694 1366 1021 1436 Sagittarius
1050 1366 1200 1421 horis
1234 1365 1287 1421 5.

546 1454 615 1509 Χ.
657 1455 993 1523 Capricorno
1033 1457 1380 1521 ascendente,
1412 1455 1666 1511 zodiacus
1699 1457 1872 1512 oritur
1905 1473 2032 1514 cum

477 1560 543 1600 eo
568 1561 597 1598 a
642 1543 917 1613 Sagittarii
966 1552 1120 1614 parte
1153 1544 1223 1598 29
1254 1546 1428 1599 media
1463 1545 1531 1600 ad
1568 1546 1887 1615 Capricorni
1928 1548 2029 1615 27;

477 1636 740 1691 culminat
787 1651 815 1688 a
858 1634 1033 1690 Librae
1077 1643 1227 1705 parte
1265 1636 1326 1691 l9
1372 1639 1550 1691 media
1583 1640 1652 1692 ad
1682 1637 1748 1694 18
1796 1636 2030 1708 Scorpii.

476 1722 633 1777 Prior
665 1723 841 1776 oritur
870 1724 1029 1777 stella
1074 1725 1347 1779 borcalior
1389 1726 1713 1793 lncidarum,
1747 1744 1868 1798 ηοω
1906 1736 2035 1786 sunt

2129 554 2233 617 ἔως
2259 554 2521 626 Σκορπίου
2547 552 2591 605 θ’
2618 551 2804 622 μέσης.
2841 551 2950 604 Καὶ
2981 557 3029 604 α’
3066 551 3162 621 μὲν
3205 551 3381 623 ἀστὴρ
3402 550 3695 605 ἀνατέλλει

2128 645 2158 696 6
2193 646 2250 697 ἐν
2275 647 2340 715 τῇ
2372 642 2535 708 ἀκίδι,
2566 641 2789 713 ἔσχατος
2823 642 2880 695 δὲ
2923 644 2952 695 6
2997 644 3056 695 ὲν
3091 644 3202 705 τοῖς
3242 641 3510 705 ὀπισθίοις
3556 640 3699 695 ποσὶ

2128 735 2392 808 λαμπρός.
2424 736 2758 806 Μεσουρανεί
2786 733 2843 786 δὲ
2884 732 2991 789 τῶν
3022 733 3194 787 ἄλλων
3226 733 3470 803 ἀστέρων
3504 740 3554 786 α’
3588 734 3699 803 μὲν

2128 827 2228 897 τῆς
2278 827 2551 899 Παρθένου
2596 829 2624 880 6
2667 828 2726 879 ὲν
2771 824 2849 897 τῷ
2899 824 3166 897 ἀριστερῷ
3203 824 3445 893 ἀγκῶνι,
3493 825 3699 895 μικρὸν

2129 916 2531 990 προηγούμενος
2566 914 2658 968 τοῦ
2696 912 3062 986 μεσημϐρινοῦ
3085 928 3099 942 ’
3146 912 3369 981 ἔσχατος
3400 912 3460 965 δὲ
3490 910 3586 963 τοῦ
3626 927 3699 962 τε

2129 1009 2394 1079 Σκορπίου
2423 1009 2453 1060 6
2484 1006 2654 1076 μέσος
2685 1005 2793 1059 τῶν
2836 1007 2893 1057 ἐν
2938 1004 3016 1074 τῷ
3056 1003 3237 1074 στήθει
3284 1002 3698 1074 λαμπρότατος,

2130 1098 2224 1151 καὶ
2250 1098 2279 1148 6
2309 1099 2366 1150 ὲν
2397 1098 2463 1166 τῇ
2493 1095 2754 1166 ἀριστερᾷ
2780 1094 2922 1164 χειρὶ
2960 1091 3051 1146 τοῦ
3090 1089 3370 1160 Ὀφιούχου
3391 1108 3405 1121 ·
3453 1091 3549 1144 καὶ
3594 1089 3702 1143 τοῦ

2132 1188 2401 1258 Στεφάνου
2429 1188 2459 1240 6
2483 1187 2530 1255 γ’
2555 1186 2662 1240 ἀπὸ
2702 1185 2793 1238 τοῦ
2822 1183 3070 1256 λαμπροῦ
3108 1183 3200 1236 ἐπὶ
3227 1182 3296 1235 τά
3319 1182 3584 1252 ἑπόμενα,
3616 1181 3703 1246 ὡς

2132 1281 2425 1351 ἡμιπήχιον
2477 1276 2883 1349 προηγούμενος
2946 1274 3040 1328 τοῦ
3097 1272 3490 1346 μεσημϐρινοῦ.
3537 1276 3707 1327 Ἀνα-

2130 1367 2302 1420 τέλλει
2327 1367 2385 1420 δὲ
2411 1369 2439 1420 6
2468 1365 2700 1435 Τοξότης
2724 1368 2782 1419 ὲν
2814 1365 2982 1437 ὥραις
3013 1370 3081 1432 γ’.

2202 1460 2258 1513 I'.
2290 1459 2453 1512 Ὅταν
2484 1457 2541 1511 δὲ
2581 1459 2609 1510 ὁ
2641 1458 2952 1528 Αἰγόκερως
2994 1455 3273 1529 ἀνατέλλῃ,
3318 1456 3707 1511 συνανατέλλει

2137 1548 2233 1617 μὲν
2270 1546 2416 1617 αὐτῷ
2444 1549 2472 1600 6
2501 1547 2758 1611 ζωδιακὸς
2787 1547 2893 1600 ἀπὸ
2928 1545 3152 1610 Τοξότου
3181 1546 3290 1616 μοί.
3317 1545 3360 1598 θ’
3391 1548 3485 1599 καὶ
3507 1553 3556 1599 κ’
3594 1546 3703 1615 μὲ-

2136 1656 2232 1708 σης
2257 1637 2360 1701 ’έως
2389 1638 2755 1709 Αἰγοκέρωτος
2787 1637 2832 1701 ζ’
2863 1638 2957 1692 καὶ
3001 1644 3077 1691 κ’·
3138 1640 3460 1709 μεσουρανεῖ
3490 1639 3551 1691 δὲ
3588 1638 3707 1690 ἀπὸ

2134 1727 2326 1799 Χηλῶν
2356 1729 2420 1782 ιθ¹
2448 1731 2618 1801 μέσης
2642 1729 2744 1792 ἕως
2772 1728 3036 1799 Σκορπίου
3063 1735 3151 1799 ιη’.
3180 1730 3289 1782 Καὶ
3319 1727 3367 1782 α’
3392 1730 3490 1799 μὲν
3516 1731 3705 1800 ἀστὴρ

478 1813 533 1867 in
564 1813 822 1883 genibus;
854 1813 1062 1877 ultima,
1095 1815 1394 1871 succedens
1417 1816 1738 1883 luridarum,
1764 1834 1884 1888 ηοω
1906 1829 2034 1874 sunt

2144 1820 2407 1876 Ξινιπτέλλει
2428 1822 2455 1872 6
2482 1820 2811 1893 βορειότερος
2835 1821 2942 1874 τῶν
2973 1823 3031 1873 ὲν
3052 1824 3165 1885 τοῖς
3190 1821 3376 1888 γόνασι
3404 1821 3702 1892 λαμπρῶν,

478 1903 535 1958 in
564 1904 760 1959 cauda.
788 1903 1031 1957 Aliarum
1059 1906 1337 1958 stellarum
1368 1907 1604 1961 medium
1631 1909 1753 1965 οωιί
1779 1912 2034 1965 verticem

477 2005 628 2052 tenet
665 1995 835 2065 prior,
867 1995 1207 2050 lucidissima
1231 2012 1440 2061 earum,
1469 2015 1591 2068 ηοω
1622 2012 1751 2056 sunt
1778 2003 1833 2057 in
1856 2003 2036 2059 Βουιω

480 2088 699 2158 cingulo
729 2106 742 2141 :
768 2098 822 2142 et
864 2087 920 2140 in
961 2086 1145 2140 Chelis
1191 2088 1525 2145 antecedens
1569 2099 1827 2149 extrema:
1858 2092 2038 2150 Chelae

479 2178 733 2233 borealis.
779 2168 906 2231 item
933 2176 1134 2240 lucida,
1179 2192 1301 2247 ηοω
1342 2179 1398 2232 in
1442 2177 1705 2250 Serpente
1736 2200 1833 2254 per
1870 2183 2038 2243 Ursas

480 2279 694 2326 meante
722 2271 791 2324 ab
817 2270 1161 2326 extremitate
1183 2270 1370 2326 cauda:
1395 2272 1557 2327 tertia
1587 2286 1923 2341 numeratur,
1954 2293 2040 2333 se-

479 2361 781 2416 micubitali
825 2362 1002 2430 spatio
1047 2361 1405 2417 meridianum
1451 2365 1801 2434 praecedens;
1849 2369 2040 2424 ultimo

480 2454 743 2509 culminat
777 2452 966 2507 dexter
990 2452 1252 2509 humerus
1280 2454 1576 2525 lngeniculi
1601 2474 1617 2522 ;
1643 2466 1696 2513 et
1727 2475 1850 2529 ηοω
1887 2475 1918 2514 a
1954 2476 2041 2515 se-

482 2544 792 2614 ptentrione
817 2544 1029 2613 adjacel
1054 2561 1119 2599 ex
1150 2545 1216 2601 iis
1249 2560 1369 2616 ηοω
1409 2547 1464 2600 in
1490 2547 1684 2603 dextro
1713 2567 1873 2607 crure
1914 2561 2043 2606 sunt

481 2635 751 2708 ejusdem.
772 2634 959 2692 Oritur
984 2636 1348 2707 Capricornus
1378 2638 1512 2694 hora
1538 2640 1590 2707 1,
1621 2641 1725 2698 50'.

552 2820 690 2878 Cum
740 2821 981 2892 Aquario
1041 2822 1302 2878 zodiacus
1357 2823 1588 2895 emergit
1639 2838 1670 2876 a
1723 2822 2043 2893 Capricorni

484 2922 641 2985 parte
685 2914 720 2968 6
766 2916 830 2968 ad
873 2915 1098 2985 Aquarii
1138 2914 1201 2969 2|
1250 2914 1520 2979 mediam;
1572 2915 1835 2969 culminat
1881 2931 1912 2969 a
1951 2914 2043 2968 Li-

485 3002 597 3056 bra:
621 3001 689 3055 27
719 3002 783 3057 ad
813 3001 1090 3074 Sagittarii
1116 3003 1165 3057 7.
1196 3002 1377 3057 Prima
1416 3004 1698 3058 stellarum
1732 3005 1910 3059 oritur
1941 3021 2041 3059 an-

486 3094 740 3149 tecedens
776 3109 894 3148 eam
940 3109 1062 3163 ηοω
1109 3101 1193 3148 est
1236 3094 1290 3148 in
1346 3109 1510 3148 manu
1560 3095 1812 3160 sinistra;
1850 3095 2041 3149 ultima

486 3198 638 3251 vero,
670 3183 849 3237 lucida
877 3183 1030 3252 pedis
1053 3183 1248 3237 dextri.
1275 3179 1549 3236 Culminat
1576 3200 1606 3236 e
1635 3184 1844 3237 caeteris
1866 3185 2038 3252 prior,

487 3289 611 3345 ηιιω
645 3280 729 3329 est
769 3273 825 3328 in
858 3273 1035 3343 capite
1080 3271 1280 3327 Bootae.
1325 3270 1549 3334 Ultima,
1583 3272 1853 3327 borealior
1882 3271 2045 3344 138

487 3379 678 3420 earum
699 3381 819 3435 ηοω
843 3373 970 3420 sunt
993 3364 1048 3418 in
1079 3377 1206 3417 arcu
1240 3361 1557 3433 Sagittarii;
1588 3370 1642 3418 et
1669 3371 1778 3417 tres
1805 3363 1860 3418 in
1895 3365 2045 3421 dire-

489 3466 634 3511 ctum
663 3455 870 3525 positaa,
915 3468 978 3507 ac
1011 3453 1234 3509 nomine
1275 3459 1546 3519 carentes,
1592 3470 1712 3521 ηοω
1743 3455 2045 3525 secundum

488 3545 741 3601 dextrum
772 3546 1054 3599 humerum
1077 3540 1346 3614 Ophiuchi
1380 3563 1393 3598 :
1426 3560 1525 3599 nec
1550 3559 1659 3598 non
1692 3544 1893 3607 lucida,
1925 3560 2048 3613 ηοω

488 3648 573 3695 est
596 3639 651 3693 in
680 3638 904 3694 sinistro
944 3637 1152 3692 femore
1181 3636 1502 3707 lngeniculi,
1536 3636 1691 3706 quasi
1718 3637 2047 3691 semicubito

490 3728 853 3783 meridianum
892 3727 1222 3797 praecedens.
1269 3723 1456 3781 Oritur
1486 3725 1764 3795 Aquarius
1801 3726 1953 3782 horis
1989 3726 2044 3792 ‘2,

491 3830 545 3875 et
574 3819 817 3890 partibus
846 3817 1078 3874 duabus.

564 4023 815 4079 Piscibus
854 4022 1174 4084 orientibus,
1214 4020 1459 4076 ascendit
1488 4033 1612 4074 cum
1645 4018 1751 4073 illis
1794 4017 2051 4072 zodiacus

495 4116 565 4170 ab
591 4115 817 4184 Aquarii
860 4123 1013 4183 parte
1038 4112 1068 4165 7
1117 4111 1185 4166 ad
1217 4112 1420 4166 Arietis
1471 4110 1574 4176 i6;
1614 4108 1878 4163 culminat
1918 4124 1949 4161 a
1980 4107 2051 4162 26

498 4205 711 4275 Scorpii
740 4205 806 4260 ad
849 4204 1169 4274 Capricorni
1191 4201 1432 4273 9.,Prior
1463 4202 1688 4271 emergit
1718 4217 1839 4271 ηοω
1866 4202 1920 4255 in
1956 4217 2054 4256 ex-

494 4308 669 4355 tremo
715 4305 895 4353 rostro
940 4296 1117 4353 Piscis
1145 4296 1435 4363 australis;
1470 4294 1789 4359 novissima,
1826 4310 1947 4363 ηοω
1996 4295 2053 4348 in

495 4389 648 4445 Nodo
680 4389 967 4444 linearum.
993 4387 1323 4444 Creterarum
1354 4387 1526 4457 prima
1553 4385 1816 4441 culminat
1844 4400 1963 4455 ηοω
1996 4385 2053 4439 in

2135 1916 2355 1989 ἔσχατος
2381 1915 2437 1970 δὲ
2457 1918 2484 1971 ὁ
2506 1916 2765 1987 ἑπόμενος
2790 1915 2898 1970 τῶν
2923 1919 2979 1969 ἐν
2997 1918 3061 1987 τῇ
3086 1916 3219 1987 οὐρᾷ
3242 1915 3526 1986 λαμπρῶν.
3550 1916 3708 1968 Mea-

2134 2008 2345 2077 ουρανεί
2373 2006 2429 2058 δὲ
2457 2005 2563 2059 τῶν
2594 2004 2765 2059 ἄλλων
2812 2011 2858 2058 α’
2895 2004 2992 2074 μὲν
3026 2004 3120 2058 τοῦ
3154 2021 3214 2056 τε
3258 2004 3467 2057 Βοώτου
3494 2004 3606 2056 τῶν
3641 2006 3707 2056 ἐν

2133 2100 2201 2168 τῇ
2227 2096 2368 2169 ζώνῃ
2396 2100 2424 2150 6
2451 2097 2848 2168 λαμπρότατος,
2879 2097 2970 2150 καὶ
2998 2096 3105 2150 τῶν
3145 2096 3338 2166 Χηλῶν
3369 2098 3396 2149 6
3426 2097 3710 2167 προηγού-

2139 2205 2296 2257 μενος
2321 2187 2420 2257 τῆς
2439 2188 2610 2260 ἄκρας
2635 2187 2732 2257 τῆς
2755 2186 2965 2257 βορείας
2997 2186 3201 2257 Χηλῆς,
3235 2187 3328 2240 καὶ
3348 2186 3440 2240 τοῦ
3472 2187 3564 2240 διὰ
3588 2187 3707 2240 τῶν

2139 2279 2387 2350 Ι’Λρκτων
2425 2280 2636 2347 Ὄφεως
2662 2280 2690 2331 6
2720 2276 2768 2347 Υ
2796 2279 2888 2332 ἀπ’
2921 2279 3095 2351 ἄκρας
3119 2279 3216 2349 τῆς
3243 2280 3409 2351 οὐρᾶς
3429 2278 3705 2349 ἀριθμού-

2140 2387 2298 2440 μενος
2348 2369 2615 2440 λαμπρὸς,
2680 2369 2755 2434 ὡς
2807 2371 3106 2441 ὴμιπήχιον
3156 2371 3564 2442 προηγούμενος
3606 2372 3709 2425 τοῦ

2141 2461 2509 2532 μεσημϐρινοῦ
2529 2477 2543 2490 ο
2575 2461 2799 2531 ἔσχατος
2825 2461 2882 2515 δὲ
2911 2465 3230 2534 μεσουρανεῖ
3270 2462 3366 2516 τοῦ
3409 2464 3498 2517 Ἐν
3539 2466 3709 2532 γόνα-

2139 2569 2223 2605 σιν
2251 2554 2280 2606 ὄ
2315 2570 2374 2605 τε
2414 2552 2584 2617 δεξιὸς
2617 2547 2765 2623 ῶμος
2799 2554 2893 2608 καὶ
2924 2557 2952 2608 6
2984 2554 3090 2608 ἀπὸ
3118 2554 3316 2626 ἄρκτου
3361 2557 3711 2628 παρακείμε-

2137 2660 2226 2706 νος
2248 2642 2354 2697 τῶν
2395 2645 2454 2698 ὲν
2490 2648 2556 2715 τῇ
2592 2646 2739 2717 δεξιᾷ
2760 2649 2963 2721 κνήμῃ.
3009 2649 3308 2704 Ἀνατέλλει
3337 2650 3394 2704 δὲ
3422 2654 3452 2705 6
3475 2652 3710 2721 Αἱγόκε-

2143 2751 2248 2806 ρως
2273 2737 2330 2788 ὲν
2361 2734 2480 2807 ὥρᾳ
2510 2736 2559 2789 α’
2589 2737 2682 2790 καὶ
2710 2737 2917 2808 ἡμίσει,
2947 2742 3040 2793 καὶ
3076 2747 3124 2808 γ’
3157 2742 3332 2814 μέρει.

2211 2827 2376 2880 Ὅταν
2405 2827 2461 2881 δὲ
2490 2831 2519 2883 6
2561 2828 2839 2900 Ὑδροχόος
2870 2831 3151 2905 ἀνατέλλῃ,
3197 2834 3569 2889 συνανατέλλει
3605 2838 3709 2906 μὲν

2141 2918 2288 2988 αὐτῷ
2318 2919 2347 2971 6
2378 2917 2639 2984 ζωδιακὸς
2681 2921 2787 2974 ἀπὸ
2824 2923 3102 2995 Δίγόκερω
3132 2924 3240 2994 μοί.
3278 2931 3331 2989 ς’
3370 2924 3477 2990 ἕως
3513 2926 3710 2997 Ὑδρο-

2140 3009 2265 3080 χόου
2293 3017 2341 3063 α’
2369 3012 2462 3065 καὶ
2494 3018 2539 3065 κ’
2573 3012 2772 3084 μέσης·
2807 3018 3127 3086 μεσουρανεῖ
3149 3016 3205 3068 δὲ
3234 3015 3343 3069 ἀπὸ
3365 3016 3561 3089 Χηλῶν
3592 3020 3708 3088 μοί.

2143 3099 2187 3166 ζ’
2217 3101 2312 3156 καὶ
2336 3099 2382 3155 κ’
2405 3102 2509 3165 ἔως
2541 3102 2766 3170 Τοξότου
2793 3104 2856 3166 ζ’.
2883 3105 2992 3158 Καὶ
3014 3110 3062 3157 α’
3095 3104 3195 3174 μὲν
3225 3106 3401 3178 ἀστὴρ
3426 3108 3713 3164 ἀνατέλλει

2141 3195 2171 3245 6
2198 3191 2495 3266 ἡγούμενος
2529 3194 2623 3249 τοῦ
2658 3196 2720 3251 ἐν
2756 3198 2828 3269 τῇ
2877 3197 3137 3270 ἀριστερᾷ
3161 3199 3322 3272 χειρὶ,
3346 3199 3573 3272 ἔσχατος
3600 3201 3657 3258 δὲ
3678 3205 3714 3259 6

2142 3283 2201 3339 ὲν
2226 3285 2305 3356 τῷ
2332 3285 2489 3356 δεξιῷ
2514 3287 2635 3340 ποδὶ
2660 3287 2928 3360 λαμπρός.
2954 3291 3293 3362 Μεσουρανεί
3317 3292 3378 3346 δὲ
3402 3293 3509 3347 τῶν
3532 3295 3712 3349 ἄλλων

2144 3387 2192 3434 a'
2224 3381 2320 3451 μὲν
2347 3384 2374 3434 6
2407 3382 2464 3435 ὲν
2495 3383 2560 3452 τῇ
2592 3381 2798 3453 κεφαλῇ
2837 3382 2929 3435 τοῦ
2971 3382 3203 3446 Βοὼτου,
3243 3383 3470 3455 ἔσχατος
3509 3385 3568 3439 δὲ
3615 3387 3711 3441 τοῦ

2145 3472 2370 3537 Τοξότου
2414 3474 2443 3526 6
2495 3471 2826 3545 βορειότερος
2874 3473 2980 3527 τῶν
3029 3476 3087 3529 ὲν
3135 3474 3213 3544 τῷ
3260 3475 3431 3544 τόξῳο
3474 3477 3571 3530 xai.
3614 3477 3712 3531 τοῦ

2157 3563 2434 3635 Ὀφιούχου
2476 3566 2525 3618 οἱ
2575 3564 2726 3635 παρά
2769 3564 2861 3619 τὸν
2909 3565 3078 3632 δεξιὸν
3122 3564 3267 3636 ὦμον
3302 3573 3351 3636 γ’
3383 3568 3472 3620 ἐπ’
3496 3567 3713 3632 εὐθείας

2146 3653 2599 3725 ἀκατονόμαστον
2632 3655 2724 3708 καὶ
2750 3653 2843 3708 τοῦ
2886 3655 2975 3709 Ἐν
3023 3656 3242 3724 γόνασιν
3293 3658 3322 3709 ὁ
3368 3658 3427 3710 ὲν
3472 3657 3551 3727 τῷ
3584 3659 3711 3730 ἀρι-

2151 3745 2328 3817 στερῷ
2363 3746 2520 3817 μηρῷ
2560 3746 2828 3818 λαμπρὸς,
2861 3746 2937 3810 ὡς
2974 3749 3270 3820 ἡμιπήχιον
3304 3749 3714 3821 προηγούμενος

2147 3835 2240 3889 τοῦ
2270 3836 2659 3906 μεσημϐρινοῦ.
2691 3835 2991 3890 Ἀνατέλλει
3019 3836 3075 3890 δὲ
3099 3841 3127 3892 ὁ
3157 3838 3434 3910 Ὑδροχόος
3456 3841 3514 3893 ἐν
3539 3839 3715 3911 ὥραις

2151 3928 2195 3998 β’
2224 3929 2319 3981 καὶ
2347 3929 2465 3982 δυσὶ
2497 3929 2717 3999 μέρεσιν
2747 3929 2917 4001 ὥρας.

2222 4021 2386 4074 Ὅταν
2415 4020 2471 4072 δὲ
2504 4022 2553 4072 οἱ
2594 4020 2791 4091 Ἰχθύες
2826 4021 3172 4089 ἀνατέλλωσι,
3203 4024 3579 4078 συνανατέλλει
3610 4024 3712 4096 μὲν

2151 4111 2330 4173 αὐτοῖς
2357 4112 2385 4163 ὁ
2409 4109 2666 4175 ζωδιακὸς
2696 4110 2803 4165 ἀπὸ
2835 4112 3117 4183 Ὑδροχόου
3155 4113 3265 4184 μοί.
3312 4113 3354 4178 ζ’
3400 4114 3505 4179 ἔως
3534 4115 3712 4187 Κριοῦ

2156 4198 2227 4265 ις’
2246 4216 2261 4231 ⁶
2294 4203 2611 4272 μεσουρανεῖ
2639 4200 2696 4254 δὲ
2728 4201 2836 4253 ἀπὸ
2878 4202 3144 4273 Σκορπίου
3175 4202 3284 4272 μοι.
3321 4210 3376 4269 ς’
3404 4205 3500 4258 καὶ
3527 4205 3579 4258 κ’
3608 4206 3713 4267 ἔως

2151 4292 2431 4363 Αἰγόκερω
2462 4292 2570 4362 μοί.
2618 4291 2681 4344 θ’.
2715 4292 2827 4345 Καὶ
2864 4299 2911 4346 α’
2945 4293 3042 4363 μὲν
3072 4293 3246 4366 ἀστὴρ
3278 4295 3555 4351 ἀνατέλλει
3596 4299 3627 4350 6
3654 4300 3714 4349 ἐν

2152 4385 2305 4457 ἄκρῳ
2328 4385 2405 4455 τῷ
2430 4383 2615 4455 ῥύγχει
2640 4384 2732 4437 τοῦ
2763 4385 2937 4438 νοτίου
2972 4385 3193 4456 Ἰχθύος,
3225 4385 3449 4457 ἔσχατος
3486 4387 3542 4440 δὲ
3585 4389 3616 4440 6
3655 4389 3715 4440 ὲν

498 4497 757 4553 processu
791 4479 964 4536 dextri
1007 4479 1231 4536 femoris
1274 4477 1605 4549 lngeniculi;
1646 4487 1700 4534 et
1727 4493 1850 4548 ηοω
1896 4494 1926 4531 a
1966 4494 2039 4534 εει

2154 4474 2229 4545 τῷ
2253 4472 2537 4543 Συνδέσμῳ
2557 4473 2661 4524 τῶν
2694 4472 2873 4528 λίνων.
2919 4474 3261 4545 Μεσουρανεί
3303 4475 3360 4528 δὲ
3400 4474 3510 4528 τῶν
3536 4476 3715 4529 ἄλλων

499 4572 898 4644 ptentrionibus
934 4571 1141 4641 adjacet
1173 4571 1241 4624 iis
1271 4584 1391 4639 ηοω
1424 4576 1552 4624 εοιιι
1584 4569 1637 4623 in
1669 4569 1859 4623 aculeo
1890 4566 2039 4621 Scor-

2151 4570 2198 4618 a'
2226 4562 2324 4633 μὲν
2354 4562 2447 4615 τοῦ
2472 4578 2531 4615 τε
2566 4563 2652 4615 Ἐν
2682 4562 2901 4630 γόνασιν
2927 4566 2955 4617 6
2982 4566 3037 4617 ἐν
3057 4567 3123 4635 τῇ
3155 4565 3382 4635 ὲκφύσει
3412 4564 3506 4619 τοῦ
3537 4564 3714 4630 δεξιοῦ

499 4665 608 4734 pii;
644 4680 765 4733 ηοω
797 4672 979 4717 autem
1029 4664 1084 4717 in
1134 4662 1309 4731 capite
1352 4668 1438 4715 est
1485 4660 1806 4731 lngeniculi,
1836 4659 2039 4715 duabus

2150 4652 2346 4725 μηροῦ,
2366 4653 2460 4706 καὶ
2493 4651 2583 4705 τοῦ
2610 4653 2877 4721 Σκορπίου
2915 4655 2943 4707 6
2976 4654 3069 4707 ἀπ’
3113 4654 3327 4727 ἄρκτων
3372 4657 3717 4726 παρακείμε-

497 4756 716 4809 circiter
743 4755 907 4809 cubiti
944 4753 1188 4823 partibus
1231 4762 1315 4807 est
1345 4754 1484 4806 citra
1518 4752 1916 4817 meridianum;
1958 4765 2039 4819 pot

2146 4758 2235 4805 νος
2260 4744 2372 4805 τοῖς
2402 4743 2461 4794 ὲν
2496 4739 2572 4810 τῷ
2594 4741 2836 4813 κέντρῳο
2866 4741 2894 4792 6
2933 4741 2990 4794 δὲ
3033 4743 3091 4796 ἐν
3133 4746 3197 4814 τῇ
3242 4743 3447 4815 κεφαλῇ
3488 4743 3583 4797 τοῦ
3630 4746 3718 4796 Ἐν

497 4855 700 4901 stremo
732 4846 994 4900 culminat
1023 4845 1316 4899 australior
1341 4859 1549 4905 earum,
1577 4858 1697 4912 ηοω
1738 4845 1795 4896 in
1824 4843 2039 4912 genibus

2146 4834 2366 4903 γόνασιν
2413 4832 2759 4886 ὑπολείπεται
2807 4832 2899 4884 τοῦ
2954 4832 3323 4905 μεσημϐρινοῦ
3360 4836 3436 4898 ὼς
3482 4834 3524 4904 β’
3574 4835 3717 4906 μέρη

497 4937 855 5007 Capricorni:
884 4945 938 4991 et
974 4949 1093 5004 ηοω
1135 4935 1189 4988 in
1222 4942 1443 5003 gutture
1482 4940 1567 4989 est
1602 4932 1752 4998 Avis,
1790 4939 1954 5001 atque
1997 4931 2039 4985 ill

2149 4927 2393 4997 πήχεωςο
2425 4923 2649 4994 ἔσχατον
2683 4924 2739 4978 δὲ
2768 4927 3086 4995 μεσουρανεί
3127 4925 3221 4978 τοῦ
3269 4944 3329 4979 τε
3375 4925 3659 4998 Αίγόκερω
3688 4929 3717 4977 6

496 5028 637 5084 ﬂexu
667 5030 764 5085 ala:
794 5029 1048 5083 dexterae.
1073 5025 1336 5080 Oriuntur
1364 5024 1549 5080 Pisces
1576 5024 1724 5078 horis
1757 5025 1811 5085 5,
1843 5024 1912 5076 6'.

2148 5016 2460 5087 νοτιώτερος
2504 5015 2609 5069 τῶν
2658 5018 2717 5069 ἔν
2776 5019 2885 5078 τοῖς
2936 5017 3157 5084 γόνασιν
3226 5018 3425 5083 αὐτοῦ,
3481 5017 3577 5070 καὶ
3623 5016 3715 5067 τοῦ

500 5123 748 5193 Ὄρνιθος
779 5125 807 5174 6
833 5124 889 5173 ὲν
919 5119 995 5190 τῷ
1017 5118 1268 5190 λάρυγγι,
1301 5120 1393 5172 καὶ
1416 5117 1507 5173 τοῦ
1534 5120 1590 5172 ἐν
1621 5116 1698 5188 τῷ
1718 5115 1925 5184 ἀγκῶνι
1952 5113 2052 5183 τῆς
2084 5110 2262 5176 δεξιᾶς
2326 5109 2615 5179 πτέρυγος.
2652 5107 3024 5163 Ἀνατέλλουσι
3048 5110 3104 5164 δὲ
3130 5110 3179 5162 oi
3212 5109 3411 5180 ’ἰχθύες
3438 5112 3497 5163 ὲν
3547 5108 3716 5178 ὥραις

498 5222 545 5283 γ’
572 5214 664 5266 καὶ
694 5211 722 5265 ι’
751 5212 923 5283 μέρει.

568 5305 657 5358 Xl.
698 5304 832 5358 Cum
866 5302 1048 5357 Ariete
1087 5301 1342 5357 zodiacus
1380 5302 1554 5356 oritur
1599 5317 1629 5355 a
1676 5300 1854 5356 media
1894 5308 2039 5368 parte

2218 5291 2320 5344 IA'.
2345 5287 2434 5359 Τῷ
2456 5287 2512 5340 δὲ
2533 5287 2687 5360 Κριῷ
2720 5288 3094 5342 συνανατέλλει
3123 5288 3219 5359 μὲν
3254 5289 3283 5339 6
3320 5286 3579 5352 ζωδιακὸς
3610 5288 3717 5340 ἀπὸ

501 5396 568 5450 19
600 5394 832 5450 Pliscium
869 5394 936 5447 ad
970 5392 1169 5447 Arietis
1201 5392 1267 5446 '24
1290 5409 1303 5457 ;
1328 5394 1588 5446 culminat
1613 5407 1645 5444 a
1672 5391 1945 5461 Sagittarii
1973 5391 2039 5443 9.4

2159 5382 2377 5453 Ἰχθύων
2408 5380 2516 5451 μοί.
2552 5380 2615 5432 ιϐ’
2645 5380 2813 5451 μέσης
2838 5380 2942 5445 ἔως
2964 5379 3134 5452 Κριοῦ
3156 5381 3199 5434 δ’
3227 5381 3320 5434 καὶ
3343 5387 3390 5433 κ’
3411 5398 3424 5411 ·
3454 5396 3716 5451 μεσουρα-

499 5482 672 5535 media
705 5481 773 5535 ad
815 5481 1131 5551 Capricorni
1163 5481 1247 5533 14.
1278 5479 1458 5534 Prima
1486 5482 1662 5534 oritur
1708 5495 1771 5535 ea
1810 5495 1931 5548 qua:
1969 5487 2039 5532 es!

2144 5479 2227 5529 νεῖ
2257 5475 2313 5528 δὲ
2345 5474 2451 5527 ἀπὸ
2473 5472 2699 5537 Τοξότου
2719 5472 2759 5524 δ’
2784 5473 2878 5525 καὶ
2907 5479 2954 5526 κ’
2978 5476 3149 5544 μέσης
3187 5473 3293 5535 ἓως
3323 5473 3605 5542 Αιγὸκερω
3635 5471 3712 5523 ιδ’.

502 5574 556 5625 in
593 5572 849 5628 anteriori
902 5573 1069 5641 pede;
1117 5573 1328 5635 ultima,
1363 5572 1665 5628 succedens
1698 5587 1885 5628 earum
1931 5586 2039 5640 qua

2148 5567 2258 5619 Καὶ
2286 5571 2336 5617 α’
2373 5566 2468 5636 μὲν
2495 5564 2670 5635 ἀστὴρ
2711 5564 2985 5618 ἀνατέλλει
3032 5566 3061 5618 6
3113 5565 3207 5617 ἐπὶ
3248 5563 3341 5616 τοῦ
3382 5562 3716 5634 ὲμπροσθίου

503 5672 631 5714 sunt
665 5664 722 5715 in
758 5662 967 5716 'cauda.
1013 5662 1337 5720 Caaterarum
1387 5663 1670 5727 culminat,
1721 5663 2039 5717 antecedens

2144 5655 2322 5719 ποδὸς,
2354 5654 2575 5724 ἔσχατος
2603 5655 2660 5708 δὲ
2695 5656 2724 5706 6
2759 5656 3018 5726 ἑπόμενος
3050 5657 3157 5710 τῶν
3198 5657 3256 5709 ὲν
3283 5657 3348 5727 τῇ
3382 5655 3538 5727 οὐρᾷ.
3572 5654 3719 5707 Μεσ-

502 5760 691 5803 earum
718 5763 836 5816 ηοω
869 5758 994 5803 sunt
1025 5751 1079 5805 in
1106 5750 1237 5819 jugo
1268 5745 1559 5805 Fidiculac:
1597 5752 1725 5805 item
1744 5749 2039 5805 succedens

2144 5747 2359 5818 ουρανεῖ
2398 5744 2454 5799 δὲ
2500 5744 2607 5799 τῶν
2655 5745 2825 5803 ἄλλων
2872 5748 2968 5820 τῆς
3017 5765 3075 5801 τε
3130 5747 3310 5820 Λύρας
3350 5749 3379 5800 6
3414 5745 3720 5817 ἡγούμενος
