3950 6266
249 339 390 395 1125

1197 335 1565 395 HIPPARCHI
1598 337 1688 392 AD
1724 336 2172 394 PHAENOMENA
2198 336 2326 393 LIB.
2359 336 2444 393 111.

3324 336 3463 392 “28

241 452 352 505 τῶν
370 451 428 503 ὲν
449 449 528 520 τῷ
550 448 851 522 ζυγώματι,
879 450 973 504 καὶ
997 448 1090 503 τοῦ
1114 449 1339 516 Τοξότου
1365 450 1395 502 6
1419 449 1679 521 ἑπόμενος
1699 450 1808 503 τῶν

1922 465 2096 506 earum
2128 465 2247 519 quae
2272 456 2401 505 sunt
2440 449 2495 504 in
2525 455 2679 518 tergo
2709 445 3004 517 Sagittarii,
3044 448 3257 505 duabus
3289 451 3464 512 cubiti

242 543 303 595 ὲν
324 540 405 612 τῷ
427 539 598 611 νώτῳ,
630 541 706 605 ὥς
744 540 786 612 β’
826 541 963 614 μέρη
1004 542 1222 612 πήχεως
1262 540 1665 611 προηγούμενος
1712 541 1807 595 τοῦ

247 633 653 707 μεσημϐρινοῦ·
701 632 923 702 ἔσχατος
963 633 1019 685 δὲ
1049 634 1368 703 μεσουρανεῖ
1405 631 1497 684 τοῦ
1535 648 1595 684 τε
1628 631 1812 703 Ὑδρο-

242 727 373 797 χόου
418 729 446 780 6
474 727 733 795 ἑπόμενος
756 725 864 777 τῶν
902 725 960 777 ἐν
1000 726 1065 794 τῇ
1108 722 1371 794 ἀριστερᾷ
1400 721 1561 793 χειρὶ,
1589 721 1682 774 καὶ¹
1714 720 1809 775 τοῦ

245 816 530 887 Αίγόκερω
554 817 582 868 6
611 817 666 869 ἐν
693 813 775 884 τῷ
802 813 1006 884 στήθει,
1027 814 1120 866 καὶ
1142 812 1234 867 τοῦ
1254 812 1504 880 Δελφῖνες
1524 812 1552 864 6
1577 811 1811 883 ἡγούμε-

241 926 337 971 νος
390 908 496 962 τῶν
534 909 591 960 ὲν
623 909 687 977 τῇ
728 907 885 977 οὐρᾷ.
925 905 1223 960 Ἀνατέλλει
1259 904 1317 958 δὲ
1349 905 1377 956 ὁ
1406 903 1573 974 Κριὸς
1603 905 1661 958 ὲν
1693 904 1814 978 ὥρᾳ

240 996 295 1053 α’
327 999 421 1052 καὶ
447 998 565 1051 δυσὶ
590 997 1040 1068 πεμπτημορίοις.

318 1090 425 1144 Τοῦ
467 1091 524 1144 δὲ
573 1089 783 1160 Ταύρου
831 1090 1225 1155 ἀνατέλλοντος,
1276 1091 1654 1145 συνανατέλλει
1715 1089 1812 1160 μὲν

244 1181 395 1251 αὐτῷ
430 1183 460 1234 6
490 1180 748 1244 ζωδιακὸς
794 1181 900 1234 ἀπὸ
950 1180 1161 1252 Ταύρου
1217 1182 1324 1252 μοί.
1372 1183 1415 1247 ζ’
1453 1183 1556 1247 ἕως
1601 1182 1811 1253 Ταύρου

246 1274 363 1346 μοί.
391 1274 435 1327 θ’
466 1274 559 1327 καὶ
604 1280 682 1328 κ’⁶
714 1276 1032 1345 μεσουρανεῖ
1072 1274 1128 1327 δὲ
1164 1274 1269 1327 ἀπὸ
1297 1274 1665 1346 Αιγοκέρωτος
1700 1274 1807 1344 μοί.

248 1367 296 1438 β’
317 1364 414 1420 καὶ
440 1372 486 1419 κ’
517 1365 684 1436 μέσης
721 1364 824 1428 ἓως
861 1364 1143 1435 ’Υδροχόου
1174 1364 1237 1420 θ’.
1282 1366 1390 1418 Καὶ¹
1419 1372 1465 1418 α’
1506 1366 1604 1436 μὲν
1640 1365 1814 1436 ἀστὴρ

245 1456 527 1510 ἀνατέλλει
549 1458 577 1509 6
603 1455 919 1519 νοτιῶτατος
956 1456 1063 1508 τῶν
1101 1458 1158 1509 ὲν
1200 1459 1266 1529 τῇ
1297 1459 1544 1528 ἀποτομῇ
1567 1456 1627 1520 6',
1652 1441 1845 1526 ἔσχα-’

242 1565 338 1612 τος
376 1549 433 1602 δὲ
472 1551 501 1602 6
538 1550 594 1602 ἐν
631 1548 782 1619 ἄκρῳ
821 1548 899 1619 τῷ
936 1546 1090 1618 δεξιῷ
1135 1549 1341 1620 κέρατι.
1380 1550 1719 1619 Μεσουρανεί
1757 1547 1815 1600 δὲ

243 1640 356 1695 τῶν
384 1641 558 1695 ἄλλων
602 1648 649 1695 α’
676 1642 772 1711 μὲν
817 1640 911 1694 τοῦ
954 1640 1199 1711 Ὄρνιθος
1244 1640 1273 1692 ὁ
1319 1642 1376 1693 ὲν
1408 1639 1545 1710 μέσῃ
1584 1640 1651 1708 τῇ
1679 1638 1816 1709 οὐρᾷ

244 1730 517 1802 λαμπρὸς,
554 1732 775 1802 ἔσχατος
819 1731 875 1784 δὲ
912 1730 1007 1784 τοῦ
1049 1731 1284 1802 Κηφέως
1329 1731 1358 1783 6
1410 1729 1814 1801 προηγούμενος

1916 542 2160 613 partibus
2185 540 2509 596 antecedens
2537 539 2934 607 meridianum;
2969 548 3242 610 postrema
3265 545 3464 599 culmi-

1908 640 2001 687 nat
2024 631 2249 703 Aquarii
2285 632 2584 688 succedens
2629 647 2838 694 earum,
2868 647 2988 701 quae
3028 642 3155 686 sunt
3199 634 3256 688 in
3299 650 3463 691 manu

1909 724 2155 787 sinistra,
2181 731 2233 780 et
2262 738 2383 794 qua:
2413 722 2468 777 in
2497 730 2714 793 pectore
2742 721 3061 793 Capricorni
3085 740 3100 788 ;
3135 727 3463 781 antecedens

1907 816 2037 871 item
2079 830 2289 880 earum,
2323 831 2445 885 quae
2490 822 2620 870 sunt
2666 816 2723 869 in
2753 815 2927 870 cauda
2976 814 3244 885 Delphini.
3279 817 3466 874 Oritur

1908 903 2068 961 Aries
2098 906 2231 960 hora
2259 905 2308 972 Ι,
2337 906 2441 960 24'.

1982 1081 2165 1137 Tauro
2190 1092 2518 1153 emergente,
2549 1082 2803 1139 zodiacus
2838 1085 3037 1149 oritur,
3071 1101 3100 1138 a
3125 1094 3278 1156 parte
3302 1086 3471 1142 Tauri

1915 1171 1946 1226 7
1978 1162 2044 1227 ad
2072 1172 2170 1238 29;
2203 1172 2462 1227 culminat
2495 1189 2526 1226 a
2553 1172 2872 1243 Capricorni
2898 1174 2968 1227 22
2993 1176 3168 1230 media
3196 1176 3262 1229 ad
3285 1178 3469 1247 Aqua-3

1910 1262 1977 1317 rii
2009 1262 2062 1317 9.
2096 1261 2253 1316 Prior
2283 1263 2458 1317 oritur
2504 1265 2903 1318 australissima
2944 1264 3011 1319 de
3053 1275 3307 1333 quatuor,
3349 1282 3471 1336 quae

1913 1363 2042 1413 sunt
2073 1356 2127 1409 in
2151 1354 2526 1421 abscissione;
2553 1356 2766 1418 ultima,
2786 1371 2905 1425 qua}
2928 1366 3011 1410 est
3041 1356 3097 1410 in
3126 1360 3470 1413 extremitate

1911 1449 2088 1505 dextri
2113 1464 2306 1504 cornu.
2334 1448 2662 1504 Cazterarum
2694 1450 2971 1503 stellarum
3009 1451 3270 1505 culminat
3296 1451 3470 1521 prima

1912 1542 2113 1607 lucida,
2145 1557 2265 1611 qua:
2303 1548 2387 1596 est
2418 1541 2473 1595 in
2505 1542 2678 1594 cauda
2722 1541 2896 1595 media
2937 1540 3143 1613 Cygni;
3174 1550 3468 1610 postrema,

1911 1635 2100 1698 trium,
2139 1648 2259 1702 quae
2286 1633 2341 1686 in
2368 1632 2547 1702 capite
2574 1631 2772 1701 Cephei
2798 1641 2946 1692 sunt,
2976 1634 3326 1700 antecedens,
3363 1651 3472 1689 una

1913 1741 2036 1781 cum
2068 1724 2261 1780 dextro
2292 1724 2441 1779 illius
2474 1724 2629 1793 pede,
2674 1725 2999 1779 semicubito
3039 1724 3259 1779 circiter
3306 1727 3474 1780 meri.

243 1824 358 1878 τῶν
386 1825 444 1876 ὲν
472 1826 538 1895 τῇ
568 1825 775 1895 κεφαλῇ
804 1830 852 1893 γ’
871 1840 886 1854 °
931 1824 1025 1878 καὶ
1074 1825 1102 1876 6
1148 1822 1316 1887 δεξιὸς
1348 1821 1510 1876 αὑτοῦ
1556 1821 1711 1888 ποῦς,
1742 1822 1815 1885 ὥς

1922 1818 2135 1872 rlianum
2171 1816 2518 1887 praecedens;
2551 1831 2652 1870 nec
2699 1832 2806 1870 non
2838 1817 2891 1869 in
2935 1817 3156 1886 Aquarii
3199 1832 3336 1871 urna
3360 1833 3475 1872 me-

245 1915 547 1984 ἡμιπήχιον
612 1914 1016 1986 προηγούμενος
1088 1914 1180 1967 τοῦ
1250 1914 1658 1985 μεσημβρινοῦο
1723 1913 1816 1967 καὶ

246 2006 278 2059 6
337 2006 502 2077 μέσος
550 2005 659 2060 τῶν
718 2009 776 2059 ὲν
824 2009 890 2077 τῇ
948 2005 1168 2059 κάλπιδι
1222 2005 1316 2059 τοῦ
1360 2006 1640 2076 ’Υδροχόου
1666 2044 1680 2069 ,
1745 2005 1820 2068 ὥς

1921 1912 2031 1975 dia,
2068 1910 2392 1966 semicubito
2422 1907 2534 1963 fere
2564 1909 2925 1964 meridianum
2971 1908 3321 1964 antecedens.
3358 1908 3479 1964 Ori-

1925 2010 2018 2057 tur
2047 2000 2259 2057 Taurus
2288 2001 2422 2055 hora
2453 1999 2504 2063 i,
2535 2007 2590 2054 et
2617 1999 2739 2070 ηε.

246 2095 549 2166 ήμιπήχιον
609 2094 1016 2165 προηγούμενος
1061 2094 1154 2147 τοῦ
1209 2094 1602 2166 μεσημϐρινοῦ.
1647 2092 1944 2147 Ἀνατέλλει
1971 2091 2028 2145 δὲ
2060 2093 2089 2144 6
2121 2090 2329 2163 Ταῦρος
2360 2091 2416 2143 ὲν
2446 2089 2564 2161 ὥρᾳ
2588 2095 2636 2143 α’
2665 2090 2758 2143 καὶ
2781 2097 2831 2161 η’
2864 2090 3037 2161 μέρει.

316 2201 441 2258 Τῶν
469 2203 526 2256 δὲ
560 2202 801 2273 Διδύμων
834 2202 1260 2269 ἀνατελλόντων,
1306 2204 1681 2259 συνανατέλλει
1712 2204 1808 2275 μὲν

245 2294 429 2359 αὐτοῖς
462 2297 492 2348 6
534 2293 794 2359 ζωδιακὸς
832 2294 939 2347 ἀπὸ
983 2293 1230 2365 Διδύμων
1271 2294 1381 2364 μοί.
1418 2294 1461 2364 β’
1498 2295 1667 2365 μέσης
1705 2294 1810 2358 ἕως

243 2384 492 2454 Διδύμων
530 2383 605 2436 λ’⁶
659 2386 982 2454 μεσουρανεῖ
1025 2383 1081 2437 δὲ
1118 2384 1225 2437 ἀπὸ
1261 2384 1541 2455 ’Υδροχόου
1586 2383 1694 2454 μοί.
1742 2388 1810 2436 ια’

247 2476 423 2547 μέσης
449 2475 553 2538 ἕως
591 2474 808 2545 ’ἰχθύων
838 2473 881 2528 θ’
912 2475 1102 2546 μέσης.
1131 2476 1241 2529 Καὶ
1268 2475 1316 2530 α’
1353 2477 1451 2546 μὲν
1481 2476 1653 2547 ἀστὴρ
1685 2477 1814 2530 ἀνα-

243 2567 418 2620 τέλλει
448 2568 477 2620 6
509 2569 565 2621 ὲν
597 2569 663 2638 τῇ
693 2568 953 2638 ἀριστερᾷ
996 2568 1138 2638 χειρὶ
1186 2567 1280 2620 τοῦ
1321 2568 1625 2639 ἡγουμένου
1668 2567 1820 2622 Διδύ-

248 2679 376 2732 μου,
407 2660 631 2731 ἔσχατος
662 2660 720 2713 δὲ
762 2662 791 2713 6
822 2661 879 2714 ὲν
918 2662 982 2732 τῇ
1029 2660 1178 2731 δεξιᾷ
1225 2661 1366 2732 χειρὶ
1413 2659 1505 2713 τοῦ
1551 2660 1813 2731 ἑπομένου

246 2752 501 2821 Διδύμου.
534 2753 872 2824 Μεσουρανεῖ
900 2751 957 2805 δὲ
999 2751 1106 2804 τῶν
1147 2751 1319 2806 ἄλλων
1357 2752 1601 2820 ἀστέρων
1644 2759 1693 2806 α’
1719 2752 1816 2822 μὲν

244 2843 340 2899 τοῦ
370 2844 605 2915 Κηφέως
630 2846 659 2898 ὀ
691 2844 749 2899 ὲν
784 2844 860 2916 τῷ
898 2843 1108 2916 σώματι
1147 2843 1416 2916 λαμπρὸς,
1454 2845 1549 2897 καὶ
1592 2842 1687 2896 τοῦ
1725 2843 1817 2897 ’Υ-

245 2935 469 3008 δροχόου
508 2938 537 2990 6
566 2938 624 2990 ὲν
647 2936 725 3008 τῷ
756 2937 914 3010 δεξιῷ
955 2937 1076 2990 ποδὶ
1105 2935 1372 3009 λαμπρὸς,
1401 2938 1494 2990 καὶ
1521 2936 1614 2990 τοῦ
1643 2935 1818 2990 νοτίου

260 3028 465 3099 Ἰχθύος
491 3030 520 3083 6
548 3030 607 3082 ὲν
639 3028 715 3100 τῷ
745 3029 935 3101 ῥύγχει
980 3028 1256 3100 λαμπρόςο
1289 3026 1516 3098 ἔσχατος
1544 3026 1601 3080 δὲ
1627 3041 1822 3098 μεσου⁶

1984 2200 2228 2257 Geiniuis
2269 2200 2594 2263 orientibus,
2632 2215 2754 2253 eum
2783 2200 2852 2254 iis
2890 2200 3146 2253 zodiacus
3173 2199 3411 2270 assurgit
3443 2213 3476 2253 a

1915 2291 2263 2349 Geminorum
2282 2299 2435 2362 parte
2456 2290 2491 2345 2
2512 2291 2687 2345 media
2710 2290 2775 2344 ad
2799 2291 2900 2357 50;
2926 2290 3189 2345 culminat
3206 2291 3274 2346 ab
3295 2291 3477 2358 Aqua-

1915 2387 1987 2441 rii
2018 2386 2080 2440 11
2117 2383 2295 2439 media
2322 2383 2389 2438 ad
2433 2384 2667 2439 mediam
2700 2382 2941 2439 Piscium
2979 2382 3033 2438 9.
3074 2382 3257 2437 Prima
3300 2384 3478 2439 oritur

1919 2492 1982 2533 ea
2009 2493 2130 2547 qua:
2167 2486 2252 2533 est
2282 2477 2339 2531 in
2384 2477 2607 2531 sinistra
2640 2491 2804 2529 manu
2838 2475 3196 2545 praecedentis
3226 2474 3473 2543 Gemini;

1916 2569 2126 2635 ultima,
2154 2584 2274 2638 qua:
2294 2576 2376 2623 est
2405 2569 2457 2622 in
2489 2567 2680 2622 dextra
2710 2566 3053 2622 succedentis
3083 2564 3315 2621 Gemini.
3347 2566 3479 2621 Cui-

1917 2659 2086 2712 minat
2119 2658 2268 2728 prior
2315 2664 2635 2712 eaaterarum
2690 2657 2992 2722 stellarum,
3029 2657 3211 2710 lucida
3251 2656 3304 2709 in
3352 2670 3477 2711 cor-

1916 2765 2051 2821 pore
2092 2748 2326 2820 Cephei;
2380 2756 2435 2804 et
2472 2748 2672 2813 lucida,
2707 2764 2826 2818 quae
2872 2749 2929 2803 in
2985 2748 3176 2803 dextro
3208 2749 3344 2819 pede
3389 2754 3478 2803 est

1917 2841 2143 2911 Aquarii
2176 2860 2188 2896 :
2219 2841 2348 2895 item
2393 2840 2575 2911 lucida
2630 2840 2687 2894 in
2726 2848 2907 2895 rostro
2950 2837 3127 2894 Piscis
3176 2837 3474 2902 australis;

1919 2932 2109 2986 ultima
2162 2931 2429 2987 culminat
2478 2930 2838 2985 Andromedae
2885 2931 3064 2984 media
3105 2929 3306 2993 trium,
3353 2940 3476 2997 quae

1921 3031 2050 3079 sunt
2079 3022 2132 3077 in
2159 3022 2350 3077 dextro
2369 3021 2613 3076 humero.
2631 3019 2893 3075 Oriuntur
2911 3019 3123 3075 Gemini
3147 3019 3351 3082 horai,
3369 3017 3472 3072 50'.

246 3125 406 3194 pave!
443 3122 546 3193 τῆς
579 3123 935 3195 Ἀνδρομέδας
980 3124 1009 3177 6
1064 3121 1226 3193 μέσος
1265 3121 1375 3175 τῶν
1422 3123 1481 3176 ὲν
1531 3119 1611 3192 τῷ
1653 3119 1811 3193 δεξιῷ
1849 3118 1985 3192 ὥμῳ
2041 3125 2110 3188 γ’.
2149 3117 2517 3172 Ἀνατέλλουσι
2579 3114 2636 3168 δὲ
2680 3115 2729 3168 οἱ
2784 3114 3002 3185 Δίδυμοι
3040 3114 3101 3167 ὲν
3136 3112 3256 3185 ὥρᾳ
3297 3118 3346 3165 α’
3381 3110 3478 3166 καὶ

250 3214 319 3270 S"
347 3216 444 3271 καὶ
476 3222 526 3287 γ’
554 3216 730 3289 μέρει.

367 3354 509 3423 Περὶ
538 3352 651 3423 τῆς
682 3353 1185 3424 συματαδύσεως
1214 3353 1332 3408 τῶν
1365 3354 1441 3419 ιβ’
1464 3352 1697 3415 ζωδίων.

319 3511 424 3565 IB'.
453 3510 624 3564 Πάλιν
665 3509 742 3573 δὲ,
769 3506 863 3561 τοῦ
894 3509 991 3580 μὲν
1020 3508 1295 3580 Καρκίνου
1319 3506 1584 3570 δύνοντος,
1615 3521 1817 3574 συγκα-

246 3602 465 3657 ταδύνει
495 3601 592 3672 μὲν
616 3599 762 3672 αὐτῷ
785 3603 813 3655 6
837 3600 1096 3666 ζωδιακὸς
1121 3600 1229 3654 ἀπὸ
1251 3599 1496 3671 Διδύμων
1525 3598 1632 3668 μοί.
1658 3597 1700 3661 ζ’
1724 3596 1818 3650 καὶ

248 3700 299 3748 κ’
349 3693 518 3765 μέσης
564 3692 670 3755 ἕως
710 3692 984 3761 Καρκίνου
1033 3696 1082 3744 κ’
1136 3688 1337 3760 μέσηςό
1387 3689 1710 3759 μεσουρανεϊ
1759 3684 1818 3738 δὲ

251 3786 359 3838 ἀπὸ
378 3783 569 3855 Χηλῶν
608 3783 672 3848 ιζ’
700 3782 805 3847 ἕως
840 3782 1106 3854 Σκορπίου
1147 3780 1233 3851 ιβ’.
1263 3780 1374 3834 Καὶ
1409 3786 1458 3833 α’
1503 3779 1601 3850 μὲν
1644 3775 1818 3848 ἀστὴρ

250 3878 395 3931 δύνει
424 3880 453 3931 6
484 3880 541 3931 ἐν
568 3881 679 3941 τοῖς
711 3877 838 3929 ποσὶ
866 3875 959 3929 106
1000 3874 1275 3946 Καρκίνου
1304 3872 1564 3942 ἐκφανὴς,
1595 3869 1690 3923 καὶ
1729 3868 1815 3922 ἐπ’

251 3970 468 4034 εὐθείας
492 3970 742 4041 κείμενος
767 3968 844 4032 ὡς
865 3968 1003 4038 πρὸς
1030 3967 1181 4019 δύσιν
1208 3968 1318 4030 τοῖς
1348 3963 1686 4035 νοτιωτέροις
1706 3962 1818 4023 τοῖς

252 4062 382 4133 περὶ
413 4061 473 4114 16
510 4060 751 4129 νεφέλιον
780 4058 841 4112 τὸ
869 4061 925 4112 ὲν
951 4056 1029 4128 τῷ
1055 4057 1336 4127 Καρκίνῳ,
1364 4054 1586 4125 ἔσχατος
1611 4053 1666 4105 δὲ
1705 4053 1733 4104 6
1760 4053 1818 4104 ἐν

254 4153 401 4224 ἄκρᾳ
428 4153 494 4223 τῇ
527 4151 711 4222 βορείᾳ
740 4150 892 4221 Χηλῇ
935 4147 1027 4202 τοῦ
1072 4148 1369 4220 Καρκίνου.
1410 4144 1817 4216 Μεσουρανοῦσι

251 4249 310 4302 δὲ
336 4247 445 4301 τῶν
473 4246 646 4302 ἄλλων
678 4245 920 4317 ἀστέρων
947 4244 1041 4297 τοῦ
1069 4261 1128 4296 τε
1166 4235 1375 4296 Βοῶτου
1399 4244 1428 4296 6
1450 4241 1622 4309 δεξιὸς
1658 4240 1815 4307 ποῦς,

254 4340 348 4394 καὶ⁵
374 4339 487 4393 τῶν
530 4338 723 4410 Χηλῶν
752 4339 781 4391 6
810 4340 865 4390 ὲν
893 4336 1038 4409 ἄκρᾳ
1062 4337 1126 4406 τῇ
1161 4335 1313 4407 νοτίᾳ
1343 4335 1493 4406 Χηλῇ
1532 4333 1780 4405 λαμπρός
1802 4352 1813 4363 ·

255 4429 482 4501 ἔσχατον
506 4430 562 4482 δὲ
605 4426 993 4499 μεσουρανοῦσι
1030 4425 1124 4479 τοῦ
1149 4443 1208 4479 τε
1243 4427 1330 4478 Ἐν
1353 4425 1571 4494 γόνασιν
1599 4428 1627 4479 6
1659 4426 1716 4477 ἐν
1741 4421 1819 4493 τῷ

253 4521 409 4593 δεξιῷ
440 4520 703 4593 βραχίονι,
737 4525 784 4588 γ’
812 4517 885 4571 ὥν
915 4518 1024 4572 ἀπὸ
1062 4516 1153 4571 τοῦ
1186 4515 1358 4582 δεξιοῦ
1394 4515 1566 4587 ὥμου,
1600 4515 1693 4569 καὶ
1724 4513 1818 4567 τοῦ

252 4613 520 4684 Σκορπίου
549 4613 576 4664 6
605 4616 674 4679 γ’,
701 4610 796 4664 καὶ
824 4611 852 4662 6
886 4609 947 4672 δ’,
972 4609 1066 4661 καὶ
1091 4608 1119 4660 6
1146 4614 1187 4660 ε’
1217 4606 1502 4677 σφόνδυλος
1540 4604 1647 4658 τῶν
1680 4602 1819 4676 μετά

2056 3346 2159 3402 "De
2189 3345 2463 3401 duodecim
2492 3345 2782 3415 imaginum
2809 3343 2934 3399 ccli
2955 3342 3306 3398 descensione.

1981 3521 2099 3578 Xll.
2134 3522 2367 3587 Rursus,
2391 3522 2671 3578 occidente
2694 3522 2928 3587 Cancro,
2952 3521 3235 3578 descendit
3261 3538 3382 3577 cum
3410 3538 3476 3581 eo

1916 3614 2175 3669 zodiacus
2219 3627 2250 3666 a
2286 3612 2457 3683 gradu
2501 3612 2853 3668 Geminorum
2898 3612 2968 3666 27
3005 3612 3073 3667 ad
3111 3612 3310 3667 Cancri
3363 3629 3478 3668 me-

1917 3705 2062 3759 diam
2094 3704 2197 3771 20;
2243 3705 2509 3758 culminat
2542 3719 2575 3758 a
2624 3704 2914 3759 Chelarum
2939 3704 3005 3758 17
3033 3704 3101 3759 ad
3140 3703 3352 3774 Scorpii
3384 3704 3472 3759 12.

1916 3792 2100 3847 Prima
2150 3793 2307 3848 stella
2357 3792 2561 3847 occidit
2602 3793 2804 3859 lucida,
2849 3809 2969 3864 quae
3013 3801 3097 3849 est
3143 3793 3199 3847 in
3246 3794 3476 3864 pedibus

1916 3885 2137 3953 Caneri,
2171 3885 2224 3940 in
2262 3886 2532 3942 directum
2563 3886 2761 3956 posita,
2795 3887 2863 3941 ad
2893 3899 3148 3943 occasum
3186 3887 3477 3942 australio—

1918 3995 2009 4035 res
2049 3979 2366 4049 respiciens,
2420 3994 2542 4050 qua}
2583 3979 2732 4034 circa
2785 3980 3111 4035 nubeculam
3155 3979 3213 4034 in
3263 3979 3477 4035 Cancro

1918 4077 2076 4137 sunt;
2117 4070 2328 4137 ultima,
2369 4085 2492 4140 quae
2517 4077 2602 4126 est
2641 4071 2696 4125 in
2726 4071 3068 4127 extremitate
3097 4071 3332 4126 borealis
3365 4071 3478 4125 foro-

1918 4161 2057 4231 cipis
2113 4159 2349 4228 Cancri;
2417 4168 2735 4216 caeterarum
2797 4161 3074 4215 stellarum
3138 4162 3474 4226 culminant,

1918 4249 2100 4306 Bootae
2130 4266 2225 4320 pes
2253 4250 2473 4317 dexter;
2506 4260 2560 4305 et
2598 4250 2888 4305 Chelarum
2925 4251 3125 4313 lucida,
3162 4266 3282 4321 quae
3305 4260 3388 4307 est
3418 4253 3476 4307 in

1918 4342 2263 4398 extremitate
2291 4342 2547 4397 australis
2584 4340 2798 4407 Chelaa;
2839 4350 3114 4411 postremo
3147 4344 3471 4407 culminant,

1919 4451 2040 4506 quae
2065 4442 2150 4490 est
2174 4434 2226 4488 in
2253 4433 2480 4489 brachio
2509 4434 2698 4490 dextro
2721 4436 3043 4506 Ingeniculi,
3074 4445 3127 4493 et
3156 4445 3240 4494 est
3270 4438 3338 4492 ab
3372 4438 3477 4493 hu-

1919 4538 2071 4579 mero
2099 4523 2291 4578 dextro
2320 4523 2507 4589 tertia;
2545 4523 2673 4578 item
2702 4521 2917 4593 Scorpii
2951 4525 3131 4590 tertia,
3172 4534 3385 4597 quarta,
3421 4534 3477 4583 et

1921 4612 2110 4682 quinta
2140 4612 2393 4667 vertebra
2427 4627 2612 4666 earum
2643 4628 2764 4682 quae
2793 4623 2921 4669 sunt
2956 4622 3082 4685 post
3121 4623 3331 4687 pectus.
3366 4614 3476 4671 0c-

251 4703 310 4757 16
342 4701 558 4773 στῆθος.
602 4700 756 4754 Δύνει
787 4699 844 4753 δὲ
881 4700 909 4752 6
941 4697 1210 4770 Καρκίνος
1263 4698 1321 4751 ὲν
1361 4695 1480 4768 ὥρᾳ
1533 4702 1583 4748 α’
1626 4695 1719 4749 καὶ
1768 4699 1815 4762 γ’

1922 4703 2053 4758 cidit
2073 4702 2282 4758 Cancer
2310 4703 2445 4757 hora
2475 4702 2529 4769 1,
2558 4703 2663 4760 56’.

254 4814 322 4849 πε
329 4813 479 4867 μπτη
489 4793 715 4866 μορίοις.

323 4908 428 4963 Τοῦ
453 4908 509 4960 δὲ
525 4906 751 4968 Λέοντος
781 4903 1046 4967 δύνοντος,
1066 4899 1450 4970 συγκαταδύνει
1481 4898 1578 4969 μὲν
1606 4894 1753 4968 αὐτῷ
1787 4897 1817 4948 6

255 5000 515 5067 ζωδιακὸς
535 4999 641 5051 ἀπὸ
656 4995 929 5067 Καρκίνου
958 4993 1066 5066 μοί.
1094 4991 1141 5046 α’
1162 4993 1255 5046 καὶ
1283 4999 1330 5045 κ’
1355 4991 1525 5063 μέσης
1540 4991 1643 5053 ἕως
1666 4989 1813 5059 Παρ-

254 5096 408 5149 θένου
433 5094 542 5165 μοί.
568 5093 646 5146 ιδ”
670 5091 988 5162 μεσουρανεί
1006 5088 1062 5141 δὲ
1083 5087 1188 5140 ἀπὸ
1208 5087 1471 5154 Σκορπίου
1498 5083 1608 5155 μοί.
1629 5090 1696 5151 ιγ’
1712 5082 1816 5145 ἕως

254 5186 482 5250 Τοξότου
508 5190 555 5238 α’
587 5183 681 5236 καὶ
704 5189 751 5236 κ’
780 5181 969 5252 μέσης.
1001 5180 1110 5233 Καὶ
1135 5185 1183 5231 α’
1215 5180 1312 5248 μὲν
1342 5177 1513 5249 ἀστὴρ
1551 5176 1693 5229 δύνει
1724 5173 1815 5228 τοῦ

252 5277 480 5341 Λέοντος
531 5279 560 5329 6
604 5278 661 5328 ὲν
706 5278 817 5338 τοῖς
843 5273 1194 5345 ἐμπροσθίοις
1240 5271 1415 5333 ποσὶν,
1450 5270 1673 5340 ἔσχατος
1698 5267 1755 5321 δὲ
1787 5268 1816 5320 6

251 5371 310 5422 ὲν
335 5369 482 5440 ἄκρᾳ
503 5371 570 5438 τῇ
600 5367 754 5439 οὐρᾷ.
781 5368 1118 5437 Μεσουρανεῖ
1142 5366 1198 5418 δὲ
1223 5364 1331 5419 τῶν
1368 5362 1540 5416 ἄλλων
1568 5361 1815 5431 ἀστέρων

252 5461 311 5512 ἐν
361 5459 459 5529 μὲν
502 5459 568 5528 τῇ
598 5458 739 5527 ἀρχῇ
775 5457 874 5525 τῆς
913 5455 1115 5519 δύσεως
1157 5454 1252 5509 τοῦ
1307 5471 1366 5508 τε
1407 5454 1494 5507 Ἐν
1526 5453 1745 5521 γόνασιν
1789 5453 1819 5504 6

254 5549 424 5617 δεξιὸς
455 5547 608 5612 ποῦς,
632 5549 725 5601 καὶ
759 5546 852 5600 τοῦ
903 5547 1182 5617 Ὀφιούχου
1234 5547 1294 5599 τὸ
1338 5545 1620 5617 ἀριστερὸν
1665 5543 1818 5612 γόνυ,

255 5641 329 5704 ὡς
395 5639 694 5710 ήμιπήχιον
774 5637 1195 5709 ὑπολειπόμενον
1250 5638 1344 5691 τοῦ
1410 5636 1816 5710 μεσημϐρινοῦ,

258 5731 350 5783 καὶ
373 5726 466 5782 τοῦ
494 5727 760 5790 Σκορπίου
786 5731 815 5781 6
851 5735 897 5781 α’
926 5729 1210 5796 σφόνδυλος
1229 5747 1241 5760 ·
1271 5730 1494 5800 ἔσχατον
1535 5730 1590 5784 δὲ
1626 5747 1820 5802 μεσου-

1987 4903 2125 4958 Cum
2165 4901 2345 4958 Leone
2383 4902 2585 4957 occidit
2632 4903 2890 4958 zodiacus
2920 4916 2951 4956 a
2982 4900 3182 4958 Cancri
3222 4908 3377 4973 parte
3404 4901 3469 4956 2|

1916 4995 2094 5049 media
2133 4993 2199 5048 ad
2232 4995 2299 5050 Μ
2338 4995 2612 5064 Virginis;
2669 4995 2951 5049 culminat'
2977 5009 3008 5048 a
3059 4993 3274 5064 Scorpii
3306 4995 3374 5047 15
3405 4993 3476 5048 ad

1925 5085 2202 5157 Sagittarii
2242 5086 2308 5139 21
2345 5086 2600 5142 mediam.
2638 5085 2819 5140 Prima
2863 5085 3063 5140 occidit
3112 5084 3311 5141 Leonis
3354 5098 3478 5155 quae

1921 5178 2080 5234 estin
2110 5177 2475 5232 anterioribus
2501 5177 2729 5246 pedibus
2754 5195 2768 5243 ;
2800 5176 3010 5240 ultima,
3045 5190 3165 5245 quae
3192 5182 3276 5229 est
3306 5175 3359 5227 in
3381 5189 3474 5228 ex-

1921 5272 2193 5327 tremitate
2216 5271 2425 5327 caudae.
2446 5270 2720 5326 Culminat
2750 5270 2980 5323 aliarum
3012 5269 3290 5324 stellarum
3322 5267 3478 5322 initio

1921 5364 2138 5436 quidem
2183 5379 2437 5427 occasus,
2475 5362 2689 5417 Gemini
2727 5377 2822 5431 pes
2854 5361 3079 5427 dexter;
3115 5367 3169 5415 et
3195 5357 3477 5429 Anguiferi

1920 5457 2204 5513 sinistrum
2227 5472 2391 5526 genu,
2417 5455 2573 5524 quasi
2605 5453 2926 5508 semicubito
2955 5452 3093 5506 citra
3116 5449 3478 5505 meridianum

1920 5548 2203 5619 positum:
2236 5556 2290 5601 et
2331 5545 2544 5614 Scorpii
2595 5544 2893 5616 spondylus
2920 5544 2982 5607 l;
3035 5549 3314 5612 postremo
3359 5540 3479 5594 eul-

1922 5640 2133 5693 minant
2154 5638 2417 5693 Draconis
2448 5636 2723 5693 borealius
2748 5643 2998 5704 tempus;
3045 5645 3098 5689 et
3129 5649 3249 5703 quae
3280 5632 3335 5685 in
3363 5646 3478 5684 me-

1923 5732 2013 5787 dio
2041 5739 2194 5802 tergo
2224 5730 2526 5802 Sagittarii,
2561 5729 2717 5800 quasi
2758 5727 3084 5785 semicubito
3111 5723 3478 5781 meridianum
