3950 6266
474 332 499 384 !
515 329 610 384 I27

1488 320 1576 375 AD
1610 316 1875 375 EUSEBII
1914 314 2306 373 CHRONICON
2347 312 2707 402 APPENDIX.

3572 311 3699 367 ωε

475 441 820 500 antecedens.
860 440 1072 499 Occidit
1104 439 1216 496 Leo
1258 437 1408 493 horis
1437 435 1491 502 2,
1541 441 1593 488 et
1633 433 1847 487 duabus
1885 430 2032 485 horae

2152 429 2353 483 ιανοῦσι
2396 426 2489 481 τοῦ
2513 445 2571 480 τε
2624 426 2925 497 Δράκοντος
2972 423 3001 476 6
3048 422 3379 494 βορειότερος
3428 423 3703 494 κρόταφος

473 533 739 604 partibus.

547 802 772 873 Virgine
811 799 1114 862 occidente,
1143 797 1402 852 zodiacus
1443 791 1728 849 descendit
1759 807 1789 845 a
1838 790 2037 847 Leonis

477 894 547 947 27
582 901 736 962 parte
768 892 834 947 ad
862 891 1039 946 Libra:
1065 891 1124 957 7;
1160 888 1423 943 culminat
1468 900 1497 939 a
1545 884 1824 956 Sagittarii
1849 884 1910 937 11
1968 882 2035 936 ad

478 983 798 1055 Capricorni
838 984 891 1037 4.
923 981 1106 1035 Prima
1152 978 1353 1035 occidit
1379 993 1441 1033 ea
1473 992 1595 1047 quae
1626 983 1712 1032 est
1746 977 1800 1029 in
1832 975 1917 1029 ala
1960 973 2035 1030 si-

478 1075 686 1141 niStra;
718 1074 928 1139 ultima,
959 1086 1080 1143 qua:
1115 1079 1200 1126 est
1236 1070 1293 1123 in
1326 1070 1494 1124 boreo
1527 1068 1680 1138 pede.
1725 1066 2037 1121 Culminant

480 1167 709 1221 aliarum
747 1166 1045 1229 stellarum,
1080 1162 1234 1217 initio
1261 1160 1477 1232 quidem
1508 1157 1775 1229 Ophiuchi
1799 1156 2036 1212 secunda

484 1258 556 1313 ab
580 1256 920 1312 extremitate
945 1253 1109 1324 139
1133 1253 1341 1308 caudae.
1372 1251 1503 1306 Item
1552 1251 1607 1304 in
1642 1249 1922 1320 Sagittarii
1958 1250 2037 1302 Ia-

482 1350 691 1404 terculo
722 1346 1048 1402 antecedens
1087 1344 1491 1407 obscuriorum,
1524 1357 1645 1413 quae
1680 1341 1734 1395 in
1770 1341 2037 1411 oppositis

482 1449 611 1495 sunt
657 1437 911 1509 angulis;
966 1444 1247 1506 postremo
1294 1435 1619 1501 culminant,
1666 1433 1866 1498 lucida,
1919 1447 2039 1505 quae

480 1538 566 1586 est
598 1530 653 1584 in
695 1528 872 1585 medio
904 1542 1135 1596 corpore
1172 1526 1382 1599 Cygni;
1412 1535 1468 1582 et
1508 1526 1800 1581 australior
1842 1539 2037 1580 succe-

479 1620 722 1676 dentium
781 1620 834 1674 in
881 1619 1111 1674 rhombo
1152 1618 1421 1689 Delphini.
1473 1617 1687 1673 Occidit
1729 1615 1895 1688 Virgo
1943 1616 2040 1672 ho-

476 1713 557 1770 ris
582 1712 639 1776 2,
671 1711 773 1765 12'.

550 1969 689 2029 XIII.
719 1970 900 2026 Chelat
936 1984 1058 2025 cum
1087 1967 1366 2035 occidunt,
1410 1966 1691 2024 descendit
1714 1981 1819 2021 una
1859 1965 2044 2021 zodia-

482 2083 582 2124 cus
615 2063 961 2121 aChelarum
1016 2069 1170 2133 parte
1218 2061 1284 2115 I7
1322 2059 1499 2115 media
1549 2058 1616 2112 ad
1672 2056 1884 2128 Scorpii
1940 2057 2040 2125 I5;

483 2158 745 2214 culminat
793 2172 825 2211 a
872 2155 1187 2227 Capricorni
1245 2162 1400 2225 parte
1456 2154 1522 2208 10
1566 2151 1633 2206 ad
1683 2151 1753 2207 28
1784 2150 2039 2206 mediam.

480 2250 639 2308 Prior
670 2250 872 2306 occidit
896 2249 1075 2312 stella,
1107 2245 1286 2301 lucida
1315 2260 1436 2316 quae
1470 2251 1553 2300 est
1599 2245 1655 2298 in
1701 2242 2043 2299 extremitate

483 2345 741 2401 australis
770 2344 976 2410 Chelas;
1035 2341 1250 2405 ultima,
1280 2355 1400 2411 quae
1426 2347 1511 2395 est
1536 2342 1592 2392 in
1623 2336 1824 2392 boreali
1854 2335 2040 2391 Cbela.

482 2439 816 2495 Caeterarum
868 2434 1149 2491 stellarum
1203 2431 1537 2495 culminant,
1581 2428 1758 2491 initio,
1811 2425 2044 2481 maxime

481 2532 717 2588 borealis
747 2529 930 2594 exiis,
970 2542 1090 2598 quae
1118 2535 1247 2583 sunt
1276 2526 1331 2579 in
1381 2525 1467 2578 ala
1505 2523 1718 2587 dextra,
1752 2518 2044 2574 novissime

484 2638 605 2696 quae
627 2623 685 2679 in
707 2637 802 2679 ore
828 2619 962 2692 Equi
986 2618 1185 2674 lucida.
1208 2614 1476 2672 Occidunt
1500 2614 1680 2670 Chelze
1704 2612 1838 2667 hora
1869 2608 2040 2676 1,15’.

556 2886 690 2942 Cum
745 2883 971 2954 Scorpio
1018 2881 1246 2938 cadente
1294 2879 1493 2935 occidit
1548 2892 1656 2933 una
1703 2875 1961 2933 zodiacus
2012 2888 2044 2928 a

486 2986 640 3050 parte
669 2977 736 3032 15
762 2976 940 3032 media
960 2974 1252 3030 Chelarum
1297 2972 1364 3027 ad
1397 2971 1611 3041 Scorpii
1633 2969 1665 3024 6
1689 2986 1703 3035 ;
1732 2969 1990 3024 culminat
2012 2980 2044 3020 a

487 3069 808 3140 Capricorni
834 3067 1014 3124 media
1047 3066 1161 3121 7nd
1186 3063 1503 3134 Capricorni
1525 3062 1615 3116 22.
1649 3059 1805 3115 Prior
1848 3058 2045 3114 occidit

490 3162 646 3218 stella
667 3175 787 3232 quae
837 3169 923 3216 est
958 3159 1014 3213 in
1043 3159 1077 3212 3
1106 3157 1407 3229 spondylo;
1461 3163 1737 3226 postrema
1776 3150 2047 3207 borealior

489 3267 697 3317 earum,
718 3265 838 3321 qua:
867 3258 994 3306 sunt
1024 3251 1080 3305 in
1126 3249 1322 3304 fronte.
1356 3246 1704 3317 Reliquarum
1770 3246 2047 3299 stellarum

491 3344 809 3408 culminant,
842 3343 995 3397 initio
1018 3341 1237 3412 quidem
1273 3353 1462 3395 earum
1487 3353 1608 3409 qua:
1646 3338 1701 3392 in
1742 3337 1826 3390 ala
1859 3335 2048 3390 dextra

488 3435 682 3507 Cygni,
714 3433 912 3498 media,
954 3433 1111 3504 quasi
1140 3431 1459 3487 scmicubito
1500 3430 1636 3486 citra
1686 3427 2047 3482 meridianum

489 3528 699 3600 posita;
727 3533 780 3581 et
810 3509 1080 3580 borealior
1111 3537 1299 3579 earum
1323 3536 1444 3592 quas
1489 3529 1615 3576 sunt
1644 3520 1701 3575 in
1729 3519 2049 3591 Capricorni

489 3619 718 3690 genibus
747 3635 762 3673 :
787 3617 1081 3673 novissime
1108 3615 1431 3679 culminant,
1452 3611 1634 3667 lucida
1665 3611 1720 3665 in
1752 3610 1926 3665 cauda
1944 3609 2051 3680 Cy-

489 3712 581 3782 gni
619 3710 814 3778 media,
832 3719 886 3764 et
901 3708 1218 3778 Capricorni
1236 3706 1551 3778 praecedens
1572 3705 1896 3769 lucidarum,
1930 3717 2051 3773 quae

491 3802 547 3855 in
580 3801 775 3864 cauda,
806 3818 837 3854 a
864 3800 1168 3854 meridiano
1213 3798 1473 3854 deﬁciens
1527 3799 1685 3854 besse
1716 3795 1830 3852 fere
1857 3795 2045 3851 cubiti.

490 3894 703 3950 Occidit
736 3892 997 3965 Scorpius
1022 3892 1156 3947 hora
1185 3892 1236 3948 1.

562 4154 856 4212 Occidente
888 4154 1213 4227 Sagittario,
1246 4152 1526 4209 descendit
1568 4166 1677 4206 una
1727 4149 1980 4205 zodiacus
2019 4164 2050 4204 a

494 4259 644 4319 parte
674 4245 886 4316 Scorpii
918 4247 953 4301 5
980 4245 1047 4300 ad
1087 4243 1363 4315 Sagittarii
1389 4243 1459 4296 2'1
1483 4241 1715 4298 mediam
1743 4259 1757 4309 ;
1785 4242 2050 4296 culminat

493 4355 523 4393 a
555 4339 871 4409 Capricorni
890 4337 960 4393 20
988 4337 1057 4392 ad
1106 4336 1342 4394 Piscium
1377 4336 1411 4391 5
1437 4336 1689 4391 mediam.
1744 4334 1923 4390 Prima
1960 4349 2051 4389 oc-

2132 520 2227 572 καὶ
2252 519 2344 572 τοῦ
2372 519 2600 584 Τοξότου
2627 520 2655 570 6
2697 519 2754 570 ὲν
2790 516 2941 587 μέσῳ
2957 514 3037 586 τῷ
3060 513 3230 584 νώτῳ,
3272 515 3347 579 ὡς
3402 516 3704 587 ἡμιπήχιον

2134 611 2539 683 προηγούμενος
2564 608 2658 663 τοῦ
2688 605 3079 678 μεσημϐρινοῦ.
3110 605 3266 661 Δύνει
3304 606 3361 659 δὲ
3398 608 3429 660 6
3466 606 3625 661 Λέων
3650 612 3705 663 ὲν

2132 702 2301 775 ὥραις
2335 701 2378 771 β’
2418 701 2510 754 καὶ
2541 701 2664 753 δυσὶ
2703 700 2922 771 μέρεσιν
2948 698 3115 770 ὧρας.

2203 793 2316 864 Τῆς
2341 792 2397 846 δὲ
2422 791 2693 862 Παρθένου
2722 789 3000 860 δυνούσης,
3026 790 3412 858 συγκαταδύνει
3440 793 3546 861 μὲν
3571 791 3704 863 αὐτῇ

2133 889 2162 939 6
2195 884 2453 949 ζωδιακὸς
2502 884 2610 940 ἀπὸ
2655 884 2884 948 Λέοντος
2928 883 2972 948 ζ’
3007 884 3101 936 καὶ
3139 881 3189 935 κ’
3223 884 3332 952 μοι.
3370 885 3478 947 ἕως
3512 884 3707 954 Χηλῶν

2134 977 2180 1041 ζ’
2199 994 2211 1007 ·
2248 980 2571 1050 μεσουρανεί
2604 977 2661 1030 δὲ
2706 978 2812 1031 ἀπὸ
2841 976 3065 1042 Τοξότου
3091 983 3171 1043 ια’
3197 976 3303 1040 ἕως
3332 976 3711 1049 Αἰγοκέρωτος

2133 1072 2195 1124 δ’.
2226 1071 2336 1123 Kal
2357 1075 2403 1122 α’
2434 1069 2532 1140 μὲν
2563 1068 2738 1140 ἀστὴρ
2774 1069 2917 1123 δύνει
2960 1070 2989 1122 6
3031 1071 3090 1123 ὲν
3134 1068 3280 1140 ἄκρᾳ
3325 1073 3391 1141 τῇ
3441 1072 3711 1143 ἀριστερᾷ

2135 1164 2366 1235 πτέρυγι
2384 1181 2396 1193 ’
2426 1162 2652 1234 ἔσχατος
2676 1162 2732 1216 δὲ
2757 1163 2785 1215 6
2822 1164 2878 1215 ὲν
2901 1160 2980 1232 τῷ
3003 1161 3199 1233 βορείῳ
3244 1161 3379 1214 ποδί.
3417 1162 3711 1233 Msa-0096-

2135 1256 2283 1312 νοῦσι
2311 1256 2367 1308 δὲ
2394 1255 2503 1308 τῶν
2527 1255 2701 1308 ἄλλων
2735 1254 2980 1328 ἀστέρων
3024 1255 3082 1309 ἐν
3114 1254 3211 1328 μὲν
3250 1256 3317 1325 τῇ
3343 1256 3488 1325 ἀρχῇ
3526 1253 3624 1307 τοῦ
3656 1270 3711 1306 τε

2148 1345 2429 1417 Ὀφιούχου
2459 1345 2489 1396 6
2515 1344 2558 1414 β’
2590 1345 2684 1397 ἀπ’
2712 1325 2886 1416 ἄκρας
2916 1345 3013 1415 τῆς
3049 1325 3234 1416 οὐρᾶς,
3281 1345 3375 1397 καὶ
3413 1343 3513 1397 τοῦ
3548 1342 3710 1409 Τοξό-

2134 1454 2230 1492 του
2256 1436 2363 1489 τῶν
2388 1437 2447 1489 ὲν
2475 1434 2555 1506 τῷ
2579 1435 2963 1507 τετραπλεύρῳ
2999 1439 3027 1489 6
3058 1436 3357 1508 ἡγούμενος
3388 1437 3501 1490 τῶν
3538 1437 3713 1508 ἀμαυ-

2138 1526 2373 1599 ροτέρων
2409 1524 2776 1594 ἀντιγωνίωνο
2821 1523 3044 1594 ἔσχατον
3077 1524 3142 1589 ,δὲ
3183 1526 3584 1598 μεσουρανοῦσι
3620 1525 3712 1580 τοῦ

2135 1636 2197 1673 τε
2231 1617 2479 1691 Ὄρνιθος
2512 1620 2541 1671 6
2577 1620 2635 1672 ὲν
2670 1619 2817 1689 μέσῳ
2844 1618 2921 1689 τῷ
2948 1618 3156 1689 σώματι
3184 1620 3452 1693 λαμπρὸς,
3492 1622 3589 1675 καὶ
3620 1621 3711 1675 τοῦ

2140 1710 2391 1781 Δελφῖνος
2415 1710 2522 1763 τῶν
2550 1712 2607 1764 ὲν
2639 1709 2714 1780 τῷ
2742 1710 2929 1783 ῥόμϐῳ
2951 1712 2980 1763 6
3023 1710 3342 1783 νοτιώτερος
3372 1712 3484 1765 τῶν
3520 1714 3712 1785 ἑπομέ-

2067 1780 2115 1840 Β
2141 1780 2265 1854 νων.
2290 1798 2442 1852 Δύνει
2471 1799 2529 1852 δὲ
2570 1801 2603 1869 ἡ
2648 1780 2919 1870 Παρθένος
2956 1801 3015 1853 ὲν
3052 1798 3222 1872 ὦραις
3251 1780 3308 1871 “β’
3340 1802 3437 1856 καὶ
3476 1780 3713 1875 πέμπτῳ

2146 1890 2317 1962 μέρει.

2210 1983 2309 2037 Il".
2346 1984 2514 2038 Ὅταν
2542 1982 2597 2036 δὲ
2623 1984 2679 2036 αἱ
2719 1983 2897 2054 Χηλαὶ
2929 1983 3146 2047 δύνωσι.
3193 1986 3588 2055 συγκαταδύνει
3615 1987 3710 2058 μὲν

2142 2076 2332 2140 αὑταῖς
2356 2078 2386 2129 6
2440 2074 2700 2141 ζωδιακὸς
2742 2076 2851 2129 ἀπὸ
2899 2077 3092 2144 Χηλῶν
3137 2078 3247 2148 μοί.
3287 2077 3349 2142 ιζ’
3389 2080 3568 2151 μέσης
3611 2081 3711 2145 ἓως

2141 2166 2410 2239 Σκορπιου
2446 2167 2555 2238 μοι.
2601 2174 2692 2220 ιε’·
2727 2171 3050 2240 μεσουρανεῖ
3075 2168 3255 2223 δὲάπὸ
3277 2170 3562 2242 Αἰγόκερω

2145 2257 2175 2310 ι’
2205 2257 2309 2323 ἕως
2355 2260 2638 2330 Αιγόκερω
2684 2259 2794 2330 μοί.
2829 2258 2879 2331 η’
2918 2260 3011 2314 καὶ
3047 2261 3097 2316 κ’
3142 2261 3335 2332 μέσης.
3379 2264 3493 2316 Kal
3536 2270 3586 2316 α’
3618 2264 3712 2334 μὲν

2140 2348 2314 2420 ἀστὴρ
2344 2348 2488 2403 δύνει
2509 2352 2538 2404 6
2565 2352 2623 2405 ὲν
2650 2350 2795 2422 ἄκρᾳ
2813 2353 2879 2422 τῇ
2900 2350 3053 2421 νοτία
3070 2351 3219 2423 Χηλῇ
3251 2352 3524 2423 λαμπρὸς,
3550 2354 3711 2425 ἔσχαο

2140 2457 2230 2504 τος
2249 2440 2307 2494 δὲ
2328 2443 2357 2495 6
2387 2442 2445 2495 ὲν
2485 2442 2625 2515 μέσῃ
2655 2446 2721 2514 τῇ
2767 2443 2962 2516 βορείῳ
2994 2443 3168 2515 Χηλῇ.
3205 2446 3617 2517 Μεσουρανοῦσι
3660 2447 3713 2501 δὲ

2141 2531 2247 2585 τῶν
2280 2531 2454 2587 ἀλλων
2492 2534 2736 2605 ἀστέρων
2768 2536 2827 2588 ὲν
2866 2535 2965 2606 μὲν
2994 2538 3059 2607 τῇ
3105 2539 3246 2608 ἀρχῇ
3275 2538 3368 2591 τοῦ
3405 2539 3657 2611 Ὄρνιθος
3686 2543 3714 2594 6

2145 2622 2478 2695 βορειότατος
2526 2625 2636 2679 τῶν
2669 2626 2727 2678 ὲν
2756 2628 2820 2697 τῇ
2854 2624 3003 2698 δεξιᾷ
3035 2627 3284 2698 πτέρυγι,
3319 2629 3547 2700 ἔσχατον
3592 2631 3649 2683 δὲ
3686 2633 3713 2685 6

2142 2716 2199 2769 ὲν
2225 2714 2303 2786 τῷ
2343 2717 2566 2788 στόματι
2610 2717 2702 2771 τοῦ
2738 2718 2934 2773 Ἵππου
2983 2718 3251 2791 λαμπρός.
3284 2721 3514 2781 Δύνουσι
3566 2722 3626 2776 δὲ
3659 2724 3714 2776 αἱ

2141 2805 2320 2877 Χηλαὶ
2350 2810 2407 2860 ὲν
2438 2806 2557 2878 ὥρα
2581 2806 2630 2860 α’
2656 2807 2751 2861 καὶ
2785 2806 2828 2860 δ’
2863 2807 3040 2880 μέρει.

2211 2898 2317 2952 Τοῦ
2344 2898 2402 2951 δὲ
2425 2899 2692 2969 Σκορπίου
2722 2898 2986 2963 δύνοντος,
3016 2900 3406 2969 συγκαταδύνει
3440 2902 3544 2971 μὲν
3569 2901 3714 2972 αὐτῷ

2143 2990 2172 3043 6
2201 2989 2461 3053 ζωδιακὸς
2492 2989 2601 3044 ἀπὸ
2630 2989 2825 3060 Χηλῶν
2859 2989 2967 3061 μοί.
3007 2989 3073 3058 ιγ’
3107 2990 3278 3062 μέσης
3316 2990 3420 3055 ἕως
3446 2992 3712 3064 Σκορπίου

2073 3115 2118 3177 c
2150 3081 2381 3177 μοῦς’·
2417 3084 2738 3177 μεσουρανεί
2783 3081 2839 3135 δὲ
2883 3082 2990 3135 ἀπὸ
3018 3080 3300 3152 Αἱγόκερω
3330 3082 3372 3147 ζ’
3403 3082 3580 3154 μέσης
3616 3084 3716 3147 ἕως

2147 3173 2425 3244 Δίγόκερω
2451 3172 2497 3243 β’
2524 3172 2617 3225 καὶ
2645 3180 2713 3228 κ’.
2748 3174 2858 3226 Kal
2879 3172 2928 3227 α’
2962 3173 3059 3244 μὲν
3081 3174 3254 3246 ἀστὴρ
3279 3174 3423 3228 δύνει
3449 3178 3479 3229 6
3508 3176 3603 3228 ἐπὶ
3626 3175 3715 3229 τοῦ

2146 3264 2197 3336 γ’
2230 3263 2516 3334 σφονδύλου
2542 3263 2814 3335 κείμενος,
2843 3263 3067 3335 ἔσχατον
3097 3265 3153 3318 δὲ
3179 3267 3207 3318 6
3242 3264 3587 3338 βορειότερος
3612 3266 3714 3318 τῶν

2147 3357 2203 3409 ἐν
2228 3354 2304 3427 τῷ
2334 3353 2588 3427 μετώπῳ.
2617 3354 3026 3426 Μεσουρανοῦσι
3049 3355 3244 3408 δὲτῶν
3270 3355 3446 3409 ἄλλων
3472 3356 3715 3426 ἀστέρων

2149 3449 2206 3501 ὲν
2230 3447 2328 3519 μὲν
2352 3451 2418 3519 τῇ
2449 3448 2589 3519 ἀρχῇ
2623 3445 2715 3500 τοῦ
2747 3447 2995 3519 Ὄρνιοος
3017 3449 3046 3501 6
3077 3447 3238 3517 μέσος
3260 3449 3365 3505 τῶν
3391 3452 3452 3503 ὲν
3477 3452 3546 3520 τῇ
3573 3450 3717 3520 δεξιᾷ

2147 3539 2396 3610 πτέρυγι,
2433 3538 2850 3608 ὑπολειπόμενος
2895 3538 2970 3602 ὡς
3010 3541 3307 3611 ήμιπήχιον
3350 3538 3446 3594 τοῦ
3500 3557 3715 3611 μεσημ-

2149 3629 2354 3703 ϐρινοῦ,
2389 3630 2482 3685 καὶ
2508 3629 2600 3684 τοῦ
2633 3630 2915 3702 Αἰγόκερω
2948 3633 2976 3684 6
3006 3631 3340 3705 βορειότερος
3378 3632 3492 3686 τῶν
3527 3636 3587 3687 ἐν
3610 3636 3717 3697 1:03;

2146 3721 2366 3789 γόνασιν
2386 3736 2399 3749 ·
2431 3719 2656 3792 ἔσχατον
2682 3720 2737 3773 δὲ
2776 3720 3166 3792 μεσουρανοῦσι
3198 3722 3291 3775 τοῦ
3318 3739 3376 3775 τε
3407 3722 3663 3795 Ὄρνιθος
3690 3725 3718 3776 6

2148 3812 2204 3865 ὲν
2238 3810 2378 3883 μέσῃ
2399 3812 2466 3881 τῇ
2497 3811 2634 3882 οὐρᾷ
2656 3810 2928 3883 λαμπρὸς,
2958 3812 3052 3866 καὶ
3080 3811 3171 3866 τοῦ
3197 3814 3480 3885 Αἱγόκερω
3505 3817 3535 3869 6
3565 3814 3717 3886 ἡγού-

2151 3921 2309 3975 μενος
2346 3903 2453 3958 τῶν
2489 3905 2547 3958 ὲν
2575 3908 2638 3976 τῇ
2665 3904 2801 3976 οὐρᾷ
2840 3903 3127 3977 λαμπρῶν,
3162 3905 3594 3977 ὑπολειπόμενος
3626 3906 3715 3961 τοῦ

2151 3995 2517 4068 μεσημϐρινοῦ
2545 3996 2621 4060 ὡς
2643 3995 2688 4066 β’
2723 3995 2863 4067 μέρη
2895 3996 3133 4068 πήχεως.
3162 3995 3316 4050 Δύνει
3346 3995 3404 4050 δὲ
3446 3997 3715 4070 Σκορπὶος

2148 4088 2205 4141 ὲν
2229 4086 2346 4159 ὥρᾳ
2371 4087 2440 4141 α’.

2217 4175 2322 4229 Τοῦ
2356 4175 2412 4243 δὲ
2452 4175 2678 4241 Τοξότου
2715 4175 2978 4245 δύνοντος,
3014 4176 3400 4246 συγκαταδύνει
3439 4178 3540 4248 μὲν
3574 4177 3713 4250 αύτῷ

2146 4268 2176 4321 6
2208 4264 2465 4331 ζωδιακὸς
2493 4265 2602 4320 ἀπὸ
2632 4266 2900 4337 Σκορπίου
2933 4266 3043 4337 μοι.
3076 4266 3125 4335 γ’
3153 4267 3255 4330 ἕως
3285 4265 3517 4332 Τοξότου
3552 4267 3597 4332 ζ’
3626 4271 3715 4322 καὶ

2148 4356 2198 4411 κ’
2226 4357 2425 4428 μέσης·
2475 4365 2793 4429 μεσουρανεῖ
2823 4358 2878 4411 δὲ
2917 4358 3025 4412 ἀπὸ
3069 4359 3348 4430 Αἰγόκερω
3384 4361 3499 4429 μοί.
3532 4361 3584 4415 κ’
3615 4362 3715 4426 ἕως

493 4431 625 4486 cidit
646 4430 824 4485 lucida
861 4431 1179 4501 posterioris
1206 4430 1390 4501 pedis;
1443 4430 1633 4485 ultima
1663 4428 1933 4484 borealior
1953 4441 2045 4482 ea—

2162 4447 2378 4519 Ἰχθύων
2409 4455 2449 4501 ε’
2479 4428 2671 4520 μέσης.
2705 4450 2816 4503 Καὶ
2838 4449 2887 4503 α’
2920 4450 3016 4520 μὲν
3041 4450 3212 4522 ἀστὴρ
3234 4428 3435 4504 δύνει.ίὸ
3466 4452 3716 4524 λαμπρὸς

492 4539 635 4589 rum,
667 4539 786 4594 quae
807 4531 934 4579 sunt
962 4524 1019 4579 in
1047 4539 1197 4595 sago.
1226 4522 1554 4579 Ceterarum
1587 4523 1861 4578 stellarum
1895 4521 2049 4575 initio

494 4616 796 4671 culminant
833 4631 953 4686 quae
980 4624 1063 4672 est
1092 4617 1145 4670 in
1167 4616 1356 4671 dextra
1387 4630 1551 4670 manu
1576 4614 1776 4685 Cephei
1800 4632 1814 4681 ;
1847 4622 1902 4668 et
1934 4629 2053 4684 qua:

495 4712 550 4765 in
576 4709 716 4765 ﬂexu
742 4711 839 4764 ala:
864 4710 1098 4766 sinistrae
1129 4708 1330 4781 Cygni;
1359 4724 1459 4764 nec
1483 4723 1591 4764 non
1637 4709 1933 4765 succedens
1962 4723 2053 4763 ea-

495 4816 617 4855 rum
638 4817 757 4872 quae
778 4808 904 4857 sunt
935 4800 992 4854 in
1029 4808 1178 4871 tergo
1200 4798 1535 4870 Capricorni,
1565 4797 1920 4852 meridianum
1946 4799 2054 4852 cir-

496 4887 632 4942 citer
652 4887 978 4943 antecedens
1001 4905 1014 4952 ;
1037 4888 1332 4943 novissime
1358 4887 1680 4954 culminant,
1707 4888 1928 4943 sinister
1957 4902 2053 4957 pes

497 4980 718 5050 Cephei,
761 4989 815 5035 et
834 4995 952 5050 qua:
975 4980 1031 5034 in
1060 4980 1317 5036 umbilico
1338 4987 1424 5036 est
1452 4979 1609 5052 Equi.
1640 4980 1849 5038 Occidit
1872 4980 2052 5051 Sagit-

498 5076 668 5129 tarius
693 5075 841 5129 horis
870 5074 905 5128 5

566 5359 704 5414 XIV.
725 5361 860 5435 Cum
876 5360 1209 5432 Capricorno
1230 5360 1784 5418 descenditzodiacus
1804 5374 1834 5414 a
1856 5360 2056 5430 parte2

497 5451 814 5523 Capricorni
852 5455 918 5510 ad
963 5455 1034 5509 24
1089 5455 1358 5520 mediam;
1396 5455 1659 5510 culminat
1701 5468 1731 5507 a
1759 5453 1933 5507 media
1964 5452 2055 5506 Pi-

500 5547 675 5601 scium
703 5547 764 5600 11
798 5546 866 5601 ad
894 5546 1095 5602 Arietis
1114 5547 1167 5602 9.
1198 5546 1381 5602 Prima
1406 5547 1603 5602 occidit
1646 5547 1937 5601 australior
1964 5561 2058 5603 ea-

500 5650 621 5689 rum
652 5651 774 5705 quae
820 5637 875 5692 in
903 5637 1198 5709 geniculis;
1258 5638 1448 5691 ultima
1506 5637 1806 5693 succedens
1869 5652 2057 5694 earum

499 5740 618 5796 quae
654 5734 781 5780 sunt
819 5730 874 5783 in
911 5729 1104 5785 cauda.
1134 5729 1486 5800 Reliquarum
1536 5730 1813 5786 stellarum
1863 5731 2057 5786 culmi-

2151 4540 2179 4591 6
2208 4540 2265 4592 ὲν
2295 4537 2371 4608 τῷ
2409 4537 2635 4609 ὀπισθίῳ
2666 4538 2804 4604 ποδὶ,
2838 4538 3057 4610 ἔσχατος
3084 4540 3140 4593 δὲ
3185 4542 3214 4593 6
3243 4540 3586 4614 βορειότερος
3611 4544 3715 4597 τῶν

2152 4632 2210 4684 ὲν
2237 4633 2302 4701 τῇ
2337 4629 2601 4700 ὲφαπτίδι.
2623 4630 3026 4702 Μεσουρανοῦσι
3052 4631 3109 4686 δὲ
3134 4631 3241 4686 τῶν
3263 4633 3435 4687 ἄλλων
3469 4635 3715 4708 ἀστέρων

2153 4724 2209 4775 ὲν
2236 4722 2332 4793 μὲν
2346 4724 2411 4794 τῇ
2446 4724 2585 4793 ἀρχῇ
2612 4722 2703 4775 τοῦ
2725 4723 2958 4794 Κηφέως
2981 4725 3009 4776 6
3041 4724 3257 4795 ὲνᾶκρᾳ
3278 4728 3345 4796 τῇ
3374 4726 3526 4799 δεξιᾷ
3550 4730 3713 4800 χειρὶ,

2153 4812 2248 4865 καὶ
2269 4810 2364 4865 τοῦ
2394 4812 2640 4883 Ὄρνιθος
2667 4814 2696 4866 6
2721 4815 2778 4865 ὲν
2806 4812 2882 4884 τῷ
2910 4813 3114 4880 ἀγκῶνι
3140 4815 3239 4885 τῆς
3267 4816 3565 4889 ἀριστερᾶς
3588 4821 3715 4873 πτέ-

2156 4921 2338 4978 ρυγος,
2368 4904 2462 4958 καὶ
2483 4903 2577 4958 τοῦ
2597 4905 2878 4977 Αἰγόκερω
2899 4906 2926 4957 6
2946 4906 3207 4977 ἑπόμενος
3228 4907 3334 4961 τῶν
3352 4911 3412 4962 ὲν
3439 4910 3520 4982 τῷ
3541 4911 3713 4983 νώτῳ,

2153 4994 2558 5067 προηγούμενος
2580 4995 2673 5050 τοῦ
2698 4995 3069 5068 μεσημϐρινοῦ
3098 4997 3172 5061 ὡς
3198 5000 3529 5070 ἡμιπήχιον·
3559 5002 3717 5072 ἔσχα-

2152 5103 2243 5140 τον
2268 5087 2322 5140 δὲ
2346 5087 2736 5159 μεσουρανοῦσι
2761 5088 2854 5141 τοῦ
2877 5105 2935 5141 τε
2951 5089 3182 5161 Κηφέως
3198 5091 3224 5142 6
3244 5091 3535 5164 ἀριστερὸς
3562 5093 3711 5158 ποῦς·

2149 5181 2246 5233 καὶ
2275 5180 2367 5233 τοῦ
2394 5181 2589 5234 Ἵππου
2617 5182 2645 5233 6
2678 5182 2734 5234 ὲν
2765 5180 2841 5251 τῷ
2877 5181 3121 5254 ὀμφαλῷ.
3149 5182 3302 5236 Δύνει
3329 5183 3385 5236 δὲ
3416 5186 3447 5237 6
3482 5185 3715 5255 Τοξότης

2155 5272 2213 5323 ὲν
2244 5271 2410 5343 ὥραις
2439 5271 2507 5340 γ’.

2225 5361 2321 5415 IA’.
2359 5362 2464 5416 Τοῦ
2498 5362 2554 5415 δὲ
2586 5363 2868 5434 Αιγόκερω
2894 5363 3158 5431 δύνοντος,
3192 5365 3589 5433 συγκαταδύνει
3620 5367 3714 5437 μὲν

2156 5452 2303 5523 αὐτῷ
2326 5453 2355 5504 6
2381 5453 2640 5518 ζωδιακὸς
2662 5454 2768 5508 ἀπὸ
2790 5454 3070 5525 Αἰγόκερω
3098 5456 3207 5526 μοί.
3237 5455 3282 5526 β’
3310 5455 3415 5519 ἕως
3436 5457 3715 5527 Αῐγόκερω

2160 5546 2269 5616 μοί.
2293 5545 2332 5599 δ’
2363 5549 2455 5600 καὶ
2473 5546 2522 5600 κ’
2552 5545 2750 5618 μέσης’
2779 5550 3101 5617 μεσουρανεί
3125 5547 3181 5600 δὲ
3209 5548 3316 5603 ἀπὸ
3355 5548 3576 5620 Ἰχθύων
3604 5550 3709 5620 μοί.

2161 5643 2226 5690 ια’
2257 5637 2427 5710 μέσης
2458 5639 2561 5702 ἕως
2588 5637 2757 5708 Κριοῦ
2777 5638 2840 5692 0'.
2871 5640 2980 5692 Kal
3010 5638 3060 5691 α’
3091 5640 3186 5710 μὲν
3208 5640 3380 5712 ἀστὴρ
3404 5639 3551 5693 δύνει
3579 5641 3608 5692 6
3633 5656 3713 5692 νο-

2157 5727 2411 5801 τιώτερος
2443 5729 2548 5784 τῶν
2586 5733 2643 5786 ὲν
2664 5733 2775 5794 τοῖς
2799 5729 3083 5799 γονατίοις,
3114 5730 3334 5801 ἔσχατος
3360 5730 3417 5784 δὲ
3446 5732 3475 5784 6
3506 5730 3708 5798 ἑπόμε-
