3950 6266
272 318 412 377 “29

1247 321 1619 382 HIPPARCHI
1655 325 1748 382 AD
1782 328 2235 391 PHENOMENA
2274 334 2404 391 LIB.
2446 333 2532 391 Ill.

3393 352 3527 410 1150

269 452 361 502 νος
393 436 506 491 τῶν
552 437 613 491 έν
649 438 717 510 τῇ
750 436 907 511 οὐρᾷ.
947 439 1359 509 Μεσουρανοῦσι
1412 441 1471 496 δὲ
1522 444 1633 499 τῶν
1677 446 1819 501 ἄλλω

1958 460 2111 518 nant,
2166 452 2321 510 initio
2381 454 2604 526 quidem
2639 456 2929 514 obscurior
2952 474 3142 516 earum
3171 479 3294 535 qua:
3321 479 3449 525 sunt
3473 474 3529 529 in

268 528 517 601 ἀστέρων
544 531 604 583 ὲν
634 528 735 602 μὶν
776 534 843 603 τῇ
879 532 1020 605 ἀρχῇ
1063 532 1164 604 τῆς
1196 534 1569 600 Κασσιεπείας
1608 537 1640 589 6
1667 538 1849 609 ἀμαυ-

1951 545 2092 600 solio
2117 545 2452 618 Cassiepeae,
2477 554 2533 601 et
2568 562 2756 603 earum
2783 565 2904 621 qua:
2927 563 3056 608 sunt
3078 553 3136 609 in
3167 555 3528 618 Andromedae

268 621 492 695 961590;
516 622 626 676 τῶν
646 623 705 676 ὲν
734 622 815 695 τῷ
836 623 1031 696 δίφρῳ,
1065 624 1160 678 καὶ
1184 625 1286 697 τῆς
1327 626 1686 700 Ἀνδρομέδας
1709 633 1739 684 6
1760 630 1819 702 βο

1949 646 2189 707 pectore,
2239 638 2511 694 borealior
2537 656 2552 691 :
2581 640 2880 698 novissime
2944 644 3268 713 culminant,
3304 651 3528 711 sinister

270 712 542 786 ρειότερος
561 713 671 766 τῶν
695 715 754 768 ὲν
778 715 856 787 τῷ
878 715 1064 789 στήθει
1082 733 1096 748 ·
1128 714 1354 789 έσχατοῦ
1375 718 1433 771 δὲ
1455 737 1619 790 μεσου
1628 722 1819 794 ρανοῦσ

1949 727 2210 785 humerus
2267 728 2472 808 Persei,
2505 731 2643 786 citra
2700 732 2986 790 meridiem
3047 712 3262 795 duabus
3303 743 3527 800 circiter

264 802 361 856 τοῦ
388 820 448 857 τε
464 805 719 877 Περσέως
737 808 765 860 6
792 807 1078 881 ἀριστερὸς
1104 805 1275 879 ὦμος,
1304 809 1730 882 ὑπολειπόμενος
1748 812 1844 867 τοῦ

268 897 641 981 μεσημϐρινοῦ
673 900 749 965 ὡς
779 901 824 973 β’
856 902 996 975 μέρη
1028 905 1266 977 πήχεως.
1303 903 1460 959 Δύνει
1482 906 1540 960 δὲ
1567 910 1597 961 6
1619 909 1846 979 Δίγόκε-

264 1006 376 1060 ρως
403 990 462 1043 ἐν
491 989 610 1063 ὥρᾳ
634 990 684 1045 α’
720 992 815 1046 καὶ
842 993 888 1065 β’
915 995 1136 1067 μέρεσιν
1160 995 1330 1068 ὥρας.

334 1083 442 1137 Τοῦ
462 1083 516 1136 δὲ
554 1083 838 1157 Ὑδροχόου
858 1086 1126 1154 δύνοντος,
1147 1090 1538 1159 συγκαταδύνει
1570 1091 1671 1163 μὲν
1693 1094 1843 1167 αὐτῷ

258 1177 289 1230 6
345 1174 608 1242 ζωδιακὸς
663 1178 774 1232 ἀπὸ
823 1179 1199 1252 Αίγοκέρωτος
1247 1183 1358 1254 μοι.
1392 1183 1463 1256 ιη’
1517 1185 1690 1258 μέσης
1737 1187 1843 1253 ἕως

267 1270 557 1342 ’Υδροχόου
593 1271 686 1325 ιε”
724 1278 1047 1346 μεσουρανεί
1073 1276 1131 1329 δὲ
1163 1276 1271 1330 ἀπὸ
1302 1277 1476 1350 Κριοῦ
1514 1280 1623 1350 μοί.
1662 1281 1711 1349 γ’
1734 1282 1841 1347 ἕως

253 1361 471 1434 Ταύρου
496 1362 541 1429 ζ’
578 1362 766 1434 μέσης.
802 1364 915 1419 Καὶ
949 1365 999 1420 α’
1040 1366 1139 1437 μὲν
1165 1367 1342 1439 ἀστὴρ
1369 1368 1515 1423 δύνει
1540 1370 1570 1422 6
1602 1371 1838 1443 ήγούμελ

253 1469 344 1517 νος
372 1452 481 1508 τῶν
512 1455 570 1508 ὲν
592 1457 657 1526 τῇ
686 1457 952 1529 ἀριστερᾷ
980 1458 1145 1529 χειρὶ,
1181 1457 1406 1529 ἔσχατος
1434 1459 1493 1513 δὲ
1513 1462 1542 1514 6
1571 1461 1837 1533 ἑπόμενος

249 1544 361 1599 τῶν
389 1548 529 1619 ἐντῇ
561 1547 799 1602 κάλπιδι.
820 1550 1231 1622 Μεσουρανοῦσι
1255 1552 1314 1604 65
1340 1551 1450 1606 τῶν
1474 1552 1649 1608 ἄλλων
1677 1555 1838 1609 ἀστέ-

252 1655 363 1709 ρων
387 1639 446 1693 ὲν
479 1640 576 1710 μὲν
609 1643 675 1712 τῇ
723 1642 864 1713 ἀρχῇ
894 1641 986 1697 τοῦ
1019 1643 1272 1715 Περσέως
1307 1646 1336 1698 6
1361 1646 1421 1699 ὲν
1454 1646 1521 1716 τῇ
1564 1646 1715 1718 ἅρπῃ
1750 1663 1837 1700 νε-

249 1728 527 1802 φελοειδὴς
558 1729 654 1795 ὢν,
680 1732 893 1804 καὶτῆς
930 1722 1285 1805 Ἀνδρομέδας
1306 1736 1335 1788 6
1366 1734 1651 1808 ἀριστερὸς
1675 1736 1832 1803 ποῦς,

1945 823 2194 893 partibus
2221 824 2388 880 cubiti
2412 825 2572 881 situs.
2607 824 2817 882 Occidit
2841 827 3208 900 Capricornus
3239 834 3373 891 hora
3406 836 3434 893 1
3471 845 3526 894 et

1946 914 2161 973 duobus
2200 915 2346 973 horae
2378 916 2645 988 partibus.

2015 1095 2153 1148 Cum
2182 1094 2427 1166 Aquario
2473 1095 2731 1153 zodiacus
2784 1099 2986 1155 occidit
3014 1115 3045 1156 a
3082 1100 3405 1173 Capricorni
3437 1105 3521 1171 18,

1944 1184 2121 1239 media
2175 1186 2244 1241 ad
2300 1185 2525 1257 Aquarii
2558 1187 2656 1256 15;
2713 1188 2982 1244 culminat
3012 1192 3082 1247 ab
3130 1192 3331 1251 Arietis
3380 1197 3414 1252 5
3455 1199 3524 1253 ad

1943 1274 2108 1331 Tauri
2158 1276 2391 1332 mediam
2422 1278 2472 1331 7.
2503 1276 2667 1349 Prior
2711 1280 2915 1337 occidit
2948 1285 3127 1350 stella,
3188 1289 3523 1346 antecedens

1939 1383 2151 1436 earnm,
2187 1386 2307 1442 quat
2346 1380 2473 1427 sunt
2502 1373 2555 1426 in
2579 1372 2807 1429 sinistra
2839 1389 3040 1445 manu;
3076 1377 3288 1443 ultima,
3331 1396 3524 1437 succe-

1941 1458 2076 1516 dens
2102 1474 2312 1527 earum,
2341 1477 2463 1533 quae
2495 1463 2551 1517 in
2575 1479 2734 1519 urna.
2778 1464 3150 1537 .Reliquarum
3195 1471 3516 1538 culminant,

1939 1550 2096 1606 initio
2116 1551 2358 1622 quidem,
2410 1569 2474 1608 ea
2515 1570 2637 1625 quae
2676 1563 2763 1611 est
2820 1556 2873 1610 in
2912 1558 3082 1629 harpe
3112 1557 3299 1617 Persei
3349 1564 3522 1619 nebu-

1939 1641 2054 1695 losa
2074 1659 2088 1709 ;
2108 1648 2164 1698 et
2191 1642 2555 1701 Andromedae
2588 1661 2685 1718 pes
2726 1648 2972 1714 sinister,
3001 1651 3284 1720 paululum
3302 1664 3521 1710 antece—

1936 1728 2074 1788 dens
2102 1733 2467 1790 meridianum
2501 1752 2515 1788 :
2550 1736 2679 1790 item
2707 1736 2910 1791 Arietis
2942 1752 3129 1792 earum
3155 1754 3277 1809 quae
3306 1751 3437 1796 sunt
3464 1744 3520 1799 in

251 1820 449 1891 μικρὸν
494 1812 906 1894 προηγούμενος
946 1823 1041 1878 τοῦ
1084 1826 1493 1899 μεσημϐρινοῦτ·
1527 1828 1731 1899 ὁμοίως
1771 1830 1819 1884 δὲ

1934 1823 2133 1894 capite,
2156 1825 2370 1893 media;
2398 1826 2592 1881 ultima
2633 1843 2787 1894 vero,
2814 1844 2937 1900 qua:
2977 1837 3063 1885 est
3090 1830 3147 1884 in
3181 1830 3347 1886 Tauri
3393 1850 3519 1889 sca-

246 1911 341 1965 καὶ
366 1911 461 1965 τοῦ
490 1913 662 1985 Κριοῦ
684 1916 712 1967 ὁ
740 1913 904 1986 μέσος
925 1914 1035 1969 τῶν
1060 1917 1118 1970 ὲν
1137 1920 1203 1990 τῇ
1235 1919 1443 1991 κεφαλῇ
1470 1937 1484 1951 σ
1513 1918 1740 1991 ἔσχατος
1768 1921 1827 1975 δὲ

243 2002 272 2054 ὁ
295 2003 364 2074 ,ἐν
395 2004 461 2075 τῇ
489 2003 790 2080 ὠμοπλάτη
821 2005 915 2059 τοῦ
949 2007 1186 2080 Ταύρου,
1247 2009 1324 2073 ὡς
1361 2011 1662 2083 ήμιπήχιον
1688 2028 1825 2083 προ-

243 2094 378 2167 ηγού
386 2112 547 2167 μενος
571 2095 666 2150 τοῦ
700 2098 1096 2170 μεσημϐρινοῦ,
1126 2099 1220 2154 καὶ
1244 2099 1354 2154 τῶν
1381 2100 1587 2158 Ὑάδων
1612 2105 1642 2157 6
1666 2105 1725 2159 ἐν
1748 2104 1828 2175 τῷ

244 2188 459 2260 ῥύγχει,
495 2189 571 2253 ὡς
618 2190 921 2262 ἡμιπήχιον
944 2190 1371 2264 ὑπολειπόμενος
1397 2194 1491 2248 τοῦ
1524 2195 1827 2269 μεσημϐρι-

242 2278 354 2334 νοῦ.
392 2279 550 2335 Δύνει
578 2280 636 2334 δὲ
665 2281 693 2334 ὁ
734 2280 1015 2353 Ὑδροχόος
1043 2285 1101 2337 έν
1143 2283 1314 2355 ὥραις
1352 2283 1398 2356 β’
1431 2286 1524 2339 καὶ
1567 2287 1618 2359 η’
1646 2288 1821 2361 μέρει.

310 2371 435 2425 Τῶν
476 2371 535 2425 δὲ
576 2371 798 2443 ’ἰχθύων
834 2373 1120 2438 δυνόντων,
1159 2376 1549 2444 συγκαταδύνει
1585 2377 1690 2450 μὲν
1722 2379 1824 2433 αύ-

239 2465 350 2527 τοῖς
395 2464 424 2516 ὁ
473 2461 735 2535 ζωδιακὸς
781 2463 890 2516 ἀπὸ
930 2463 1214 2536 Ὑδροχόου
1275 2466 1385 2537 μοί.
1422 2472 1472 2536 γ’
1501 2467 1598 2521 καὶ
1636 2474 1686 2521 κ’
1719 2467 1825 2534 ἕως

240 2551 413 2625 Κριοῦ
466 2553 576 2624 μοί.
605 2552 680 2605 ε”
723 2556 1050 2625 μεσουρανεῖ
1104 2553 1162 2607 δὲ
1181 2555 1288 2608 ἀπὸ
1332 2555 1548 2629 Ταύρου
1604 2556 1714 2628 μοί.
1760 2556 1823 2622 ιζ’

236 2644 342 2708 ἕως
363 2646 638 2717 Καρκίνου
660 2651 736 2712 ς’.
754 2646 864 2699 Καὶ
888 2651 936 2699 α’
957 2646 1056 2717 μὲν
1085 2647 1261 2719 ἀστὴρ
1280 2647 1424 2701 δύνει
1444 2650 1472 2702 6
1500 2650 1557 2702 ὲν
1572 2648 1725 2722 ἄκρῳ
1746 2648 1825 2720 τῷ

237 2736 431 2808 ῥύγχει
463 2737 557 2791 τοῦ
601 2737 943 2811 βορειοτέρου
989 2737 1224 2809 Ἰχθύοςο
1267 2743 1592 2812 μεσουρανεί
1626 2741 1683 2794 65
1713 2740 1824 2795 τῶν

234 2828 411 2885 ἄλλων
440 2830 683 2902 ἀστέρων
711 2831 770 2884 ὲν
814 2831 912 2902 μὲν
947 2832 1013 2902 τῇ
1046 2832 1188 2904 ἀρχῇ
1222 2833 1316 2886 τοῦ
1349 2850 1410 2886 τε
1436 2833 1647 2906 Ταύρου
1688 2833 1717 2887 6
1761 2834 1821 2888 ὲν

233 2925 301 2994 τῇ
330 2922 558 2993 ὲκφύσει
602 2923 697 2977 τοῦ
741 2922 914 2990 δεξιοῦ
959 2908 1208 2996 κέρατος,
1240 2926 1337 2980 καὶ
1377 2924 1471 2979 τοῦ
1511 2926 1755 2998 Ἦνιόχου
1792 2929 1822 2981 6

234 3016 518 3088 ἀριστερὸς
563 3010 712 3088 ὦμος
737 3056 752 3081 ,
790 3017 868 3081 ὡς
911 3019 1213 3091 ήμιπήχιον
1264 3019 1672 3091 προηγούμενος
1721 3020 1820 3074 τοῦ

1930 1913 2060 1984 pula
2090 1916 2288 1981 media,
2330 1917 2490 1987 quasi
2525 1918 2851 1974 semicubito
2898 1920 3261 1977 meridianum
3302 1932 3520 1980 antece-

1929 2004 2085 2073 dens,
2113 2012 2167 2062 et
2225 2005 2548 2063 Sncularum
2573 2025 2694 2079 quae
2726 2018 2810 2065 est
2852 2010 2908 2065 in
2940 2019 3140 2079 rostro,
3199 2016 3518 2071 semicubito

1928 2095 2043 2152 fere
2069 2098 2334 2154 collocata
2377 2101 2518 2156 citra
2567 2101 2950 2158 meridianum.
2991 2103 3206 2161 Occidit
3239 2109 3516 2180 Aquarius

1928 2187 2082 2247 horis
2107 2189 2143 2245 2
2181 2191 2303 2263 1/8.

2001 2368 2252 2428 Piscibus
2328 2372 2707 2432 occidentibus
2775 2376 3061 2432 descendit
3125 2377 3382 2436 zodiacus
3445 2379 3515 2435 ab

1925 2461 2155 2534 Aquarii
2182 2472 2338 2533 parte
2364 2464 2436 2519 25
2481 2465 2549 2520 ad
2579 2467 2779 2524 Arietis
2798 2467 2863 2534 5;
2919 2468 3186 2524 culminat
3207 2468 3424 2524 aTauri
3444 2469 3511 2523 Π

1926 2556 1995 2610 ad
2027 2554 2226 2611 Cancri
2254 2555 2308 2611 6.
2334 2555 2494 2612 Prior
2513 2559 2716 2615 occidit
2744 2575 2866 2631 qua:
2884 2568 2969 2616 est
3000 2561 3057 2615 in
3087 2568 3268 2617 rostro
3313 2563 3512 2617 borea-

1927 2646 2082 2703 lioris
2128 2647 2323 2714 Piscis,
2376 2651 2643 2706 culminat
2712 2654 2941 2707 aliarum
3000 2654 3282 2709 stellarum
3331 2656 3509 2721 initio,

1927 2755 2051 2811 quae
2072 2749 2158 2796 est
2183 2739 2236 2794 in
2260 2756 2525 2811 processu
2558 2757 2732 2798 cornu
2756 2743 2931 2799 dextri
2963 2741 3130 2799 Tauri
3156 2762 3171 2811 ;
3203 2752 3259 2799 et
3289 2746 3514 2800 sinister

1927 2831 2189 2888 humerus
2255 2832 2543 2900 Heniochi,
2606 2835 2936 2891 semicubito
2978 2836 3090 2893 fere
3144 2837 3510 2892 meridianum

1926 2922 2240 2993 praecedens
2279 2938 2294 2975 :
2332 2923 2629 2980 novissime
2687 2941 2820 2981 vero
2872 2925 3180 2988 culminant
3235 2927 3510 2983 borealior

1925 3031 2137 3085 earum,
2171 3031 2293 3087 quae
2321 3017 2379 3071 in
2406 3016 2773 3073 anterioribus
2800 3018 2956 3074 Ursae
2983 3019 3272 3086 cruribus;
3305 3019 3434 3074 item
3480 3034 3512 3074 e

239 3109 615 3183 μεσημϐρινοῦ
636 3128 651 3142 ο
684 3110 909 3182 ἔσχατον
933 3112 990 3165 δὲ
1030 3112 1426 3186 μεσουρανοῦσι
1457 3113 1559 3185 τῆς
1601 3130 1658 3167 τε
1689 3114 1819 3186 "A9-

1929 3115 2165 3180 quatuor
2213 3109 2362 3163 circa
2394 3108 2720 3165 nubeculam
2752 3102 2807 3164 in
2837 3107 3053 3165 Cancro
3084 3111 3313 3166 sitarum
3356 3114 3507 3165 occi-

232 3219 363 3258 κτου
392 3206 422 3257 6
449 3203 783 3276 βορειότερος
808 3204 917 3257 τῶν
946 3205 1003 3257 ὲν
1021 3207 1134 3269 τοῖς
1157 3206 1512 3279 ἐμπροσθίοις
1549 3205 1814 3272 σκέλεσιν,

234 3297 327 3351 καὶ
363 3296 458 3351 τοῦ
488 3297 763 3370 Καρκίνου
794 3298 846 3350 οί
885 3297 1013 3368 περὶ
1050 3298 1114 3351 τὸ
1144 3300 1392 3370 νεφέλιον
1423 3300 1531 3354 τῶν
1563 3302 1621 3354 ὲν
1664 3298 1817 3371 αὐτῷ

1927 3202 2173 3258 dentales
2196 3201 2337 3267 duae,
2365 3216 2582 3257 necnon
2630 3202 2926 3257 australior
2955 3204 3293 3258 anteriorum
3340 3202 3506 3259 Canis

1924 3295 2144 3368 pedum.
2180 3293 2452 3351 Occidunt
2480 3293 2670 3351 Pisces
2692 3295 2845 3351 horis
2874 3295 3053 3352 tribus
3075 3304 3130 3351 et
3149 3297 3400 3352 semisse.

232 3390 506 3462 κειμένων
527 3391 568 3445 δ’
603 3391 647 3462 β’
668 3393 719 3446 οἱ
740 3394 877 3465 πρὸς
897 3394 1070 3462 δύσιν,
1103 3395 1200 3451 κα)¹
1227 3395 1320 3449 τοῦ
1345 3395 1520 3460 Κυνὸς
1548 3396 1576 3448 ὁ
1595 3393 1913 3464 νπιώτερος
1944 3391 2054 3445 τῶν
2086 3388 2432 3461 ἐμπροσθίων
2475 3388 2671 3444 ποδῶν.
2733 3387 2959 3443 Δύνουσι
3002 3388 3059 3442 65
3098 3390 3146 3442 οἱ
3184 3387 3388 3460 Ἰχθύες
3446 3388 3509 3443 ἐν

231 3485 405 3559 ὥραις
433 3494 483 3558 γ’
502 3489 599 3544 καὶ
625 3490 901 3563 ὴμιωρίῳ.

297 3644 400 3702 1Ε’.
424 3646 531 3702 Τοῦ
551 3647 608 3701 δὲ
627 3646 801 3722 Κριοῦ
819 3647 1087 3717 δύνοντος,
1121 3647 1518 3717 συγκαταδύνει
1544 3646 1641 3718 μὲν
1664 3643 1812 3715 αὐτῷ

224 3741 256 3793 ὁ
305 3739 570 3805 ζωδιακὸς
617 3741 727 3795 ἀπὸ
762 3741 984 3814 ’ἰχθύων
1038 3741 1150 3812 μοί.
1193 3739 1237 3793 θ’
1269 3741 1362 3794 καὶ
1405 3747 1450 3794 κ’
1484 3740 1588 3803 ἓως
1636 3736 1811 3810 Κριοῦ

229 3830 341 3902 μοί.
364 3837 417 3896 ς’
442 3831 538 3885 κα)⁸
565 3839 612 3886 κ’
628 3849 642 3863 ·
678 3834 1003 3905 μεσουρανεί
1023 3830 1080 3885 δὲ
1102 3830 1210 3884 ἀπὸ
1240 3829 1487 3901 Διδύμων
1517 3828 1627 3900 μοί.
1652 3827 1694 3881 θ’
1716 3825 1813 3880 καὶ

225 3931 274 3979 κ’
301 3924 407 3990 ἕως
435 3925 713 3998 Καρκίνου
743 3925 787 3979 θ’
821 3926 915 3980 καὶ
947 3933 1016 3981 κ’.
1052 3925 1163 3981 Καὶ
1194 3931 1242 3978 α’
1279 3925 1376 3995 μὲν
1403 3923 1580 3994 ἀστὴρ
1611 3921 1754 3974 δύνει
1782 3920 1812 3971 6

221 4018 283 4071 ὲν
307 4020 419 4082 τοῖς
447 4018 804 4091 ἐμπροσθίοις
825 4019 1002 4083 ποσὶν,
1026 4018 1255 4090 ἔσχατος
1277 4016 1333 4070 δὲ
1363 4017 1391 4068 6
1413 4014 1677 4086 ἑπόμενος
1699 4011 1806 4065 τῶν

221 4110 281 4162 έν
311 4111 380 4180 τῇ
422 4109 578 4181 οὐρᾷ.
610 4110 951 4181 Μεσουρανεῖ
989 4108 1046 4162 65
1085 4106 1194 4161 τῶν
1248 4104 1423 4159 ἄλλων
1462 4103 1706 4173 ἀστέρων
1750 4103 1806 4154 ὲν

226 4199 326 4271 μὲν
350 4202 418 4272 τῇ
459 4203 601 4273 ἀρχῇ
633 4201 728 4254 τοῦ
761 4201 937 4265 Κυνὸς
964 4202 993 4254 6
1032 4202 1090 4253 ὲν
1119 4199 1267 4271 ἄκρᾳ
1293 4200 1359 4268 τῇ
1391 4197 1547 4267 οὐρᾷ,
1576 4195 1651 4259 ὡς
1680 4196 1811 4265 ἡμι-

221 4291 435 4362 πήχιονε
447 4291 865 4362 ὑπολειπόμενος
886 4290 981 4344 τοῦ
1024 4285 1418 4362 μεσημϐρινοῦ,
1457 4283 1552 4339 καὶ
1578 4283 1673 4336 τοῦ
1698 4284 1809 4354 Πη-

218 4383 402 4438 δαλίου
434 4386 463 4438 6
485 4385 543 4438 ὲν
576 4385 715 4456 μέσῃ
743 4387 809 4456 τῇ
834 4385 989 4456 νοτία
1025 4383 1238 4455 πλευρᾷ
1256 4400 1269 4411 ο
1299 4379 1524 4450 ἔσχατον
1553 4376 1610 4430 65
1634 4374 1735 4446 τῆς
1747 4391 1808 4427 τε

1994 3637 2112 3693 XV.
2166 3635 2302 3692 Cum
2360 3636 2544 3692 Ariete
2607 3636 2864 3693 zodiacus
2920 3636 3123 3693 occidit
3169 3650 3200 3690 a
3254 3634 3498 3692 Piscium

1919 3738 2074 3805 parte
2092 3730 2163 3785 29
2194 3730 2261 3785 ad
2288 3728 2490 3784 Arietis
2547 3727 2653 3797 96;
2687 3728 2952 3783 culminat
2977 3744 3009 3782 a
3038 3726 3391 3783 Geminorum
3425 3726 3496 3781 29

1922 3826 1990 3880 ad
2009 3822 2206 3879 Cancri
2231 3821 2323 3876 ‘29.
2357 3820 2515 3876 Prior
2547 3819 2748 3876 occidit
2767 3821 2946 3883 stella,
2970 3834 3092 3890 qua:
3115 3827 3201 3875 est
3225 3818 3280 3872 iu
3328 3826 3501 3872 ante-

1921 3916 2161 3971 rior-ibus
2197 3914 2457 3984 pedibus;
2506 3912 2697 3966 ultima
2747 3925 2898 3977 vero,
2962 3909 3262 3966 succedens
3306 3921 3499 3964 earum
3582 3916 3585 3917 '

1920 4022 2042 4078 quae
2075 4014 2203 4061 sunt
2232 4006 2285 4059 in
2314 4002 2506 4058 cauda.
2540 3999 2873 4056 Caaterarum
2893 4001 3158 4055 culuiinat
3186 3998 3369 4064 initio,
3393 3997 3501 4055 Ca-

1911 4100 2000 4154 nis
2024 4098 2079 4153 in
2111 4097 2454 4152 extremitate
2477 4093 2666 4149 cauda:
2686 4093 2885 4164 posita,
2912 4091 3238 4148 semicubito
3268 4090 3384 4146 fere
3419 4091 3500 4145 ci-

1913 4198 1998 4245 tra
2027 4188 2416 4251 meridianum,
2449 4195 2505 4242 et
2536 4202 2659 4257 qua:
2685 4188 2740 4241 in
2796 4184 2978 4240 medio
3035 4183 3264 4239 australi
3322 4182 3493 4238 latere

1914 4283 2206 4350 Tenionis;
2250 4281 2569 4345 novissime,
2620 4279 2950 4334 antecedens
2997 4292 3208 4341 carum,
3267 4291 3390 4346 quae
3435 4276 3494 4331 in

1914 4374 2313 4449 posterioribus
2334 4369 2488 4427 Ursae
2515 4371 2766 4441 pedibus,
2800 4368 3128 4425 semicubito
3152 4368 3370 4422 circiter
3392 4382 3492 4422 an-

224 4477 464 4548 Ἀρκτου
494 4475 523 4527 6
544 4474 847 4547 ἡγούμενος
875 4473 984 4529 τῶν
1006 4473 1064 4528 έν
1083 4474 1197 4537 τοῖς
1231 4469 1498 4532 ὀπισθίοις
1528 4467 1706 4531 ποσὶν,
1728 4464 1804 4527 ὼς

1929 4467 2172 4524 'ecedens
2211 4465 2598 4526 meridianum,
2628 4472 2684 4518 et
2724 4461 3025 4517 lucidarum
3058 4464 3113 4516 in
3137 4461 3280 4516 collo
3309 4474 3374 4515 ac
3404 4476 3496 4529 pe-

218 4568 519 4639 ἡμιπήχιον
548 4565 957 4639 προηγούμενος
990 4564 1084 4619 τοῦ
1124 4560 1519 4635 μεσημϐρινοῦ,
1552 4559 1646 4612 καὶ
1704 4557 1800 4610 τοῦ

219 4661 453 4724 Λέοντος
482 4658 591 4712 τῶν
623 4660 684 4712 ὲν
724 4657 802 4729 τῷ
838 4656 1094 4728 τραχήλῳ
1121 4655 1216 4708 καὶ
1247 4652 1433 4725 στήθει
1474 4649 1743 4723 λαμπρῶν
1774 4653 1802 4703 6
1856 4642 1857 4647 “

218 4761 268 4825 γ’
293 4755 390 4808 ἀπ’
419 4755 656 4826 ἄρκτων,
683 4751 758 4816 ὡς
779 4752 823 4822 β’
858 4750 999 4822 μέρη
1022 4749 1242 4821 πήχεως
1267 4746 1690 4816 ὑπολειπόμενος
1706 4742 1801 4797 τοῦ

222 4848 618 4923 μεσημϐρινοῦ.
648 4847 803 4901 Δύνει
832 4844 890 4898 65
915 4845 944 4896 6
967 4842 1136 4915 Κριὸς
1163 4845 1220 4895 ὲν
1241 4841 1410 4912 ὥραις
1438 4839 1503 4912 β’.

290 4937 398 4991 Τοῦ
427 4936 484 4990 65
514 4937 725 5008 Ταύρου
755 4934 1024 4997 δύνοντος,
1052 4931 1442 5001 συγκαταδύνει
1478 4930 1574 5002 μὲν
1603 4928 1752 5000 αὐτῷ
1773 4930 1805 4982 6

218 5028 482 5094 ζωδιακὸς
514 5027 623 5081 ἀπὸ
662 5025 836 5098 Κριοῦ
893 5025 1002 5096 μοι.
1033 5029 1081 5077 κ’
1110 5022 1213 5086 ἕως
1260 5023 1472 5095 Ταύρου
1521 5022 1630 5093 μοί.
1676 5019 1797 5086 κς”

220 5121 547 5192 μεσουρανεί
570 5119 628 5172 δὲ
660 5117 770 5173 ἀπὸ
801 5115 1077 5189 Καρκίνου
1119 5114 1227 5186 μοι.
1254 5111 1300 5183 β’
1334 5113 1427 5173 καὶ
1451 5118 1499 5166 κ’
1521 5112 1625 5176 ἕως
1658 5113 1803 5183 Παρ-

219 5214 379 5268 θένου
402 5209 468 5276 ζ’.
500 5214 610 5266 Καὶ
641 5218 687 5265 α’
715 5211 812 5283 μὲν
836 5211 1013 5282 ἀστὴρ
1033 5207 1178 5262 δύνει
1206 5209 1234 5261 6
1263 5205 1584 5275 νοτιώτερος
1610 5205 1719 5262 τῶν
1743 5208 1802 5260 ἐν

216 5308 283 5380 τῇ
327 5307 577 5377 ἀποτομῇ
610 5305 674 5372 δ’,
705 5304 931 5374 ἔσχατος
975 5301 1030 5356 65
1066 5303 1095 5354 6
1132 5302 1189 5352 ἐν
1221 5298 1376 5370 ἀκρῳ
1421 5297 1500 5369 τῷ
1530 5297 1803 5369 ἀριστερῷ

217 5403 434 5472 κέρατι.
462 5394 871 5469 Μεσουρανοῦσι
899 5394 956 5448 65
986 5393 1095 5447 τῶν
1131 5391 1305 5447 ἄλλων
1329 5389 1575 5461 ἀστέρων
1612 5391 1671 5443 ὲν
1702 5389 1802 5460 μὲν

214 5495 282 5565 τῇ
308 5493 453 5564 ἀρχῇ
485 5488 578 5544 τοῦ
599 5488 797 5561 ’Ὑδρου
821 5489 850 5541 6
878 5482 1197 5547 νοτιὼτατος
1225 5482 1335 5537 τῶν
1358 5483 1417 5536 ὲν
1436 5481 1516 5553 τῷ
1544 5480 1801 5553 τραχήλῳ

217 5591 287 5654 γ’,
299 5583 527 5653 ἔγγιστα
544 5579 653 5634 τῶν
669 5579 763 5631 ἀπ’
780 5580 1016 5650 ’Ἄρκτου
1030 5575 1301 5645 κειμένων
1315 5572 1411 5627 τοῦ
1433 5570 1709 5643 λαμπροῦ,
1723 5571 1798 5637 ὡς

218 5676 517 5748 ήμιπήχιον
546 5669 973 5739 ὑπολειπόμενος
996 5667 1092 5722 τοῦ
1136 5662 1531 5738 μεσημϐρινοῦ·
1560 5662 1799 5735 ἔσχατον

217 5765 275 5821 δὲ
306 5758 703 5839 μεσουρανοῦσι
723 5757 819 5829 τῆς
840 5757 1116 5831 Παρθένου
1138 5759 1167 5809 6
1195 5757 1253 5809 5v
1282 5754 1424 5827 μέσῃ
1443 5754 1510 5825 τῇ
1532 5752 1798 5824 ἀριστερᾷ

535 5854 810 5918 Persen.
842 5852 956 5913 Gn.
994 5847 1171 5910 XIX.
1478 5874 1484 5879 -

1911 4563 2062 4611 ctore
2086 4552 2287 4609 Leonis
2321 4569 2349 4606 a
2376 4551 2851 4623 septentrionibus
2879 4551 3062 4615 tertia,
3094 4550 3342 4621 partibus
3396 4567 3495 4605 eu-

1910 4648 2010 4703 biti
2039 4647 2253 4701 duabus
2287 4646 2399 4701 fere
2439 4644 2578 4700 citra
2636 4644 3021 4700 meridianum.
3079 4641 3291 4698 Occidit
3333 4641 3494 4697 Arios

1906 4742 2055 4798 boris
2085 4740 2317 4796 duabus.

1982 4922 2118 4978 Cum
2149 4921 2331 4977 Tauro
2357 4920 2617 4977 zodiacus
2636 4921 2843 4979 occidit
2869 4922 2938 4978 ah
2974 4922 3177 4980 Arietis
3215 4931 3369 4994 parte
3418 4924 3491 4980 20

1912 5016 2070 5090 140
2130 5014 2200 5071 ad
2261 5013 2428 5069 Tauri
2486 5013 2595 5083 26;
2651 5016 2918 5071 culminat
2973 5032 3004 5070 a
3052 5016 3250 5073 Cancri
3297 5016 3368 5071 22
3420 5016 3491 5073 ad

1906 5107 2149 5181 Virginis
2185 5108 2241 5162 7.
2272 5106 2431 5163 Prior
2459 5109 2665 5165 occidit
2698 5109 2875 5176 stella,
2909 5125 3031 5180 quae
3061 5119 3148 5166 est
3191 5111 3490 5165 australior

1908 5205 2138 5260 sitarum
2182 5203 2240 5258 in
2270 5204 2595 5285 praecisione
2622 5216 2891 5277 quatuor;
2923 5206 3134 5272 ultima,
3166 5222 3287 5277 quae
3319 5205 3490 5262 estin

1906 5296 2248 5352 extremitate
2284 5296 2494 5353 sinistri
2523 5312 2717 5352 cornu.
2752 5295 3107 5367 Reliquarum
3160 5297 3486 5361 culminant,

1906 5385 2064 5441 initio
2119 5385 2359 5456 quidem,
2416 5385 2815 5442 australiss‘ima
2868 5400 3055 5445 earum
3101 5400 3221 5457 quae
3270 5392 3399 5440 sunt
3432 5384 3490 5440 in

1905 5477 2066 5544 collo,
2095 5477 2261 5533 trium
2283 5496 2299 5546 ;
2318 5492 2439 5549 quae
2462 5477 2725 5547 proxima:
2744 5486 2874 5534 sunt
2906 5477 3110 5548 iisquae
3153 5477 3222 5533 ad
3267 5483 3488 5547 septen-

1905 5569 2115 5624 triones
2145 5567 2398 5637 objacent
2423 5567 2653 5630 lucida};
2676 5566 3006 5625 semicubito
3033 5566 3145 5622 fere
3166 5567 3306 5621 citra
3325 5567 3486 5621 meri-

1883 5660 2126 5717 dianum
2154 5661 2353 5739 posita,
2383 5659 2682 5717 novissime
2709 5659 3034 5726 culminant,
3062 5674 3183 5730 qua:
3222 5657 3279 5712 in
3309 5657 3488 5713 media

1905 5752 2131 5810 sinistra
2157 5750 2530 5830 alaﬂirginis,
2560 5751 2843 5824 paululum
2865 5752 3230 5810 meridianum
3278 5765 3483 5822 prace-

3130 5842 3203 5906 36
