3950 6266
476 274 606 330 1151

1457 268 1549 324 AD
1580 266 1847 325 EUSEBII
1882 266 2279 325 CHBONICON
2318 265 2678 323 APPENDIX.

3596 259 3733 318 1152

475 389 611 445 dens
641 395 807 445 :ltem
831 400 999 458 parva
1030 386 1086 440 in
1112 383 1273 442 Corvi
1310 384 1490 442 medio
1546 401 1797 457 corpore.
1828 383 2039 444 Occidit

2157 385 2392 456 πτέρυγι,
2430 384 2624 456 μικρὸν
2648 395 3054 454 προηγούμενος
3082 376 3174 431 τοῦ
3204 372 3603 448 μεθημερινοῦ,
3634 375 3723 429 καὶ

474 482 691 538 Taurus
718 481 868 537 horis
886 480 941 535 4.

538 662 794 719 Geminis
823 659 1199 717 occidentibus
1234 657 1493 713 zodiacus
1536 656 1822 713 descendit
1841 671 1872 711 a
1896 664 2051 728 parte

466 757 510 812 44
540 756 896 811 Geminorum
933 755 1003 808 ad
1042 754 1078 808 2
1122 752 1357 807 mediam
1410 749 1644 817 Cancri;
1702 749 1960 804 culmina!
2017 759 2051 803 a

473 856 631 920 parte
655 844 898 917 Virginis
926 845 992 898 Π
1012 843 1081 899 ad
1133 843 1422 899 Chelarum
1469 841 1541 896 22
1585 840 1840 896 mediam.
1894 839 2051 897 Prior

473 936 678 992 occidit
705 936 883 1000 stella,
910 949 1033 1005 quae
1080 940 1310 989 vocatur
1351 932 1602 1003 Propus;
1659 932 1873 997 ultima,
1928 946 2050 1002 qua:

473 1034 558 1082 est
586 1027 641 1081 in
674 1026 869 1083 dextra
910 1040 1074 1079 mann
1108 1024 1453 1081 succedentis
1499 1022 1740 1079 Gemini.
1794 1022 2050 1093 Reliqua-

472 1132 597 1171 rum
627 1116 894 1171 culminat
919 1113 1078 1170 initio
1103 1113 1349 1184 quidem,
1376 1111 1758 1169 Vindemiator
1780 1121 1835 1169 et
1861 1115 2051 1171 dexter

457 1208 738 1265 «humerus
760 1205 1020 1278 Virginis,
1048 1206 1371 1261 semicubito
1388 1203 1501 1261 fere
1529 1206 1890 1261 meridianum
1920 1221 2051 1277 prae«

471 1299 713 1366 cedens;
742 1298 1040 1354 novissime
1060 1298 1324 1352 culminat
1345 1296 1548 1362 lucida,
1581 1313 1705 1368 quae
1740 1309 1836 1354 est
1856 1299 1911 1353 in
1956 1314 2051 1354 ex-

470 1391 749 1446 tremitate
772 1390 957 1445 boreae
980 1387 1161 1444 Chelze
1186 1426 1202 1455 ,
1233 1387 1449 1444 duabus
1483 1387 1655 1443 cubili
1712 1386 1827 1444 fere
1867 1390 2051 1459 parti-

454 1480 574 1536 -bus
623 1481 761 1536 citra
808 1478 1194 1536 meridianum.
1236 1477 1508 1536 Occidunt
1547 1478 1764 1536 Gemini
1799 1481 1951 1537 boris
1989 1481 2045 1548 2,

453 1569 574 1625 40’.

2149 476 2243 530 τοῦ
2260 478 2511 548 Κόρακος
2541 477 2570 529 6
2596 476 2654 528 tv
2680 473 2827 545 μέσῳ
2850 470 2928 542 τῷ
2948 469 3161 541 σώματι
3189 468 3400 541 μικρός.
3431 464 3595 518 Δύνει
3621 465 3675 519 δὲ
3698 468 3726 519 6

2151 567 2362 640 Ταῦρος
2394 569 2453 623 tv
2486 567 2657 639 ὥραις
2680 572 2748 636 γ’.

2221 658 2341 714 Τῶν
2362 659 2421 712 δὲ
2440 658 2682 729 Διδύμων
2702 656 2986 720 δυνόντων,
3009 652 3397 724 συγκαταδύνει
3422 650 3525 723 μὲν
3544 651 3726 714 αὐτοῖς

2148 753 2178 804 6
2203 750 2467 815 ζωδιακὸς
2490 751 2598 804 ἀπὸ
2627 748 2871 820 Διδύμων
2901 747 3011 818 μοί.
3044 747 3085 800 δ’
3105 745 3210 809 ἕως
3242 743 3521 814 Καρκίνου
3560 740 3607 812 β’
3630 741 3725 812 μέο

2150 860 2250 915 σης
2268 858 2282 873 ⁸
2317 844 2642 915 μεσουρανεῖ
2661 842 2718 895 δὲ
2739 841 2845 895 ἀπὸ
2866 837 3144 912 Παρθένου
3175 835 3285 907 μοί.
3311 833 3377 898 ιζ’
3403 835 3511 897 ἓως
3531 833 3726 902 Χηλῶν

2151 933 2196 1004 β’
2229 933 2325 986 καὶ
2354 940 2402 987 κ’
2434 934 2625 1006 μέσης.
2655 935 2765 987 Kal
2789 940 2837 987 α’
2869 932 2966 1003 μὲν
2981 928 3153 1001 ἀστὴρ
3179 928 3323 983 δύνει
3342 929 3371 980 6
3391 924 3727 996 καλούμενος

2149 1025 2419 1097 Πρόπους,
2453 1024 2680 1097 ἔσχατος
2702 1024 2759 1077 δὲ
2801 1026 2829 1078 6
2861 1024 2918 1076 tv
2950 1025 3017 1094 τῇ
3044 1021 3193 1092 δεξιᾷ
3213 1020 3355 1092 χειρὶ
3381 1016 3477 1072 τοῦ
3523 1016 3723 1087 ἑπομέ-

2149 1135 2238 1171 νου
2267 1117 2518 1189 Διδύμου.
2565 1119 2905 1189 Μεσουρανεῖ
2938 1116 2995 1169 δὲ
3022 1114 3129 1168 τῶν
3177 1113 3350 1168 ἄλλων
3392 1110 3644 1181 ἀστέρων
3672 1111 3724 1161 tv

2153 1209 2251 1279 μὲν
2277 1211 2345 1280 τῇ
2375 1209 2520 1283 ἀρχῇ
2547 1210 2576 1263 ὅ
2603 1226 2663 1262 τε
2699 1206 3112 1282 Προτρυγητὴρ,
3140 1204 3231 1259 καὶ
3257 1204 3355 1275 τῆς
3393 1201 3674 1274 Παρθένου
3700 1202 3728 1255 ὀ

2146 1303 2321 1370 δεξιὸς
2353 1297 2541 1374 πῶμος,
2597 1303 2674 1367 ὡς
2716 1304 3011 1374 ἡμιπήχιον
3050 1297 3458 1373 προηγούμενος
3499 1293 3601 1349 τοῦ
3638 1311 3728 1365 με·

2146 1395 2481 1467 νσημὸρινοῦ·
2525 1395 2753 1467 ἔσχατον
2774 1395 2839 1448 δὲ
2884 1394 3206 1465 μεσουρανεῖ
3239 1390 3347 1444 τῶν
3373 1386 3576 1460 Χηλῶν
3613 1387 3643 1439 6
3673 1386 3729 1438 tv

2149 1482 2296 1556 ἄκρᾳ
2319 1487 2385 1556 τῇ
2412 1484 2596 1557 βορείςι
2626 1485 2779 1557 Χηλῇ
2824 1483 3095 1556 λαμπρὸς,
3129 1482 3204 1546 ὡς
3247 1481 3290 1553 β’
3324 1480 3465 1553 μέρη
3506 1478 3728 1549 πήχεως

2149 1572 2575 1645 ὑπολειπόμενος
2598 1574 2693 1629 τοῦ
2733 1571 3124 1647 μεσημϐρινοῦ.
3157 1571 3382 1627 Δύνουσι
3412 1571 3472 1625 δὲ
3502 1572 3555 1624 οἱ
3580 1570 3729 1623 Δίδυ-

2152 1681 2243 1735 μοι
2277 1666 2335 1721 ὲν
2361 1666 2531 1738 ὥραις
2557 1666 2601 1737 β’
2633 1667 2728 1720 καὶ
2760 1672 2814 1731 ς’
2843 1666 3015 1738 μέρει.

1233 1790 1312 1847 De
1339 1790 1598 1846 distantia
1652 1791 1933 1846 stellarum
1963 1792 2182 1852 invicem
2207 1816 2298 1870 per
2320 1800 2604 1856 intervalla
2629 1804 2943 1871 temporum.

454 1962 459 1968 ,
512 1901 680 1959 ΧἮ.
708 1900 914 1959 Praeter
936 1902 1232 1958 orientium
1255 1909 1310 1959 et
1339 1902 1711 1958 occidentium
1739 1918 1863 1959 cum
1904 1904 2044 1960 side-

2214 1914 2330 1981 Ιςῖν.
2355 1913 2539 1984 Χωρὶς
2566 1913 2623 1966 δὲ
2649 1913 2747 1984 τῆς
2771 1915 2828 1965 tv
2848 1914 2970 1975 ταῖς
3005 1909 3385 1973 συνανατολαῖς
3409 1907 3507 1963 καὶ
3539 1907 3728 1962 δύσεσι

465 1995 620 2053 ribus
676 1994 884 2050 zodiaci
927 1994 1166 2065 partium
1222 1993 1553 2060 doctrinam,
1613 2011 1773 2052 usum
1823 1997 2048 2066 insuper

465 2088 745 2160 egregium
779 2087 983 2142 habere
1020 2076 1155 2140 mihi
1184 2085 1420 2151 videtur,
1465 2087 1609 2142 scire
1637 2102 1761 2154 nos,
1794 2104 2045 2158 quaenam

448 2180 765 2249 stellarum}
784 2176 1142 2234 inerrantium
1172 2180 1430 2235 horarum
1469 2180 1932 2250 aequinoctialium
1962 2182 2049 2238 in-

453 2270 709 2327 tervallis
734 2270 994 2341 deinceps
1047 2269 1284 2325 invicem
1331 2269 1560 2327 distent.
1603 2270 1766 2328 Utilis
1801 2275 1951 2329 enim
1981 2289 2047 2330 ea

446 2379 557 2419 -res
589 2362 757 2419 estad
780 2362 969 2417 horam
1000 2369 1193 2418 exacte
1223 2370 1497 2419 nocturno
1520 2372 1766 2436 tempore
1782 2367 2044 2438 colligen-

466 2455 592 2509 dam
611 2462 770 2509 :Atum
803 2454 868 2510 ad
900 2453 1151 2525 ecliptica
1179 2454 1322 2511 lunae
1350 2456 1550 2527 spatia,
1575 2465 1631 2513 et
1660 2457 1716 2513 id
1749 2474 1921 2529 genus
1951 2472 2046 2514 co-

456 2545 783 2621 gnoscenda
808 2548 1043 2620 reliqua,
1067 2547 1285 2619 quaead
1330 2547 1580 2605 siderum
1625 2550 2047 2622 contemplatio-

466 2654 591 2694 nem
609 2639 903 2709 pertinent.

536 2730 905 2798 Quamobrem
934 2731 993 2786 in
1021 2746 1088 2787 eo
1127 2731 1358 2794 circulo,
1387 2732 1483 2802 qui
1512 2746 1621 2802 per
1668 2732 1830 2803 polos
1872 2731 2046 2803 tropi-

2146 1989 2398 2076 θεωρίας,
2428 2003 2722 2077 εὔχρηστον
2757 1998 2896 2058 εἶναι
2924 2000 3130 2072 νομίζω
3158 2001 3254 2056 καὶ
3278 2002 3339 2054 τὸ
3380 2000 3729 2072 παρακολου-

2145 2096 2259 2150 θεῖν
2289 2097 2437 2167 ἡμᾶς
2464 2096 2606 2160 τίνες
2629 2094 2736 2149 τῶν
2766 2093 3018 2148 ἀπλανῶν
3035 2093 3277 2165 ἀστέρων
3294 2092 3611 2162 ,ἀπέχουσιν
3638 2092 3728 2145 ἀπ’

2146 2187 2388 2259 ἀλλήλων
2404 2186 2545 2241 κατά
2572 2187 2640 2240 τά
2664 2185 2795 2257 ἑξῆς
2819 2185 3017 2258 ὡριαῖα
3041 2186 3331 2256 ἰσημερινά
3353 2184 3556 2253 διαστή
3567 2200 3727 2254 ματα.

2146 2281 2316 2335 Τοῦτο
2342 2280 2451 2353 γὰρ
2477 2283 2610 2353 ἡμῖν
2631 2279 2929 2351 εύχρηστόν
2952 2280 3098 2331 ἐστιν
3121 2276 3256 2348 πρός
3284 2290 3348 2329 τε
3368 2275 3431 2328 τὸ
3450 2277 3556 2347 τὴν
3584 2275 3730 2346 ὥραν

2144 2373 2247 2445 τῆς
2267 2373 2458 2437 νυκτὸς
2488 2370 2729 2445 ἀκριϐῶς
2760 2369 3189 2439 συλλογίζεσθαι,
3215 2369 3310 2421 καὶ
3341 2368 3481 2440 πρὸς
3510 2367 3573 2421 τὸ
3606 2369 3730 2430 τοὺς

2145 2464 2521 2527 ἐκλειπτικοὺς
2542 2462 2641 2534 τῆς
2665 2462 2892 2532 σελήνης
2913 2460 3158 2532 χρόνους,
3191 2458 3285 2511 καὶ
3310 2457 3477 2529 ἔτερα
3508 2456 3730 2509 πλείονα

2145 2555 2427 2609 κατανοεῖν
2456 2551 2564 2606 τῶν
2592 2552 2651 2605 tv
2679 2548 3004 2623 ἀστρολογίᾳ
3022 2546 3414 2619 θεωρημάτων.

2221 2730 2352 2786 Ἐπὶ
2379 2730 2477 2804 μὲν
2502 2724 2593 2786 οὖν
2610 2729 2717 2784 τῶν
2735 2727 2825 2784 διὰ
2845 2726 2951 2782 τῶν
2966 2724 3242 2799 τροπικῶν
3256 2739 3328 2795 om,
3336 2723 3509 2796 μείων
3529 2723 3629 2777 καὶ
3641 2722 3728 2776 διὰ

468 2841 675 2895 eosque
713 2823 1067 2888 describitur,
1099 2824 1256 2880 stella
1279 2829 1364 2878 est
1395 2823 1453 2878 in
1482 2825 1825 2879 extremitate
1860 2825 2044 2880 caudae

2157 2823 2253 2878 τῶν
2271 2822 2448 2878 πόλων
2475 2820 2821 2895 γραφομένου
2842 2817 3040 2873 κύκλου
3061 2820 3237 2872 κεῖται
3260 2814 3438 2886 ἀστὴρ
3452 2816 3482 2867 6
3504 2816 3567 2866 tv
3587 2815 3727 2884 ἄκρᾳ

467 2914 658 2978 Canis,
682 2920 845 2984 atque
860 2912 924 2967 in
958 2928 1024 2968 eo
1051 2912 1425 2979 semicirculo,
1449 2914 1543 2983 qui
1574 2913 1824 2968 aestivum
1873 2913 2047 2985 tropi-

471 3022 596 3061 cum
633 3007 896 3062 continet.
923 3005 1138 3062 Abhac
1175 3005 1334 3061 stella
1388 2999 1610 3061 horario
1659 3004 1827 3062 distat
1878 3006 2047 3061 inter-

470 3100 636 3162 vallo,
693 3114 814 3170 quae
866 3098 923 3153 in
991 3112 1254 3169 processu
1310 3098 1435 3153 colli
1468 3097 1636 3171 Ilydri
1701 3098 1882 3170 posita
1938 3105 2041 3154 est.

2143 2915 2210 2985 τῇ
2233 2913 2371 2985 οὐρᾷ
2397 2912 2492 2966 τοῦ
2541 2912 2738 2976 Κυνὸς,
2772 2912 2829 2963 tv
2849 2909 2926 2981 τῷ
2957 2909 3048 2964 τὸν
3087 2906 3296 2980 θερινὸν
3324 2904 3594 2978 τροπικὸν
3630 2921 3727 2975 ση-

2148 3005 2298 3075 μεῖον
2338 3001 2514 3074 ἔχοντι
2561 3000 2871 3073 ἡμικυκλίῳ
2905 2999 3178 3071 κείμενος.
3226 2997 3359 3051 Ἀπὸ
3410 2997 3611 3049 τούτου
3633 2994 3728 3047 τοῦ

2145 3094 2372 3167 ἀστέρος
2397 3095 2593 3165 ἀπέχει
2623 3093 2845 3166 ὡριαίον
2873 3091 3145 3163 διάστημα
3163 3088 3257 3143 τοῦ
3278 3105 3340 3142 τε
3369 3087 3580 3159 ’Υδρου
3611 3088 3640 3139 6
3669 3088 3730 3138 ἐν

470 3189 727 3246 Proxime
782 3190 947 3245 etiam
1008 3189 1193 3245 lucida
1260 3190 1317 3245 in
1376 3190 1747 3246 anterioribus
1810 3189 2042 3263 genibus

2157 3190 2210 3259 τῇ
2246 3186 2473 3257 ὲκφύσει
2508 3184 2602 3239 τοῦ
2643 3185 2913 3258 τραχήλου
2942 3184 3211 3254 κείμενος.
3243 3182 3521 3250 Ἔγγιστα
3549 3180 3610 3234 δὲ
3640 3180 3732 3233 καὶ

469 3277 648 3335 Urse.

541 3370 851 3426 Secundum
890 3366 1544 3426 horarium‘intervallum
1597 3371 1857 3426 terminat
1913 3370 2045 3426 stel-

467 3463 578 3518 luia
603 3465 764 3534 paulo
792 3463 916 3534 plus
954 3463 1182 3518 cubitali
1224 3462 1403 3534 spatio
1448 3477 1544 3518 cor
1576 3462 1775 3519 Leonis
1824 3470 2046 3519 antece-

453 3556 624 3611 tdens.
651 3554 854 3611 Eadem
876 3555 1093 3612 stellula
1126 3555 1458 3626 spondylum
1502 3554 1764 3624 praecedit
1813 3555 2043 3618 circulo,

466 3645 562 3715 qui
592 3659 689 3716 per
718 3645 877 3715 polos
927 3644 1172 3711 ducitur,
1231 3643 1532 3701 secundum
1586 3645 1868 3701 borarium
1909 3646 2047 3703 deﬁ—

469 3737 653 3791 niente
678 3734 936 3806 spatium.
1962 3753 1974 3761 ·

540 3909 786 3966 Tertium
820 3909 970 3965 horae
1008 3909 1247 3981 spatium
1301 3911 1705 3967 circumscribit
1741 3912 2043 3970 australior

455 4003 781 4068 ambarum,
811 4017 932 4073 qua:
960 4017 1027 4058 ex
1059 4008 1293 4072 utraque
1321 4009 1476 4075 parte
1510 4003 1764 4087 adjacent
1823 4005 2042 4071 lucida,

460 4109 591 4167 quae
612 4100 698 4151 est
717 4093 775 4150 in
811 4093 1011 4151 lumbis
1038 4093 1259 4152 Leonis.

536 4270 802 4337 Quartam
831 4268 1021 4325 deﬁnit
1048 4271 1240 4326 horam
1264 4271 1320 4326 in
1343 4269 1570 4342 Virgine
1597 4272 1778 4338 stella,
1814 4289 1935 4344 quae
1960 4281 2046 4331 est

463 4364 528 4418 in
563 4364 761 4434 angulo
791 4370 944 4419 recto
966 4363 1277 4435 orthogonii
1320 4363 1601 4436 trianguli,
1636 4365 1729 4436 qui
1765 4366 1867 4422 sub
1908 4363 2045 4421 Cra-

472 4464 586 4511 tere
608 4456 747 4511 situs
778 4463 884 4521 est,
937 4464 1100 4527 atque
1157 4457 1214 4512 in
1261 4457 1464 4514 lumbis
1493 4464 1578 4514 est
1607 4451 1835 4529 majoris
1869 4458 2042 4526 Ursae,

2070 3252 2115 3313 (ἶ
2140 3252 2242 3349 τῆς
2273 3252 2511 3348 ’Ᾰρκτου
2544 3277 2573 3329 6
2596 3276 2653 3328 tv
2680 3252 3177 3345 ’τοίςὲμπροσθίοις
3207 3271 3399 3341 γόνασι
3446 3270 3726 3342 λαμπρός.

2216 3368 2291 3421 T6
2314 3367 2371 3421 6t
2402 3365 2652 3438 δεύτερον
2693 3366 2916 3436 ὡριαῖον
2942 3365 3219 3434 διάστημα
3251 3360 3504 3433 ἀφορίζει
3536 3362 3651 3415 τῶν
3674 3363 3730 3415 ὲν

2144 3460 2222 3532 τῷ
2252 3459 2443 3514 Λέοντι
2487 3460 2516 3511 6
2562 3457 2970 3530 προηγούμενος
3023 3454 3204 3528 μικρῷ
3246 3455 3429 3527 μεῖζον
3464 3454 3501 3525 ἢ
3550 3454 3730 3524 πῆχυν

2145 3549 2238 3606 τοῦ
2269 3553 2328 3605 ὲν
2368 3553 2432 3623 τῇ
2463 3549 2665 3623 καρδίᾳ
2707 3546 2963 3622 λαμπροῦ
3001 3548 3195 3620 μικρὸς
3236 3546 3588 3620 ἀστερίσκος.
3623 3545 3727 3599 Τοῦ

2142 3658 2204 3697 τε
2239 3639 2525 3712 σφονδύλου
2567 3641 2888 3711 προηγεῖται
2920 3632 3074 3703 οὗτος
3096 3641 3125 3692 6
3162 3638 3485 3706 ἀστερίσκος
3504 3636 3609 3690 τοῦ
3640 3635 3731 3689 διὰ

2048 3753 2055 3767 ·
2144 3734 2253 3788 τῶν
2309 3732 2488 3787 πόλων
2532 3730 2734 3786 κύκλου
2771 3731 2834 3784 τὸ
2863 3731 2907 3803 β’
2937 3730 3157 3804 ὠριαῖον
3205 3729 3484 3800 διάστημα
3533 3728 3729 3801 ἀφορί-

2146 3821 2390 3963 “Wst
2442 3907 2623 3982 τρίτον
2654 3909 2886 3983 spur-av
2929 3909 3203 3984 διάστημα
3253 3909 3383 3985 περῖ
3414 3909 3602 3982 μέσον
3638 3909 3728 3963 τὸν

2145 4002 2351 4056 Λέοντα
2375 4002 2623 4074 ἀφορίζει
2646 4001 2740 4056 τοῦ
2767 4002 2992 4067 Λέοντος
3022 4005 3050 4057 6
3077 4002 3393 4075 νπιὼτερος
3416 4003 3531 4056 τῶν
3553 4003 3601 4073 β’
3620 4003 3727 4057 τῶν

2138 4087 2206 4156 ’ἐξ
2231 4090 2488 4164 ἑκατέρου
2518 4090 2715 4164 μέρους
2744 4092 3160 4164 παρακειμένων
3186 4093 3264 4166 τῷ
3282 4095 3377 4147 ἐπὶ
3394 4094 3500 4164 τῆς
3527 4094 3729 4164 ὀσφύος

2144 4181 2401 4237 λαμποῶ.

2259 4200 2300 4235 π
2337 4201 2401 4237 ω.

2216 4200 2289 4328 $6
2396 4275 2656 4347 τέταρτον
2691 4275 2913 4348 ὡριαῖον
2944 4276 3217 4347 διάστημα
3244 4277 3375 4348 περὶ
3410 4278 3514 4349 τὴν
3549 4278 3725 4349 ἀρχὴν

2144 4364 2246 4436 τῆς
2275 4366 2551 4438 Παρθένου
2584 4367 2834 4439 ἀφορίζει
2870 4367 2963 4422 τοῦ
2989 4368 3093 4422 ὑπὸ
3134 4368 3225 4422 τὸν
3257 4369 3533 4442 Κρατῆρα
3573 4372 3729 4443 ὀρθο-

2146 4456 2342 4527 γωνίου
2387 4459 2653 4531 τριγώνου
2692 4461 2721 4513 6
2745 4459 2839 4513 ἐπὶ
2876 4460 2976 4531 τῆς
3024 4459 3188 4532 ὀρθῆς
3227 4462 3429 4529 γωνίας
3473 4463 3726 4533 κείμενος

473 4546 688 4612 lucida,
737 4546 920 4603 minus
981 4547 1240 4603 vicesima
1301 4549 1451 4605 horae
1506 4557 1662 4621 parte
1710 4551 1850 4606 citra
1895 4551 2044 4608 bona:

2157 4548 2343 4620 ἀστήρ.
2390 4543 2447 4602 Ὅ
2471 4548 2530 4603 δὲ
2572 4549 2666 4602 ἐπὶ
2704 4550 2803 4621 τῆς
2833 4549 3032 4618 ὀσφύος
3069 4549 3169 4622 τῆς
3212 4551 3455 4621 μεγάλης
3484 4553 3725 4622 Ἄρκτου

472 4646 679 4709 quartae
700 4636 1039 4694 limitaneum
1068 4639 1359 4696 circulum.

546 4817 759 4884 Quinta:
782 4817 932 4873 hom
958 4817 1225 4874 terminus
1248 4827 1333 4875 est
1374 4819 1433 4875 in
1481 4820 1659 4875 media
1691 4819 1939 4893 Virgine,
1994 4821 2043 4877 si

462 4914 845 4991 cxacteloqui
869 4914 1121 4979 velimus,
1157 4914 1314 4971 stella
1340 4914 1523 4984 nulla;
1555 4931 1744 4971 verum
1776 4916 1900 4986 plus
1949 4916 2045 4973 de-

473 5008 618 5063 cima
648 5006 795 5061 horae
811 5014 972 5075 parte
997 5003 1178 5060 deﬁcit
1198 5005 1269 5060 ab
1299 5005 1394 5061 illo
1431 5006 1665 5062 termino
1727 5004 2045 5065 Vindemia-

473 5105 581 5161 tor,
606 5104 660 5153 et
685 5096 864 5152 lucida
894 5096 951 5150 in
983 5094 1174 5152 dextro
1197 5094 1426 5153 humero
1449 5094 1716 5169 Virginis.

547 5289 724 5347 Sexta:
776 5292 924 5348 horae
966 5292 1125 5349 limes
1173 5299 1259 5350 est
1294 5292 1351 5348 in
1403 5294 1774 5365 aequinoctiali
1831 5297 2040 5353 circulo

473 5382 885 5452 quamproxime
908 5382 1125 5453 quidem
1158 5384 1211 5438 in
1234 5382 1509 5440 Centauro
1538 5384 1717 5441 lucida
1745 5386 2043 5445 succedens

475 5487 686 5541 earum,
717 5489 838 5542 quae
856 5482 985 5530 sunt
1007 5476 1641 5548 inaustralissimaparte
1664 5479 1858 5550 thyrsi,
1892 5494 2042 5550 qua-

475 5576 583 5631 que
613 5564 934 5620 semicubito
957 5564 1070 5620 fere
1098 5567 1332 5632 distant,
1362 5583 1427 5623 ac
1457 5568 1701 5625 medium
1736 5552 1852 5626 fere
1899 5571 2043 5628 Cen-

471 5653 621 5706 tauri
646 5661 832 5721 pectus
857 5655 1308 5740 occupant._ltein
1336 5660 1513 5751 media
1535 5676 1747 5747 earum,
1772 5678 1893 5735 quae
1913 5674 2043 5722 sunt

2150 4639 2400 4712 λαμπρὸς
2445 4639 2664 4695 ἔλαττον
2702 4640 2734 4711 ἢ
2769 4648 2817 4695 κ’
2848 4641 3013 4715 μέρος
3045 4640 3199 4714 ῶρας
3247 4642 3601 4699 ὑπολείπεται
3634 4644 3726 4699 τοῦ

2149 4730 2248 4802 τὴν
2273 4729 2313 4783 δ’
2343 4729 2493 4803 ὤραν
2523 4731 2873 4803 ἀφορίζοντος
2906 4732 3128 4787 κύκλου.

2220 4820 2330 4892 Τὴν
2372 4821 2430 4874 δὲ
2472 4821 2728 4893 πέμπτην
2752 4821 2911 4893 ὥραν
2954 4823 3201 4895 ἀφορίζει
3245 4826 3372 4897 περὶ
3419 4827 3600 4899 μέσην
3634 4828 3727 4899 τὴν

2149 4913 2424 4986 Παρθένον
2454 4913 2699 4987 ἀκριϐῶς
2740 4916 2839 4986 μὲν
2876 4916 3052 4992 οὐδεὶς
3091 4918 3287 4991 ἀστὴρ,
3314 4919 3392 4991 τῷ
3421 4921 3481 4974 δὲ
3511 4929 3541 4974 ι’
3571 4923 3724 4995 μέρει

2151 5003 2300 5076 ὥρας
2332 5004 2494 5059 πλέον
2536 5004 2960 5076 ὑπολειπόμενος
2993 5008 3023 5062 6
3052 5025 3112 5061 τε
3143 5011 3542 5083 Προτρυγητὴρ
3583 5015 3677 5067 καὶ
3697 5015 3725 5064 6

2148 5096 2242 5150 ἐπὶ
2264 5094 2359 5151 τοῦ
2378 5096 2553 5165 δεξιοῦ
2584 5096 2734 5171 ὤμου
2762 5098 2862 5173 τῆς
2884 5100 3163 5173 Παρθένου
3201 5103 3453 5174 κείμενος
3472 5105 3725 5179 λαμπρὸς

2140 5186 2344 5260 ἀστήρ.

2215 5303 2326 5375 Τὴν
2345 5304 2403 5359 δὲ
2429 5304 2594 5378 ἕκτην
2626 5305 2775 5379 ὥραν
2819 5305 3070 5380 ἀφορίζει
3115 5310 3208 5364 ἐπὶ
3235 5310 3330 5364 τοῦ
3375 5310 3466 5366 διά
3499 5312 3610 5365 τῶν
3647 5314 3724 5366 ίσ-

2150 5393 2422 5466 ημερινῶν
2447 5396 2684 5467 σημείων
2695 5397 2917 5464 κύκλου,
2946 5398 3173 5468 ἔγγιστα
3190 5403 3288 5474 μὲν
3300 5403 3394 5457 τοῦ
3412 5406 3724 5477 Κενταύρου

2146 5486 2177 5538 6
2208 5485 2471 5555 ἑπόμενος
2495 5488 2605 5542 τῶν
2634 5490 2692 5543 ὲν
2720 5489 2798 5561 τῷ
2837 5492 3143 5562 ωτιωτάτῳ
3176 5494 3330 5565 μέρει
3372 5496 3465 5549 τοῦ
3524 5497 3724 5569 θύρσου

2147 5576 2436 5649 λαμπρῶν,
2464 5580 2558 5634 καὶ
2583 5582 2660 5646 ὡς
2682 5584 2982 5655 ἡμιπήχιον
3009 5583 3387 5657 διεστηκότων,
3427 5590 3481 5643 οἶ
3518 5593 3723 5653 κεῖνται

2147 5669 2290 5756 κατά
2329 5670 2493 5741 μέσον
2520 5690 2638 5741 πως
2682 5675 2744 5729 τὸ
2782 5675 2976 5750 στῆθος
3005 5677 3100 5734 τοῦ
3147 5679 3498 5754 Κενταύρουο
3537 5681 3634 5736 τοῦ
3665 5680 3722 5736 δὲ
