3950 6266
356 321 492 381 H55

1332 339 1697 399 HIPPARCHI
1731 344 1822 400 AD
1861 343 2305 402 PHENOMENA
2342 347 2468 404 LIB.
2510 350 2593 409 Ill.

3434 343 3604 429 “at

353 438 614 497 Βοὼτουδ
647 444 809 514 μέσος
841 450 950 506 τῶν
977 454 1035 507 ἐν
1072 455 1150 526 τῷ
1178 456 1450 529 ἀριστερῷ
1488 461 1628 527 ποδὶ,
1661 462 1738 527 ὡς
1767 456 1859 517 Με

1975 498 1988 526 ι
2016 465 2069 518 in
2095 463 2228 534 pede
2258 464 2482 521 sinistro
2496 467 2699 537 Bootze,
2718 470 2973 529 vicesima
2990 474 3101 534 fere
3121 486 3271 550 parte
3296 483 3509 546 distans
3537 506 3568 544 a

351 531 541 586 κοστὸν
575 536 739 608 μέρος
775 540 997 613 ὠριαίου
1026 545 1386 617 διαστήματος
1422 550 1768 609 ὑπολείπεται
1812 555 1908 610 τοῦ

349 620 448 686 τὰς
480 630 532 688 ς’
551 623 699 694 ὥρας
725 630 1071 701 ἀφορίζοντος
1101 636 1320 692 κύκλου.

420 713 517 768 IZ’.
532 715 652 770 Τῶν
671 718 725 772 δὲ
739 722 939 791 μεταξὺ
955 725 1046 779 τοῦ
1060 726 1446 802 φθινοπωρινοῦ
1481 733 1793 806 ἰσημερινοῦ
1809 754 1907 810 ση-

348 802 502 874 μείου
532 809 624 861 καὶ
668 810 760 863 τοῦ
791 818 1095 887 χειμερινοῦ
1144 822 1405 892 τροπικοῦ
1434 830 1486 888 ς’
1514 824 1751 897 ὠριαίων
1791 829 1906 883 δια-

347 897 637 968 στημάτων
664 901 723 954 τὸ
761 906 857 974 μὲν
880 913 928 960 α’
954 908 1172 979 ὼριαϊον
1200 914 1292 967 ἐπὶ
1317 914 1410 968 τοῦ
1449 916 1576 988 περὶ
1611 918 1782 989 μέσας
1803 920 1903 985 τὰς

341 988 530 1058 Χηλὰς
562 990 761 1045 κύκλου
791 997 1037 1068 ἀφορίζει
1063 1000 1139 1065 ὡς
1161 1002 1407 1072 ἔγγιστα,
1436 1007 1529 1061 τοῦ
1554 988 1622 1063 τε
1640 1010 1849 1065 Βοὼτου
1873 1016 1902 1067 6

338 1079 624 1151 ἀριστερὸς
643 1077 809 1154 ὦμος,
842 1090 933 1141 καὶ
956 1092 985 1144 ὁ
1017 1094 1074 1146 ὲν
1113 1094 1258 1168 ἀκρᾳ
1287 1100 1352 1169 τῇ
1388 1101 1536 1172 νοτία
1571 1103 1722 1175 Χηλῇ
1757 1103 1899 1176 λαμ-

336 1169 477 1240 πρὸς
506 1171 707 1244 ἀστήρ’
741 1177 769 1228 6
793 1177 890 1247 μὲν
911 1173 1060 1251 ὦμος
1085 1184 1390 1260 ἀδιαφόρως
1418 1169 1597 1247 πλε-ἴον

336 1277 519 1329 μενος,
544 1264 576 1334 ὴ
605 1263 660 1318 δὲ
680 1266 830 1340 Χηλὴ
857 1270 933 1335 ὡς
960 1278 1277 1345 τριακοστὸν
1307 1281 1472 1353 μέρος
1514 1290 1893 1362 προηγουμένη

330 1350 427 1403 τοῦ
451 1352 569 1425 είρη
579 1354 736 1424 μένου
767 1357 859 1414 διὰ
877 1361 984 1415 τῶν
1021 1364 1196 1420 πόλων
1219 1350 1437 1427 κύκλου.

401 1441 475 1494 Τὸ
494 1442 550 1496 δὲ
573 1442 617 1514 β’
645 1445 863 1517 ὼριαῖον
887 1450 1158 1526 διάστημα
1186 1459 1432 1530 ἀφορίζει
1457 1466 1585 1535 περὶ¹
1605 1465 1703 1538 τὴν
1720 1467 1893 1540 ἀρχὴν

326 1532 422 1585 τοῦ
450 1534 718 1606 Σκορπίου
743 1541 835 1594 τοῦ
870 1560 930 1607 τε
965 1545 1245 1618 Ὀφιούχου
1278 1552 1307 1602 6
1339 1532 1672 1628 βορειότερος

325 1627 392 1696 τῇ
416 1626 565 1699 δεξιᾷ
589 1632 731 1702 χειρὶ
759 1633 804 1704 β’
833 1635 1073 1708 ἀστέρων
1098 1638 1382 1714 λαμπρῶν,
1415 1646 1464 1699 οἳ
1503 1626 1705 1705 κεέντάι
1731 1654 1789 1705 ὲν
1811 1653 1890 1724 τῷ

324 1715 539 1788 σώματι
563 1721 657 1775 τοῦ
693 1725 904 1794 Ὄφεως
937 1729 1074 1797 μετὰ
1097 1729 1268 1797 δεξιὸν
1293 1736 1418 1804 γόνυ
1454 1739 1548 1793 τοῦ
1582 1715 1883 1815 Ὀφιούχου,

2010 564 2175 611 sextae
2206 555 2352 611 hora:
2385 556 2661 616 limitaneo
2686 562 2912 621 circulo.

2081 729 2239 787 XVII.
2270 734 2416 791 Inter
2442 742 2703 807 punctum
2752 741 3060 811 aequinoctii
3110 754 3460 821 autumnalis,
3512 767 3566 814 et

2004 819 2215 877 hiberni
2248 827 2442 896 tropici
2492 842 2587 883 sex
2615 830 2955 888 horariorum
3006 836 3413 901 intervallorum
3453 852 3564 919 pri-

2002 926 2151 968 mum
2174 919 2430 974 terminat
2460 922 2517 977 in
2569 923 2798 992 circulo,
2827 928 2921 998 qui
2972 934 3178 991 medias
3217 937 3411 999 Chelas
3441 961 3565 1015 per-

2000 1005 2219 1069 transit,
2244 1009 2490 1077 proxime
2517 1013 2735 1082 quidem
2774 1017 2998 1075 sinister
3030 1022 3291 1085 humerus
3349 1031 3560 1094 Bootae:

1999 1102 2054 1149 et
2083 1096 2260 1153 lucida
2298 1100 2352 1154 in
2378 1105 2718 1161 extremitate
2769 1113 3026 1169 australis
3062 1116 3260 1185 Chelas,
3300 1138 3331 1178 e
3363 1110 3562 1195 quibus

1997 1185 2257 1245 humerus
2284 1190 2424 1246 haud
2447 1196 2617 1249 multo
2648 1199 2884 1269 amplius
2913 1202 3050 1261 citra
3086 1223 3101 1259 :
3126 1209 3292 1268 Chela
3315 1185 3444 1273 vero
3471 1222 3562 1275 tri-

1996 1277 2200 1332 cesima
2247 1287 2400 1348 parte
2450 1284 2591 1339 ultra
2641 1295 2725 1341 est
2757 1288 3021 1350 circulum
3073 1297 3246 1367 illum,
3277 1318 3436 1374 quem
3461 1325 3560 1380 per

1991 1368 2147 1438 polos
2171 1373 2409 1429 transire
2435 1375 2692 1434 diximus.

1988 1657 2110 1712 qua:
2138 1644 2194 1698 in
2220 1646 2412 1702 dextra
2435 1660 2564 1707 sunt
2592 1652 2887 1725 Ophiuchi,
2915 1677 3144 1735 quaeque
3169 1669 3223 1722 in
3282 1644 3552 1744 serpentis

1987 1747 2216 1803 corpore
2264 1745 2390 1807 post
2436 1740 2703 1812 Ophiuchi
2747 1748 3003 1807 dextrum
3058 1771 3201 1826 genu
3253 1740 3546 1824 sitae—sunt.

318 1807 416 1861 τοῦ
442 1808 500 1863 δὲ
539 1813 808 1882 Στεφάνου
844 1820 872 1871 6
898 1822 1301 1894 προηγούμενος
1333 1827 1426 1881 τοῦ
1457 1804 1708 1905 λαμπροῦ
1840 1836 1863 1890 λ

2264 1804 2283 1807 _
2487 1804 2501 1812 _
3059 1804 3201 1826 ομ-..
3253 1804 3369 1818 ...μυ
3401 1804 3546 1824 σαι...

1981 1822 2054 1878 At
2092 1829 2405 1896 praecedens
2437 1834 2670 1890 lucidam
2691 1837 2918 1897 Coronae
2947 1844 3219 1904 tricesima
3265 1852 3377 1911 fere
3404 1858 3551 1917 hora:

321 1897 487 1970 μέρος
509 1898 655 1972 ὥρας
692 1903 1038 1963 ὑπολείπεται
1064 1911 1156 1965 τοῦ
1189 1912 1275 1967 διά
1303 1915 1411 1970 τῶν
1443 1897 1626 1974 πόλων
1652 1897 1877 1977 κύκλουο

314 1988 515 2058 ὁμοίως
534 1991 592 2044 δὲ
618 1993 760 2048 καὶὸ
800 1997 961 2067 μέσος
986 2000 1093 2055 τῶν
1131 2003 1190 2057 ὲν
1220 2003 1300 2077 τῷ
1331 2006 1566 2080 μετώπῳ
1597 2010 1691 2065 τοῦ
1715 2015 1882 2088 Σκορ-

316 2078 443 2132 πίου
474 2087 522 2149 γ’
550 2081 814 2157 λαμπρῶν
833 2088 1096 2162 ἀστέρων.

382 2169 494 2242 Τὴν
524 2171 580 2227 δὲ
607 2180 657 2243 γ’
683 2175 833 2247 ὥραν
870 2181 1115 2254 ἀφορίζει
1152 2187 1283 2259 περὶ
1309 2188 1370 2244 τὸ
1398 2192 1559 2261 μέσον
1581 2195 1672 2248 τοῦ
1706 2198 1881 2271 Σκορ-

313 2261 436 2315 πίου
465 2263 557 2316 τοῦ
608 2265 697 2321 Ἐν
718 2269 936 2337 γόνασιν
957 2276 985 2328 6
1009 2276 1103 2330 ἐπὶ
1122 2279 1216 2332 τοῦ
1247 2280 1421 2347 δεξιοῦ
1450 2284 1600 2357 ὤμου
1625 2261 1877 2362 κείμενος

307 2353 504 2427 ἀστὴρ,
527 2358 621 2411 καὶ
643 2362 671 2413 6
695 2362 754 2415 ὲν
777 2364 917 2439 μέσῃ
937 2370 1000 2438 τῇ
1025 2367 1172 2442 δεξιᾷ
1194 2374 1378 2446 κνήμῃ
1407 2353 1591 2447 αὑτοῦ,
1610 2381 1686 2447 ὡς
1714 2353 1758 2438 λ’
1787 2353 1875 2457 μέξ

307 2463 403 2517 ρος
428 2449 577 2521 ὥρας
614 2454 749 2523 πρὸς
774 2456 1040 2524 ἀνατολὰς
1066 2466 1485 2536 παραλλάσσων.

378 2541 489 2613 Τὴν
516 2542 572 2597 δὲ
593 2545 634 2598 δ’
666 2547 914 2621 ἀφορίζει
938 2555 1065 2625 περὶ
1089 2557 1188 2627 τὴν
1212 2559 1385 2632 ἀρχὴν
1404 2564 1497 2619 τοῦ
1525 2568 1752 2636 Τοξότου
1775 2573 1868 2628 τοῦ

300 2646 363 2683 τε
408 2632 495 2684 Ἑν
533 2637 754 2703 γόνασιν
786 2643 815 2695 6
856 2645 914 2696 ὲν
957 2644 1036 2716 τῷ
1078 2647 1348 2723 ἀριστερῷ
1395 2658 1554 2730 μηρῷ
1597 2632 1866 2737 ³1(ιμ’πτρδςν

299 2721 515 2795 καὶτῆς
540 2731 741 2799 μικρᾶς
774 2732 1008 2805 Ἄρκτου
1042 2741 1090 2794 οἱ
1129 2721 1500 2820 λαμπωτάτοι
1525 2721 1622 2811 καὶ
1642 2721 1869 2834 fimi;

1292 2815 1302 2820 ς
1662 2815 1699 2832 ιι
1781 2815 1792 2834 ι
1830 2815 1841 2817 ⁷

300 2830 380 2866 νοι
399 2815 506 2869 τῶν
526 2820 583 2871 έν
604 2820 683 2892 τῷ
707 2823 928 2898 πλινθίῳ
950 2829 1012 2894 δ’,
1035 2833 1241 2915 καὶτοῦ
1270 2839 1682 2919 Ὀφιούχουτῶν
1711 2854 1768 2909 ἐν
1789 2854 1866 2927 τῷ

300 2901 447 2927 2_:_.~!
479 2905 505 2927 ν
526 2925 553 2927 η
594 2926 597 2927 ν
643 2912 654 2927 ο
686 2912 711 2927 n
852 2917 863 2927 -

296 2901 453 2976 δεξιῷ
474 2905 605 2979 ὤμῳ
632 2912 660 2963 ὁ
683 2912 1041 2992 βορειότερος.

1980 1923 2137 1985 parte
2165 1919 2303 1976 citra
2338 1924 2605 1982 circulum
2647 1938 2735 1985 est
2787 1948 2886 2003 per
2934 1937 3088 2005 polos
3152 1949 3547 2011 transeuntem.

1982 2007 2244 2068 Similiter
2270 2017 2436 2072 etiam
2463 2021 2640 2077 media
2674 2025 2980 2084 lucidarum
3035 2033 3218 2104 trium,
3270 2055 3392 2110 qua:
3419 2058 3550 2103 sunt

1976 2100 2034 2158 in
2066 2101 2246 2161 fronte
2282 2105 2493 2180 Scorpii

1973 2288 2153 2356 stella,
2188 2307 2310 2362 quae
2354 2294 2413 2350 in
2472 2297 2671 2357 dextr’o
2720 2302 2950 2365 humero
3004 2323 3087 2369 est
3129 2288 3545 2389 lngeniculizet

1971 2395 2094 2450 quae
2121 2393 2207 2440 est
2226 2385 2287 2441 in
2308 2387 2553 2457 ejusdem
2587 2409 2750 2452 crure
2783 2397 2998 2469 dextro,
3027 2407 3301 2468 tricesima
3324 2416 3544 2476 circiter

1971 2472 2118 2532 horae
2142 2485 2297 2548 parte
2325 2482 2392 2536 ad
2420 2483 2682 2542 orientem
2713 2490 3013 2552 declinans.

2039 2566 2257 2634 Quarta:
2280 2572 2429 2630 horae
2483 2577 2644 2635 limes
2673 2588 2759 2637 est
2786 2584 2935 2641 circa
2985 2589 3213 2663 initium_
3260 2595 3538 2669 Sagittarii

1977 2658 2159 2716 lucida
2180 2662 2238 2718 in
2290 2665 2496 2724 femore
2540 2672 2765 2729 sinistro
2798 2676 3093 2749 lngenieuli
3132 2704 3145 2740 :
3174 2693 3228 2741 et
3261 2689 3538 2750 lucidissi-

1966 2765 2088 2817 mae,
2113 2756 2607 2833 antecedentesque
2638 2766 2790 2838 141
2835 2771 2903 2827 de
2923 2782 3159 2843 quatuor
3192 2779 3248 2833 in
3274 2781 3537 2843 laterculo

1964 2842 2194 2901 minoris
2224 2844 2407 2918 Ursae;
2444 2860 2559 2908 tum
2601 2855 2875 2917 borealior
2906 2842 3118 2933 earum,
3153 2885 3278 2940 quae
3308 2883 3439 2930 sunt
3476 2879 3533 2935 in

1962 2930 2229 3005 Ophiuchi
2256 2939 2449 2999 dextro
2478 2944 2727 3006 humero.

2031 3028 2287 3095 Quintam
2315 3034 2503 3091 horam
2533 3037 2860 3099 determinat
2901 3048 3048 3106 circa
3080 3053 3322 3111 medium
3354 3057 3535 3131 Sagit-

294 3093 386 3146 τοῦ
419 3114 477 3149 τε
512 3100 735 3167 Τοξότου
776 3109 803 3160 6
833 3110 1097 3182 ἑπόμενος
1119 3093 1224 3173 τῶν
1263 3093 1321 3175 ὲν
1347 3126 1411 3195 τῇ
1448 3127 1655 3200 κεφαλῇ
1690 3093 1758 3200 γ’,

294 3181 335 3216 ν
369 3185 529 3216 ma---
559 3189 705 3216 ιη-
745 3197 832 3216 _,.
913 3201 924 3216 .
1064 3203 1117 3216 ..
1340 3212 1430 3216 -__

2059 3093 2070 3095 ἡ
2635 3093 2858 3099 ____-_...-
2906 3093 2972 3104 ν..
2987 3093 3048 3106 va
3080 3093 3322 3111 nuvululu
3354 3093 3534 3131 υαδιι·

1975 3121 2189 3185 larium,
2220 3126 2521 3183 succedens
2548 3130 2713 3187 trium
2736 3135 2790 3189 in
2815 3139 2994 3209 capite
3024 3142 3330 3216 Sagittarii.
3369 3154 3534 3210 trice-

293 3181 335 3235 λ’
365 3185 529 3259 μέρος
558 3189 706 3263 ὧρας
739 3197 871 3269 πρὸς
901 3181 1162 3271 ἀνατολὰς
1189 3181 1604 3283 παραλλάσσῶν.

362 3276 473 3348 Τὴν
507 3279 564 3332 δὲ
600 3289 654 3346 ς’
685 3283 832 3357 ὥραν
859 3290 1105 3364 ἀφορίζει
1132 3298 1224 3351 ἐπὶ
1268 3276 1362 3354 τοῦ
1405 3303 1492 3359 διὰ
1528 3306 1637 3361 τῶν
1665 3327 1854 3378 τροπι-

291 3365 402 3420 κῶν
433 3373 675 3442 σημείων
708 3376 905 3434 κύκλου
933 3384 1009 3448 ὡς
1037 3386 1263 3457 ἔγγιστα
1306 3394 1415 3447 τῶν
1463 3399 1522 3451 ὲν
1555 3399 1633 3471 τῷ
1677 3365 1770 3427 ’λ’
1805 3409 1854 3473 γ’

289 3457 558 3533 λαμπρῶν
611 3467 639 3520 6
692 3467 1044 3545 βορειότερος,
1094 3479 1170 3545 ὡς
1222 3480 1271 3535 κ’
1312 3484 1476 3558 μέρος
1527 3457 1655 3560 mg:
1706 3457 1854 3565 ὥραίς

288 3548 712 3627 ὑπολειπόμενος
741 3560 834 3615 τοῦ
868 3565 1089 3622 κύκλου.

355 3645 463 3699 IH'.
504 3647 623 3703 Τῶν
650 3650 708 3706 δὲ
752 3656 954 3724 μεταξὺ
983 3658 1073 3714 τοῦ
1106 3666 1416 3739 χειμερινοῦ
1456 3671 1719 3743 τροπικοῦ
1754 3693 1850 3749 ση-

289 3734 439 3806 μείου
471 3741 563 3792 καὶ
596 3740 685 3795 τοῦ
733 3744 948 3818 ὲαρινοῦ
1000 3758 1053 3817 ς’
1096 3734 1332 3826 ὡριαίων
1373 3734 1753 3834 διαστημάτων
1789 3734 1850 3821 τὸ

287 3829 385 3899 μὲν
428 3836 477 3882 α’
509 3831 731 3904 ὡριαῖον
761 3837 1033 3913 διάστημα
1083 3845 1329 3918 ἀφορίζει
1376 3850 1468 3905 τοῦ
1518 3829 1770 3926 Ᾰελφϊνος
1821 3861 1850 3913 6

285 3919 619 3998 βορειότερος
649 3928 755 3984 τῶν
802 3934 1116 4007 ἡγουμένων
1146 3940 1204 3994 ἐν
1238 3941 1314 4014 τῷ
1367 3944 1574 4019 ῥόμϐῳ,
1620 3919 1713 4004 καὶ
1750 3919 1845 4005 τοῦ

281 4013 655 4089 Δίγοκέρωτος
683 4022 712 4073 6
740 4023 1038 4096 ἡγούμενος
1068 4030 1175 4085 τῶν
1204 4035 1261 4087 ὲν
1288 4013 1564 4110 cotem}.
1614 4028 1617 4029 ν

349 4107 424 4159 Τὸ
453 4107 510 4162 δὲ
552 4109 596 4163 δ’
618 4112 838 4185 ὡριαῖον
873 4116 1144 4193 διάστημα
1177 4125 1426 4197 ἀφορίζει
1460 4107 1587 4203 περὶ
1616 4133 1715 4206 τὴν
1739 4136 1843 4207 ἀρ-

279 4194 379 4268 χὴν
421 4198 515 4252 τοῦ
555 4201 835 4274 ’Υδροχόου
873 4209 982 4262 τῶν
1021 4214 1078 4265 ἐν
1113 4214 1191 4285 τῷ
1230 4194 1457 4290 στόματι
1500 4194 1593 4277 τοῦ
1646 4194 1842 4282 ’ἱππου

279 4287 526 4364 λαμπρὸς
566 4297 759 4369 ἀστὴρ,
796 4302 1008 4356 καὶτοῦ
1041 4307 1275 4378 Κηφέως
1378 4315 1695 4390 νοτιώτερος
1733 4321 1843 4376 τῶν

281 4387 704 4458 προηγουμένων
734 4390 826 4444 τοῦ
858 4394 1030 4461 δεξιοῦ
1057 4396 1227 4469 ὤμου.

1959 3212 2098 3270 sima
2133 3215 2351 3272 circiter
2386 3218 2536 3276 horae
2559 3231 2710 3292 parte
2733 3227 2798 3282 ad
2820 3231 3085 3289 orientem
3118 3236 3421 3299 declinans.

2028 3304 2206 3361 Sexta:
2264 3307 2411 3365 horae
2462 3313 2734 3372 terminus
2762 3326 2846 3374 est
2903 3321 2959 3376 in
3015 3325 3244 3396 circulo,
3294 3334 3388 3403 qui
3433 3352 3530 3406 per

1954 3398 2265 3479 solstitialia
2291 3411 2495 3473 puncta
2530 3409 2749 3475 transit,
2780 3427 2943 3482 quam
2978 3420 3226 3487 proxime
3253 3398 3528 3487 borealior

1952 3502 1984 3543 e
2013 3488 2207 3546 lucidis
2237 3493 2433 3563 tribus,
2468 3496 2733 3555 vicesima
2763 3503 2985 3563 circiter
3013 3508 3164 3568 hora:
3195 3526 3350 3584 parte
3386 3520 3524 3577 citra

1952 3579 2216 3636 circulum
2246 3586 2446 3654 posita.

1944 3771 2152 3843 puncto
2180 3767 2248 3822 ad
2279 3770 2665 3841 aequinoctium
2718 3794 2947 3837 vernum
3003 3787 3276 3855 pertinet,
3335 3806 3366 3848 e
3421 3809 3519 3851 sex

1950 3855 2183 3914 horariis
2229 3859 2529 3921 intervallis
2567 3868 2804 3937 primum
2851 3877 3109 3933 terminat
3151 3881 3207 3936 in
3247 3881 3514 3955 Delphino

1952 3945 2222 4006 horealior
2278 3956 2714 4016 antecedentium
2781 3965 2838 4019 in
2891 3967 3153 4038 rhombo,
3205 3983 3260 4029 et
3296 3945 3513 4035 antece-

1945 4036 2081 4096 dens
2110 4040 2320 4110 ear'um,
2351 4062 2473 4117 qua:
2501 4060 2629 4106 sunt
2655 4053 2711 4108 in
2744 4054 2912 4113 dorso
2937 4059 3281 4131 Capricorni.

2021 4130 2333 4192 Secundum
2385 4139 2665 4198 horarium
2713 4130 3060 4207 intervallum
3124 4156 3312 4213 deﬁnit
3363 4161 3512 4218 circa

1942 4218 2158 4278 initium
2207 4227 2470 4299 Aquarii,
2523 4233 2705 4290 lucida
2754 4252 2877 4308 quae
2909 4241 2966 4297 in
3013 4258 3109 4301 ore
3138 4256 3223 4303 est
3264 4249 3422 4320 Equi,
3454 4261 3511 4309 et

1942 4316 2237 4373 australior
2264 4322 2705 4382 antecedentium
2738 4326 2917 4386 dextri
2948 4333 3163 4392 humeri
3210 4316 3434 4411 Cephei.

345 4475 419 4530 T6
458 4476 517 4530 δὲ
567 4485 616 4548 γ’
654 4480 875 4554 ὠριαῖον
914 4487 1185 4560 διάστημα
1228 4494 1474 4566 ἀφορίζει
1509 4501 1637 4572 περὶ
1673 4503 1855 4574 μέσον·

2012 4490 2208 4549 Tertiae
2229 4494 2378 4553 hom
2405 4497 2560 4555 limes
2591 4510 2678 4556 est
2715 4502 2864 4559 circa
2903 4506 3142 4565 medium
3167 4510 3503 4584 Aquarium,

273 4565 366 4619 τοῦ
410 4567 689 4642 ’Υδροχόου
720 4576 748 4628 6
766 4577 927 4646 μέσος
939 4580 1047 4634 τῶν
1065 4585 1124 4635 ὲν
1151 4587 1216 4656 τῇ
1240 4565 1450 4660 κεφαλῇ
1485 4565 1836 4664 τοῦ-Κηφέως

273 4664 323 4727 γ’
353 4660 597 4733 ἀστέρων
653 4665 739 4717 ἐπ’
781 4668 995 4735 εὐθείας
1041 4675 1328 4744 κειμένων,
1375 4681 1468 4732 καὶ
1511 4679 1605 4748 τοῦ

272 4749 379 4804 τῶν
424 4754 482 4805 ὲν
527 4753 605 4826 τῷ
636 4758 887 4831 τραχήλῳ
921 4760 964 4830 β’
990 4762 1233 4836 ἀστέρων
1284 4769 1312 4821 ὁ
1357 4768 1709 4845 βορειότερος,
1759 4777 1835 4842 ὡς

270 4846 589 4915 τριακοστὸν
642 4849 804 4921 μέρος
849 4851 997 4923 ὥρας
1025 4859 1429 4932 προηγούμενος
1455 4862 1549 4917 τοῦ
1589 4866 1678 4922 διά
1722 4869 1832 4924 τῶν

269 4936 449 4992 πόλων
487 4939 705 4995 κύκλου.

337 5029 410 5084 T6
433 5030 489 5084 δὲ
510 5031 550 5085 δ’
568 5032 788 5106 ὡριαῖον
807 5036 1080 5109 διάστημα
1104 5041 1352 5114 ἀφορίζει
1376 5047 1507 5118 περὶ
1528 5048 1627 5121 τὴν
1654 5051 1832 5126 ἀρχὴν

264 5119 373 5173 τῶν
411 5122 631 5193 Ἰχθύων
659 5126 758 5198 τῆς
786 5128 1138 5202 Ἀνδρομέδας
1166 5133 1275 5189 τῶν
1302 5137 1360 5192 ὲν
1408 5143 1474 5211 τῇ
1507 5119 1655 5214 δεξιᾷ

265 5211 505 5286 ἀστέρων
540 5217 569 5270 6
595 5216 933 5287 νοτιώτατος,
962 5221 1036 5286 ὡς
1063 5228 1112 5276 κ’
1142 5225 1307 5297 μέρος
1349 5228 1497 5303 ὥρας
1524 5211 1827 5305 ⁵ὑπολειπό-

267 5320 426 5373 μενος
451 5305 546 5360 τοῦ
580 5308 668 5364 διὰ
694 5327 802 5364 των
833 5311 1009 5366 πόλων
1039 5313 1264 5372 κύκλου.

332 5398 404 5450 T6
449 5400 508 5452 δὲ
560 5408 601 5454 ε’
658 5402 875 5475 ὠριαῖον
937 5404 1210 5480 διάστημὶ
1268 5414 1391 5486 περὶ
1443 5414 1641 5485 μέσους
1694 5421 1822 5485 τοὺς

274 5487 480 5558 Ἰχθύας
529 5491 775 5564 ἀφορίζει
818 5500 920 5568 τῆς
967 5502 1324 5581 Κασσντέίσς
1382 5503 1411 5557 6
1451 5506 1509 5558 ἐν
1554 5506 1702 5580 μέσῳ
1741 5509 1819 5581 τῷ

262 5571 491 5645 σώματι,
520 5580 614 5633 καὶ
641 5585 822 5653 τρίτος
850 5582 958 5661 ἀπὸ
988 5586 1086 5664 τῆς
1113 5571 1354 5664 κεφαλῆς
1398 5571 1817 5670 ἀριθμούμενος.

359 5733 405 5766 ο·
435 5734 478 5804 ί.
509 5734 586 5799 δς.

1936 4583 2115 4639 media
2144 4586 2308 4641 trium
2335 4589 2638 4663 stellarum,
2669 4609 2791 4664 quae
2821 4606 2950 4653 sunt
2988 4600 3046 4654 in
3079 4604 3256 4673 capite
3299 4606 3505 4679 Cephei

1935 4674 1991 4728 in
2039 4676 2305 4735 directum
2351 4683 2576 4751 positaa;
2620 4702 2726 4744 nec
2764 4704 2875 4745 non
2918 4691 3194 4751 horealior
3232 4697 3500 4769 duarum,

1933 4780 2054 4836 quae
2083 4775 2212 4822 sunt
2237 4769 2320 4839 .in
2347 4769 2486 4844 Equi
2531 4777 2672 4834 collo
2697 4820 2713 4845 ,
2776 4780 3053 4838 tricesima
3098 4785 3317 4845 circiter
3356 4791 3505 4849 hora:

1934 4854 2200 4923 particula
2248 4859 2551 4932 circulum,
2601 4870 2694 4939 qui
2739 4886 2837 4942 per
2875 4874 3032 4943 polos
3083 4880 3311 4948 transit,
3343 4893 3500 4942 ante-

1931 4945 2153 5005 cedens.

1933 5076 1938 5084 .
2003 5036 2260 5103 Quartam
2309 5043 2498 5102 horam
2549 5049 2739 5108 deilnit
2797 5059 2946 5117 circa
2994 5064 3235 5124 Piscium
3282 5068 3498 5129 initium

1930 5129 2329 5188 anstralissima
2353 5150 2540 5192 earum
2571 5156 2694 5212 quae
2723 5154 2852 5202 sunt
2885 5150 2941 5207 in
2970 5152 3169 5231 dextra
3191 5174 3354 5216 manu
3382 5161 3498 5218 An-

1928 5309 2106 5379 posita
2129 5350 2145 5376 ,
2174 5313 2267 5383 qui
2295 5332 2392 5386 per
2421 5319 2576 5389 polos
2615 5328 2828 5384 transit.
3049 5379 3056 5385 .

1997 5400 2258 5466 Quintum
2318 5407 2597 5468 horarium
2668 5416 3015 5481 intervallum
3085 5430 3229 5488 circa
3282 5435 3491 5494 medios

1924 5487 2112 5550 Pisces
2145 5494 2333 5555 deﬁnit
2361 5515 2446 5569 ea,
2471 5520 2592 5574 qua:
2617 5515 2701 5563 est
2718 5509 2775 5566 in
2808 5516 2991 5573 medio
3017 5534 3246 5594 corpore
3274 5525 3491 5585 Cassie-

1925 5595 2059 5666 pete,
2083 5601 2203 5656 quae
2225 5605 2255 5647 a
2281 5593 2641 5680 capitevtertia
2670 5614 3009 5665 numeratur.
