3950 6266
436 244 574 301 1155

1420 241 1507 296 Αἰ)
1543 240 1807 297 EUSEBII
1844 239 2249 298 CHRONICON
2289 240 2652 296 APPENDIX.

3533 243 3670 299 H36

506 359 724 414 Sextam
757 357 945 410 horam
969 355 1224 410 terminat
1261 357 1508 426 proxime
1541 358 1609 412 ab
1641 358 1845 414 circulo
1866 358 1993 423 isto,

2169 357 2242 410 Τὸ
2289 358 2346 411 δὲ
2391 365 2443 424 ς’
2473 358 2694 428 ὡριαῖον
2746 358 3019 429 διάστημα
3059 355 3306 428 ἀφορίζει
3358 357 3454 411 ἀπ’
3503 359 3665 412 αὑτοῦ

434 448 526 518 qui
562 446 1079 518 per-aequinoctialia
1110 454 1334 516 puncta,
1359 448 1625 518 polosque
1646 448 1994 514 describitur,

434 555 555 610 qua:
589 539 886 594 summitati
927 539 1068 608 ejus,
1103 554 1224 608 quae
1260 554 1424 608 supra
1472 539 1709 594 Arietem
1739 542 1844 596 sita
1875 549 1995 607 est,

436 633 703 694 in'uninet,
730 638 783 685 et
813 630 1144 686 antecedens
1176 631 1481 685 lucidarum
1515 631 1698 696 trium,
1722 648 1844 704 quae
1871 643 1998 688 sunt

434 725 493 778 in
514 725 691 794 capite
716 723 916 780 Arietis
940 743 954 790 ,
989 739 1110 794 quae
1140 725 1395 780 vicesima
1421 725 1641 781 circiter
1671 726 1822 782 horae
1842 734 1997 798 parte

434 816 573 871 citra
594 816 862 870 circulum
891 817 1120 870 locatur.

505 906 564 961 In
595 923 659 964 eo
690 907 1014 978 quadrante,
1049 908 1142 978 qui
1176 909 1244 964 ab
1264 909 1571 980 aequinoctii
1609 910 1761 965 verni
1795 917 1996 980 puncto

436 999 504 1053 ad
529 997 701 1055 aestivi
735 1001 931 1071 tropici
971 1010 1229 1071 punctum
1264 1003 1593 1072 porrigitur,
1641 1003 1880 1072 primum
1913 1003 1998 1057 in-

433 1093 1046 1160 tervallum.horarium
1089 1093 1348 1147 terminat
1392 1093 1729 1149 lucidissima
1776 1109 1995 1162 earum,

436 1199 558 1252 quze
588 1189 716 1238 sunt
740 1182 796 1236 in
828 1181 1124 1252 Gorgonio,
1149 1184 1294 1254 quod
1324 1185 1546 1240 sinistra
1575 1187 1711 1256 gerit
1746 1187 1996 1242 Perseus.

509 1275 818 1330 Secundum
879 1275 1223 1329 intervallum
1272 1278 1529 1332 terminat
1575 1280 1723 1333 circa
1783 1279 1998 1334 initium

439 1365 602 1421 Tauri
631 1366 930 1422 succedens
978 1368 1145 1421 trium
1203 1367 1408 1423 directa
1456 1370 1598 1425 serie
1642 1372 1941 1440 positarum
1969 1387 2002 1426 e

435 1458 677 1530 quinque
709 1457 900 1524 stellis,
933 1474 1054 1528 qua:
1086 1460 1232 1514 circa
1263 1460 1512 1517 dextrum
1543 1462 1728 1518 Persei
1759 1479 1924 1534 genu.

505 1545 675 1601 Tertii
701 1546 968 1602 intervalli
998 1548 1157 1605 limes
1184 1559 1266 1606 est
1295 1543 1442 1605 circa
1472 1550 1709 1606 medium
1734 1550 1997 1617 Taurum,

429 1653 619 1705 earum
663 1654 783 1709 quae
810 1650 936 1694 sunt
965 1641 1020 1695 in
1050 1642 1223 1711 pelle,
1255 1658 1418 1713 quam
1450 1644 1616 1699 Orion
1659 1643 1882 1700 sinistra
1915 1652 1998 1699 te-

2099 451 2329 519 ἐγγιστα
2363 449 2456 502 τοῦ
2487 450 2574 503 διά
2620 449 2726 502 τῶν
2767 447 3094 519 ίσημερινῶν
3137 448 3376 518 σημείων
3423 447 3521 500 καὶ
3560 449 3665 500 τῶν

2100 543 2278 596 πόλων
2307 541 2652 612 γραφομένου
2697 539 2919 604 κύκλου,
2953 541 3052 592 οὐκ
3084 538 3165 591 ἔτι
3210 539 3255 570 ⁸³
3284 539 3385 609 τῆς
3422 538 3665 609 κορυφῆς

2099 633 2348 704 κείμενος
2370 632 2462 686 τοῦ
2492 633 2631 705 ὑπὲρ
2657 632 2746 685 τὸν
2771 631 2938 702 Κριὸν
2968 629 3240 700 κειμένου,
3272 631 3300 682 6
3330 629 3387 681 δὲ
3423 629 3471 660 ’⁸
3503 628 3665 699 ἡγού-

2102 739 2260 792 μενος
2288 721 2396 774 τῶν
2438 722 2494 775 ὲν
2542 723 2607 792 τῇ
2638 720 2844 790 κεφαλῇ
2880 717 2972 772 τοῦ
3007 717 3176 790 Κριοῦ
3210 725 3256 786 γ’
3290 716 3581 788 λαμπρῶν,
3611 718 3667 780 ὃς

2099 813 2339 866 εἰκοστὸν
2375 812 2534 884 μέρος
2562 812 2708 883 ῶρας
2741 811 3090 866 ὑπολείπεται
3117 813 3210 866 καὶ
3243 811 3338 865 τοῦ
3372 812 3596 865 κύκλου.

2170 905 2292 959 Τῶν
2335 905 2392 959 δὲ
2439 904 2640 976 μεταξὺ
2677 902 2769 957 τοῦ
2816 902 3129 974 ίσημερινοῦ
3177 902 3273 957 καὶ
3311 903 3404 955 τοῦ
3457 900 3672 973 θερινοΰ

2101 997 2328 1069 σημείου
2360 997 2418 1062 ἓξ
2441 997 2679 1068 ὠριαίων
2705 997 3082 1068 διαστημάτων
3114 995 3172 1048 τὸ
3196 997 3293 1066 μὲν
3321 1003 3370 1048 α’
3393 996 3669 1068 διάστημα

2101 1089 2346 1162 ἀφορίζει
2395 1091 2423 1142 6
2470 1089 2847 1160 λαμπρότατος
2879 1088 2986 1141 τῶν
3028 1090 3085 1141 ὲν
3131 1087 3209 1158 τῷ
3254 1089 3491 1160 γονατίῳ
3539 1090 3609 1155 ⁸⁵,
3641 1091 3669 1143 6

2099 1178 2210 1250 ἕχει
2244 1180 2272 1231 6
2309 1178 2550 1250 Περσεὺς
2584 1179 2640 1231 ἐν
2666 1180 2730 1249 τῇ
2761 1178 3021 1249 ἀριστερᾷ
3045 1177 3206 1248 χειρί.

2172 1270 2245 1322 Τὸ
2291 1269 2348 1322 δὲ
2399 1269 2442 1340 β’
2486 1269 2758 1339 διάστημα
2807 1269 3028 1338 ιῦριαῖον
3090 1267 3338 1339 ἀφορίζει
3392 1270 3525 1340 περί
3570 1271 3669 1341 τὴν

2100 1359 2272 1430 ἀρχὴν
2300 1357 2391 1411 τοῦ
2439 1357 2652 1429 Ταύρου
2688 1358 2783 1411 τοῦ
2818 1357 3069 1428 Περσέως
3102 1359 3208 1410 τῶν
3239 1359 3366 1429 περὶ
3391 1359 3454 1410 τὸ
3499 1359 3670 1424 δεξιὸν

2101 1452 2228 1519 γόνυ
2260 1457 2298 1503 ε’
2331 1451 2575 1522 ἀστέρων
2615 1452 2643 1503 6
2687 1450 2945 1520 ἑπόμενος
2979 1450 3084 1503 τῶν
3115 1451 3200 1502 ἐπ’
3236 1452 3450 1514 εὐθείας
3476 1451 3666 1523 τριῶν.

2171 1543 2246 1596 T6
2289 1542 2345 1596 δὲ
2379 1549 2427 1610 γ’
2454 1542 2672 1614 ὼριαῖον
2717 1542 2990 1612 διάστημα
3035 1542 3280 1611 ἀφορίζει
3320 1545 3450 1614 περὶ
3505 1545 3671 1614 μέσον

2099 1634 2190 1688 τὸν
2222 1634 2431 1705 Ταῦρον
2459 1634 2567 1688 τῶν
2599 1637 2654 1688 ἐν
2682 1637 2747 1706 τῇ
2774 1635 2924 1706 δορᾷ,
2960 1634 3026 1705 ἣν
3067 1634 3179 1705 ἔχει
3209 1637 3238 1688 6
3279 1637 3470 1706 Ὠρίων
3512 1637 3572 1689 ἐν
3604 1641 3667 1709 τῇ

435 1738 547 1793 net,
581 1738 806 1800 quarta,
833 1741 887 1786 et
918 1733 1168 1802 septima.
1217 1710 1353 1788 Item
1398 1734 1680 1803 splendida
1709 1735 1766 1788 in
1801 1735 1994 1791 mediis

2111 1727 2357 1799 ὶριστερᾷ
2404 1727 2567 1798 χειρὶ,
2608 1729 2635 1780 ὁ
2675 1727 2714 1780 δ’
2759 1728 2852 1780 καὶ
2880 1729 2908 1780 6
2947 1725 3011 1793 ζ’,
3045 1727 3138 1780 καὶ
3170 1727 3262 1781 τοῦ
3292 1729 3509 1801 Ταύρου
3539 1730 3569 1781 6
3614 1732 3669 1782 ὲν

433 1818 601 1875 Tauri
653 1822 914 1878 cornibus
952 1863 969 1889 ,
1040 1840 1161 1895 quae
1212 1840 1334 1880 cum
1380 1826 1577 1883 lucidis
1632 1834 1999 1884 extremorum

433 1927 703 1967 cornuum
764 1914 1099 1986 triangulum
1161 1917 1551 1988 propemodum
1621 1919 1999 1990 aaquilaterum

430 2002 583 2060 facit.

504 2096 762 2162 Quartam
791 2098 981 2154 horam
1013 2099 1203 2156 deﬁnit
1231 2100 1377 2155 circa
1408 2099 1758 2156 Geminorum
1785 2102 2001 2157 initium

425 2187 735 2242 succedens
774 2203 1095 2257 parvarum,
1142 2196 1196 2244 et
1242 2189 1545 2245 lucidarum
1584 2193 1849 2256 duarum,
1881 2208 2002 2262 quae

433 2283 583 2331 recto
609 2291 779 2331 cornu
810 2277 877 2332 ad
904 2278 1168 2334 orientem
1199 2279 1255 2334 in
1295 2280 1562 2335 directum
1604 2282 1794 2351 positae
1821 2289 1952 2336 sunt
1983 2300 1996 2336 :

433 2384 555 2439 quae
582 2381 636 2423 et
666 2369 724 2424 in
758 2368 980 2426 Orionis
1011 2372 1318 2439 collorobo,
1347 2387 1417 2427 ac
1449 2374 1736 2429 borealiori
1765 2374 2001 2430 termino

435 2465 583 2515 sunt.
629 2458 884 2516 Proxime
933 2478 1060 2518 vero
1098 2474 1346 2535 quartam
1381 2466 1572 2521 horam
1600 2467 1860 2524 terminat
1902 2483 2000 2522 au-

435 2549 654 2605 stralior
683 2550 987 2607 lucidarum
1034 2553 1298 2622 duarum,
1346 2572 1467 2627 quae
1499 2567 1627 2614 sunt
1677 2560 1734 2614 in
1773 2557 2000 2630 Leporis

435 2645 612 2698 medio
640 2658 887 2715 corpore.

506 2821 766 2888 Quintum
801 2823 1079 2879 horarium
1133 2828 1370 2897 spatium
1407 2829 1665 2884 terminat
1704 2831 1852 2885 circa
1882 2845 1998 2886 me-

434 2911 558 2967 dios
588 2911 843 2969 Geminos
885 2914 1187 2970 lucidarum
1235 2918 1401 2972 trium
1427 2960 1443 2986 ,
1494 2934 1616 2990 quae
1658 2919 1714 2975 in
1771 2921 2000 2990 genibus

430 3013 564 3058 sunt
589 3003 976 3076 Geminorum,
1032 3011 1244 3077 media;
1304 3025 1425 3080 quae
1456 3012 1735 3067 tricesima
1780 3012 2002 3067 circiter

441 3094 586 3150 horae
614 3105 765 3166 parte
796 3100 1052 3167 praecedit
1077 3101 1344 3156 circulum
1386 3117 1483 3172 per
1514 3102 1670 3173 polos
1705 3110 2000 3160 transeun-

439 3194 580 3250 tem,
626 3201 838 3243 necnon
873 3189 1053 3244 lucida
1084 3191 1445 3262 posteriorum
1473 3191 1640 3249 Canis
1674 3193 1894 3264 pedum.

2105 1818 2288 1887 μέσοις
2333 1821 2446 1882 τοῖς
2491 1818 2715 1890 κέρασιν
2764 1817 3023 1890 ἐκφανὴς,
3079 1818 3392 1892 ἰσόπλευρον
3440 1821 3672 1890 ἔγγιστα

2100 1908 2360 1979 τρίγωνον
2409 1909 2576 1963 ποιῶν
2623 1909 2761 1980 μετά
2806 1908 2915 1965 τῶν
2964 1911 3022 1963 ὲν
3073 1909 3260 1982 ἄκροις
3303 1913 3416 1975 τοῖς
3472 1913 3669 1984 κέρασι

2100 2000 2387 2074 λαμπρῶν.

2171 2095 2246 2147 Τὸ
2287 2093 2343 2146 δὲ
2371 2093 2412 2147 δ’
2440 2094 2662 2166 ὡριαῖον
2692 2092 2964 2163 διάστημα
2997 2094 3242 2165 ἀφορίζει
3276 2094 3406 2165 περὶ
3432 2095 3536 2166 τὴν
3573 2099 3670 2166 ἀρ-

2099 2185 2200 2256 χὴν
2233 2185 2338 2240 τῶν
2367 2185 2635 2257 Διδύμων,
2663 2186 2758 2240 τοῦ
2791 2189 3004 2259 Ταύρου
3027 2188 3132 2242 τῶν
3165 2190 3250 2240 ἐπ’
3278 2189 3494 2251 εὐθείας
3519 2189 3672 2259 ἄκρῳ

2099 2277 2176 2347 τῷ
2198 2277 2355 2347 δεξιῷ
2390 2277 2580 2349 κέρατι
2607 2278 2744 2350 πρὸς
2768 2279 3032 2342 ἀνατολὰς
3066 2280 3332 2350 κειμένων
3364 2280 3408 2350 β’
3437 2280 3669 2349 μικρῶν,

2099 2367 2194 2419 καὶ
2221 2366 2471 2434 ὲκφανῶν
2501 2366 2667 2420 ὄντων
2719 2367 3056 2440 ἀστερίσκων
3095 2369 3122 2421 ὁ
3160 2368 3421 2438 ἑπόμενος
3454 2369 3669 2421 αὐτῶνο

2099 2459 2238 2513 είσὶν
2261 2459 2319 2512 δὲ
2346 2451 2490 2513 οὗτοι
2536 2461 2627 2513 καὶ
2665 2461 2722 2515 ὲν
2753 2460 2830 2531 τῷ
2880 2459 3246 2532 κολλοὸόρῳ⁹⁶
3283 2459 3378 2514 τοῦ
3421 2461 3673 2532 Ὠρίωνος

2100 2551 2194 2603 ἐπὶ
2238 2549 2331 2604 τοῦ
2384 2550 2720 2624 βορειοτέρου
2767 2552 3036 2624 πέρατος·
3091 2551 3320 2620 ἔγγιστα
3375 2551 3434 2605 δὲ
3484 2551 3586 2622 τὴν
3629 2552 3670 2604 δ’

2099 2641 2350 2713 ἀφορίζει
2375 2643 2470 2697 καὶ
2509 2641 2604 2696 τοῦ
2646 2642 2873 2711 Λαγωοΰ
2898 2644 2927 2696 6
2953 2641 3265 2713 νοτιώτερος
3296 2641 3404 2696 τῶν
3431 2643 3492 2696 ἐν
3523 2642 3672 2715 μέσῳ

2099 2734 2176 2806 τῷ
2207 2735 2418 2806 σώματι
2449 2735 2493 2805 β’
2519 2735 2808 2806 λαμπρῶν.

2169 2828 2244 2881 Τὸ
2283 2828 2341 2881 δὲ
2380 2835 2421 2881 ε’
2450 2829 2671 2899 ὡριαῖον
2716 2827 2989 2898 διάστημα
3031 2826 3279 2899 ἀφορίζει
3310 2827 3438 2899 περὶ
3474 2825 3667 2897 μέσους

2099 2921 2225 2985 τοὺς
2253 2919 2514 2991 Διδύμους
2544 2919 2655 2974 τῶν
2683 2919 2929 2991 Διδύμων
2960 2920 2989 2972 6
3019 2919 3196 2991 μέσος⁴
3216 2921 3326 2972 τῶν
3356 2919 3413 2970 ἐν
3442 2921 3555 2982 τοῖς
3583 2918 3668 2985 γό-

2101 3028 2222 3066 νασι
2267 3010 2317 3080 γ’
2354 3011 2641 3084 λαμπρῶν,
2675 3011 2750 3074 ὼς
2782 3009 2825 3064 λ’
2857 3011 3021 3084 μέρος
3061 3009 3211 3080 ῶρας
3262 3009 3670 3082 προηγούμενος

2105 3101 2199 3156 τοῦ
2235 3102 2324 3157 διὰ
2342 3102 2452 3156 τῶν
2491 3103 2669 3156 πόλων
2699 3102 2921 3169 κύκλου,
2955 3102 3049 3155 καὶ
3078 3100 3174 3154 τοῦ
3213 3099 3390 3164 Κυνὸς
3419 3101 3448 3153 6
3477 3102 3535 3154 ὲν
3560 3102 3670 3163 τοξ

2036 3187 2047 3207 ’
2106 3193 2374 3259 ὀπισθίοις
2402 3195 2531 3249 ποσὶ
2561 3195 2826 3267 λαμπρός.

509 3341 556 3372 ³³
577 3341 700 3399 Cor.
729 3347 757 3399 6
780 3347 891 3405 ἐπί.
965 3347 1012 3379 ⁸⁸
1038 3348 1079 3418 f.
1103 3349 1132 3402 6
1158 3363 1236 3401 τε.
1314 3345 1362 3379 ³³
1393 3346 1436 3416 f.
1468 3346 1759 3418 Γοργονίῳ.
1823 3348 1870 3380 ⁹⁶
1899 3346 1941 3417 f.
1969 3348 2025 3402 Κι

2111 3346 2309 3420 ηορόϐῳ.

1379 3678 2720 3814 ΕΡΑΤΟΣΘΕΝΟΥΣ

1699 3911 1805 3965 EN
1827 3913 2024 3982 ΑΛΛῼ
2059 3911 2424 3967 ιηΠΑΡΧοΥ

1251 4072 1424 4162 ΕΙΣ
1459 4065 1605 4160 TA
1637 4066 2074 4190 ΑΡΑΤΟΥ,
2122 4068 2798 4164 ΦΑΙΝΟΜΕΝΑ.

1495 4341 2588 4458 ERATOSTHENIS

1699 4561 1936 4625 ALIAS
1978 4559 2407 4624 HIPPARCHI

1222 4741 1374 4832 AD
1443 4741 1798 4836 ARATI
1893 4741 2688 4835 PHAENOMENA
2721 4725 2882 4836 (ττι).

518 5001 671 5074 142
710 5001 751 5059 l.
807 4997 1196 5072 Apparentium
1242 5001 1645 5057 enarrationem
1703 5003 1990 5062 instituere

2168 5009 2246 5064 A'.
2289 5007 2399 5080 Τὴν
2432 5009 2532 5076 μὲν
2561 5009 2725 5076 δεῖξιν
2747 5009 2856 5065 τῶν
2878 5013 3213 5084 φαινομένων
3237 5014 3355 5068 δέον
3398 5018 3668 5071 ποιεῖσθαι

439 5095 518 5150 sic
549 5098 778 5164 oportet,
805 5099 865 5145 ut
893 5089 959 5145 ad
981 5088 1260 5145 meridiem
1282 5089 1514 5146 obversa
1543 5092 1755 5162 sphaera
1780 5133 1795 5159 ,
1827 5109 2000 5165 oppo-

440 5188 558 5242 sita:
587 5186 887 5240 habeantur
908 5180 1078 5246 Ursae,
1102 5189 1256 5238 ortus
1283 5182 1352 5238 ad
1371 5182 1614 5240 dextram
1649 5185 1741 5250 sit,
1766 5200 1996 5242 occasus

438 5274 508 5330 ad
533 5274 830 5331 sinistram.
851 5269 1124 5327 Naturalis
1146 5285 1309 5341 porro
1333 5271 1558 5344 Sphaarae
1578 5274 1766 5329 mundi
1789 5274 1998 5344 positus

438 5372 521 5420 est
551 5363 845 5435 ejusmodi,
883 5371 944 5417 ut
990 5363 1046 5417 in
1094 5363 1308 5433 tropico
1335 5363 1524 5419 aestivo
1573 5365 2000 5421 culminetCan-

435 5468 563 5523 cer;
597 5455 775 5510 Chelae
807 5454 862 5508 in
911 5454 1274 5526 aequinoctiali
1323 5455 1688 5528 horoscopum
1733 5463 1993 5526 teneant;

2096 5099 2234 5170 πρὸς
2255 5099 2334 5170 τῷ
2354 5099 2508 5169 νότῳ,
2526 5100 2714 5165 ἀντίας
2740 5101 2930 5172 ἔχοντα
2951 5103 3049 5167 τὰς
3067 5107 3353 5177 Ἀρκτους,
3393 5107 3541 5172 δεξιά
3567 5110 3669 5173 τὰς

2098 5187 2382 5252 ἀνατολὰς,
2411 5188 2720 5261 εὐωνύμους
2763 5190 2819 5244 δὲ
2858 5192 2959 5257 τὰς
3001 5193 3200 5260 δύσεις.
3263 5195 3323 5250 Ἦ
3360 5198 3418 5252 δὲ
3461 5199 3670 5270 φυσικὴ

2099 5277 2246 5342 θέσις
2280 5279 2378 5350 τῆς
2412 5279 2644 5351 σφαίρας
2695 5281 2789 5336 τοῦ
2833 5284 3037 5357 κόσμου
3072 5289 3188 5342 ἐστὶ
3230 5290 3472 5361 τοιαύτη,
3519 5291 3667 5346 ὥστε

2097 5367 2238 5438 ἔχειν
2285 5371 2715 5442 μεσουρανοῦντα
2741 5375 3014 5446 Καρκίνον
3040 5379 3132 5432 ἐπὶ
3160 5380 3252 5433 τοῦ
3287 5380 3498 5453 θερινοῦ
3539 5377 3668 5452 τρο-

2099 5460 2282 5528 πικοῢ,
2312 5462 2632 5530 ἀνατολικάς
2661 5465 2846 5538 Χηλὰς
2890 5469 2982 5523 ἐπὶ
3021 5471 3113 5525 τοῦ
3150 5473 3484 5544 ίσημερινοῢ,
3514 5473 3667 5528 δυτι-

508 5608 619 5678 (74)
652 5607 1157 5681 Pseudepigraphus
1194 5609 1282 5666 hic
1318 5611 1567 5680 libellus;
1594 5627 1723 5670 nam
1755 5613 2006 5671 neutrius
2043 5623 2145 5671 est.
