3950 6266
341 376 474 426 1137

1356 371 1628 428 ΙΝΟΕΒΤΙ
1664 373 1755 427 AD
1791 369 2002 426 ARATI
2040 369 2509 429 PHENOMENA»

3425 374 3561 430 1158

338 488 432 542 κὸν
476 487 663 560 Κριὸν,
710 487 1008 560 Δράκοντος
1052 487 1291 562 κεφαλὴν
1337 489 1471 562 πρὸς
1521 490 1596 562 τῷ
1642 491 1897 562 ὁρίζοντι.

2007 491 2158 548 Aries
2209 496 2266 546 in
2317 490 2599 546 occidente
2643 496 2925 558 versetur;
2975 485 3236 548 Draconis
3281 501 3442 562 caput
3486 493 3564 548 in-

338 581 654 653 Περιέχεται
704 581 760 634 δὲ
803 582 906 635 ὑπὸ
953 582 1046 635 τοῦ
1071 583 1360 653 ὁρίζοντος.
1411 583 1473 637 Ἠ
1519 585 1576 638 δὲ
1621 585 1761 638 κατά
1801 586 1902 659 τὴν

338 674 504 745 ἐξήγη
513 691 594 727 σιν
617 673 763 738 θέσις
776 673 883 729 τῶν
899 675 954 728 'A
964 676 1124 746 ράτου
1137 675 1512 747 Φαινομένων
1522 679 1639 732 ἐστὶ
1656 679 1901 751 τοιαύτη,

339 767 466 820 ὥστ’
505 767 646 837 ἔχειν
683 766 1114 840 μεσουρανοῦντα
1146 770 1456 842 Αἰγόκερων
1483 772 1575 824 ἐπὶ
1601 770 1695 824 τοῦ
1717 788 1902 844 χειμε-

341 859 486 930 ρινοῦ
535 858 812 929 τροπικοῦ,
857 861 1176 914 ἀνατολικὸν.
1197 861 1365 933 Κριὸν
1394 863 1486 916 ἐπὶ
1528 862 1621 916 τοῦ
1653 864 1901 935 ἰσημερι-

336 949 448 1014 νοῦ,
478 950 699 1014 δυτικάς
725 951 930 1022 Χηλὰς,
981 953 1282 1024 Δράκοντος
1321 954 1561 1027 κεφαλὴν
1607 954 1719 1010 ἄνω
1764 955 1902 1026 πρὸς

336 1042 410 1114 τῷ
442 1042 696 1114 ὁρίζοντι,
727 1043 861 1096 ὅπου

334 1157 665 1225 Μίσγονται
701 1153 908 1221 δύσιές
961 1172 1024 1209 τε
1052 1156 1150 1209 καὶ
1180 1156 1427 1212 ἀντολαὶ
1450 1157 1818 1228 ἀλλήλῃσιν.

337 1270 491 1339 Ἔχει
539 1269 597 1322 δὲ
645 1269 738 1321 καὶ
793 1268 987 1332 πόλους
1022 1267 1146 1322 δύο·
1199 1271 1458 1344 ἀρκτικὸν
1485 1270 1605 1326 ὅλον
1662 1271 1900 1326 τοιοῦτον

337 1360 630 1431 μετέωρον,
677 1360 769 1413 τὸν
814 1360 908 1413 καὶ
945 1359 1153 1430 βόρειον
1197 1361 1505 1432 λεγόμενονο
1542 1363 1899 1435 ἀνταρκτικὸν

331 1451 387 1504 δὲ
415 1453 472 1504 ἑν
506 1450 587 1522 τῷ
613 1452 828 1520 ἀφανεῖ,
851 1451 940 1504 τὸν
971 1453 1063 1504 καὶ
1092 1453 1264 1505 νότιον
1291 1452 1599 1524 λεγόμενον.
1649 1455 1801 1524 Ἔχει
1843 1455 1900 1509 δὲ

332 1543 565 1606 κύκλους
615 1543 884 1614 μεγάλους
927 1543 1198 1615 τέσσαρας
1252 1546 1420 1615 χωρὶς
1467 1545 1562 1599 τοῦ
1605 1546 1905 1617 ὁρίζοντος,

331 1636 452 1690 ἐπεὶ
481 1636 802 1707 προείρηται
835 1637 932 1707 μὲν
959 1635 1096 1704 ἔχων
1140 1637 1528 1710 μεσημϐρινὸν,
1564 1639 1896 1710 ἰσημερινὸν,

330 1727 618 1794 ζωδιακὸν,
659 1727 951 1797 γαλαξίαν’
1003 1727 1316 1799 ἐλαχίστους
1363 1729 1422 1781 δὲ
1453 1729 1754 1801 τέσσαραςο
1797 1731 1898 1802 ἀρ-

331 1821 532 1885 κτικὸν,
581 1820 701 1874 ὅλον
748 1820 1040 1892 μετέωρον,
1077 1817 1161 1889 ἔφ’
1192 1813 1239 1889 ᾧ
1278 1822 1696 1892 κατεστήρικται
1735 1822 1899 1887 ζώδια
1929 1826 1972 1879 Β

328 1912 602 1983 τέσσαρα,
650 1911 874 1982 Ἀρκτοι
928 1911 1041 1975 δύο,
1090 1911 1314 1981 Κηφεὺς
1352 1912 1459 1964 ἀπὸ
1501 1912 1610 1966 τῶν
1665 1913 1897 1985 στηθῶν,

330 2005 587 2078 Δράκωνο
641 2003 850 2074 θερινὸν
897 2002 1174 2074 τροπικὸν,
1218 2003 1400 2057 πλεῖον
1445 2003 1635 2075 ἔχοντα
1661 2005 1720 2058 τὸ
1758 2005 1898 2077 ὑπὲρ

328 2097 450 2166 γῆν,
479 2093 649 2168 ἧσσον
681 2094 737 2148 δὲ
772 2095 834 2148 τὸ
881 2095 984 2148 ὑπὸ
1016 2094 1138 2164 γῆν,
1167 2095 1249 2163 ἐφ’
1275 2090 1318 2164 ᾧ
1343 2098 1765 2167 κατεστήρικται
1795 2097 1899 2161 ζὼ-

329 2189 411 2242 δια
436 2193 506 2259 η’,
543 2186 783 2256 Βοιίιτης,
811 2186 1099 2255 Στέφανος,
1139 2187 1226 2238 Ἐν
1247 2185 1519 2254 γούνασιν,
1551 2187 1726 2258 Λύρα,
1749 2189 1899 2241 Κασ-

331 2279 562 2343 σιέπεια,
604 2278 1079 2350 Ἡνίοχος,¹’ορνις,
1106 2277 1365 2350 Περσεύς.
1412 2276 1471 2332 Ὀ
1509 2277 1566 2331 δὲ
1592 2278 1898 2350 χειμερινὸς

329 2370 585 2442 τροπικὸς
613 2370 794 2422 πλεῖον
818 2369 928 2440 ἔχει
962 2370 1022 2423 τὸ
1062 2370 1167 2422 ὑπὸ
1189 2371 1311 2441 γῆν,
1339 2365 1506 2441 ἧσσον
1549 2369 1607 2422 δὲ
1644 2370 1704 2422 τὸ
1756 2370 1898 2441 ὑπὲρ

329 2465 462 2533 γῆνο
511 2461 601 2532 ἐφ’
743 2461 1166 2533 κατηστέρισται
1223 2461 1388 2525 ζώδια
1446 2468 1531 2526 ς¹θ
1593 2461 1894 2534 Ἠριδανὸς,

343 2553 535 2628 Ἀργὼ,
567 2554 902 2625 Κένταυρος,
933 2555 1018 2624 ἐφ’
1045 2548 1089 2622 ᾧ
1131 2555 1348 2626 Θηρίον,
1389 2553 1670 2626 Θυτήριον,
1728 2552 1897 2623 Ἰχθὺς

333 2645 499 2717 μέγας
525 2646 706 2710 νότιος
743 2646 973 2718 ἀφανής.

407 2846 462 2900 '0
489 2845 546 2900 δὲ
586 2847 900 2918 ίσημερινὸς
944 2845 1140 2910 κύκλος
1187 2845 1299 2901 ἴσον
1336 2845 1449 2917 ἔχει
1497 2847 1556 2900 τὸ
1605 2846 1744 2921 ὑπὲρ
1793 2848 1900 2919 γῆν

330 2939 421 2994 καὶ
460 2939 520 2992 τὸ
564 2939 674 2992 ὑπὸ
716 2939 840 3010 γῆν,
877 2940 959 3008 ἐφ’
1012 2932 1056 3006 ᾧ
1100 2939 1517 3010 κατηστέρισται
1586 2936 1750 3003 ζώδια
1793 2940 1893 3009 ιβνσ

331 3031 536 3098 Ἵππος,
583 3031 883 3102 Ὀφιοῦχος,
919 3033 1002 3100 ἐφ’
1030 3023 1074 3101 ᾧ
1102 3033 1282 3100 Ὄφις,
1320 3031 1532 3102 Ὗδρος,
1570 3031 1653 3100 ἐφ’
1685 3023 1729 3098 ᾧ
1765 3048 1896 3083 κατ-

329 3122 643 3194 ηστέρισται
668 3123 914 3194 Κρατὴρ,
935 3123 1136 3192 Κόραξ,
1152 3121 1432 3194 Προκύων,
1466 3121 1664 3186 Ἀετὸς,
1682 3121 1895 3190 Δελφὶς,

341 3217 545 3286 Ὠρίων,
617 3215 852 3281 Ὀῖστὺς,
900 3214 1202 3279 Δελτωτὸν,
1266 3212 1610 3284 Ἀνδρομέδα,
1649 3212 1895 3281 Λαγωὸς,

327 3309 522 3380 Κῆτος,
576 3307 766 3372 Κύων,
809 3303 1101 3361 ὥστἐἶναι
1141 3305 1212 3359 τὰ
1259 3304 1436 3360 πάντα
1482 3302 1648 3369 ζώδια
1699 3305 1900 3357 εἰκοσι-

326 3399 449 3464 τρία
496 3400 578 3432 ’τ’
621 3398 788 3469 χωρὶς
832 3396 942 3450 τῶν
999 3398 1284 3468 ἐπισήμων
1319 3398 1376 3451 ὲν
1425 3396 1606 3460 αὐτοῖς
1653 3395 1900 3467 ἀστέρων

329 3489 842 3561 κατηστερισμένων
875 3495 956 3558 η’,
976 3481 1086 3540 οἷον
1119 3488 1210 3540 ἐπὶ
1242 3486 1336 3540 τοῦ
1389 3487 1598 3541 Βοώτου
1646 3485 1901 3558 Ἀρκτοῦ-

331 3596 435 3648 ρος,
470 3581 562 3632 ἐπὶ
594 3578 686 3632 τοῦ
743 3578 986 3648 Ἡνιόχου
1027 3576 1128 3642 Αἴξ
1170 3593 1231 3629 τε
1275 3576 1370 3630 καὶ
1397 3577 1634 3647 Ἔριφοι,
1680 3574 1773 3628 ἐπὶ
1803 3573 1897 3627 τοῦ

328 3673 534 3745 Ταύρου
564 3671 848 3735 Πλειάδες,
882 3669 1098 3732 Ὑάδες⁹
1125 3669 1217 3723 ἐπὶ
1247 3669 1348 3740 τῆς
1373 3667 1648 3738 Παρθένου
1669 3665 1897 3737 Στάχυς,

329 3765 763 3837 Προτρυγητήρο
807 3761 1026 3834 tri-14105
1077 3761 1252 3826 Κυνὸς
1292 3760 1521 3832 Σείριος,
1581 3760 1676 3814 καὶ
1705 3759 1758 3813 εἴ
1779 3776 1900 3813 τινα

326 3857 529 3920 τούτοις
563 3856 752 3924 ὅμοια.

404 3949 463 4002 '0
488 3948 544 4001 δὲ
577 3947 841 4011 ζωδιακὸς
873 3946 1072 4010 κύκλος
1116 3946 1228 4018 ἔχει
1273 3945 1436 4011 ζὼδια
1475 3945 1573 4017 ιβ”
1602 3947 1907 4019 Καρκίνον,

327 4039 546 4103 Λέοντα,
577 4038 876 4110 Παρθένον,
918 4038 1124 4110 Χηλὰς,
1167 4039 1195 4092 ὃ
1228 4041 1341 4091 ἐστι
1385 4039 1574 4107 Ζυγὸς,
1611 4039 1896 4110 Σκορπίον,

331 4129 598 4200 Τοξότην,
654 4129 996 4200 Δίγόκερων,
1058 4129 1372 4200 Ὑδροχόον,
1423 4129 1660 4200 Ἰχθύας,
1708 4129 1898 4202 Κριὸν,

332 4221 574 4293 Ταῦρον,
625 4221 927 4291 Διδύμους’
995 4219 1135 4273 ὥστε
1197 4217 1336 4274 εἷναι
1386 4220 1454 4274 τὰ
1506 4221 1683 4275 πάντα
1735 4220 1898 4286 ξώδια

332 4320 413 4382 κγ’
442 4313 509 4368 ⁸⁸.

397 4407 520 4460 Εἰσὶ
544 4406 602 4459 δὲ
643 4405 737 4457 καὶ
770 4403 1036 4475 πλάνητες
1069 4404 1298 4478 ἀστέρες
1326 4404 1494 4475 χωρὶς
1525 4402 1674 4475 ἡλίου
1703 4421 1764 4457 τε
1804 4404 1898 4457 καὶ

2001 585 2223 639 eumbat
2251 581 2543 638 horizonti.
2586 579 2701 636 Hoc
2753 580 2895 635 enim
2927 581 2994 635 ab
3022 582 3302 636 horizonte
3329 582 3563 638 circum-

2002 676 2279 730 scribitur.
2333 673 2530 729 Verum
2575 673 2664 728 hic
2702 673 2757 726 in
2787 675 3118 744 exponendis
3146 675 3300 730 Arati
3331 674 3561 731 Phame-

2002 766 2168 820 menis
2199 764 2424 836 sphaerae
2465 765 2680 834 positus
2725 766 3084 831 observatur,
3127 773 3189 821 ut
3224 768 3280 822 in
3334 769 3560 824 hiberno

2001 858 2212 928 tr0pico
2256 857 2519 912 culminet
2553 856 2949 927 Capricornus;
2999 857 3054 912 in
3090 860 3449 928 aequinoctiali
3492 861 3560 917 ad

1999 957 2178 1004 ortum
2211 949 2281 1004 sit
2313 949 2502 1014 Aries;
2533 949 2599 1004 ad
2639 964 2896 1006 occasum
2925 949 3140 1025 Chelae;
3184 949 3444 1008 Draconis
3473 969 3562 1007 ca-

1999 1051 2098 1113 put
2128 1057 2292 1113 supra
2319 1043 2655 1096 horizontem
2685 1042 2971 1111 respiciat;
3009 1043 3101 1096 ubi

2110 1155 2403 1210 Miscentur
2424 1170 2661 1220 occasus,
2683 1163 2732 1208 et
2758 1164 2904 1209 ortus
2922 1155 3160 1212 invicem.

2003 1292 2174 1348 Habet
2218 1301 2272 1348 et
2309 1292 2463 1364 polos
2508 1299 2647 1350 duos
2683 1317 2696 1352 :
2741 1298 3034 1359 arcticum,
3074 1295 3167 1366 qui
3211 1303 3358 1354 totus
3389 1299 3562 1354 subli-

2001 1385 2105 1440 mis
2127 1393 2229 1449 est,
2255 1399 2318 1439 ac
2349 1386 2548 1442 bereus
2570 1387 2735 1442 etiam
2779 1389 3119 1459 appellatur;
3161 1392 3515 1446 antarcticum
3544 1434 3558 1456 ,

1999 1473 2092 1542 qui
2138 1489 2412 1543 nunquam
2449 1483 2743 1544 apparente
2773 1478 2978 1532 circulo
3011 1480 3348 1544 continetur,
3383 1489 3436 1535 et
3465 1497 3563 1537 au-

1999 1565 2183 1620 stralis
2214 1565 2432 1620 dicitur.
2459 1565 2631 1622 Habet
2656 1584 2784 1624 vero
2805 1569 3044 1626 circulos
3071 1571 3306 1640 majores
3331 1583 3565 1644 quatuor

1999 1665 2197 1728 praeter
2229 1657 2568 1714 horizontem
2607 1678 2621 1714 :
2655 1676 2792 1730 quos
2815 1662 2930 1731 jam
2958 1661 3198 1719 diximus
3241 1679 3363 1720 esse
3402 1669 3566 1721 meri-

2000 1749 2255 1815 diauum,
2299 1751 2764 1821 aequinoctialem,
2813 1755 3130 1823 zodiacum,
3172 1757 3426 1812 lacteum.
3466 1759 3564 1814 Mi-

2001 1857 2160 1897 nores
2198 1841 2328 1898 item
2350 1853 2584 1912 quatuor
2612 1863 2627 1899 :
2663 1849 2948 1913 arcticum,
2977 1853 3071 1920 qui
3117 1856 3266 1905 totus
3300 1859 3522 1922 apparet
3543 1892 3559 1916 ,

1999 1937 2056 1989 in
2089 1950 2262 2006 eoque
2285 1943 2519 2005 quatuor
2542 1937 2730 1993 insunt
2763 1942 3056 2005 asterismi,
3099 1942 3256 1998 Ursae
3286 1943 3426 2011 duae,
3462 1945 3563 2002 Cc-

1999 2027 2173 2097 pheus
2206 2033 2427 2096 pectore
2451 2036 2632 2097 tenus,
2657 2038 2709 2085 et
2735 2030 2948 2099 Draco;
2975 2033 3221 2088 aestivum
3253 2037 3518 2106 tropicum
3545 2077 3560 2102 ,

1998 2120 2157 2189 cujus
2180 2135 2308 2188 pars
2333 2135 2500 2189 supra
2538 2131 2736 2176 terram
2764 2123 2940 2194 major
2967 2127 3216 2195 exsistit,
3247 2127 3428 2183 minor
3459 2130 3560 2185 sub

1996 2218 2163 2266 terra.
2212 2214 2386 2283 Atque
2428 2213 2474 2267 is
2508 2214 2662 2285 signa
2689 2223 2814 2272 octo
2862 2219 3274 2288 complectitur,
3315 2219 3517 2276 Booten
3541 2263 3556 2287 ,

1997 2304 2288 2372 Coronam,
2325 2304 2728 2376 lngeniculum,
2782 2307 3082 2364 Fidiculam
3108 2351 3124 2376 ,
3173 2311 3516 2384 Cassiepeam
3542 2355 3556 2379 ,

1996 2396 2290 2468 Aurigam,
2327 2398 2609 2470 Cygnum,
2667 2399 2947 2457 Perseum.
2999 2401 3269 2462 llibernus
3317 2407 3560 2476 tropicus

1996 2487 2194 2557 majori
2230 2504 2295 2542 ex
2324 2497 2480 2559 parte
2518 2490 2620 2545 sub
2661 2497 2863 2545 terram
2906 2491 3261 2562 deprimitur;
3297 2497 3558 2551 minorem

1998 2593 2163 2648 supra
2209 2587 2409 2635 terram
2464 2582 2682 2636 attollit.
2731 2580 2789 2635 ln
2843 2597 2909 2636 eo
2947 2594 3072 2638 sunt
3121 2587 3560 2641 constellationes

1999 2686 2094 2726 sex
2118 2692 2130 2726 :
2157 2671 2449 2738 Eridanus,
2475 2673 2640 2743 Argo,
2667 2673 2996 2738 Centaurus,
3023 2675 3078 2728 in
3102 2693 3210 2746 quo
3231 2677 3391 2743 Fcra,
3427 2679 3556 2744 Ara,

1996 2761 2174 2818 Piscis
2203 2778 2432 2834 magnus
2465 2765 2723 2821 australis
2757 2780 2866 2819 non
2907 2781 3193 2836 apparens.

2065 2850 2490 2922 Equinoctialis
2520 2855 2762 2910 circulus
2790 2870 2858 2909 ex
2895 2871 3051 2926 aequo
3089 2872 3254 2927 supra
3311 2858 3560 2930 infraque

1997 2948 2202 2996 terram
2256 2945 2393 2998 situs
2437 2951 2572 3013 est;
2617 2947 2676 3001 in
2719 2961 2785 3003 eo
2841 2947 2994 3018 signa
3053 2957 3180 3004 sunt
3238 2952 3556 3008 duodecim:

1998 3030 2206 3103 Equus,
2238 3033 2575 3105 Ophiuchus,
2610 3037 2666 3091 in
2717 3053 2826 3108 quo
2867 3037 3102 3109 Serpens
3145 3049 3267 3096 est:
3314 3041 3558 3113 Hydrus,

1999 3122 2053 3177 in
2096 3139 2206 3194 quo
2258 3128 2566 3182 continetur
2615 3136 2668 3184 et
2716 3129 2907 3184 Crater
2939 3150 2952 3184 :
2984 3129 3228 3198 Corvus,
3282 3132 3559 3205 Procyon,

1998 3215 2214 3286 Aquila,
2236 3216 2484 3288 Delphin,
2520 3219 2709 3284 Orion,
2743 3217 2950 3291 Sagitta
2974 3260 2989 3284 ,
3036 3220 3283 3277 Deltoton
3304 3264 3318 3288 ,
3352 3223 3562 3279 Andro-

1999 3307 2186 3374 meda,
2235 3308 2434 3379 Lepus,
2480 3310 2680 3378 Cetus,
2715 3313 2899 3369 Canis.
2951 3314 3028 3368 lta
3059 3315 3389 3384 colliguntur
3435 3315 3560 3369 uni-

1997 3403 2168 3455 verse
2207 3400 2358 3470 signa
2387 3404 2490 3456 tria
2526 3412 2580 3459 et
2611 3405 2836 3475 viginti;
2871 3411 3069 3475 praeter
3113 3405 3353 3476 insignes
3376 3408 3561 3464 stellas

1998 3495 2284 3558 octo,quae
2310 3490 2364 3544 in
2395 3491 2502 3547 illis
2531 3493 2806 3547 collocatae
2822 3502 2970 3562 sunt,
2986 3495 3132 3548 velut
3159 3497 3211 3548 in
3246 3495 3427 3558 Boote,
3456 3499 3560 3549 Ar-

1999 3587 2209 3644 cturus,
2243 3581 2297 3633 in
2331 3581 2533 3650 Auriga
2559 3580 2776 3652 Capella
2809 3594 2862 3639 et
2885 3584 3066 3652 Haedi;
3104 3587 3157 3639 in
3180 3585 3362 3640 Tauro
3390 3586 3561 3642 Pleia-

1999 3667 2098 3722 des
2133 3677 2186 3723 et
2213 3667 2465 3739 Hyades;
2500 3671 2556 3724 in
2586 3669 2807 3742 Virgine
2836 3671 3018 3743 Spica,
3059 3672 3469 3740 Vindemiator;
3503 3678 3570 3732 in~

1999 3755 2148 3814 Cane
2173 3755 2382 3823 Sirius,
2415 3766 2469 3814 et
2494 3760 2540 3815 si
2561 3777 2682 3832 qua:
2707 3769 2835 3817 sunt
2873 3764 3142 3834 ejusmodi
3175 3766 3312 3820 aliae.

2070 3935 2337 3992 Z'odiacus
2362 3937 2530 4008 signis
2549 3939 2835 3995 duodecim
2857 3940 3226 4012 distinguitur,
3249 3959 3368 4013 quas
3394 3953 3522 3999 sunt
3543 3963 3556 3976 ο

1999 4029 2229 4098 Cancer,
2255 4029 2384 4096 Leo,
2412 4029 2802 4102 Virgo,,Chelae
2823 4074 2838 4100 ,
2880 4033 2996 4090 sive
3022 4032 3184 4088 Libra
3208 4053 3223 4101 ;
3258 4035 3515 4106 Scorpius
3541 4078 3558 4106 ,

2001 4121 2347 4192 Sagittarius,
2381 4123 2770 4192 Capricornus,
2805 4123 3097 4194 Aquarius,
3123 4123 3329 4188 Pisces,
3366 4126 3579 4190 Aries,

1999 4213 2242 4276 Taurus,
2287 4213 2518 4270 Gemini.
2573 4214 2916 4285 Colliguntur
2966 4216 3120 4285 signa
3153 4217 3208 4270 in
3237 4223 3408 4270 totum
3457 4217 3561 4271 tria
3598 4239 3600 4242 ν

1996 4315 2050 4361 et
2073 4306 2280 4377 viginti.
3061 4305 3065 4310 ’

2067 4397 2302 4452 Planetae
2331 4403 2588 4466 praeterea
2629 4395 2800 4452 stellae
2847 4405 2977 4452 sunt
3017 4404 3213 4469 praeter
3271 4397 3454 4452 lunam
3498 4413 3562 4452 ac

334 4496 560 4568 σελήνης
598 4501 674 4548 ε”
702 4495 928 4567 Κρόνος,
971 4496 1127 4560 Ζεὺς,
1173 4495 1367 4566 Ἀρης,
1415 4495 1718 4568 Ἀφροδίτη,
1777 4496 1894 4568 Ἐρ-

2007 4490 2169 4546 solem
2192 4528 2208 4554 ,
2243 4489 2484 4558 quinque
2513 4505 2527 4542 :
2557 4486 2828 4543 Saturnus
2853 4526 2868 4554 ,
2893 4486 3124 4558 Jupiter,
3153 4486 3317 4553 Mars,
3344 4485 3560 4553 Venus,

336 4603 459 4658 μης·

401 4677 511 4750 Τὴν
536 4677 596 4731 δὲ
623 4675 731 4732 τῶν
766 4676 1102 4748 φαινομένων
1122 4677 1381 4748 ἐξήγησιν
1407 4676 1697 4746 πεποίηται
1732 4677 1902 4749 ’Ἄρα-

331 4784 442 4832 τος,
495 4768 801 4840 ἀρξάμενος
851 4769 958 4822 ἀπὸ
1006 4767 1115 4822 τῶν
1157 4769 1401 4839 ἄρκτων,
1454 4767 1552 4822 καὶ
1593 4766 1900 4838 περιλαϐὼν

330 4863 507 4916 πάντα
555 4862 625 4915 τὰ
671 4861 853 4933 βόρεια
902 4861 1160 4914 κυκλόθεν
1226 4860 1387 4932 μέχρι
1446 4860 1538 4913 τοῦ
1595 4858 1857 4924 ζωδιακοῦ
1883 4877 1896 4891 ·

335 4946 450 5005 εἶτα
499 4953 758 5024 μεταϐὰς,
794 4955 887 5006 καὶ
933 4951 1236 5022 ἀρξάμενος
1287 4951 1395 5004 ἀπὸ
1453 4950 1547 5004 τοῦ
1613 4951 1898 5022 Ὠρίωνοςο

335 5045 454 5097 ἐπεὶ
487 5045 738 5116 λαμπρός
783 5046 924 5098 ἐστι.
958 5043 1039 5097 Τά
1088 5044 1134 5097 δ’
1165 5044 1274 5097 ἀπὸ
1316 5042 1410 5096 τοῦ
1445 5042 1709 5108 ζωδιακοῦ
1753 5043 1902 5096 νότια

335 5136 511 5189 πάντα
540 5137 781 5190 καλεῖται
817 5136 976 5208 μέχρι
1004 5135 1097 5190 τοῦ
1146 5132 1529 5208 ἀνταρκτικοῦ.
1573 5129 1688 5186 Εἴθ’
1730 5132 1901 5197 οὕτως

337 5227 574 5297 μέτεισιν
610 5231 703 5282 ἐπὶ
733 5229 800 5282 τὰ
836 5229 980 5300 ἑξῆς.

401 5320 621 5374 Τούτων
668 5321 841 5384 οὕτως
889 5321 1138 5390 ἐχόντων,
1190 5320 1374 5374 λοιπὸν
1423 5319 1751 5391 μεταϐατέον
1810 5321 1903 5373 ἐπὶ

333 5411 456 5475 τοὺς
483 5413 782 5481 τέμνοντας
822 5412 1054 5476 κύκλους
1089 5413 1183 5465 καὶ
1211 5411 1279 5465 τὰ
1328 5413 1636 5483 τεμνόμενα
1679 5413 1770 5464 ὑπ’
1805 5413 1903 5464 αύ-

331 5501 438 5555 τῶν
467 5501 654 5566 ζώδια.
714 5505 945 5575 Ὁμοίως
993 5504 1050 5558 δὲ
1079 5505 1169 5556 ὲπί
1205 5521 1264 5557 τε
1297 5504 1395 5567 τὰς
1423 5504 1781 5568 συνανατολάς
1810 5505 1904 5557 καὶ

325 5593 426 5656 τὰς
469 5596 902 5662 συγκαταδύσεις
932 5597 1128 5661 αὐτῶν,
1161 5597 1309 5659 ὅπως
1350 5595 1512 5668 μηδὲν
1556 5596 1904 5667 ύπολίπωμεν

415 5785 460 5820 ⁸⁷
490 5786 622 5846 [mo
667 5789 984 5861 τριάκοντα..
1070 5792 1116 5825 ³⁸
1150 5788 1403 5863 Ιηιομβ⁹⁸

2001 4581 2322 4637 Mercurius.

2080 4673 2480 4745 Apparentium,
2516 4671 2930 4744 expositionem.
2973 4689 3040 4731 eo
3074 4675 3284 4742 ,ordine
3340 4672 3580 4729 tradidit,

2002 4766 2224 4829 Aratus,
2257 4771 2318 4818 ut
2350 4780 2380 4817 a
2410 4764 2872 4835 septentrionibus
2900 4779 3151 4830 exorsus,
3184 4765 3423 4820 borealia
3455 4765 3564 4818 cir-

2001 4875 2127 4913 cum
2159 4857 2344 4913 omnia
2374 4857 2879 4928 comprehenderet,
2920 4873 3094 4928 usque
3125 4857 3194 4911 ad
3242 4856 3518 4911 zodiacum
3546 4876 3559 4910 :

2004 4953 2131 5007 hinc
2162 4951 2229 5006 ab
2259 4949 2460 5005 Orione
2485 4965 2681 5006 rursus
2719 4950 3064 5020 auspicatus,
3113 4947 3261 5019 quod
3286 4963 3349 5013 ea
3381 4947 3563 5001 lucida

2005 5047 2080 5102 sit
2110 5045 2286 5109 stella,
2318 5044 2530 5113 reliqua
2565 5049 2890 5113 pertexeret.
2919 5039 3091 5096 Porro
3125 5055 3246 5112 quae
3275 5056 3305 5094 a
3340 5039 3563 5095 zodiaco

2004 5147 2132 5196 sunt
2163 5137 2424 5207 deinceps
2458 5136 2526 5190 ad
2563 5135 2946 5201 antarcticum,
2979 5135 3238 5189 australia
3272 5132 3454 5188 omnia
3481 5131 3565 5185 di-

2004 5238 2220 5286 cuntur.
2260 5227 2468 5283 Exinde
2493 5226 2559 5280 ad
2589 5225 2696 5278 alia
2730 5226 2926 5281 transit
2959 5227 3178 5282 Aratus.

2072 5314 2169 5378 His
2191 5319 2587 5376 animadversis
2610 5334 2756 5373 nunc
2786 5318 2853 5372 ad
2875 5333 2968 5374 eos
2997 5319 3231 5373 circulos
3261 5317 3560 5381 veniemus,

2002 5414 2094 5484 qui
2119 5413 2385 5484 sphaeram
2417 5419 2632 5476 secant,
2671 5417 2724 5465 et
2756 5411 2935 5480 signa,
2976 5424 3096 5480 quae
3128 5410 3196 5463 ab
3242 5409 3348 5464 illis
3371 5424 3564 5464 secan—

2005 5514 2112 5561 tur.
2146 5502 2279 5559 ltem
2313 5504 2381 5558 de
2422 5505 2637 5558 illorum
2681 5504 2959 5559 coortibus
3004 5509 3059 5556 et
3093 5501 3444 5557 cooccasibus
3483 5503 3565 5553 di-

2006 5611 2212 5662 cemus,
2242 5596 2378 5652 nihil
2412 5605 2504 5663 ut,
2546 5594 2689 5666 quod
2721 5594 2938 5666 quidem
2967 5593 3121 5666 153
3151 5593 3218 5649 ad
3269 5593 3564 5650 constella-
