3950 6266
411 311 551 410 llas

1358 350 1700 408 APPENDIX
1739 353 1831 409 AD
1862 354 2129 411 EUSEBII
2165 355 2561 414 CHRONICON
2605 397 2623 414 .

3510 351 3647 412 mo

409 474 589 530 tiones
617 473 829 539 attinet,
862 471 920 527 in
960 471 1247 543 praeteritis
1273 472 1642 544 relinquatur.
1685 472 1791 529 Sed
1836 474 1969 531 illud

2089 476 2180 531 τῶν
2231 476 2370 549 πρὸς
2409 478 2502 532 τὸν
2537 472 2987 547 καταστερισμόν.
3031 472 3178 542 Πλην
3225 468 3445 541 νοητέον
3501 471 3645 526 τοῦθ’

411 570 538 620 ante
560 578 670 619 non
701 562 1061 635 ignorandum
1090 573 1194 630 est,
1217 562 1445 621 Aratum
1474 564 1706 619 istorum
1728 567 1975 621 omnium

410 656 828 728 explicationem
883 655 1109 728 pingui,
1143 665 1203 712 ut
1246 657 1440 719 aiunt,
1488 656 1732 713 Minerva
1778 658 1882 713 hoc
1918 660 1975 714 in

410 758 658 819 poemate
687 748 1033 815 instituisse;
1068 764 1171 804 nec
1197 749 1250 802 in
1278 749 1535 806 omnibus
1566 750 1701 806 satis
1720 759 1977 807 accurate

411 854 534 896 esse
560 848 837 896 versatum
865 860 880 896 :
913 841 1158 910 quaedam
1189 841 1443 898 omisisse
1465 882 1481 908 ,
1524 859 1648 914 qua:
1675 844 1732 897 in
1764 844 1975 914 sphaera

412 930 848 986 considerantur.
883 929 998 1003 Ego
1041 947 1174 988 vero
1201 948 1322 1003 quae
1351 934 1420 989 ab
1466 934 1565 990 illo
1611 936 1977 1006 praetermissa

413 1030 541 1077 sunt
569 1037 826 1092 reponam
849 1062 864 1087 ,
919 1038 990 1079 ne
1020 1023 1154 1094 quid
1182 1023 1253 1078 ad
1282 1024 1446 1096 hujus
1478 1025 1855 1098 integritatem
1886 1042 1978 1082 ar-

413 1116 654 1184 gumenti
688 1113 1049 1172 desideretur.

483 1204 772 1261 Trifariam
796 1222 960 1277 porro
998 1208 1185 1263 divisae
1223 1220 1354 1265 sunt
1377 1210 1660 1265 sententiae
1690 1211 1758 1268 de
1773 1213 1978 1268 coorti-

410 1297 515 1353 bus
537 1306 591 1353 et
619 1299 994 1355 cooccasibus.
1036 1298 1266 1366 Quidam
1300 1303 1444 1358 enim
1474 1317 1664 1357 eorum
1696 1305 1978 1359 tractatio-

411 1403 534 1444 nem
559 1389 1003 1446 accommodasse
1022 1397 1217 1460 putant
1236 1392 1463 1445 Aratum
1491 1392 1558 1447 ad
1583 1393 1724 1463 signi
1753 1393 1976 1450 orientis

413 1478 659 1544 initium;
694 1478 913 1548 quidam
944 1479 1012 1534 ad
1048 1488 1228 1534 ortum
1269 1481 1432 1535 medii
1463 1482 1634 1552 signi;
1669 1481 1761 1535 alii
1786 1481 1853 1536 ad
1886 1480 1978 1535 ab-

413 1569 647 1625 solutum
679 1570 849 1626 totius
880 1578 1157 1626 exortum.
1188 1569 1299 1627 Hoc
1350 1588 1480 1628 vero
1532 1574 1834 1629 consistere
1867 1588 1975 1627 non

410 1665 606 1728 potest.
652 1656 788 1712 Nam
835 1674 867 1713 a
901 1661 1174 1732 principio
1206 1661 1274 1716 ad
1315 1662 1474 1717 ﬁnem
1527 1664 1735 1717 zodiaci
1782 1663 1976 1717 circuli

410 1758 568 1804 ortus
615 1749 898 1820 signorum
936 1767 1281 1824 occasusque
1313 1762 1587 1824 peragrat,
1626 1755 1977 1825 quemadmo-

2081 572 2162 625 ὅτι
2212 570 2355 624 κατὰ
2398 571 2596 635 πλάτος
2637 572 2667 624 ὁ
2714 569 2947 641 Ἄρατος
2985 565 3075 619 τὸν
3110 565 3238 636 περὶ
3267 563 3448 618 αὐτῶν
3489 564 3645 635 λόγον

2083 663 2375 733 πεποίηται
2421 663 2509 717 διὰ
2552 661 2646 715 τοῦ
2693 662 3016 733 ποιήματος,
3063 655 3138 728 μὴ
3187 657 3361 710 πάντα
3401 655 3645 728 ἀκριϐῶς

2081 753 2533 826 καταδεξάμενος,
2564 753 2700 807 ἀλλά
2725 767 2847 805 τινα
2875 748 3219 823 παραλιπὼν,
3253 748 3397 820 άπερ
3423 749 3519 802 ἐπὶ
3548 751 3642 817 τῆς

2084 847 2320 918 σφαίρας
2347 847 2647 921 θεωρεῖται.
2692 843 2832 913 Ἐγὼ
2860 844 2917 897 δὲ
2948 843 3017 897 τὰ
3049 841 3529 913 παραλελειμμένα
3553 843 3641 893 ὑπ’

2080 938 2245 992 αὐτοῦ
2278 936 2715 1011 προσαποδώσω,
2736 937 2885 1000 ὅπως
2920 934 3081 1006 μηδὲν
3112 933 3335 1006 ἐλλείπῃ
3366 934 3481 989 τῶν
3513 933 3643 1007 πρὸς

2078 1029 2179 1104 τὴν
2207 1031 2456 1103 θεωρίαν.

2163 1210 2440 1280 Ἐγένοντο
2491 1209 2551 1263 δὲ
2599 1206 2818 1281 τρισσαὶ
2858 1206 3077 1270 στάσεις
3123 1206 3252 1278 περὶ
3296 1204 3573 1259 ἀνατολῶν
3602 1206 3644 1237 "

2082 1304 2176 1359 καὶ
2218 1300 2682 1370 συγκαταδύσεων.
2710 1301 2773 1353 Οἱ
2822 1299 2921 1370 μὲν
2960 1298 3068 1369 γὰρ
3121 1296 3329 1366 ἔφασαν
3372 1296 3472 1368 τὴν
3509 1313 3648 1368 πρα-

2081 1395 2347 1468 γματείαν
2381 1389 2520 1447 εῖναι
2546 1391 2625 1464 τῷ
2669 1390 2900 1461 Ἀράτῳ,
2931 1389 3187 1459 ἄρχοντος
3213 1386 3526 1441 ἀνατέλλειν
3558 1385 3645 1439 τοῦ

2083 1484 2380 1553 ζωδιακοῦ,
2420 1485 2472 1538 οἱ
2525 1483 2583 1537 δὲ
2647 1481 2933 1552 μεσοῦντος
2956 1497 2977 1526 ·.
3013 1479 3063 1532 οἱ
3121 1478 3179 1531 δὲ
3222 1476 3331 1530 ἀπὸ
3386 1475 3487 1546 τῆς
3521 1475 3647 1546 ὅλης

2082 1577 2366 1648 ἀνατολῆς.
2403 1576 2576 1628 Τοῦτο
2620 1574 2677 1627 δὲ
2729 1573 2825 1643 οὐχ
2872 1571 3125 1642 ἕστηκεν.
3160 1568 3291 1623 Ἀπὸ
3332 1568 3441 1640 γὰρ
3476 1566 3648 1638 ἀρχῆς

2083 1671 2186 1735 ἓως
2215 1669 2472 1739 τελευτῆς
2502 1667 2596 1720 τοῦ
2623 1664 2886 1731 ζωδιακοῦ
2917 1663 3118 1717 κύκλου
3173 1661 3393 1734 ἔρχεται
3424 1660 3520 1713 ἐπὶ
3553 1657 3648 1719 τὰς

2083 1758 2342 1822 ἀνατολάς
2369 1775 2430 1811 τε
2462 1758 2557 1811 καὶ
2579 1753 3023 1825 συγκαταδύσεις,
3043 1751 3102 1804 ὃν
3118 1750 3316 1822 τρόπον
3332 1748 3480 1801 ἔστιν
3499 1748 3605 1801 ὑπὸ
3628 1746 3646 1776 ¹

410 1840 624 1899 dumin
651 1842 860 1912 sphaera
885 1843 1014 1900 licet
1036 1846 1258 1902 intueri.
1286 1845 1425 1901 Sunt
1447 1845 1612 1917 igitur
1638 1861 1759 1916 quae
1788 1860 1972 1902 secan-

2089 1853 2181 1924 τῆς
2219 1851 2453 1921 σφαίρας
2500 1847 2816 1903 θεάσασθαι.
2855 1844 3041 1900 Ἔστιν
3088 1838 3180 1897 οὖν
3223 1841 3293 1896 τὰ
3339 1839 3648 1911 τεμνόμενα

409 1940 502 1988 tur
532 1933 798 2005 imagines
836 1936 926 1991 '57.

480 2025 730 2082 Arcticus
783 2028 967 2098 itaque
1024 2029 1265 2084 circulus
1315 2035 1465 2083 secat
1494 2027 1763 2097 imagines
1792 2027 1930 2083 duas
1962 2048 1976 2083 :

409 2117 594 2174 Bootae
644 2120 881 2175 medium
914 2120 1084 2176 cubiti
1126 2119 1348 2183 ﬂerum,
1399 2127 1453 2175 et
1504 2118 1705 2190 Cephei
1752 2129 1976 2190 pectus;

409 2211 557 2266 hunc
578 2226 706 2268 vero
744 2213 1012 2267 circulum
1038 2213 1225 2268 omisit
1248 2212 1473 2268 Aratus.

481 2301 727 2359 Estivus
756 2304 1001 2374 tropicus
1033 2316 1184 2361 secat
1225 2305 1490 2376 imagines
1514 2303 1703 2359 decem
1729 2322 1743 2358 :
1773 2301 1978 2358 Henio-

409 2392 499 2447 chi
552 2409 750 2465 genua,
783 2393 1052 2465 Ophiuchi
1106 2396 1387 2460 humeros,
1441 2394 1723 2465 Serpentis
1752 2395 1976 2459 collum,

409 2491 575 2553 caput
593 2485 725 2540 Avis
774 2493 828 2541 et
859 2487 1150 2553 cervicem,
1194 2488 1425 2558 ungulas
1452 2486 1611 2557 Equi,
1640 2485 1824 2542 Persei
1850 2488 1982 2543 sini-

409 2581 586 2630 strum
633 2576 919 2633 humerum
967 2594 1092 2634 cum
1146 2580 1370 2637 sinistra
1401 2581 1554 2647 tibia,
1585 2581 1838 2636 dextram
1865 2580 1980 2637 An-

407 2667 684 2724 dromedae
718 2686 938 2726 manum
966 2712 982 2736 ,
1043 2673 1228 2742 capita
1274 2672 1652 2736 Geminorum,
1705 2672 1978 2726 Cancrum

406 2762 666 2829 medium,
696 2762 931 2819 Leonem
959 2780 1054 2835 per
1078 2764 1316 2819 medium
1348 2804 1363 2819 .
1391 2806 1407 2821 .
1437 2804 1454 2831 ,
1481 2765 1740 2820 humeros
1766 2761 1979 2834 Ophiu-

407 2850 517 2916 chi,
540 2852 736 2907 collum
764 2853 1062 2925 Serpentis.

476 2943 900 3014 Equinoctialis
927 2946 1171 3003 circulus
1186 2948 1383 3003 transit
1400 2963 1497 3018 per
1524 2946 1790 3018 imagines
1814 2945 1978 3016 quin-

408 3032 622 3089 decim:
654 3034 792 3106 Equi
825 3045 986 3107 caput
1014 3047 1067 3094 et
1116 3039 1404 3105 cervicem,
1447 3037 1715 3108 Ophiuch‘i
1769 3052 1973 3108 genua,

2079 1943 2196 2009 ζῶα
2228 1944 2331 2007 λζ’.

2160 2036 2219 2091 Ὀ
2268 2036 2365 2107 μὲν
2407 2027 2500 2088 οῦν
2545 2032 2804 2106 ἀρκτικὸς
2845 2030 3044 2094 κύκλος
3082 2028 3269 2100 τέμνει
3311 2024 3479 2091 ζὼδια
3520 2024 3644 2078 δύο·

2078 2127 2290 2182 Βοώτου
2321 2126 2483 2199 μέσον
2522 2123 2746 2193 ἀγκῶνα
2765 2164 2780 2189 ,
2805 2123 2901 2177 καὶ
2929 2120 3162 2194 Κηφέως
3205 2118 3409 2192 στήθψ
3443 2119 3547 2172 οὐκ
3569 2116 3647 2170 εἴ·

2080 2234 2215 2289 ρηκε
2245 2216 2302 2270 δὲ
2330 2215 2458 2286 περὶ
2485 2213 2673 2269 τούτου
2706 2214 2961 2285 Ἄρατος.

2161 2307 2219 2359 'O
2243 2304 2300 2358 δὲ
2334 2304 2541 2376 θερινὸς
2572 2303 2833 2376 τροπικὸς
2864 2302 3051 2373 τέμνει
3096 2300 3261 2366 ζώδια
3290 2307 3323 2355 ι’
3342 2316 3358 2330 ο
3399 2299 3646 2370 Ἦνιὲχου

2077 2396 2304 2467 γόνατα,
2345 2394 2629 2467 Ὀφιούχου
2658 2394 2862 2465 ὤμους,
2894 2394 3110 2463 Ὄφεως
3138 2392 3427 2464 τράχηλον,
3460 2393 3647 2462 Ὀρνι-

2078 2491 2169 2555 θος
2202 2488 2444 2560 κεφαλὴν
2475 2489 2570 2542 καὶ
2595 2487 2656 2540 τὸ
2686 2485 3028 2557 ὕπαυχένιον,
3055 2486 3249 2539 Ἵππου
3284 2485 3477 2549 ὁπλὰς,
3508 2486 3649 2556 Περ-

2080 2583 2215 2646 σέως
2237 2575 2386 2652 ὦμον
2410 2579 2693 2653 ἀριστερὸν
2723 2579 2817 2632 καὶ
2844 2579 3057 2649 κνήμην
3080 2577 3395 2649 ἀριστερὰν,
3432 2576 3649 2648 Ἀνδρο-

2080 2672 2245 2745 μέδας
2289 2676 2447 2743 χεῖρα
2491 2669 2707 2735 δεξιὰν,
2749 2667 2997 2739 Διδύμων
3047 2668 3326 2738 κεφαλὰς,
3370 2668 3648 2739 Καρκίνον

2079 2765 2276 2836 μέσον,
2321 2764 2526 2817 Λέοντα
2582 2759 2733 2834 παρὰ
2764 2760 2930 2831 μέσον
2959 2762 2981 2793 ⁸
3014 2759 3275 2833 παρεόντε
3294 2799 3311 2825 ,
3364 2760 3646 2830 Ὀφιούχου

2074 2856 2281 2929 ὤμους,
2318 2855 2587 2927 τράχηλον
2611 2854 2845 2922 Ὄφεως.

2155 2949 2214 3001 '0
2251 2947 2311 3001 δὲ
2341 2943 2652 3018 ίσημερινὺς
2689 2943 2888 3007 κύκλος
2914 2942 3101 3013 τέμνει
3138 2940 3305 3006 ζὼδια
3327 2948 3418 2994 ιε’⁶
3445 2942 3643 2995 Ἵππου

2074 3038 2316 3109 κεφαλὴν
2356 3037 2451 3091 καὶ
2492 3035 2796 3108 τράχηλον,
2852 3034 3138 3105 Ὀφιούχου
3175 3034 3376 3103 γόνατα
3396 3074 3412 3099 ,
3444 3034 3643 3107 Ὕδρου

408 3124 578 3198 Hydri
599 3126 821 3192 collum,
841 3120 1141 3195 Crate'rem,
1167 3129 1426 3196 Corvum,
1447 3127 1703 3185 Orionem
1732 3128 1972 3184 medium

2089 3128 2359 3201 τράχηλον,
2394 3126 2662 3198 Κρατῆρα
2684 3163 2699 3189 ,
2730 3124 2993 3195 Κόρακα,
3047 3125 3276 3196 Ὠρίωνα
3321 3124 3486 3195 μέσον
3523 3126 3645 3197 ἀριο

407 3218 710 3278 sinistrum.
738 3218 916 3276 Piscis
942 3222 1194 3288 caudam,
1236 3222 1474 3277 medium
1504 3221 1765 3286 Arietem,
1801 3220 1970 3276 Tauri

409 3324 606 3379 genua,
660 3308 898 3380 Virginis
946 3313 1159 3382 pedem,
1214 3311 1411 3367 Chelas
1473 3312 1705 3380 medias,
1755 3311 1969 3383 Scorpii

407 3407 635 3470 partem.
673 3399 921 3458 Omissus
947 3412 1032 3461 est
1052 3403 1320 3475 Procyon.

482 3488 748 3562 Tropicus
784 3493 1045 3549 hibernus
1094 3493 1280 3549 decem
1313 3493 1468 3564 signa
1504 3493 1697 3548 dividit
1734 3491 1970 3548 :Erida-

406 3596 538 3636 num
561 3581 806 3646 ﬂuvium,
838 3586 1017 3656 Argus
1047 3584 1204 3639 navis
1233 3600 1486 3655 puppem.
1515 3584 1773 3639 Centauri
1801 3584 1972 3638 inter-

406 3676 716 3746 scapilium,
749 3677 916 3732 Canis
962 3676 1187 3746 majoris
1236 3676 1573 3746 posteriores
1615 3676 1801 3746 pedes,
1851 3675 1971 3731 Ceti

404 3768 654 3830 caudam,
684 3767 907 3838 Leporis
931 3767 1190 3833 medium,
1229 3766 1443 3837 Scorpii
1476 3769 1748 3834 aculeum,
1792 3766 1971 3838 Sagit-

405 3857 533 3911 tarii
555 3872 764 3920 arcum,
791 3856 1184 3927 Capricornum
1216 3858 1476 3923 medium,
1513 3858 1678 3928 pedes
1706 3857 1965 3928 Aquarii:

406 3947 482 4001 ita
506 3954 741 4016 quatuor
772 3954 902 4002 sunt
933 3956 1183 4003 secantes
1219 3949 1409 4003 circuli
1435 3966 1450 4017 ;
1487 3949 1642 4020 signa
1667 3963 1818 4015 vero,
1849 3963 1970 4020 quae

406 4038 476 4090 ah
512 4037 622 4093 illis
647 4046 920 4104 secantur,
946 4039 1056 4094 duo
1091 4046 1144 4094 et
1166 4039 1409 4111 triginta.
1818 4021 1826 4033 ’

407 4168 935 4242 ραωηαπιηοωιεδεεε
974 4172 1226 4242 imagines
1256 4190 1365 4227 una
1402 4189 1520 4227 cum
1570 4172 1845 4227 duodecim
1878 4191 1970 4229 zo-

648 4239 789 4295 diaci
816 4242 977 4313 signis
1002 4239 1147 4297 ortas
1169 4260 1485 4314 occasusque
1518 4243 1743 4313 faciant.

476 4350 539 4406 ll.
579 4352 717 4409 Cum
743 4353 1029 4410 duodecim
1062 4356 1270 4412 zodiaci
1314 4357 1485 4427 signis
1522 4358 1776 4413 caelestes
1822 4365 1970 4414 aste-

405 4443 560 4499 rismi
587 4444 642 4498 in
673 4445 820 4500 hunc
840 4445 1058 4523 modum
1087 4447 1337 4502 oriuntur
1359 4456 1413 4504 et
1433 4449 1709 4505 occidunt.

2076 3219 2287 3291 στερδν,
2313 3218 2514 3289 ’ἰχθύος
2547 3215 2737 3286 οὐρὰν,
2765 3214 2934 3286 Κριὸν
2963 3213 3142 3285 μέσον,
3172 3213 3386 3286 Ταύρου
3419 3213 3641 3283 γόνατα,

2075 3306 2353 3380 Παρθένου
2405 3305 2539 3359 πόδα
2559 3345 2575 3367 ,
2630 3303 2817 3375 Χηλὰς
2867 3302 3039 3374 μέσας
3060 3346 3075 3372 ,
3128 3302 3399 3373 Σκορπίου
3457 3303 3639 3374 μέρος.

2076 3400 2337 3469 Παρεῖται
2367 3395 2651 3468 Προκύων.

2158 3491 2216 3560 'Q
2248 3488 2306 3541 δὲ
2342 3486 2652 3560 χειμερινὸς
2686 3484 2884 3549 κύκλος
2914 3484 3101 3556 τέμνει
3129 3482 3292 3548 ζὼδια
3322 3482 3386 3537 ι”
3423 3486 3644 3556 Ἠριδα-

2075 3581 2165 3635 νὸν
2203 3578 2465 3650 ποταμὸν,
2523 3576 2751 3648 Ἀργοῦς
2806 3577 2936 3648 νηὸς
2978 3575 3232 3648 πρύμναν
3256 3618 3272 3643 ,
3326 3576 3643 3647 Κενταύρου

2079 3670 2436 3743 μετάφρενον,
2452 3669 2630 3732 Κυνὸς
2654 3667 2886 3739 μεγάλου
2910 3668 3190 3732 όπισθίους
3218 3668 3407 3733 πόδας,
3425 3671 3642 3740 Κήτους

2075 3762 2273 3835 οὐρὰν,
2301 3760 2525 3831 Λαγωοῦ
2560 3760 2752 3831 μέσον,
2804 3759 3070 3832 Σκορπίου
3103 3760 3325 3832 κέντρον
3343 3800 3359 3826 ,
3410 3760 3641 3828 Τοξότου

2074 3853 2246 3920 τόξον,
2273 3852 2553 3924 Αἰγόκερω
2581 3852 2764 3922 μέσον,
2802 3851 3089 3923 Ὑδροχόου
3111 3852 3279 3915 πόδας
3296 3870 3310 3882 ·
3332 3851 3474 3906 ὥστε
3507 3848 3640 3907 εἶναι

2075 3944 2271 4006 αὐτοὺς
2306 3942 2599 4014 τέμνοντας
2651 3941 2883 4005 κύκλους
2911 3941 2973 4004 δ’,
3021 3941 3089 3995 τὰ
3118 3942 3175 3994 δὲ
3218 3943 3523 4013 τεμνόμενα
3549 3944 3637 3998 ὑπ’

2076 4034 2254 4089 αὐτῶν
2284 4033 2449 4099 ζὼδια
2479 4034 2773 4105 τριάκοντα
2804 4034 2897 4086 καὶ
2924 4033 3082 4087 ἑπτά.

2075 4171 2221 4228 Ποῖα
2252 4170 2372 4224 τῶν
2409 4167 2626 4230 ζωδίων
2649 4167 3174 4236 συνανατέλλουσι
3207 4167 3305 4221 καὶ
3338 4183 3635 4236 συγκατα-

2224 4241 2478 4295 δύνουσι
2502 4238 2626 4305 τοῖς
2651 4239 2721 4293 ἐν
2746 4238 2824 4305 τῷ
2856 4235 3111 4303 ζωδιακῷ
3135 4237 3212 4302 ιβ’
3242 4235 3486 4303 ζωδίοις.

2143 4356 2219 4410 B'.
2254 4352 2711 4409 Συνανατέλλουσι
2731 4350 2787 4404 δὲ
2828 4350 2923 4405 καὶ
2947 4348 3409 4420 συγκαταδύνουσι
3445 4355 3555 4415 τοῖς
3581 4352 3637 4405 ὲν

2072 4439 2151 4512 τῷ
2182 4439 2431 4511 ζωδιακῷ
2462 4440 2530 4511 ιβ’
2558 4438 2768 4503 ζωδίοις
2799 4437 2869 4491 τὰ
2903 4438 3201 4510 φαινόμενα
3232 4438 3427 4503 οὕτως.

477 4531 698 4589 Oriente
724 4534 960 4601 Cancro,
987 4536 1167 4592 .Orion
1198 4546 1346 4593 totus
1396 4540 1663 4595 exoritur.
1711 4539 1966 4596 Orionem

2143 4531 2418 4602 Καρκίνου
2464 4529 2881 4593 ἀνατέλλοντος,
2928 4528 3206 4583 ἀνατέλλει
3243 4528 3363 4593 ὅλος
3424 4529 3629 4601 Ὠρίων.

406 4622 638 4692 appello,
688 4640 848 4693 quem
886 4627 1080 4696 vulgus
1109 4627 1512 4700 Ἀλετροπόδιον
1554 4630 1840 4685 nominat:
1875 4632 1966 4701 qui

405 4710 639 4779 primum
656 4714 829 4766 oritur
844 4729 1030 4769 mense
1041 4714 1205 4771 Julio.
1236 4716 1403 4771 Canis
1421 4732 1548 4772 vero
1563 4719 1780 4774 circiter
1794 4720 1969 4791 Augu-

407 4801 477 4855 sti
500 4802 750 4871 septimo.
778 4803 903 4859 Haec
918 4815 1002 4861 est
1022 4807 1303 4876 splendida
1327 4810 1506 4877 stella,
1526 4826 1647 4881 quae
1672 4811 1728 4866 in
1748 4814 1966 4867 maxilla

405 4892 571 4948 Canis
591 4894 853 4960 cernitur,
879 4912 943 4953 ac
967 4896 1102 4954 ﬁxas
1123 4913 1313 4955 omnes
1336 4902 1707 4971 magnitudine
1724 4911 1961 4972 superat:

406 4982 534 5062 item
579 4982 776 5042 ﬂuvius
807 4985 1099 5059 Eridanus.
1159 4987 1372 5045 Occidit
1406 4998 1587 5046 autem
1620 4992 1854 5055 Corona,
1914 5005 1969 5050 et

405 5072 580 5132 Piscis
619 5074 783 5133 dorso
826 5086 1003 5145 tenus,
1044 5077 1358 5150 Ophiuchus
1387 5081 1452 5135 ad
1482 5082 1742 5141 humeros
1768 5100 1962 5157 usque,

405 5163 686 5236 Serpentis
714 5169 936 5239 collum,
962 5169 1334 5244 Arctophylax
1358 5180 1509 5231 totus
1537 5174 1672 5230 fere.

471 5337 650 5399 Leone
679 5344 914 5412 oriente,
970 5353 1118 5404 totus
1166 5349 1392 5420 emergit
1432 5347 1703 5421 Procyon,
1758 5349 1961 5420 Lepus,

405 5429 572 5501 Hydri
598 5443 783 5506 caput,
815 5437 982 5495 Canis
1014 5442 1319 5503 anteriores
1349 5443 1536 5511 pedes.
1570 5442 1841 5497 Occidunt
1870 5459 1961 5498 re-

403 5517 562 5589 liquae
589 5531 772 5593 partes
800 5541 987 5581 eorum
1013 5543 1134 5598 qua:
1161 5544 1285 5584 cum
1314 5527 1527 5586 Cancro
1552 5540 1836 5601 cmperunt
1867 5547 1958 5587 oc-

2085 4622 2275 4694 Ὠρίων
2309 4622 2426 4675 ἐστὶ
2465 4621 2526 4676 τὸ
2556 4621 2844 4693 λεγόμενον
2877 4622 3004 4693 παρ’
3044 4618 3280 4684 ἰδιώταις
3321 4621 3635 4692 Ἀλετροπό-

2070 4714 2201 4768 διον.
2226 4711 2463 4785 Πρώτως
2483 4713 2540 4766 δὲ
2571 4713 2850 4768 ἀνατέλλει
2870 4713 3010 4767 κατὰ
3033 4713 3131 4785 τὴν
3150 4713 3232 4784 κβ¹
3255 4713 3349 4767 τοῦ
3383 4713 3599 4767 Ἰουλίου
3615 4730 3633 4746 ο

2071 4807 2100 4858 ὁ
2127 4805 2184 4858 δὲ
2217 4805 2380 4861 Κύων
2423 4803 2567 4860 κατὰ
2612 4806 2712 4877 τὴν
2739 4803 2782 4869 ζ’
2810 4805 2904 4859 τοῦ
2950 4805 3279 4875 Αὐγούστου.
3316 4807 3473 4860 Ἔστι
3511 4807 3568 4860 δὲ
3606 4807 3635 4858 ό

2071 4894 2323 4968 λαμπρὸς
2352 4894 2446 4948 τοῦ
2473 4895 2665 4966 θηνυὸς
2692 4896 2714 4927 ⁸
2756 4896 2957 4967 μείζων
2979 4895 3088 4949 τῶν
3119 4895 3373 4951 ἀπλανῶν
3420 4898 3634 4952 πάντων

2073 4988 2352 5061 ἀστέρων·
2394 4988 2488 5041 καὶ
2518 4989 2760 5059 ποταμὸς
2800 4988 3098 5059 Ἠριδανός.
3142 4974 3298 5042 Δύνει
3336 4990 3396 5042 δὲ
3421 4991 3632 5058 Στέφα-

2072 5096 2182 5145 νος,
2240 5080 2443 5151 Ἰχθύος
2480 5079 2541 5133 τὸ
2598 5081 2767 5151 ἣμισυ
2809 5079 2913 5144 ἓως
2966 5081 3058 5133 ἐπὶ
3103 5080 3298 5152 ῥάχιν,
3355 5080 3634 5153 Ὀφιοῦχος

2068 5172 2172 5235 ἕως
2196 5171 2381 5243 ὤμων,
2409 5174 2620 5241 Ὄφεως
2650 5171 2935 5242 τράχηλος,
2973 5171 3341 5246 Ἀρκτοφύλαξ
3363 5175 3496 5244 παρ’
3524 5173 3630 5226 ὀλί-

2067 5278 2180 5330 γον.

2140 5353 2365 5417 Λέοντος
2413 5353 2810 5420 ἀνατέλλοντος,
2846 5353 3125 5409 ἀνατέλλει
3175 5354 3439 5426 Προκύων
3475 5354 3624 5422 ὅλος,-

2067 5442 2314 5510 Λαγωὸς,
2345 5444 2546 5514 ’Ύδρου
2591 5444 2825 5515 κεφαλὴ,
2860 5444 3037 5508 Κυνὸς
3078 5443 3403 5516 ὲμπρόσθιοι
3450 5444 3621 5506 πόδες.

2065 5533 2220 5587 Δύνει
2243 5535 2300 5588 δὲ
2329 5535 2398 5589 τά
2429 5535 2591 5590 λοιπὰ
2620 5535 2729 5592 τῶν
2753 5537 2851 5593 σὺν
2876 5536 3136 5609 Καρκίνῳ
3168 5533 3623 5607 προκαταδεδυκό-

512 5697 558 5730 ⁹⁹
596 5697 635 5761 f.
667 5703 1052 5756 συνανατολῶν.
1129 5705 1143 5736 ¹
1178 5704 1219 5774 f.
1250 5703 1361 5760 ἐπί.
1437 5708 1458 5740 ³
1481 5703 1765 5764 Hendosus
1795 5710 1959 5764 locus.

2097 5709 2142 5778 ι’.
2173 5711 2271 5782 τῆς
2295 5711 2503 5781 γένυος.
