3950 6266
290 329 425 388 ιιιι

1348 331 1623 389 INCEBTI
1661 330 1752 386 AD
1790 325 1999 383 ARATI
2037 325 2506 384 ΡΗᾹΞΝΟΜΕΝΑ.

3387 330 3416 386 θ
3426 329 3526 386 1ιῖ

291 464 430 500 των·
468 447 682 501 Βοὼτου
725 449 786 501 τὸ
836 447 1038 511 λοιπὸν,
1073 448 1362 518 Στέφανος,
1405 449 1716 520 Ὀφιοῦχος,
1761 448 1853 502 καὶ

1974 461 2141 502 :asum
2163 444 2363 509 facere,
2386 443 2621 511 Corona,
2645 442 2985 513 Ophiuchus,
3008 441 3236 516 ejusque
3264 445 3522 516 Serpens,

297 538 459 608 Ὄφις
487 538 673 602 αὐτοῦ,
707 538 928 610 ’ἰχθύες,
963 539 1164 610 Κῆτος,
1206 540 1293 593 Ἐν
1331 541 1547 610 γόνασιν
1575 540 1692 604 ὅλος
1721 539 1857 610 πλὴν

294 629 509 697 κνήμης
541 629 851 698 ἀριστερᾶς.

365 718 644 790 Παρθένου
675 718 1385 789 ἀνατελλούσης,ἀνατέλλει
1409 720 1606 792 ’Ύδρος
1639 721 1742 784 ἕως
1763 721 1858 774 τοῦ

295 810 614 880 Κρατῆρος,
651 811 838 874 Κυνὸς,
857 811 1093 882 μεγάλου
1123 811 1359 868 ὀπίσθιοι
1402 813 1594 879 πόδες,
1632 812 1860 884 Ἀργοῦς

293 901 539 971 τρόπεως
576 901 817 973 πρύμνα.
863 901 1020 956 Δύνει
1047 903 1109 960 δὲ,
1147 904 1332 974 Λύρα,
1364 903 1578 972 Δελφὶς,
1625 904 1857 969 Ὀῖστὸς,

298 994 486 1062 Ὄρνις
513 992 617 1056 ἕως
645 994 831 1064 οὐρᾶς,
869 995 1116 1066 ποταμοῦ
1156 995 1438 1065 Ἠριδανοῦ
1466 995 1656 1067 πρῶτα
1694 996 1856 1068 μέρη,

296 1084 493 1136 Ἵππου
521 1085 751 1155 κεφαλὴ,
791 1086 884 1140 καὶ
916 1087 1111 1158 αὐχήν.

365 1173 560 1244 Χηλῶν
619 1174 1022 1230 ἀνατελλουσῶν
1047 1217 1062 1242 ,
1111 1177 1390 1231 ἀνατέλλει
1440 1177 1656 1246 Βοὼτης
1702 1178 1858 1242 ὅλος,

307 1265 486 1336 Ἀργὼ
528 1265 658 1330 ναῦς
707 1267 832 1338 ὅλη,
860 1268 1091 1339 ”Υδρος,
1139 1269 1400 1341 Κρατὴρ,
1447 1269 1666 1342 Κόραξ,
1715 1270 1861 1335 δεξιά

294 1359 476 1429 κνήμη
511 1358 602 1411 τοῦ
633 1359 718 1411 Ἐν
737 1360 954 1426 γόνασιν
983 1360 1087 1424 έως
1113 1361 1540 1432 γόνατος,ῆμισυ
1569 1365 1858 1433 Στεφάνου,

293 1449 590 1520 ἄκρον.τῆς
622 1452 786 1520 οὐρᾶς
817 1450 910 1504 τοῦ
950 1453 1282 1524 Κενταύρου.
1315 1456 1574 1526 Παρεῖται
1610 1456 1859 1528 Κρατὴρ,

293 1541 669 1612 Κόραξ.Δύνει
701 1543 758 1595 δὲ
787 1544 981 1596 Ἵππου
1005 1545 1065 1597 τὸ
1100 1545 1306 1609 λοιπὸν,
1338 1547 1584 1618 Ὄρνιθος
1619 1549 1856 1618 μεγάλου

291 1631 450 1701 οὐρὰ,
503 1633 854 1704 Ἀνδρομέδας
895 1635 1254 1706 κεφαλὴ,ηκαὶ
1294 1637 1476 1706 Κῆτος
1506 1637 1610 1702 ἕως
1649 1639 1858 1708 λοφιᾶς,

292 1723 531 1792 Κηφέως
558 1725 787 1797 κεφαλή,
816 1727 911 1779 καὶ
941 1721 1102 1797 ὦμοι,
1135 1729 1231 1781 καὶ
1263 1732 1464 1800 χεῖρες.

1957 536 2166 601 Pisces,
2202 533 2391 602 Cetus,
2425 534 2774 606 lngeniculus
2821 543 2991 602 totus,
3025 546 3250 609 excepta
3298 538 3524 595 sinistra

1957 629 2114 690 tibia.

2029 719 2254 776 Oriente
2291 718 2512 791 Virgine
2544 717 2760 792 Hydrus
2791 720 2968 779 oritur
3017 736 3192 792 usque
3219 720 3288 776 ad
3338 721 3530 777 Crate-

1957 826 2098 876 rem,
2137 810 2364 881 majoris
2394 810 2559 871 Canis
2589 812 2921 881 posteriores
2961 814 3147 881 pedes,
3201 814 3380 886 Argus
3432 831 3526 869 ca-

1957 905 2094 958 rinae
2123 903 2338 974 puppis.
2364 903 2572 960 Occidit
2590 903 2852 968 Fidicula,
2887 904 3150 976 Delphin,
3171 905 3398 977 Sagitta,
3424 908 3529 978 Cy-

1959 1013 2100 1068 gnus
2123 997 2296 1051 cauda
2326 1007 2506 1062 tenus,
2551 997 2769 1051 Eridani
2814 997 2959 1052 tluvii
2994 999 3295 1056 anteriores
3326 1012 3526 1070 partes,

1961 1087 2098 1159 Equi
2123 1095 2288 1158 caput
2317 1096 2370 1142 et
2390 1088 2596 1142 cervix.

2030 1177 2346 1235 Orientibus
2395 1179 2580 1235 Chelis
2639 1179 2839 1234 Bootes
2871 1187 3018 1235 totus
3064 1182 3329 1244 exoritur,
3384 1181 3530 1250 Argo

1961 1273 2117 1328 navis
2151 1273 2384 1344 integra,
2435 1271 2676 1342 Hydrus,
2707 1271 2918 1334 Crater,
2954 1271 3183 1337 Corvus,
3234 1272 3530 1343 lngeniculi

1960 1365 2095 1418 tibia
2118 1364 2307 1418 dextra
2341 1379 2512 1433 usque
2543 1364 2609 1418 ad
2639 1379 2801 1434 genu,
2842 1363 3065 1418 dimidia
3089 1363 3322 1428 Corona,
3353 1371 3531 1419 extre:

1959 1456 2125 1514 mitas
2157 1453 2344 1514 caudae
2373 1453 2658 1510 Centauri.
2693 1454 2944 1509 Omissus
2987 1462 3070 1509 est
3102 1453 3294 1508 Crater
3321 1461 3372 1509 et
3396 1454 3531 1506 Cor-

1961 1561 2082 1600 vus.
2114 1542 2403 1607 OcCidunt,
2434 1543 2570 1615 Equi
2600 1545 2890 1614 reliquum,
2920 1544 3051 1599 Avis
3080 1545 3303 1614 majoris
3333 1546 3528 1611 cauda,

1961 1634 2321 1695 Andromedae
2351 1643 2534 1704 caput,
2575 1633 2742 1689 Cetus
2768 1634 2980 1690 cervice
3011 1632 3416 1704 tenus,_Cephei
3440 1650 3533 1694 ca,-

1960 1735 2079 1797 put,
2115 1727 2326 1781 humeri
2378 1742 2443 1780 ac
2478 1742 2693 1784 manus.

366 1815 636 1884 Σκορπίου
685 1817 1094 1884 ἀνατέλλοντος,
1146 1798 1423 1873 ἀνατέλλει
1469 1821 1736 1890 Στεφάνου
1801 1822 1856 1874 τὲ

2035 1819 2170 1874 Cum
2200 1817 2425 1888 Scorpio
2456 1818 2686 1874 dimidia
2716 1833 2844 1890 pars
2869 1819 3037 1876 altera
3066 1817 3297 1877 Coronae
3330 1817 3530 1879 oritur,

291 1907 476 1960 λοιπὸν
518 1907 710 1978 ἥμισυ,
761 1909 960 1981 ’Ύδρου
995 1910 1160 1981 οὐρά,
1203 1913 1516 1983 Κενταύρου
1568 1912 1724 1984 σῶμα
1769 1913 1863 1967 καὶ

293 1996 542 2068 κεφαλὴ,
581 1998 673 2051 καὶ
707 1997 767 2050 τὸ
813 1999 1031 2071 Θηρίον,
1061 1998 1090 2050 ὂ
1137 1999 1250 2070 ἔχει
1288 2002 1346 2054 ἐν
1382 2004 1449 2073 τῇ
1490 2001 1638 2073 δεξιᾷ
1687 2002 1860 2073 χειρὶξ,

307 2089 586 2159 Ὀφιούχου
627 2090 834 2160 κεφαλή
875 2107 935 2142 τε
973 2092 1065 2149 καὶ
1094 2092 1251 2163 χεὶρ,
1291 2093 1384 2147 καὶ
1417 2091 1605 2164 πρώτη
1644 2092 1860 2164 καμπὴ,

291 2181 322 2232 ὁ
372 2182 458 2234 Ἐν
499 2183 717 2257 γόνασιν
765 2183 915 2246 ὅλος,
972 2183 1109 2255 πλὴν
1157 2185 1395 2256 κεφαλῆς
1428 2185 1521 2238 καὶ
1571 2187 1862 2258 ἀριστερᾶς

293 2274 494 2346 χειρός.
522 2274 679 2327 Δύνει
719 2275 775 2327 δὲ
804 2275 922 2337 ὅλος
960 2276 1230 2346 Ποταμὸς,
1271 2277 1461 2347 Ὠρίων
1500 2277 1629 2348 παρ’
1662 2278 1860 2346 ὀλίγον,

292 2370 506 2438 Κήτους
539 2367 720 2436 λοφιά,
771 2366 1096 2438 Ἀνδρομέδα
1117 2410 1132 2433 ,
1165 2368 1467 2433 Δελτωτὸν,
1503 2371 1858 2435 Κασσιέπεια,

292 2460 518 2530 Κηφεὺς
569 2460 678 2512 ἀπὸ
715 2459 955 2529 κεφαλῆς
995 2460 1099 2524 ἕως
1145 2460 1363 2530 ὀσφύος.
1425 2462 1686 2535 Παρείται
1733 2462 1860 2515 Δελ-

293 2551 483 2606 τωτόν.

363 2643 590 2711 Τοξότου
620 2645 1015 2712 ἀνατέλλοντος,
1051 2648 1329 2703 ἀνατέλλει
1363 2649 1645 2720 Ὀφιούχου
1680 2649 1860 2719 σῶμα,

298 2735 510 2804 Ὄφεως
541 2735 600 2789 τὸ
631 2736 840 2802 λοιπὸν,
882 2737 976 2791 τοῦ
1017 2739 1105 2792 Ἐν
1131 2739 1318 2808 γόνασι
1359 2739 1568 2811 κεφαλὴ
1604 2741 1699 2794 καὶ
1744 2739 1863 2811 ἀρι-

295 2827 460 2898 στερά
497 2828 656 2900 χεὶρ,
707 2829 883 2902 Λύρα,
936 2831 1181 2901 Κηφεύς.
1221 2831 1378 2885 Δύνει
1410 2833 1467 2886 δὲ
1501 2831 1664 2887 Κύων
1705 2832 1859 2897 ὅλος,

306 2916 525 2988 Ὠρίων,
574 2920 830 2987 Λαγωδς,
865 2920 1107 2991 Ἡνίοχος
1140 2921 1277 2992 πλὴν
1315 2923 1528 2994 κνήμης
1569 2923 1862 2994 ἀριστερᾶς

292 3008 384 3059 καὶ
409 3007 508 3076 τῆς
550 3009 751 3079 χειρὸς,
777 3013 860 3079 ἐφ’
899 3004 966 3083 ἧς
998 3014 1134 3065 είσιν
1178 3012 1295 3078 Αἲξ,
1338 3013 1582 3084 Ἐριφοι,
1619 3013 1861 3084 Περσεὺς

292 3099 429 3171 πλὴν
448 3101 542 3154 τοῦ
558 3101 728 3166 δεξιοῦ
758 3103 932 3168 ποδὸς,
974 3104 1198 3176 Ἀργοῦς
1221 3103 1466 3175 πρύμνα,
1497 3104 1779 3176 Προκύων.

361 3192 645 3265 Αίγόκερω
698 3195 1108 3261 ἀνατέλλοντος,
1161 3196 1439 3250 ἀνατέλλει
1487 3197 1668 3261 Ἀετὸς
1701 3199 1856 3264 ὅλος,

304 3281 533 3345 ’οῖστὺς,
557 3283 841 3355 Θυτήριον,
874 3284 1089 3354 Δελφὶς,
1124 3286 1330 3357 Ὄρνις.
1354 3285 1506 3339 Δύνει
1531 3286 1588 3338 δὲ
1617 3287 1859 3357 Ἡνιόχου

291 3372 359 3425 τὰ
391 3372 580 3436 λοιπὰ,
632 3374 841 3445 κεφαλὴ
898 3375 992 3428 καὶ
1045 3375 1164 3446 χεὶρ
1205 3375 1466 3447 ἀριστερά
1492 3417 1506 3440 ,
1548 3369 1694 3448 ἑφ¹ᾖ
1738 3368 1875 3440 Αἲξ,’

296 3464 545 3534 Ἐριφοι,
585 3463 762 3534 Ἀργὼ
798 3465 891 3535 ὅλη
914 3503 929 3528 ,
966 3465 1165 3536 ’Ὑδρος
1208 3466 1314 3531 ἕως
1350 3468 1676 3539 Κρατῆρος,
1722 3467 1860 3520 Κεν-

292 3554 494 3626 ταύρου
531 3553 623 3606 ὀπί
631 3554 691 3607 σθ
701 3572 766 3607 ιοι
805 3554 982 3618 πόδες.

377 3646 665 3718 ’Υδροχόου
695 3646 1094 3712 ἀνατέλλοντος,
1123 3648 1399 3702 ἀνατέλλει
1422 3649 1616 3702 Ἵππου
1651 3646 1859 3718 κεφαλὴ

298 3737 391 3791 καὶ
447 3738 608 3801 πόδες
671 3737 1022 3809 ὲμπρόσθιοιο
1071 3740 1166 3791 καὶ
1197 3739 1535 3792 Κασσιέπεια
1581 3741 1855 3810 παρεῖται.

297 3828 452 3881 Δύνει
478 3827 535 3880 δὲ
564 3827 874 3898 Κενταύρου
917 3827 1156 3895 ὀπίσθια,
1186 3828 1382 3900 Ὕδρος
1415 3845 1475 3881 τε
1507 3829 1601 3882 καὶ
1632 3829 1862 3903 Κρατὴρ

298 3918 402 3983 ἕως
432 3919 700 3989 Κόρακος.
735 3920 996 3990 Παρεῖται
1031 3921 1281 3993 Κρατήρ.

297 4103 393 4173 οὐχ
425 4103 580 4169 ὅλος,
630 4105 982 4176 Ἀνδρομέδας
1014 4105 1184 4170 δεξιὸν
1227 4105 1409 4175 μέρος.
1453 4103 1610 4156 Δύνει
1655 4103 1712 4156 δὲ
1739 4103 1859 4166 ὅλος

298 4195 624 4265 Κένταυρος,
653 4197 870 4268 ’⁸Υδρος,
899 4196 1104 4268 Κόραξ,
1128 4197 1378 4267 Κρατήρ.

359 4286 532 4358 Κριοῦ
576 4288 986 4352 ἀνατέλλοντος,
1014 4287 1289 4341 ἀνατέλλει
1337 4286 1546 4358 κεφαλὴ
1585 4286 1682 4340 καὶ⁸
1708 4280 1856 4356 ὦμος

295 4377 569 4448 Περσέως,
611 4378 966 4449 Ἀνδρομέδας
1011 4379 1300 4449 ἀριστερὸν
1351 4377 1536 4449 μέρος.
1590 4377 1857 4430 Δελτωτὸν

299 4471 571 4538 παρεῖται.
608 4469 761 4523 Δύνει
793 4470 855 4524 δὲ·
877 4470 1158 4542 Θυτήριον,
1197 4469 1602 4540 Ἀρκτοφύλαξ..

365 4561 576 4633 Ταύρου
634 4561 1042 4627 ἀνατέλλοντος,
1093 4563 1366 4616 ἀνατέλλει
1417 4564 1659 4634 Περσεὺς
1705 4563 1858 4627 ὅλος,

305 4653 555 4724 Ἡνιόχου
590 4655 748 4718 ποδὸς
771 4654 1056 4726 ἀριστεροῦ
1096 4657 1261 4726 ἀκρον
1291 4655 1386 4708 καὶ
1422 4655 1688 4728 ἀριστερά
1715 4655 1857 4726 χεὶρ,

295 4748 378 4815 ἐφ’
481 4747 617 4799 εἰσιν
665 4746 783 4811 Αἲξ,
817 4747 1065 4818 Ἔριφοι,
1106 4747 1321 4817 Κήτους
1365 4747 1523 4817 λοφιά
1556 4748 1651 4801 καὶ
1702 4747 1856 4821 οὐρά.

295 4839 449 4892 Δύνει
476 4839 532 4891 δὲ
574 4837 948 4910 Ἀρκτοφύλαξ
975 4840 1070 4892 σὺν
1098 4841 1164 4910 τῇ
1190 4846 1237 4893 α’
1272 4840 1438 4912 μοίρᾳ⁵
1457 4840 1554 4894 τοῦ
1592 4841 1787 4911 Κριοῦ.

366 5013 613 5085 Διδύμων
645 5015 1060 5079 ἀνατελλόντων,
1097 5015 1375 5070 ἀνατέλλει
1419 5016 1660 5087 ποταμὸς
1707 5017 1860 5088 Ἥρι-

295 5106 470 5171 δανδς,
503 5106 718 5177 Κῆτος,
759 5107 969 5178 Ὠρίων.
1005 5107 1160 5164 Δύνει
1203 5108 1261 5161 δὲ
1311 5108 1589 5179 Ὀφιοῦχος
1628 5109 1732 5172 ἕως
1770 5126 1864 5178 70.—

297 5197 493 5252 νάτων.

370 5289 438 5342 'A
487 5289 584 5358 μὲν
635 5282 729 5342 οὖν
766 5289 932 5361 ἐχρῆν
966 5290 1093 5360 περὶ
1131 5290 1229 5361 τῆς
1275 5290 1508 5364 σφαίρας
1543 5293 1736 5357 εἰπεῖν,
1785 5293 1862 5358 ὡς

297 5381 430 5452 πρὸς
462 5383 788 5452 εἰσαγωγὴν,
832 5381 1014 5452 σχεδὸν
1056 5382 1206 5435 ταῦτ’
1238 5382 1404 5436 ἐστίν.
1437 5382 1770 5448 Ἀκολούθως
1801 5385 1859 5438 δὲ

297 5472 392 5526 καὶ
423 5473 458 5542 ἡ
486 5473 560 5542 γῆ
597 5474 714 5524 ὲστι
747 5473 1113 5544 σφαιροειδὴς,
1147 5473 1344 5543 ἔχουσα
1382 5473 1544 5542 μέσον
1577 5475 1738 5542 ἄξονα
1787 5475 1862 5528 δι-

295 5561 515 5631 ήκοντα,
541 5545 606 5623 ὅς
627 5563 818 5632 κρατεῖ
846 5561 1014 5632 αὐτὴν
1047 5561 1330 5631 ἀκίνητον,
1369 5561 1507 5631 ἔχων
1545 5563 1613 5616 τά
1645 5563 1856 5632 πέρατα

298 5651 653 5724 ἐνηρεισμένα
706 5651 762 5706 ἐν
824 5670 880 5706 τε
901 5651 979 5722 τῷ
1006 5652 1200 5724 βορείῳ
1229 5654 1374 5724 πόλῳ
1413 5653 1505 5707 καὶ
1531 5655 1608 5725 τῷ

299 5743 470 5811 νοτίῳ.

1963 1909 2132 1982 Hydri
2173 1911 2386 1975 cauda,
2429 1909 2688 1966 Centauri
2747 1925 2947 1981 corpus
2991 1917 3044 1965 et
3090 1918 3276 1980 caput,
3320 1925 3533 1969 necnon

1963 2001 2122 2068 Fera,
2172 2017 2335 2073 quam
2368 2003 2561 2058 dextra
2589 2019 2753 2058 manu
2797 2002 3102 2073 prehendit,
3129 2001 3412 2072 'Ophiuchi
3442 2017 3534 2056 ca-

1964 2103 2082 2165 put,
2113 2109 2330 2159 manus,
2375 2096 2695 2165 primusque
2739 2093 2934 2161 ﬂexus,
2980 2093 3532 2166 lngeniculusltotus,

1964 2193 2160 2256 praeter
2211 2193 2374 2256 caput
2412 2195 2468 2242 et
2518 2187 2799 2242 sinistram
2830 2200 3072 2242 manum.
3107 2185 3378 2246 Occidunt
3403 2199 3532 2239 vero

1963 2277 2186 2334 Fluvius
2211 2286 2378 2343 totus,
2409 2278 2575 2334 Orion
2608 2285 2756 2336 totus
2784 2277 2916 2342 fere,
2939 2277 3056 2332 Ceti
3085 2277 3288 2341 cervix,
3315 2275 3532 2329 Andro-

1963 2373 2141 2437 meda,
2199 2371 2475 2434 Deltoton,
2541 2371 2855 2440 Cassiepea,
2901 2368 3148 2441 Cepheus
3187 2384 3216 2424 a
3251 2369 3428 2440 capite
3464 2369 3530 2422 ad

1963 2462 2202 2520 lumbos.
2233 2462 2507 2520 Omissum
2538 2473 2621 2518 est
2652 2461 2922 2517 Deltoton.

1935 2631 1943 2642 “
2034 2637 2260 2696 Oriente
2293 2639 2590 2712 Sagittario
2615 2640 2793 2694 oritur
2841 2637 3110 2709 Ophiuehi
3147 2654 3370 2710 corpus,
3403 2640 3533 2695 mli-

1963 2747 2130 2801 quum
2151 2731 2446 2804 Serpentis,
2465 2731 2758 2803 lngeniculi
2775 2739 2937 2802 caput
2953 2747 3074 2786 cum
3096 2731 3320 2786 sinistra
3342 2747 3528 2797 manu,

1961 2823 2229 2892 Fidicula,
2252 2825 2522 2895 Cepheus.
2554 2823 2821 2880 Occidunt
2842 2824 3006 2879 Canis
3024 2830 3189 2889 totus,
3216 2821 3406 2887 Orion,
3429 2822 3531 2878 Le—

1963 2933 2088 2988 pus,
2113 2916 2450 2983 Heniochus,
2487 2923 2716 2986 excepta
2755 2916 2978 2972 sinistra
3014 2915 3144 2970 tibia
3169 2924 3223 2970 et
3250 2930 3436 2980 manu,
3475 2917 3530 2969 in

1963 3022 2071 3077 qua
2100 3015 2229 3062 sunt
2257 3007 2477 3078 Capella
2520 3014 2576 3063 et
2615 3005 2798 3066 Haedi.
2829 3005 3085 3071 Perseus,
3120 3014 3347 3076 excepto
3370 3004 3530 3076 fpedc

1965 3099 2209 3162 sinistro,
2244 3098 2443 3168 puppis
2465 3097 2664 3168 Argus,
2687 3095 3044 3168 et‘Procyon.

2033 3187 2168 3244 Cum
2197 3188 2533 3258 Capricorno
2559 3189 2732 3243 oritur
2759 3187 2954 3258 Aquila
2976 3195 3112 3254 tota,
3147 3186 3375 3260 Sagitta,
3400 3189 3528 3252 Ara,

1963 3280 2214 3350 Delphin,
2241 3277 2480 3352 Cygnus.
2510 3278 2780 3334 Occidunt
2810 3269 3075 3334 Heniochi
3109 3279 3342 3349 reliqua,
3367 3287 3532 3349 caput

1967 3371 2129 3442 1M
2161 3371 2369 3426 scilicet
2393 3380 2447 3426 et
2487 3371 2711 3426 sinistra
2745 3385 2962 3434 manus,
3001 3371 3056 3424 in
3083 3386 3189 3441 qua
3218 3372 3395 3440 Capra
3423 3379 3528 3430 est,

1962 3471 2018 3517 et»
2067 3459 2248 3527 Haedi,
2298 3461 2443 3531 Argo
2484 3470 2618 3526 tota,
2657 3460 2874 3533 Hydrus
2916 3461 3136 3517 Cratere
3173 3468 3353 3525 tenus,
3389 3461 3560 3516 Cen-.

1966 3551 2109 3606 tauri
2145 3553 2480 3622 posteriores
2511 3552 2698 3622 pedes.

2037 3644 2259 3700 Oriente
2285 3643 2526 3715 Aquario
2547 3645 2724 3699 oritur
2757 3644 2895 3715 Equi
2925 3654 3111 3716 caput,
3142 3661 3264 3701 cum
3293 3646 3532 3702 anterio-

1969 3733 2121 3788 ribus
2141 3732 2394 3804 pedibus,
2422 3741 2476 3788 et
2510 3733 2800 3804 Cassiepea
2837 3735 3223 3805 praetermissa.
3261 3735 3532 3791 Occidunt

1965 3826 2267 3895 posteriora
2319 3824 2601 3889 Centauri,
2669 3841 2885 3883 necnon
2949 3826 3190 3899 Hydrus,
3239 3837 3294 3884 et
3341 3830 3533 3886 Crater

1868 3933 1875 3940 ·
1963 3931 2137 3988 usque
2167 3917 2234 3971 ad
2265 3915 2525 3972 Corvum.
2553 3915 2804 3974 Omissus
2831 3927 2917 3974 est
2946 3918 3160 3976 Crater.

380 4009 597 4079 Ἰχθύων
650 4008 1081 4075 ἀνατελλόντων,
1134 4011 1410 4064 ἀνατέλλει
1464 4011 1634 4076 νότιος
1690 3999 1875 4081 Ἰχθὺξ

2034 4007 2284 4062 Piscibus
2322 4008 2650 4072 orientibus,
2695 4009 2954 4064 australis
3001 4007 3177 4066 Piscis
3223 4027 3334 4066 non
3382 4019 3562 4068 totus.

1967 4099 2230 4163 exoritur,
2263 4098 2710 4154 et-Andromedse
2746 4115 2872 4169 pars
2915 4101 3126 4158 dextra.
3176 4101 3347 4158 Totus
3375 4102 3536 4159 Cen-

1969 4199 2159 4246 taurus
2181 4190 2403 4255 occidit,
2435 4189 2676 4262 Hydrus,
2701 4191 2931 4254 Corvus,
2965 4191 3180 4247 Crater.

2039 4285 2176 4340 Cum
2232 4285 2388 4340 Aries
2432 4285 2626 4350 oritur,
2667 4294 2831 4354 caput
2882 4284 3068 4341 Persei
3123 4302 3248 4342 cum
3288 4288 3531 4343 humeris

1968 4376 2164 4439 oritur,
2209 4375 2568 4430 Andromedae
2599 4377 2821 4431 sinistra
2868 4393 3016 4446 pars.
3065 4377 3318 4434 Deltoton
3359 4379 3528 4434 omis-

1889 4482 1934 4536 ι)
1965 4481 2085 4522 sum
2111 4473 2216 4520 est.
2257 4465 2467 4519 Occidit
2495 4465 2603 4518 Ara
2635 4472 2689 4519 et
2709 4463 3104 4537 Arctophylax.

2030 4557 2168 4612 Cum
2196 4556 2409 4611 Taurus
2437 4557 2632 4622 oritur,
2663 4556 2896 4614 Perseus
2926 4565 3072 4616 totus
3101 4567 3345 4616 exortum
3376 4560 3525 4626 facit,
3559 4623 3562 4625 Α

1962 4653 2091 4707 item
2129 4649 2346 4720 Auriga:
2378 4649 2590 4705 sinistri
2629 4650 2786 4722 pedis
2815 4653 3154 4717 extremitas,
3199 4660 3254 4707 et
3299 4653 3555 4709 sinistra.

1961 4756 2157 4796 manus
2179 4780 2192 4806 ,
2219 4739 2274 4793 in
2307 4755 2416 4809 qua
2439 4738 2615 4809 Capra
2645 4747 2856 4796 suntet
2895 4740 3071 4809 Haedi,
3104 4741 3221 4798 Ceti
3252 4745 3436 4798 cervix
3471 4755 3524 4798 et

1952 4831 2156 4888 ‘cauda.
2219 4831 2433 4888 Occidit
2487 4833 2872 4906 Arctophylax.
2914 4849 3050 4892 cum
3107 4835 3311 4891 Arietis
3371 4842 3526 4906 parte

2002 4939 2157 4979 rima.

2002 4939 2157 4979 rima.

1962 4939 1998 4994 Ρ
2031 5015 2167 5071 Cum
2220 5013 2462 5072 Geminis
2503 5017 2679 5073 oritur
2728 5017 2929 5074 ﬂuvius
2972 5018 3276 5085 Eridanus,
3337 5017 3536 5086 Ceius,

1962 5107 2152 5167 Orion.
2183 5108 2397 5164 Occidit
2418 5107 2738 5180 Ophiuchus
2775 5111 3222 5182 genibustenus-

2031 5286 2162 5345 Haec
2181 5287 2294 5344 fere
2326 5295 2458 5344 sunt
2485 5303 2606 5358 qua:
2635 5288 2702 5343 ad
2728 5287 2918 5343 rudem
2952 5285 3398 5342 informationem
3452 5286 3520 5342 de

1962 5378 2173 5448 sphaera
2201 5379 2432 5446 dicenda
2464 5379 2704 5436 fuerunt.
2748 5377 2883 5436 Illud
2913 5394 3256 5450 consequens
3279 5386 3383 5444 est,
3420 5386 3527 5434 ter-

1960 5485 2079 5524 ram
2127 5470 2364 5524 rotunda
2393 5478 2648 5526 constare
2691 5469 2886 5534 forma,
2937 5485 3100 5540 quam
3140 5469 3349 5525 medius
3401 5485 3527 5538 per-

1960 5561 2159 5616 transit
2197 5562 2338 5627 axis,
2388 5569 2443 5617 et
2481 5578 2599 5617 eam
2657 5562 2986 5618 immobilem
3042 5569 3258 5617 coercet
3300 5580 3312 5615 :
3367 5561 3527 5632 cujus

1961 5661 2200 5708 extrema
2229 5670 2326 5724 per
2355 5663 2644 5726 utrumque
2674 5656 2876 5725 polum,
2903 5653 3171 5709 borealem
3202 5653 3525 5709 australem-

1965 5761 2071 5817 que
2100 5745 2329 5817 trajecta
2365 5753 2510 5802 sunt.
