3950 6266
412 364 553 421 1145

416 585 533 631 tota
565 574 814 637 sublimis
837 577 957 635 est,
996 567 1390 629 inhabitabilis,
1422 567 1718 637 frigoribus
1757 563 1976 631 infesta,

308 679 319 692 ‘
421 666 753 736 Saturnique
781 663 1035 735 propria;
1063 661 1273 724 azstiva,
1302 658 1459 728 cujus
1495 672 1625 728 pars
1658 672 1823 727 supra
1851 652 1985 712 tera

417 775 537 816 ram
593 756 771 827 major
825 753 1049 819 eminet,
1097 752 1277 806 minor
1316 749 1419 805 sub
1463 759 1609 805 terra
1639 749 1980 820 deprimitur.

419 851 499 906 Ea
523 857 608 908 est
641 846 953 903 habitabilis
988 843 1359 914 undiquaque,
1401 849 1722 912 temperata,
1751 839 1870 896 ,Ιονί
1901 840 1987 896 di-

421 950 577 1007 cata;
604 937 1021 1011 aequinoctialis,
1040 935 1197 1004 cujus
1217 950 1344 1006 pars
1371 933 1597 1004 aequalis
1624 931 1763 986 infra
1793 912 1997 1001 supra;

422 1046 528 1102 que
570 1038 773 1086 terram
822 1033 1025 1089 exstat,
1069 1032 1282 1087 exusta,
1331 1022 1491 1077 Marti
1526 1022 1860 1092 peculiaris;
1902 1021 1989 1076 hi‘

422 1125 612 1188 berna,
667 1121 826 1191 cujus
860 1117 1034 1188 major
1078 1116 1182 1172 sub
1210 1124 1355 1170 terra
1399 1130 1553 1186 pars,
1586 1129 1754 1185 supra
1781 1121 1987 1170 terram

420 1217 602 1271 minor
646 1212 881 1275 exsistit,
910 1211 963 1264 in
996 1208 1181 1263 orbem
1230 1208 1507 1275 habitata;
1538 1212 1859 1276 temperata,
1901 1220 1992 1262 sa-

422 1322 519 1362 cra
552 1305 748 1362 Veneri
779 1322 794 1367 ;
823 1302 1079 1357 australis
1119 1315 1230 1356 non
1266 1314 1558 1371 apparens,
1586 1298 1807 1363 alsiosa,
1833 1297 1994 1355 inho-

425 1401 590 1472 spita,
623 1395 892 1453 Mercurio
923 1394 1122 1450 dicata.

493 1493 711 1547 Arctica
754 1503 891 1544 zona
945 1493 1162 1542 constat
1201 1485 1477 1556 scrupulis
1536 1484 1892 1557 scxagesimis
1921 1482 1992 1551 6;

424 1581 821 1654 aequinoctialis
881 1578 915 1635 8
956 1597 970 1634 :
1019 1578 1183 1633 habet
1214 1577 1284 1632 ab
1311 1584 1540 1646 utraque
1568 1585 1720 1650 parte
1747 1575 1993 1646 aequino-

427 1676 603 1732 ctialis
642 1672 874 1737 circuli;
902 1670 993 1725 hic
1030 1668 1176 1725 enim
1204 1667 1434 1723 mediam
1483 1668 1655 1738 ipsam
1680 1665 1872 1721 dividit
1900 1679 1998 1735 per

427 1775 595 1821 totam
631 1765 933 1834 sphaeram;
968 1761 1157 1818 aestiva
1190 1760 1445 1831 scrupula
1484 1759 1518 1815 5
1543 1759 1786 1826 obtinet;
1816 1765 1999 1811 antar-

1424 354 1516 409 AD
1554 353 1823 411 EUSEBII
1857 341 2250 408 CHRONICON
2289 336 2651 396 APPENDIX.

487 482 649 538 Zona!
677 487 805 536 sunt
836 478 891 533 in
924 492 988 533 ea
1018 477 1261 547 quinque
1287 493 1303 531 :
1349 473 1816 547 septentrionalis,
1863 486 1982 542 quae
2010 471 2061 530 Δ

3506 321 3648 379 ll“

2156 464 2313 533 Ἔχει
2364 460 2425 513 δὲ
2457 455 2633 524 ζώνας
2676 459 2751 508 ε’·
2799 448 3008 524 βόρειόν
3049 465 3111 502 τε
3161 445 3289 517 ὅλην
3338 441 3646 516 μετέωρον,

2087 555 2372 626 ἀοίκητον,
2438 544 2885 618 κατεψυγμένην·
2934 539 3144 613 Κρόνου
3163 576 3180 603 ,
3227 534 3444 608 θερινὴν

2087 624 2316 719 ἔχουσαν
2335 643 2395 698 τὸ
2425 642 2570 714 ὑπὲρ
2599 640 2723 712 γῆν,
2751 631 2916 708 ἧσσον
2939 634 2998 688 δὲ
3022 631 3086 685 τὸ
3111 629 3216 684 ὑπὸ
3238 628 3365 719 γῆν,
3388 624 3648 719 κυκλόθεν

2083 715 2395 808 οίκησίμην,
2424 731 2706 803 εὔκρατον,
2733 725 2879 790 Διός·
2908 720 3249 795 ίσημερινὴν,
3282 718 3397 771 ῐσον
3425 715 3648 808 ἔχουσαν

2083 829 2147 883 τὸ
2320 826 2447 897 γῆν,
2478 825 2595 878 ἴσον
2642 822 2698 875 δέ
2725 819 2788 873 τὸ
2825 816 2965 888 ὑπὲρ
3014 812 3152 884 γῆν,
3182 806 3645 897 διακεκαυμένην,

2089 920 2321 991 Ἄρεως·
2334 891 2680 989 χειμερινὴν,
2698 910 2856 963 πλέον
2877 907 3103 978 ἔχουσαν
3126 901 3187 956 τὸ
3209 900 3315 954 ὑπὸ
3334 898 3461 991 γῆν,
3487 891 3650 969 ἧσσον

2086 987 2243 1063 δὲ’τὸ
2292 987 2435 1081 ὑπὲρ
2482 1005 2625 1074 γῆν,
2678 998 2937 1056 κυκλόθεν
2978 992 3320 1066 ᾠκισμένηνο
3352 987 3648 1081 εὔκρατον,

2101 1078 2440 1169 Ἀφροδίτης’
2470 1096 2663 1160 νότιον,
2692 1091 2895 1162 ἀφανῆ,
2918 1082 3355 1156 κατεψυγμένην.
3381 1078 3649 1148 ἀοίκητον,

2101 1189 2327 1262 Ἑρμοῦ.

2178 1490 2243 1544 Ἦ
2272 1489 2370 1561 μὲν
2403 1481 2496 1542 οὖν
2531 1482 2766 1558 ἀρκτικὴ
2793 1479 2934 1552 ζώνη
2983 1478 3096 1549 ἔχει
3135 1472 3402 1546 ἑξηκοστά
3432 1470 3508 1537 ς’,
3535 1473 3570 1541 ἡ
3603 1469 3657 1524 δέ

2097 1579 2385 1652 ίσημερινὴ
2412 1584 2483 1651 η’,
2507 1574 2568 1642 ἐξ
2603 1574 2862 1646 ἐκατέρου
2890 1570 3053 1644 μέρος
3094 1568 3187 1622 τοῦ
3219 1563 3536 1638 ίσημερινοῦ
3570 1562 3660 1634 μέ-

2100 1688 2227 1744 ρους
2253 1670 2532 1725 τεθεικότα
2551 1685 2565 1703 ·
2596 1659 2751 1731 οὗτος
2775 1664 2883 1735 γὰρ
2912 1661 3083 1734 μέσην
3121 1657 3288 1730 αὐτὴν
3308 1657 3495 1727 τέμνει
3525 1652 3662 1744 κατὰ

2098 1743 2197 1835 τὴν
2257 1762 2385 1833 ὅλην
2433 1762 2704 1832 σφαῖρανο
2761 1758 2796 1828 ή
2842 1755 2899 1808 δὲ
2946 1751 3133 1824 θερινὴ
3186 1748 3454 1821 ἑξηκοστά
3508 1743 3581 1799 ε”
3627 1746 3664 1816 ἡ

427 1859 568 1912 ctica
611 1855 665 1911 6.
707 1854 895 1925 itaque
947 1853 1198 1923 superior
1248 1852 1485 1918 ambitus
1525 1858 1686 1905 terra;
1740 1848 2035 1940 scrupula1

2119 1852 2431 1926 ὶνταρκτικὴ
2452 1848 2718 1922 ἑξηκοστά
2748 1854 2822 1912 ς¹’
2839 1846 2982 1900 ὥστε
3009 1839 3148 1897 εἶναι
3161 1842 3261 1912 τῆς
3278 1841 3381 1911 γῆς
3398 1840 3497 1909 τὴν
3515 1835 3666 1908 περίο

429 1948 637 2019 colligit
674 1948 922 2015 tricena;
963 1945 1188 2001 totidem
1236 1944 1484 2000 inferior.
1513 1941 1687 1999 Totus
1719 1956 1848 2014 ergo
1878 1957 1996 1996 am-

429 2042 579 2097 bitus
608 2042 891 2111 sexaginta
911 2039 1185 2110 scrupulis
1217 2047 1455 2096 constat.
1486 2037 1838 2110 Sexagesimo
1882 2035 2003 2092 cui-

431 2148 539 2204 que
563 2132 821 2202 scrupulo
849 2131 1150 2186 stadiorum
1167 2129 1333 2195 4,200
1359 2136 1693 2200 competunt.
1719 2126 1999 2200 Colligun—

432 2232 526 2280 tur
545 2222 841 2281 stadiorum
875 2224 929 2277 in
954 2230 1067 2278 tota
1105 2230 1252 2276 terra
1270 2220 1528 2286 250,000.

723 2337 801 2392 De
839 2337 906 2390 iis
950 2352 1065 2406 quw
1103 2336 1158 2390 in
1188 2334 1405 2390 sublimi
1434 2339 1744 2390 cernuntur.

509 2448 599 2506 Ill.
639 2449 718 2504 Ex
758 2449 914 2520 aquis
959 2463 1081 2519 qua:
1134 2446 1191 2501 in
1223 2453 1375 2502 terra
1423 2454 1571 2512 sunt,
1627 2443 2006 2500 exbalationes

437 2541 570 2598 oriri
621 2541 880 2596 dicuntur
913 2558 929 2594 :
970 2552 1203 2609 quarum
1244 2537 1413 2592 altera
1453 2542 1538 2592 est
1566 2534 1793 2590 humida
1823 2540 1877 2590 et
1907 2549 2006 2589 va-

438 2634 602 2710 pida;
640 2634 809 2688 altera
851 2631 1000 2688 sicca
1035 2638 1088 2686 et
1127 2628 1356 2685 fumida.
1407 2626 1566 2682 Prior
1624 2626 1911 2687 abundans
1955 2631 2009 2681 et

441 2737 654 2793 coacta,
702 2725 916 2782 nubes:
949 2730 1176 2790 mutata,
1233 2721 1448 2793 pluvias
1482 2727 1536 2775 et
1568 2719 1774 2776 imbres
1825 2717 2007 2786 efﬁcit,

440 2835 507 2876 ac
549 2825 763 2880 ventos,
817 2816 911 2888 qui
942 2824 1140 2871 natura
1177 2828 1277 2871 sua
1327 2812 1569 2870 indidem
1605 2812 1881 2866 oriuntur.
1915 2809 2012 2865 Est

442 2917 622 2963 autem
655 2907 850 2963 nebula
884 2906 1058 2961 nubes
1102 2918 1366 2974 aquarum
1399 2902 1629 2968 sterilis,
1667 2901 1785 2958 sive
1810 2899 2011 2970 vapida

444 2999 738 3055 exhalatio.
770 2997 987 3066 Caligo,
1034 3004 1151 3051 atra
1198 2995 1372 3051 nubes
1399 3003 1454 3050 et
1502 2995 1684 3064 plena.
1733 2991 2012 3048 Serenitas

446 3108 541 3147 aer
578 3092 798 3145 innubis
852 3099 907 3145 et
950 3088 1214 3159 liquidus.
1271 3086 1617 3149 Obscuritas,
1651 3084 1794 3140 aeris
1826 3082 2012 3138 densi-

444 3190 533 3239 tas
558 3182 938 3251 incomposita.
969 3179 1179 3251 Κνηκίς
1210 3187 1297 3235 est
1328 3180 1503 3233 nubes
1536 3175 1882 3240 tenuissima,
1910 3173 2014 3227 hu-

447 3288 601 3329 more
656 3288 850 3328 vacua.
880 3272 991 3328 Bos
1043 3281 1132 3328 est
1191 3272 1389 3326 humor
1427 3268 1640 3340 puriori
1670 3269 1914 3336 allapsus
1944 3282 2012 3321 ex

447 3363 667 3426 aethere,
711 3379 778 3417 ex
826 3363 976 3417 tenui
1016 3362 1245 3418 materia
1277 3361 1614 3417 consistens.
1660 3356 1818 3413 Stilla
1875 3371 2017 3427 aqua

447 3464 534 3512 est
566 3456 877 3511 minutatim
910 3457 964 3511 in
994 3464 1170 3512 terras
1208 3455 1477 3511 irrorans.
1520 3452 1712 3506 Pluvia
1746 3457 1831 3506 est
1865 3450 2018 3505 stilla

450 3548 690 3612 densior,
721 3555 775 3603 et
799 3549 967 3619 jugis.
1000 3547 1200 3613 lmber,
1231 3548 1442 3618 exiguae
1470 3545 1825 3601 collectiones
1842 3557 2022 3619 aqua-

451 3655 573 3694 rum
593 3656 624 3696 e
646 3641 791 3696 nube
820 3640 1125 3696 mutatione
1156 3640 1332 3694 factae.
1365 3639 1583 3694 Glacies
1607 3645 1688 3694 est
1718 3651 1859 3704 aqua
1888 3649 2021 3688 con-

451 3736 623 3783 creta.
646 3729 872 3794 Pruina,
891 3744 985 3784 ros
1005 3745 1115 3785 non
1141 3731 1356 3799 penitus
1384 3736 1724 3797 compactus.
1749 3724 1872 3786 Nix,
1898 3724 2021 3792 plu-

450 3820 664 3873 viarum
692 3820 837 3875 stilla
871 3822 925 3874 in
962 3820 1108 3875 nube
1137 3830 1414 3875 concreta.
1466 3818 1646 3887 Νιφάς
1674 3825 1759 3871 est
1796 3817 1890 3870 nix
1933 3823 2019 3869 te-

452 3915 635 3969 nuiter
656 3914 877 3969 cadens.
912 3912 1152 3979 Grando,
1180 3911 1354 3968 imber
1381 3921 1466 3967 est
1496 3916 1809 3965 concretus.

529 4088 688 4146 Sicca
710 4096 889 4143 autem
918 4086 1190 4142 exhalatio
1225 4101 1348 4141 cum
1386 4101 1417 4139 a
1448 4084 1651 4155 frigore
1675 4082 2020 4154 propellitur,

457 4189 650 4239 ventos
679 4181 862 4236 ellicit.
908 4178 1160 4235 lncidens
1198 4178 1387 4233 eadem
1425 4185 1481 4231 et
1529 4174 1863 4230 inflammata
1913 4174 2023 4230 ful-

455 4275 606 4330 mina
644 4271 846 4344 gignit;
894 4270 1111 4341 quando
1144 4268 1433 4324 confertim
1464 4267 1723 4335 erumpit,
1778 4265 2024 4320 nondum

458 4380 689 4423 accensa
737 4364 992 4435 penitus,
1028 4362 1278 4417 turbines
1326 4361 1534 4431 igneos,
1596 4365 1652 4412 at
1678 4358 1832 4412 nullo
1861 4356 2025 4412 modo

459 4472 745 4520 succensa,
774 4456 1059 4526 typhones.
1088 4453 1224 4509 Cum
1258 4463 1343 4509 est
1371 4451 1624 4516 solutior,
1647 4448 1919 4519 ecnephias
1944 4447 2025 4503 fa-

2097 1964 2242 2018 γειον
2264 1948 2287 1977 ⁸
2304 1942 2606 2017 ἐξηκοστῶν
2629 1942 2673 1995 λ’
2694 1957 2707 1971 ο
2726 1938 2925 2011 ὁμοίως
2954 1937 3011 1990 δὲ
3035 1936 3129 1989 καὶ
3153 1935 3216 1988 τὸ
3234 1932 3339 1987 ὑπὸ
3362 1931 3465 2002 γῆν
3481 1928 3669 2018 ἑξηκοο

2101 2016 2238 2091 στῶν
2262 2036 2305 2089 λ’
2325 2052 2341 2068 ·
2371 2016 2616 2105 γίνεσθαι
2643 2029 2735 2086 οὖν
2749 2029 2878 2101 ὃλην
2900 2028 2999 2100 τὴν
3026 2027 3131 2095 γῆν
3151 2020 3455 2094 ἐξηκοστῶν
3481 2019 3543 2084 ξ’.
3575 2016 3671 2070 A6—

2099 2145 2256 2184 ναται
2275 2127 2333 2182 δέ
2355 2126 2441 2197 ἔχε
2451 2142 2496 2180 ιν
2523 2124 2584 2178 τὸ
2600 2120 2888 2194 ἑξηκοστὸν
2920 2118 3163 2180 σταδίους
3189 2115 3276 2179 ,δσ¹
3296 2131 3309 2143 ·
3342 2110 3670 2179 συνάγεσθαι

2100 2217 2192 2277 οὖν
2212 2221 2304 2276 ἐπὶ
2324 2219 2386 2272 τὺ
2414 2217 2544 2273 αὐτὸ
2564 2218 2618 2272 αἱ
2640 2216 2737 2287 τῆς
2764 2213 2890 2284 ὅλης
2920 2208 3147 2264 σταδίων
3176 2206 3282 2278 μοί.
3308 2207 3330 2238 ⁵
3354 2211 3402 2259 κ’
3426 2204 3524 2257 καὶ
3548 2209 3609 2256 ε’.

2623 2323 2764 2394 Περὶ
2795 2319 3153 2393 μεταρσίων.

2174 2445 2251 2498 Γ’.
2279 2443 2523 2498 Γίνονται
2551 2433 2663 2505 οὖν,
2695 2437 2877 2511 φησὶν,
2906 2431 3299 2504 ἀναθυμιάσεις
3324 2429 3390 2482 ἐκ
3415 2427 3525 2481 τῶν
3556 2426 3679 2480 ὑδά-

2104 2554 2214 2591 των
2242 2535 2341 2607 τῆς
2381 2534 2510 2603 γῆς,
2539 2534 2573 2603 ἡ
2615 2531 2712 2603 μὲν
2747 2527 2891 2600 ὑγρά
2936 2525 3032 2580 καὶ
3078 2521 3353 2593 ἀτμώδης,
3383 2521 3418 2590 η
3450 2519 3510 2571 δὲ
3543 2517 3679 2587 ξηρά

2108 2627 2202 2680 καὶ
2235 2623 2545 2692 καπνώδης.
2586 2620 2697 2674 Καὶ
2737 2619 2772 2691 ἡ
2823 2613 3191 2678 πλεονάζουσα
3220 2608 3364 2682 ὑγρὰ
3407 2608 3506 2661 καὶ
3555 2623 3680 2659 συν-

2111 2714 2371 2786 ισταμένη
2403 2713 2541 2782 νέφη
2593 2711 2768 2771 ποιεῖ,
2822 2706 2919 2761 καὶ
2964 2702 3105 2759 κατὰ
3150 2698 3450 2774 μεταϐολὴν
3496 2698 3683 2759 ὑετοὺς

2110 2805 2206 2858 καὶ
2229 2803 2490 2875 ὄμϐρους,
2526 2800 2621 2853 κσά¹
2651 2797 2957 2868 πνεύματα,
2985 2796 3085 2849 ὃσα.
3112 2796 3177 2848 ἐκ
3210 2792 3415 2847 τούτων
3448 2789 3678 2858 γίνεται.

2114 2896 2270 2948 Ἔστι
2316 2892 2374 2946 δέ
2414 2890 2615 2963 ὀμίχλη
2646 2889 2807 2958 νέφος
2845 2887 3037 2955 ἄγονον
3087 2882 3306 2945 ὓδατος,
3357 2880 3391 2950 ἢ
3425 2876 3682 2949 ἀτμὼδης

2112 2985 2495 3057 ἀναθυμίασις.
2537 2982 2709 3051 Ζόφος
2737 2980 2796 3033 δὲ
2834 2978 2993 3047 νέφος
3031 2975 3194 3047 μέλαν
3242 2991 3303 3026 τε
3340 2973 3437 3026 xui.
3476 2970 3683 3040 πεπλη-

2118 3078 2379 3153 ρωμένον.
2428 3072 2625 3146 Αἰθρία
2661 3069 2720 3124 δὲ
2769 3069 2878 3141 ἀὴρ
2921 3066 3177 3136 ἀνέφελος
3228 3064 3323 3117 καὶ
3370 3060 3678 3132 ἀνόμιχλος.

2128 3170 2320 3242 Ἀχλὺς
2350 3168 2408 3221 δὲ
2434 3165 2606 3236 πάχος
2638 3162 2799 3233 ἀέρος
2826 3158 3146 3215 ἀσύστατον.
3174 3155 3382 3224 Κνηκὶς
3406 3153 3464 3206 δὲ
3490 3151 3680 3221 νεφέλη

2115 3241 2439 3328 λεπτοτάτη,
2475 3252 2606 3325 κενὴ
2639 3251 2847 3315 ὓδατος.
2878 3248 3075 3321 Δρόσος
3097 3246 3155 3299 δέ
3187 3245 3352 3316 ὑγρὸν
3385 3243 3443 3309 ἐξ
3474 3241 3684 3312 αἰθέρος

2119 3350 2330 3423 αἰθρίου
2385 3344 2528 3401 κατά
2585 3342 2842 3397 σύστασιν
2889 3339 3113 3411 λεπτὴν.
3177 3335 3374 3398 Ψακάς
3425 3334 3485 3387 δὲ
3545 3332 3684 3404 ὕδωρ

2118 3421 2329 3502 λεπτῶς
2372 3434 2779 3503 διεστιασμένον
2824 3446 2884 3482 τε
2940 3427 3033 3481 ἐπὶ
3069 3428 3169 3497 τῆς
3216 3425 3339 3494 γῆς.
3395 3422 3582 3485 ’Υετὸς
3632 3421 3686 3473 δὲ

2118 3531 2300 3601 ψακὰς
2323 3526 2461 3599 ἁδρὰ
2488 3524 2584 3579 καὶ
2627 3521 2877 3598 συνεχής.
2906 3517 3152 3590 Ὄμϐρος
3180 3516 3235 3568 δὲ
3274 3514 3445 3586 μικρά
3487 3513 3686 3582 συστή-

2125 3639 2271 3696 ματα
2300 3620 2490 3681 ὓδατος
2530 3616 2595 3670 ἐκ
2623 3615 2817 3681 νέφους
2859 3609 3001 3664 κατά
3046 3607 3373 3680 μεταϐολήν.
3417 3605 3602 3671 Πάγος
3633 3603 3684 3656 δέ

2121 3714 2271 3767 ἐστιν
2301 3711 2445 3781 ὕδωρ
2496 3704 2764 3776 πεπηγός.
2800 3703 2988 3775 Πάχνη
3036 3701 3093 3755 δὲ
3146 3697 3432 3771 ἡμιπαγὴς
3478 3697 3683 3767 δρόσος.

2121 3804 2269 3859 Χιὼν
2301 3803 2357 3857 δὲ
2387 3799 2557 3854 ὑετῶν
2596 3796 2779 3868 ψακὰς
2806 3797 2865 3849 ἐν
2900 3795 3051 3862 νέφει
3087 3791 3379 3861 πεπηγότι.
3416 3786 3597 3856 Νιφάς
3635 3785 3688 3838 δέ

2122 3898 2239 3949 ἐστι
2268 3892 2403 3966 χιὼν
2431 3891 2704 3946 πίπτουσα
2725 3887 2958 3950 λεπτῶς.
2981 3884 3205 3949 Χάλαζα
3225 3883 3282 3935 δέ
3311 3885 3457 3936 ἐστιν
3489 3879 3686 3951 δμδρος

2125 3985 2410 4059 πεπηγώς.

2204 4082 2270 4135 Ἠ
2299 4080 2357 4133 δὲ
2389 4076 2530 4150 ξηρά
2548 4072 2909 4145 ἀναθυμίασις
2933 4072 2998 4123 ἐκ
3017 4068 3111 4124 τοῦ
3134 4067 3239 4121 ὑπὸ
3250 4066 3458 4137 ψύχους
3476 4063 3498 4095 ⁸
3524 4061 3689 4133 μενώ-

2126 4174 2272 4236 σθεις
2299 4171 2532 4242 ἀνέμους
2562 4168 2806 4239 ἐμποιεῖ·
2839 4163 3188 4234 ἐμπίπτουσα
3215 4158 3274 4212 δέ
3308 4157 3405 4211 καὶ
3432 4156 3688 4224 διάπυρος

2125 4263 2409 4337 γινομένη,
2443 4258 2770 4332 κεραυνούς·
2804 4255 2977 4327 ἀθρόα
3004 4253 3061 4306 δὲ
3102 4250 3399 4323 φερομένη,
3423 4247 3691 4317 ήμίπυρος

2126 4356 2279 4427 οὖσα,
2309 4358 2659 4432 πρηστῆρας-
2698 4354 2772 4426 μὴ
2794 4348 3164 4423 πεπυρωμένη
3190 4346 3246 4398 δέ
3273 4360 3390 4405 πως
3413 4340 3687 4432 τυφῶναςξ

2129 4431 2387 4526 ἀνειμένη
2420 4453 2477 4507 δὲ
2507 4453 2543 4523 ἡ
2566 4450 2704 4520 αὐτὴ
2730 4445 2985 4515 ἐκνεφίας
3022 4442 3183 4496 ποιεῖ.
3208 4434 3488 4526 Κεραυνὸς
3506 4433 3580 4526 ᾐδὲ
3604 4431 3691 4484 καὶ

460 4548 554 4601 cit.
578 4524 846 4601 Caeterum
879 4543 1106 4610 fulmen,
1133 4551 1363 4614 prester,
1384 4552 1440 4598 et
1468 4542 1673 4614 typhon
1700 4539 2024 4594 incumbens

2131 4524 2408 4619 πρηστὴρ,
2431 4544 2525 4598 καὶ
2544 4541 2728 4611 τυφὼς
2756 4533 3114 4605 κατασκήψας
3140 4532 3169 4585 ό
3193 4527 3445 4619 σκηπτέςΔ
3458 4524 3689 4619 λέγεται.

462 4637 702 4709 σκηπτὸς
748 4636 970 4691 dicitur.
1028 4633 1155 4691 Haec
1201 4634 1392 4705 paucis
1446 4649 1510 4689 ac
1537 4631 1862 4702 compendio
1901 4644 2027 4699 per-

464 4732 755 4788 strinxisse
818 4724 1116 4794 sufliciat.;‘
1140 4726 1298 4781 Nunc
1365 4725 1435 4780 ad
1498 4724 1784 4794 sequentia
1834 4736 2027 4793 perge-

462 4838 604 4880 ῐηυε.

1060 4926 1139 4982 De
1175 4925 1393 4982 mundo.

534 5047 622 5105 IV.
658 5046 891 5103 Mundus
915 5052 998 5109 est
1019 5058 1307 5113 compages
1327 5058 1395 5097 ex
1421 5042 1561 5097 caelo
1580 5047 1850 5107 terraque,
1874 5046 1927 5093 et
1958 5036 2027 5092 iis

465 5141 677 5196 naturis
709 5146 1104 5209 coagmentata,
1131 5151 1251 5205 quae
1278 5142 1510 5204 utroque
1538 5129 2028 5187 continentur.Ca:-

467 5233 578 5287 lum
618 5239 702 5286 est
727 5230 779 5283 id
806 5228 951 5300 quod
985 5227 1168 5282 omnia
1201 5239 1321 5293 quae
1354 5232 1501 5288 sunt,
1537 5233 1731 5294 praeter
1763 5223 2025 5291 seipsum,

469 5323 866 5393 complectitur.
905 5319 1098 5376 Ether
1126 5326 1211 5374 est
1240 5318 1558 5373 tenuissima
1589 5315 1906 5371 substantia:
1930 5314 2033 5369 dif-

473 5415 634 5479 fusio,
688 5421 881 5485 snapte
932 5419 1131 5467 natura
1172 5410 1349 5465 calida
1377 5414 1432 5465 et
1477 5407 1796 5478 splendida;
1831 5421 1895 5460 ac
1916 5405 2032 5476 pri-

474 5504 705 5574 migenia
738 5512 848 5568 lux,
878 5519 1055 5574 neque
1096 5503 1165 5557 ab
1210 5502 1379 5556 altera
1404 5499 1748 5570 participata.
1803 5497 1909 5551 Aer
1949 5504 2035 5551 est

475 5596 779 5651 substantia
804 5595 938 5651 levis
960 5604 1013 5650 et
1044 5594 1363 5665 caliginosa,
1406 5606 1527 5662 quae
1574 5589 2032 5646 communicatum

549 5748 626 5814 ‘f
666 5747 971 5814 ὑπέργειον.
1062 5750 1082 5780 ⁵
1108 5749 1151 5811 [ἒ.
1187 5745 1462 5819 μυριάδες.

2133 4611 2381 4691 Τοσαῦτα
2435 4634 2533 4705 μὲν
2569 4629 2789 4703 ἀρκέσει
2833 4627 2908 4689 ὡς
2951 4625 3009 4677 ἐν
3049 4620 3283 4689 ἐπιτομῇ
3328 4615 3459 4686 περὶ
3493 4611 3692 4666 τούτων

2138 4727 2422 4801 εἰρῆσθαιο
2452 4725 2581 4795 ἐξῆς
2611 4723 2668 4777 δὲ
2696 4721 2765 4776 τὰ
2795 4715 3064 4776 ἀκόλουθα
3088 4711 3294 4767 τούτων
3318 4707 3575 4780 ἐροῦμεν.

2699 4916 2838 4986 Περὶ
2884 4915 3136 4984 κόσμου.

2204 5042 2278 5095 Δ’.
2315 5029 2534 5110 Κόσμος
2572 5035 2691 5089 ἐστὶ
2731 5033 2982 5103 σύστημα
3030 5023 3258 5098 οὐρανοῦ
3300 5023 3394 5077 καὶ
3446 5020 3574 5090 γῆς,
3610 5017 3694 5071 καὶ

2132 5135 2243 5189 τῶν
2295 5136 2352 5186 ἐν
2393 5131 2604 5193 τούτοις
2654 5127 2886 5198 φύσεων,
2940 5121 3178 5193 Οὐρανὸς
3225 5117 3282 5172 δὲ
3329 5116 3391 5168 τὸ
3450 5112 3693 5183 περιέχον

2134 5226 2314 5280 πάντα
2346 5223 2414 5277 τὰ
2438 5221 2586 5282 ὅντα,
2622 5217 2758 5287 πλὴν
2803 5212 2989 5267 αὑτοῦ.
3022 5209 3194 5280 Αἰθὴρ
3221 5208 3277 5260 δέ
3325 5202 3515 5266 οὐσίας
3550 5200 3692 5272 χύμα

2131 5316 2194 5371 τὸ
2221 5314 2568 5374 λεπτότατον,
2601 5307 2801 5380 θερμὸν
2827 5306 2985 5375 φύσει
3015 5302 3109 5355 καὶ
3138 5296 3390 5369 λαμπρόν
3409 5314 3423 5326 ’
3452 5294 3516 5346 τὸ
3550 5289 3678 5366 πρῶ-

2133 5421 2226 5457 τον
2264 5403 2401 5472 φῶς,
2446 5400 2541 5455 καὶ
2594 5399 2667 5469 μὴ
2712 5393 2853 5450 κατά
2890 5392 3120 5464 μετοχὴν
3169 5388 3354 5459 ἐτέρου
3393 5380 3696 5472 γινόμενον.

2147 5467 2288 5563 Ἀὴρί
2308 5491 2366 5544 δὲ
2391 5488 2546 5543 οὐσία
2572 5467 2772 5555 κοόφη,
2803 5480 3026 5553 ζοφερά,
3056 5478 3197 5533 κατά
3220 5473 3450 5547 μετοχὴν
3473 5472 3528 5524 δὲ

2140 5561 2354 5655 μενοντ.
2393 5582 2459 5634 Ἦ
2512 5579 2575 5633 δέ
2617 5576 2795 5649 θερμὴ
2839 5575 2935 5628 καὶ
2964 5569 3199 5641 φωτεινὴ
3227 5567 3363 5621 θεῶν
3403 5564 3465 5629 ἐξ
3488 5561 3692 5631 αἰθέρος

1553 5746 1573 5776 ⁵
1597 5744 1636 5813 f.
1648 5744 1749 5815 μὲν
1770 5741 2026 5797 ὠσθεῖσα.
2080 5740 2126 5815 ,τ
2151 5737 2254 5793 Hic
2282 5738 2427 5792 locus
2453 5736 2770 5804 deprauatus
2798 5741 2846 5785 et
2876 5732 3111 5785 mutilus.
