3950 6266
322 341 462 396 1145

323 556 516 608 στάσιν
551 554 692 624 ἔχον,
745 555 858 609 ἀλλ’
905 557 993 610 ἀεὶ
1045 559 1319 630 φερομένη
1355 557 1557 629 κύκλῳ.
1592 559 1797 623 Πόλος⁸
1831 560 1890 613 δὲ

321 646 612 700 καλοῦνται
636 647 683 698 οἱ
713 646 852 699 κατά
880 649 1123 720 κορυφὴν
1145 649 1300 703 τόποι
1325 650 1426 720 τῆς
1453 649 1688 720 σφαίρας
1707 668 1720 680 ·
1748 643 1897 716 ἄξων

316 737 379 790 δὲ
411 737 472 789 τὸ
522 736 608 790 διὰ
639 737 800 807 μέσον
835 739 934 808 τῆς
982 740 1214 812 σφαίρας
1256 741 1438 812 διῆκον
1466 740 1715 812 πνεῦμα·
1753 743 1890 815 ὅπερ

317 830 470 883 ἐστὶν
501 829 684 882 εὐθεῖά
708 847 812 894 τις.
837 831 1040 885 Κύκλοι
1063 833 1119 886 δὲ
1147 833 1396 902 λέγονται
1424 833 1483 887 ἐν
1514 832 1595 904 τῷ
1636 834 1850 906 οὐρανῷ
1870 852 1884 867 ο

318 919 490 984 ζῶναι
516 921 574 974 δὲ
594 921 688 975 ἐπὶ
715 923 814 992 τῆς
841 923 943 994 γῆς
965 940 978 954 ·
1012 924 1259 996 κόλουροι
1289 925 1344 978 δέ
1367 925 1503 978 εἰσιν
1533 931 1608 989 ς’.

389 1192 547 1254 υῦτοι
578 1201 635 1254 δὲ
662 1202 710 1254 οἱ
737 1201 1051 1271 ἀναγκαῖού
1072 1205 1101 1257 ὁ
1124 1205 1516 1277 μεσημϐρινὸς,
1541 1205 1636 1259 καὶ
1670 1204 1698 1258 ὁ
1726 1203 1819 1258 τοῦ
1842 1204 1890 1237 θ’

317 1291 484 1362 μέσον
528 1292 761 1362 τέμνων.
811 1294 1010 1365 Νοητο)⁸
1051 1296 1150 1367 μὲν
1197 1293 1290 1351 οὖν
1317 1293 1497 1352 οὗτοιτ
1546 1297 1800 1367 αἰσθητὸς
1831 1297 1888 1350 δὲ

314 1387 346 1436 ὁ
374 1384 656 1452 γαλαξίας.
697 1385 754 1438 '0
785 1386 998 1456 τέμνων
1025 1388 1119 1441 καὶ
1149 1389 1344 1460 ὁρίζων
1373 1389 1541 1443 ἐστίν.
1584 1388 1810 1460 Ὀρίζων
1831 1389 1888 1442 δὲ

313 1473 533 1543 λέγεται
567 1478 594 1528 ὁ
617 1475 822 1539 διιστὰς
842 1477 951 1530 τῶν
976 1479 1269 1549 ὁρωμένων
1307 1479 1376 1534 τὰ
1409 1479 1482 1550 μὴ
1507 1477 1758 1551 ὁρώμενα
1788 1477 1889 1548 τῆς

317 1566 556 1637 σφαίρας
576 1584 590 1598 ·
626 1568 718 1620 καὶ
752 1567 865 1622 ἔστι
885 1585 991 1623 των
1028 1569 1317 1638 μεγίστων.
1347 1571 1548 1640 Τέμνει
1581 1570 1636 1623 δὲ
1663 1569 1754 1624 τὸν
1783 1569 1890 1633 ζω-

313 1654 524 1718 διακὸν,
557 1658 650 1709 καὶ
679 1657 933 1726 τέμνεται
965 1658 1055 1711 ὑπ’
1096 1655 1280 1711 αὐτοῦ.
1323 1659 1472 1712 Ὄλοι
1498 1659 1543 1711 δ’
1570 1659 1676 1712 είσὶ
1700 1657 1890 1711 κύκλοι

313 1742 394 1809 ἒξ,
423 1744 471 1796 oi
500 1745 785 1815 τράνοντες
812 1749 834 1780 ⁸
859 1748 949 1800 καὶ
980 1746 1301 1818 διορίζοντες
1330 1747 1398 1800 τὰ
1422 1747 1883 1819 δωδεκατημόρια.

1373 345 1650 401 INCERTI
1675 347 1766 402 AD
1803 347 2011 404 ARATI
2034 349 2508 414 PHENOMENA.

324 462 656 531 συνεστηκός
677 478 691 492 ⁸
724 461 782 526 ὃς
808 462 882 515 ὢν
915 461 1169 535 λαμπρὸς
1206 467 1302 525 καὶ
1335 466 1608 538 πυρώδης,
1637 467 1889 521 οὐδέποτε

1999 471 2212 529 aliunde
2243 476 2515 544 calorem,
2559 492 2626 534 ac
2677 484 2856 540 lumen

3418 368 3554 428 ωδ

2980 525 2996 543 .
3047 502 3110 544 ex
3164 489 3362 546 mlhere
3404 507 3554 548 com-

1991 572 2210 634 pactum
2245 586 2258 622 :
2294 569 2386 638 qui
2436 585 2560 625 cum
2599 574 2916 643 splendidus
2948 577 3244 651 igneusque
3275 584 3367 650 sit,
3401 587 3554 642 nullo

1991 662 2232 724 tempore
2256 660 2617 729 conquiescit,
2659 665 2751 720 sed
2783 666 2838 719 in
2862 666 3048 722 orbem
3069 679 3329 741 perpetuo
3364 691 3552 732 move-

1989 749 2101 798 tur.
2138 744 2302 802 Polos
2331 750 2608 820 appellant
2642 753 2760 808 loca
2792 756 3038 825 quaedam
3070 760 3125 813 in
3167 762 3390 831 sphaarm
3432 783 3554 822 ver-

1989 833 2142 888 tice:
2178 850 2330 892 axem
2373 855 2522 906 vero,
2575 843 2827 913 spiritum
2882 848 2976 918 qui
3019 850 3287 920 sphaeram
3319 857 3552 912 mediam

1989 929 2258 998 pervadit,
2307 931 2413 988 hoc
2455 941 2542 991 est
2591 937 2788 994 lineam
2847 941 3002 1012 145
3034 952 3256 998 rectam.
3304 945 3553 1004 Circulos

1988 1019 2338 1079 nominamus
2370 1025 2426 1080 in
2475 1027 2616 1082 coelo
2648 1046 2662 1084 :
2712 1045 2880 1086 zonas
2909 1033 2965 1087 in
2990 1040 3155 1089 terra.
3209 1033 3395 1090 Coluri
3425 1046 3554 1093 sunt

1988 1122 2108 1166 88!.

2061 1199 2167 1258 Sed
2199 1203 2254 1259 hi
2285 1213 2414 1261 sunt
2461 1210 2698 1267 maxime
2726 1214 3022 1269 necessarii
3056 1234 3069 1269 :
3103 1217 3468 1285 meridianus;
3499 1227 3554 1274 et

1996 1293 2093 1365 qui
2128 1297 2365 1353 medium
2401 1310 2570 1356 secat.
2609 1302 2788 1373 Atque
2833 1305 2888 1359 bi
2936 1307 3154 1377 quidem
3196 1309 3554 1381 intelligentia

1990 1387 2128 1448 sola,
2187 1404 2296 1443 non
2350 1391 2532 1462 reipsa
2581 1398 2908 1451 consistunt.
2936 1401 3006 1453 At
3052 1398 3258 1456 lacteus
3310 1401 3553 1457 circulus

1989 1489 2156 1531 sensu
2219 1493 2435 1549 quoque
2493 1483 2812 1553 percipitur.
2858 1484 3028 1540 Porro
3081 1503 3240 1557 quem
3289 1489 3554 1544 circulum

1998 1583 2189 1624 secare
2215 1571 2451 1625 medium
2490 1573 2748 1640 diximus,
2790 1575 2930 1631 idem
2979 1585 3032 1632 et
3065 1578 3287 1633 horizon
3333 1579 3551 1634 dicitur.

1989 1658 2344 1716 Horizontem
2367 1679 2646 1725 vocamus.
2675 1668 2770 1737 qui
2801 1668 3028 1738 sphaerae
3056 1677 3239 1738 partes
3277 1685 3392 1735 eas,
3433 1687 3556 1743 qua:

1987 1749 2259 1816 videntur,
2310 1761 2525 1823 separat
2570 1756 2638 1810 ab
2694 1757 2762 1813 iis
2815 1773 2935 1827 qua:
2988 1759 3212 1815 minime
3258 1760 3552 1828 videntur;

311 1829 804 1904 Δωδεκατημόριον
839 1833 896 1886 δέ
927 1834 1073 1888 ἐστιν
1100 1835 1330 1889 ἕκαστον
1355 1835 1551 1908 τμῆμα
1578 1836 1687 1890 τῶν
1729 1838 1788 1890 ἐν
1814 1835 1889 1908 τῷ

1999 1841 2153 1912 isque
2185 1842 2328 1898 inter
2367 1845 2635 1902 maximos
2684 1859 3097 1915 annumeratur,
3129 1865 3324 1907 secans
3367 1852 3555 1906 zodia-

313 1916 582 1990 ζωδιακῷο

1988 1947 2137 1997 cum,
2171 1943 2225 1989 et
2257 1934 2500 1992 vicissim
2544 1938 2614 1993 ab
2658 1954 2725 1994 eo
2755 1948 2959 1998 sectus.
3015 1940 3155 1996 Sunt
3203 1949 3384 1998 autem
3431 1941 3559 1997 uni-

311 2027 468 2068 verse
491 2014 678 2070 circuli
709 2031 826 2082 sex,
855 2017 947 2087 qui
979 2017 1417 2075 dodecatemoria
1446 2019 1790 2092 distinguunt
1826 2033 1893 2076 ac
1927 2023 2312 2085 determinant.
2355 2029 2852 2088 Dodecatemorium
2881 2043 2966 2090 est
3021 2044 3356 2106 segmentum
3382 2033 3558 2106 quod-

312 2104 445 2159 libet
473 2121 660 2160 eorum
693 2123 810 2177 quae
831 2118 960 2163 sunt
991 2109 1046 2163 in
1075 2109 1323 2165 zodiaco.

635 2219 696 2272 Τί
730 2219 991 2289 διαφέρει
1036 2220 1265 2290 ἄστρον
1297 2221 1567 2290 ἀστέρος.

386 2330 460 2384 Ε’.
494 2331 748 2404 Διαφέρει
777 2332 833 2386 δὲ
868 2332 1068 2404 ἄστρον
1100 2334 1347 2406 ἀστέρος.
1381 2332 1452 2386 Τὸ
1485 2333 1584 2405 μὲν
1607 2346 1715 2404 γαρ
1740 2335 1890 2389 ἐστιν

2233 2226 2376 2294 Quid
2405 2231 2614 2285 intersit
2641 2240 2845 2285 astrum
2869 2232 3008 2285 inter
3029 2239 3078 2285 et
3105 2231 3333 2286 stellam.

2060 2333 2125 2390 V.
2161 2334 2349 2392 Diiiert
2365 2347 2570 2395 astrum
2600 2357 2630 2396 a
2655 2343 2830 2398 stella.
2863 2342 2957 2398 Est
2973 2344 3115 2398 enim
3135 2345 3262 2399 illud
3287 2346 3463 2418 imago
3490 2364 3557 2404 ex

312 2423 529 2476 εἴδωλον
574 2425 638 2476 ὲκ
684 2424 892 2478 πολλῶν
937 2427 1180 2498 ἀστέρων
1226 2426 1690 2499 μεμορφωμένονο
1737 2426 1798 2481 τὸ
1831 2426 1889 2481 δὲ

1999 2426 2180 2482 multis
2211 2429 2384 2484 stellis
2408 2430 2674 2502 enigiata;
2706 2433 2821 2488 haec
2851 2449 2984 2489 vero
3013 2435 3267 2504 simplex,
3300 2445 3352 2491 et
3398 2439 3558 2493 unica

312 2514 452 2568 κατά
505 2515 632 2584 μίαν
680 2518 898 2588 γραφὴν
953 2517 1415 2590 περιοριζόμενον.
1468 2519 1695 2588 Φέρεται
1754 2519 1811 2573 δὲ
1863 2519 1889 2574 ὁ

2000 2514 2367 2588 descriptione
2407 2529 2692 2578 constans.
2726 2520 2990 2577 Caeterum
3036 2523 3117 2577 sol
3170 2532 3360 2578 contra
3394 2535 3557 2597 atque

311 2607 459 2676 ἥλιος
485 2606 581 2678 τὴν
614 2608 858 2661 ἐναντίαν
900 2608 1072 2680 φορὰν
1111 2609 1188 2680 τῷ
1231 2609 1444 2682 οὐρανῷ
1467 2627 1482 2641 ο
1525 2609 1665 2663 ὥστε
1697 2611 1889 2681 δισσὴν

1999 2609 2191 2663 coelum
2220 2612 2456 2680 agitatur
2481 2652 2495 2677 ,
2531 2614 2668 2669 adeo
2701 2621 2760 2666 ut
2791 2613 3059 2682 duplicem
3092 2621 3298 2667 motum
3329 2614 3553 2670 habent:

311 2694 475 2748 αὑτοῦ
535 2696 748 2766 κίνησιν
800 2693 940 2750 εῖναι
964 2713 978 2728 ·
1019 2698 1121 2768 τὴν
1177 2698 1273 2769 μὲν
1305 2701 1400 2753 σὺν
1425 2699 1502 2770 τῷ
1541 2700 1751 2770 κόσμῳ,
1794 2700 1889 2772 τὴν

1999 2699 2230 2754 alterum
2266 2717 2610 2758 communem
2656 2717 2780 2758 cum
2810 2703 3033 2768 mundo,
3071 2704 3397 2773 peculiarem
3423 2706 3559 2762 alte-

309 2786 366 2839 δὲ
399 2789 518 2839 κατ’
561 2786 695 2841 ίδίαν
721 2788 790 2841 ¹⁰.
840 2789 994 2859 Ἔχει
1027 2788 1082 2842 δὲ
1107 2788 1200 2842 τοῦ
1232 2789 1331 2865 μὲν
1391 2791 1582 2860 θέρους
1613 2793 1645 2862 ἡ
1690 2791 1889 2863 ἡμέρα,

1999 2806 2134 2845 rum.
2164 2791 2335 2848 Habet
2355 2802 2535 2850 autem
2567 2795 2788 2851 aestivus
2811 2795 2947 2858 dies,
2973 2795 3191 2866 quando
3217 2797 3298 2850 sol
3323 2798 3555 2862 obtinet,

309 2877 397 2930 ὅτε
425 2878 572 2931 ἐστὶν
612 2879 640 2932 ὁ
666 2879 818 2948 ἥλιος
846 2881 904 2932 ἐν
943 2880 1222 2951 Καρκίνῳ,
1267 2880 1409 2934 κατά
1438 2879 1534 2952 τὴν
1572 2880 1822 2935 Ἐλλάδω
1857 2884 1889 2953 ἠ

1999 2882 2048 2936 in
2093 2881 2321 2950 Graacia,
2529 2900 2636 2939 nox
2680 2899 2809 2939 vero
2841 2882 2978 2941 duas
3007 2885 3265 2954 quintas;
3295 2891 3348 2938 at
3381 2885 3558 2942 hieme

308 2968 368 3022 δὲ
400 2969 497 3034 νὺξ
525 2970 618 3024 καὶ
648 2970 741 3023 δύο
768 2969 990 3044 πέμπτη
1023 2971 1158 3042 μόνα
1183 2971 1224 3002 ¹¹
1247 2988 1260 3002 ·
1302 2971 1396 3025 ἐπὶ
1437 2972 1494 3026 δὲ
1539 2971 1808 3044 χειμῶνος
1829 2972 1889 3026 τὸ

1999 2981 2184 3028 contra
2208 2989 2329 3031 sese
2366 2991 2455 3031 res
2495 2976 2676 3031 habet.
2711 2975 2902 3032 Sidera
2940 2976 3230 3046 ἀμφιφανη
3265 2983 3554 3041 vocantur,

311 3061 598 3115 ἀνάπαλιν.
632 3063 840 3133 Ἄστρα
885 3062 1172 3134 ἀμφιφανῆ
1216 3063 1299 3128 δὶς
1338 3064 1447 3136 γὰρ
1492 3065 1590 3136 τὴν
1626 3065 1669 3096 ¹²
1717 3065 1887 3136 αὐτὴν

1999 3081 2115 3137 quae
2142 3066 2228 3122 bis
2258 3067 2450 3123 eadem
2479 3076 2641 3124 nocte
2683 3077 3003 3124 cernuntur.
3033 3065 3091 3122 In
3142 3067 3370 3123 australi
3419 3067 3558 3122 nihil

310 3153 500 3223 ὁρᾶται
525 3153 716 3208 νύκτα.
736 3153 822 3206 Ἐν
843 3153 920 3224 τῷ
953 3154 1108 3226 νοτίῳ
1135 3155 1234 3209 οὐκ
1249 3154 1393 3209 ἔστιν
1424 3155 1550 3210 ἰδεῖν
1562 3155 1885 3211 τιτοιοῦτον.

1999 3135 2217 3232 apparet
2241 3158 2534 3230 ejusmodi.

687 3362 874 3415 Πόσοι
905 3364 960 3415 οἱ
987 3361 1209 3428 πάντες
1234 3360 1506 3431 ἀστέρες.

385 3474 478 3540 ς’.
495 3471 632 3537 Τοὺς
646 3473 850 3538 πάντας
871 3474 1102 3547 ἀστέρας
1123 3472 1564 3546 εἶναι’Ἰππαρχός
1577 3492 1744 3544 φησιν
1759 3481 1884 3540 ,απη

310 3563 424 3617 ὅσοι
451 3559 542 3617 οὖν
572 3563 838 3636 πληροῦσι
871 3565 940 3619 τά
973 3568 1031 3619 ὲν
1067 3568 1182 3630 τοῖς
1221 3566 1566 3636 φαινομένοις
1609 3563 1885 3637 ὁρώμενα.

324 3655 612 3725 Ἀντίζυγα
639 3657 696 3710 δέ
728 3659 844 3710 ἐστι
870 3657 1038 3722 ζιῦδια
1060 3658 1185 3712 τάδε
1207 3676 1218 3688 ·
1261 3659 1448 3730 Κριὸς,
1491 3657 1668 3729 Χηλαί
1688 3675 1702 3688 '
1744 3656 1888 3711 Ταῦ-

313 3765 425 3820 ρος,
467 3748 766 3819 Σκορπίος·
813 3749 1072 3820 Δίδυμοι,
1118 3749 1386 3820 Τοξότης’
1437 3750 1534 3803 καὶ
1573 3749 1888 3822 Αίγόκερως

311 3839 570 3909 Καρκίνῳ
592 3855 606 3868 ·
638 3837 827 3892 Λέοντι
867 3839 1148 3911 Ὑδροχόος
1169 3857 1185 3870 ο
1221 3839 1483 3911 Παρθένῳ
1523 3839 1745 3910 Ἰχθύες.

548 3971 680 4040 Περὶ
716 3970 838 4025 τῶν
863 3971 975 4041 τῆς
1007 3971 1278 4041 σελήνης
1311 3970 1656 4043 σχημάτων.

382 4085 457 4136 Ζ’.
491 4081 612 4137 Τῶν
647 4083 702 4136 δὲ
733 4085 1025 4155 σχημάτων
1048 4086 1146 4157 τῆς
1177 4085 1404 4157 σελήνης
1435 4084 1710 4155 φωτεινῶν
1751 4085 1888 4139 εἰσιν

315 4175 421 4230 οἶδε
449 4174 621 4248 [μέν.]
648 4176 950 4248 Μηνοειδὴς
983 4177 1078 4248 μὲν
1109 4171 1200 4230 οὖν
1226 4178 1393 4241 ἐστιν,
1419 4179 1546 4231 ὅταν
1578 4176 1682 4230 ὑπὸ
1709 4193 1888 4248 γραμ-

318 4269 435 4341 μῶν
482 4271 835 4342 περιφέρειαν
885 4270 1241 4342 περιέχηται·
1303 4270 1585 4341 διχότομος
1629 4269 1707 4335 δὲ,
1761 4269 1888 4322 ὅταν

313 4360 1885 4432 ήμικύκλων..............

385 4452 656 4524 Διαφοράς
693 4451 983 4523 τέμνεσθαι
1015 4452 1113 4522 τῆς
1144 4451 1378 4522 σφαίρας
1397 4467 1410 4484 ’
1443 4451 1543 4522 τὴν
1581 4450 1639 4504 δὲ
1678 4449 1888 4520 παράλ’
1917 4482 1962 4538 D

314 4544 472 4616 ληλον
503 4545 597 4597 καὶ
628 4545 725 4616 τὴν
755 4543 1052 4614 λεγομένην
1085 4541 1245 4613 λοξήν
1264 4561 1278 4574 ·
1315 4543 1396 4596 ἐτι
1428 4541 1487 4595 δὲ
1512 4541 1610 4614 τὴν
1643 4541 1883 4613 όρθινήν.

318 4635 699 4707 Παραλλήλους
752 4635 850 4706 μὲν
895 4637 950 4688 ὲν
997 4633 1075 4704 τῷ
1108 4633 1299 4705 κόσμῳ
1332 4632 1646 4703 συμϐέϐηκε
1685 4630 1886 4700 λέγειν,

317 4727 429 4780 ὅσοι
453 4725 542 4778 τὸν
571 4725 732 4778 αὑτὸν
755 4723 935 4795 έχουσι
965 4723 1126 4777 πόλον
1154 4725 1220 4794 τῇ
1255 4722 1393 4794 αὐτῇ
1429 4722 1636 4793 σφαίρᾳ
1654 4740 1667 4754 ·
1695 4721 1888 4793 ὀρθοὺς

316 4818 374 4871 δὲ
398 4816 587 4871 τούσδε
614 4817 738 4879 τοὺς
762 4816 870 4869 ἀπὸ
906 4815 1012 4868 τῶν
1039 4815 1236 4870 πόλων.
1268 4815 1468 4879 Λοξοὺς
1491 4813 1546 4866 δὲ
1569 4806 1643 4866 ὧν
1675 4813 1744 4866 τά
1775 4812 1891 4865 ἐπί-

319 4909 453 4962 ποδα
489 4907 792 4979 κέκρυπται
825 4908 868 4940 ¹³
905 4907 1042 4979 πρὸς
1067 4908 1196 4971 τοὺς
1226 4906 1549 4977 λεγομένους
1575 4904 1766 4977 ὀρθοὺς
1793 4905 1888 4958 καὶ

316 5003 442 5064 τοὺς
472 5000 867 5074 παραλλήλους.
908 4999 1175 5069 Ἀπείρως
1207 4998 1264 5052 δὲ
1293 4996 1624 5051 ἐπινοεῖσθαι
1649 4994 1886 5066 δυναμέ-

318 5111 423 5146 νων
472 5094 528 5145 ὲν
572 5093 718 5164 τρισὶ
763 5092 1046 5162 διαφοραῖς
1090 5089 1328 5152 κύκλων,
1362 5089 1581 5160 νοητέον
1623 5087 1729 5140 ὑπὸ
1777 5085 1886 5138 τῶν

325 5183 718 5254 μαθηματικῶν
779 5183 904 5246 τοὺς
964 5183 1042 5245 είς
1095 5181 1195 5252 τὴν
1255 5181 1442 5252 χρείαν
1500 5180 1600 5250 τῆς
1656 5176 1887 5248 θεωρίας

321 5277 510 5348 ἔχοντα
543 5276 932 5349 παρειλῆφθαι.
966 5275 1352 5347 Παραλλήλους
1392 5274 1449 5327 δὲ
1481 5273 1570 5327 τόν
1596 5290 1669 5325 τε.
1691 5273 1884 5344 ἀρκτι-

319 5368 414 5422 κὸν
446 5370 538 5421 καὶ
567 5369 658 5421 τὸν
687 5368 896 5441 θερινὸν
928 5368 1207 5441 τροπικὸν,
1241 5368 1337 5422 καὶ
1377 5367 1468 5421 τὸν
1500 5365 1880 5437 ἀνταρκτικόν.

325 5443 466 5531 ’Δρα
488 5477 549 5512 τε
585 5459 642 5512 δὲ
668 5461 848 5526 αὐτὸς,
873 5461 967 5515 και
997 5459 1042 5494 ιι
1069 5460 1156 5516 ἀει
1184 5458 1436 5530 φανερὸς,
1468 5456 1554 5510 διὰ
1580 5456 1642 5508 τό
1664 5473 1722 5509 τε
1749 5454 1884 5509 πάν-

2509 3356 2652 3422 Quot
2695 3355 2801 3410 sint
2845 3355 3034 3411 stella.

2056 3465 2147 3521 Vl.
2182 3466 2378 3523 Stcllas
2421 3483 2612 3525 omnes
2653 3465 2997 3539 Hipparchus
3019 3467 3216 3524 asserit
3241 3482 3363 3524 esse
3385 3467 3553 3526 {080:

1988 3573 2106 3628 qua:
2134 3557 2393 3612 nimirum
2440 3560 2886 3616 constellationes
2937 3567 3254 3629 apparentes
3298 3557 3555 3615 eﬂiciunt.

1987 3648 2250 3719 Opposita
2292 3649 2448 3718 signa
2479 3655 2643 3704 sunt:
2669 3647 2848 3713 Aries,
2880 3648 3080 3715 Chelas;
3117 3647 3349 3713 Taurus,
3394 3645 3559 3702 Scor-

1986 3743 2130 3814 pius;
2154 3742 2387 3807 Gemini,
2408 3740 2757 3813 Sagittarius;
2779 3742 2908 3797 item
2933 3741 3295 3812 Capricornus
3318 3737 3558 3808 Cancro,

1987 3834 2155 3892 Leoni
2187 3835 2482 3905 Aquarius,
2510 3833 2722 3906 Virgini
2745 3833 2956 3890 Pisces.

2457 3971 2534 4025 De
2565 3971 2751 4041 ﬁguris
2789 3968 3087 4024 lunaribus.

2055 4084 2168 4140 VII.
2209 4084 2527 4140 llluminatze
2557 4091 2696 4140 lunze
2724 4084 2932 4156 efﬁgies
2968 4085 3088 4139 ista}
3121 4091 3270 4138 sunt.
3295 4081 3561 4138 Cornicu-

1986 4175 2095 4231 lata
2139 4175 2360 4240 dicitur,
2408 4175 2626 4245 quando
2671 4174 2816 4228 illius
2843 4174 3079 4228 ambitus
3106 4172 3266 4227 lineis
3315 4172 3559 4226 contine-

1987 4274 2096 4323 tur.
2120 4265 2408 4321 Dimidiata
2437 4281 2585 4332 vero,
2616 4281 2740 4319 cum
2781 4304 2796 4320 .
2841 4305 2855 4319 .
2901 4305 2914 4318 .
2956 4303 2971 4318 .
3016 4303 3031 4318 .
3069 4303 3085 4318 .
3129 4300 3143 4316 .
3185 4303 3200 4318 .
3245 4303 3261 4318 .
3303 4300 3318 4315 .
3365 4300 3379 4314 .
3419 4301 3433 4314 .
3479 4298 3494 4313 .
3538 4299 3556 4316 .

2050 4440 2487 4512 Equidistantes
2525 4438 2866 4509 appellantur
2910 4438 2962 4492 in
3014 4437 3237 4503 mundo,
3268 4435 3359 4506 qui
3407 4450 3559 4489 eum-

1989 4534 2111 4589 dem
2154 4533 2354 4587 habent
2389 4547 2513 4587 cum
2555 4531 2766 4600 sphaera
2802 4530 2918 4599 ipsa
2959 4531 3182 4599 polum:
3216 4529 3306 4597 qui
3337 4525 3557 4595 quidem

1988 4641 2110 4683 cum
2127 4625 2268 4697 polis
2287 4622 2608 4694 comparati,
2625 4621 2758 4677 recti
2777 4620 3148 4676 nominantur.
3168 4619 3383 4688 Obliqui
3403 4625 3554 4680 sunt,

1987 4732 2221 4789 quorum
2269 4716 2430 4787 plana
2470 4714 2808 4769 inclinantur
2855 4712 2924 4767 ad
2973 4718 3174 4775 rectos,
3224 4718 3278 4765 et
3330 4706 3556 4778 aequidi-

1988 4797 2216 4868 stantes.
2248 4810 2382 4864 Cum
2415 4815 2594 4862 autem
2630 4807 2858 4863 inﬁnitis
2898 4806 3074 4861 modis
3101 4803 3396 4873 excogitari
3429 4814 3557 4870 pos-

1990 4907 2101 4962 sint
2133 4904 2188 4957 in
2212 4901 2415 4972 triplici
2436 4899 2741 4955 diﬂ'erentia
2762 4899 2976 4960 circuli,
3006 4896 3415 4966 intelligendum
3445 4898 3553 4953 est,

1991 5012 2086 5051 eos
2121 4995 2384 5048 duntaxat
2423 5009 2453 5046 a
2496 4990 2895 5046 mathematicis
2932 4989 3204 5043 adhibitos
3240 4985 3428 5046 fuisse,
3461 4979 3555 5051 qui

1991 5086 2060 5142 ad
2087 5087 2301 5139 illarum
2327 5099 2506 5138 rerum
2532 5081 3041 5149 contemplationem
3082 5076 3332 5132 utilitatis
3353 5070 3556 5142 aliquid

1990 5178 2264 5233 aﬂ‘errent.
2295 5173 2540 5230 l’aralleli
2580 5183 2724 5236 sunt,
2751 5174 3006 5238 arcticus,
3034 5170 3254 5224 aestivus
3289 5165 3554 5235 tropicus,

1991 5278 2046 5325 et
2075 5267 2433 5323 antarcticus.
2465 5263 2722 5319 Arcticus
2751 5264 2888 5317 alias
2917 5275 3132 5331 semper
3163 5271 3430 5328 apparens
3459 5268 3557 5307 vo-

1989 5369 2163 5423 catur,
2205 5357 2348 5428 quod
2378 5362 2641 5426 perpetuo
2673 5353 2939 5416 videatur,
2973 5365 3070 5406 nec
3119 5339 3356 5417 unquam
3408 5341 3556 5397 occi-

1991 5451 2122 5505 dat.
2157 5488 2172 5502 .
2210 5491 2225 5505 .
2259 5488 2276 5502 .
2310 5488 2325 5503 .
2371 5447 2717 5502 Concurrunt
2764 5459 2863 5516 pro
2911 5443 3196 5514 regionum
3251 5437 3552 5495 varietate:

425 5680 446 5710 "
480 5679 519 5748 Γ.
553 5679 724 5752 πόλοι.
799 5679 853 5752 ⁸⁶γ
873 5678 1027 5752 {.36.
1078 5678 1101 5709 θ
1132 5674 1542 5752 [κτρανοςὶντεςι.
1581 5673 1654 5705 ’¹⁰
1684 5671 1816 5752 ﬂuet:
1841 5687 1889 5724 m

1999 5685 2116 5752 osa;
2150 5737 2163 5752 ‘
2191 5667 2304 5752 “‘f.
2331 5665 2741 5751 πεμπτημόρια.
2819 5665 2861 5696 ¹²
2887 5663 2927 5733 Ῑ.
2956 5661 3094 5716 κατὰ
3113 5661 3229 5731 τήν.
3308 5659 3351 5691 ⁸³
3378 5659 3417 5728 Ῑ.
3445 5655 3556 5710 ἐπί-

333 5737 767 5805 πεδίκέκλιται.
842 5737 885 5782 ιδ
918 5750 957 5820 f.
989 5737 1252 5820 ἀρκτὶκὸξ
1280 5747 1336 5800 δὲ
1362 5747 1391 5800 ὁ
1414 5744 1574 5808 αὐτὸς
1605 5742 1717 5809 καί,
1754 5751 1853 5798 etc.
1911 5738 1966 5794 Μ
1973 5756 2060 5805 0.1;,
2088 5737 2175 5794 διὰ
2204 5738 2264 5792 τὸ
2290 5737 2543 5791 πάντοτε.
