3950 6266
373 339 391 346 ’
414 360 554 422 m7
1432 348 1520 403 Αυ
1557 344 1829 406 EUSEBll
1865 341 2265 403 caaomcou
2303 342 2665 399 APPENDIX.
3520 343 3651 400 ms

415 480 661 543 vertirali
690 482 893 551 puncto
918 473 988 530 ad
1013 481 1280 539 austrum,
1305 468 1392 525 vel
1424 466 1733 539 aquilonem
1769 460 1979 543 longius

2111 475 2201 511 ore
2251 459 2566 528 φαίνεσθαι,
2624 473 2718 513 και
2775 459 3040 531 μηδέποτε
3082 458 3276 516 δύνειν.
3306 501 3321 515 .
3348 500 3364 515 .
3394 499 3411 514 .
3443 460 3654 531 Συμπίο

414 549 763 635 abscedente.

2111 564 2274 602 ιτουσι
2300 550 2444 604 κατὰ
2475 549 2574 613 τὰς
2602 549 2892 621 διαφόρους
2920 551 3180 622 οἰκήσεις,
3201 550 3293 604 τοῦ
3318 551 3462 605 κατὰ
3492 569 3655 625 κορυ-

618 686 621 693 .
2082 640 2188 712 φὴν
2219 640 2444 712 σημείου
2473 640 2788 713 νοτιωτέρου
2814 640 2847 712 ἦ
2872 640 3208 713 βορειοτέρου
3236 642 3548 713 γινομένου.

484 760 752 831 Tropieus
805 756 1044 813 circulus
1086 753 1172 810 sic
1218 749 1611 808 informandus-
1645 747 1830 803 animo
1875 753 1981 812 est,

2154 732 2404 787 Νοείσοω
2433 733 2477 786 δ’
2505 735 2534 786 6
2575 733 2673 803 μὲν
2705 732 2762 785 θε
2773 732 2915 802 ρινὺς
2940 733 3215 805 τροπικδς,
3243 732 3339 787 τοῦ
3376 732 3538 805 ήλίου
3565 733 3657 787 ἐπὶ

418 823 690 923 tanquam
711 850 794 906 sol
828 849 886 904 in
918 848 1110 904 :estivo
1143 844 1378 902 solstitio
1414 842 1628 914 positus
1665 838 1985 910 parallelum

2111 824 2312 896 leptvibv
2337 823 2554 895 τροπῶν
2581 824 2894 895 γενομένου,
2929 825 3024 879 καὶ
3052 825 3186 896 πρὸς
3219 824 3472 898 αἴσθησιν
3499 825 3657 879 τοῦτο

417 913 588 1000 istum
617 957 648 997 a
680 957 740 998 se
767 941 1102 1011 descriptum
1136 937 1392 994 sensibus
1419 913 1696 1004 iobjiciat:
1750 930 1988 1000 aequino-

2111 913 2431 987 ιαράλληλον
2458 915 2800 986 γράφοντοςι
2824 916 2853 967 6
2882 914 2939 966 δὲ
2985 916 3313 987 ἰσημερινός,
3344 916 3436 970 διὰ
3466 916 3529 969 τὸ
3557 916 3657 980 τὰς

417 1036 601 1092 ctialis
627 1034 751 1090 ideo
781 1007 1001 1098 dicitur,
1026 1032 1170 1103 quod
1191 1029 1446 1086 noctibus
1470 1027 1586 1082 dies
1615 1033 1985 1097 exaequentur,

2111 1007 2300 1080 ιμέρας
2326 1010 2446 1072 ταῖς
2470 1008 2618 1074 νυξὶν
2650 1007 2976 1074 ἐξισοῦσθαι,
3000 1010 3094 1064 τοῦ
3121 1011 3269 1083 ήλίου
3300 1012 3445 1066 κατὰ
3470 1012 3656 1067 τοῦτον

419 1141 546 1182 cum
578 1124 646 1180 ad
671 1140 794 1181 eum
829 1124 1094 1179 circulum
1151 1120 1453 1176 secundum
1497 1131 1722 1174 sensum
1767 1115 1852 1170 sol
1896 1128 1987 1166 ac-

2111 1097 2373 1168 rtvopévou
2402 1098 2493 1151 τὸν
2527 1097 2727 1153 κύκλον
2765 1099 2902 1171 πρὸς
2940 1100 3223 1172 αἴσθησινο
3258 1103 3287 1154 6
3326 1103 3384 1156 δὲ
3413 1120 3659 1174 χειμερι-

420 1215 681 1279 cesserit;
711 1214 973 1269 hibernus
1002 1210 1525 1280 tropicus-vocatur,
1554 1206 1698 1276 quod
1727 1219 1851 1260 eum
1881 1203 1990 1258 cir-

2111 1188 2199 1252 ιδς,
2223 1188 2311 1241 διὰ
2335 1188 2397 1241 τὸ
2418 1188 2510 1241 τὸν
2537 1189 2710 1259 ἥλιον,
2733 1190 2874 1244 κατὰ
2898 1190 3086 1245 τοῦτον
3121 1192 3403 1263 γινόμενον
3432 1193 3526 1246 τὸν
3566 1193 3660 1247 κύ-

421 1306 606 1360 culum
657 1304 745 1360 sol
811 1279 1108 1373 attingens,
1139 1300 1426 1355 hibernum
1474 1296 1766 1353 solstitium
1826 1293 1987 1361 facit;

2111 1280 2238 1373 ελον,
2281 1279 2596 1353 χειμερινὰς
2625 1281 2833 1354 τροπὰς
2878 1281 3178 1338 ποιεῖσθαιο
3211 1284 3577 1355 ἀνταρκτικὸς
3616 1284 3659 1337 δ’

423 1396 760 1451 antarcticus
813 1395 920 1447 alio
983 1392 1522 1460 nomine‘nunquam
1587 1402 1847 1457 apparens
1906 1384 1992 1439 di-

2111 1368 2262 1436 ιῦτος.
2304 1374 2398 1427 καὶ
2432 1374 2519 1427 ἀεὶ
2558 1374 2768 1445 ἀφανὴς
2812 1375 2921 1429 ἀπὸ
2961 1374 3056 1429 τοῦ
3091 1376 3499 1447 συμϐεϐηκότος
3528 1377 3659 1448 ἔχει,

422 1487 570 1540 citur
592 1500 658 1539 ex
694 1498 758 1540 eo
793 1483 941 1553 quod
984 1484 1178 1551 reipsa
1198 1480 1503 1550 contingit,
1545 1486 1606 1532 ut
1648 1477 1800 1531 nullo
1829 1476 1992 1531 modo

2111 1468 2187 1521 cal.
2217 1466 2470 1520 οὐδέποτε
2521 1467 2796 1537 φαίνεταιο
2844 1468 2952 1521 τῶν
2989 1467 3047 1520 δὲ
3093 1467 3260 1534 λοξῶν
3309 1469 3405 1523 δύο
3444 1470 3547 1540 μὲν
3579 1472 3661 1525 ὁν-

423 1577 701 1632 videatur.
737 1573 1093 1645 Obliquorum
1124 1573 1232 1627 duo
1272 1580 1423 1637 sunt,
1460 1570 1554 1641 qui
1588 1571 1642 1623 in
1672 1584 1870 1625 sensus
1907 1568 1993 1622 in-

2111 1576 2199 1613 των
2230 1559 2275 1591 ³⁸
2305 1559 2442 1631 πρὸς
2468 1558 2738 1631 αἴσθησιν,
2768 1561 2798 1614 δ
2820 1576 2879 1613 τε
2906 1559 3166 1624 ζωδιακὸς
3191 1561 3285 1614 καὶ
3310 1564 3338 1614 6
3365 1562 3629 1630 γαλαξίας
3646 1581 3660 1597 ·

425 1675 678 1731 currunt,
717 1667 975 1722 zodiacus
1012 1672 1074 1721 et
1108 1653 1353 1730 lacteus;
1422 1669 1477 1716 at
1518 1662 1834 1717 horizontes
1879 1659 1994 1714 sola

2111 1652 2153 1705 il».
2175 1650 2232 1704 δὲ
2268 1651 2542 1722 ὁρίζοντες
2581 1652 2793 1723 ἐπινοίᾳ
2840 1652 2997 1723 μόνον
3041 1652 3423 1722 λαμϐάνονται.
3454 1654 3577 1707 Τῶν
3606 1655 3662 1707 δὲ

422 1760 624 1814 mentis
650 1758 981 1828 cogitatione
1007 1763 1284 1813 constant.
1314 1755 1358 1809 Ε
1388 1755 1555 1811 rectis
1598 1753 1771 1808 coluri
1793 1767 1993 1807 nomen

2111 1742 2273 1815 Βρθῶν
2293 1745 2341 1795 οἰ
2378 1742 2476 1813 μὲν
2501 1743 2746 1814 κόλουροι
2775 1742 2873 1813 τὴν
2890 1741 3180 1812 ὀνομασίαν
3204 1741 3416 1811 ἔχοντες
3436 1742 3547 1795 ἀπὸ
3569 1744 3660 1795 τοῦ

425 1802 624 1814 ...-..-.-
652 1802 981 1828 “unum...
1011 1802 1284 1813 --..---..-.
1314 1802 1356 1809 _
1390 1802 1554 1811 ην--
1604 1802 1771 1808 ψ---
1794 1802 1993 1807 "-__-__

423 1867 490 1909 ex
535 1868 600 1907 eo
651 1852 831 1907 sortiti
874 1860 1022 1916 sunt,
1058 1849 1203 1919 quod
1246 1848 1421 1903 mutili
1468 1847 1598 1909 sint,
1641 1859 1744 1900 nec
1795 1844 1995 1914 integri

2111 1802 2308 1889 ιολοϐοἰ
2347 1802 2442 1888 καὶ
2488 1833 2564 1905 μὴ
2596 1802 2857 1897 ὁλοτελεῖς
2894 1802 3174 1902 φαίνεσθαι
3206 1802 3347 1886 ἐὰτά
3382 1802 3482 1905 τῆς
3511 1851 3664 1906 στρο-

318 2018 321 2021 λ
425 1954 726 2000 cernantur
770 1944 825 1998 in
872 1944 1233 1998 conversione
1279 1941 1523 2011 sphaerae.
1571 1937 1995 2009 Equinoctialis

2111 1929 2207 1998 Ρῆς
2237 1928 2338 1998 τῆς
2384 1927 2657 1997 σφαίρας·
2698 1928 2728 1979 6
2784 1926 2843 1980 δὲ
2893 1926 3224 1998 ἰσημερινὸς,
3270 1926 3383 1980 ἀπὸ
3412 1925 3509 1979 τοῦ
3546 1929 3664 1981 κατ’

426 2034 553 2088 inde
598 2033 820 2099 dicitur,
869 2034 1015 2103 quod
1066 2034 1126 2087 in
1162 2047 1230 2088 eo
1279 2030 1607 2102 aequinoctia
1650 2029 1992 2099 contingant.

427 2125 631 2183 Omnes
686 2127 779 2181 isti
846 2132 993 2181 recta
1056 2131 1109 2180 et
1158 2123 1572 2194 azquidistantes
1637 2119 1995 2185 incumbunt;

426 2220 635 2290 obliqui
670 2235 800 2275 vero
833 2220 903 2274 ab
936 2234 996 2273 re
1023 2219 1142 2289 ipsa
1164 2218 1492 2274 vocabulum
1517 2215 1699 2285 adepti
1733 2220 1887 2270 sunt.

499 2311 636 2366 Cum
670 2319 848 2367 autem
881 2311 1106 2380 sphaera:
1146 2310 1342 2366 similis
1384 2310 1556 2380 ﬁgura
1585 2309 1658 2364 sit
1696 2307 1907 2372 mundi,
1944 2314 2000 2363 et

429 2400 499 2455 ad
528 2415 652 2455 eum
689 2407 1007 2469 comparata
1047 2408 1194 2454 terra
1240 2400 1418 2456 centri
1464 2398 1731 2453 rationem
1770 2398 1998 2463 habeat;

430 2509 551 2565 quae
577 2509 671 2563 per
707 2493 952 2563 ipsorum
995 2492 1235 2548 medium
1277 2492 1507 2561 trajecta
1549 2491 1822 2561 cogitatur
1850 2495 2001 2543 recta

428 2585 595 2648 linea,
622 2598 785 2654 quam
812 2584 1020 2639 circum
1055 2590 1368 2638 manentem
1404 2590 1459 2637 et
1480 2581 1813 2637 immobilem
1838 2596 2002 2634 mun-

430 2675 535 2731 dus
573 2675 835 2739 vertitur,
871 2663 990 2729 aiis
1034 2673 1363 2744 appellatur,
1410 2671 1572 2742 cujus
1610 2679 1852 2727 extrema
1892 2671 2000 2741 poli

432 2764 825 2819 nominantur:
857 2779 976 2833 quae
1010 2763 1228 2833 quidem
1257 2770 1501 2818 extrema
1531 2762 1777 2816 nonnulli
1807 2775 2002 2831 parvas

430 2871 556 2913 esse
584 2853 773 2913 stellas
815 2855 1108 2923 dixerunt;
1140 2856 1232 2910 alii
1266 2863 1469 2926 puncta
1506 2855 1841 2924 cogitatione
1869 2870 2004 2909 con~

434 2948 660 3012 stantia,
689 2962 812 3018 quae
851 2954 936 3003 est
968 2946 1123 3001 Arati
1168 2945 1460 3002 sententia.
1507 2943 1712 3000 Horum
1754 2945 2003 3014 polorum

434 3038 573 3093 alter
598 3038 848 3093 sublimis
887 3044 992 3100 est,
1020 3035 1289 3106 nobisque
1323 3034 1691 3105 conspicuus;
1727 3034 1863 3088 alter
1896 3033 2004 3087 mi-

2096 2019 2258 2073 αὐτὸν
2310 2017 2558 2088 γίνεσθαι
2614 2016 2714 2081 τὰς
2769 2016 3146 2088 μεσημϐρινάς
3189 2017 3252 2070 ⁸⁸.
3298 2016 3564 2085 Λέγονται
3612 2017 3667 2070 δὲ

2097 2110 2298 2174 πάντες
2340 2103 2483 2165 οὗτοι
2537 2109 2672 2183 πρὸς
2717 2108 2817 2172 τὰς
2860 2107 3026 2180 ὀρθὰς
3073 2108 3475 2183 παραλλήλους
3527 2109 3577 2161 οἰ
3616 2108 3672 2162 δὲ

2096 2202 2241 2268 λοξοὶ
2283 2202 2393 2256 ἀπὸ
2422 2202 2517 2256 τοῦ
2557 2181 2963 2272 συμϐεϐηκότος
2995 2181 3177 2270 έχουσι
3218 2200 3316 2272 τὴν
3351 2200 3668 2270 ὀνομασίαν.

2167 2293 2275 2348 Τοῦ
2321 2296 2362 2327 ¹⁷
2399 2295 2602 2366 κόσμου
2641 2290 3009 2364 σφαιροειδοῦς
3034 2293 3415 2364 ὑποκειμένου,
3457 2293 3556 2346 καὶ
3578 2294 3673 2364 τῆς

2098 2387 2201 2458 γῆς
2229 2384 2366 2456 πρὸς
2394 2384 2555 2438 αὑτὸν
2591 2382 2815 2454 κέντρου
2847 2382 3005 2451 λόγον
3031 2381 3358 2453 ἐπεχούσης,
3384 2385 3418 2454 ή
3444 2382 3538 2436 διὰ
3575 2383 3671 2452 μέ-

2102 2496 2195 2532 σου
2225 2475 2402 2548 αρτῶν
2440 2474 2680 2545 ἀγομένη
2717 2472 2897 2526 εὐθεῖα
2930 2472 3127 2544 νοητὴ,
3157 2473 3281 2543 περὶ
3309 2473 3375 2544 ἣν
3405 2473 3673 2540 μένουσαν

2098 2573 2127 2625 6
2175 2569 2378 2639 κόσμος
2429 2567 2741 2638 στρέφεται,
2789 2563 2930 2630 ἄξων
2962 2565 3226 2629 καλεῖται,
3252 2565 3346 2617 καὶ
3376 2564 3445 2617 τὰ
3485 2565 3674 2617 τούτου

2101 2658 2312 2730 πέρατα
2334 2656 2508 2720 πόλοι,
2534 2655 2676 2726 ἆπερ
2703 2654 2844 2718 τινὲς
2881 2654 2982 2726 μὲν
3009 2654 3244 2725 ἀστέρας
3277 2649 3417 2707 εἶναι
3448 2655 3676 2724 μικροὺς

2097 2750 2337 2820 ,ἔφασανο
2386 2747 2517 2803 ἔνιοι
2559 2747 2627 2803 δὲ,
2649 2748 2849 2817 σημεῖα
2880 2745 3068 2816 νοητὰ,
3101 2743 3246 2798 καθὰ
3295 2746 3391 2799 καὶ
3418 2746 3673 2816 ’Ἄρα-τος.

2102 2841 2319 2897 Τούτων
2371 2839 2437 2898 δὲ,
2458 2841 2486 2893 6
2533 2838 2631 2910 μὲν
2678 2836 2794 2891 ἔστι
2848 2837 3119 2909 μετέωρος
3161 2837 3254 2890 καὶ
3300 2835 3677 2907 φανερώτερος

2103 2934 2312 3007 ήμῖν,,ό
2337 2931 2394 2985 δὲ
2417 2932 2516 3002 οὐχ
2548 2931 2742 3004 ὁρᾶται
2765 2929 2853 2999 ὑφ’
2882 2929 3059 3000 ήμῶν.
3089 2928 3198 2982 Καὶ
3216 2988 3219 2995 _
3240 2928 3490 2982 καλεῖται
3516 2930 3553 2981 6.
3583 2928 3677 2997 μὲν

2104 3025 2197 3082 ἀεὶ
2225 3023 2482 3095 φανερὸς
2513 3023 2607 3078 καὶ
2628 3023 2890 3094 βόρειος,
2912 3023 2941 3075 6
2968 3021 3026 3081 δὲ
3055 3019 3149 3077 ἀεὶ
3176 3018 3418 3090 ἀφανὴς
3445 3018 3549 3074 καί
3583 3021 3678 3073 νό-

433 3127 584 3181 nime
623 3141 654 3180 a
698 3126 854 3181 nobis
897 3125 1159 3181 cernitur.
1221 3123 1380 3180 Prior
1425 3138 1550 3179 cum
1602 3139 1802 3191 semper
1835 3139 1999 3193 appa-
2030 3144 2081 3202 ε
2106 3137 2251 3187 τιος.

434 3233 576 3282 rens,
627 3224 739 3271 tum
781 3216 963 3272 boreus
1010 3216 1345 3288 appellatur;
1391 3215 1661 3287 posterior
1694 3230 1893 3283 semper
1921 3231 2009 3270 oc-

434 3307 607 3361 cultus
629 3315 678 3362 et
707 3308 982 3362 australis.

402 3468 407 3476 ι
503 3397 623 3454 Jam
675 3399 868 3454 circuli
919 3414 1043 3454 cum
1097 3399 1526 3457 innumerabiles
1578 3401 1889 3472 cogitentur
1948 3400 2006 3456 in

435 3492 663 3554 mundo,
694 3491 784 3545 alii
814 3501 960 3556 sunt,
1005 3507 1146 3562 quos
1175 3492 1471 3562 parallelos
1514 3501 1733 3559 vocant,
1775 3493 1866 3548 alii
1911 3509 2010 3564 per

437 3583 593 3654 polos
614 3590 922 3647 transeunt,
952 3583 1041 3637 alii
1070 3582 1335 3648 ﬁnitores,
1368 3584 1575 3655 obliqui
1612 3586 1703 3639 alii
1728 3592 1873 3643 sunt.
1901 3585 2007 3641 Pa-

439 3676 616 3731 ralleli
661 3685 893 3746 quatuor
927 3683 1077 3739 sunt,
1110 3676 1202 3745 qui
1233 3676 1452 3731 eosdem
1477 3693 1600 3731 cum
1623 3678 1826 3735 mundo
1852 3679 2008 3748 polos

438 3761 663 3816 habent.
700 3759 940 3830 Obliqui,
982 3762 1076 3830 qui
1107 3775 1215 3814 non
1254 3759 1414 3832 156
1438 3762 1657 3817 eosdem
1685 3763 2004 3821 habent.....

438 3867 535 3922 per
563 3853 717 3921 polos
761 3852 953 3907 circuli
991 3857 1281 3906 vocantur.
1329 3851 1560 3917 Quidam
1603 3854 1660 3908 in
1701 3855 2010 3911 circumfe—

439 3942 618 3997 rentia
649 3957 749 3997 sua
778 3942 964 3996 mundi
990 3943 1146 4011 polos
1175 3945 1488 4009 continent;
1511 3943 1783 4013 iidemque
1808 3943 2004 4008 coluri,

440 4040 495 4088 et
521 4032 809 4087 meridiani
831 4040 1091 4103 praeterea
1122 4041 1422 4101 vocantur;
1460 4034 1704 4090 ﬁnitores
1731 4041 1883 4100 sunt,
1912 4035 2008 4104 qui

441 4134 787 4198 apparentem
823 4126 1251 4198 mundiipartem
1276 4134 1545 4197 separant.
1582 4168 1596 4182 .
1634 4167 1650 4183 .
1690 4167 1705 4182 .
1738 4168 1753 4181 .
1789 4129 1894 4183 hoc
1923 4136 2008 4186 est

439 4233 583 4281 eam,
618 4232 736 4287 qua:
762 4233 927 4294 supra
952 4225 1151 4271 terram
1176 4225 1279 4284 est,
1315 4218 1383 4271 ab
1409 4233 1472 4273 ea
1492 4233 1612 4289 quae
1635 4218 1778 4275 infra
1805 4229 2007 4275 terram

441 4305 716 4361 conditur.
761 4305 827 4360 lli
869 4321 1031 4376 porro
1083 4313 1384 4372 mutantur,
1416 4323 1516 4378 pro
1562 4324 1629 4364 eo
1653 4324 1718 4364 ac
1745 4310 2009 4366 verticale

439 4404 700 4468 punctum
733 4398 879 4453 aliud
906 4405 1011 4465 est,
1039 4399 1134 4469 qui
1163 4407 1247 4455 est
1276 4400 1434 4470 polus
1470 4400 1792 4458 borizontis.

512 4573 713 4629 Aratus
754 4589 910 4639 vero,
939 4575 1032 4646 qui
1062 4576 1129 4629 ad
1159 4577 1568 4636 inclinationem
1598 4581 1820 4637 Graeciae
1854 4582 2004 4655 phe-

442 4680 674 4720 nomena
701 4679 800 4719 sua
826 4669 1181 4736 comparavit,
1205 4684 1398 4724 novem
1423 4673 1800 4728 tantummodo
1827 4675 2006 4729 circu-

440 4757 618 4811 lorum
673 4756 940 4823 meminit,
972 4773 1003 4812 e
1060 4758 1262 4829 quibus
1324 4766 1450 4815 octo
1508 4762 1626 4816 sola
1670 4764 2006 4833 cogitatione

442 4846 787 4913 consistunt;
831 4862 973 4913 unus
1008 4847 1205 4918 majori
1235 4859 1390 4919 parte
1428 4850 1684 4913 sensibus
1723 4852 2002 4923 objicitur,

440 4939 537 5010 qui
589 4940 798 4994 lacteus
853 4939 1076 4993 dicitur.
1127 4937 1265 4993 Nam
1309 4947 1364 4995 et
1412 4941 1469 4996 in
1508 4942 1629 5013 ipso
1675 4959 1811 4999 suus
1862 4944 2008 5001 inest

442 5033 759 5103 cogitationi
822 5032 996 5087 locus.
1048 5029 1126 5085 Ex
1182 5031 1250 5088 iis
1304 5033 1529 5090 circulis
1580 5037 1824 5106 paralleli
1878 5044 2007 5092 sunt

441 5126 685 5197 quinque
715 5145 729 5181 :
758 5126 1269 5192 arcticus,aestivus
1291 5128 1554 5198 tropicus,
1584 5130 2004 5199 aequinoctialis,

442 5216 707 5272 hibernus
745 5217 1013 5287 tropicus,
1056 5218 1393 5274 antarcticus
1419 5237 1439 5287 ;
1470 5219 1676 5289 obliqui
1711 5227 1839 5275 sunt
1870 5220 2001 5285 duo,

442 5308 702 5363 zodiacus
723 5315 777 5363 et
798 5308 1027 5370 lacteus,
1060 5309 1151 5379 qui
1181 5310 1458 5364 contrario
1492 5309 1722 5365 invicem
1770 5311 1878 5365 situ
1910 5326 2006 5381 per

441 5401 690 5470 tropicos
716 5400 941 5470 oblique
970 5401 1298 5468 sinuantur;
1327 5417 1426 5471 per
1453 5402 1609 5471 polos
1654 5401 2007 5472 trajiciuntur

443 5491 554 5547 duo
581 5511 594 5548 :
628 5492 965 5547 meridianus
990 5500 1044 5547 et
1069 5493 1540 5549 horizon.Horum
1568 5495 1811 5548 omnium
1843 5494 2010 5548 maxi-

449 5582 521 5636 mi
576 5589 747 5648 sunt,
789 5582 1189 5652 aequinoctialis
1236 5590 1291 5638 et
1345 5583 1591 5655 obliqui,
1650 5599 1862 5640 necnon
1909 5599 2008 5655 per

2177 3384 2409 3441 Κύκλων
2430 3383 2487 3437 δὲ
2510 3384 2570 3438 ὲν
2603 3381 2681 3454 τῷ
2708 3380 2897 3453 κόσμῳ
2919 3377 3045 3453 [καῖ
3063 3375 3161 3450 μή]
3191 3375 3500 3447 νοουμένων
3525 3373 3679 3428 ἀπείο

2111 3495 2218 3551 ρων
2260 3477 2311 3530 οἱ
2342 3476 2440 3548 μὲν
2479 3473 2812 3546 παράλληλοι
2835 3469 3209 3541 ὀνομάζονται,
3246 3467 3297 3519 οἰ
3333 3465 3391 3518 δὲ
3437 3465 3528 3519 διὰ
3572 3464 3676 3517 τῶν

2108 3570 2307 3634 πόλων,
2339 3570 2389 3621 οἰ
2420 3567 2476 3620 δὲ
2501 3565 2793 3638 ὁρίζοντες,
2822 3564 2870 3618 οί
2902 3563 2975 3616 δὲῖ-
3002 3560 3157 3628 λοξοί.
3187 3558 3300 3614 Καὶ⁵
3326 3559 3375 3612 οἰ
3414 3557 3673 3628 τέσσαρες

2107 3660 2439 3734 παράλληλοι
2485 3659 2581 3730 μέν
2605 3660 2743 3712 εἰσιν
2773 3656 2821 3710 οἰ
2858 3654 2986 3718 τοὺς
3014 3653 3211 3717 αὐτοὺς
3242 3651 3438 3715 πόλους
3463 3650 3675 3721 ἔχοντες

2106 3753 2186 3824 τῷ
2227 3752 2415 3822 κόσμῳ
2440 3767 2454 3782 ⁸
2488 3749 2632 3815 λοξοὶ
2670 3749 2727 3803 δὲ
2758 3750 2807 3802 οἰ
2839 3748 2913 3821 μὴ
2949 3748 3075 3810 τοὺς
3103 3744 3298 3806 αὐτοὺς
3331 3782 3345 3796 .
3371 3779 3388 3796 .
3413 3780 3429 3795 .
3453 3741 3545 3795 διὰ
3570 3740 3675 3793 τῶν

2107 3844 2285 3898 πόλων
2313 3842 2502 3898 κύκλοι
2527 3840 2817 3896 καλοῦνται
2840 3857 2857 3872 σ
2894 3841 2943 3893 οἱ
2974 3840 3030 3893 δὲ
3056 3839 3148 3891 ἐπὶ
3178 3837 3276 3908 τῆς
3319 3834 3494 3903 αὐτῆς
3519 3850 3674 3904 περι-

2108 3933 2481 4007 φερείαςτοὺς
2509 3930 2601 3985 τοῦ
2634 3932 2842 4001 κόσμου
2869 3930 3063 3992 πόλους
3092 3927 3307 3999 ἔχοντες
3324 3943 3337 3955 ·
3368 3925 3420 3978 οἱ
3445 3924 3502 3977 δὲ
3528 3922 3675 3976 αὐτοὶ

2106 4022 2251 4082 οὗτοι
2283 4025 2432 4097 ὀρθοί
2461 4042 2521 4078 τε
2555 4025 2650 4078 καὶ
2687 4023 2954 4094 κόλουροι,
2988 4021 3083 4076 καὶ
3117 4017 3480 4092 μεσημϐρινοί.
3514 4031 3676 4083 προσ-
3718 4074 3721 4075 ν

2106 4117 2484 4188 ονομάζονταιο
2504 4115 2792 4187 ¹ὁρίζοντες
2823 4113 2881 4166 δὲ
2915 4113 2962 4165 οί
2995 4107 3318 4183 διορίζοντες
3348 4108 3481 4178 ἡμῖν
3510 4106 3570 4157 τό
3616 4120 3672 4156 τε

2107 4206 2337 4279 φανερὸν
2383 4204 2477 4259 τοῦ
2522 4205 2730 4276 κόσμου
2777 4245 2790 4257 .
2818 4241 2833 4256 .
2863 4243 2877 4257 .
2907 4200 3151 4254 τουτέστι
3183 4198 3244 4251 τό
3283 4213 3347 4250 τε
3391 4195 3532 4265 ὑπὲρ
3576 4193 3674 4262 γῆν

2107 4298 2201 4352 καὶ
2228 4297 2290 4349 τὸ
2339 4295 2442 4349 ὑπὸ
2488 4295 2612 4365 γῆν.
2663 4286 2820 4347 Οὗτοι
2857 4290 2915 4344 δὲ
2958 4288 3401 4361 μεταϐάλλουσιν,
3446 4285 3576 4338 ὅταν
3616 4281 3680 4334 τδ

2108 4386 2248 4442 κατὰ
2293 4383 2534 4457 κορυφὴν
2581 4383 2803 4453 σημεῖον
2855 4380 3039 4452 ἕτερον
3081 4379 3332 4450 γένηται·
3364 4374 3523 4429 τοῦτο
3569 4374 3672 4445 γάρ

2036 4493 2081 4549 D
2106 4481 2220 4533 ἐστι
2255 4476 2414 4539 πόλος
2441 4472 2736 4546 ὁρίζοντος.
2956 4484 2959 4485 ⁷
3181 4495 3186 4500 ·

2186 4570 2422 4640 Ἀρατος
2452 4565 2570 4638 μὲν,
2603 4563 2740 4636 πρὸς
2766 4563 2827 4617 τὸ
2849 4561 2950 4634 τῆς
2990 4561 3236 4624 Ἑλλάδος
3263 4558 3432 4630 κλίμα
3458 4558 3528 4611 τὰ
3555 4576 3676 4627 (pat-

2109 4658 2306 4730 νόμενα
2341 4655 2922 4729 πραγματευσάμενος,
2960 4652 3115 4707 ἐννέα
3155 4652 3329 4723 μόνων
3358 4650 3676 4721 ἐπεμνήσθη

2110 4750 2345 4816 κύκλων,
2377 4748 2522 4805 ὀκτὼ
2558 4749 2656 4820 μὲν
2679 4746 2906 4820 νοητῶνο
2925 4742 3180 4814 αἰσθητοῦ
3208 4742 3284 4807 δὲ,
3323 4742 3418 4795 xal.
3447 4740 3591 4796 κατὰ
3620 4739 3677 4793 τδ

2110 4843 2270 4897 πλέον
2295 4841 2432 4905 ἑνὸς,
2453 4838 2550 4893 τοῦ
2574 4839 2739 4892 καλου
2748 4838 2907 4909 μένου
2930 4835 3184 4906 γαλαξίου
3205 4833 3267 4886 ⁸⁸.
3293 4832 3483 4885 Καίὲν
3506 4831 3676 4901 τούτῳ

2109 4937 2220 5010 γὰρ
2262 4937 2462 4990 νοεῖται
2489 4932 2580 4987 διὰ
2614 4931 2805 4987 τούτου
2844 4929 2938 4984 τοῦ
2986 4927 3208 4981 κύκλου.
3242 4924 3462 4978 Τούτων
3493 4924 3540 4977 δ’
3573 4924 3676 4977 εἰσὶ

2110 5027 2445 5102 παράλληλοι
2462 5032 2502 5079 ε’
2522 5042 2536 5058 ³
2573 5022 2850 5097 ἀρκτικὸς,
2880 5021 3089 5093 θερινὸς
3118 5016 3393 5090 τροπικδς,
3431 5019 3676 5086 ἰσημερι-

2107 5120 2218 5188 νὸς,
2251 5116 2576 5191 χειμερινὸς,
2605 5113 2983 5189 ἅνταρκτικὺς,
3023 5109 3163 5174 λοξοί
3193 5108 3303 5172 δύο,
3332 5108 3366 5160 ὅ
3396 5122 3457 5159 τε
3484 5105 3676 5170 ζωδια-

2108 5211 2203 5274 κὸς
2232 5211 2327 5264 καὶ
2360 5211 2389 5261 6
2417 5206 2699 5277 γαλαξίας,
2730 5205 2986 5267 ἐναντίως
3019 5201 3266 5273 ἀλλήλοις
3294 5198 3437 5251 κατὰ
3458 5198 3558 5269 τὴν
3588 5197 3675 5250 θέ-

2109 5318 2193 5355 σιν
2219 5299 2308 5354 διὰ
2345 5299 2453 5352 τῶν
2479 5296 2754 5369 τροπικῶν
2783 5293 3132 5364 λελοξωμένοι
3151 5309 3164 5322 ·
3198 5291 3291 5345 καὶ
3338 5289 3433 5342 δύο
3455 5288 3546 5342 διὰ
3572 5286 3675 5341 τῶν

2110 5393 2316 5447 πόλων·
2349 5387 2715 5462 μεσημϐρινός
2738 5403 2797 5439 τε
2819 5380 2898 5448 εἷς
2931 5384 3025 5438 καὶ
3048 5386 3075 5437 6
3096 5378 3290 5454 ὁρίζων
3311 5381 3519 5452 ἕτερος.
3549 5378 3687 5431 Toxi-

2108 5505 2217 5542 των
2240 5486 2298 5539 δέ
2330 5485 2436 5537 εἰσι
2462 5482 2704 5555 μέγιστοι
2730 5480 2758 5533 ὃ
2780 5494 2841 5530 τε
2869 5474 3179 5547 ἰσημερινός
3205 5471 3298 5526 καὶ
3323 5474 3373 5526 oi
3398 5470 3562 5536 λοξοί,
3585 5467 3675 5522 καὶ

2108 5583 2157 5635 οἱ
2188 5578 2275 5632 διὰ
2305 5575 2414 5631 τῶν
2445 5573 2643 5630 πόλων.
2678 5571 2941 5640 Μέγιστοι
2980 5567 3037 5622 δὲ
3072 5563 3382 5631 καλοῦνται,
3418 5556 3495 5619 ὧν
3519 5561 3580 5617 αἴ
3612 5575 3685 5615 τε

536 5736 580 5768 ⁸⁸
615 5736 657 5801 Ι.
683 5735 852 5799 ὅντες.
936 5738 979 5769 ¹⁶
1003 5737 1042 5805 f.
1081 5737 1386 5808 ἰσημερίας.
1461 5739 1504 5771 ι’
1531 5738 1571 5807 Ῑ.
1601 5737 1691 5793 τοῦ
1718 5738 1803 5792 δέ.
1876 5737 2000 5792 ⁸⁸11

2111 5730 2350 5790 mendosa
2383 5737 2538 5784 sunt..
