3950 6266
231 356 371 412 ΗΔΘ

1292 359 1569 417 lNCERTl
1605 361 1697 417 AD
1734 361 1949 419 ARATI
1985 364 2460 429 ΡΗιΕΝΟΜΕΝΔ.

3337 378 3473 434 1150

229 473 518 544 διάμετροι
551 471 662 527 ἴσαι
692 472 829 526 εἰσὶν
847 465 1114 546 ’ἀλλήλοις
1139 474 1234 529 καὶ
1257 479 1322 547 τῇ
1348 475 1445 531 τοῦ
1480 477 1679 551 κόσμου
1702 478 1818 531 δια-

1920 480 2073 549 polos
2107 483 2380 552 producti.
2420 483 2690 540 Dicuntur
2738 493 2917 543 autem
2958 490 3201 557 maximi,
3241 508 3472 563 quorum
3526 544 3537 555 κ

234 564 447 638 μέτρῳ·
476 566 578 618 καὶ
613 566 731 619 ὅσοι
751 568 817 621 :6
843 569 972 622 αὐτὸ
1008 570 1231 642 κέντρον
1269 570 1451 642 έχουσι
1491 572 1570 643 τῷ
1597 573 1807 645 κόσμῳ.

235 657 353 710 ὀτι
384 656 444 709 66
476 659 578 711 καὶ
612 657 787 723 ἄλλως
815 661 843 713 6
869 659 960 715 διὰ
995 661 1173 732 μέσων
1206 662 1314 716 τῶν
1345 662 1548 728 ζωδίων
1586 664 1813 736 λεγόμε-

230 765 352 813 νος,
423 748 752 819 μεσαίτατος
805 752 1064 824 ὑπάρχων
1120 752 1220 809 τοῦ
1282 754 1578 823 ζωδιακοῦ,
1637 759 1809 827 ἡλια-

230 841 336 906 κός
376 856 439 892 τε
489 840 586 894 καὶ
637 841 1013 910 ἐκλειπτικὸς
1054 846 1513 918 ἐπικαλούμενος·
1555 846 1811 916 11.11am};-

235 932 353 1003 μὲν,
401 933 487 985 ὅτι
540 934 570 985 6
609 933 758 1003 ἥλιος
808 935 909 1001 τὴν
959 937 1185 1008 πορείαν
1222 938 1289 991 δι’
1323 938 1487 991 αὐτοῦ
1541 941 1807 994 ποιεῖται·

230 1023 609 1091 ἐκλειπτικὸς
661 1024 718 1077 66
743 1067 757 1092 ,
818 1026 899 1079 ὅτι
949 1027 1015 1080 δι’
1071 1029 1236 1101 αὐτοῦ
1297 1030 1637 1085 ἐκλείπουσιν
1678 1032 1711 1085 ὄ
1751 1048 1810 1085 τε

231 1118 379 1188 ἣλιος
405 1115 504 1171 καὶ
537 1119 572 1189 ή
614 1118 832 1190 σελήνη.
867 1120 981 1173 Καῒ⁹
1005 1118 1112 1174 τῶν
1141 1122 1496 1194 παραλλήλων
1535 1123 1592 1176 δὲ
1633 1125 1663 1176 6
1711 1123 1811 1194 μὲν

234 1208 494 1281 ἀρκτικὸς
537 1210 639 1262 οὐκ
675 1210 720 1241 ⁸⁵
760 1210 1075 1282 ὠνομάσθη,
1122 1213 1202 1265 ὅτι
1232 1212 1369 1285 πρὸς
1398 1215 1512 1279 τοῖς
1542 1212 1813 1285 ἀρκτῴοις

235 1302 471 1374 ὑπάρχει
491 1319 504 1332 ·
538 1304 568 1355 6
591 1302 648 1357 δέ
677 1303 882 1374 θερινὸς
903 1305 1179 1375 τροπικὸς,
1204 1306 1308 1372 ὅτι,
1331 1306 1422 1359 61:1
1446 1304 1633 1360 τούτου
1661 1307 1814 1375 γενό-

237 1410 396 1465 μενος
427 1393 604 1464 ἥλιος,
630 1394 771 1448 κατὰ
798 1395 895 1465 τὴν
924 1395 1017 1449 τοῦ
1042 1396 1315 1468 Καρκίνου
1339 1397 1533 1470 ἀρχὴν,
1567 1398 1662 1451 καλ¹
1689 1398 1811 1452 τότε

238 1486 472 1557 μάλιστα
501 1487 644 1557 ὑπὲρ
685 1487 927 1557 κεφαλῆς
957 1492 989 1558 ἡ
1001 1488 1137 1559 μῶν,
1170 1489 1358 1561 θέρους
1392 1491 1601 1561 τροπὰς
1645 1492 1814 1543 ποιεῖ-

235 1597 321 1634 ται
344 1594 358 1608 ·
388 1580 477 1651 ίση
488 1579 710 1651 μερινὺς
731 1580 806 1646 δὲ,
835 1581 916 1635 ὄτι
942 1583 1000 1635 ἐν
1019 1581 1191 1653 τούτῳ
1212 1583 1495 1655 ἰσημερίας
1514 1582 1608 1637 δύο
1633 1585 1777 1637 ποιεῖ
1795 1598 1810 1615 ³

237 1672 455 1745 ἐαρινὴν
483 1672 586 1743 μὲν
610 1673 751 1727 κατὰ
775 1673 873 1744 τὴν
896 1673 990 1727 τοῦ
1013 1673 1185 1746 Κριοῦ
1211 1674 1404 1746 ἀρχὴν,
1437 1672 1812 1748 μετοπωρινὴν

237 1766 292 1823 δὲ
319 1766 461 1819 κατὰ
485 1766 597 1820 τῶν
638 1765 830 1836 Χηλῶν
850 1782 865 1796 ·
899 1767 1206 1839 χειμερινὸς
1228 1767 1282 1837 δὲ
1320 1767 1598 1840 τροπικὺς,
1629 1769 1713 1837 ἐφ’
1751 1761 1811 1821 o6

238 1856 377 1910 κατὰ
397 1856 499 1928 τὴν
522 1873 619 1909 του
646 1834 933 1928 Αίῖγὸκερω
960 1834 1134 1929 ἀρχὴν
1161 1858 1194 1910 6
1227 1834 1398 1937 ἥλιος,
1427 1855 1519 1909 τοῦ
1554 1834 1693 1910 κατά
1719 1873 1812 1910 κο-
1841 1834 1886 1893 Β

238 1950 411 2021 ρυφὴν
440 1950 602 2021 ἡμῶν
629 1949 792 2003 τόπου
810 1948 1079 2020 ἀφεστὼς,
1114 1950 1382 2022 χειμῶνος
1410 1950 1615 2022 τροπάς
1643 1953 1814 2004 ποιεῖ-

238 2059 349 2097 ται·
396 2044 763 2116 ἀνταρκτικὸς
806 2044 863 2097 δὲ
905 2045 935 2097 6
965 2042 1043 2114 τῷ
1085 2044 1354 2115 Ἀρκτικῷ
1396 2045 1509 2108 ἴσος
1555 2039 1813 2117 ὑπάρχων

239 2138 369 2211 1:96;
390 2137 468 2209 τῷ
498 2138 663 2209 νοτίῳ
702 2137 1081 2209 τεθεμάτισται
1105 2138 1283 2209 πόλῳ·
1315 2140 1363 2192 οί
1392 2138 1448 2192 δὲ
1471 2137 1558 2191 διὰ
1580 2138 1688 2191 τῶν
1720 2139 1817 2191 1:6-

238 2232 340 2285 λων
364 2231 459 2285 καὶ
487 2230 635 2295 λοξοὶ
670 2229 821 2300 παρὰ
843 2229 945 2301 τὴν·
967 2229 1113 2283 θέσιν
1137 2230 1536 2302 ὠνομάσθησαν
1562 2248 1579 2262 ·
1609 2230 1706 2284 καὶ
1731 2232 1813 2285 ὅτι

238 2322 268 2377 6
302 2323 398 2393 μὲν
419 2320 686 2386 ζωδιακὸς
710 2321 831 2375 ἐπεὶ
859 2324 916 2375 ἐν
943 2320 1091 2392 αὐτῷ
1118 2322 1189 2375 τά
1212 2322 1277 2392 ιβ’
1298 2321 1463 2387 ζώδια
1489 2325 1813 2396 κατηστέρι-

241 2431 378 2481 σται,
410 2413 506 2468 τοῦ
536 2411 628 2467 διὰ
673 2413 838 2485 μέσου
873 2411 1038 2466 αὐτοῦ
1070 2408 1677 2485 κύκλου”ᾃραπτομένου
1705 2414 1814 2467 τῶν

238 2506 508 2580 τροπικῶν
542 2506 690 2560 κατά
714 2524 766 2559 τι
796 2505 955 2577 μόνον
989 2508 1234 2577 σημεῖον.
1265 2506 1420 2560 Κατὰ
1457 2507 1555 2578 μὲν
1594 2508 1701 2580 γὰρ
1723 2508 1814 2561 :6v

241 2596 440 2668 θερινὸν
468 2595 730 2668 τροπικὸν
761 2597 794 2667 ή
835 2595 929 2648 τοῦ
981 2594 1253 2666 Καρκίνου
1287 2596 1434 2649 ἐστὶν
1470 2595 1632 2666 ἀρχὴ,
1676 2596 1816 2650 κατὰ

240 2688 293 2742 δὲ
329 2689 418 2742 τὸν
446 2685 760 2759 χειμερινὸν
801 2684 895 2740 τοῦ
923 2685 1223 2757 Αίγόκερω.
1267 2685 1323 2739 'O
1348 2685 1404 2739 66
1435 2685 1695 2754 γαλαξίας
1721 2685 1816 2740 καὶ

243 2783 385 2853 παρὰ
414 2782 514 2853 τὴν
551 2781 747 2853 χροιὰν
789 2779 1122 2849 ὠνόμασται.
1166 2779 1373 2842 Λευκὸς
1402 2778 1510 2850 γὰρ
1543 2778 1813 2848 φαίνεται,

242 2874 333 2928 καὶ
372 2874 534 2937 αὐτὸς
585 2872 678 2927 διὰ
722 2871 830 2926 τῶν
874 2869 1150 2942 τροπικῶν
1194 2870 1576 2940 λελοξωμένος,
1622 2869 1816 2941 μικρὸν

247 2967 418 3037 μέντοι
448 2965 799 3021 ὑποπίπτων.
833 2962 1225 3035 Μεσημϐρινός
1253 2980 1334 3026 τε,
1371 2963 1456 3031 ἐφ’
1494 2956 1555 3016 06
1596 2961 1819 3032 τέμνον-

244 3073 328 3120 τος
352 3058 441 3110 τὺν
467 3056 723 3127 ὁρίζοντα
753 3053 860 3126 πρὸ
885 3055 932 3086 ²⁰
966 3053 1076 3107 τῶν
1119 3054 1317 3119 πόλων,
1349 3054 1444 3107 καὶ
1468 3055 1546 3116 εἰς
1572 3052 1665 3106 δύο
1698 3052 1819 3108 τινὰ

244 3149 533 3220 ἡμικύκλια
567 3148 906 3221 διαιροῦντος
925 3188 940 3213 ,
972 3140 1047 3204 ὧν
1070 3147 1132 3201 τὸ
1166 3147 1265 3217 μὲν
1300 3144 1662 3201 ἀνατολικὸν
1681 3187 1695 3211 ,
1753 3144 1815 3198 :6

244 3239 296 3294 66
326 3240 573 3297 δυτικὸν
609 3240 961 3312 ὀνομάζεται,
1014 3238 1301 3310 συμϐαίνει
1357 3239 1458 3301 τὰς
1510 3236 1818 3309 μεσημϐρι-

245 3334 334 3398 νὰς
374 3334 779 3390 ἀποτελεῖσθαι.
812 3335 967 3405 Ἔχει
1002 3333 1060 3387 66
1090 3332 1151 3385 :6
1185 3332 1282 3403 μὲν
1305 3331 1477 3401 ἦμισυ
1520 3329 1662 3401 ὑπὲρ
1693 3330 1817 3400 γῆν,

244 3427 301 3481 :6
337 3429 394 3483 66
421 3429 615 3502 ἕτερον
650 3429 824 3500 ἥμισυ
853 3426 960 3479 61:6
991 3426 1117 3497 γῆν,
1150 3424 1244 3477 καὶ
1278 3424 1440 3486 αὐτὸς
1469 3422 1557 3476 διὰ
1584 3421 1694 3475 τῶν
1725 3421 1822 3475 1:6-

245 3518 344 3574 λων
373 3520 826 3592 ἀντιτεμνόμενος
846 3517 969 3589 δίχα
1004 3517 1108 3570 61:6
1136 3515 1228 3569 :06
1260 3514 1553 3586 ὁρίζοντος.
1594 3512 1820 3584 Ὀρίςων

246 3608 319 3677 δὲ,
345 3610 482 3664 καθὰ
524 3608 868 3682 προείρηται,
893 3606 1051 3660 61:1“
1076 3605 1185 3658 τῶν
1214 3602 1593 3675 παραλλήλων.
1633 3602 1691 3654 Ὁ
1725 3601 1821 3671 μὲν

248 3699 349 3770 γάρ
378 3702 662 3772 ἀρκτικὸς,
687 3700 969 3771 ἐλάχιστος
995 3696 1090 3762 ὢν,
1122 3696 1241 3759 ὅλος
1274 3695 1416 3766 ὑπὲρ
1441 3695 1547 3765 γῆν
1575 3695 1719 3747 ἐστι.
1737 3732 1751 3746 .
1772 3734 1784 3747 .
1803 3732 1821 3760 ,

248 3790 333 3844 διὰ
354 3793 451 3864 τὴν
478 3794 556 3858 ὡς
602 3791 739 3861 πρὸς
768 3791 829 3844 :6
868 3790 968 3861 τῆς
1007 3788 1255 3851 Ἑλλάδος
1288 3787 1456 3858 κλίμα
1482 3784 1574 3838 τοῦ
1613 3784 1822 3854 κόσμου

252 3882 501 3953 ἔγκλισιν,
531 3885 850 3955 ἁπτομένης
879 3881 1043 3936 αὐτοῦ
1071 3881 1174 3952 τῆς
1204 3882 1355 3934 κάτω
1388 3875 1741 3950 περιφερείας
1759 3913 1823 3931 ...

253 3977 340 4032 τοῦ
370 3979 637 4033 ἀνάπαλιν
659 3976 764 4031 61:6
802 3976 907 4047 γῆν
932 3975 1052 4037 ὅλος
1082 3973 1335 4045 ὑπάρχει.

329 4068 385 4122 Ὀ
415 4068 472 4123 δὲ
502 4066 836 4141 ἰσημερινὸς,
873 4065 1131 4137 μέγιστος
1156 4063 1253 4128 ὢν,
1293 4063 1455 4133 μέσος
1480 4060 1588 4114 τῶν
1612 4058 1824 4130 παραλ-

254 4155 442 4228 λήλων,
478 4161 540 4214 τὸ
582 4159 682 4231 μέν
721 4159 894 4230 ἥμισυ
938 4155 1051 4228 ἔχει
1092 4155 1232 4226 ὑπὲρ
1281 4154 1385 4225 γῆν
1427 4150 1754 4223 τεμνόμενον
1777 4151 1823 4182 ²²

259 4249 357 4304 61:6
384 4251 477 4305 :06
505 4251 780 4323 ὁρίζοντος
808 4249 931 4320 δίχα
948 4264 963 4278 ·
989 4247 1050 4301 :6
1069 4247 1127 4301 δὲ
1153 4246 1334 4299 λοιπὸν
1364 4245 1535 4316 ἥμισυ
1567 4242 1672 4297 61:6
1698 4242 1820 4310 γῆν.

259 4324 592 4410 Τέμνεταιέί³
635 4340 723 4395 διὰ
773 4341 952 4411 μέσων
994 4338 1116 4408 δίχα
1166 4335 1309 4391 κατὰ
1353 4335 1446 4389 δύο
1480 4336 1717 4407 σημεῖα·
1749 4327 1824 4387 ῶν

258 4431 394 4485 κατὰ
427 4434 524 4503 μὲν
550 4433 613 4488 :6
651 4432 708 4487 ἒν
734 4435 768 4504 ἡ
793 4431 887 4486 τοῦ
922 4430 1095 4507 Κριοῦ
1130 4432 1277 4484 ἐστιν
1315 4427 1475 4500 ἁρχὴ,
1502 4427 1642 4481 κατὰ
1671 4425 1727 4479 δὲ
1764 4425 1826 4479 :6

1910 569 2164 626 diametri
2194 589 2321 627 cum
2352 574 2609 640 invicem,
2658 582 2775 630 tum
2808 578 2999 633 mundi
3047 580 3313 637 diametro
3347 592 3475 637 sunt

1909 666 2168 734 aequales,
2195 675 2249 721 et
2279 682 2512 736 quorum
2558 666 2702 723 idem
2746 675 2834 724 est
2860 670 3159 741 mundique
3201 670 3469 729 centrum.

1909 755 2123 813 Rursus
2167 757 2263 813 ille
2288 758 2381 828 qui
2417 773 2514 828 per
2541 759 2721 816 media
2761 760 3043 816 transiens
3067 763 3220 832 signa
3249 763 3470 829 dicitur,

1909 850 1968 905 in
2000 847 2227 904 zodiaco
2268 849 2448 905 medio
2501 849 3056 921 positus,-heliacus,
3105 862 3155 908 et
3206 855 3473 924 eclipticus

1911 942 2249 1013 appellatur;
2296 942 2562 1009 heliacus,
2612 945 2758 1015 quod
2800 945 2976 1015 ipsum
3023 947 3106 1000 sol
3150 947 3340 1003 itinere
3374 946 3479 1004 suo

1911 1042 2192 1105 peragrat,
2256 1035 2529 1103 eclipticus
2606 1035 2751 1105 quod
2823 1036 2877 1090 in
2939 1052 3006 1092 eo
3059 1038 3143 1092 sol
3215 1053 3279 1093 ac
3350 1040 3476 1093 luna

1910 1122 2159 1179 delectus
2187 1123 2489 1193 patiuntur.
2512 1123 2592 1178 Ad
2614 1124 2728 1180 haec
2753 1124 2894 1180 inter
2919 1127 3208 1195 parallelos
3237 1129 3475 1183 arcticus

1911 1215 1989 1269 ita
2023 1214 2341 1269 nominatus
2377 1221 2484 1282 est,
2519 1215 2666 1284 quod
2702 1215 2769 1270 ad
2799 1223 3015 1272 arctoas
3057 1219 3248 1273 mundi
3295 1231 3477 1289 partes

1912 1306 2165 1374 accedat;
2205 1298 2430 1362 aestivus
2455 1308 2721 1378 tropicus,
2751 1309 3007 1378 quoniam
3038 1325 3162 1365 cum
3206 1312 3286 1366 sol
3326 1313 3382 1366 in
3411 1329 3476 1368 eo

1911 1407 2184 1464 versatur,
2212 1399 2370 1453 initio
2393 1398 2613 1465 Cancri,
2638 1400 2857 1470 quando
2879 1401 3067 1454 vertici
3094 1411 3282 1457 nostro
3307 1404 3478 1472 potis-

1912 1491 2110 1546 simum
2142 1490 2410 1557 imminet,
2433 1491 2650 1546 aestivas
2676 1491 3063 1546 conversiones
3078 1490 3255 1546 efﬁcit.
3291 1492 3480 1563 Aﬁqui-

1911 1582 2166 1638 noetiali‘s
2202 1581 2323 1637 ideo
2353 1590 2607 1647 vocatur,
2636 1583 2767 1654 quia
2798 1583 2881 1639 sol
2907 1583 2961 1636 in
2994 1584 3113 1654 ipso
3140 1583 3271 1638 facit
3303 1586 3476 1654 aequi-

1911 1677 2096 1731 noctia
2124 1674 2266 1729 duo:
2300 1691 2549 1741 vernum,
2582 1675 2729 1730 circa
2753 1675 2953 1731 Arietis
2986 1675 3233 1742 initium;
3264 1687 3477 1731 autum-

1913 1767 2064 1832 nale,
2120 1767 2265 1821 circa
2312 1765 2604 1821 Chelarum
2642 1766 2876 1820 initium.
2919 1765 3193 1822 Hibernus
3233 1768 3479 1837 tropicus

1912 1867 2017 1925 est,
2068 1861 2125 1915 in
2161 1875 2290 1933 quo,
2324 1859 2474 1913 circa
2504 1859 2719 1913 initium
2751 1859 3095 1928 Capricorni,
3130 1859 3212 1915 sol
3259 1859 3327 1913 ab
3354 1875 3478 1914 ver-

1913 1951 2021 2005 tice
2073 1958 2265 2006 nostro
2328 1949 2543 2016 longius
2596 1949 2896 2005 abscedens
2924 1949 3203 2018 illibernas
3253 1963 3481 2004 conver-

1913 2043 2097 2099 siones
2135 2043 2314 2097 l‘acit:
2359 2041 2693 2097 antarctieus
2737 2041 2962 2112 aequalis
3002 2042 3208 2096 arctico
3255 2041 3323 2094 ad
3379 2057 3480 2095 au-

1913 2133 2132 2189 stralem
2156 2134 2340 2202 polum
2368 2133 2696 2197 collocatur;
2720 2132 2815 2202 qui
2837 2139 3016 2187 autem
3043 2146 3141 2202 per
3166 2132 3319 2203 polos
3333 2130 3481 2186 ducti

1912 2226 2000 2281 vel
2040 2224 2247 2295 obliqui
2286 2224 2567 2289 dicuntur,
2627 2224 2697 2278 ab
2738 2224 2847 2278 situ
2895 2237 3093 2278 nomen
3130 2230 3480 2293 acceperunt.

1917 2316 2193 2373 Zodiacus
2219 2316 2341 2372 ideo
2363 2325 2611 2380 vocatur,
2641 2316 2789 2386 quod
2814 2313 2871 2369 in
2895 2331 2960 2371 eo
2988 2314 3273 2370 duodecim
3304 2315 3481 2377 zodia,

1913 2409 2019 2464 hoc
2062 2416 2149 2463 est
2186 2404 2631 2462 constellationes
2668 2404 3007 2468 animalium,
3036 2402 3281 2474 elligiatae
3304 2412 3479 2460 sunt:

1915 2499 2075 2571 cujus
2095 2500 2153 2554 in
2181 2498 2362 2554 medio
2392 2497 2486 2568 qui
2509 2497 2810 2551 collocatus
2842 2500 2924 2549 est
2963 2495 3204 2550 circulus
3243 2496 3483 2566 tr0picos

1913 2590 1971 2645 in
2015 2603 2127 2643 uno
2174 2595 2384 2658 puncto
2433 2586 2724 2657 contingit.
2765 2584 2899 2638 Nam
2954 2585 3011 2640 in
3053 2585 3243 2641 aestivo
3275 2585 3486 2654 tr0pico

1914 2681 2113 2736 Cancri
2134 2687 2219 2735 est
2243 2679 2482 2745 initium,
2528 2678 2587 2732 in
2604 2677 2856 2741 hiberno,
2881 2674 3224 2746 Capricorni.
3252 2675 3485 2730 Lacteus

1915 2771 2159 2827 circulus
2209 2785 2239 2823 a
2271 2770 2456 2824 colore
2488 2768 2570 2823 sic
2598 2767 2801 2822 dicitur
2826 2785 2840 2822 ι
2871 2767 3073 2837 quippe
3102 2766 3369 2821 candidus
3389 2781 3488 2836 ap-

1896 2856 2091 2932 paret,
2116 2876 2181 2916 ac
2215 2876 2315 2932 per
2340 2861 2583 2930 tropicos
2611 2859 2834 2930 obliquo
2871 2865 2925 2914 et
2967 2858 3085 2928 ipse
3118 2866 3296 2913 tractu
3332 2858 3489 2913 duci-

1914 2961 2027 3020 tur,
2048 2954 2302 3025 quamvis
2328 2953 2610 3023 paululum
2654 2952 2799 3006 citra
2848 2951 3114 3006 ﬂectitur.
3157 2949 3489 3006 leridianus

1916 3056 2020 3112 est,
2047 3047 2104 3101 in
2136 3062 2245 3117 quo
2274 3045 2544 3100 ﬁnitorem
2574 3043 2641 3098 ad
2680 3043 2838 3115 polos
2881 3051 3124 3107 secante,
3160 3048 3217 3096 et
3262 3041 3319 3095 in
3349 3041 3490 3097 duos

1919 3134 2301 3191 semicirculos
2378 3132 2691 3201 dividente;
2756 3147 2992 3203 quorum
3062 3148 3206 3187 unus
3255 3133 3488 3196 ortivus,

1925 3228 2062 3283 alter
2113 3226 2361 3281 occiduus
2393 3226 2637 3291 dicitur,
2687 3224 2993 3280 meridiana
3048 3230 3323 3278 momenta
3360 3238 3492 3278 con-

1923 3317 2163 3388 tingunt.
2222 3316 2399 3387 Hujus
2439 3332 2567 3387 pars
2625 3314 2851 3370 dimidia
2907 3330 3072 3386 supra
3116 3324 3315 3369 terram
3372 3321 3489 3382 est;

1924 3409 2029 3464 sub
2072 3416 2221 3464 terra
2269 3407 2496 3463 dimidia
2541 3422 2670 3478 pars
2720 3407 2911 3461 altera.
2942 3405 3089 3461 ldem
3119 3412 3174 3460 et
3212 3420 3309 3476 per
3336 3405 3494 3476 polos

1921 3498 2176 3554 bifariam
2208 3499 2278 3552 ab
2311 3498 2594 3553 horizonte
2624 3496 2926 3552 dividitur:
2957 3496 3418 3568 quemadmodum
3459 3512 3491 3552 a

1922 3590 2200 3660 parallelis
2242 3589 2585 3645 horizontem
2628 3590 2811 3660 ipsum
2850 3590 3024 3645 secari
3057 3589 3491 3645 diximus:nam

1923 3684 2196 3751 arcticus,
2255 3682 2517 3739 minimus
2563 3698 2686 3736 cum
2744 3683 2836 3747 sit,
2886 3689 3032 3737 totus
3078 3697 3242 3753 supra
3285 3690 3489 3737 terram

1924 3775 2125 3830 eminet
2157 3815 2171 3830 .
2203 3814 2216 3826 .
2248 3813 2261 3826 .
2291 3815 2305 3828 .
2333 3811 2347 3825 .
2382 3773 2453 3828 ob
2501 3773 2912 3829 inclinationem
2963 3774 3151 3828 mundi
3183 3774 3488 3829 secundum

1923 3864 2145 3922 Graeciae
2174 3866 2359 3930 clima,
2383 3866 2682 3937 attingente
2711 3867 2889 3937 ipsum
2925 3865 3180 3921 inferiore
3207 3866 3439 3922 ambitu.
3470 3899 3489 3925 ο

1976 3998 1991 4015 .
2025 4000 2038 4012 .
2075 3959 2196 4014 vice
2220 3973 2376 4013 versa
2398 3965 2548 4015 totus
2579 3958 2683 4013 sub
2703 3965 2851 4013 terra
2879 3957 3174 4014 delitescit.

1995 4051 2415 4122 Equinoctialis
2448 4051 2691 4108 circulus
2739 4052 3039 4116 maximus,
3086 4067 3152 4107 ac
3205 4051 3497 4123 parallelo—

1922 4159 2047 4198 rum
2077 4143 2310 4207 medius,
2336 4141 2564 4198 dimidia
2596 4143 2680 4196 sui
2710 4150 2864 4212 parte
2891 4157 3056 4212 supra
3087 4149 3291 4196 terram
3330 4141 3463 4196 attol

1925 4238 2075 4305 litur,
2105 4235 2360 4291 bifariam
2392 4236 2463 4290 ab
2492 4236 2776 4290 horizonte
2803 4234 3037 4299 divisus,
3070 4234 3239 4289 altera
3266 4234 3494 4289 dimidia

1923 4339 2080 4402 parte
2114 4331 2218 4385 sub
2250 4337 2397 4386 terra
2445 4329 2795 4399 deprimitur.
2849 4328 2909 4382 In
2964 4327 3065 4384 has
3119 4342 3253 4382 vero
3309 4335 3497 4400 partes

1925 4423 2063 4479 duas
2091 4420 2303 4477 duobus
2332 4420 2388 4473 in
2446 4419 2666 4490 punctis
2701 4426 2956 4474 secatur:
2996 4420 3250 4489 quorum'
3273 4418 3329 4471 in
3385 4432 3497 4473 uno

260 4522 493 4599 ἓτερονή
525 4527 633 4582 τῶν
676 4526 895 4598 Χηλῶν.
938 4522 1045 4579 Τοῦ
1092 4523 1274 4594 μέντοι
1311 4520 1524 4593 θερινοῦ
1562 4516 1818 4592 τροπικοῦ

1928 4515 2130 4571 Arietis
2180 4523 2265 4569 est
2303 4513 2538 4577 initium,
2567 4512 2620 4567 in
2674 4512 2867 4579 altero,
2921 4511 3232 4567 Chelarum.
3280 4509 3496 4579 Trepici

262 4618 412 4674 πλέον
434 4620 467 4691 ἣ
494 4622 554 4675 :6
580 4622 752 4692 ἥμισυ
782 4619 923 4690 ὑπὲρ
953 4618 1058 4687 γῆν
1083 4615 1189 4670 61:6
1214 4615 1308 4669 :06
1329 4614 1600 4686 ὁρίζοντος
1630 4613 1827 4684 τέμνε-

261 4722 373 4761 ται·
405 4711 466 4763 :6
495 4711 552 4771 δὲ
583 4709 769 4765 λοιπὸν
796 4709 969 4779 ἦμισυ
1002 4707 1108 4760 61:6
1137 4706 1239 4776 γῆν
1265 4707 1402 4758 ἐστι.
1440 4705 1550 4758 Καὶ
1587 4702 1679 4757 τοῦ
1718 4721 1831 4774 χει-

265 4801 476 4871 μερινοῦ
505 4803 562 4856 δὲ
582 4799 841 4874 τροπικοῦ
872 4799 1156 4884 ἀνάπαλιν.
1189 4800 1311 4852 Εἰσί
1337 4816 1396 4852 τε
1419 4798 1704 4860 ἐλάσσονες
1730 4797 1829 4868 μὲν

262 4892 367 4945 τῶν
412 4896 713 4965 μεγίστων·
748 4895 994 4966 μείζονες
1021 4893 1078 4945 66
1102 4891 1211 4944 τῶν
1244 4891 1562 4961 ἐλαχίστων.
1598 4890 1661 4943 Οἱ
1699 4889 1746 4922 ³⁵
1771 4889 1828 4942 δὲ

264 4983 498 5058 ἀλλήλοις
530 4989 667 5059 μετὰ
697 4989 822 5049 τοὺς
847 4986 1153 5058 μεγίστους.
1171 4986 1272 5036 ὅτε
1301 4982 1511 5054 θερινὸς
1537 4980 1614 5051 τῷ
1641 4997 1830 5051 χειμε-

269 5073 412 5144 ρινῷ,
439 5078 531 5130 καὶ
562 5080 589 5131 6
616 5077 873 5147 ἀρκτικὸς
910 5074 989 5146 τῷ
1027 5071 1393 5144 ἀνταρκτικῷ.
1437 5071 1568 5123 Ἀπὸ
1593 5070 1700 5140 γὰρ
1731 5069 1825 5122 τοῦ

272 5163 572 5238 ίσημερινοῦ
600 5168 712 5223 ἴσον
738 5168 1050 5239 ἀπέχουσιν,
1084 5166 1143 5229 ὃς
1169 5163 1257 5217 διά
1291 5163 1386 5216 τοῦ
1417 5164 1646 5233 κέντρου
1682 5162 1827 5214 ἐστὶν

271 5291 287 5306 .
307 5293 320 5307 .
343 5292 358 5307 .
379 5295 393 5307 .
415 5299 429 5311 .
447 5259 503 5310 ἐν
529 5259 813 5330 διαφοραῖς
856 5257 968 5311 ῐσον
993 5257 1289 5327 ἀπέχοντος
1329 5252 1435 5308 ἀπὸ
1460 5253 1554 5306 τοῦ
1602 5252 1827 5323 κέντρου

270 5343 369 5397 (eo:
399 5348 523 5404 εἰσί.
553 5350 898 5423 Τεμνομένου
937 5349 1044 5419 γὰρ
1076 5347 1170 5402 τοῦ
1216 5345 1589 5419 μεσημϐρινοῦ
1629 5346 1827 5400 κύκλου

268 5434 343 5496 εἰς
369 5437 443 5502 τξ¹
476 5440 690 5513 μοίρας,
733 5440 841 5495 ἀπὸ
869 5441 915 5472 ³⁵
957 5437 1333 5511 μεσημϐρινοῦ
1361 5436 1563 5490 κύκλου
1597 5437 1691 5491 61:1
1736 5437 1827 5490 τὸν

267 5524 513 5596 ἀρκτικὸν
537 5533 736 5588 κύκλον
768 5532 977 5605 μοιρῶν
1013 5527 1101 5596 τς¹
1128 5531 1207 5563 ’⁸⁸
1241 5528 1349 5583 ἀπὸ
1382 5529 1440 5582 δὲ
1478 5527 1571 5582 τοῦ
1616 5529 1710 5582 61:1
1736 5528 1828 5584 τὸν

1927 4608 2101 4666 aestivi
2153 4608 2387 4679 amplius
2433 4605 2660 4662 dimidio
2714 4605 2787 4661 ab
2839 4605 3127 4661 horizonte
3178 4604 3497 4659 intercisum

1930 4717 2100 4772 supra
2148 4708 2352 4756 terram
2390 4700 2650 4770 assurgit,
2678 4699 2948 4771 reliquum
3003 4698 3105 4754 sub
3137 4706 3338 4753 terram
3373 4696 3499 4751 abs-

1929 4795 2206 4853 conditur.
2238 4778 2241 4783 6
2269 4794 2476 4848 Contra
2539 4807 2599 4849 se
2671 4793 2834 4847 habet
2903 4791 3170 4847 hibernus
3229 4790 3495 4860 tropicus.

1929 4888 2105 4943 Ambo
2152 4887 2243 4943 isti
2281 4895 2341 4942 ut
2383 4886 2624 4941 minores
2668 4884 2922 4939 maximis
2955 4892 3105 4949 sunt,
3132 4883 3228 4939 ‘sie
3260 4880 3499 4935 minimis

1932 4981 2194 5051 majores.
2247 4978 2378 5035 Post
2432 4978 2701 5033 maximos
2763 4976 3002 5046 aequales
3057 4981 3185 5029 sunt
3242 4972 3496 5035 invicem,

1932 5073 2177 5142 tropicus
2229 5071 2452 5126 aastivus
2495 5069 2748 5133 hiberno,
2798 5074 2851 5121 et
2886 5066 3123 5120 arcticus
3153 5060 3495 5117 antarctico:

1933 5164 2136 5235 quippe
2169 5162 2238 5215 ab
2269 5158 2637 5230 aequinoctiali
2663 5158 2866 5212 distant
2890 5154 3174 5225 :equaliter
3202 5171 3216 5206 :
3248 5148 3500 5237 qui‘ceu-

1932 5263 2079 5309 trum
2108 5252 2423 5309 continent.
2449 5251 2551 5317 Qui
2585 5260 2764 5305 autem
2795 5248 2987 5303 circuli
3024 5263 3092 5301 ex
3125 5259 3282 5314 :equo
3307 5237 3499 5296 remoti

1935 5353 2066 5400 sunt
2117 5359 2149 5397 a
2194 5350 2406 5405 centro,
2453 5350 2580 5397 sunt
2624 5339 2863 5409 aequales
2906 5338 3161 5392 invicem.
3192 5332 3406 5387 Etenim
3449 5327 3496 5383 si

1935 5437 2299 5493 meridianum
2349 5435 2615 5490 circulum
2668 5436 2721 5487 in
2777 5430 2881 5487 360
2942 5438 3126 5501 partes
3175 5425 3497 5486 distribuas,

1936 5536 2103 5585 erunt
2143 5543 2174 5582 a
2205 5527 2330 5600 polo
2359 5525 2550 5581 mundi
2583 5523 2648 5579 ad
2685 5522 2948 5580 arcticum
2994 5519 3283 5583 circulum,
3315 5520 3499 5586 partes

338 5708 376 5740 "
399 5709 439 5778 f.
471 5710 667 5786 οῦτως.
730 5716 788 5786 _’°
816 5715 856 5785 Ῑ.
878 5714 987 5786 διά.
1036 5715 1114 5786 Α²¹μ
1330 5715 1386 5786 β²²
1417 5712 1460 5781 f.
1489 5713 1818 5786 τεμνόμενος

1920 5712 1960 5746 ³³
1984 5712 2026 5784 f.
2051 5713 2303 5786 τέμνεται
2327 5711 2404 5767 δέ.
2481 5711 2527 5745 ’⁵
2549 5711 2591 5781 f.
2625 5711 2749 5766 [σοι.
2823 5708 2868 5741 ³⁸
2901 5705 3117 5763 Videtur
3143 5701 3308 5758 πόλου
3322 5699 3499 5771 lege“:

270 5778 407 5836 dum.
482 5784 527 5816 ³⁸
564 5778 691 5857 Leg.
730 5778 837 5851 λῖς-ί.
869 5784 996 5841 Mox
1024 5783 1130 5839 ἀπὸ
1160 5783 1217 5837 66
1253 5778 1464 5839 τοῦτοῦ.
