3950 6266
429 337 601 411 ~usi
1494 359 1587 414 AD
1624 357 1892 416 EUSEBII
1933 357 2331 417 cunosncon
2367 359 2728 418 APPENDIX.
3585 363 3718 420 “se

462 469 552 524 36.
580 466 719 523 Hinc
733 465 801 522 ad
824 467 1071 523 aestivum
1095 469 1388 540 tropicum,
1411 470 1514 538 '50;
1548 471 1617 527 ab
1645 472 1750 527 hoc
1771 473 1839 529 ad
1867 473 2038 544 aequi—

2159 475 2355 547 iepwbv
2388 476 2647 547 τροπικὸν
2687 474 2731 527 λ’
2759 489 2773 504 ⁶
2794 475 2889 545 ἀφ’
2914 467 2977 528 οὗ
3005 473 3098 530 ἐπὶ
3123 474 3217 530 τὸν
3243 475 3567 548 ἰσημερινὸν
3610 479 3684 530 κδ’
3701 494 3716 511 ·

461 559 751 616 noctialem
783 558 893 627 24;
923 560 1051 615 inde
1095 561 1161 616 ad
1194 562 1580 627 antarcticum,
1616 562 1717 626 50;
1773 580 1804 618 a
1833 580 1940 634 quo
1969 564 2035 619 ad

2159 568 2237 636 icp’
2266 563 2326 623 οὗ
2356 571 2450 622 ἐπὶ
2481 569 2574 622 τὸν
2619 569 2875 639 ἀρκτικὸν
2903 571 2947 600 ’⁷
2979 569 3044 622 λ’.
3078 567 3239 622 Ὅθεν
3269 571 3363 623 ἐπὶ
3408 569 3504 622 τὸν
3541 570 3718 638 ἀφανῆ

461 648 647 717 polum
694 649 990 703 australem
1035 647 1124 702 56.
1171 646 1266 705 Ha;
1315 659 1444 706 sunt
1490 651 1594 706 180
1640 661 1826 723 partes
1873 669 2037 724 supra

2159 659 2307 714 ιτόλον
2334 661 2441 725 λς’,
2472 660 2580 714 Καί
2609 663 2744 713 εἰσιν
2771 653 2929 713 αὗται
2951 659 3044 712 τοῦ
3069 659 3208 731 ὑπὲρ
3232 660 3332 730 γῆν
3355 660 3718 730 ἡμισφαιρίου

461 751 662 796 terram
711 741 1043 812 emergentis
1089 741 1498 812 hemisphaerii:
1536 745 1761 816 reliqua:
1810 747 2035 802 alterius

461 840 591 890 sunt
618 832 722 889 sub
752 842 899 887 terra
931 833 1158 889 conditi.

1098 945 1176 1000 De
1217 947 1401 1002 astris.

531 1059 668 1115 Vlll.
701 1059 990 1116 Astrorum
1033 1061 1137 1114 alia
1166 1060 1292 1125 ﬁxa,
1312 1061 1416 1114 alia
1453 1062 1695 1116 errantia
1727 1073 1994 1116 vocantur
2014 1085 2032 1117 -.

464 1151 569 1207 ﬁxa
581 1152 856 1216 dicuntur,
871 1167 990 1222 quae
1004 1151 1060 1205 in
1081 1151 1269 1205 mundi
1295 1153 1702 1222 superﬁcieinon
1723 1160 2031 1213 moventur,

463 1244 562 1302 sed
593 1245 846 1300 eumdem
898 1243 1145 1298 ordinem
1180 1245 1326 1299 inter
1375 1260 1434 1298 se
1488 1253 1748 1314 perpetuo
1789 1251 2029 1299 servant.

406 1334 407 1337 “
463 1337 713 1391 Errantia
742 1344 870 1392 sunt
915 1336 998 1392 sol
1025 1343 1080 1391 et
1111 1336 1261 1401 luna,
1291 1351 1356 1391 ac
1390 1337 1569 1391 cteteri
1605 1337 1833 1405 planetae
1874 1337 2034 1406 quin-

465 1444 592 1498 que.
643 1429 718 1482 Ex
763 1427 850 1481 his
881 1426 1027 1481 enim
1082 1426 1166 1480 sol
1201 1463 1218 1480 .
1245 1467 1264 1498 ._
1293 1466 1308 1482 .
1343 1426 1399 1480 in
1437 1441 1547 1480 uno
1587 1426 1798 1480 zodiaci
1840 1427 2032 1480 circuli

463 1519 584 1572 loco
608 1524 910 1580 moventur,
949 1496 1570 1572 stationem'faciunt....
1613 1514 1942 1585 repedantes
1965 1515 2032 1568 ad

466 1617 832 1681 permeantem
862 1609 1042 1663 media
1076 1609 1234 1679 signa
1279 1609 1550 1662 circulum
1585 1626 1598 1662 :
1632 1614 1685 1661 et
1718 1607 1784 1661 ad
1818 1615 2034 1677 septen-

465 1704 693 1766 triones,
728 1710 821 1755 aut
849 1699 1004 1772 ιω
1023 1701 1625 1770 meridiem,aequaliter
1650 1701 1715 1753 ad
1740 1707 2036 1768 utrumque

465 1791 835 1848 deﬂectentes.
874 1790 1237 1845 lnerrantium
1268 1789 1549 1845 stellarum
1577 1789 1697 1841 alia:
1727 1788 1794 1842 ad
1819 1788 2032 1858 aquilo-

471 1900 594 1938 nem
628 1899 657 1936 a
691 1884 918 1938 zodiaco
941 1882 1149 1936 circulo
1178 1881 1442 1936 recedunt
1470 1898 1484 1935 :
1519 1880 1583 1934 ad
1609 1887 1856 1934 austrum
1889 1879 2030 1934 aliae.

469 1975 738 2030 Dicuntur
785 1981 966 2028 autem
1006 1974 1256 2028 boreales
1287 1981 1492 2042 partes,
1525 1971 1752 2036 dextrae,
1786 1971 2039 2040 superio-

469 2078 707 2133 resque:
764 2070 824 2117 ut
877 2079 996 2133 quae
1029 2061 1374 2117 sublimiores
1423 2063 1693 2117 exsistant
1734 2062 2027 2126 australes,

472 2157 729 2221 sinistrae,
759 2162 814 2211 et
847 2155 1152 2210 inferiores.
1181 2153 1299 2208 Jam
1332 2169 1464 2209 vero
1507 2169 1632 2209 cum
1689 2153 1929 2208 mundus
1971 2153 2040 2207 ab

468 2258 592 2305 ortu
619 2255 901 2303 moveatur
925 2247 978 2300 in
1005 2261 1285 2311 occasum,
1309 2245 1588 2300 contrario
1626 2252 1774 2300 motu
1813 2246 2042 2314 planetae

467 2341 832 2397 nihilominus
893 2343 1216 2411 agitantur:
1272 2353 1336 2393 ac
1386 2347 1610 2409 propter
1667 2338 2043 2394 conversionis

468 2431 659 2487 mundi
690 2431 1050 2498 celeritatem,
1085 2429 1276 2486 itidem
1310 2437 1370 2485 ut
1406 2429 1714 2486 inerrantes
1756 2428 1814 2485 in
1855 2430 2040 2485 orbem

469 2524 690 2579 cientur

1121 2725 1200 2789 De
1231 2726 1403 2782 zonis.

542 2847 636 2903 1X.
654 2847 937 2904 Parallelis
953 2846 1177 2902 circulis
1193 2860 1345 2900 zonae
1361 2843 1603 2914 quinque
1617 2839 1876 2910 subjectae
1902 2843 2052 2892 sunt:

471 2938 731 3003 borealis,
752 2953 873 3008 quae
900 2944 1013 2992 tota
1045 2949 1208 3005 supra
1229 2941 1428 2988 terram
1449 2931 1695 2986 eminens
1723 2935 1826 2992 est,
1845 2922 2056 2979 inhabi-

475 3031 681 3094 tabilis,
707 3031 929 3094 alsiosa,
957 3027 1196 3083 Saturno
1217 3027 1393 3081 dicata
1415 3021 1784 3092 ;sexagesima
1801 3014 2057 3086 scrupula

474 3137 572 3180 sex
590 3129 804 3194 patens,
834 3137 899 3176 ac
918 3119 1218 3176 stadiorum
1247 3116 1478 3186 25,200;
1512 3128 1636 3167 nam
1661 3109 1918 3180 scrupulo
1937 3105 2057 3162 cui-

2141 1605 2270 1659 κλου
2296 1608 2587 1672 κινοῦνται,
2610 1608 2952 1680 στηρίζονται
2973 1624 2985 1638 ·
3022 1648 3034 1662 .

2146 750 2348 824 μοιρῶν
2383 758 2492 824 ρπ’,
2521 754 2576 804 αί
2614 751 2672 804 δὲ
2699 751 2882 804 λοιπαὶ
2913 750 3008 804 τοῦ
3043 751 3146 803 ὑπὸ
3168 753 3289 823 γῆν.

2707 948 2850 1017 Περὶ
2880 947 3135 1017 ἄστρων.

2215 1059 2297 1113 H'.
2335 1059 2455 1114 Τῶν
2478 1060 2533 1114 δὲ
2561 1059 2774 1132 ἄστρων
2797 1059 2866 1112 τὰ
2897 1060 2996 1130 μὲν
3017 1060 3231 1131 ἀπλανῆ
3265 1061 3532 1122 καλεῖται,
3569 1060 3638 1113 τὰ
3665 1061 3721 1113 δὲ

2142 1149 2464 1221 πλανώμενα
2481 1169 2492 1180 '
2530 1151 2743 1220 ἀπλανῆ
2771 1152 2868 1222 μὲν
2889 1152 2957 1204 τὰ
2983 1152 3122 1205 κατὰ
3150 1151 3247 1223 τὴν
3274 1153 3604 1222 ἐπιφάνειαν
3629 1153 3720 1205 τοῦ

2141 1240 2348 1310 κόσμου
2386 1240 2459 1312 μὴ
2486 1241 2798 1312 κινούμενα,
2832 1241 2945 1294 ἀλλ’
2971 1242 3057 1294 ἀεὶ
3080 1242 3174 1312 τὴν
3205 1243 3374 1312 αὐτὴν
3401 1243 3602 1312 ἔχοντα
3633 1243 3722 1295 τά-

2141 1330 2224 1397 ξιν
2256 1332 2393 1403 πρὸς
2436 1331 2675 1403 ἄλληλα·
2717 1331 3044 1402 πλανώμενα
3090 1333 3146 1386 δέ
3193 1335 3341 1386 ἐστιν
3378 1335 3406 1387 ὃ
3456 1352 3518 1386 τε
3573 1335 3726 1403 ἣλιος

2140 1423 2234 1476 καὶ⁵
2275 1424 2310 1494 ἡ
2351 1423 2569 1495 σελήνη,
2612 1425 2706 1476 καὶ
2741 1425 2787 1476 oi
2830 1429 2870 1476 ε’
2902 1425 3166 1496 πλανῆται
3210 1425 3459 1495 ἀστέρες.
3503 1425 3727 1477 Τούτων

2140 1513 2248 1584 γὰρ
2278 1516 2307 1566 ὁ
2350 1515 2446 1584 μὲν
2479 1515 2628 1585 ἣλιος
2656 1557 2668 1570 ,
2698 1553 2714 1568 .
2737 1554 2752 1568 .
2779 1558 2791 1570 .
2831 1516 2916 1583 ἐφ’
2950 1516 3066 1580 ἑνὸς
3112 1516 3274 1569 τόπου
3315 1516 3587 1581 ζωδιακοῦ
3629 1517 3727 1568 κύ-

3064 1649 3074 1659 .
3104 1648 3117 1661 .
3146 1647 3160 1661 .
3186 1607 3609 1671 ἀναποδίζοντες
3640 1608 3730 1660 ἐπὶ

2139 1696 2232 1751 τὸν
2258 1697 2348 1751 διὰ
2382 1698 2547 1768 μέσου
2575 1699 2664 1752 τὸν
2709 1698 2969 1762 ζωδιακὸν
2991 1697 3209 1762 κύκλον,
3252 1698 3551 1770 παριόντες
3595 1696 3728 1769 πρός

2140 1806 2199 1842 τε
2231 1790 2331 1854 τὰς
2363 1790 2626 1861 ἀρκτικὰς
2686 1791 2778 1844 καὶ
2824 1791 2960 1862 πρὸς
2991 1790 3338 1862 μεσημϐρίαν
3384 1790 3446 1843 τὸ
3488 1789 3607 1842 ἴσον
3647 1787 3729 1855 ἐφ’

2137 1883 2393 1953 ἑκάτερα.
2440 1881 2562 1936 Τῶν
2604 1883 2660 1934 δὲ
2695 1882 2984 1953 πλανήτων
3020 1881 3066 1914 ’⁸
3094 1881 3161 1934 τὰ
3200 1883 3298 1952 μὲν
3344 1880 3486 1950 πρὸς
3523 1881 3730 1951 βορρᾶν

2138 1975 2316 2026 κεῖται
2339 1972 2434 2026 τοῦ
2473 1972 2740 2037 ζωδιακοῦ
2771 1973 2994 2039 κύκλου,
3034 1972 3104 2027 τὰ
3133 1972 3189 2025 δὲ
3229 1972 3366 2043 πρὸς
3401 1973 3580 2025 νότον.
3615 1974 3729 2025 Κα-

2137 2063 2307 2117 λείται
2332 2063 2391 2117 δὲ
2428 2064 2496 2119 τὰ
2536 2065 2633 2135 μὲν
2667 2064 2856 2135 βόρεια
2889 2064 3029 2136 μέρη
3071 2063 3222 2130 δεξιὰ
3261 2081 3321 2117 τε
3365 2066 3460 2116 καὶ
3494 2063 3633 2128 ἄνω,
3675 2063 3732 2114 ὲν

2141 2154 2266 2224 ὕψει
2293 2155 2492 2226 μᾶλλον
2525 2156 2863 2227 ὑπάρχοντα,
2901 2155 2969 2208 τὰ
3000 2157 3056 2208 δὲ
3080 2155 3233 2209 νότια
3257 2153 3520 2225 εὐώνυμά
3542 2171 3604 2207 τε
3644 2155 3732 2207 καὶ

2141 2247 2314 2302 κάτω.
2350 2248 2458 2300 Τοῦ
2491 2247 2674 2319 μέντοι
2703 2249 2908 2319 κόσμου
2947 2247 3044 2320 τὴν
3085 2249 3180 2301 ἀπ’
3216 2247 3489 2318 ἀνατολῆς
3525 2248 3621 2300 ἐπὶ
3654 2248 3734 2300 δύ-

2143 2355 2229 2393 σιν
2264 2339 2437 2411 φορὰν
2486 2339 2877 2411 στρεφομένου,
2908 2339 3009 2411 τὴν
3053 2341 3301 2394 ἐναντίαν
3329 2340 3483 2410 αὐτῷ
3520 2342 3572 2392 oi
3603 2340 3732 2392 πλα-

2144 2435 2304 2504 νῆται
2347 2433 2661 2504 ποιούμενοι
2698 2433 2922 2503 πορείαν
2955 2432 3105 2486 οὐδὲν
3131 2430 3292 2506 ἦττον
3435 2433 3528 2488 διὰ
3555 2432 3618 2486 τὸ
3645 2433 3733 2487 τά·

2145 2543 2239 2598 χος
2273 2527 2374 2597 τῆς
2402 2527 2496 2580 τοῦ
2527 2528 2733 2598 κόσμου
2762 2528 3154 2600 περιστροφῆς,
3183 2529 3732 2600 συμπεριστρεφόμε-

2151 2638 2230 2674 θοι
2258 2620 2461 2693 ὁμοίως
2488 2619 2552 2692 δὴ
2575 2622 2688 2683 τοῖς
2712 2620 3005 2674 ἀπλανέσιν
3033 2622 3273 2691 ἄστροις.

2575 2732 2716 2803 Περὶ
2734 2732 2854 2788 τῶν
2871 2735 2959 2804 μὲν
2985 2732 3066 2804 τῇ
3095 2731 3308 2794 ζωνῶν.

2225 2846 2303 2900 Θ’.
2326 2845 2503 2901 Ζῶναι
2534 2846 2591 2900 δέ
2632 2847 2738 2900 είσι
2770 2845 2872 2916 τῆς
2905 2845 3010 2915 γῆς
3047 2844 3151 2898 ὑπὸ
3184 2846 3310 2910 τοὺς
3355 2843 3734 2916 παραλλήλοκ

2157 2941 2390 3005 κύκλους
2414 2941 2612 3013 ὁμοίως
2647 2947 2687 2993 ε’
2708 2959 2721 2970 ·
2754 2939 2982 3011 βόρειος,
3011 2938 3108 3008 ὅλη
3139 2937 3431 3009 μετέωρος,
3464 2937 3735 3008 ἀοίκητος,

2162 3031 2571 3104 κατεψυγμένη,
2619 3031 2866 3102 Κρόνου’,
2925 3028 3233 3100 ὲξηκοστῶν
3263 3028 3359 3098 μὲν
3393 3027 3470 3093 ς’,
3513 3027 3735 3081 σταδίων

2164 3125 2220 3178 δὲ
2239 3124 2544 3195 δισμυρίων
2589 3129 2680 3194 ⁴εσ¹
2701 3139 2715 3153 ⁸
2747 3121 2809 3175 τὸ
2834 3120 2944 3194 γὰρ
2991 3121 3281 3191 ἑξηκοστὸν
3312 3120 3546 3173 σταδίων
3570 3119 3735 3183 ἐστὶν,

474 3176 813 3286 querendi—:3;
835 3217 1148 3282 competunt
1186 3176 1346 3275 1,200
1388 3176 1523 3279 limo
1560 3176 2048 3275 4,200];—a:stiva,

2159 3176 2261 3287 pta"
2277 3176 2353 3248 7”:
2379 3176 3057 3287 esptvh,lﬁlstova'éiouac;
3075 3176 3156 3265 ’τὰ
3179 3211 3317 3284 ὑπὲρ
3341 3209 3432 3263 τὸν
3465 3176 3734 3288 ὁρίζονταί

476 3307 641 3378 cujus
679 3305 855 3376 major
879 3319 1008 3375 pars
1055 3317 1219 3374 supra
1254 3301 1524 3354 iinitorem
1573 3296 1889 3361 extollitur;
1921 3301 2058 3348 tem-

477 3408 686 3471 perata,
721 3397 778 3452 in
811 3412 918 3468 qua
949 3396 1100 3466 regio
1133 3401 1326 3450 nostra
1357 3391 1460 3447 sita
1487 3397 1602 3455 est;
1633 3387 1897 3442 attributa
1913 3382 2054 3450 Jovi,

477 3491 858 3561 scrupulorum
899 3489 1162 3560 quinque,
1209 3485 1512 3542 stadiorum
1544 3479 1780 3548 21,000;
1817 3478 2059 3548 aequino—

479 3585 658 3641 ctialis
692 3584 956 3654 a'qualem
989 3595 1177 3653 supra,
1225 3577 1475 3647 infraque
1528 3574 1866 3628 horizontem
1913 3569 2059 3624 obti-

478 3693 617 3734 nens
649 3685 861 3747 partem
881 3713 900 3742 ,
927 3671 1302 3729 inhabitabilis
1329 3677 1436 3735 est,
1477 3678 1690 3729 exusta,
1721 3663 1910 3718 Martis
1941 3675 2063 3731 pro-

479 3770 622 3840 pria,
650 3765 1009 3838 amplitudine
1027 3761 1413 3832 scrupulorum
1430 3765 1577 3826 octo,
1591 3757 1694 3810 hoc
1713 3762 1798 3810 est
1822 3756 1889 3809 ab
1913 3761 2063 3808 utra-

482 3875 591 3929 que
645 3855 1046 3927 aequinoctialis
1096 3860 1252 3922 parte
1303 3863 1575 3921 quatuor;
1633 3846 1724 3900 hic
1761 3845 1906 3900 enim
1952 3853 2062 3896 tam

483 3952 682 4022 ipsam,
706 3963 871 4019 quam
901 3952 1070 3999 totam
1095 3943 1362 4013 sphaeram
1386 3938 1623 3994 mediam
1646 3934 1859 3991 dividit.
1889 3933 2064 3988 Habet

485 4044 783 4102 stadiorum
807 4038 1038 4105 53,600;
1064 4035 1316 4091 hiemalis
1333 4039 1525 4088 contra
1550 4039 1713 4100 atque
1739 4028 1926 4082 aestiva
1949 4042 2066 4080 ma-

479 4138 590 4208 jori
626 4136 712 4192 sui
741 4143 896 4206 parte
925 4132 1027 4188 sub
1052 4129 1334 4184 horizonte
1355 4127 1521 4190 latet,
1552 4120 1890 4185 habitabilis,
1929 4126 2067 4174 tem-

483 4234 706 4299 perata,
745 4225 929 4278 dicata
962 4219 1192 4282 Veneri,
1215 4216 1598 4287 scrupulorum
1640 4213 1906 4284 quinque,
1950 4220 2065 4267 sta-

485 4320 704 4376 diorum
732 4316 972 4383 21,000;
997 4311 1275 4379 australis,
1309 4323 1430 4380 quae
1453 4315 1566 4362 tota
1592 4304 1884 4367 delitescit,
1910 4303 2069 4357 inha-

484 4408 749 4472 bitabilis,
781 4403 1002 4477 frigida,
1037 4403 1104 4457 ad
1135 4399 1464 4456 Mercurium
1493 4396 1770 4467 pertinens
1789 4434 1804 4460 ,
1837 4408 2069 4462 scrupu-

2156 3308 2440 3379 εὔκρατος,
2472 3307 2531 3359 ὲν
2635 3307 2784 3360 ἐστιν
2821 3305 2858 3376 ἡ
2888 3303 3010 3358 καθ’
3048 3305 3197 3374 ἡμᾶς
3239 3302 3534 3372 οἰκουμένη
3557 3340 3571 3364 ,
3599 3301 3736 3362 Διὸς,

2158 3398 2462 3470 ἐξηκοστῶν
2477 3397 2540 3464 ε’,
2557 3397 2784 3451 σταδίων
2800 3397 2857 3450 δὲ
2874 3396 3171 3467 δισμυρίων
3192 3394 3286 3448 καὶ
3298 3411 3348 3465 ,α
3366 3411 3380 3426 ·
3425 3395 3514 3464 ἰση
3523 3393 3736 3464 μερινὴ,

2161 3491 2273 3544 ἴσον
2330 3490 2528 3561 ἔχουσα
2558 3487 2650 3542 τὸν
2687 3488 2829 3559 ὑπὲρ
2885 3487 2987 3559 γῆν
3026 3485 3275 3558 ὁρίζοντα
3311 3485 3386 3556 τῷ
3413 3485 3508 3538 ὑπ’
3556 3485 3737 3547 αὑτὸν,

2160 3583 2435 3654 ἀοίκητος,
2462 3579 2882 3652 διακεκαυμένη,
2909 3581 3140 3650 Ἀρέως,
3186 3576 3494 3647 ἑξηκοστῶν
3541 3578 3643 3646 μὲν
3671 3583 3741 3646 η’,

2162 3675 2222 3741 ἐξ
2244 3675 2508 3746 ἐκατέρου
2537 3673 2735 3744 μέρους
2755 3672 2848 3725 τοῦ
2887 3668 3204 3742 ίσημερινοῦ
3238 3670 3522 3740 τεσσάρων
3545 3684 3558 3696 ·
3591 3662 3739 3729 οὗτος

2161 3766 2271 3836 γὰρ
2323 3765 2492 3836 αὐτὴν
2544 3765 2638 3818 καὶ
2688 3764 2786 3834 τὴν
2841 3763 2967 3832 ὅλην
3030 3762 3265 3832 σφαῖραν
3290 3760 3482 3830 τέμνει
3531 3759 3737 3829 μέσην·

2166 3859 2392 3912 σταδίων
2412 3858 2450 3911 δ’
2488 3857 2828 3928 τρισμυρίων
2862 3855 2956 3909 καὶ
2987 3861 3082 3926 ⁴γχ’
3103 3871 3116 3884 ·
3152 3854 3457 3924 χειμερινὴ,
3477 3852 3740 3905 ἀνάπαλιν

2163 3954 2231 4024 τῇ
2260 3951 2445 4022 Θερινῇ
2471 3949 2651 4000 πλεῖον
2686 3946 2884 4017 ἔχουσα
2905 3945 2965 3998 τὸ
2997 3945 3137 4015 ὑπὲρ
3171 3945 3215 3975 ³⁰
3248 3943 3340 3994 τὸν
3361 3943 3639 4013 ὁρίζοντα,
3670 3945 3743 3995 οἰ-

2164 4043 2427 4115 κουμένη,
2470 4039 2753 4110 εῠκρατος,
2797 4037 3130 4109 Ἀφροδίτης,
3181 4035 3489 4106 έξηκοστῶν
3525 4042 3589 4098 ε’,
3622 4051 3743 4088 στα-

2165 4137 2294 4197 δίων
2329 4135 2386 4188 se
2420 4132 2722 4203 δισμυρίων
2758 4131 2854 4184 καὶ
2881 4147 2964 4200 ,α’
3001 4129 3195 4191 νότιος,
3225 4128 3322 4198 ὅλη
3359 4128 3602 4197 ἀφανὴς,
3635 4127 3743 4178 ἀοί-

2166 4244 2365 4299 κητος,
2409 4221 2797 4294 κατεψυγμένη
2820 4261 2840 4287 ,
2881 4219 3104 4291 Ἑρμοῦ,
3154 4217 3460 4290 ἑξηκοστῶν
3529 4218 3632 4287 μὲν
3673 4223 3742 4282 ς’,

2171 4318 2398 4372 σταδίων
2449 4317 2506 4370 δὲ
2562 4313 2862 4385 δισμυρίων
2885 4309 2993 4384 βό.
3037 4310 3124 4374 Ὠς
3157 4305 3295 4362 εἶναι
3336 4308 3480 4380 ὑπὲρ
3520 4308 3614 4360 τὸν
3637 4307 3744 4378 ὀρί-

2170 4410 2329 4476 ζοντα
2356 4409 2684 4482 περίμετρον
2723 4407 2823 4478 τῆς
2850 4404 2956 4476 γῆς
2984 4401 3254 4476 ἑξηκοστὰ
3282 4401 3378 4472 μὲν
3402 4400 3468 4466 λ’,
3517 4400 3744 4454 σταδίων

487 4503 667 4559 lorum
687 4516 804 4564 sex,
846 4497 1149 4555 stadiorum
1178 4492 1403 4558 25,200.
1439 4489 1785 4561 Colliguntur
1824 4486 2049 4540 ambitus

2167 4501 2441 4577 μυριάδων
2469 4501 2528 4555 δὲ
2571 4500 2636 4571 ιβ’
2661 4498 2755 4554 καὶ
2790 4515 2868 4570 ⁴ς’.

489 4601 652 4648 εει-ηε
680 4605 848 4662 supra
883 4588 1173 4650 ﬁnitorem,
1209 4583 1467 4654 scrupula
1485 4582 1588 4647 50,
1621 4578 2066 4644 stadiorumvero

492 4687 750 4752 126,000.

561 4782 826 4836 Caeterum
855 4777 949 4850 qui
981 4775 1037 4829 in
1071 4770 1262 4829 eodem
1294 4770 1500 4841 degunt
1548 4765 1931 4838 hemisphaerio
1970 4763 2072 4820 bo-

2244 4765 2551 4822 Καλοῦνται
2602 4763 2660 4817 δὲ
2713 4762 2790 4829 oi}
2825 4760 2922 4833 μὲν
2961 4757 3054 4812 ἐπὶ
3082 4757 3176 4812 τοῦ
3201 4755 3365 4812 αὐτοῦ
3391 4755 3742 4828 ἡμισφαιρίου

489 4874 667 4930 reales
706 4848 1104 4940 australesque,
1151 4868 1409 4922 dicuntur
1454 4861 1820 4923 anticbtones,
1875 4857 1969 4927 qui
2014 4857 2049 4911 ii

2178 4859 2378 4934 βόρειοί
2408 4877 2468 4912 τε
2487 4858 2579 4912 καὶ
2599 4875 2686 4911 νοτ
2695 4855 2813 4909 ιώτε
2823 4872 2904 4927 ροι
2926 4853 3302 4916 κατοικοῦντες
3322 4848 3646 4920 αὐτόχθονες
3669 4848 3707 4878 ³⁸
3729 4861 3740 4875 ·

493 4964 708 5019 duobus
738 4959 1141 5033 hcmisphaariis
1187 4969 1356 5027 supra
1383 4952 1636 5020 infraque
1664 4957 1891 5014 terram,
1931 4947 2074 5003 anti-

497 5057 690 5113 nodes.

571 5169 858 5241 Catalogus
887 5167 1243 5241 scriptorum,
1257 5161 1348 5234 qui
1367 5161 1592 5241 Aratum
1608 5155 2002 5212 commentariis

1026 5239 1137 5291 suis
1183 5234 1542 5288 illustrarunt.

715 5355 927 5412 Attalus
956 5353 1223 5407 Rhodius.

714 5425 1069 5482 Aristarchus
1098 5421 1337 5476 Samius.

713 5495 1028 5566 Apollonius
1053 5498 1345 5566 geometra.

715 5561 1019 5637 Antigonus
1039 5561 1445 5633 grammaticus.

2175 4958 2226 5010 οἱ
2259 4955 2315 5008 δὲ
2344 4953 2428 5024 ἐφ’
2453 4949 2715 5022 ἐκατέρου
2740 4948 2848 5002 τῶν
2880 4944 3251 5019 ἡμισφαιρίων
3275 4943 3417 5014 ὑπὲρ
3439 4943 3546 5013 γῆν
3571 4957 3631 4994 τε
3659 4938 3743 4992 καὶ

2179 5047 2284 5102 ὑπὸ
2302 5049 2405 5117 γῆν
2439 5041 2746 5104 ἀντίποδες.

2398 5159 2461 5211 Οἱ
2487 5153 2620 5222 περὶ
2643 5150 2750 5207 τοῦ
2781 5149 3028 5217 ποιητοῦ
3056 5146 3499 5216 συνταξάμενοι
3525 5160 3540 5173 °

2393 5333 2655 5394 Ἄτταλος
2696 5328 2914 5393 Ῥόδιος.

2401 5404 2626 5474 ’Δρίστα
2631 5417 2756 5473 ρχος
2788 5399 3010 5474 Σάμιος.

2403 5468 2752 5533 Ἀπολλώνιος
2783 5468 3121 5539 γεωμέτρης.

2404 5544 2704 5611 Ἀντίγονος
2738 5538 3138 5610 γραμματικός.

585 5747 628 5779 "
661 5747 786 5803 Cor.
827 5745 1204 5813 ἀνταρκτικόν.
1278 5745 1324 5776 ⁸⁸
1354 5742 1384 5799 1
1390 5759 1472 5797 mo
1499 5737 1770 5796 ἀπλανῶν.
1846 5740 1892 5772 ’⁸
1926 5737 2049 5793 Post

2159 5743 2170 5788 ι
2202 5733 2338 5788 ratio
2367 5729 2475 5796 ,ὅσα
2551 5727 2595 5761 ³⁰
2631 5724 2746 5782 Imo
2775 5723 2921 5810 01:6.
2976 5722 3016 5755 ³³
3043 5721 3169 5776 Cor.
3200 5717 3530 5790 ἀντίχθονες.
