3950 6266
476 291 617 348 1155

1490 292 1835 351 APPENDIX
1862 290 1956 347 AD
1991 288 2264 347 EUSEBII
2293 290 2712 349 CHRONICON.

3562 293 3697 351 H56

473 418 529 466 et
558 410 685 468 Sais
708 412 840 474 urbs
861 419 946 468 est
966 412 1022 467 in
1053 410 1307 479 Thracia,
1334 413 1407 481 ei,
1436 430 1558 485 qua:
1579 420 1665 470 est
1694 413 1751 468 in
1771 411 2026 484 Egypto,

2132 427 2230 482 μος
2258 410 2316 464 ἐν
2364 410 2643 481 Αἰγύπτῳ.
2691 410 2827 464 Ἀλλ’
2849 410 2956 464 ἀπὸ
2997 409 3097 482 μὲν
3137 411 3236 482 τῆς
3259 412 3320 466 ἐν
3350 411 3623 484 Αἰγύπτῳ
3650 415 3697 468 οἰ

474 504 834 575 cognominis.
873 503 978 559 Sed
1002 505 1071 560 ab
1096 503 1370 576 mgyptia,
1405 503 1569 561 Saitae
1601 523 1616 560 :
1647 505 1715 560 ab
1753 504 2033 560 Threcen—

475 594 545 660 si,
578 594 691 649 Saii
719 596 865 651 cives
895 596 1265 661 nominantur,
1297 605 1355 650 ut
1381 603 1610 651 testatur
1629 596 1990 651 Archilochus
2015 614 2028 650 :

475 707 666 777 Clypeo
686 706 894 779 quidem
918 707 1167 764 Saiorum
1197 709 1389 779 aliquis
1417 710 1740 781 gloriatur},
1764 726 1914 781 quem
1962 709 2031 764 ad

700 778 705 779 “
1286 778 1291 779 “
1421 778 1434 780 “
1689 778 1963 850 [frutetum

476 844 627 900 Intus
650 847 973 917 inculpatum
1000 848 1187 919 reliqui
1209 848 1476 918 ingratiis.

473 957 683 1016 Rursus
724 960 947 1017 Athena;
998 962 1116 1016 aliae
1159 969 1288 1017 sunt
1322 961 1378 1016 in
1418 960 1616 1031 Attica,
1655 962 1776 1019 alite
1828 962 1884 1017 in
1923 961 2032 1017 Eu-

472 1052 622 1119 bcea;
641 1068 869 1123 quarum
886 1053 1128 1110 meminit
1143 1053 1198 1107 in
1214 1052 1411 1108 Glauco
1427 1055 1691 1109 maritimo
1703 1053 1992 1127 IEschylus
2013 1072 2029 1109 :

471 1247 677 1305 Exinde
700 1250 931 1306 Athenas
959 1251 1159 1306 Daidas
1183 1268 1211 1306 e
1238 1251 1444 1308 Persis.

470 1359 672 1416 Verum
724 1363 793 1418 ab
844 1363 1073 1419 Athenis
1120 1366 1336 1430 Atticis,
1386 1366 1768 1436 Athenienses,
1804 1368 1872 1424 ab
1919 1369 2030 1424 Eu-

469 1452 782 1507 bteensibus
822 1453 1102 1510 Athenetae
1139 1458 1598 1529 cognominantur
1629 1478 1642 1513 :
1670 1466 1731 1513 ut
1772 1460 1827 1514 in
1857 1461 2032 1530 primo

469 1540 808 1612 Geographie:
830 1544 970 1600 libro
993 1554 1185 1601 auctor
1205 1558 1289 1603 est
1316 1547 1727 1605 Eratosthenes.
1750 1549 1839 1606 Sic
1866 1551 2032 1623 igitur

468 1633 535 1686 ah
558 1631 720 1697 Solis,
769 1636 865 1705 qui
895 1647 1020 1691 sunt
1048 1637 1102 1692 in
1130 1639 1343 1706 Cilicia,
1394 1639 1650 1696 Solenses
1676 1659 1690 1696 :
1720 1643 1789 1697 ab
1834 1643 1904 1698 iis
1934 1645 2028 1713 qui

466 1731 594 1779 sunt
622 1726 677 1780 in
696 1725 894 1797 Cypro,
922 1727 1054 1783 Solii
1075 1732 1451 1786 nominantur.
1497 1731 1703 1788 Horum
1728 1723 1930 1789 mentio
1969 1739 2025 1789 tit

465 1828 496 1868 a
524 1813 721 1873 Solone
750 1819 804 1872 in
850 1818 1071 1891 Elegiis,
1124 1837 1261 1892 quas
1307 1823 1375 1878 ad
1424 1823 1795 1894 Cypranorem
1842 1840 2023 1896 regem

464 1907 686 1977 scripsit
716 1925 731 1963 :
763 1908 858 1978 qui
886 1909 953 1965 de
981 1908 1198 1968 Solonis
1232 1913 1463 1968 consilio
1492 1928 1619 1968 cum
1648 1915 1839 1970 urbem
1896 1930 2030 1971 con-

463 1994 716 2061 didisset,
765 2013 885 2052 eam
932 1998 989 2053 in
1017 2000 1184 2070 hujus
1217 2002 1448 2073 gratiam
1490 2000 1650 2059 Solos
1691 2006 2026 2076 appellavit:

464 2094 526 2141 nt
554 2101 652 2157 pro
682 2086 809 2143 dato
844 2090 1075 2147 consilio
1099 2091 1154 2147 id
1180 2093 1231 2148 ei
1259 2093 1487 2149 honoris
1516 2094 1797 2153 tribueret.
1856 2095 2031 2153 Verba

466 2174 683 2232 Solonis
710 2178 979 2248 ejusmodi
1010 2187 1134 2235 sunt
1158 2199 1173 2237 :

464 2288 624 2346 Nunc
651 2308 767 2347 vero
796 2303 851 2348 tu
880 2294 1089 2368 quidem
1111 2297 1252 2369 apud
1280 2298 1455 2354 Salios
1495 2299 1589 2354 diu
1618 2301 1739 2355 istic
1777 2317 2025 2372 regnans,

547 2428 700 2484 Hanc
718 2432 897 2487 urbem
923 2432 1148 2507 incolas,
1180 2427 1636 2507 genusque‘tuum.

464 2497 564 2577 Me.
579 2516 694 2577 vero
716 2518 832 2556 cum
871 2506 992 2577 navi
1024 2497 1405 2577 celei-{inclyta
1436 2508 1500 2561 ab
1537 2506 1718 2561 insula

533 2567 857 2626 Incolumem
877 2573 1101 2629 deducat
1120 2567 1471 2647 Cypris'viola
1499 2578 1767 2631 redimita.

538 2681 686 2737 Vixit
711 2682 912 2740 Aratus
937 2686 1040 2741 sub
1070 2686 1342 2758 Antigono
1383 2686 1715 2744 Macedoniae
1748 2702 1893 2759 rege,
1935 2690 2024 2759 qui

461 2775 702 2832 Gonatas
732 2784 817 2832 est
845 2776 1047 2843 dictus,
1092 2776 1352 2833 Demetrii
1391 2777 1711 2835 Poliorcetes
1747 2780 1878 2844 lilio,
1931 2779 2026 2850 qui

465 2881 688 2921 uxorem
711 2866 900 2921 habuit
932 2865 1166 2933 Philam,
1203 2865 1434 2924 Seleuco
1457 2877 1511 2924 et
1538 2867 1848 2923 Stratonica
1877 2869 2029 2940 geni-

459 2967 591 3014 tam.
629 2958 733 3024 Qui
765 2975 888 3014 cum
930 2958 1235 3013 litterarum
1266 2959 1546 3016 studiosus
1578 2968 1747 3026 esset,
1791 2975 2024 3030 praeser-

461 3051 668 3120 timque
690 3050 913 3120 poeticae
933 3049 1172 3115 deditus,
1203 3049 1351 3105 dedit
1373 3066 1616 3122 operam,
1642 3061 1702 3105 ut
1729 3066 1853 3106 cum
1888 3052 2024 3109 alios

2132 500 2347 554 πολῖται
2377 498 2565 554 Σαῗται
2593 500 2899 568 καλοῦνται,
2951 502 3000 554 οἰ
3038 496 3096 553 δὲ
3132 501 3231 572 τῆς
3251 501 3476 575 Θρᾴκης
3512 502 3697 556 Σάῖοι·

2130 588 2209 652 ὡς
2251 590 2345 643 καὶ
2380 590 2686 660 Ἀρχίλοχός
2714 607 2876 662 φησιν
2906 606 2919 619 ·

2144 703 2495 774 Ἀσπίδιμὲν
2513 705 2704 759 Σαΐων
2725 721 2815 771 τις
2825 704 3147 774 ἀγάλλεται
3162 719 3178 736 ·
3203 703 3284 773 ἣν
3309 705 3471 775 παρὰ
3498 704 3701 775 θάμνῳ

2251 837 2458 905 Ἐντὸς
2486 839 2805 909 ἀμώμητον
2840 837 3158 903 κάλλιπον,
3183 838 3295 891 οὐκ
3318 837 3569 892 ἐθέλων.

2129 952 2241 1007 Καὶ
2275 951 2434 1007 πάλιν
2468 950 2690 1022 Ἀθῆναι
2738 949 2835 1022 μέν
2873 951 2979 1003 εἰσι
3020 949 3121 1020 τῆς
3180 948 3459 1020 Ἀττικῆς*
3498 949 3609 1002 εἰσί
3645 948 3702 1003 δὲ

2130 1045 2224 1099 καὶ
2250 1043 2350 1114 τῆς
2381 1034 2620 1107 Εὐϐοίαξ
2641 1044 2708 1097 ³³.
2748 1041 3043 1113 Ἀθηναίων
3084 1041 3302 1105 Δαῖδαις
3337 1040 3617 1113 μέμνηται
3646 1042 3703 1093 ἐν

2129 1137 2384 1204 Γλαύκῳ
2411 1136 2632 1202 ποντίῳ
2658 1134 2919 1205 Αἰσχύλος

2130 1247 2364 1303 Κᾶπειτ’
2399 1247 2642 1317 Ἀθήνας
2663 1244 2877 1311 Δὰτδας
2911 1246 3046 1314 παρ’
3081 1245 3152 1299 ἐκ
3184 1243 3450 1314 Περσῶν.

2143 1361 2281 1414 Ἀλλ’
2306 1361 2413 1414 ἀπὸ
2451 1359 2559 1414 τῶν
2607 1360 2667 1413 ὲν
2694 1361 2763 1431 τῇ
2813 1359 3028 1428 Ἀττικῇ
3056 1358 3108 1411 οἱ
3142 1357 3353 1410 πολῖται
3402 1354 3699 1426 Ἀθηναῖοι,

2130 1452 2239 1506 ἀπὸ
2265 1453 2321 1506 δὲ
2353 1452 2461 1506 τῶν
2508 1455 2567 1507 ἐν
2603 1451 2805 1522 Εὐϐοίᾳ
2858 1449 3148 1521 Ἀθηνῆται
3185 1449 3463 1516 λέγονται·
3511 1446 3703 1517 ὥσπερ

2143 1543 2533 1617 Ἐρατοσθένης
2573 1543 2737 1615 φησὶν
2775 1543 2832 1595 ἐν
2870 1540 2948 1610 τῷ
2994 1538 3192 1611 πρώτῳ
3240 1536 3704 1608 Γεωγραφουμέ-

2129 1652 2270 1690 νων.
2311 1633 2495 1698 Οὕτως
2544 1628 2636 1687 οὖν
2666 1632 2758 1687 καὶ
2790 1632 2899 1686 ἀπὸ
2928 1631 3036 1685 τῶν
3065 1632 3124 1683 ἐν
3154 1629 3379 1705 Κιλικίᾳ
3423 1627 3608 1681 Σόλων
3653 1629 3704 1680 οἰ

2131 1726 2342 1779 πολῖται
2358 1722 2542 1791 Σολεῖς
2560 1743 2574 1756 ·
2597 1724 2702 1779 ἀπὸ
2727 1724 2783 1778 δὲ
2810 1723 2918 1777 τῶν
2940 1726 2997 1777 ἐν
3016 1723 3225 1793 Κύπρῳ
3252 1721 3448 1774 Σόλιοι.
3484 1720 3707 1790 Μέμνη-

2127 1838 2217 1874 ται
2250 1820 2308 1874 δὲ
2348 1818 2549 1874 τούτων
2585 1820 2759 1873 Σόλων
2792 1819 2851 1872 ἐν
2883 1820 3003 1881 ταῖς
3051 1817 3365 1885 Ἐλεγείοις
3403 1816 3526 1877 ταῖς
3567 1812 3703 1883 πρὸς

2128 1912 2460 1983 Κυπράνορα
2513 1911 2605 1965 τὸν
2654 1911 2877 1982 βασιλέα
2897 1927 2912 1941 ’
2970 1909 3062 1973 ὃς,
3119 1906 3544 1979 συμϐουλευθεὶς
3599 1904 3705 1958 ὑπὸ

2129 2003 2363 2067 Σόλωνος
2383 2003 2568 2056 κτίσαι
2597 2001 2697 2073 τὴν
2737 2001 2911 2066 πόλιν,
2953 2002 3113 2072 χάριν
3143 1997 3238 2053 τοῦ
3275 1998 3472 2069 ἀνδρὸς
3506 1996 3703 2058 Σόλους

2127 2094 2442 2166 ὠνόμασενο
2487 2093 2716 2165 ἀμοιϐὴν
2771 2092 2974 2164 ταύτην
3021 2090 3202 2162 νέμων
3240 2090 3339 2161 τῆς
3385 2085 3703 2159 συμϐουλῆς

2129 2184 2298 2256 αὐτῷ.
2332 2184 2495 2254 Λέγει
2520 2184 2575 2238 δὲ
2602 2186 2630 2238 ὁ
2660 2183 2835 2238 Σόλων
2863 2181 3039 2246 οὕτως
3058 2200 3072 2213 ο

2124 2296 2257 2352 Νῦν
2290 2297 2359 2351 δὲ
2393 2297 2476 2352 σὺ
2498 2297 2638 2368 μὲν,
2685 2298 2952 2352 Σολίοισι
2985 2297 3181 2351 πολὺν
3225 2297 3451 2382 χρόηον

2500 2365 2513 2368 ⁷
3265 2365 3270 2366 ⁷
3365 2365 3700 2437 [ἀνιᾶσι-ων,

2201 2436 2389 2506 Τήνδε
2413 2438 2592 2508 πόλιν
2619 2437 2810 2508 ναίοις
2831 2438 2930 2508 καί
2951 2437 3123 2508 γένος
3145 2435 3436 2508 ὑμέτερον
3453 2452 3469 2467 ο

2125 2505 2321 2576 Αὐτὰρ
2351 2507 2457 2576 ἐμὲ
2477 2507 2594 2577 ξὺν
2623 2507 2726 2575 νηῒ
2774 2507 2885 2577 θοῇ
2910 2505 3158 2575 κλεινῆς
3183 2505 3303 2561 ἀπὸ
3329 2505 3534 2573 νήσου

2211 2577 2464 2647 Ἀσκηθῆ
2479 2576 2699 2647 πέμποι
2725 2576 2948 2647 Κύπρις
2979 2577 3355 2646 ἰοστέφανος.

2195 2691 2388 2760 Γέγονε
2411 2690 2469 2743 δὲ
2498 2692 2527 2745 ό
2552 2692 2787 2764 Ἄρατος
2819 2690 2958 2744 κατὰ
3014 2689 3315 2758 Ἀντίγονον
3350 2687 3442 2742 τὸν
3464 2689 3564 2759 τῆς
3586 2689 3703 2743 Μα-

2126 2784 2369 2846 κεδονίας
2406 2781 2651 2853 βασιλέα,
2705 2783 2765 2847 ὃς
2827 2781 3142 2837 ἐπεκαλεῖτο
3194 2781 3454 2844 Γονατᾶς.
3500 2775 3614 2833 Ἦν
3648 2781 3704 2834 δὲ

2127 2876 2242 2939 υἰὺς
2289 2875 2600 2947 Δημητρίου
2628 2874 2724 2929 τοῦ
2767 2873 3135 2946 Πολιορκητοῦ
3160 2890 3176 2904 ο
3203 2874 3300 2927 καὶ
3326 2874 3566 2942 γυναῖκα
3590 2867 3702 2941 εἶχε

2125 2968 2286 3022 Φίλαν
2310 2969 2410 3037 τὴν
2437 2966 2698 3021 Σελεύκου
2730 2968 2824 3021 καί
2853 2966 3217 3038 Στρατονίκης
3260 2964 3563 3036 θυγατέρα.
3597 2960 3704 3017 Ἦν

2124 3060 2181 3113 δὲ
2202 3058 2479 3129 φιλολόγος
2524 3057 2812 3128 γενόμενος
2833 3072 2848 3087 ο
2888 3057 2984 3109 καὶ
3014 3055 3142 3126 περὶ⁸
3177 3053 3469 3124 ποιητικὴν
3509 3055 3704 3105 ἐσπου-

460 3142 767 3211 complures
797 3141 940 3212 apud
964 3157 1023 3197 se
1048 3142 1294 3198 eruditos
1319 3142 1544 3198 haberet
1590 3143 1860 3212 homines,
1908 3151 2023 3198 tum

2131 3122 2321 3215 δακὼς,
2352 3122 2481 3222 περὶ
2497 3122 2689 3203 πολλοὶ)
2709 3149 3001 3219 ἐποιήσατο
3016 3122 3243 3209 πολλοὺς
3272 3122 3370 3217 μὲν
3388 3145 3484 3198 καὶ
3511 3144 3705 3206 ἄλλους

460 3234 517 3289 in
539 3234 731 3306 primis
756 3236 1002 3291 Aratum.
1035 3233 1135 3291 Hic
1182 3235 1348 3305 igitur
1373 3234 1440 3290 ad
1474 3250 1656 3306 regem
1684 3251 1808 3290 cum
1839 3236 2025 3292 venis-

460 3334 564 3390 set,
595 3332 759 3395 atque
781 3325 911 3380 etin
942 3325 1049 3380 alio
1086 3340 1283 3403 genere
1309 3325 1591 3392 doctrinae,
1623 3332 1676 3382 et
1711 3326 1769 3380 in
1817 3328 2026 3396 poetica

459 3419 695 3472 maxime
717 3433 838 3473 sese
864 3418 944 3472 illi
987 3419 1300 3488 probasset,
1348 3419 1635 3488 ipsiusmet
1664 3419 1885 3474 hortatu
1932 3436 2026 3477 re~

460 3509 544 3580 gis
577 3507 645 3563 ad
676 3510 964 3565 scribenda
987 3509 1339 3566 Phwnomena
1355 3511 1597 3565 animum
1627 3510 1826 3581 adjecit
1856 3529 1870 3567 :
1904 3526 2027 3567 cum

461 3602 529 3655 ab
572 3600 762 3657 eodem
815 3600 1026 3656 Eudoxi
1074 3601 1275 3658 librum
1324 3601 1648 3672 accepisset,
1706 3600 1854 3672 quod
1885 3600 2030 3655 Eno-

458 3706 634 3762 ptrum
683 3695 1049 3762 inscribitur,
1104 3700 1332 3765 rogante
1379 3694 1460 3749 uti
1495 3709 1616 3764 quae
1656 3693 1714 3748 in
1773 3709 1840 3751 eo
1890 3681 2088 3748 libro“

460 3801 625 3857 prosa
672 3788 920 3841 oratione
951 3785 1156 3855 scripta
1184 3794 1392 3852 essent,
1440 3786 1693 3842 versibus
1737 3783 2030 3840 redderen-

375 3874 381 3885 ’
460 3885 552 3931 tur
582 3894 599 3930 :
633 3890 697 3929 ac
736 3877 898 3931 simul
935 3875 1148 3930 dicente
1179 3895 1194 3930 :
1235 3874 1605 3946 Εὑδοξότερον,
1636 3873 1691 3927 id
1741 3880 1825 3929 est
1872 3872 2030 3945 149

461 3966 856 4037 gloriosiorem,
925 3979 1011 4022 e0“
1048 3965 1191 4020 facto
1250 3964 1556 4020 reddideris
1601 3962 1886 4018 Eudoxum
1915 4003 1932 4030 ,
1979 3964 2028 4019 si

462 4053 532 4107 ab
574 4067 639 4107 eo
684 4052 882 4108 tradita
925 4053 1262 4109 carminibus
1289 4054 1598 4124 fexprimas.
1656 4049 1803 4107 Vixit
1847 4063 2027 4108 autem

461 4145 763 4216 Antigonus
823 4142 1141 4218 Olympiade
1178 4161 1317 4201 cxxv
1352 4162 1367 4199 :
1398 4159 1507 4216 quo
1545 4152 1788 4214 tempore
1844 4143 2028 4200 ﬂoruit

461 4237 697 4303 Aratus,
748 4246 804 4293 et
850 4236 1155 4294 Alexander
1211 4236 1457 4293 Etolus.‘
1521 4236 1764 4292 Meminit
1820 4235 2029 4307 Speculi

461 4327 608 4382 illius
638 4327 869 4392 Eudoxi,
914 4334 968 4382 et
1009 4327 1267 4398 Antigoni
1310 4333 1476 4399 atque
1524 4325 1821 4404 Alexandri
1854 4326 2024 4382 [Etoli

2125 3241 2232 3295 τῶν
2279 3241 2726 3313 πεπαιδευμένων
2753 3240 2897 3312 ἔχειν
2918 3241 3047 3311 παρ’
3068 3238 3238 3310 αὐτῷ,
3263 3238 3359 3291 καὶ
3389 3237 3456 3308 δὴ
3482 3236 3582 3291 καὶ
3615 3236 3706 3289 τὸν

2129 3336 2362 3407 Ἄρατον
2382 3351 2396 3364 ο
2422 3334 2501 3400 ὃς,
2536 3332 2689 3405 παρὰ
2711 3332 2789 3403 τῷ
2813 3331 3021 3404 βασιλεῖ
3038 3330 3346 3401 γενόμενος,
3378 3329 3475 3382 καὶ
3495 3328 3705 3380 εὐδοκι-

2129 3426 2305 3497 μήσας
2330 3424 2386 3479 έν
2410 3443 2470 3478 τε
2489 3428 2555 3497 τῇ
2577 3425 2712 3497 ἄλλῃ
2734 3423 3073 3494 πολυμαθείᾳ
3114 3421 3210 3476 καί
3241 3423 3527 3491 ποιητικῇ,
3578 3433 3706 3490 προ⁴

2127 3534 2185 3569 ετ
2193 3518 2338 3587 ρὰπη
2358 3518 2448 3570 ὑπ’
2470 3515 2632 3569 αὐτοῦ
2660 3516 2727 3569 τὰ
2743 3516 3072 3584 Φαινόμενα
3083 3512 3289 3585 γράψαι
3304 3511 3397 3566 τοῦ
3416 3511 3704 3580 βασιλέως,

2127 3606 2355 3674 Εὐδόξου
2394 3607 2829 3678 ἐπιγραφόμενον
2880 3604 3078 3676 βιϐλίον
3123 3603 3470 3670 Κατόπτρου
3520 3601 3703 3664 δόντος

2128 3695 2304 3767 αὐτῷ,
2357 3696 2451 3749 καὶ
2509 3694 2838 3760 ἀξιώσαντος
2887 3693 2957 3747 τὰ
3010 3693 3069 3746 ἐν
3123 3692 3270 3763 αὐτῷ
3323 3690 3704 3760 καταλογάδην

2127 3787 2383 3859 λεχθέντα
2427 3788 2554 3854 περί
2584 3785 2692 3839 τῶν
2738 3784 3076 3855 φαινομένων
3108 3782 3288 3855 μέτρῳ
3316 3782 3364 3815 ⁸⁸
3392 3779 3537 3836 εἶναι
3564 3796 3580 3810 °
3609 3782 3703 3834 καὶ

2128 3877 2242 3949 ἅμα
2286 3876 2549 3938 εἰπόντος,
2583 3875 2660 3939 ὡς
2703 3874 3058 3944 Εὑδοξότερον
3101 3876 3274 3937 ποιεῖς
3312 3873 3404 3926 τὸν
3447 3872 3701 3937 Εὔδοξον,

2128 3968 2372 4032 ἐκτείνας
2420 3968 2489 4022 τὰ
2541 3968 2674 4038 παρ’
2697 3965 2847 4037 αὐτῷ
2891 3966 3120 4037 κείμενα
3168 3964 3372 4036 μέτρῳ.
3400 3964 3604 4032 Γέγονε
3647 3963 3704 4016 δὲ

2140 4060 2437 4128 Ἀντίγονος
2467 4058 2608 4112 κατὰ
2623 4058 2720 4129 τὴν
2759 4063 2868 4129 ρκε⁹
2905 4056 3243 4128 Ὀλυμπιάδα
3264 4072 3279 4088 ο
3329 4055 3455 4109 καθ’
3497 4055 3559 4108 ὃν
3589 4056 3707 4126 χρό-

2126 4164 2216 4203 νον
2244 4150 2491 4221 ἧκμασεν
2520 4149 2550 4200 ὁ
2591 4148 2845 4219 Ἄρατος,
2880 4148 2973 4201 καὶ
3008 4146 3353 4219 Ἀλέξανδρος
3376 4148 3406 4199 ὁ
3437 4146 3701 4208 Αἰτωλός.

2126 4239 2421 4310 Μέμνηται
2468 4237 2526 4290 δὲ
2572 4236 2665 4290 τοῦ
2714 4236 3060 4309 Κατόπτρου
3113 4235 3360 4301 Εὐδόξου,
3401 4236 3501 4288 καὶ
3539 4236 3707 4291 Ἀντι-

2127 4330 2282 4398 γόνου
2343 4329 2693 4400 Ἀλεξάνδρου
2724 4329 2768 4361 ³⁸
2797 4327 2889 4382 τοῦ
2937 4327 3196 4393 Αἰτωλοῦ,
3237 4328 3331 4381 καί
3373 4325 3452 4390 ὡς
3494 4324 3703 4395 ἠξιώθη

461 4421 518 4475 in
544 4421 788 4490 epistolis
809 4420 1010 4476 Aratus
1034 4437 1051 4488 ;
1102 4428 1271 4492 utque
1302 4437 1399 4476 rex
1433 4420 1498 4475 ad
1527 4420 1876 4477 scribendum
1897 4436 2021 4477 eum

2131 4420 2233 4475 ὑπὸ
2256 4419 2349 4475 τοῦ
2374 4420 2639 4491 βασιλέως
2700 4419 2931 4492 γράψαι,
2969 4421 3028 4473 ἐν
3055 4423 3174 4483 ταῖς
3207 4420 3364 4483 ἰδίαις
3389 4420 3705 4481 ἐπιστολαῖς

459 4511 709 4566 hortatus
732 4512 824 4567 sit.
859 4510 1054 4567 Fertur
1085 4519 1137 4567 et
1162 4510 1420 4584 Dionysio
1441 4510 1774 4567 Heracleotes
1802 4527 2023 4583 operam

460 4605 696 4662 dedisse.
751 4604 896 4660 Idem
946 4603 1236 4674 Odysseam
1292 4605 1564 4669 correxit;
1617 4611 1672 4660 et
1720 4604 2024 4672 emendatio

459 4695 708 4766 quaedam
732 4694 880 4749 illius
906 4684 1155 4762 {nomine
1200 4693 1396 4749 Aratea
1443 4693 1671 4759 dicitur,
1711 4695 1860 4750 velut
1900 4694 2031 4750 Ari-e

460 4786 709 4844 starchea
736 4792 790 4842 et
825 4784 1242 4856 AristOphanea.
1272 4786 1541 4841 Asserunt
1573 4786 1742 4858 aliqui
1783 4787 1937 4841 illum
1967 4786 2024 4840 in

461 4878 675 4950 Syriam
707 4877 1009 4948 profectum
1038 4877 1183 4949 apud
1210 4877 1539 4932 Antiochum
1569 4877 1803 4948 degisse,
1843 4877 1911 4932 ab
1931 4892 2026 4932 eo-

459 4986 566 5042 que
593 4978 840 5041 rogatum
862 4984 1004 5035 esse,
1037 4977 1099 5023 ut
1127 4968 1354 5024 Iliadem
1394 4969 1711 5040 corrigeret,
1757 4969 1903 5040 quod
1931 4971 2025 5027 de-

459 5071 682 5135 pravata
715 5068 861 5118 esset
888 5076 917 5115 a
957 5062 1162 5117 multis.
1194 5060 1526 5117 Nicandrum
1579 5077 1710 5118 vero
1751 5063 2024 5134 Colopho-

460 5158 612 5211 nium
646 5170 771 5210 cum
798 5155 965 5210 Arato
1012 5154 1153 5225 apud
1194 5153 1521 5226 Antigonum
1567 5155 1770 5211 vixisse
1809 5155 1902 5224 qui
1932 5154 2021 5209 di-

459 5255 624 5315 cunt;
650 5263 715 5303 ac
736 5254 848 5301 tam
875 5246 1100 5301 Aratum
1139 5261 1320 5301 rerum
1349 5245 1680 5313 caelestium,
1725 5260 1889 5316 quam
1923 5246 2021 5300 Ni-

462 5340 723 5394 candrum
762 5339 1043 5395 medicinae
1085 5339 1367 5409 imperitos
1430 5336 1600 5394 fuisse
1654 5338 1829 5408 (aiunt
1874 5337 2021 5392 enim

461 5432 784 5502 Antigonum
821 5431 1009 5498 Arato,
1057 5431 1149 5502 qui
1202 5430 1543 5500 professione
1589 5429 1834 5485 medicus
1879 5436 2016 5495 erat,

464 5520 749 5591 mandasse
796 5527 858 5574 ut
902 5519 1254 5589 phaanomena
1296 5518 1698 5587 conscriberet;
1744 5517 2019 5573 Nicandro

2125 4511 2378 4583 Ἄρατος.
2412 4510 2646 4579 Λέγεται
2670 4511 2728 4565 δὲ
2755 4511 3102 4582 ἐσχολακέναι
3146 4511 3406 4580 Διονυσίῳ
3428 4510 3511 4582 τῷ
3540 4512 3707 4583 Ἦρα-
3744 4523 3763 4555 ι

2123 4603 2373 4676 κλειώτῃ.
2433 4604 2546 4658 Καὶ
2591 4603 2690 4675 τὴν
2748 4602 3096 4658 Ὀδύσσειαν
3144 4604 3202 4658 δὲ
3241 4603 3521 4676 διώρθωσε
3543 4621 3558 4635 ο
3606 4603 3701 4658 καὶ

2123 4695 2366 4749 καλεῖταί
2388 4711 2472 4758 τις
2499 4693 2781 4766 διόρθωσις
2795 4693 2966 4758 οὕτως
2990 4694 3286 4765 Ἀράτειος,
3306 4694 3383 4758 ὼς
3411 4695 3706 4767 Ἀριστάρ-

2124 4804 2285 4859 χειος,
2318 4786 2413 4839 καὶ
2447 4786 2904 4856 Ἀριστοφάνειος.
2930 4786 3087 4849 Τινὲς
3112 4786 3169 4840 δέ
3192 4787 3353 4840 αὑτὸν
3383 4789 3466 4850 εἰς
3500 4786 3704 4859 Συρίαν

2123 4875 2437 4950 ἐληλυθέναι
2465 4877 2619 4944 φασὶ,
2670 4877 2764 4931 καὶ
2807 4878 3087 4946 γεγονέναι
3119 4878 3248 4949 παρ’
3288 4879 3571 4950 Ἀντιόχῳ,
3611 4880 3704 4932 καί

2126 4969 2388 5041 ἠξιῶσθαι
2413 4967 2502 5021 ὑπ’
2533 4968 2699 5022 αὐτοῦ
2725 4968 2865 5022 ὥστε
2889 4968 2987 5039 τὴν
3029 4967 3245 5023 Ἰλιάδα
3278 4967 3701 5039 διορθώσασθαι,

2126 5059 2215 5114 διὰ
2265 5059 2328 5112 τὸ
2370 5058 2475 5113 ὑπὸ
2526 5058 2736 5112 πολλῶν
2761 5058 3114 5131 λελυμάνθαι.
3147 5059 3211 5113 Οἱ
3246 5057 3303 5112 δὲ
3321 5058 3580 5126 λέγοντες
3602 5060 3700 5111 Νί-

2125 5150 2354 5222 κανδρον
2407 5150 2499 5205 τὸν
2537 5150 2880 5221 Κολοφώνιον
2933 5151 3071 5223 μετὰ
3119 5152 3344 5223 ’Δράτου
3411 5151 3702 5222 Ἀντιγόνῳ

2129 5242 2624 5316 συγκεχρονικέναι,
2668 5244 2761 5296 καὶ
2793 5244 3026 5314 Ἀρατον
3073 5242 3148 5314 μὴ
3177 5238 3316 5297 εἶναι
3359 5242 3701 5314 ἐπιστήμονα

2124 5337 2233 5391 τῶν
2255 5336 2540 5408 οὐρανίων,
2572 5337 2706 5407 μήτε
2722 5335 3020 5407 Νίκανδρον
3035 5334 3142 5388 τῶν
3157 5333 3415 5406 ἰατρικῶν
3459 5333 3701 5403 (λέγουσι

2125 5425 2255 5497 γὰρ,
2285 5426 2360 5489 ὡς
2390 5425 2497 5497 ἄρα
2529 5427 2557 5477 ὁ
2611 5424 2909 5494 Ἀντίγονος
2963 5425 3170 5496 Ἀράτῳ
3223 5422 3321 5493 μὲν
3364 5422 3482 5477 δντι
3533 5420 3701 5493 ἰατρῷ

2125 5516 2354 5583 ἐπέταξε
2381 5517 2450 5571 τὰ
2473 5519 2804 5590 Φαινόμενα
2830 5517 3059 5589 γράψαι,
3090 5514 3377 5587 Νικάνδρῳ
3397 5514 3480 5581 δὲ,
3500 5516 3699 5584 ἀστρο-

529 5674 582 5753 ,³³
601 5672 723 5745 L69-
760 5673 998 5745 Ἀθῆναι,
1029 5668 1103 5733 ὧν
1130 5673 1416 5746 μίμνηται.
1491 5674 1535 5707 ³⁸
1561 5674 1602 5742 f.
1629 5672 1895 5745 ἔμμετρα.
1973 5672 2018 5705 ³⁵
2054 5672 2215 5745 [κκαὶ
2261 5670 2432 5739 Ἀλεξ.
