3950 6266
310 263 446 323 1157

1709 256 1918 313 sam
1961 245 2151 313 VITA.

3418 251 3559 308 H58

307 381 450 451 λόγῳ
464 377 783 448 ὑπάρχοντι,
807 374 874 428 τὰ
906 372 1165 441 Θηριακὰ
1192 371 1284 426 καὶ
1310 369 1876 441 τὰᾺλεξιφάρμακα·

1998 387 2114 428 vero
2142 371 2436 441 astrologo,
2476 368 2722 424 theﬁ‘aca
2774 373 2830 423 et
2872 367 3308 439 alexipharmaca
3340 384 3354 423 :
3391 369 3460 421 ob
3482 367 3560 421 id-

307 467 430 520 ὅθεν
464 467 558 518 καὶ
592 464 847 534 ἑκάτερον
889 461 1066 514 αὐτῶν
1106 459 1366 527 ἐσφάλθαι
1411 459 1883 513 κατολισθαίνοντα

310 559 402 612 ἐπὶ
427 557 497 611 τὰ
520 557 626 610 ἴδια
655 559 752 625 τῆς
794 554 1063 625 τέχνης),
1099 553 1404 621 ψεύδονται.
1448 550 1721 619 Ἀγνοοῦσι
1753 551 1882 622 γὰρ,

311 651 387 714 ὡς
413 650 474 703 οὑ
526 649 839 718 συνήκμασε
862 645 939 714 τῷ
985 645 1193 714 Ἀράτῳ
1227 643 1522 714 Νίκανδρος
1545 659 1558 672 ⁸
1587 642 1699 696 ἀλλ’
1738 642 1884 696 ἔστιν

314 741 478 794 αὐτοῦ
511 739 645 792 πολὺ
680 737 960 808 νεώτερος.
1009 736 1309 804 Ἀντίγονος
1344 735 1473 806 γὰρ,
1571 734 1886 802 συνεγένετο

320 835 574 904 Ἄρατος,
603 830 744 884 κατὰ
773 829 864 880 τὸν
890 827 1104 898 πρῶτον
1133 828 1223 880 καὶ
1247 825 1494 896 δεύτερον
1527 827 1713 894 γέγονε
1745 828 1886 878 Πτο-

317 925 569 995 λεμαῖον·
601 921 900 990 Νίκανδρος
928 919 984 972 δὲ
1017 919 1158 973 κατὰ
1189 919 1278 972 τὸν
1302 919 1571 988 πέμπτον.
1597 919 1885 989 Μέμνηται

319 1018 451 1086 γοῦν
471 1015 633 1069 αὐτοῦ
658 1015 750 1068 καὶ
767 1012 1110 1082 Καλλίμαχος
1130 1013 1204 1076 ὡς
1239 1010 1605 1083 πρεσϐυτέρου
1633 1012 1692 1063 οὐ
1730 1011 1886 1080 μόνον

321 1110 378 1162 ὲν
404 1111 515 1172 τοῖς
531 1107 1010 1177 Ἐπιγράμμασιν,
1042 1104 1174 1158 ἀλλὰ
1195 1106 1286 1157 καὶ
1315 1107 1372 1157 ὲν
1396 1107 1506 1166 τοῖς
1529 1104 1664 1174 πρὸς
1692 1103 1888 1174 Πραξι-

323 1201 520 1270 φάνην,
572 1199 712 1252 πάνυ
741 1196 977 1249 ἐπαινῶν
1006 1197 1183 1262 αὐτὸν,
1211 1193 1285 1258 ὡς
1310 1193 1594 1265 πολυμαθῆ
1639 1194 1733 1247 καὶ
1764 1195 1885 1265 ἄριε-

326 1309 447 1345 στον
463 1291 710 1360 ποιητήν.
736 1290 926 1357 Γέγονε
953 1288 1008 1340 δὲ
1033 1291 1061 1341 6
1077 1290 1308 1360 ’Ἄρατος
1339 1285 1583 1358 ζηλωτὴς
1611 1285 1849 1338 Ἠσιόδου
1869 1301 1885 1318 ο

319 1383 396 1446 ὡς
425 1382 518 1436 καὶ
563 1380 908 1450 Καλλίμαχος
943 1379 1369 1449 παρεσημήνατο
1395 1377 1552 1430 τοῦτο
1580 1375 1666 1430 διὰ
1685 1374 1777 1428 τοῦ
1809 1378 1887 1440 είς

321 1474 484 1526 αὑτὸν
509 1472 923 1543 ἐπιγράμματος
952 1470 1149 1532 οὕτως’

333 1647 602 1702 Ἠσιόδου
630 1646 680 1700 δ’
703 1648 747 1678 ⁸⁸
763 1645 998 1715 ἄεισμα,
1027 1644 1128 1715 καί
1144 1647 1176 1698 δ
1200 1644 1433 1712 τρόπος,
1453 1645 1522 1696 οὐ
1551 1645 1656 1697 τὸν
1672 1642 1885 1697 ἀοιδὸν

396 1717 712 1784 Ἕσχατον,
750 1713 906 1769 ἀλλ’
922 1713 1289 1782 ὀκαισώμητο
1311 1717 1743 1783 μελιχρότατον

326 1787 450 1841 Τῶν
468 1783 660 1840 ἐπέων
687 1785 717 1838 ὃ
748 1785 974 1849 Σολεὺς
998 1783 1359 1852 ἀπεμάξατο.
1383 1787 1642 1850 Χαίρετε,
1667 1783 1881 1837 λεπταὶ

404 1856 652 1925 Ῥήσεις,
683 1853 902 1923 ἀρήτου
930 1857 1226 1923 σύγγονος
1255 1854 1296 1884 ³⁷
1326 1855 1675 1922 ἀγρυπνίης.

325 1969 575 2042 Ἔγραψε
607 1951 664 2024 δέ
692 1970 784 2023 καὶ
816 1969 948 2022 ἄλλα
973 1969 1253 2039 ποιήματα
1280 1969 1406 2040 περί
1437 1987 1498 2021 τε
1534 1971 1770 2041 Ὀμήρου
1797 1970 1891 2022 καὶ

336 2061 612 2128 Ἰλιάδος,
671 2062 732 2114 οὐ
802 2062 957 2132 μόνον
1000 2061 1069 2114 τὰ
1123 2063 1472 2130 Φαινόμενα,
1530 2062 1625 2113 καὶ
1673 2061 1890 2114 ὀστολο-

323 2155 483 2242 ‘Llav,
521 2154 611 2207 καὶ
649 2154 894 2224 ἰατρικὰς
927 2152 1218 2222 δυνάμεις,
1262 2154 1353 2206 καὶ
1391 2155 1470 2216 είς
1507 2154 1660 2206 Πᾶνα
1705 2151 1890 2223 ὕμνον,

323 2241 421 2301 καὶ
468 2249 549 2310 εἰς
588 2245 766 2316 Μύριν
798 2245 889 2298 τὸν
929 2244 1154 2313 ἀδελφὸν
1193 2243 1528 2314 ἐπικήδειον,
1577 2241 1670 2296 καὶ
1713 2242 1894 2314 διοση-

331 2338 490 2409 μείας
512 2377 526 2401 ,
563 2338 656 2392 καὶ
689 2336 948 2390 Σκυθικὸν
967 2376 982 2400 ,
1016 2337 1112 2389 καὶ
1143 2335 1284 2389 κατὰ
1315 2335 1506 2390 λεπτὸν
1547 2335 1698 2390 ἄλλα.
1742 2336 1894 2388 Ἐπι-

328 2430 698 2499 τετευγμένως
747 2428 802 2481 δὲ
847 2427 993 2498 αὐτῷ
1037 2429 1248 2499 ἐγράφη
1296 2429 1366 2481 τὰ
1415 2431 1778 2498 Φαινόμενα’
1820 2428 1896 2490 ὡς

330 2516 864 2588 παρευδοκιμηθῆναι
917 2515 1126 2579 πάντας
1182 2517 1272 2568 ὑπ’
1333 2518 1580 2588 Ἀράτου.
1628 2518 1738 2570 Καὶ⁹
1786 2516 1895 2589 γὰρ

324 2607 556 2674 Εὔδοξος
592 2608 620 2658 6
652 2607 864 2671 Κνίδιος
910 2606 1116 2678 ἔγραψε
1145 2609 1453 2679 ξφαινόμενα
1473 2649 1488 2673 ,
1519 2609 1614 2662 καὶ
1660 2609 1838 2672 Λάσος
1867 2611 1896 2662 6

329 2699 595 2768 Ιιέάγνηςο,
631 2697 751 2768 οὐχὶ
793 2699 821 2750 6
864 2699 1210 2769 Ἑρμιονεὺς,
1255 2698 1369 2751 ἀλλ’
1414 2699 1699 2770 ὁμώνυμος
1740 2700 1896 2765 ἄλλος

330 2791 494 2858 Λάσῳ
513 2787 591 2857 τῷ
621 2785 915 2858 Ἑρμιονεῖ·
940 2789 1031 2840 καὶ
1055 2788 1388 2858 Ἕρμιππος,
1419 2791 1512 2842 καὶ
1546 2790 1894 2862 Ἡγησιάναξ,

331 2881 426 2933 καὶ
467 2881 853 2952 Ἀριστοφάνης
879 2883 906 2933 6
935 2878 1248 2944 Βυζάντιος,
1283 2879 1375 2934 καὶ
1399 2880 1546 2934 ἄλλοι
1573 2881 1754 2934 πολλοί
1777 2900 1790 2912 ·
1822 2875 1898 2936 ὧν

330 2973 426 3026 καὶ
474 2972 802 3043 Πτολεμαῖος
848 2973 1118 3044 μέμνηται
1160 2974 1188 3026 ὁ
1237 2972 1486 3042 βασιλεὺς
1518 2973 1808 3045 ἰδιοφυέσιν
1853 2977 1899 3008 ³⁸

331 3081 507 3126 ουτως
525 3081 539 3094 ’

330 3175 514 3247 Ha'ra‘
557 3173 911 3247 Ἡγησιάναξ
944 3192 1010 3247 τε
1045 3175 1142 3229 καὶ
1177 3176 1503 3244 Ἕρμιππος
1535 3179 1661 3231 κατ’
1689 3179 1902 3247 αἴθρην

411 3246 628 3313 Τείρεα,
662 3245 758 3298 καὶ
783 3246 995 3316 ,πολλοὶ
1026 3247 1208 3316 ταῦτα
1237 3249 1308 3299 τὰ
1336 3250 1664 3316 φαινόμενα

332 3315 576 3380 Βίϐλοις
617 3313 999 3384 ἐγκατέθεντο
1019 3332 1032 3344 ·
1063 3315 1182 3368 ἀπὸ
1210 3313 1445 3370 σκοποῦ
1473 3313 1522 3348 ⁸⁸⁵
1551 3317 1600 3369 δ’
1627 3317 1900 3387 ἀφάμαρ-

417 3455 592 3508 mea
639 3447 786 3508 τότε
815 3455 858 3488 ’σί
903 3455 1276 3524 λεπτολόγου
1329 3455 1606 3526 σκήπτου
1651 3388 1900 3524 "fateor;

1660 3525 1828 3597 [ἔχει.

335 3639 446 3692 Καὶ
475 3638 622 3692 ἄλλοι
650 3639 707 3692 δὲ
739 3638 922 3692 πολλοὶ
947 3639 1232 3708 γεγόνασιν
1260 3639 1505 3708 Ἀρατοι,
1535 3635 1726 3707 ἄνδρες
1751 3634 1900 3688 ἐλλό-

330 3748 508 3801 γιμοι,
542 3731 941 3802 ἱστοριογράφοι
961 3747 976 3764 ·
1003 3731 1190 3802 ὥσπερ
1223 3732 1251 3783 ὁ
1275 3729 1524 3793 Κνίδιος,
1556 3722 1616 3782 οὗ
1647 3727 1901 3798 φέρονται

335 3823 682 3893 Αἰγυπτιακὰ
711 3823 953 3894 ἱστορικὰ
986 3824 1390 3894 συγγράμματα
1415 3839 1429 3852 ⁸
1463 3822 1556 3874 καὶ
1586 3821 1766 3893 τρίτος
1793 3823 1903 3874 ἐπι-

332 3914 642 3984 σημότατος
671 3912 991 3978 Σικυώνιος,
1027 3908 1088 3967 οὗ
1133 3915 1280 3966 ἐστιν
1316 3914 1349 3983 ή
1395 3895 1714 3975 πολύϐιϐλος
1758 3913 1900 3964 ἱστο-

341 4007 453 4077 ρία,
490 4006 628 4076 ὑπὲρ
655 4005 724 4058 τὰ
748 4005 790 4058 λ’
823 4005 1001 4074 βιϐλία
1030 4005 1246 4074 ἔχουσα.
1287 4004 1396 4068 Τὰς
1436 4005 1491 4057 δὲ
1532 4005 1757 4075 ’Δράτου
1785 4005 1902 4056 ἐπι-

339 4097 550 4161 στολὰς,
569 4091 643 4150 ὧν
665 4097 919 4168 ἀνωτέρω
935 4097 1177 4168 ἐμνήσθη
1187 4114 1304 4167 μεν,
1323 4096 1538 4149 πάντων
1563 4095 1744 4167 σχεδὸν
1767 4113 1828 4149 συ
1837 4113 1902 4166 μ-

335 4189 657 4258 φωνούντων
691 4191 790 4254 τὰς
815 4192 894 4253 είς
928 4189 1089 4243 αὑτὸν
1122 4187 1530 4260 ἀναφερομένας
1555 4186 1718 4240 αὑτοῦ
1743 4185 1898 4250 εἶναι,

334 4283 432 4334 καὶ
459 4281 856 4352 ὁμολογούντων
887 4283 1111 4352 γνησίας
1152 4283 1351 4349 αὐτὰς,
1385 4282 1543 4353 μόνος
1585 4280 1903 4334 Ἀπολλωνί-

1991 481 2099 537 que
2132 465 2320 520 ambos
2349 464 2653 523 aberrasse,
2691 459 2759 514 ad
2809 475 2872 514 ea
2916 476 3037 530 qua:
3084 467 3240 514 erant
3272 459 3406 512 artis
3446 474 3559 513 suae

1987 557 2228 626 propria,
2261 552 2538 623 delapsos)
2577 571 2588 606 :
2626 551 2740 606 haec
2767 551 2860 620 qui
2914 551 3123 617 dicunt,
3176 550 3286 603 falli
3317 563 3412 603 eos
3465 563 3560 602 ne-

1987 664 2142 704 cesse
2173 655 2275 703 est.
2307 645 2424 699 Non
2454 643 2596 699 enim
2621 643 2801 699 sciunt
2834 657 2956 695 cum
2988 643 3154 693 Arato
3177 657 3283 693 non
3307 640 3561 695 ﬂoruisse

1986 741 2320 796 Nicandrum
2345 779 2359 804 ,
2392 737 2487 791 sed
2514 750 2580 789 eo
2603 733 3061 802 multojuniorem
3094 732 3368 787 exstitisse
3393 750 3406 797 ;
3433 745 3560 784 nam

1987 833 2315 902 Antigonus,
2342 844 2580 900 quocum
2610 826 2711 880 fuit
2750 825 2971 887 Aratus,
3002 824 3178 892 primo
3221 838 3284 876 ac
3317 820 3562 878 secund‘o

1985 923 2278 979 Ptolemam
2333 928 2595 991 regnante
2655 917 2830 981 vixit;
2872 914 3144 969 Nicander
3194 915 3296 968 sub
3349 914 3560 983 quinto.

1993 1018 2182 1086 Itaque
2209 1015 2580 1069 Callimachus
2606 1009 2758 1064 Arati
2791 1016 3048 1077 tanquam
3080 1005 3370 1061 anterioris
3410 1020 3563 1058 men-

1989 1109 2189 1161 tionem
2220 1105 2369 1171 facit,
2400 1119 2505 1158 non
2552 1103 2728 1157 solum
2777 1100 2832 1153 in
2884 1099 3403 1168 Epigrammatibus,
3465 1095 3562 1150 sed

1988 1198 2146 1251 etiam
2173 1196 2229 1250 in
2259 1195 2324 1250 iis
2362 1210 2484 1265 quae
2511 1195 2580 1248 ad
2626 1191 3024 1260 Praxiphanem
3067 1188 3330 1257 scripsit;
3365 1187 3460 1240 ubi
3507 1193 3563 1240 et

1988 1287 2139 1340 illum
2165 1285 2410 1355 impense
2443 1282 2739 1346 collaudat,
2769 1291 3028 1351 tanquam
3047 1280 3317 1335 eruditum
3342 1286 3395 1332 et
3422 1279 3565 1348 opti-

1987 1392 2138 1430 mum
2194 1386 2431 1446 poetam.
2478 1375 2746 1429 Caeterum
2801 1372 3094 1427 Hesiodum
3143 1371 3428 1424 aemulatus
3482 1378 3566 1423 est

1986 1467 2223 1533 Aratus;
2282 1466 2429 1537 quod
2459 1465 2829 1520 Callimachus
2875 1464 3268 1533 epigrammate
3327 1462 3564 1532 quodam

1994 1559 2052 1616 in
2078 1577 2200 1616 eum
2228 1561 2433 1630 scripto
2462 1566 2691 1614 testatus
2722 1566 2804 1612 est
2830 1556 2916 1610 his
2942 1555 3124 1609 verbis
3159 1572 3171 1606 :

2063 1653 2280 1777 Hesiodi
2310 1653 2404 1705 hoc
2431 1668 2662 1715 carmen,
2685 1661 2733 1705 et
2751 1649 2957 1712 modus,
2979 1665 3083 1702 non
3110 1660 3426 1716 poetarum;

2181 1733 2554 1777 ostremum....

2181 1733 2554 1777 ostremum....

1957 1841 1964 1848 .
2059 1794 2364 1849 Carminum
2393 1792 2627 1846 Soleusis
2665 1790 2937 1857 expressit.
2987 1787 3210 1848 Salvete,
3244 1785 3463 1840 subtilia

2132 1865 2310 1928 Dicta,
2336 1861 2720 1931 inexplicabilis
2744 1873 2995 1929 germana
3026 1858 3240 1926 vigilite.

2060 1979 2266 2035 Prteter
2306 1978 2655 2032 Phwnomena
2699 1974 2921 2043 scripsit
2956 1982 3010 2027 et
3037 1973 3143 2026 alia
3179 1977 3451 2042 poemata,
3502 1968 3570 2025 de

1949 2071 2228 2126 ‘llomero
2285 2077 2338 2124 et
2395 2067 2598 2131 Iliade;
2652 2065 2719 2120 de
2772 2064 3014 2129 ossibus,
3067 2079 3132 2116 ac
3196 2061 3427 2116 medicis
3489 2060 3570 2113 fa-

1993 2162 2309 2225 cultatibus,
2339 2160 2599 2232 hymnum
2633 2158 2689 2211 in
2717 2157 2888 2221 Pana,
2919 2154 3224 2226 epicedium
3276 2155 3331 2207 in
3389 2151 3569 2223 Myrin

1995 2255 2243 2318 fratrem,
2286 2253 2353 2307 de
2394 2249 3030 2320 ostentis:Scythicum,
3075 2255 3128 2302 et
3176 2247 3281 2300 alia
3323 2244 3570 2320 quaedam

1994 2345 2228 2400 minuta.
2279 2343 2336 2397 In
2389 2342 2755 2396 Phwnomenis
2810 2355 2939 2395 vero
2984 2338 3290 2394 scribendis
3347 2318 3574 2406 ρὸιὶειίο

1995 2453 2144 2490 mum
2169 2436 2444 2501 excelluit,
2494 2434 2628 2488 adeo
2683 2442 2743 2486 ut
2779 2441 3007 2488 caeteros
3055 2433 3213 2502 longe
3263 2437 3568 2500 superaret.

1994 2527 2130 2582 Nam
2157 2526 2413 2582 Eudoxus
2445 2541 2660 2595 quoque
2684 2524 2912 2580 Cnidius
2951 2523 3017 2578 de
3046 2521 3418 2593 phaznomenis
3443 2521 3572 2576 scri-

1995 2620 2124 2691 psit,
2161 2627 2216 2672 et
2238 2617 2410 2673 Lasus
2436 2617 2678 2687 Magnes,
2722 2633 2832 2672 non
2869 2613 3301 2675 Hcrmioneusis,
3377 2613 3472 2666 sed
3519 2612 3567 2666 ei

1997 2711 2092 2782 qui
2120 2710 2529 2764 llermionensis
2558 2720 2696 2772 erat,
2747 2706 3119 2777 cognominis;
3167 2719 3382 2758 necnon
3436 2703 3573 2757 Iler-

1999 2803 2233 2872 mippus,
2271 2800 2629 2871 Hegesianax,
2673 2799 3067 2868 Aristophanes
3108 2796 3424 2867 Byzantius,
3459 2795 3578 2848 alii-

2001 2910 2104 2964 que
2138 2894 2482 2963 complures;
2515 2891 2584 2947 de
2607 2892 2807 2963 quibus
2839 2890 3086 2946 meminit
3117 2887 3466 2955 Ptolemaeus,
3498 2889 3575 2941 ita

2002 2983 2248 3039 scribens
2273 3001 2288 3037 :

2070 3183 2263 3237 Omnia
2300 3183 2652 3252 Hegesianax,
2679 3191 2728 3236 et
2766 3183 3084 3252 Hermippus
3117 3181 3344 3236 (ct/terea

2147 3255 2308 3308 Astra
2324 3265 2370 3307 et
2391 3255 2566 3320 plures
2598 3254 2708 3307 haec
2727 3255 3071 3322 phwnomena

2073 3325 2245 3379 Libris
2275 3328 2645 3378 commiserunt
2671 3340 2690 3386 ;
2717 3323 2805 3377 sed
2838 3341 2870 3375 a
2899 3339 3051 3390 scopo
3075 3322 3411 3376 aberrarunt.

2151 3456 2343 3510 Verum
2400 3454 2610 3509 subtilis
2660 3456 2929 3524 scriptoris
2980 3455 3330 3524 principatum
3375 3454 3574 3508 Aratus

2619 3534 2626 3541 '
2767 3523 2773 3524 ⁷
2982 3523 2988 3524 ί
3150 3523 3153 3524 ⁷
3269 3523 3506 3596 [obtinet.

2070 3642 2273 3698 Praater
2314 3643 2462 3697 hunc
2519 3643 2847 3698 exstiterunt
2893 3641 2985 3696 alii
3039 3641 3348 3712 complures
3396 3640 3573 3706 Arati,

2002 3736 2249 3790 celebres
2305 3735 2556 3790 historici
2591 3754 2603 3788 :
2637 3735 2786 3790 velut
2841 3733 3090 3800 Cnidius,
3141 3735 3298 3802 cujus
3354 3738 3574 3788 exstant

2003 3825 2452 3898 Egyptiacarum
2485 3827 2838 3882 historiarum
2884 3827 3050 3894 libri;
3083 3827 3277 3882 tertius
3316 3827 3446 3882 item
3475 3839 3576 3879 no-

1999 3920 2165 3976 minis
2196 3920 2440 3989 ejusdem
2475 3917 2785 3989 Sicyonius,
2815 3918 2974 3989 longe
2989 3917 3371 3983 clarissimus;
3404 3931 3436 3970 a
3465 3929 3576 3986 quo

2001 4012 2190 4067 multis
2222 4012 2382 4066 libris
2420 4011 2568 4066 edita
2603 4019 2686 4065 est
2705 4011 2956 4067 historia.
2998 4010 3135 4064 Sunt
3159 4011 3304 4066 enim
3340 4009 3575 4079 amplius

2001 4105 2250 4175 triginta.
2275 4103 2431 4170 Quod
2467 4105 2534 4159 ad
2559 4105 2819 4175 epistolas
2861 4104 3014 4158 Arati
3057 4109 3287 4174 spectat,
3341 4116 3574 4171 quarum

2001 4211 2162 4266 supra
2192 4198 2540 4253 meminimus
2563 4237 2577 4260 ,
2606 4213 2728 4253 cum
2765 4200 2817 4250 in
2843 4197 2946 4250 hoc
2983 4195 3326 4250 consentiant
3358 4207 3571 4256 omnes,

2000 4289 2148 4343 illius
2174 4303 2266 4342 eas
2299 4304 2425 4344 esse
2452 4304 2762 4358 germanas,
2803 4303 2922 4358 quae
2946 4287 3050 4357 ipsi
3082 4286 3436 4340 tribuuntur:
3483 4299 3574 4340 so-

335 4373 431 4444 δης
451 4372 710 4443 ὁΚηφεῦς
732 4376 788 4426 ὲν
809 4372 886 4444 τῷ
909 4375 1078 4444 ὀγδόῳ
1095 4375 1230 4442 Περὶ
1245 4371 1738 4441 κατεψευσμένης
1752 4375 1893 4425 ίστο·

2001 4379 2090 4434 lus
2115 4380 2436 4449 Apollonius
2463 4380 2714 4450 Cepheus
2738 4380 2792 4433 in
2832 4387 3025 4433 octavo
3047 4377 3125 4432 De
3151 4377 3293 4447 falsa
3324 4376 3571 4444 historia,

330 4435 495 4530 βίας,
523 4435 622 4514 obit
649 4435 785 4515 εἶναι
807 4435 974 4525 αὸτάξ
1013 4435 1236 4532 ’Ᾰράτου
1272 4435 1456 4535 φησίν,
1484 4435 1618 4517 ἀλλὰ
1646 4435 1893 4533 Σαϐιρίου

2003 4435 2283 4541 ηθεθίεεδ
2305 4471 2454 4526 Arati
2486 4435 2626 4539 esse,
2661 4472 2756 4526 sed
2789 4470 2987 4526 Sabirii
3021 4435 3282 4525 Pollonis.
3305 4469 3350 4521 A
3383 4483 3492 4538 quo
3517 4435 3572 4522 et

338 4551 630 4614 Πόλλωνος.
665 4551 770 4604 Τοῦ
813 4552 870 4605 δὲ
914 4553 1077 4606 αὐτοῦ
1119 4553 1306 4607 τούτου
1343 4553 1508 4624 φησὶν
1540 4548 1679 4608 εἶναι
1709 4554 1893 4607 ἐπινε-

2004 4562 2125 4617 illas
2155 4577 2278 4617 esse
2307 4563 2540 4632 scriptas
2568 4562 2832 4632 epistolas
2881 4561 3082 4617 asserit
3127 4575 3247 4632 quae
3297 4558 3569 4630 Euripidis

335 4643 660 4714 γραμμένας
681 4643 975 4714 Εὐριπίδου
1001 4644 1309 4708 ἐπιστολάς.

2003 4654 2224 4710 nomine
2247 4654 2730 4709 circumferuntur.

850 4755 992 4824 Περὶ
1027 4756 1386 4826 ἐξηγήσεως.

406 4868 518 4939 Τὴν
573 4869 628 4920 δὲ
670 4867 777 4922 τῶν
828 4867 1187 4937 φαινομένωνο
1219 4868 1474 4939 ἐξήγησιν
1531 4867 1746 4939 πρῶτον
1793 4869 1892 4939 μὲν

336 4959 576 5029 ἑστώσης
616 4959 714 5028 τῆς
755 4958 1018 5029 σφαίρας,
1066 4958 1204 5028 μετὰ
1238 4959 1299 5012 δὲ
1333 4959 1503 5014 ταῦτα
1552 4960 1895 5030 κινουμένης,

334 5051 624 5121 ἐποιήσατο
661 5050 912 5120 Ἄρατος.
945 5049 1036 5101 Διὸ
1061 5049 1370 5122 συμϐέϐηκε
1395 5051 1574 5114 πάσας
1609 5052 1708 5114 τὰς
1737 5051 1895 5121 σφαί-

2273 4764 2351 4821 De
2376 4767 2710 4822 enarratione
2737 4769 3101 4838 apparentium
3125 4767 3298 4821 Arati.

2067 4879 2466 4951 Apparentium
2515 4883 2784 4936 rationem
2845 4881 2925 4937 sic
2969 4881 3169 4936 Aratus
3199 4878 3468 4950 exposuit,
3511 4886 3570 4934 ut

2004 4973 2283 5026 immotam
2320 4973 2497 5042 primo
2526 4974 2818 5043 sphaeram,
2853 4981 2978 5044 post
3002 4974 3242 5028 eamdem
3270 4986 3388 5027 sese
3433 4984 3568 5026 con-

2005 5071 2301 5118 vertentem
2332 5065 2620 5134 aspiceret.
2661 5064 2800 5121 Hinc
2828 5072 3052 5135 apparet
3094 5065 3333 5134 sphmras
3363 5078 3566 5120 omnes

336 5158 435 5211 ρας
490 5143 548 5195 ὲν
605 5143 840 5213 ἁμαρτίᾳ
894 5141 997 5194 ὑπὸ
1045 5142 1155 5196 τῶν
1211 5143 1512 5213 ζωγράφων
1566 5143 1891 5215 γράφεσθαι.

2002 5167 2032 5206 a
2063 5153 2364 5222 pictoribus
2403 5171 2510 5209 non
2542 5156 2658 5211 sine
2688 5171 2874 5211 errore
2917 5155 3086 5226 pingi.
3128 5153 3263 5208 Cum
3299 5155 3441 5210 enim
3473 5168 3566 5209 eo-

343 5233 580 5287 Ἐστῶτα
614 5235 720 5304 γὰρ
764 5235 856 5288 καὶ
907 5235 1136 5305 ἀκίνητα
1178 5237 1475 5305 γράφοντες
1523 5236 1680 5301 αὐτὰ,
1723 5237 1890 5305 σφάλ-

2001 5245 2124 5299 dcm
2171 5246 2293 5302 loco
2347 5249 2707 5304 consistentia
2758 5259 2810 5304 et
2862 5247 3160 5303 immobilia
3216 5247 3562 5310 describant,

336 5340 480 5392 ματα
505 5323 672 5377 πολλὰ
701 5325 758 5378 ἐν
787 5328 854 5394 τῇ
878 5327 1085 5394 κινήσει
1109 5328 1166 5378 ὲν
1191 5329 1302 5388 τοῖς
1331 5326 1771 5382 συνανατέλλουσι
1798 5329 1891 5381 καὶ

2000 5336 2185 5405 plures
2215 5353 2282 5392 ex
2313 5353 2378 5392 eo
2415 5354 2640 5395 necesse
2659 5347 2746 5395 est
2779 5338 2836 5393 in
2865 5338 3168 5393 orientibus
3192 5336 3354 5391 simul
3385 5343 3439 5392 et
3471 5350 3564 5390 oc-

332 5414 692 5470 ἁντιδύνουσιν
723 5417 940 5488 ἄστροις
967 5418 1031 5471 ι’.
1061 5417 1277 5471 Ποιοῦσι
1313 5416 1369 5470 δὲ
1392 5417 1486 5488 τὴν
1519 5419 1692 5490 ἀρχὴν
1723 5419 1890 5472 ἑστώ-

1998 5424 2306 5482 cidentibus
2339 5428 2611 5484 sideribus
2640 5443 2856 5484 errores
2887 5425 3143 5484 incidere.
3179 5426 3340 5481 Initio
3378 5426 3564 5497 itaque

561 5605 704 5692 "366’.
742 5605 906 5692 'Mox,
970 5610 1185 5692 άοιιρὦν.
1226 5680 1239 5692 ,
1309 5610 1428 5692 ⁸⁷].
1460 5611 1719 5692 ἀρρήτου,
1776 5622 1846 5692 et_
1891 5613 2161 5692 φγγονοι.
2190 5685 2224 5692 __
2247 5615 2307 5692 ξε
2335 5616 2417 5668 Αη
2443 5617 2636 5692 λδέως,
2676 5618 2769 5673 καί
2803 5634 2986 5691 φησιν.

3095 5618 3138 5649 ³9
3181 5615 3273 5649 Ερυ-
3321 5615 3387 5649 ηλι
3414 5613 3534 5649 una,

332 5673 380 5706 u
429 5615 474 5635 "
496 5615 537 5673 Ῑ.
579 5615 704 5658 τόδ’.
758 5615 906 5672 Mox,
975 5615 1185 5670 ἀοιδῶν.
1309 5615 1352 5642 ³⁷
1388 5615 1428 5680 Ῑ.
1460 5615 1719 5692 ἀρρήτου,
1776 5622 1830 5667 et
1891 5640 1893 5658 ι

409 5673 528 5730 Scr.
551 5675 890 5730 ἀποσκόπιοι.
968 5680 1150 5737 “Scr.
1181 5680 1262 5748 τό,
1327 5689 1376 5735 et
1431 5697 1723 5748 σκηπτρον.
1801 5683 1893 5737 δί

1998 5631 2161 5682 γονοι.
2263 5615 2307 5647 ³⁸
2335 5616 2417 5668 Αη
2472 5617 2636 5684 ἰδίως,
2676 5618 2769 5673 καί
2803 5634 2986 5691 φησιν.
3095 5618 3138 5649 ³’
3174 5615 3292 5672 Scr.
3321 5615 3389 5672 τὰ
3414 5615 3556 5668 κατ’.

1998 5701 2013 5738 2
2042 5685 2280 5740 nonnihil
2303 5685 2570 5742 mendosa.
