3950 6266
457 280 598 338 H59

1484 277 1576 333 AD
1611 274 1880 334 EUSEBII
1915 272 2310 332 CHRONICON
2351 272 2713 330 APPENDIX.

3540 285 3656 340 “60

456 399 526 454 ab
553 395 766 469 sphaera
797 396 1132 454 consistente
1156 395 1322 464 facto,
1347 394 1418 453 de
1441 412 1564 463 axe,
1599 399 1746 468 polo,
1781 405 1837 452 et
1866 397 1934 452 iis
1955 397 2024 454 si-

2131 414 2233 468 σης
2262 395 2362 468 τῆς
2391 396 2625 467 σφαίρας
2673 395 2804 466 περὶ
2843 392 3025 460 ἄξονος
3079 395 3173 450 καὶ
3217 397 3418 463 πόλων,
3456 403 3658 459 καὶτῶν

455 489 702 554 deribus,
749 503 869 559 quae
906 489 1098 544 arctici
1153 489 1349 544 circuli
1402 489 1610 544 ambitu
1672 489 2025 555 clauduntur,

457 594 764 635 sermonem
785 579 1056 646 instituit;
1088 579 1395 650 cujusmodi
1427 589 1576 645 sunt,
1622 578 1795 645 Ursae,
1830 580 2026 647 Draco,

456 677 510 724 et
537 686 656 741 quae
689 671 757 724 ab
779 670 1002 741 cingulo
1031 671 1100 725 ad
1129 671 1293 742 pedes
1326 670 1528 741 Cephei
1573 672 1883 741 pertinent;
1911 680 2027 726 tum

457 758 523 814 de
569 759 636 813 iis
677 773 799 830 qua:
845 760 1109 814 arcticum
1153 762 1296 814 inter
1346 767 1400 815 et
1448 759 1733 815 zodiacum
1765 762 2028 816 collocata

455 850 725 906 videntur.
758 849 838 906 Ac
864 851 932 906 de
958 852 1027 907 iis
1047 852 1288 922 quidem,
1341 867 1462 922 quae
1505 851 1649 906 inter
1681 852 1944 907 arcticum
1974 858 2029 906 et

457 943 764 1010 zodiacum,
797 950 961 1014 atque
990 943 1351 998 antarcticum
1381 943 1489 999 sita
1521 949 1669 1008 sunt,
1689 943 1765 997 ita
1799 943 2023 999 scribit:

460 1057 625 1124 Atque
659 1054 771 1107 alia
800 1054 1007 1124 quidem
1040 1053 1175 1106 inter
1213 1053 1514 1124 aquilonem
1554 1063 1608 1108 et
1635 1056 1734 1107 iter
1769 1054 1895 1108 solis

459 1123 526 1176 In
543 1123 724 1178 medio
742 1123 865 1192 [usa
880 1133 1023 1187 sunt;
1046 1124 1157 1177 alia
1176 1123 1240 1177 ab
1262 1123 1501 1193 inferiori
1515 1136 1664 1194 parte
1681 1125 1960 1193 incipiunt.

456 1236 659 1292 Verum
732 1251 1051 1292 conversam
1103 1246 1293 1308 postea
1331 1237 1729 1308 contemplatus
1781 1236 2027 1292 eamdem

458 1329 745 1399 sphaeram,
777 1328 934 1399 150
960 1336 1201 1394 ortuum,
1225 1344 1288 1385 ac
1317 1329 1481 1386 simul
1525 1329 1817 1385 orientium
1847 1337 1903 1385 et
1933 1344 2027 1384 oc-

457 1420 756 1476 cidentium
808 1421 1213 1476 enarrationem
1261 1421 1385 1476 iniit
1427 1422 1498 1478 ab
1533 1422 1744 1478 oriente
1786 1421 2024 1488 Cancro,

456 1512 790 1567 culminante
815 1511 1015 1577 Ariete,
1046 1520 1102 1568 et
1122 1514 1404 1569 occidente
1451 1512 1807 1583 Capricorno.
1853 1511 2026 1569 Orsus

458 1613 639 1658 autem
671 1603 738 1657 ab
759 1612 953 1658 exortu
983 1602 1202 1670 Cancri,
1241 1619 1367 1659 cum
1396 1620 1573 1676 eoque
1609 1605 1773 1661 simul
1793 1605 2026 1660 orientia

455 1701 512 1750 et
541 1693 845 1749 accidentia
873 1709 941 1750 ex
983 1694 1217 1751 adverso
1251 1695 1431 1752 sidera
1473 1704 1815 1766 persecutus,
1835 1697 2023 1767 [dein-

2133 487 2287 551 ἐντὸς
2317 487 2410 542 τοῦ
2439 486 2704 560 ἀρκτικοῦ
2740 486 2938 542 κύκλου
2968 487 3182 558 ἄστρων
3224 489 3314 542 τὸν
3340 489 3487 559 λόγον
3511 500 3658 550 ποιεῖ.

2133 596 2244 633 ται.
2282 579 2440 648 Λέγω
2468 581 2525 633 δὲ
2554 581 2822 650 ΙἌρκτων,
2854 581 2946 633 καὶ
2975 579 3292 650 Δράκοντος,
3326 581 3416 634 καὶ
3449 585 3548 637 τῶν
3571 588 3661 642 ἀπὺ

2132 671 2233 742 τῆς
2261 669 2435 743 ζώνης
2471 671 2630 742 μέχρι
2662 669 2836 724 ποδῶν
2859 669 2955 723 τοῦ
2990 670 3227 741 Κηφέως
3249 688 3262 701 ·
3298 669 3410 726 εἶτα
3441 677 3553 747 περὶ
3572 680 3661 732 τῶν

2137 766 2342 839 μεταξὺ
2380 762 2475 818 τοῦ
2523 761 2780 833 ἀρκτικοῦ
2811 761 2906 815 καὶ
2933 760 3198 825 ζωδιακοῦ
3243 759 3376 817 εἶναι
3413 769 3662 838 νομιζομέ-

2132 875 2260 913 νων.
2309 856 2472 924 Λέγει
2511 855 2568 908 δὲ
2617 853 2880 924 περὶτῶν
2917 853 3118 923 μεταξὺ
3161 855 3256 908 τοῦ
3297 856 3542 927 ἀρκτικοῦ
3585 862 3662 913 καὶ

2132 947 2419 1017 ζωδιακοῦ,
2452 947 2546 1002 καὶ
2573 945 2934 1018 ἀνταρκτικοῢ
2958 944 3130 1010 οὕτως
3157 963 3171 976 ·

2131 1065 2244 1120 Καὶ
2267 1066 2340 1118 τὰ
2361 1063 2478 1133 μὲν
2500 1059 2615 1133 οὖν
2635 1060 2830 1130 βορέω
2847 1061 2960 1133 Δκαί
2987 1059 3243 1126 ἀλήσιος
3266 1061 3484 1133 ᾐρλίοιο

2129 1130 2460 1204 Μεσσηγὺς
2488 1132 2733 1203 κέχυται
2751 1149 2765 1161 ·
2799 1130 2871 1186 τὰ
2901 1131 2968 1184 δὲ
2995 1133 3224 1185 νειόθεν
3251 1131 3482 1200 ἄρχεται
3507 1133 3659 1190 ἄλλα.

2131 1250 2468 1321 Κινουμὲνης
2489 1249 2544 1303 δὲ
2567 1249 2667 1320 τῆς
2691 1247 2946 1318 σφαίρας,
2963 1246 3008 1278 ⁸³
3022 1243 3132 1298 τῶν
3155 1246 3440 1312 ἀνατολῶν,
3457 1248 3541 1301 καὶ
3563 1266 3662 1301 συν-

2130 1342 2525 1397 ανατελλόντων
2557 1341 2652 1394 καὶ
2674 1338 3058 1393 ἀντιδυνόντων
3087 1338 3377 1408 πεποίηται
3406 1338 3506 1391 ἀπὸ
3538 1340 3663 1412 Καρ-

2129 1435 2282 1490 κίνου
2316 1432 2720 1494 ἀνατέλλοντος,
2759 1431 2855 1484 καὶ
2895 1427 3350 1500 μεσουρανοῦντος
3379 1427 3556 1499 Κριοῦ,
3587 1432 3663 1483 καὶ

2131 1524 2412 1596 Αίγόκερω
2440 1522 2711 1586 δύνοντος.
2757 1519 3086 1590 Ἀρξάμενος
3123 1517 3303 1588 μέντοι
3340 1516 3442 1568 ἀπὸ
3483 1518 3660 1588 Καρκί-

2130 1635 2222 1672 νου
2253 1615 2652 1681 ἀνατέλλοντος,
2679 1613 2774 1666 καὶ
2802 1612 2846 1643 ⁸⁸
2875 1610 3099 1682 προσέτι
3141 1609 3207 1662 τὰ
3249 1609 3662 1662 συνανατέλλοντα

2137 1708 2285 1781 αὐτῷ
2318 1708 2492 1779 ἄστρα
2513 1749 2528 1774 ,
2559 1706 2655 1760 καὶ
2689 1703 3030 1759 ἀντιδύνοντα
3063 1704 3120 1754 ἐν
3151 1703 3264 1764 τοῖς
3299 1699 3422 1770 ἐξῆς
3451 1700 3540 1751 οὐκ
3561 1700 3664 1770 ἐτή-

457 1799 584 1854 ccps
616 1784 865 1840 eumdem
897 1785 1149 1840 ordinem
1183 1801 1293 1840 non
1319 1787 1624 1849 tenuit,sed
1651 1789 1820 1844 variis
1850 1788 2024 1844 modis

2131 1777 2268 1872 ρησε
2292 1777 2496 1870 ταύτὴν
2539 1797 2636 1869 τὴν
2677 1794 2830 1859 τάξιν
2855 1811 2866 1824 ·
2901 1791 3037 1846 ἀλλά
3075 1791 3382 1862 διαφόρως,
3418 1789 3538 1842 ποτὲ
3584 1790 3663 1861 μὲν

457 1891 590 1932 usus
621 1884 705 1932 est
733 1894 747 1930 :
779 1883 883 1942 nte
903 1876 1126 1948 regione
1143 1876 1419 1932 interdum
1443 1878 1748 1934 occidentia
1770 1880 2025 1949 primum,

457 1975 582 2040 post
612 1967 775 2023 simul
805 1968 1035 2023 orientia
1058 1967 1396 2024 describeret
1422 1986 1436 2035 ;
1467 1969 1522 2024 in
1555 1970 1677 2025 aliis
1708 1970 1826 2026 vice
1847 1985 2025 2036 versa,

456 2075 486 2113 a
512 2059 885 2115 coorientibus
929 2059 1216 2130 inciperet,
1266 2061 1444 2132 iisque
1486 2061 1826 2116 contrarium
1867 2076 2028 2117 occa-

455 2165 580 2209 sum
609 2149 863 2206 facientia
885 2150 1203 2222 subjiceret.

527 2239 634 2294 Sed
687 2241 958 2310 poeticum
1006 2239 1110 2296 hoc
1160 2255 1298 2311 opus
1347 2240 1592 2312 plerique
1639 2241 2026 2313 depravarunt,

455 2331 718 2403 pictores,
759 2332 1081 2397 astronomi,
1124 2330 1487 2402 grammatici,
1530 2342 1855 2403 geometrae;
1905 2350 2029 2390 cum

2126 1889 2196 1944 τά
2227 1887 2570 1944 ἀντιδύνοντα
2602 1885 2794 1958 πρῶτα
2823 1885 3008 1950 λέγει,
3042 1881 3268 1954 ὕστερον
3293 1881 3348 1934 δὲ
3378 1881 3442 1934 τά
3471 1899 3663 1934 συνανα-

2128 1981 2414 2035 τέλλοντα·
2447 1980 2541 2032 ἐπὶ
2590 1979 2648 2032 δέ
2689 1994 2849 2032 τινων
2899 1976 3199 2030 ἀνάπαλιν·
3250 1973 3440 2045 πρῶτα
3484 1974 3569 2043 μὲν
3607 1974 3662 2028 τὰ

2130 2073 2608 2137 συνανατὲλλοντα,
2642 2071 2864 2142 ὕστερον
2893 2067 2963 2123 τὰ
2981 2066 3347 2122 ἀντιδύνοντα.

2213 2252 2518 2326 Ἐλύμηναν
2562 2250 2620 2304 δὲ
2657 2248 2844 2302 πολλοὶ
2879 2246 3037 2302 τοῦτο
3084 2246 3144 2301 τὸ
3176 2248 3390 2318 ποίημα
3423 2245 3664 2317 ζωγράφοι

2131 2347 2225 2402 καὶ
2254 2344 2577 2417 ἀστρονόμοι
2600 2383 2615 2409 ,
2653 2341 2747 2396 καὶ
2792 2340 3169 2412 γραμματικοὶ
3194 2384 3208 2407 ,
3243 2339 3338 2392 καὶ
3369 2338 3663 2408 γεωμέτραι,

455 2419 526 2475 ad
572 2434 728 2476 suam
761 2420 994 2491 quisque
1027 2428 1266 2476 mentem
1301 2435 1366 2475 ac
1410 2423 1742 2478 voluntatem
1791 2424 2032 2496 privatas

454 2510 700 2581 picturas
726 2516 782 2567 et
814 2510 1292 2581 interpretationes
1329 2512 1594 2583 exigeret.

522 2602 884 2658 Proferuntur
931 2617 962 2657 a
1012 2602 1293 2659 nonnullis
1335 2601 1691 2661 Phtenomena
1745 2604 1866 2662 sine
1919 2605 2031 2660 ullo

454 2697 726 2766 prooemio
755 2696 811 2749 in
840 2694 986 2749 hunc
1027 2695 1251 2750 modum
1283 2713 1298 2751 :

2129 2439 2357 2502 ἕκαστος
2384 2433 2564 2490 αὐτῶν
2594 2432 2730 2504 πρὸς
2759 2431 2821 2485 τό
2853 2430 3099 2502 βούλημα
3119 2430 3182 2484 τὸ
3213 2429 3344 2486 [διον
3375 2427 3572 2501 γραφὰς
3591 2428 3667 2481 καὶ

2131 2529 2418 2602 ἐξηγήσεις
2451 2527 2586 2590 ἰδίας
2605 2523 2936 2594 ποιούμενοι.

2199 2622 2427 2695 Φέρεται
2459 2620 2526 2691 δὴ
2571 2619 2641 2673 τά
2677 2615 3009 2686 Φαινόμενα
3045 2613 3151 2669 ὑπὸ
3186 2614 3290 2686 μέν
3329 2629 3481 2667 τινων
3527 2613 3668 2683 ἀπρο-

2130 2714 2390 2787 οιμίαστα
2411 2728 2428 2744 ο

2136 2831 2202 2883 οι
2224 2825 2342 2898 μὲν
2365 2825 2522 2896 ὁμῶς
2545 2824 2756 2891 πολέες
2783 2840 2846 2878 τε
2865 2823 2962 2878 καὶ
2988 2819 3246 2887 ἄλλυδις
3267 2819 3441 2874 ἄλλοι
3464 2819 3664 2886 ἐόντες·

2133 2919 2239 2975 ὑπὸ
2263 2919 2323 2973 δέ
2343 2935 2504 2973 τινων
2528 2917 2760 2991 διάφορα
2790 2915 3071 2988 προοίμια,
3102 2916 3280 2986 ἀρχὴν
3305 2913 3490 2985 ἔχοντα
3505 2929 3519 2943 ο

2285 3031 2450 3101 Ἇμςρί
2475 3049 2578 3101 μοι
2610 3030 2836 3101 ἠελίοιο
2868 3026 3261 3098 περικιῑειτοῖό
3286 3044 3348 3081 τε
3368 3024 3552 3096 μήνης

2281 3100 2534 3156 Ἕσπετέ
2555 3118 2680 3172 μοι,
2707 3100 2945 3154 Μοῦσαι

455 2808 558 2864 lla:
583 2809 792 2881 quidem
814 2807 1151 2864 nihilominus
1186 2808 1392 2875 multae,
1426 2817 1476 2864 et
1498 2809 1628 2865 alibi
1669 2810 1794 2868 alite
1821 2814 2032 2882 pasitte;

453 2921 674 2993 quidam
709 2920 924 2976 diversa
952 2920 1220 2991 prooemia
1250 2919 1516 2986 referunt,
1557 2921 1703 2976 velut
1739 2941 1754 2980 :

631 3034 712 3089 De
739 3034 848 3088 sole
875 3043 924 3087 et
954 3034 1148 3103 insigni
1176 3033 1305 3089 luna

627 3105 799 3159 Dicite
823 3104 969 3167 mihi,
1002 3102 1185 3163 Musca.
2060 3121 2106 3184 α

457 3214 520 3273 In
549 3215 671 3272 aliis
699 3214 1106 3286 exemplaribus
1131 3233 1147 3272 :

2133 3219 2256 3276 τινὰ
2284 3220 2340 3273 δὲ
2368 3217 2479 3272 τῶν
2510 3216 2861 3287 ἀντιγράφων
2881 3231 2895 3245 ·

2146 3331 2447 3402 Ἇγκλείδη
2473 3330 2688 3393 ξείνων
2712 3328 2875 3402 lepor:
2904 3327 3112 3402 θάλος,
3138 3329 3191 3382 ei
3209 3327 3264 3382 δ’
3294 3327 3399 3396 ἄγε
3419 3327 3494 3380 σύ
3513 3341 3600 3395 μοι

2129 3398 2427 3473 Οὐρανίην
2456 3401 2760 3470 ψαύσειας
2783 3398 2880 3453 ἐπὶ
2908 3398 3139 3468 τρίϐον
3241 3479 3246 3481 ἒ

2131 3518 2250 3572 ἒνια
2279 3515 2338 3569 δέ
2357 3532 2370 3546 ·

2281 3628 2594 3699 Ἀντίγονε,
2621 3624 2834 3691 ξείνων
2863 3623 3025 3693 ἱερὸν
3044 3624 3252 3706 θάλος.

454 3331 675 3406 ᾼηοίὶιίε
698 3331 959 3406 hospitum
993 3347 1207 3406 sacrum
1233 3347 1491 3406 germen,
1545 3350 1640 3406 age
1670 3343 1726 3390 tu
1766 3336 1894 3391 mihi

454 3404 726 3460 Caelestem
761 3403 995 3472 attingas
1018 3401 1087 3454 ad
1114 3401 1394 3468 semitam;

454 3520 580 3588 alia,

629 3659 907 3729 Antigone,
935 3657 1201 3729 hospitum
1231 3673 1442 3713 sacrum
1465 3672 1695 3727 germen.

453 3773 653 3830 Verum
698 3773 846 3828 omni
893 3788 1122 3844 prorsus
1158 3785 1349 3828 carere
1385 3768 1655 3841 prooemio
1687 3783 1826 3839 opus
1856 3768 2026 3834 istud,

452 3865 772 3920 indecorum
801 3869 924 3931 est;
960 3878 1026 3918 ac
1067 3877 1190 3918 cum
1226 3860 1394 3932 hujus
1441 3868 1612 3930 poeta:
1652 3859 1931 3928 praestanti
1960 3858 2034 3912 fa-

450 3957 672 4022 cultate,
705 3966 816 4008 tum
845 3968 976 4008 vero
1001 3952 1141 4012 tanti
1175 3951 1482 4022 argumenti
1515 3951 1800 4021 majestate
1846 3951 2030 4008 minus

451 4047 706 4117 dignum,
733 4045 816 4100 sic
854 4044 1000 4100 enim
1029 4043 1172 4098 initii
1217 4058 1283 4098 ac
1307 4042 1455 4097 velut
1484 4041 1680 4111 capitis
1708 4055 1902 4110 expers
1941 4057 2032 4098 es-

452 4147 537 4196 set
557 4139 670 4204 hoc
683 4151 896 4208 poema.
921 4136 1003 4190 Ab
1033 4135 1102 4190 iis
1133 4143 1314 4189 autem
1345 4132 1590 4189 exordiis
1627 4132 1895 4198 inchoari,
1921 4132 2031 4187 An-

453 4231 618 4297 clide?,
660 4237 716 4284 et
754 4227 806 4282 id
843 4241 1016 4297 genus
1053 4223 1300 4286 caeteris,
1350 4235 1461 4276 non
1487 4236 1553 4276 eo
1589 4222 1768 4278 solum
1817 4221 2030 4276 videtur

453 4320 770 4385 absurdum,
793 4319 936 4388 quod
962 4325 1183 4388 propter
1223 4313 1554 4370 cacozeliam
1600 4315 1670 4369 ab
1699 4313 1853 4368 Arati
1888 4315 2028 4385 stylo

453 4414 542 4470 isti
570 4429 762 4470 versus
800 4413 1161 4478 abhorreant;
1197 4409 1294 4465 sed
1333 4409 1478 4464 inest
1513 4407 1567 4463 id
1610 4407 1668 4462 in
1699 4423 1765 4464 eo
1810 4383 2024 4478 quoque

2133 4393 2600 4467 μηκονταετηρίδα
2644 4387 2807 4458 εῖναι,
2839 4391 2898 4444 ἐν
3027 4386 3458 4443 ἀποκαθίσταται
3487 4387 3514 4438 ὁ
3541 4383 3666 4454 ἥλιος

451 4520 702 4578 pugnans
721 4546 736 4571 ,
769 4503 914 4574 quod
941 4503 1101 4557 annis
1125 4473 1466 4571 septuaginta
1501 4498 1570 4554 ad
1598 4499 1742 4554 idem
1763 4473 2024 4569 punctum

2131 4488 2237 4546 ἀπὸ
2271 4486 2498 4559 σημείου
2526 4485 2618 4539 ἐπὶ
2643 4486 2886 4554 σημεῖον.
2922 4483 3076 4554 Ἔχει
3099 4481 3208 4552 γὰρ
3240 4482 3302 4534 τὸ
3325 4473 3666 4548 κατεψευσμέ-

452 4575 694 4648 revocari
724 4591 856 4646 solis
894 4587 1169 4643 curricula
1210 4586 1529 4641 credantur.
1579 4581 1712 4639 Tale
1757 4591 1842 4639 est
1880 4583 2024 4637 enim

2131 4597 2219 4635 νον
2254 4577 2539 4650 προοίμιον
2566 4575 2738 4639 οὓτως
2767 4590 2781 4605 ·

452 4683 885 4740 commentitium
905 4678 1039 4734 illud
1065 4679 1348 4734 exordium
1369 4697 1382 4732 :

2131 3743 2206 3799 Τὸ
2242 3742 2340 3814 μὲν
2363 3736 2455 3796 οὖν
2491 3737 2915 3812 ἀπροοιμίαστον
2939 3736 3200 3810 φέρεσθαι
3232 3737 3295 3790 τὸ
3325 3737 3524 3808 ποίημα
3553 3752 3667 3788 παν-

2128 3834 2298 3899 τελῶς
2334 3835 2484 3888 ἐστιν
2529 3832 2774 3904 ἀπρεπὲς
2818 3831 2914 3885 καὶ
2949 3826 3168 3895 ἀνάξιον
3205 3828 3311 3900 τῆς
3347 3827 3438 3883 τοῦ
3479 3825 3668 3896 ποιητοῦ

2129 3927 2328 3999 ἀρετῆς
2377 3926 2471 3979 καὶ
2521 3925 2622 3994 τῆς
2683 3922 3014 3995 τηλικαύτης
3077 3920 3387 3984 ὑποθέσεως
3410 3938 3423 3950 °
3470 3921 3668 3988 ἄναρχον

2129 4021 2238 4093 γὰρ
2281 4019 2378 4074 καὶ
2410 4017 2683 4088 ἀκέφαλον
2726 4017 2879 4072 ἔσται
2920 4014 2982 4069 τὸ
3010 4014 3221 4085 ποίημα
3241 4030 3256 4044 ·
3287 4014 3350 4067 τὸ
3387 4013 3442 4066 δὲ
3469 4011 3565 4065 ἀπὸ
3589 4008 3666 4062 τοῦ

2141 4113 2477 4185 Ἇγκλείδη,
2526 4113 2623 4166 καὶ
2667 4111 2777 4164 τῶν
2827 4109 2956 4180 ἑξῆς
2997 4109 3285 4181 ἄρχεσθαι,
3327 4108 3460 4180 πρὸς
3494 4105 3564 4176 τῷ
3596 4103 3667 4157 διὰ

2129 4206 2460 4279 κακοζηλίαν
2508 4207 2767 4276 ἐκφυγεῖν
2806 4203 2975 4257 ταῦτα
3017 4202 3088 4256 τά
3137 4201 3242 4273 ἔπη
3291 4202 3380 4254 τὸν
3425 4201 3666 4271 Ἀράτειον

2128 4298 2472 4371 χαρακτῆρα,
2506 4297 2585 4351 ἔτι
2616 4297 2709 4352 καὶ
2738 4293 3048 4366 ἐναντίωμα
3084 4293 3198 4364 ἔχει
3230 4295 3293 4346 τὸ
3318 4292 3514 4346 οἴεσθαι
3539 4289 3665 4344 ἐϐδο-

455 4797 656 4866 Septies
684 4813 803 4851 cum
831 4794 1093 4850 decenniis
1116 4792 1378 4848 conversis
1406 4790 1580 4846 annis.

2135 4781 2401 4847 Ἕπταχα
2425 4777 2545 4831 σὺν
2577 4774 2858 4830 δεκάδεσι
2883 4771 3335 4843 περιπλομένων
3355 4765 3634 4825 ενιαυτᾱηο.

453 4906 586 4962 Cum
612 4915 794 4961 tamen
815 4904 1017 4959 Aratus
1044 4900 1417 4957 novemdecim
1440 4912 1706 4954 annorum
1737 4897 1914 4968 spatio
1943 4912 2024 4952 re-

2135 4890 2242 4947 Τοῦ
2285 4889 2514 4961 Ἀράτου
2554 4885 3162 4957 ὲννεακαιδεκαετηρίδα
3190 4883 3386 4946 εἰδότος
3419 4884 3664 4936 ἀποκατα-

453 4999 607 5058 stitui
623 4997 791 5054 solem
807 4997 864 5052 in
881 4995 1022 5051 idem
1041 4993 1366 5066 principium
1383 4989 1618 5056 noverit,
1637 4990 1715 5044 ita
1742 4988 1990 5045 scribens
2009 5004 2024 5045 :

2135 4982 2394 5054 στατικὴν
2420 4979 2512 5033 τοῦ
2541 4979 2691 5051 ἡλίου
2717 4978 2804 5032 διὰ
2827 4977 3057 5032 τούτων·

2131 5143 2148 5157 .
2195 5138 2207 5150 .
2253 5138 2266 5151 .
2303 5136 2316 5150 .
2357 5136 2370 5148 .
2408 5134 2422 5147 .
2467 5135 2480 5148 .
2515 5133 2527 5146 .
2576 5093 2653 5146 Τὰ
2683 5092 2796 5160 γὰρ
2824 5087 3310 5160 οὐναγείρεταιίιΙΙ
3342 5084 3455 5153 ἤδη

2143 5163 2596 5222 Ἐννεακαίδεκα
2615 5159 2811 5217 κύκλα
2837 5161 3086 5229 φαεινοῦ
3119 5159 3344 5227 ἠελίοιο
3368 5175 3379 5186 ·

2134 5240 2326 5299 Ὄσσα
2355 5238 2402 5288 τ’
2435 5234 2552 5290 ἀπὸ
2583 5232 2765 5298 ζώνης
2801 5235 2886 5296 εὶς
2910 5231 3173 5298 ἔσχατον
3202 5229 3437 5296 Ὠρίωνα

2130 5307 2259 5372 Νὺξ
2287 5304 2650 5369 ἐπιδινεῖται,
2686 5304 2854 5356 Κύνα
2886 5317 2947 5355 τε
2985 5299 3216 5369 θρασὺν
3248 5299 3524 5365 Ὠρίωνος.

457 5431 612 5491 Unde
655 5435 702 5490 si
742 5431 1068 5505 prommium
1110 5428 1244 5484 illud
1286 5427 1700 5492 admiserimus,
1752 5424 1806 5480 in
1843 5439 1910 5480 eo
1937 5437 2024 5478 se-

2133 5422 2297 5474 ’Ὢστε
2324 5420 2373 5472 εἰ
2411 5415 2870 5489 προσδεχθείημεν
2898 5413 2960 5466 τὸ
2993 5412 3293 5484 προοίμιον,
3327 5411 3383 5463 ὲν
3417 5403 3554 5474 αὑτῷ

457 5493 1045 5598 ptuaginta.annorum
1095 5523 1284 5578 orbem
1334 5530 1494 5593 poeta
1551 5515 2021 5575 constitueritzin

2131 5508 2729 5583 ἑϐδομηκονταετηρίδα
2759 5507 2910 5562 ἔσται
2957 5505 3132 5575 λέγων
3169 5506 3197 5558 ὁ
3237 5499 3490 5574 ποιητὴς,
3523 5499 3576 5549 ἐν
3617 5493 3663 5545 δὲ

457 5149 472 5166 .
505 5149 521 5167 .
559 5152 573 5166 .
605 5150 620 5164 .
665 5153 678 5166 .
724 5150 740 5165 .
773 5148 787 5164 .
821 5107 949 5163 Jam
978 5109 1117 5162 enim
1146 5104 1394 5160 celebrati
1423 5111 1546 5158 sunt

457 5181 828 5236 Novemdecim
851 5178 1036 5234 circuli
1063 5175 1326 5247 splendidi
1361 5173 1512 5230 solis.

457 5253 590 5305 Tum
622 5260 946 5321 quotcunque
973 5247 1038 5321 ab
1071 5241 1279 5316 cingulo
1313 5251 1380 5321 ad
1426 5241 1988 5321 extremumOrionem

459 5321 582 5376 Nox
609 5314 812 5385 evolvit,
852 5314 901 5373 et
939 5318 1006 5373 ad
1037 5314 1218 5371 canem
1249 5315 1502 5370 audacem
1539 5314 1774 5370 Orionis.

529 5683 578 5716 “
611 5680 763 5734 Deest
786 5695 968 5733 nomen
1005 5678 1197 5748 ἀρχήν.
1291 5675 1338 5708 ⁸⁸
1369 5675 1522 5730 Deest
1569 5672 1793 5743 aliquid.
1889 5671 1934 5704 “
1967 5669 2010 5738 f.

2131 5683 2206 5723 tate
2217 5665 2360 5720 ίδετα
2368 5683 2383 5717 ι
2391 5702 2406 5720 .
