3950 6266
1488 315 1581 370 so
1621 312 1889 370 EUSEBII
1925 310 2320 369 cunomcou
2357 311 2720 368 APPENDIX.
3606 313 3740 371 1m

2101 438 2149 492 Α,
2188 430 2415 498 Ἠέλιός
2437 430 2590 498 θ’,ὃς
2610 429 2764 483 πάντ
2803 427 3042 499 ἐφορᾷς,
3078 431 3174 484 καὶ
3208 428 3379 486 πάντ’
3402 429 3738 500 ἐπακούεις.

507 319 646 377 1165

504 433 716 504 Solque,
743 432 832 503 qui
859 440 1045 485 cuncta
1075 430 1238 496 vides,
1272 430 1524 501 au’disqne
1548 442 1756 487 cuncta.

502 544 799 615 Propterea
837 546 982 616 quod
1022 547 1205 600 omnia
1240 545 1504 615 conspicit
1556 544 1706 600 Jovis
1753 544 1966 609 oculus,
2013 551 2056 599 el

2169 544 2318 615 Παρό
2359 545 2474 598 ἐστι
2522 545 2698 598 πάντα
2740 544 2895 608 εἰδὼς
2935 547 2963 598 ὁ
3008 544 3103 598 τοῦ
3149 545 3270 609 Διὸς
3317 544 3622 617 ὀφθαλμὸς,
3655 548 3743 600 καὶ

503 638 686 691 omnia
720 637 1023 706 cognoscit.
1049 636 1152 703 Qui
1182 635 1370 692 Jovem
1405 652 1582 690 aerem
1616 636 2063 706 interpretantur,

501 729 818 784 testimonio
851 729 1044 783 comici
1073 726 1405 782 Philemonis
1449 734 1709 794 utuntur;
1757 727 1915 797 cujus
1953 727 2068 781 haec

499 820 664 874 verba
697 825 825 875 sunt.
860 838 872 872 :
906 819 1070 884 Quem
1109 836 1257 874 nemo
1291 819 1439 883 latet,
1474 835 1634 888 neque
1665 817 1874 883 bonum,
1908 834 2067 887 neque

499 913 701 966 malum
733 952 746 966 .
792 955 805 967 .
847 954 860 967 .
890 895 978 966 'hic
1011 929 1126 966 sum
1160 929 1252 974 aer
1279 929 1429 983 quem
1462 914 1644 965 merito
1676 912 1790 982 quis
1829 911 2064 980 appella-

497 1007 629 1063 terit
651 1015 699 1062 et
725 1005 928 1062 Jovem.
961 1005 1098 1060 Hinc
1128 1005 1354 1059 Aratum
1388 1004 1660 1059 addidisse
1690 1005 1877 1058 volunt
1911 1024 1924 1058 :

678 1160 692 1174 .
737 1158 751 1173 .
800 1159 814 1172 .
859 1118 1008 1172 Pleni
1040 1127 1213 1172 autem
1240 1117 1386 1172 Jovis
1416 1127 1538 1172 sunt
1564 1134 1737 1172 omnes
1769 1118 1887 1183 vici,

497 1189 793 1260 Omniaque
822 1189 1088 1242 hominum
1120 1189 1260 1258 fora.

497 1305 634 1359 Nam
681 1305 746 1360 ‘in
800 1305 1056 1361 omnibus
1124 1304 1258 1360 Jove
1314 1320 1451 1374 Opus
1505 1304 1787 1358 habemus.
1858 1301 2066 1372 Quippe

498 1397 815 1453 haurientes
847 1412 1025 1452 aerem
1063 1398 1416 1466 respiramus.
1453 1395 1595 1462 Quin
1621 1396 1893 1450 communi
1928 1395 2068 1449 inter

497 1490 746 1544 homines
787 1505 886 1545 usu
929 1490 1182 1560 loquendi
1222 1489 1476 1553 dicimus,
1515 1507 1533 1540 ι
1573 1487 1761 1558 pluere
1781 1485 2005 1552 Jovem;
2041 1503 2059 1536 ι

497 1580 627 1635 item
678 1580 1022 1650 Διοσημείας,
1063 1578 1218 1648 quasi
1253 1597 1271 1629 ι
1309 1576 1458 1633 lovis
1487 1584 1729 1638 ostenta,
1767 1595 1786 1626 ι
1821 1574 2067 1628 nomina-

497 1687 657 1738 mus;
710 1679 764 1726 et
820 1689 836 1721 ι
880 1670 1264 1740 Nubicogums
1315 1669 1456 1740 apud
1505 1677 1698 1739 poetas
1739 1665 2064 1720 invenimus.

2167 639 2344 692 πάντα
2395 637 2548 693 νοῶν.
2597 641 2658 691 Οἱ
2707 637 2765 691 δὲ
2813 639 2910 690 Δία
2948 639 3039 691 τὸν
3083 637 3222 708 ἀέρα
3269 637 3628 704 ἀκούσαντες,
3655 639 3745 708 φέ-

2172 746 2321 800 ρουσι
2366 729 2572 801 μάρτυν
2623 729 2896 802 Φιλήμονα
2945 729 3036 783 τὸν
3100 729 3378 800 κωμικόνο
3417 729 3556 799 φησὶ
3608 730 3742 800 γάρ·

2173 824 2274 876 Ὃν
2300 822 2440 876 οὐδὲ
2465 818 2552 889 εἷς
2569 821 2848 891 λέληθεν,
2871 823 3007 876 οὔτε
3031 823 3221 876 κακὸν
3235 823 3301 888 ⁵⁸,
3330 825 3469 877 οὔτε
3497 824 3744 879 ἐσθλόν·

2166 909 2346 980 οὗτός
2381 917 2496 985 εἰμι
2520 915 2634 986 ἐγὼ
2663 915 2798 983 ἀὴρ,
2831 914 2903 969 ὃν
2930 916 3006 969 ἄν
3026 933 3118 982 τις
3146 915 3462 986 ὀνομάσειε
3487 916 3589 970 καὶ
3623 918 3741 970 Δία.

2065 1031 2072 1037 -
2167 1007 2256 1061 Διὸ
2283 1008 2491 1062 καὶτὸν
2528 1009 2762 1079 Ἀρατον
2795 1008 3050 1076 ἐπάγειν

2241 1163 2253 1194 .
2290 1164 2303 1176 .
2342 1164 2356 1177 .
2393 1164 2421 1194 ,ί
2445 1164 2458 1178 .
2492 1162 2505 1176 .
2538 1123 2761 1194 Μεαταὶ
2793 1123 2862 1176 δὲ
2897 1125 3030 1190 Διὸς
3058 1123 3247 1179 πᾶσαι
3269 1123 3385 1192 μὲν
3412 1125 3642 1194 ἀγυιαὶ,

2166 1193 2363 1248 Πᾶσαι
2397 1193 2449 1246 δ’
2485 1193 2810 1263 ἀνθρώπων
2839 1195 3068 1264 ἀγοραί.

2163 1303 2348 1375 Πάντη
2404 1304 2514 1375 γὰρ
2578 1304 2699 1367 Διὸς
2767 1304 3112 1375 κεχρήμεθα.
3175 1304 3429 1368 Σπῶντες
3487 1304 3604 1376 γὰρ
3659 1304 3746 1356 τὴν

2166 1396 2302 1468 ἀέρα
2349 1395 2706 1466 ἀναπνέομεν.
2750 1395 2908 1449 Ἀλλὰ
2948 1396 3052 1467 μὴν
3081 1398 3178 1449 καλ.
3215 1399 3272 1450 ὲν
3304 1396 3381 1467 τῷ
3417 1396 3521 1467 βίῳ
3570 1396 3747 1466 φαμὲν

2173 1507 2191 1540 ι
2227 1487 2319 1543 τὸν
2340 1487 2439 1540 Διὰ
2464 1486 2578 1540 ῦειν
2601 1505 2613 1518 ·
2657 1507 2674 1538 ι
2710 1488 2804 1540 καὶ
2840 1507 2856 1539 ι
2884 1487 3208 1558 Διοσημείας
3246 1507 3265 1540 ι
3294 1482 3573 1556 καλοῦμεν
3596 1503 3610 1516 ·
3657 1487 3746 1538 καὶ

2173 1597 2192 1630 ι
2228 1577 2675 1650 Νεφεληγερέτην
2698 1596 2716 1629 ι
2765 1579 2916 1649 παρὰ
2959 1581 3070 1641 τοῖς
3105 1581 3352 1650 ποιηταῖς
3393 1579 3744 1650 εὑρίσκομεν.

2169 1670 2351 1725 Ταῦτα
2377 1671 2434 1724 δὲ
2467 1671 2561 1723 καὶ
2604 1670 2674 1723 τὰ
2726 1669 2950 1723 τοιαῦτα
2994 1673 3172 1726 πάντα
3220 1673 3276 1724 ὲν
3322 1671 3400 1742 τῷ
3431 1673 3578 1743 ἀέρι.
3601 1673 3666 1725 Ui
3693 1669 3745 1723 δὲ

484 1763 628 1830 Quae
657 1764 859 1828 omnia,
893 1771 945 1819 et
988 1763 1184 1818 horum
1230 1761 1429 1818 similia
1475 1761 1526 1814 in
1567 1775 1690 1814 aere
1720 1757 2056 1829 contingunt.

2167 1762 2265 1816 Δία
2295 1762 2385 1816 τὸν
2420 1761 2646 1833 μυθικὸν
2674 1762 2764 1816 τὸν
2793 1763 2998 1833 Κρόνου
3028 1765 3194 1818 παῖδα
3225 1764 3455 1818 νοοῦσιν.
3498 1765 3664 1834 Ἡμῖν
3691 1764 3745 1816 δὲ

493 1855 600 1908 Alii
644 1853 831 1909 Jovem
889 1854 1040 1908 illum
1092 1870 1124 1908 e
1167 1851 1365 1908 fabulis
1409 1849 1648 1905 Saturno
1695 1848 1936 1920 genitum
1982 1850 2065 1902 in-

497 1948 767 2019 telligunt.
803 1945 914 2002 Nos
962 1944 1229 2000 trifariam
1281 1945 1348 1998 ab
1395 1944 1564 1997 Arato
1610 1942 1841 2013 proferri
1879 1939 2063 1998 Jovem

485 2039 865 2094 arbitramur:
898 2038 1134 2107 primum
1173 2037 1441 2100 fabulose,
1471 2042 1529 2088 ut
1562 2035 1820 2089 cum~ait=

677 2197 690 2209 .
724 2194 738 2207 .
767 2193 790 2205 ..
833 2151 893 2206 Si
923 2167 1101 2205 revera
1137 2159 1272 2205 certe

495 2223 544 2279 E
571 2221 728 2280 Creta
755 2223 864 2277 illa:
893 2223 1068 2291 utique
1096 2221 1241 2274 Jovis
1271 2220 1448 2289 magni
1481 2217 1741 2284 consilio;

495 2341 619 2394 licet
651 2337 794 2394 enim
841 2344 895 2392 et
935 2353 1005 2392 ex
1051 2351 1232 2392 rerum
1284 2343 1501 2400 natura,
1531 2341 1585 2389 et
1631 2349 1698 2388 ex
1755 2331 2060 2386 fabularum

492 2428 818 2484 commentis
847 2441 1105 2482 enarrare
1138 2425 1464 2496 prommium
1486 2441 1501 2489 ;
1527 2423 1641 2494 jam
1673 2423 1806 2476 illud
1837 2441 1852 2475 :

498 2541 564 2596 Ut
589 2549 763 2595 autem
785 2538 1125 2595 cumcrebrw
1155 2539 1294 2592 nives
1324 2552 1387 2592 ea:
1409 2534 1537 2591 Jove
1567 2535 1810 2598 volitant,

493 2653 574 2706 sic
602 2651 870 2722 accipere,
903 2650 1061 2720 quasi
1101 2648 1241 2704 idem
1275 2649 1346 2704 sit
1377 2655 1539 2718 atque
1573 2665 1592 2698 ι
1633 2663 1662 2701 e
1689 2649 1862 2710 coelo,
1899 2664 1917 2699 ›
1966 2660 2059 2716 pe-

492 2748 642 2800 nitus
694 2752 778 2800 est
828 2745 1144 2798 conlictum.
1181 2741 1458 2812 Siquidem
1500 2739 1766 2794 Homerus
1804 2739 2058 2794 imbrium

480 2846 769 2892 auctorem
807 2836 937 2892 facit
962 2831 1311 2890 Jovem..Sic
1333 2832 1466 2887 illud
1499 2848 1717 2902 quoque
1749 2850 1762 2886 :
1803 2851 1820 2883 ι
1860 2830 1924 2884 1η
1954 2829 2053 2884 Jo-

2167 1855 2312 1909 δσκεῖ
2343 1855 2544 1927 τριχῶς
2574 1855 2677 1908 ὑπὸ
2701 1854 2795 1908 τοῦ
2840 1855 3067 1927 Ἀράτου
3091 1856 3180 1909 τὸν
3203 1856 3303 1909 Δία
3336 1855 3742 1928 προφέρεσθαι·

2170 1947 2410 2020 μυθικῶς
2442 1949 2561 2019 μὲν,
2595 1949 2669 2012 ὠς
2702 1949 2828 2001 ὅταν
2857 1948 3018 2022 λέγῃ·

2342 2191 2413 2228 ._.
2455 2191 2470 2203 .
2521 2192 2532 2205 .
2563 2152 2630 2228 ξι
2657 2151 2929 2228 ἐτεὸν-δὴ
3119 2219 3131 2228 ⁸
3155 2224 3171 2228 _
3281 2222 3332 2228 __
3461 2207 3488 2228 Α

2162 2219 2466 2290 Κρήτηθεν
2498 2221 2689 2276 κεῖναί
2719 2239 2785 2293 τε
2816 2223 2952 2290 Διὸς
2981 2219 3250 2292 μεγάλου
3279 2219 3489 2290 idenm:

2163 2331 2408 2404 ἔστιγὰρ
2436 2336 2528 2389 καὶ
2555 2334 2799 2406 φυσικῶς
2848 2336 2944 2390 καὶ
2995 2333 3238 2406 μυθικῶς
3281 2334 3657 2408 ἐξηγήσασθαι
3680 2334 3737 2387 τὸ

2165 2433 2450 2505 προοίμιον
2475 2449 2489 2464 ο
2523 2432 2584 2485 τὸ
2615 2431 2691 2497 δὲ,

2176 2547 2271 2614 Ὦς
2297 2547 2350 2600 δ’
2383 2546 2482 2600 ὅτε
2508 2545 2775 2614 ταρφειαὶ
2816 2542 3065 2613 νιφάδες
3098 2542 3231 2609 Διὸς
3259 2541 3671 2605 ἐκποτέονται,

2162 2660 2223 2726 ἐξ
2257 2659 2486 2732 οὐρανοῦ
2516 2659 2733 2730 νοῆσαι,
2782 2659 2901 2714 ὅλον
2933 2660 3050 2712 ἐστὶ
3076 2658 3318 2728 πλάσμα.
3347 2659 3602 2729 Ὅμηρος
3634 2657 3737 2727 γὰρ

2157 2750 2265 2808 οἶδε
2299 2754 2389 2808 τὸν
2415 2755 2512 2807 Δία
2550 2754 2770 2825 ὄμϐρων
2801 2753 3108 2825 παραίτιον.
3130 2753 3241 2806 Καὶ
3274 2751 3436 2804 πάλιν
3473 2751 3558 2816 τὸ,
3587 2770 3608 2802 ι
3640 2751 3736 2805 Ἐν

2158 2845 2291 2912 Διὸς
2329 2845 2596 2910 εἱλεῖται,
2662 2845 2922 2910 ὡσαύτως
2973 2843 3304 2917 παραλαϐεῖν
3358 2843 3608 2912 ἀνόητον.
3663 2840 3734 2894 Οὐ

491 2931 567 2984 vis
615 2928 870 2993 volvitur;
931 2928 1120 2983 eodem
1176 2927 1518 2996 interpretari
1562 2939 1745 2988 sensu,
1799 2922 2054 2978 stolidum

2166 2937 2264 3010 γὰρ
2288 2933 2459 3000 εἶπεν,
2492 2957 2510 2989 ι
2533 2939 2621 2992 Ἐν
2659 2940 2792 3003 Ad,»
2825 2938 2962 3002 ἀλλ’,
2992 2939 3081 2991 Ἑν
3107 2936 3183 3009 τῷ
3219 2935 3314 2990 τοῦ
3356 2935 3481 2999 Διὸς
3514 2933 3736 3006 κλίματι

490 3029 595 3078 est.
623 3018 743 3075 Non
769 3021 912 3075 enim
959 3019 1180 3089 scripsit
1211 3037 1224 3073 :
1260 3037 1278 3068 ι
1310 3016 1370 3072 1η
1391 3015 1542 3081 Jove,
1580 3036 1598 3068 ι
1643 3014 1738 3072 sed
1771 3035 1784 3070 :
1817 3015 1876 3069 In
1905 3013 2054 3069 Jovis

2156 3029 2188 3100 ἢ
2221 3030 2536 3101 οἱκητηρίῳ,
2566 3029 2778 3102 οὐρανῷ
2809 3030 2948 3084 κατὰ
2974 3028 3325 3102 παράλειψιν·
3360 3027 3436 3090 ὡς
3467 3046 3488 3078 ι
3520 3028 3580 3080 ὲν
3610 3042 3734 3079 παι·

490 3121 668 3168 tractu
723 3112 808 3166 vel
850 3111 1160 3177 domicilio;
1206 3110 1461 3164 nimirum
1509 3110 1565 3164 in
1599 3111 1758 3172 caelo,
1786 3123 1880 3178 per
1921 3108 2055 3164 sub-

2166 3120 2426 3192 δοτρίῦοο,
2465 3122 2544 3192 »ἢ
2588 3140 2607 3174 ι
2645 3121 2977 3195 κιθαριστοῦ.
3025 3142 3042 3174 ι

475 3203 860 3269 .auditionem;
897 3201 1354 3272 quemadmodum
1400 3200 1655 3266 dicimus,
1719 3219 1736 3251 ι
1775 3199 1916 3271 apud
1947 3215 2061 3266 pae-

493 3294 742 3360 dotribaa,
782 3313 801 3346 ι
835 3294 920 3348 vel
954 3311 972 3345 ι
1013 3293 1267 3349 lidicinis.
1307 3309 1325 3343 ›

564 3385 861 3455 Aptissime
885 3399 1051 3455 porro
1082 3383 1150 3439 ab
1176 3381 1307 3439 Jove
1342 3397 1504 3439 orsus
1533 3389 1640 3447 est,
1668 3383 1817 3437 velut
1845 3382 2060 3452 opifice,

490 3492 556 3532 ac
595 3490 774 3531 rerum
808 3475 1049 3530 omnium
1087 3474 1328 3530 domino.
1363 3472 1629 3539 Quocirca
1655 3480 1848 3528 caetera
1878 3487 2063 3543 prom—

484 3569 601 3623 mia
649 3567 985 3637 repudianda
1043 3573 1192 3623 sunt.
1235 3566 1460 3620 .Etenim
1528 3564 1828 3629 Hesiodus,
1899 3579 2060 3635 quem

486 3674 659 3712 unum
680 3674 744 3714 ex
774 3660 1028 3714 omnibus
1058 3660 1369 3714 aemulatur]
1407 3659 1640 3713 maxime
1673 3674 1794 3714 esse
1824 3658 2059 3713 dicimus

492 3752 720 3806 Aratum
741 3791 756 3814 ,
791 3751 860 3806 ab
884 3749 1015 3806 Jove
1043 3753 1226 3823 cmpit.

562 3839 738 3896 Fuere
775 3841 868 3911 qui
917 3849 1131 3911 poetam
1179 3842 1533 3911 castigarem,
1565 3840 1710 3912 quod
1759 3841 1992 3896 litteram
2028 3859 2060 3894 σ

483 3931 786 3986 inseruerit
808 3933 1073 3988 vocabulo
1099 3932 1450 4005 ἀρχώμεσθα.
1488 3933 1594 3990 Sed
1621 3933 1750 3990 huic
1773 3933 1948 3989 simile
1973 3940 2058 3989 est

489 4022 636 4094 apud
664 4031 875 4093 poetam
904 4021 1250 4095 χαζώμεσθα.
1279 4022 1418 4079 Tum
1449 4039 1600 4090 vero,

563 4138 757 4194 Tecum
794 4153 981 4191 omnes.
1001 4145 1286 4202 certamus,

476 4253 646 4317 dixit,
677 4259 933 4322 tanquam
958 4250 1264 4305 communia
1299 4249 1554 4305 omnibus
1583 4248 1806 4314 dicens;
1833 4260 1962 4310 non,
1997 4255 2057 4301 ut

487 4343 775 4416 Apollonio
807 4343 982 4398 visum
1021 4351 1124 4410 est,
1154 4357 1219 4398 ex
1251 4343 1469 4414 propria
1515 4341 1894 4399 tantummodo
1919 4355 2055 4411 per-

477 4448 644 4490 ~60113.

544 4569 784 4626 .Orsusia
815 4578 882 4634 te,
905 4568 1127 4635 .Pltcebe,
1161 4584 1311 4640 quem
1329 4583 1664 4638 nunquam...

553 4681 828 4736 Articulus
857 4680 1234 4751 prmpositivus
1256 4694 1353 4749 pro
1379 4678 1724 4748 sulujunctivo
1762 4678 1841 4740 ὃν,
1876 4675 1942 4729 ad
1971 4675 2051 4730 vi-

469 4768 704 4824 .tandam
751 4769 1106 4824 collisionem.
1158 4768 1372 4840 Ἀνδρός
1393 4768 1678 4830 vocabulo,
1719 4767 1770 4821 id
1802 4774 1886 4822 est
1926 4767 2045 4831 viri,

480 4861 628 4934 quod
662 4860 986 4932 particulare
1017 4867 1122 4924 est,
1166 4875 1266 4930 pro
1291 4860 1550 4932 generali,
1575 4859 1822 4923 Ιιοηιὶηἱε,
1845 4857 1923 4912 uti
1948 4871 2044 4910 vo-

481 4952 617 5019 luit;
649 4951 737 5006 cui
767 4951 945 5007 simile
973 4951 1118 5008 istud
1146 4958 1264 5007 est:

481 5043 591 5099 Alii
617 5042 824 5115 quidem
851 5043 949 5109 dii,
981 5051 1028 5097 et
1055 5042 1154 5096 viri
1178 5057 1242 5096 ea:
1277 5041 1420 5112 equis
1444 5049 1756 5112 pugnantes.

472 5155 661 5214 .‘Plena:
700 5165 873 5210 autem
914 5155 1040 5210 Jove
1085 5165 1206 5210 sunt
1258 5171 1432 5210 omnes
1471 5155 1678 5226 quidem
1716 5155 1830 5208 vile.
1865 5152 2042 5210 Poetae

479 5249 870 5303 omnituentem
908 5247 1064 5317 152
1117 5248 1317 5317 ubique
1361 5245 1547 5301 Jovem
1593 5246 1896 5308 nominant,
1931 5252 1989 5298 ut
2021 5263 2035 5299 :

479 5337 524 5391 0
551 5337 761 5408 Jupiter
804 5339 1136 5401 omnituens;
1167 5338 1315 5402 item,
1351 5335 1443 5391 Sol
1467 5338 1555 5406 qui
1599 5339 1779 5392 omnia
1817 5336 2037 5392 lustras.

491 5430 698 5496 ’Λγυιαί
742 5439 873 5486 sunt
908 5431 1033 5494 vici,
1075 5446 1168 5502 per
1197 5447 1317 5501 quae
1357 5434 1486 5500 γυῖα
1508 5471 1522 5496 ,
1559 5430 1824 5494 membra,
1858 5445 2041 5485 move-

470 5533 628 5586 mus;
683 5529 738 5574 at
767 5521 889 5588 [ora
942 5531 1069 5577 sunt
1121 5523 1412 5576 conciones.
1449 5521 1583 5575 Nam
1627 5527 1681 5576 et
1720 5520 1953 5586 Balteus,
1987 5520 2040 5575 id

2232 3381 2550 3437 Οῐκειότατα
2582 3383 2638 3436 δὲ
2676 3385 2786 3438 ἀπὸ
2828 3385 2949 3448 Διὸς
2987 3384 3205 3456 ἤρξατο,
3236 3384 3312 3447 ὡς
3347 3381 3601 3454 ποιητοῦ,
3641 3381 3732 3436 καὶ

2161 3472 2269 3528 τῶν
2293 3472 2427 3527 ὅλων
2455 3473 2733 3530 δεσπότου.
2763 3476 2923 3528 Ὥστε
2946 3475 3014 3529 τὰ
3045 3474 3205 3528 λοιπὰ
3236 3474 3499 3545 προοίμια
3532 3491 3731 3546 παραι-

2160 3563 2368 3635 τητέον.
2407 3565 2519 3618 Καὶ
2547 3564 2655 3637 γὰρ
2696 3567 2954 3631 Ἡσίοδος,
2985 3562 3045 3621 οῦ
3077 3566 3311 3638 μάλιστα
3350 3567 3604 3638 ζηλωτὴν
3643 3567 3730 3620 τὸν

2164 3655 2399 3726 ’Ἄρατόν
2427 3674 2606 3727 φαμεν
2641 3657 2944 3726 γεγονέναι,
2973 3659 3080 3712 άπὸ
3107 3659 3227 3723 Διὸς
3259 3659 3486 3731 ἤρξατο.

2242 3837 2558 3909 ᾘτιάσαντο
2581 3836 2638 3889 δέ
2664 3854 2834 3902 τινες,
2856 3838 2936 3892 ὅτι
2961 3837 3202 3907 ἔγκειται
3229 3838 3290 3892 τὺ
3320 3853 3365 3892 ο*
3389 3838 3470 3910 τῷ
3500 3858 3519 3891 ι
3553 3839 3728 3913 ἀρχῶ-

2163 3928 2352 4000 μεσθα.
2397 3947 2416 3980 ι
2456 3931 2677 3998 Ὅμοιον
2715 3929 2770 3983 δέ
2798 3931 2911 3983 ἐστι
2947 3930 3023 4000 τῷ
3053 3929 3205 4002 παρά
3230 3929 3308 4002 τῷ
3335 3935 3537 4004 ποιητῇ
3577 3951 3596 3984 ι
3632 3950 3725 4003 χα-

2159 4018 2434 4091 ζώμεσθα.
2469 4039 2487 4071 ι
2522 4021 2655 4086 Καὶ,

2156 4133 2257 4187 Σοὶ
2285 4133 2505 4200 πάντες
2528 4137 2881 4206 μαχόμεσθα
2897 4177 2912 4203 ,

2155 4243 2210 4296 δὲ
2242 4242 2414 4308 εἶπεν,
2440 4243 2516 4308 ὡς
2544 4244 2699 4299 κοινά
2731 4247 2862 4298 πᾶσι
2885 4247 3138 4318 γράφων·
3173 4246 3292 4318 οὐχ,
3327 4247 3406 4310 ὡς
3450 4246 3722 4302 Ἀπολλώ-

2155 4352 2287 4400 νιος,
2316 4335 2375 4400 ἐξ
2410 4336 2540 4390 ἰδίου
2572 4334 2732 4408 μόνου
2761 4337 3076 4407 προσώπου.

2241 4557 2589 4628 Ἀρχόμενος
2624 4561 2754 4625 σέο,
2786 4562 2977 4628 Φοῖϐε,
3005 4563 3112 4617 τὸν
3135 4562 3516 4618 οὐδέποτε....

2229 4667 2464 4740 ’Λρθρον
2502 4674 2865 4742 προτακτικὸν
2893 4675 3014 4728 ἀντὶ
3047 4674 3411 4728 ὑποτακτικοῦ
3435 4695 3456 4726 ι
3485 4677 3567 4741 ὃν,
3596 4697 3615 4729 ι
3638 4678 3720 4731 διά

2153 4757 2242 4811 τὸν
2285 4761 2685 4832 συγκρουσμόν.
2737 4781 2758 4816 ι
2800 4765 3017 4836 ’Δνδρὸς
3056 4784 3076 4817 ι
3115 4765 3171 4818 δὲ
3211 4765 3374 4820 iam
3404 4769 3531 4821 ἀντὶ
3580 4787 3720 4838 γενι-

2151 4848 2270 4916 κοῦ,
2304 4867 2324 4900 ι
2355 4849 2448 4902 τοῦ
2481 4850 2789 4924 ἀνθρώπουο
2837 4875 2857 4908 ι
2899 4855 2992 4910 καὶ
3037 4858 3220 4928 ὅμοιον
3251 4857 3358 4930 τῷ,-

2156 5043 2363 5097 Ἀλλοι
2391 5039 2501 5108 μέν
2523 5041 2604 5108 ρα
2632 5039 2756 5094 θεοί
2793 5056 2856 5093 τε
2894 5039 2993 5094 καὶ
3027 5041 3238 5110 ἀνέρες
3259 5044 3712 5113 ἱπποκορυσταί.

2147 5154 2373 5211 Memmi
2425 5152 2491 5208 δὲ
2539 5153 2670 5220 Διὸς
2715 5152 2905 5208 πᾶσαι
2937 5154 3054 5224 μὲν
3097 5157 3317 5228 ἀγυιαί.
3344 5158 3468 5212 Ὅτι
3530 5161 3628 5214 καὶ
3667 5161 3712 5213 oi

2147 5245 2367 5317 ποιηταὶ
2406 5246 2688 5317 πανόπτην
2733 5245 2956 5300 καλοῦσι
2995 5248 3290 5320 πανταχοῦ·
3327 5245 3394 5304 Ὦ
3427 5252 3547 5307 Ζεῦ
3568 5268 3710 5308 παν-

2147 5335 2329 5388 όπτα·
2369 5333 2482 5398 καὶ,
2524 5334 2773 5401 Ἠέλιος,
2809 5335 2877 5402 ὃς
2900 5335 3073 5390 πάντ’
3104 5337 3346 5407 ἐφορᾷς.
3389 5357 3408 5390 ι
3455 5338 3702 5409 ’Δγυιαὶι

2145 5425 2201 5478 δὲ
2234 5426 2300 5480 τὰ
2340 5427 2574 5497 ἄμφοδα,
2611 5427 2678 5480 δι’
2728 5421 2804 5483 ὧν
2849 5448 2868 5481 ι
2902 5428 2972 5483 τὰ
3017 5431 3144 5498 γυῖα
3177 5448 3195 5481 ι
3230 5431 3506 5502 φέρομεν⁹
3533 5450 3554 5483 ι
3581 5433 3705 5499 ἁγο-

2150 5519 2240 5591 ραὶ
2275 5540 2293 5572 ι
2326 5519 2381 5572 δὲ
2407 5538 2426 5572 ι
2448 5521 2504 5572 αἱ
2534 5519 2822 5593 ἐκκλησίαι
2847 5541 2865 5575 ›
2901 5523 3064 5596 καὶ-αι
3086 5521 3309 5578 σύνοδοι.
3342 5523 3577 5592 Λέγεται
3602 5520 3702 5594 γὰρ

540 5674 593 5709 ³³
617 5673 780 5728 .Deest
803 5677 1137 5745 participium
1164 5675 1388 5746 δράσας,
1427 5683 1515 5727 aut
1556 5673 1727 5729 simile
1770 5672 1935 5728 aliud.
1983 5673 2230 5730 Videntur
2259 5681 2434 5729 autem
2473 5675 2688 5731 senarii.
