3950 6266
255 341 401 397 “63

1697 344 1904 402 ARATI
1945 343 2127 400 VITA.

3357 343 3494 399 “(iis

254 457 351 510 καὶ
411 456 714 524 Βουλαῒος
755 459 909 524 Ζεὺς,
958 461 1033 523 ὡς
1085 461 1320 528 Ξένιος³
1368 463 1458 516 καὶ
1510 460 1829 532 Ἑταιρεῖος,

1942 473 2024 518 εει
2041 460 2418 526 Consilinrius,
2437 461 2740 531 appellatur
2755 460 2986 533 Jupiter;
3014 461 3156 517 sicut
3176 460 3491 530 Hospitatts,

253 548 465 614 Φίλος,
495 549 849 617 Φυτὰλιμος,
892 552 1282 622 Ἐπικάρπιος.

322 639 546 708 Μεστὴ
579 639 647 692 δέ
679 641 977 708 θάλασσα,
1002 644 1100 697 καὶ
1119 645 1379 714 λιμένες.
1417 647 1750 716 Ἐπιπόριος
1767 647 1833 711 ⁸⁸,

254 729 352 784 καὶ
395 730 700 800 Λιμένιος,
747 735 842 787 καὶ
892 735 1160 804 Κερδῷος
1209 741 1319 802 τοῖς
1364 737 1645 809 ἐμπόροις.
1688 739 1740 792 Ὀ
1782 739 1835 792 δ’

253 820 442 891 ἤπιος
479 823 904 892 ἀνθρώποισιν
944 829 1066 880 ἐπεὶ
1095 828 1289 896 πατὴρ
1321 829 1554 898 ἀνδρῶν
1593 847 1656 884 τε
1689 831 1836 886 θεῶν

255 931 338 968 τε.
371 913 478 968 Διά
530 915 686 970 τοῦτο
721 917 812 970 καὶ
846 916 1022 986 ἤπιος
1053 936 1066 950 ·

323 1070 336 1085 .
379 1069 394 1082 .
436 1067 451 1082 .
494 1069 509 1082 .
544 1068 561 1082 .
598 1069 614 1085 .
652 1030 854 1099 Πατὴρ
885 1031 936 1084 δ’
974 1032 1052 1098 ὼς
1093 1031 1266 1099 ἤπιος
1305 1028 1432 1103 ἦεν.

325 1143 506 1212 Λέγει
551 1144 602 1197 δ’
639 1146 736 1199 ὅτε
760 1145 964 1212 βῶλος
994 1147 1229 1216 ἀρίστη.
1259 1147 1531 1218 Γράφεται
1562 1149 1655 1202 καὶ
1699 1149 1835 1218 ἀρο-

252 1233 372 1302 στὴ
395 1236 430 1305 ἡ
461 1237 753 1307 «ἀροσῑμησ
769 1257 787 1288 s
809 1237 854 1268 ⁵⁸
874 1236 995 1308 [οὐχ
1017 1238 1274 1309 ἁρμόττει
1300 1238 1413 1311 δέ
1443 1239 1682 1308 ἐπιλέγει
1702 1242 1830 1312 γὰρ,

245 1325 443 1388 ,βουσί
493 1343 558 1380 τε
604 1328 702 1380 καὶ
737 1329 1059 1398 μακέλῃσι.
1095 1331 1372 1395 Μακέλαις
1402 1331 1457 1383 δὲ
1482 1333 1582 1384 οὐκ
1606 1331 1833 1404 ἀροῦται

251 1428 356 1476 τις.
422 1415 740 1482 Γυρῶσαι,
811 1418 994 1488 κύκλῳ
1052 1420 1406 1490 περισκάψαι.
1457 1423 1571 1474 Πᾶν
1614 1422 1720 1494 γάρ
1775 1422 1834 1477 τὸ

253 1503 590 1576 κυκλοτερὲς
633 1508 822 1579 γυρόν·
857 1509 1050 1576 Γυρὸς
1081 1511 1150 1565 ἐνν-
1177 1510 1444 1580 ὥμοισιν.
1488 1513 1681 1580 Αὐτὸς
1721 1515 1833 1584 τὰρ

253 1592 395 1648 τάδε
447 1595 668 1665 σήματ’
711 1599 780 1650 έν
811 1598 1040 1667 οὐρανῷ
1082 1600 1392 1669 ἐστήριξε,
1420 1603 1568 1667 ’τοὺς
1600 1603 1832 1675 ἀστέρας

253 1685 348 1739 καὶ
382 1686 460 1740 τά
507 1687 722 1742 εἴδωλα.
753 1690 910 1760 Παρὰ
933 1690 989 1743 δὲ
1022 1690 1080 1744 τὸ
1109 1693 1427 1764 ὲστηρίχθαι
1459 1695 1830 1766 ὴτυμολὸγησε

253 1776 360 1828 τῶν
376 1778 630 1850 ἀστέρων
652 1780 712 1833 τὸ
736 1781 922 1852 ὄνομα.
944 1781 1126 1836 Ἀλλοι
1145 1784 1203 1836 δέ
1221 1801 1382 1853 φασιν
1400 1785 1507 1840 ἀπὸ
1521 1787 1824 1859 Ἀστραίου.

254 1868 354 1921 Διά
412 1869 473 1922 δὲ
520 1871 603 1936 τὸ,
649 1873 980 1942 Ἐστήριξε,
1023 1875 1084 1928 τὸ
1126 1876 1380 1949 ἀκίνητον
1425 1879 1534 1932 τῶν
1579 1881 1831 1935 ἀπλανῶν

255 1961 494 2033 ἐδήλωσε
514 1979 534 1997 ο
601 1966 925 2035 τετυγμένα
945 2007 958 2029 ,
1013 1971 1413 2040 παρῳχημένου
1465 1971 1654 2042 χρόνου
1711 1973 1833 2028 ἀντὶ

257 2054 550 2122 μέλλοντος
570 2072 584 2087 ο
623 2056 698 2121 ὡς
730 2057 883 2128 παρά
913 2057 992 2129 τῷ
1035 2064 1267 2132 ποιητῇ·

255 2169 324 2221 Et
337 2166 600 2236 δύναμαι
620 2170 859 2224 τελέσαι
881 2187 967 2239 γε,
987 2171 1085 2226 καὶ
1105 2175 1156 2226 ει
1176 2175 1601 2244 τετελεσμένον
1627 2177 1798 2232 ἐστίν
1813 2194 1828 2208 ·

253 2281 371 2334 ἀντὶ
403 2281 498 2334 τοῦ
537 2301 556 2332 ι
581 2282 1057 2354 τελεσθησόμενον.
1103 2306 1122 2338 ›
1176 2287 1334 2357 Ὄφρ’
1373 2290 1597 2358 ἔμπεδα
1638 2292 1833 2347 πάντα

253 2373 837 2444 φύωνται,σὰσφαλῶς
863 2377 1184 2446 φυτεύσωσι,
1207 2381 1520 2456 »παθητικῷ
1546 2383 1668 2438 ἀντὶ
1683 2386 1832 2458 ὲνερ-

254 2463 516 2534 γητικοῢ,
568 2464 599 2533 ἣ
654 2465 742 2518 ἵνα
770 2467 1044 2538 φαίνηται,
1073 2469 1148 2533 ὡς
1186 2489 1204 2521 ι
1234 2470 1471 2541 σπάρτα
1522 2474 1826 2531 λέλυνται.

269 2553 592 2622 Ἀνδράσιν
609 2556 836 2624 ὡράων“
871 2560 992 2612 ἀντὶ
1012 2560 1104 2614 τοῦ
1127 2580 1145 2613 ι
1167 2560 1342 2633 ὡρῶν.
1368 2581 1388 2614 ι
1409 2562 1607 2633 Xa'l'pe,
1626 2565 1827 2636 πάτῳ,

251 2641 401 2713 μέγα
451 2644 829 2717 θαῦμα,μέγ’
857 2648 1258 2718 ἀνθρώποισιν
1295 2650 1508 2722 ὄνειαρ.
1537 2655 1612 2708 Οὐ
1661 2655 1827 2725 λέγει,

263 2753 281 2786 ι
303 2737 396 2790 καί
435 2737 642 2807 μέγα.)
679 2737 854 2807 Χαζοε
889 2741 1090 2807 αὐτὸς,
1123 2742 1218 2795 καὶ
1245 2743 1497 2812 προτέρη
1535 2747 1729 2817 γενεή.
1763 2744 1832 2802 Ὦ

256 2825 379 2892 Ζεῦ,
415 2829 479 2881 σὺ
521 2830 615 2882 καὶ
645 2831 677 2900 ή
707 2831 772 2902 σὴ
809 2833 999 2900 γενεά·
1035 2833 1154 2902 ἦτοι
1183 2834 1230 2885 οἱ
1262 2832 1507 2901 Τιτᾶνες.
1549 2839 1707 2903 Ἴσως
1736 2843 1831 2895 καὶ

257 2919 403 2993 παρὰ
441 2922 502 2974 Ἀ
513 2923 778 2993 ντιμάχῳ’

255 3035 565 3104 Γηγενέας
599 3052 664 3089 τε
705 3036 899 3104 θεοὺς,
947 3042 1411 3113 προτερηγενέας
1450 3059 1514 3097 τε
1559 3041 1826 3113 Τιτῆνας.

257 3143 363 3198 Καὶ
390 3147 651 3220 Ὄμηρος
671 3163 684 3177 ’

269 3255 556 3314 Ὠκεανόν
583 3275 647 3312 τε
683 3258 832 3313 θεῶν
866 3259 1127 3330 γένεσιν,
1158 3262 1254 3316 καὶ
1284 3265 1511 3334 μητέρα
1541 3266 1756 3334 Τηθύν.

327 3362 459 3418 Εἱδὲ
482 3363 564 3427 ὡς
589 3364 724 3434 πρὸς
756 3364 1075 3437 ἀνθρώπους
1103 3368 1356 3438 προτέρα
1375 3371 1658 3440 νοήσομεν,
1683 3371 1831 3441 λέγοι

267 3450 330 3504 ἂν
376 3455 474 3526 τὴν
530 3454 801 3526 τετάρτην
855 3457 962 3510 ἀπὸ
1011 3458 1105 3511 τοῦ
1148 3460 1348 3531 χρυσοῦ
1387 3462 1572 3530 γένους
1602 3465 1700 3522 τὴν
1725 3463 1832 3517 τῶν

265 3546 523 3620 ἡμιθέων.
560 3549 750 3619 Ἡμεῖς
790 3551 900 3622 γὰρ
931 3552 1028 3622 τῆς
1066 3552 1322 3624 πέμπτης
1350 3557 1562 3623 γενεᾶς.
1600 3555 1831 3625 Τιτῆνας

267 3635 322 3691 δὲ
352 3639 438 3693 8ιά
473 3639 634 3695 τοῦτο
679 3641 824 3710 λέγει
875 3643 1114 3713 χαίρειν,
1150 3645 1333 3717 ἐπειδὴ
1363 3647 1458 3700 καὶ
1487 3648 1544 3700 ὲν
1571 3650 1680 3710 τοῖς
1705 3647 1832 3719 ἑξῆς

279 3727 578 3805 ’Δστραῖον,
609 3731 702 3786 ἕνα
729 3733 834 3787 τῶν
863 3735 1104 3789 Τιτάνων
1136 3736 1282 3803 ὄντα,
1312 3738 1489 3808 ὑμνεῖ,
1519 3738 1689 3808 λέγων
1707 3755 1720 3769 ο

267 3929 380 4007 @lr’
407 3927 521 3988 οὖν
554 3933 868 4007 ’ᾼστραίου
902 3936 1103 4007 κείνου
1134 3934 1326 4007 γένος·
1345 3935 1417 3990 ὄν
1443 3936 1522 4006 ῥά
1552 3936 1614 3992 τέ
1644 3953 1833 4007 φασιν

272 3999 539 4071 ’.Δστρων
559 3999 811 4072 ἀρχαῖον
834 4005 1032 4075 πατέρ’
1061 3999 1324 4076 έμλιεναὶ.
1359 4049 1373 4062 .
1407 4046 1421 4062 .
1443 3999 1466 4062 ⁷.
1499 4049 1513 4063 .
1548 4046 1563 4060 .

335 4113 568 4170 Δύναται
618 4115 674 4170 δὲ
729 4116 788 4172 τὸ
834 4118 966 4173 αὐτὸ
1005 4119 1241 4184 καὶτοῖς
1269 4120 1706 4192 προειρημένοις,
1739 4121 1832 4175 καὶ

272 4203 378 4266 τοῖς
406 4203 814 4278 ἐπιφερομένοις
838 4207 1221 4264 συνάπτεσθαι·
1252 4207 1438 4282 ὥσπερ
1459 4211 1573 4275 καὶ,
1591 4211 1833 4279 Χαίρετε

271 4287 352 4355 δὲ,
376 4294 630 4362 Μοῦσαι,
653 4295 774 4348 καθ’
803 4298 989 4353 έαυτό’
1019 4293 1155 4366 εἶτα,
1181 4298 1348 4368 μάλα
1387 4298 1594 4367 πᾶσαι,
1626 4302 1713 4372 ὑφ’
1751 4301 1828 4356 ἕν’

278 4525 344 4572 .h.
375 4535 440 4572 η.
471 4535 490 4550 .
521 4537 534 4551 .
584 4499 742 4568 Ἐ’μοί
769 4519 834 4572 γε
857 4501 1114 4571 ἀστέρας
1141 4506 1331 4560 εἰπεῖν

278 4557 346 4616 Et
374 4565 556 4634 θέμις,
602 4557 904 4641 εὖχοιὶένφ
931 4557 1260 4642 τεῖιμῆρατε
1276 4557 1493 4630 πᾶσαν
1522 4578 1755 4649 ἀοιδήν.

270 4673 360 4739 Τὸ,
394 4677 574 4748 θέμις,
614 4681 930 4751 ἀμφίϐολον.
976 4687 1132 4739 Ἤτοι
1170 4687 1278 4758 γάρ
1308 4687 1386 4760 τῷ
1419 4689 1668 4760 προτέρῳ
1707 4707 1832 4744 συν-

272 4769 484 4836 απτέον,
519 4773 551 4844 ἢ
577 4773 654 4842 τῷ
681 4774 826 4844 ἑξῆς·
865 4777 1002 4848 ἤτοι,
1021 4776 1278 4847 ἀστέρας
1310 4781 1519 4845 εἰπεῖν,
1538 4781 1619 4848 ὼς
1647 4799 1832 4850 προσ-

271 4855 436 4926 ῆκον,
478 4865 831 4933 τεκμήρατεο
879 4869 936 4938 ἢ,
986 4868 1290 4939 εὐχομένῳ
1321 4872 1400 4938 ὡς
1441 4872 1832 4942 προσήκοντα

264 4951 602 5022 .παράσχετε
624 4956 813 5010 εἰπεῖν
833 4997 847 5022 ,
875 4953 922 5012 ὦ
946 4959 1201 5016 Μοῦσαι.
1232 4960 1588 5030 Τεκμήρατε,
1625 4981 1642 5014 ι
1669 4961 1830 5034 μέχρι

273 5039 448 5106 τέλους
469 5045 685 5099 εἴπατεο
713 5065 732 5099 ›
759 5047 984 5120 τέκμωρ
1003 5050 1111 5122 γάρ
1137 5051 1198 5104 τὸ
1231 5070 1248 5103 ι
1274 5052 1447 5118 τέλος.
1478 5071 1498 5106 t

1934 553 2185 619 Socialis,
2213 553 2448 618 Amicus,
2478 551 2680 616 Serius,
2709 550 2975 622 Frugi/er.

2005 646 2229 702 Plenum
2260 655 2337 700 est
2359 662 2523 709 mare,
2553 655 2600 698 et
2630 653 2830 710 portus.
2873 643 3082 698 Dicitur
3124 643 3267 699 enim
3301 643 3489 697 Portu-

1935 752 2088 790 mnus
2109 745 2161 791 et
2187 734 2378 789 Lucrio
2404 735 2852 807 negotiatoribus.
2881 733 2982 786 Hic
3015 750 3131 788 vero
3155 734 3297 788 mitis
3323 734 3493 788 homi-

1934 828 2110 891 nibus,
2160 827 2416 896 quoniam
2460 836 2609 894 pater
2644 835 2720 879 est
2781 826 3048 894 uirumque
3091 824 3363 896 deumque.
3411 823 3492 879 0b

1932 921 1988 976 id
2020 930 2074 977 et
2106 921 2248 974 mitis
2279 919 2500 975 dicitur.

1937 1075 1952 1090 .
1996 1073 2011 1088 .
2055 1073 2068 1089 .
2110 1033 2274 1087 Pater
2301 1048 2418 1086 vero
2443 1047 2534 1084 ceu
2560 1030 2701 1084 mitis
2732 1038 2865 1084 erat.

2003 1148 2259 1204 Admonet
2284 1157 2460 1203 autem
2482 1145 2818 1218 quandonam
2839 1143 2986 1215 gleba
3007 1144 3204 1212 optima
3223 1153 3319 1199 est.
3341 1143 3492 1200 Alias

1933 1240 2155 1311 ἀροστή,
2188 1238 2240 1292 id
2277 1248 2362 1293 est
2397 1257 2416 1290 ι
2439 1238 2679 1293 arabilis.
2708 1257 2728 1290 ι
2768 1237 2871 1292 Sed
2899 1253 3006 1292 non
3040 1237 3308 1309 congruit.
3357 1234 3492 1290 Nam

1934 1329 2156 1398 subjieit
2193 1348 2206 1384 :
2242 1328 2402 1384 bobus
2451 1339 2497 1384 et
2534 1327 2812 1399 ligonibus.
2845 1328 2913 1382 At
2951 1328 3220 1399 ligonibus
3253 1335 3371 1382 arat
3397 1344 3494 1383 ne-

1931 1420 2459 1476 mo.Circumvallare
2473 1429 2558 1477 est
2579 1443 2596 1474 ι
2609 1419 3019 1476 circumfodere.
3036 1439 3054 1472 ›
3075 1419 3282 1491 Quippe
3298 1423 3491 1476 rotun-

1931 1503 2060 1566 dum
2091 1527 2251 1568 omne
2277 1513 2442 1584 γυρὸν
2469 1513 2791 1582 appellatur,
2818 1519 2898 1578 ut,
2928 1511 3183 1565 rotundus
3217 1512 3273 1564 in
3309 1512 3492 1566 hume-

1930 1605 2026 1660 ris.
2061 1603 2346 1675 Sequitur:
2377 1605 2497 1674 Ipse
2525 1605 2661 1658 enim
2696 1603 2800 1658 (nec
2822 1604 2971 1674 signa
3005 1603 3059 1656 in
3086 1602 3213 1657 creto
3241 1603 3490 1672 ﬁrmavit,

1930 1707 2124 1762 nempe
2153 1693 2343 1749 stellas
2393 1703 2446 1750 et
2498 1693 2784 1764 imagines.
2823 1693 3007 1764 Itaque
3049 1693 3118 1748 ab
3143 1709 3209 1747 eo
3236 1693 3383 1764 quod
3409 1701 3494 1749 est

1930 1781 2266 1854 ὲστηρίχθαι,
2299 1782 2552 1854 ἀστέρας,
2580 1783 2634 1838 id
2663 1790 2746 1838 est
2782 1782 2991 1848 stellas,
3026 1784 3257 1838 vocavit.
3282 1783 3386 1838 Alii
3423 1785 3492 1839 ab

1931 1873 2142 1928 Astraeo
2191 1873 2370 1930 dictas
2422 1874 2634 1928 volunt.
2677 1873 2854 1943 Atque
2884 1873 2988 1929 hoc
3017 1874 3266 1943 ﬁrmandi
3305 1875 3489 1940 verbo,

1932 1964 2000 2018 ad
2029 1964 2257 2020 lixarum
2292 1965 2725 2036 immobilitatcm
2757 1965 2974 2032 allusit;
3015 1966 3186 2034 facta,
3219 1970 3492 2038 praeterito

1933 2074 2066 2114 usus
2091 2068 2175 2113 est
2199 2073 2297 2130 pro
2322 2057 2509 2114 futuro
2533 2077 2548 2128 ;
2580 2066 2639 2114 ut
2667 2059 2808 2131 apud
2833 2067 3044 2130 poetam
3070 2079 3083 2114 :

1932 2166 1994 2222 Si
2022 2168 2226 2239 quidem
2256 2185 2468 2238 possum
2495 2171 2760 2241 perﬁcere,
2789 2181 2838 2225 et
2867 2173 2913 2224 si
2939 2180 3221 2240 perfectum
3252 2181 3349 2226 est.

1999 2277 2114 2334 Hoc
2134 2288 2236 2345 est,
2269 2282 2342 2336 tsi
2378 2290 2554 2352 potest
2580 2283 2786 2353 perﬁci.
2826 2279 3040 2354 Pergit:
3073 2283 3138 2337 Ut
3158 2293 3300 2340 stata
3317 2287 3494 2344 omnia

1931 2381 2252 2438 nascantur;
2294 2373 2398 2429 hoc
2423 2381 2526 2441 est,
2553 2393 2569 2426 ι
2603 2383 2662 2429 ιιι
2691 2383 2809 2430 ιιιιο
2837 2385 3144 2441 conserant,
3165 2395 3184 2429 ι
3215 2379 3492 2449 passivum

1931 2477 2032 2533 pro
2059 2463 2269 2532 activo;
2301 2472 2394 2519 aut
2415 2474 2474 2520 ut
2499 2465 2773 2531 videatur,
2799 2476 3048 2538 tanquam
3071 2468 3220 2537 funes
3248 2469 3494 2528 dissoluti

1931 2566 2074 2606 sunt.
2135 2553 2273 2609 Viris
2323 2564 2722 2626 tempestatum,
2759 2573 2858 2629 pro
2901 2558 3076 2630 ὡρῶν.
3117 2559 3289 2627 Salve,
3321 2572 3490 2632 pater,

1931 2661 2177 2717 magnum
2206 2649 2553 2716 miraculum,
2585 2667 2774 2722 magna
2799 2651 3093 2709 hominibus
3117 2655 3344 2711 utilitas.
3374 2655 3491 2711 Non

1932 2736 2084 2802 dicit,
2127 2757 2148 2790 ι
2171 2749 2225 2794 ει
2243 2756 2455 2813 magna.
2481 2761 2500 2794 ι
2531 2739 2686 2796 Salve
2709 2751 2765 2796 tu
2788 2743 2917 2814 ipse,
2950 2753 3000 2798 et
3037 2746 3184 2814 prior
3206 2748 3489 2817 generatio.

1932 2828 1976 2884 Ο
2011 2829 2249 2900 Jupiter,
2280 2840 2338 2886 tu
2396 2841 2450 2889 et
2501 2834 2788 2905 progenies
2842 2841 2935 2889 tua
2966 2855 2980 2891 :
3010 2852 3204 2908 nempe
3249 2837 3489 2894 Titanes.

1931 2921 2092 2978 Velut
2126 2924 2270 2995 apud
2297 2924 2678 2981 Antimachum
2709 2945 2724 2981 :

1933 3038 2342 3112 Terrigenasque
2377 3041 2500 3095 deos
2519 3078 2538 3109 ,
2562 3041 2985 3111 antiquior-osque
3019 3042 3218 3114 origine
3250 3041 3490 3097 Titanas.

1933 3151 2027 3209 Sic
2053 3153 2340 3220 Homerus,

1933 3247 2300 3340 Oceanumque
2331 3267 2498 3322 Deum
2527 3268 2800 3339 originem,
2821 3275 2871 3322 et
2900 3277 3120 3323 matrent
3147 3268 3367 3340 Tethyn,

1998 3379 2202 3444 Quodsi
2247 3379 2316 3434 ad
2365 3380 2613 3436 homines
2664 3395 2768 3435 vox
2814 3379 2904 3434 illa
2931 3420 2946 3446 ,
2980 3381 3161 3449 prior,
3209 3381 3496 3442 referenda

1931 3470 2037 3535 sit,
2073 3471 2140 3525 de
2171 3480 2364 3541 quarta
2417 3473 2485 3527 ab
2525 3488 2690 3527 aureo
2734 3488 2929 3544 genere
2966 3475 3326 3530 semideorum
3369 3492 3489 3546 pro-

1931 3561 2087 3630 genie
2116 3560 2388 3630 loquetur.
2419 3561 2554 3616 Nam
2599 3579 2700 3618 nos
2744 3565 2798 3618 in
2843 3564 3035 3635 quinta
3078 3566 3334 3635 progenie
3363 3581 3492 3628 cen-

1931 3665 2136 3706 semur.
2169 3650 2248 3705 Ac
2293 3658 2580 3720 prapterea
2629 3651 2854 3708 Titanas
2897 3655 3108 3709 salvere
3149 3654 3326 3722 jubet,
3357 3672 3490 3726 quo-

1929 3739 2075 3792 niam
2102 3739 2157 3794 in
2187 3742 2538 3811 sequentibus
2573 3741 2861 3812 Astraautn,
2901 3761 3070 3799 unum
3091 3744 3158 3801 de
3184 3743 3489 3814 Titanibus,

1929 3830 2188 3900 prtedicat
2213 3831 2298 3886 bis
2328 3833 2511 3888 verbis
2533 3853 2546 3889 :

1932 3944 2052 4023 Sive
2075 3945 2237 4014 igitur
2269 3946 2464 4023 Δεινιτὶ
2488 3948 2631 4004 illius
2653 3951 2824 4020 proles
2859 3970 2875 4008 :
2915 3969 3066 4023 quem
3102 3953 3251 4012 aiunt

1930 4014 2209 4069 Astrorum
2239 4018 2509 4088 antiquum
2537 4014 2739 4088 patrem
2766 4038 2897 4077 esse.

2002 4127 2118 4184 Hoc
2162 4129 2340 4200 ipsum
2369 4147 2498 4186 vero
2537 4141 2645 4187 tam
2689 4149 2811 4189 cum
2847 4137 3296 4207 praecedentibus,
3329 4155 3490 4210 quam

1932 4235 2057 4275 cum
2107 4221 2463 4291 sequentibus
2515 4226 2759 4293 copulari
2805 4233 3002 4296 potest,
3039 4230 3490 4298 quemadmodum

1933 4311 2079 4366 istud
2111 4330 2124 4366 :
2155 4310 2381 4374 Salvete,
2412 4311 2604 4378 Musae,
2635 4328 2731 4383 per
2753 4316 2991 4386 seipsum
3024 4335 3043 4381 :_
3065 4318 3278 4384 deinde,
3312 4320 3481 4381 admo-

1933 4402 2059 4456 dum
2087 4419 2284 4468 omnes,
2313 4404 2647 4473 coniunctim
2680 4422 2693 4458 :

1859 4529 1906 4584 D
1935 4561 1950 4576 .
1987 4555 2004 4571 .
2041 4555 2057 4572 .
2097 4557 2110 4572 .
2144 4557 2159 4572 .
2195 4514 2328 4570 Mihi
2354 4515 2562 4586 quidem
2592 4515 2660 4570 ad
2687 4517 2868 4570 stellas
2897 4517 3147 4573 dicendas

1936 4588 1998 4645 Si
2019 4588 2103 4658 fas
2124 4597 2223 4651 est,
2253 4587 2487 4656 precanti
2508 4589 2730 4656 promite
2757 4604 2956 4648 omnem
2979 4603 3210 4646 cantum.

1934 4699 2052 4754 Vox
2081 4700 2192 4764 illa,
2245 4698 2354 4768 fas,
2388 4698 2640 4769 ambigua
2673 4708 2776 4755 est.
2806 4697 2939 4753 Nam
2991 4712 3085 4755 aut
3124 4701 3489 4757 antecedenti-

1936 4793 2060 4858 bus,
2092 4799 2187 4846 aut
2236 4790 2589 4860 sequentibus
2629 4792 2963 4846 annectenda
2997 4801 3098 4848 est.
3143 4792 3402 4848 Videlicet
3435 4805 3487 4849 ut

1938 4885 2014 4939 ita
2044 4892 2393 4941 construatur
2430 4901 2444 4937 :
2477 4883 2544 4937 ad
2587 4883 2768 4938 stellas
2797 4883 3068 4951 dicendas,
3099 4896 3156 4940 ut
3176 4886 3340 4950 decet,
3372 4903 3485 4954 pro-

1940 4975 2096 5041 mite;
2125 4974 2206 5030 vel
2239 4994 2253 5029 :
2291 4974 2526 5042 precanti
2566 4982 2624 5029 ut
2665 4972 2901 5028 decentia
2937 4975 3059 5029 date
3092 4975 3219 5030 mihi
3240 4976 3429 5040 dicere,
3463 4994 3490 5040 ο

1937 5065 2127 5124 Husw.
2145 5067 2240 5122 Est
2253 5075 2429 5121 autem
2440 5067 2612 5138 τεκμή
2621 5083 2766 5139 ρατε,
2786 5085 2804 5118 ι
2819 5066 2883 5121 ad
2903 5067 3060 5123 linem
3077 5067 3425 5140 usque-dicite
3441 5086 3490 5136 ιι

1936 5160 2159 5232 τέκμωρ
2190 5159 2333 5215 enim
2371 5175 2392 5211 ι
2425 5157 2584 5216 tinem
2625 5177 2644 5210 ι
2679 5157 2970 5228 signiﬁcat.

343 5309 387 5344 ’⁸⁸
421 5314 463 5384 f.
496 5317 775 5389 ἒμπόριος.
847 5316 892 5348 ⁸ο
922 5315 1078 5374 Deest
1113 5312 1334 5386 aliquid.
1378 5311 1556 5387 (Quod
1588 5327 1689 5368 nos
1710 5311 2012 5382 supplendo
2041 5326 2069 5368 e
2101 5311 2375 5382 versione,
2404 5311 2568 5372 uncis.
2586 5313 2925 5372 inclusimus.
2957 5311 3138 5396 Eon.)

1651 5596 2136 5628 -ῄοα--η-
