3950 6266
1478 328 1566 383 AD
1604 324 1874 381 EilSEBll
1909 319 2304 379 CHRONICON
2341 316 2707 375 ΑΡΡΕΝΙἏΧζ⁸

1561 636 2643 796 ΘΕΟΔΩΡΟΥ

1739 897 1993 987 ΠΕΡΙ
2029 895 2429 985 ΜΗΝΩΝ

838 1173 1463 1269 THEODOBI
1555 1176 1881 1268 GAZIE
2018 1172 2381 1261 LIBER
2452 1167 2598 1255 DE
2670 1153 3273 1252 MENSIBUS

1439 1362 1743 1424 JOANNE
1782 1362 2160 1421 PERRELLO
2202 1353 2700 1419 INTERPRETE.

547 1581 701 1655 153
736 1579 776 1638 l.
807 1579 995 1652 Operae
1015 1579 1234 1650 quidem
1272 1577 1503 1648 pretium
1540 1581 1645 1639 est,
1679 1579 1733 1629 et
1763 1572 2030 1629 mensium

2201 1570 2281 1623 A'.
2322 1563 2435 1636 Πρδ
2470 1562 2631 1635 ἔργου
2678 1557 2775 1631 μὲν
2808 1555 2902 1611 καὶ
2937 1552 2999 1607 τὸ
3024 1550 3122 1616 τὰς
3162 1543 3458 1655 ὀνομασίας
3501 1542 3700 1655 εὶδέναι

476 1629 1173 1748 appe'l'la'tionesrpernosse,
1197 1681 1252 1727 et
1272 1629 1330 1724 in
1358 1669 1426 1725 iis
1449 1666 1663 1724 utendis
1681 1666 1920 1721 Atticum
1943 1681 2032 1722 or-

2139 1663 2237 1717 τῶν
2265 1629 2470 1733 μηνῶν,
2499 1629 2594 1710 καὶ
2634 1629 2784 1718 τάξει
2825 1644 3058 1719 χρῆσθαι
3101 1641 3176 1706 ὡς
3209 1638 3485 1748 ’βθηνσίῖοι
3522 1629 3697 1748 ἧγον;

475 1768 655 1825 dinem
684 1767 875 1838 sequi:
908 1779 1217 1836 quanquam
1241 1763 1296 1819 id
1321 1762 1539 1832 assequi
1577 1775 1685 1817 non
1726 1767 1811 1817 est
1852 1759 2030 1816 facile.

2138 1756 2200 1809 ού
2232 1724 2409 1828 ράδυιον
2445 1750 2502 1803 δὲ
2526 1744 2685 1801 τοῦτο
2715 1741 2918 1798 λαϐεῖν.
2947 1736 3066 1791 Τῶν
3092 1751 3151 1788 τε
3170 1732 3286 1828 »γὰρ
3306 1730 3581 1828 πρότερον
3609 1724 3703 1828 καὶ

481 1816 655 1825 νη---
685 1816 874 1838 --.νη
913 1816 1216 1836 ,πη-ψη
1242 1816 1291 1819 ,κ
1364 1816 1479 1832 νη,
1628 1816 1633 1817 ,
1740 1816 1747 1817 ,

481 1859 762 1930 Siquidem
813 1859 1056 1913 virorum
1089 1855 1267 1927 prisca
1304 1863 1599 1924 nostraque
1624 1859 1783 1907 aetate
1826 1851 2033 1905 littera-

2139 1816 2245 1902 τῶν
2265 1816 2385 1899 καθ’
2418 1842 2565 1914 ἡμᾶς
2604 1837 2668 1909 δὴ
2711 1831 3008 1903 ἐλλογίμων
3049 1829 3096 1881 oi
3268 1822 3425 1930 coorti;
3455 1818 3588 1921 περὶ
3610 1816 3705 1873 τά-

476 1967 595 2006 rnm
623 1949 874 2006 doctrina
910 1948 1234 2020 insignium,
1280 1946 1474 2017 partim
1507 1945 1576 2000 de
1606 1944 1799 2000 ordine
1845 1958 2033 2000 eorum

475 2050 530 2096 et
556 2057 657 2096 usu
691 2040 891 2094 nullam
918 2039 1248 2094 mentionem
1286 2036 1567 2104 fecerunt;
1618 2036 1817 2106 partim
1847 2035 2035 2091 nescio

478 2131 609 2204 quid
650 2130 862 2188 ordinis
896 2127 1277 2184 tradiderunt:
1322 2142 1508 2181 verum
1565 2125 1694 2179 dum
1743 2141 1803 2181 se
1841 2132 2035 2196 putant

477 2231 792 2295 perpetuam
817 2222 1013 2277 seriem
1044 2220 1318 2289 colligere,
1335 2217 1524 2288 procul
1547 2232 1578 2270 a
1605 2224 1752 2271 recta
1780 2216 2035 2271 aberrare

478 2315 652 2384 palam
716 2320 1037 2385 arguuntur.
1094 2309 1352 2364 Nonnulli
1419 2322 1544 2364 vero
1611 2308 2035 2378 interpretantes

477 2407 727 2476 quisnam
752 2407 821 2461 sit
849 2405 1050 2460 mensis
1073 2402 1508 2468 Hecatombaeon,
1529 2401 1718 2471 quisve
1739 2398 2034 2464 Posideon,

477 2509 531 2552 et
562 2512 668 2567 quo
699 2506 855 2567 pacto
893 2496 1224 2566 reliquorum
1253 2494 1450 2563 cuique
1482 2507 1608 2546 cum
1636 2492 1906 2548 mensium
1932 2504 2035 2545 no-

479 2589 717 2644 minibus
748 2588 1076 2652 conveniat,
1126 2595 1184 2641 ut
1218 2601 1248 2640 a
1278 2585 1539 2654 Romanis
1569 2594 1809 2653 tempora
1839 2596 2035 2637 nume-

479 2687 697 2743 rantur,
725 2679 862 2732 nihil
888 2683 1146 2732 enarrant
1193 2675 1343 2740 sani,
1391 2690 1568 2745 neque
1615 2680 1761 2728 certe
1794 2684 2036 2727 consona

480 2771 621 2825 inter
648 2785 707 2824 se
733 2774 1195 2834 commemorant;
1228 2768 1323 2823 sed
1351 2767 1438 2821 hic
1461 2765 1710 2820 Martium
1746 2762 2036 2819 Hecatom-

481 2860 723 2916 baonem
752 2867 930 2924 vocat,
957 2859 1048 2914 ille
1071 2856 1276 2913 Julium
1301 2875 1314 2924 ;
1345 2857 1637 2927 itidemque
1665 2857 1718 2910 in
1742 2856 1865 2909 aliis
1894 2856 2037 2911 inter

2136 1935 2267 2002 ξεως
2291 1934 2384 1987 καὶ
2414 1908 2602 2003 ίρείας
2624 1908 2828 1996 ἔφασαν
2851 1921 3054 1976 τούτων
3076 1935 3090 1949 ο
3118 1919 3167 1969 οἱ
3197 1914 3256 1968 δὲ
3276 1912 3431 1977 τάξιν
3456 1908 3557 1982 μέν
3584 1923 3705 2003 τινα

2135 1999 2532 2087 άποδέδώκασι,
2563 2021 2624 2076 τὸ
2647 2018 2842 2090 ἐφεξῆς
2883 2014 3118 2084 οἰόμενοι
3170 2008 3379 2078 λέγειν’
3429 2004 3626 2076 πόρρω
3648 1999 3706 2054 δὲ

2134 2118 2580 2189 άποπλανώμενοι
2606 2112 2699 2167 τοῦ
2724 2109 2882 2183 ὀρθοῦ
2908 2106 3216 2176 ἐλέγχονται
3245 2096 3516 2189 φανερῶς.
3536 2094 3707 2147 Ἐιιιι

2134 2213 2176 2265 δ’
2216 2184 2606 2285 ἑρμηνεύοντες
2629 2244 2643 2270 ,
2673 2203 2821 2264 ὅστις
2854 2198 2951 2271 μὲν
2986 2187 3395 2285 Ἐκατομὸαιὼν
3436 2184 3551 2239 τῶν
3599 2201 3705 2285 PF-

2135 2273 2263 2369 Vibii;
2285 2273 2446 2363 ’ὅστις
2470 2297 2525 2351 δὲ
2544 2291 2863 2356 Ποσειδεὼν,
2886 2285 3105 2343 καὶτῶν
3129 2281 3328 2337 λοιπῶν
3370 2279 3608 2338 ἕκαστος
3633 2273 3707 2339 ῶς

2136 2366 2464 2466 ἐφαρμόττοι
2506 2388 2642 2459 πρὸς
2683 2383 2752 2438 τά
2788 2382 3025 2452 ὀνόματα
3056 2375 3164 2430 τῶν
3200 2370 3417 2444 μηνῶν,
3451 2366 3709 2466 καθάπερ

2135 2461 2326 2561 ἄγουσι
2365 2487 2621 2556 Ῥωμαῖοι
2658 2482 2781 2544 τοὺς
2805 2478 3059 2553 χρόνους,
3086 2471 3239 2525 οὐδὲν
3272 2469 3301 2522 ὅ
3557 2461 3709 2531 ὑγιὲς

2137 2556 2308 2636 εἰπεῖν
2338 2576 2698 2639 ἀποδιδόασιν,
2725 2570 2847 2625 οὐδὲ
2874 2567 2939 2640 δὴ
2980 2562 3192 2635 συνῳδὰ
3217 2577 3281 2629 γε
3318 2556 3577 2628 ἀλλήλοις
3611 2570 3709 2623 φα-

2138 2674 2221 2727 σίν
2244 2689 2258 2703 ’
2284 2670 2398 2725 ἀλλ’
2424 2671 2453 2722 ὁ
2485 2667 2582 2740 μὲν
2607 2664 2849 2736 Μάρτιον
2882 2660 3030 2729 λέγει
3052 2655 3142 2711 τὸν
3177 2644 3653 2740 Ἑκατομϐαιῶνα,
3680 2645 3709 2696 ὁ

2135 2764 2193 2819 δὲ
2228 2760 2442 2815 Ἰούλιον
2462 2734 2717 2829 ’,ὁμοίως
2752 2751 2811 2806 δὲ
2836 2750 2972 2804 κὰπἾ.
3005 2747 3112 2801 τῶν
3141 2740 3315 2800 ἄλλων
3347 2734 3708 2829 διαφωνοῦσιν

2137 2854 2405 2926 ἀλλήλοις,
2428 2823 2663 2922 ἃμα-καὶ
2683 2841 3140 2915 διαμαρτάνοντες
3168 2834 3390 2888 ἕκαστοι
3413 2823 3705 2926 τάληθούς.

481 2967 540 3006 se
571 2950 915 3017 discordant;
946 2964 1245 3019 omnesque
1274 2950 1437 3003 simul
1477 2963 1506 3002 a
1536 2949 1764 3003 veritate
1788 2947 1907 3019 ipsa
1930 2947 2037 3003 dis-

2139 2917 2503 3016 Καίῐιλήθων
2525 2941 2568 2995 δ’
2600 2941 2683 3009 ἐφ’
2712 2935 2867 3009 ἡμῶν
2904 2933 3044 3003 ἀνὴρ
3080 2928 3186 2985 τῶν
3216 2921 3517 3019 ἐπιφανῶν,
3552 2917 3710 3019 χαλισ

481 3042 703 3098 cedunt.
766 3042 830 3096 Et
874 3058 1005 3097 vero
1057 3042 1283 3097 Pletlion
1319 3043 1419 3097 hoc
1451 3043 1650 3098 saeculo
1680 3041 1766 3095 vir
1812 3041 1994 3097 clarus
2019 3081 2035 3107 ,

478 3149 768 3206 operosum
798 3141 1059 3206 reputans
1092 3133 1332 3189 invenire
1360 3147 1467 3202 qua
1504 3132 1714 3187 ratione
1740 3131 1812 3184 ‘hi
1847 3138 2037 3186 mutuo

482 3227 845 3298 respondeant
869 3270 884 3294 ,
924 3226 1197 3297 inquirere
1229 3225 1471 3294 destitit;
1507 3225 1565 3279 in
1593 3225 2035 3280 commentariis—

481 3333 587 3386 que
617 3318 683 3373 de
728 3321 903 3389 legum
948 3319 1310 3382 institutione,
1341 3333 1464 3373 cum
1492 3317 1559 3372 de
1589 3316 1799 3380 diebus,
1833 3316 2040 3373 mensi-

481 3407 605 3472 bus,
627 3416 680 3463 et
706 3423 848 3463 anno
876 3410 1184 3480 praecipiat;
1247 3425 1353 3480 qua
1409 3418 1587 3464 tamen
1631 3408 1843 3464 ratione
1870 3407 2039 3463 Athe-

480 3502 700 3560 nienses
736 3516 952 3556 menses
996 3516 1125 3557 suos
1156 3509 1416 3571 agerent,
1462 3516 1529 3557 ne
1560 3501 1784 3571 verbum
1816 3499 2039 3570 quidem

483 3594 630 3650 facit.
664 3593 903 3649 Tametsi
936 3594 992 3649 in
1025 3595 1236 3650 creteris
1263 3594 1446 3658 rebus,
1475 3609 1595 3664 quae
1619 3594 1684 3648 ad
1708 3607 1892 3647 vocem
1917 3606 2041 3661 spe-

480 3694 652 3754 ctant,
685 3704 778 3743 eos
807 3686 1053 3742 :emulari
1082 3686 1292 3758 magnis
1323 3687 1463 3742 votis
1491 3687 1695 3757 expetit
1718 3724 1735 3750 ,
1780 3685 1836 3739 in
1863 3699 2038 3756 eoque

476 3778 691 3843 sedulo,
725 3784 779 3832 et
807 3779 963 3848 quasi
1003 3777 1249 3833 affectate
1277 3793 1498 3847 operam
1534 3785 1697 3832 navat
1729 3797 1742 3832 :
1774 3778 1868 3832 sed
1894 3777 2040 3848 quod

482 3868 645 3924 faciat
678 3869 856 3940 quivis
887 3885 919 3925 e
950 3870 1111 3939 vulgo
1137 3908 1152 3933 ,
1191 3868 1511 3938 simpliciter
1550 3870 1639 3923 hic
1662 3884 1728 3924 ex
1760 3869 2041 3926 accidente

482 3959 746 4025 nominat,
776 3957 1009 4027 primum
1041 3958 1205 4022 hunc,
1241 3957 1392 4012 illum
1424 3958 1725 4014 secundum
1752 3977 1766 4026 ;
1810 3960 2040 4031 pariter—

481 4062 587 4118 que
618 4048 788 4114 alios,
839 4055 898 4102 ut
926 4048 1192 4118 cujusque
1234 4050 1301 4102 ad
1335 4049 1568 4118 primum
1599 4049 1734 4103 ordo
1767 4065 1888 4106 sese
1940 4050 2039 4104 ha-

478 4140 611 4195 bet:
646 4154 751 4195 non
785 4146 1037 4196 secus'ac
1078 4143 1124 4195 si
1151 4140 1274 4212 quis
1311 4155 1508 4195 manus
1546 4140 1748 4211 digitos
1788 4142 2040 4197 nomina-

482 4235 660 4295 turus,
713 4230 856 4285 hunc
896 4230 1142 4300 pollicem
1177 4245 1284 4286 non
1324 4237 1508 4293 vocet,
1558 4230 1709 4284 illum
1764 4230 1998 4288 indicem
2022 4274 2037 4300 ,

484 4320 650 4374 alium
687 4321 944 4385 medium,
971 4329 1025 4377 et
1053 4323 1289 4393 reliquos
1339 4321 1588 4378 similiter
1621 4340 1634 4376 :
1669 4330 1724 4376 at
1763 4338 1874 4394 pra:
1909 4338 2043 4379 con-

485 4414 799 4468 stitutorum
828 4415 1057 4486 singulis
1085 4416 1363 4471 nominum
1388 4418 1635 4487 penuria,
1661 4416 1920 4486 primum,
1957 4432 2042 4473 se-

484 4504 744 4569 cundum,
766 4514 817 4561 et
845 4508 1065 4562 tertium
1080 4507 1246 4562 dicat.
1274 4505 1460 4577 Neque
1492 4523 1621 4562 vero
1651 4508 1719 4562 iis
1746 4509 1837 4578 qui
1866 4509 2042 4563 multo

482 4606 611 4651 ante
659 4596 992 4664 floruerunt,
1054 4600 1234 4656 minus
1292 4599 1506 4657 difﬁcile
1582 4600 1751 4656 fuisse
1807 4601 2034 4657 vident:

482 4689 919 4760 quandoquidem
972 4692 1159 4747 Pollux
1199 4693 1402 4763 scripto
1443 4691 1521 4747 De
1560 4709 1734 4748 rerum
1768 4694 2037 4751 vocabulis

482 4782 625 4838 libro
647 4783 715 4837 ad
729 4781 1083 4837 Commodum
1112 4783 1401 4852 Cmsarem,
1432 4787 1636 4841 mensis
1664 4786 1883 4857 quidem
1922 4787 2041 4844 dies

484 4885 562 4930 ut-
591 4876 911 4931 numerandi
969 4883 1095 4932 sunt
1139 4876 1564 4947 nominandique
1606 4878 1776 4945 dicit;
1843 4880 1947 4934 etsi
1987 4877 2041 4932 id

484 4985 592 5024 non
631 4970 764 5024 satis
808 4977 955 5024 recte
986 4985 1005 5036 ;
1050 4969 1198 5039 ipsos
1237 4985 1365 5024 vero
1413 4986 1632 5026 menses
1663 4972 1873 5028 Atticos
1905 4986 2043 5042 pm»

484 5061 751 5117 termittit.
785 5061 948 5131 Atqui
984 5078 1081 5132 par
1104 5072 1220 5117 erat
1250 5078 1372 5117 eum
1407 5065 1729 5133 praesertim,
1755 5066 1847 5135 qui
1878 5065 2042 5121 Com-

486 5149 703 5204 modum
732 5150 922 5206 alienae
956 5151 1151 5222 linguae
1178 5152 1355 5206 virum
1394 5152 1571 5208 Attice
1602 5154 1749 5225 loqui
1781 5154 2000 5210 doceret
2022 5195 2037 5218 ,

483 5249 829 5296 enumeratos
860 5258 1192 5312 nuncupare,
1228 5250 1281 5298 et
1312 5243 1381 5314 (si
1412 5244 1572 5300 modo
1615 5246 1799 5316 sciret)
1835 5245 1899 5300 ad
1926 5246 2039 5316 ple-

485 5347 613 5386 num
639 5333 931 5403 explicare.
983 5332 1097 5388 Non
1153 5334 1310 5390 facile
1355 5338 1519 5407 igitur
1566 5338 1775 5393 Atticos
1821 5353 2037 5393 menses

483 5419 746 5478 Romanis
775 5423 1002 5479 reddere
1041 5427 1371 5491 nominibus,
1396 5429 1919 5500 convenientemque
1950 5441 2041 5484 or-

487 5512 668 5566 dinem
691 5514 776 5570 bis
809 5516 1240 5571 accommodare.
1270 5516 1407 5573 Huic
1436 5520 1795 5575 nihilominus
1818 5521 2043 5591 inquisi-

2136 3040 2236 3093 πὸν
2263 3010 2563 3109 ἡγούμενος
2590 3032 2768 3102 εὑρεῖν
2798 3027 2859 3081 τὸ
2892 3024 3154 3090 ἀνάλογον
3185 3017 3429 3109 τούτοις,
3460 3010 3550 3066 εἴα
3586 3010 3706 3109 im:

2138 3101 2351 3203 ζητεῖνο
2382 3101 2484 3182 κάν
2530 3101 2811 3193 τοῖςπερὶ
2852 3114 3170 3189 νομοθεσίας
3213 3110 3277 3182 δὴ
3323 3107 3538 3203 λύγοις,
3584 3101 3707 3203 περὶ

2138 3193 2359 3293 ἡμερῶν
2395 3218 2489 3272 καὶ
2536 3212 2741 3288 μηνῶν,
2775 3211 2866 3266 καὶ
2899 3204 3144 3263 ἐνιαυτοῦ
3178 3193 3707 3293 ὑφηγούμενος,-ούκ

2137 3283 2390 3383 tionem
2418 3308 2493 3371 ὡς
2536 3283 2769 3359 inin;on
2796 3297 2929 3372 ἦγον
2952 3298 3078 3361 τοὺς
3110 3294 3283 3366 μῆνας
3310 3283 3707 3383 Δ(καίτοιςτᾶλλιι.

2137 3402 2207 3458 τὰ
2232 3375 2368 3472 περὶ
2412 3399 2511 3470 τὴν
2550 3394 2729 3465 φωνὴν
2777 3387 3001 3443 ἕπεσθαι
3046 3380 3499 3472 προθυμούμεντς
3520 3375 3705 3472 Τάττι-

2138 3499 2275 3561 κοῖς,
2310 3468 2404 3548 καὶ
2441 3468 2643 3561 σφόδρα
2671 3484 2799 3558 περὶ
2827 3481 2985 3535 τοῦτο
3026 3475 3385 3543 σπουδάζων),
3417 3468 3534 3525 ἀλλ’
3573 3468 3707 3539 ὅπερ

2142 3589 2207 3643 ἂν
2293 3582 2470 3656 τυχὼν
2489 3559 2659 3642 εἴποι,
2695 3574 2881 3638 ἁπλῶς
2903 3572 3074 3635 οὕτως
3095 3570 3160 3622 ἐκ
3180 3567 3274 3620 τοῦ
3303 3559 3709 3656 συμϐεϐηκότος

2141 3680 2325 3742 καλεῖ,
2362 3653 2454 3730 τὸν
2490 3675 2588 3747 μὲν
2632 3670 2867 3741 πρῶτον,
2906 3665 2996 3720 τὸν
3041 3664 3097 3718 δὲ
3133 3661 3414 3731 δεύτερον,
3453 3655 3553 3710 καὶ
3584 3653 3706 3714 τοὺς

2140 3772 2330 3834 ἄλλους
2364 3746 2592 3840 ὁμοίως,
2631 3765 2705 3828 ῶς
2757 3762 2987 3823 ἕκαστος
3032 3757 3143 3828 ἔχει
3187 3753 3392 3820 τάξεως
3433 3749 3575 3820 πρὸς
3620 3746 3708 3801 τὸν

2141 3864 2356 3938 πρῶτον
2378 3878 2392 3890 '
2427 3860 2676 3930 καθάπερ
2704 3857 2754 3909 et
2782 3872 2885 3918 τις,
2919 3854 3042 3915 τοὺς
3070 3850 3168 3920 τῆς
3204 3846 3384 3919 χειρὸς
3408 3842 3708 3905 δακτύλους

2140 3934 2399 4030 ὀνομάσαι
2429 3954 2645 4019 ἐθέλων,
2674 3950 2734 4005 ού
2778 3949 2869 4002 τὸν
2918 3946 3015 4017 μὲν
3053 3942 3206 3998 καλεῖ
3252 3940 3445 4012 μέγαν,
3556 3934 3706 4030 ἀντί-

2140 4027 2318 4123 χειρα,
2344 4049 2432 4103 τὸν
2447 4047 2505 4102 δὲ
2526 4043 2760 4116 λιχανὸν,
2790 4042 2880 4095 τὸν
2907 4039 2964 4093 δὲ
2999 4037 3180 4110 μέσον,
3217 4030 3459 4094 καὶτοὺς
3487 4027 3707 4123 λοιποὺς

2141 4121 2432 4207 ῶσαύτωςυ
2479 4139 2594 4195 ἁλλ’
2624 4139 2715 4193 ὑπ’
2749 4134 2981 4205 ἀπορίας
3015 4131 3120 4186 τῶν
3148 4129 3397 4189 ἑκάστοις
3438 4121 3706 4194 κειμένων

2143 4253 2207 4308 γε
2233 4235 2509 4307 ὀνομάτων
2542 4228 2774 4303 πρῶτον,
2799 4227 2892 4280 καὶ
2914 4223 3185 4295 δεύτερον,
3218 4218 3314 4273 καὶ
3338 4213 3523 4289 τρίτον
3549 4227 3708 4284 προσ-

2144 4306 2415 4399 αγορεύει.
2446 4325 2627 4378 Ἔοικε
2672 4321 2730 4374 δὲ
2763 4319 2896 4391 μηδὲ
2941 4318 3053 4380 τοῖς
3103 4313 3236 4368 πολὺ
3281 4308 3489 4382 πρόσθε
3520 4306 3705 4399 γρᾴδιον

2143 4396 2280 4476 εἶναι
2307 4436 2320 4450 ·
2356 4421 2436 4473 ὅτι
2457 4416 2522 4488 δὴ
2546 4415 2642 4470 καὶ
2668 4411 3029 4481 Πολυδεύκης,
3056 4407 3126 4462 τὰ
3151 4398 3545 4474 Ὀνομαστικὰ
3566 4396 3703 4488 Kef-

2145 4529 2271 4585 σαρι
2297 4487 2571 4579 Κομμόδῳ
2616 4500 3034 4575 συγγεγραφὼς,
3065 4499 3163 4562 τὰς
3214 4497 3311 4567 μὲν
3352 4493 3586 4585 ἡμέραςΔ
3614 4487 3702 4542 τοῦ

2146 4581 2311 4676 μηνὸς
2338 4602 2485 4664 ὅπως
2522 4597 2853 4671 ἀριθμητέον
2896 4610 2957 4646 τε
3008 4592 3101 4646 καὶ
3142 4585 3471 4658 ὀνομαστέον
3526 4581 3703 4676 λέγει,

2143 4673 2332 4750 είνκαὶ
2365 4694 2440 4765 μὴ
2480 4689 2683 4757 καλῶς,
2716 4689 2845 4753 τοὺς
2882 4689 3057 4759 μῆνας
3084 4683 3129 4737 δ’
3157 4681 3351 4742 αὐτοὺς
3384 4673 3705 4747 παρασιτῶν

2143 4787 2446 4844 ἀπολείπει.
2476 4785 2628 4856 Χρῆν
2657 4782 2717 4837 δὲ
2757 4778 3163 4851 καταριθμῆσαι
3193 4774 3286 4827 καὶ
3324 4770 3549 4832 τούτους
3591 4767 3705 4819 ὀνο-

2146 4872 2384 4954 μάζοντα
2420 4878 2512 4933 καὶ
2534 4873 2918 4946 διασαφοῦντα,
2946 4873 3105 4942 εἴπερ
3133 4868 3246 4941 ⁴ᾔδει
3265 4883 3279 4896 ·
3321 4863 3500 4925 ἄλλως
3528 4877 3590 4914 τε

2142 4951 2425 5046 Κόμμοδον
2464 4971 2572 5025 τῶν
2620 4966 3029 5041 ὲτερογλώττων
3059 4963 3179 5017 τινά
3221 4956 3547 5021 ’.ἀττικίζειν
3568 4951 3707 5046 6:6?-

2144 5043 2339 5122 σκοντα
2369 5065 2466 5136 τὴν
2493 5063 2696 5134 φωνήν.
2725 5062 2880 5115 ’Ἐστι
2921 5059 3020 5130 μὲν
3052 5051 3143 5110 οὖν
3168 5055 3227 5108 ού
3261 5050 3444 5123 ῥᾴδιον
3482 5043 3705 5102 ama-

2144 5178 2228 5215 ναι
2259 5162 2371 5223 τοῖς
2407 5156 2688 5227 Ῥωμαίων
2721 5155 2946 5225 ὀνόμασι
2987 5149 3059 5203 τά
3088 5148 3195 5203 τῶν
3238 5141 3541 5214 Ἀθηναίων
3581 5138 3704 5208 περὶ

2141 5252 2266 5314 τοὺς
2300 5250 2493 5321 μῆνας,
2520 5246 2615 5301 καὶ
2655 5247 2754 5318 τὴν
2788 5244 3167 5317 προσήκουσαν
3212 5236 3362 5302 τάξιν
3400 5234 3605 5305 εὑρεῖν.
3634 5230 3701 5284 οὐ

2146 5342 2250 5413 μὴν
2278 5341 2412 5395 ἀλλὰ
2440 5340 2697 5411 ζητητέον
2740 5338 2833 5391 καὶ
2869 5335 2979 5390 τῶν
3007 5335 3101 5387 ἐπὶ
3143 5329 3550 5404 πραγματείαις
3596 5325 3697 5413 δια-

2144 5412 2327 5502 φόροις
2368 5425 2849 5499 μνημονευσάντων
2881 5423 3047 5495 μηνός
3086 5437 3179 5474 του
3208 5419 3275 5472 τά
3301 5415 3574 5485 λεγόμενα
3596 5412 3685 5464 ἐπι

2145 5522 2401 5576 σκεπτέον
2420 5540 2432 5551 ·
2463 5520 2555 5574 καὶ
2584 5521 2648 5573 ὲκ
2676 5517 2935 5572 πλειόνων
2956 5512 3328 5582 συλλογιστέον
3353 5506 3696 5579 διορίζοντας,

486 5599 619 5654 tioni
648 5617 808 5671 opera
836 5604 1012 5658 danda
1034 5613 1204 5669 est,et
1241 5622 1427 5661 eorum
1443 5608 1537 5678 qui
1564 5608 1793 5664 diversis
1812 5609 1865 5663 i'n
1881 5609 2037 5665 rebus

2147 5615 2232 5684 ἐφ’
2263 5617 2385 5669 ὅσον
2425 5611 2833 5684 διακριϐοῦσθαι
2869 5611 2964 5664 καὶ
3009 5608 3138 5680 περ).
3187 5604 3295 5659 τῶν
3342 5599 3600 5656 τοιούτων
3641 5594 3695 5649 ἂι

485 5691 690 5746 mensis
716 5693 1016 5762 cujuspiam
1043 5697 1433 5763 meminerunt,
1463 5699 1605 5755 dicta
1638 5702 2027 5773 inspectanda;

2134 5703 2250 5772 εἴη·
2280 5705 2426 5769 ὅπως
2455 5704 2522 5760 ἂν
2565 5703 2894 5772 Ἑλληνικοῖς
2938 5701 3167 5773 ὀνόμασι
3201 5698 3314 5755 τῶν
3352 5694 3538 5767 μηνῶν
3582 5690 3683 5749 εγω
