3950 6266
243 300 393 410 ua.

1228 346 1570 405 THEODOBI
1609 343 1813 400 GAZE
1842 341 2044 398 LIBER
2082 342 2170 397 DE
2203 342 2563 398 MENSIBUS.

3369 344 3511 394 ιιτο

245 487 352 543 μεν
412 473 666 545 χρῆσθαι
689 513 705 540 ,
755 472 1080 547 Ἑλληνικῶς
1137 467 1433 543 φράζοντες
1463 508 1478 534 ,
1528 466 1663 520 ἀλλὰ
1724 466 1797 537 μὴ
1819 505 1834 529 ν

1950 473 2053 518 tum
2076 477 2143 521 ex
2178 463 2428 533 pluribus
2467 461 2726 517 distincta
2766 460 3129 530 esplicatiune
3176 461 3509 514 ratiocinan-

242 561 441 618 ὀθνεῖα
481 564 947 637 παραμιγνύντες,
979 560 1273 632 ξενίζωμεν
1296 558 1424 630 περὶ
1456 556 1554 628 τὴν
1580 554 1837 627 πατρῷαν

244 654 473 727 φωνὴν,
507 657 603 711 καὶ
630 657 833 729 ἐκμελῆ
866 658 956 710 τὸν
988 654 1142 723 λόγον
1167 650 1436 722 ποιῶμεν.
1454 646 1746 715 Φιλοσόφου
1783 645 1840 700 δὲ

245 746 350 801 καὶ
394 749 466 802 τὸ
517 751 645 822 περὶ
691 749 879 804 τούτου
919 746 1211 817 ἐσκέφθαι·
1247 743 1347 813 τῆς
1382 740 1551 810 αὐτῆς
1589 737 1699 809 γὰρ
1729 738 1846 789 ἑπι-

248 840 487 911 στήμης
530 842 676 895 ἐστὶν
698 841 873 912 ὀρθῶς
900 842 1101 909 τε,τοῖς
1146 836 1415 907 κειμένοις
1457 830 1690 903 χρῆσθαι
1720 827 1840 882 ὁνόο

250 947 420 1001 μασι,
463 933 561 986 καὶ
602 934 765 1005 μηδὲν
791 932 1068 994 άλ).οεθνὲς
1101 926 1451 992 ἐπιπολάζειν
1481 925 1591 986 τοῖς
1623 919 1840 989 οἰκείοις

247 1025 350 1095 ιᾷν
373 1042 389 1055 '
426 1025 621 1097 ὥσπερ
651 1026 840 1097 ἀμέλει
867 1024 962 1079 καὶ
996 1023 1065 1078 τὰ
1101 1022 1199 1094 μὲν
1236 1019 1311 1092 μὴ
1337 1017 1647 1089 ὑπάρχοντα
1685 1028 1841 1082 νομο-

248 1120 441 1173 θετεῖν
466 1161 483 1186 ,
511 1120 579 1174 τὰ
622 1120 677 1173 δὲ
728 1118 1014 1192 μοχθηρῶς
1060 1114 1422 1187 ὠνομασμένα
1470 1112 1585 1172 τοῖς
1626 1104 1841 1167 πολλοῖς

244 1211 627 1283 διορθοῦσθαι.
662 1211 817 1266 Οὒτω
857 1212 966 1283 γὰρ
1005 1210 1070 1265 ἂν
1112 1210 1314 1278 ἑκάστη
1357 1204 1465 1259 τῶν
1499 1195 1838 1269 ἐπιστημῶν,

249 1302 479 1375 βέλτιον
505 1304 565 1358 τὸ
590 1305 759 1375 αὐτῆς
792 1303 949 1375 ἔργον
987 1300 1343 1364 ἀποτελοῦσα,
1376 1293 1734 1368 συμϐάλλοιτο
1761 1290 1841 1351 είς

246 1398 352 1470 τὴν
399 1398 689 1470 πολιτικὴν
735 1396 1019 1451 κοινωνίαν
1039 1413 1053 1427 ·
1115 1394 1343 1467 μάλιστα
1387 1389 1442 1443 δὲ
1465 1388 1521 1441 αἱ
1558 1383 1687 1455 περὶ
1715 1379 1839 1441 τοὺς

247 1491 484 1559 λόγους.

1941 554 2092 619 dum,
2125 566 2405 626 quatenus
2440 554 2558 610 ﬂeri
2608 552 2809 624 poterit
2861 552 2930 608 de
2968 552 3167 608 talibus
3201 558 3393 608 exacta
3425 552 3509 605 in-

1941 650 2248 721 vestigatio,
2279 656 2342 704 ut
2363 647 2547 704 Graece
2589 647 2835 702 dicentes
2865 644 3070 701 Graecis
3105 647 3373 701 mensium
3407 662 3508 700 nu-

1942 742 2178 798 minibus
2208 750 2462 809 utamur;
2495 747 2549 795 et
2574 755 2642 795 ne
2664 748 2891 795 externa
2913 738 3325 810 permiscentes,
3346 745 3509 807 atque

1941 833 2304 897 inculcantes,
2333 834 2389 887 in
2418 840 2671 888 nostrate
2694 834 2875 904 lingua
2907 832 3062 902 quasi
3092 831 3333 902 hospites
3358 844 3510 901 pere-

1944 927 2160 998 grinum
2193 925 2453 996 quiddam
2513 941 2792 990 sonemus,
2824 932 2878 981 et
2932 924 3175 995 ineptum
3226 924 3509 978 inconcin-

1945 1032 2183 1086 numqne
2211 1032 2523 1073 sermonem
2554 1015 2834 1073 faciamus.
2877 1015 3048 1072 Porro
3081 1016 3383 1087 philosophi
3421 1021 3508 1069 est

1944 1107 2107 1163 etiam
2140 1108 2451 1178 huiusmodi
2499 1112 2931 1163 commentatio:
2982 1123 3105 1164 cum
3151 1106 3367 1178 quidem
3414 1120 3511 1176 pe.

1944 1195 2084 1251 ritia:
2114 1196 2185 1250 sit
2214 1196 2316 1252 rite
2344 1195 2620 1267 impositis
2647 1198 2963 1253 nominibus
2986 1200 3084 1262 uti,
3107 1205 3161 1253 et
3192 1197 3325 1252 nihil
3360 1211 3511 1267 pere-

1945 1287 2157 1358 grinum
2189 1289 2297 1358 pati
2338 1290 2394 1344 in
2431 1289 2670 1361 propriis
2691 1291 3110 1361 vernaculisque
3137 1288 3506 1360 superﬂuere:

1944 1377 2401 1446 quemadmodum
2447 1388 2596 1436 certe
2619 1420 2636 1443 ,
2690 1383 2907 1436 nomina
2938 1383 2983 1438 si
3015 1384 3239 1447 desunt,
3288 1391 3342 1438 et
3368 1397 3507 1437 nova

1944 1467 2181 1526 formare
2196 1481 2248 1526 et
2272 1488 2557 1543 perperam
2588 1489 2619 1527 a
2642 1475 2870 1531 rudibus
2902 1474 3070 1530 indita
3093 1478 3383 1546 corrigere.
3416 1474 3510 1530 Sic

252 1584 410 1640 enim
452 1599 796 1655 unaquaeque
833 1583 1119 1654 disciplina
1186 1580 1380 1635 melius
1443 1573 1728 1645 magisque
1794 1578 1895 1621 suo
1950 1579 2173 1621 munere
2228 1566 2459 1640 fungens
2519 1571 2788 1628 universae
2845 1570 3158 1642 reipublicae
3204 1571 3506 1640 conducat;

250 1678 542 1748 imprimis
572 1688 749 1735 autem
779 1694 856 1735 eae
885 1686 1031 1734 artes
1059 1692 1178 1749 quae
1221 1675 1530 1731 consistunt
1575 1668 1631 1724 in
1682 1661 1815 1720 recti
1851 1661 2122 1717 sermonis
2145 1664 2375 1720 ratione.

779 1818 983 1888 Μῆνες
1019 1815 1354 1885 Ἀθηναίων.

332 1931 418 1991 B'.
450 1932 673 1988 Δώδεκα
705 1933 805 2004 μὲν
837 1929 1132 1991 τοίνυνπδν
1171 1927 1401 2001 ἀριθμὸν
1430 1921 1569 1980 εἶναι
1604 1922 1842 1992 ὀνόματα

259 2024 458 2099 μηνῶν
480 2025 675 2093 ταῦτα,
697 2026 773 2089 ὡς
806 2024 1070 2097 Ἀθηναῖοι
1093 2018 1249 2095 ἦγον,
1276 2019 1477 2083 πάντες
1500 2012 1839 2088 ὁμολογοῦσιο

622 2200 991 2272 ῌουνυχιωνα,

623 2270 1004 2343 θαργηλιῶνα,

630 2341 1064 2414 ξὶειροφοριῶνα.

638 2410 1105 2484 Ἑκατομϐαιῶνα,

624 2481 1087 2551 Μεταγειτνιῶνα,

625 2550 1030 2624 Βοηδρομιῶνα,

625 2623 740 2695 Ilia:
748 2623 928 2695 μακτη
937 2624 1126 2694 ριῶνα,

625 2690 979 2763 Πυανεψιῶνα
989 2735 1001 2752 .

637 2761 1090 2834 ᾎνθεστηριῶνα,

628 2832 983 2899 necassem,

629 2901 979 2975 Γξμηλιῷναρ

638 2972 1091 3045 Ἐλαςρηόολιῶνα.

342 3065 482 3139 Περὶ
508 3065 563 3120 δὲ
590 3066 794 3132 τάξεως
821 3068 912 3122 καὶ
950 3066 1041 3123 τοῦ
1084 3066 1281 3141 ἑφεξῆς
1315 3069 1347 3139 ὴ
1382 3065 1613 3139 διαφορά
1649 3083 1709 3120 τε
1750 3067 1843 3121 καὶ

2300 1801 2459 1875 154.
2500 1802 2704 1860 Menses
2746 1805 3156 1862 Atheniensium.

2019 1909 2083 1965 ll.
2124 1910 2259 1969 Esse
2284 1914 2451 1986 igitur
2476 1915 2590 1971 haec
2628 1917 2930 1972 Atticorum
2963 1920 3231 1975 mensium
3259 1919 3509 1985 nomina,

1947 2000 2236 2061 duodecim
2281 2022 2531 2075 numero,
2555 2009 2810 2065 omnibus
2844 2010 2898 2064 iu
2941 2009 3195 2067 confesso
3230 2018 3334 2067 est.
3372 2009 3513 2068 Sunt

1946 2104 2127 2153 autem
2158 2098 2273 2155 haec
2302 2117 2316 2154 :

2300 2189 2631 2263 ynnychion
2654 2231 2671 2257 ,

2300 2259 2627 2333 Thargelion
2655 2302 2670 2327 ,

2299 2329 2686 2404 _S_cirophorion

2297 2400 2710 2459 Hecat'ombaeon
2737 2443 2754 2470 ,

2299 2470 2651 2545 Metagitnion
2674 2515 2689 2539 ,

2293 2540 2656 2600 Boedromion
2673 2588 2687 2608 ,

2296 2611 2696 2670 Marmacterion
2724 2654 2740 2680 ,

2293 2680 2634 2756 Pyanepsion
2652 2726 2666 2748 ,

2294 2755 2681 2811 Anthesterion
2707 2796 2723 2821 ,

2295 2823 2565 2894 Posideou
2582 2868 2598 2894 ,

2296 2893 2619 2957 Gamelion.

2305 2962 2718 3037 Elapbebolion.

2016 3053 2282 3113 Caeterum
2334 3059 2459 3131 quis
2491 3059 2646 3128 ordo,
2673 3066 2727 3116 et
2753 3075 2875 3131 quae
2912 3075 3104 3129 series,
3137 3068 3297 3133 atque
3348 3063 3510 3118 etiam

266 3157 683 3232 ἀμφισϐήτησίς
728 3161 875 3214 ἐστι·
913 3162 1048 3235 πρὸς
1077 3161 1133 3215 δὲ
1156 3164 1259 3217 καὶ
1291 3161 1554 3234 περὶτοῦ,
1590 3160 1704 3224 πῶς
1747 3161 1843 3228 δεῖ,

1950 3151 2255 3220 quomodo,
2302 3159 2357 3207 et
2399 3152 2598 3224 quibus
2650 3153 2833 3209 verbis
2888 3153 2941 3208 in
2977 3151 3224 3208 Latinam
3266 3154 3510 3224 linguam

273 3252 684 3323 μεταφέροντας
736 3256 816 3317 εἰς
867 3253 964 3326 τὴν
1004 3253 1246 3308 Λατίνων
1294 3253 1504 3325 φωνὴν,
1536 3253 1841 3325 ὀνομάζειν.

272 3341 501 3413 Πρῶτον
545 3342 609 3416 δὴ
657 3344 782 3415 περὶ
824 3343 1027 3411 τάξεως
1072 3347 1167 3399 καὶ
1207 3345 1301 3399 τοῦ
1355 3346 1551 3418 ἐφεξῆς
1599 3346 1801 3399 τούτων
1827 3362 1841 3375 ·

273 3433 469 3488 ἔπειτα
512 3435 640 3504 περὶ
669 3435 961 3508 ἑρμηνείας
986 3436 1302 3509 θεωρητέον.
1334 3442 1489 3492 Δοκεῖ
1516 3439 1624 3511 γὰρ
1660 3438 1847 3511 ὥσπερ

273 3529 540 3597 στοιχεῖον
593 3529 884 3600 ἑρμηνείας
925 3523 1059 3582 οὖσα
1108 3529 1312 3585 τούτων
1348 3531 1381 3603 ή
1425 3529 1612 3595 τάξις·
1642 3531 1734 3583 καὶ
1779 3530 1849 3584 τά

274 3619 451 3674 πολλὰ
485 3620 614 3686 ῐσως
652 3622 760 3676 τῶν
784 3621 919 3694 πρὸς
952 3621 1051 3693 τὴν
1085 3622 1380 3693 ἑρμηνείαν
1420 3623 1702 3679 τεινόντων
1738 3623 1847 3677 δέοι

272 3711 367 3779 ἂν,
399 3710 774 3783 λαμϐάνοντας
799 3714 864 3768 ἐκ
885 3713 992 3767 τῶν
1014 3714 1112 3785 τῆς
1148 3715 1448 3780 συντάξεως
1475 3714 1706 3779 οἰκείων,
1735 3714 1846 3768 δει-

272 3806 479 3861 κνύειν.
516 3806 670 3861 Μετὰ
710 3807 765 3861 δὲ
802 3806 973 3862 ταῦτα
1020 3808 1148 3879 περὶ
1176 3808 1365 3880 χρείας
1401 3808 1591 3880 ῥητέον
1617 3824 1631 3839 ·
1656 3806 1847 3861 τούτου

274 3897 389 3970 γὰρ
424 3898 586 3953 ἕνεκα
613 3899 708 3953 καὶ
732 3895 838 3972 ’τὴν
869 3899 1021 3964 τάξιν
1053 3900 1249 3955 εἰδέναι
1293 3901 1525 3971 μάλιστα
1560 3898 1849 3972 προαιρού-

281 3986 443 4058 μεθα.
475 3989 583 4043 Καὶ
620 3990 755 4062 πρὸς
795 3990 1037 4054 τούτοις,
1064 3990 1119 4043 εἴ
1151 4009 1200 4044 τι
1240 3991 1367 4046 ἄλλο
1403 4009 1519 4056 πως
1553 3993 1749 4045 οἰκεῖον
1778 3991 1844 4061 τῇ

280 4076 472 4146 σκέψει
522 4077 649 4149 τῇδέ
676 4080 813 4144 ἐστι,
852 4078 1244 4152 προσληπτέον,
1278 4080 1451 4153 βραχύ
1485 4097 1539 4133 τι
1582 4096 1849 4152 συμπερι-

277 4169 682 4243 λαμϐάνοντας,
709 4172 797 4225 ἵνα
835 4170 910 4243 μὴ
940 4170 1031 4224 τοῦ
1068 4170 1232 4244 ἔργου
1268 4173 1453 4244 μεῖζον
1479 4172 1540 4227 τὸ
1574 4173 1847 4246 πάρεργον

280 4261 518 4334 γίνηται.

665 4379 805 4445 Περὶ
837 4375 1061 4444 τάξεως
1092 4376 1211 4433 τῶν
1231 4377 1459 4449 μηνῶν.

1946 3243 2337 3301 transferentes
2365 3247 2638 3317 appellare
2667 3254 2953 3318 oporteat,
3001 3248 3091 3303 hic
3128 3248 3418 3304 discrimen
3441 3257 3512 3304 'et

1945 3339 2337 3394 controversia.
2371 3337 2615 3395 Primum
2662 3340 2826 3412 igitur
2871 3340 2939 3395 de
2978 3340 3171 3396 ordine
3218 3349 3273 3397 et
3327 3342 3507 3410 serie;

1946 3439 2069 3502 post
2099 3432 2166 3487 de
2215 3431 2661 3503 interpretatione
2713 3433 3192 3491 considerandum.
3241 3432 3510 3489 Nimirum

1946 3522 2082 3577 ordo
2136 3523 2253 3595 ipse
2309 3525 2458 3580 velut
2509 3526 2977 3598 interpretationis
3029 3528 3356 3583 elementum
3387 3530 3510 3593 est,

1948 3628 2068 3668 cum
2099 3623 2152 3668 et
2177 3614 2344 3669 multa
2375 3614 2513 3671 forte
2541 3632 2728 3672 eorum
2763 3634 2885 3690 qua:
2914 3618 2981 3673 ad
3009 3617 3511 3688 interpretationem

1947 3705 2207 3773 tendunt,
2251 3723 2316 3763 ex
2358 3711 2783 3768 constructionis
2821 3712 3138 3783 ordinisque
3187 3710 3511 3782 proprietate

1946 3797 2250 3854 elicientem
2293 3809 2539 3871 oporteat
2583 3802 2889 3859 ostendere.
2936 3802 3057 3859 Mox
3089 3803 3156 3859 de
3190 3818 3291 3858 usu
3323 3801 3514 3856 dicen-

1947 3893 2073 3949 dum
2108 3913 2122 3950 :
2158 3895 2317 3965 cuius
2362 3899 2534 3969 gratia
2577 3899 2822 3954 ordinem
2856 3900 2997 3956 scire
3026 3897 3292 3971 imprimis
3321 3895 3513 3953 statui-

1946 4002 2087 4043 mus.
2117 3988 2197 4043 Ad
2217 3989 2352 4056 haec,
2371 3991 2415 4047 si
2437 3992 2565 4062 quid
2597 3993 2742 4047 aliud
2773 3993 2898 4048 huic
2915 3990 3359 4047 commentationi
3386 4005 3515 4061 pro-

1946 4080 2317 4150 prium,nobis
2338 4086 2723 4141 assumendum
2749 4092 2853 4150 est,
2878 4086 3337 4156 compendiariam
3366 4085 3521 4140 viam“

1947 4173 2406 4244 amplexantibus,
2437 4186 2497 4232 ut
2519 4194 2587 4234 ne
2614 4178 2795 4249 operis
2816 4178 3196 4234 diverticulum
3227 4176 3320 4232 ﬁat
3345 4190 3511 4248 opere

1947 4264 2197 4323 instituto
2230 4266 2428 4338 majus.

2428 4383 2505 4439 De
2547 4382 2729 4439 ordine
2758 4385 3034 4440 mensium.

347 4492 423 4548 I".
462 4489 715 4562 Εἰλήφθω
754 4490 1042 4563 τοιγαροῦν
1072 4491 1177 4564 μὴν
1223 4494 1253 4546 ό
1288 4492 1465 4564 τυχὼν
1508 4494 1722 4565 πρῶτος
1769 4493 1843 4566 τῷ

2019 4488 2105 4546 ΙΙΙ.
2168 4488 2426 4548 Sumatur
2482 4492 2665 4563 itaque
2713 4493 2922 4564 primus
2979 4495 3212 4569 quisque
3284 4495 3513 4562 mensis,

277 4585 422 4657 λόγῳ
446 4603 460 4617 ·
494 4584 635 4638 ἔστω
679 4582 758 4648 δὲ,
787 4586 836 4637 εὶ
874 4583 1051 4651 δοκεῖ,
1092 4584 1389 4639 Ποσειδεὼν
1412 4603 1426 4617 ·
1470 4585 1607 4657 μετὰ
1653 4587 1845 4641 Ποσει-

276 4678 451 4734 δεῶνα
476 4677 541 4748 δὴ
569 4675 731 4740 εὐθὺς
758 4675 1067 4747 Γαμηλιὼν.
1093 4678 1384 4752 Μάρτυρες
1410 4679 1466 4734 δὲ
1487 4679 1676 4735 τούτου
1702 4680 1846 4753 ’Δρι-

280 4769 535 4840 στοτέλης
557 4786 617 4823 τε
640 4770 733 4824 καὶ
750 4768 1108 4841 Θεόφραστος,
1133 4769 1322 4843 ἄνδρες
1347 4772 1581 4836 παλαιᾶς
1605 4773 1841 4845 μνήμης,

278 4862 372 4917 καὶ⁸
394 4860 672 4934 ἐμπείρως
699 4860 912 4931 ἔχοντες
936 4861 1036 4931 τῆς
1081 4861 1375 4933 Ἀθηναίων
1400 4863 1605 4935 φωνῆς.
1627 4867 1718 4919 Δεῖ
1738 4864 1845 4937 γὰρ

282 4953 356 5027 μὴ
382 4953 672 5025 ἀμάρτυρα
699 4953 948 5021 φάσκειν,
984 4952 1059 5017 ὡς
1086 4953 1136 5007 οἳ
1171 4953 1370 5026 προτοῦ
1407 4955 1581 5020 θέσεις
1614 4956 1747 5028 πρὸς
1768 4957 1844 5028 τῷ

276 5044 461 5117 ψευδεῖ
493 5045 588 5097 καὶ
625 5043 951 5107 ἀδεσπότους
992 5043 1397 5112 ἀποδεδώκασι,
1428 5045 1674 5116 λέγοντες
1715 5048 1843 5119 περὶ

277 5138 483 5194 τούτων
509 5152 523 5168 ·
569 5134 681 5189 ἀλλ’
724 5136 809 5207 ἐφ’
866 5135 1114 5201 ἑκάστοις
1188 5137 1469 5210 μάρτυρας
1513 5139 1842 5212 παρέχεσθαι

278 5233 481 5304 ἄνδρας
504 5231 868 5299 ἀξιοπίστους,
900 5229 1087 5303 ῶσπερ
1115 5232 1171 5284 ὲν
1208 5230 1558 5304 δικαστηρίῳ.
1590 5233 1706 5286 Πᾶν
1737 5232 1844 5306 γάρ

278 5326 342 5383 τὸ
378 5327 438 5380 ἐν
464 5326 672 5389 τούτοις
705 5323 894 5378 πιστὸν
937 5324 1039 5379 οὐκ
1080 5326 1144 5378 ἐκ
1178 5325 1492 5397 τεκμηρίων
1535 5327 1631 5380 καὶ
1672 5326 1844 5396 λόγων

278 5420 554 5483 τοιούτων,
591 5418 703 5472 ἀλλ’
733 5416 793 5483 ἐξ
824 5410 899 5471 ὧν
937 5434 1080 5481 τινες
1109 5417 1218 5472 τῶν
1248 5417 1472 5484 ἐνδόξων
1508 5417 1662 5474 εἶπόν
1700 5421 1841 5475 ἐστι.

279 5511 500 5568 Τούτων
520 5512 584 5583 δὴ
601 5514 630 5566 ό
652 5512 750 5583 μὲν
771 5512 829 5564 ἐν
851 5513 913 5581 τῇ
938 5511 1063 5581 περί
1086 5510 1153 5565 τά
1173 5510 1287 5576 ζῶα
1310 5512 1518 5584 ἱστορίᾳ
1538 5506 1641 5568 ὧδε
1661 5512 1840 5583 λέγει’

287 5624 308 5656 ι
345 5607 411 5660 Ἢ
454 5605 512 5659 δὲ
557 5604 736 5668 θυννὶς
783 5603 926 5671 ἅπαξ
970 5604 1143 5657 τίκτει
1172 5622 1185 5635 ο
1230 5605 1367 5660 ἀλλὰ
1405 5605 1494 5660 διὰ
1530 5607 1591 5660 τὸ
1629 5606 1697 5661 τὰ
1745 5608 1845 5678 μὲν

282 5696 483 5768 πρώῖα,
504 5694 575 5749 τὰ
600 5694 658 5748 δὲ
687 5694 813 5764 ὅψια
842 5694 1141 5766 προΐεσθαι,
1172 5696 1255 5761 δὶς
1274 5697 1421 5751 δοκεῖ
1448 5697 1671 5752 τίκτειν.
1690 5699 1843 5753 Ἐστι

281 5785 338 5841 δὲ
370 5788 400 5839 ό
427 5786 526 5858 μὲν
549 5784 759 5857 πρῶτος
785 5784 937 5850 τόκος
971 5788 1096 5857 περί
1125 5786 1214 5841 τδν
1244 5787 1577 5843 Ποσειδεῶνα
1607 5789 1711 5861 πρὸ
1737 5789 1848 5845 τῶν

1950 4596 2071 4638 sese
2092 4589 2152 4637 ut
2182 4583 2414 4641 dicendo
2441 4584 2733 4652 obtulerit;
2778 4586 2991 4657 sitque,
3044 4587 3089 4642 si
3131 4588 3325 4658 placet,
3358 4586 3516 4644 Posi-

1950 4673 2125 4740 deon;
2185 4683 2308 4745 post
2361 4676 2507 4732 hunc
2548 4676 2809 4732 continuo
2857 4675 3156 4734 Gamelion.
3211 4678 3382 4749 Cujus
3435 4678 3515 4734 rei

1950 4772 2120 4821 testes
2151 4766 2471 4823 Aristoteles
2490 4777 2545 4822 et
2567 4766 2992 4838 Theophrastus,
3024 4770 3218 4840 priscae
3237 4772 3515 4828 memorie

1953 4858 2073 4922 viri,
2093 4867 2259 4929 atque
2282 4858 2472 4915 Atticae
2496 4860 2691 4932 linguae
2715 4861 2893 4931 periti.
2922 4860 3107 4932 Neque
3131 4863 3275 4917 enim
3299 4862 3387 4918 hic
3405 4878 3515 4919 non

1949 4948 2231 5020 productis
2261 4950 2589 5006 testimoniis
2632 4966 2792 5021 agere
2834 4952 2992 5020 licet,
3050 4960 3109 5007 ut
3142 4952 3233 5023 qui
3286 4954 3518 5011 antehac

1951 5038 2141 5104 falsas,
2171 5040 2509 5108 testibusque
2530 5047 2752 5110 egentes
2795 5040 3096 5110 positiones
3124 5041 3469 5097 tradiderunt
3496 5080 3513 5106 ,

1951 5133 2094 5187 hanc
2120 5129 2189 5185 de
2217 5130 2497 5186 mensibus
2549 5131 2906 5201 quaestionem
2954 5138 3250 5186 tractantes
3281 5150 3294 5185 :
3326 5146 3515 5186 verum

1950 5224 2005 5279 in
2041 5223 2272 5295 singulis
2300 5230 2470 5279 testes
2491 5224 2763 5288 excitare,
2804 5224 2952 5279 viros
2978 5223 3273 5293 locupletes
3309 5229 3364 5277 et
3412 5220 3517 5277 ﬁde

1948 5318 2142 5388 dignos
2170 5330 2308 5386 opus
2336 5321 2441 5380 est,
2469 5330 2580 5369 non
2606 5331 2765 5371 secus
2795 5324 2956 5385 atque
2991 5317 3045 5371 in
3064 5316 3294 5386 judicio.
3348 5315 3518 5383 Quid:
3581 5371 3587 5382 ,

1950 5409 2082 5479 quid
2105 5410 2249 5465 enim
2292 5410 2348 5463 in
2379 5408 2462 5463 his
2495 5408 2794 5478 probabile,
2828 5425 2935 5463 non
2968 5426 3031 5463 ex
3063 5408 3233 5480 signis
3260 5423 3517 5465 necessa-

1951 5504 2071 5567 riis,
2104 5502 2529 5574 hujusmodique
2573 5502 2879 5558 rationibus
2917 5504 3068 5573 sequi
3108 5508 3367 5573 oportet:
3420 5503 3518 5560 sed

1950 5611 2016 5651 ex
2051 5596 2119 5651 iis
2150 5611 2399 5659 sumere,
2444 5610 2565 5664 qua:
2593 5595 2779 5650 dixere
2814 5596 2948 5651 clari
2994 5596 3348 5666 celebresque
3385 5593 3513 5650 viri.

1950 5689 2157 5749 llorum
2210 5689 2376 5761 igitur
2422 5688 2563 5743 alter
2592 5687 2646 5742 in
2678 5688 2907 5743 historia
2937 5688 3254 5743 animalium
3286 5687 3367 5743 sic
3396 5685 3473 5740 ait
3500 5704 3515 5740 :

1958 5804 1976 5837 ι
2011 5775 2242 5839 Τὴιιωιιι
2292 5781 2453 5836 etiam
2485 5781 2651 5837 semel
2681 5784 2852 5853 parit:
2893 5782 2989 5838 sed
3022 5797 3145 5839 cum
3196 5781 3332 5839 alios
3378 5778 3520 5838 fetus
3579 5804 3589 5838 ε
