3950 6266
315 320 324 328 ’
421 315 554 394 ,ΗΠ
1439 324 1526 381 AD
1573 321 1844 385 EUSEBII
1875 324 2269 388 CHRONICON
2308 326 2667 388 APPENDIX.
3517 331 3656 385 H13

348 478 378 536 ᾖ
419 443 796 508 praematuras,
821 440 960 498 alios
1006 444 1278 502 serotinos
1323 447 1623 517 producat,
1655 448 1740 506 bis
1776 450 1989 507 videtur

2094 453 2329 524 τροπῶν,
2364 454 2393 504 6
2415 453 2457 506 δ’
2493 453 2714 526 ὕστερος
2740 450 2832 506 τοῦ
2863 451 3044 524 ἔαρος.
3076 473 3094 505 ι
3127 453 3471 526 Θεόφραστος
3498 453 3554 506 δὲ
3595 454 3656 506 ὲν

419 544 650 598 parere:
687 531 908 604 editque
939 533 1175 603 priorem
1206 544 1420 608 partum
1467 539 1690 596 circiter
1718 539 1980 598 Posideo-

2094 546 2150 615 τῇ
2182 544 2308 615 περὶ
2335 544 2403 597 τά
2429 545 2569 614 φυτά
2605 545 2812 617 ἱστορίᾳ
2852 545 3026 616 ἀρχὴν
3059 539 3198 598 εἶναί
3237 562 3368 615 φησι
3397 544 3496 597 τοῦ
3537 544 3657 596 δευι

420 636 545 676 nem
586 631 712 679 ante
769 624 1016 680 brumam
1041 666 1056 691 ,
1117 630 1473 697 posteriorem
1532 647 1674 688 vere.
1729 653 1749 686 ι
1809 632 1980 691 Porro

421 711 829 784 Theophrastus
859 717 916 774 in
973 719 1197 776 historia
1252 720 1319 776 de
1373 723 1573 792 plantis
1601 762 1617 788 ,
1651 725 1978 797 principium

421 812 676 864 sementis
705 811 955 866 secunda:
981 819 1103 882 post
1140 813 1384 869 brumale
1420 815 1711 872 solstitium
1743 833 1863 875 esse
1897 819 1980 874 di-

419 899 516 963 cit,
538 917 724 958 mense
750 901 1060 961 Gamelione
1084 924 1099 960 :
1152 907 1311 977 cujus
1339 908 1560 979 quidem
1599 912 1838 968 auctoris
1865 912 1981 968 haec

419 997 548 1046 sunt
592 994 755 1049 verba
786 1011 801 1050 :
837 1014 856 1047 ι
887 995 962 1051 Ita
1003 997 1314 1068 appellant,
1356 1017 1376 1051 ι
1402 1000 1598 1072 inquit,
1627 1018 1647 1052 ι
1691 1016 1800 1056 non
1828 1010 1981 1059 satus

419 1083 635 1152 quidem
663 1087 924 1144 rationem
955 1089 1233 1152 habentes,
1261 1090 1356 1146 sed
1377 1099 1532 1148 ortus
1555 1099 1609 1148 et
1636 1108 1774 1148 usus
1795 1094 1981 1164 cujus-

417 1189 566 1244 que:
612 1179 1050 1250 quandoquidem
1091 1190 1245 1239 satus
1287 1184 1346 1238 ﬁt
1381 1187 1680 1241 contrariis
1705 1185 1816 1242 fere
1845 1197 1982 1242 tem-

419 1267 664 1337 poribus.
712 1267 1045 1342 Principium
1075 1275 1220 1328 enim
1257 1275 1469 1332 hiberni
1505 1275 1698 1348 (quem
1749 1278 1980 1346 primam

421 1373 712 1416 sementem
742 1365 1046 1437 appellant)
1099 1375 1223 1437 post
1251 1367 1496 1423 aestivum
1526 1368 1818 1424 solstitium
1861 1380 1978 1435 est,

423 1465 610 1506 mense
658 1452 1082 1527 Metagitnione:
1137 1467 1191 1513 at
1224 1475 1439 1516 rursum
1491 1462 1754 1525 secundi,
1798 1476 1988 1517 mense

424 1543 770 1615 Gamelione,
822 1559 945 1619 post
989 1551 1284 1610 solstitium
1337 1553 1645 1608 hibernum.
1691 1571 1711 1606 ι
1753 1552 1808 1607 Si
1852 1569 1988 1623 ergo

427 1637 632 1692 dictum
661 1646 744 1694 est
773 1655 802 1695 a
827 1642 988 1698 claris
1012 1643 1120 1700 illis
1145 1645 1277 1700 viris
1300 1685 1316 1712 ,
1365 1645 1586 1700 circiter
1629 1644 1986 1700 Posideonem-

426 1735 553 1784 ante
587 1729 858 1798 brumam,
889 1745 943 1790 et
973 1751 1157 1791 mense
1183 1734 1495 1793 Gamelione
1537 1749 1660 1807 post
1697 1737 1979 1791 brumam:

2083 637 2240 708 τέρου
2269 636 2374 689 τῶν
2397 636 2605 708 ἀροτῶν
2639 637 2756 708 μεθ’
2789 637 2938 710 ἡλίου
2964 637 3168 709 τροπὰς
3197 637 3538 709 χειμερινάς,
3561 636 3660 690 τοῦ

2083 727 2433 797 Γαμηλιῶνος
2463 728 2650 800 μηνός.
2677 730 2828 799 Ἔχει
2850 730 2906 783 δὲ
2935 731 2966 800 ἡ
3000 728 3143 793 λέξις
3166 729 3311 799 αὐτῷ
3338 722 3462 782 ὦδε·
3499 747 3518 778 ι
3542 729 3659 780 Κα-

2086 817 2237 871 λοῦσι
2270 819 2326 871 δὲ
2351 819 2520 884 οὕτως
2551 821 2611 872 οὐ
2643 820 2777 891 πρὸς
2800 822 2896 891 τὴν
2927 821 3136 890 σπορὰν
3175 818 3482 888 βλέποντες,
3520 816 3662 869 ἀλλά

2086 910 2222 979 πρὸς
2265 909 2362 981 τὴν
2401 911 2612 980 γένεσιν
2652 912 2746 965 καὶ
2777 911 2874 982 τὴν
2911 912 3099 983 χρείαν
3137 910 3388 963 ἑκάστου.
3439 909 3594 961 Ἐπεὶ
3623 910 3662 979 ἦ

2085 1017 2148 1070 γε
2180 1001 2358 1072 σπορά
2395 1002 2578 1073 σχεδὸν
2603 1002 2660 1055 ὲν
2691 1005 2804 1066 τοῖς
2837 1002 3099 1065 ἐναντίοις
3126 1001 3351 1069 γίνεται.
3389 1002 3659 1070 Χειμερι-

2085 1092 2177 1146 νοῦ
2206 1093 2313 1167 γάρ
2354 1095 2495 1165 ἀρχὴ
2541 1095 2680 1166 μετά
2712 1094 2918 1166 τροπὰς
2956 1093 3174 1165 θερινὰς
3196 1133 3211 1157 ,
3242 1093 3338 1146 τοῦ
3378 1093 3657 1159 Μεταγει-

2088 1183 2310 1247 τνιῶνος
2345 1185 2510 1255 μηνὸς
2549 1183 2792 1254 (καλοῦσι
2829 1185 2885 1238 δὲ
2914 1184 3098 1238 τοῦτον
3131 1184 3347 1257 πρῶτον
3377 1182 3488 1235 τῶν
3531 1185 3661 1254 ἀρο-

2085 1273 2212 1338 τῶν)
2230 1292 2242 1303 ·
2271 1273 2363 1327 τοῦ
2386 1276 2636 1346 δευτέρου
2669 1275 2829 1328 πάλιν
2865 1275 2979 1344 μεθ’
3007 1275 3154 1345 ἡλίου
3181 1275 3386 1347 τροπάς
3413 1291 3662 1344 χειμερι-

2086 1366 2204 1430 νάς,
2231 1365 2323 1418 τοῦ
2350 1365 2695 1438 Γαμηλιῶνος
2721 1366 2904 1437 μηνός.
2929 1384 2946 1416 ι
2979 1366 3042 1418 Et
3071 1365 3133 1436 δὴ
3164 1366 3293 1436 περὶ
3317 1364 3661 1418 Ποσειδεῶνι

2091 1455 2196 1527 πρὸ
2217 1455 2326 1508 τῶν
2356 1455 2592 1526 τροπῶν,
2621 1455 2714 1508 καὶ
2736 1455 3083 1526 Γαμηλιῶνος
3115 1455 3250 1526 μετά
3279 1455 3489 1526 τροπάς
3507 1471 3523 1483 ⁶
3555 1453 3661 1506 Γα-

2092 1546 2336 1618 μηλιῶνα
2367 1546 2505 1617 μετά
2544 1547 2878 1600 Ποσειδεῶνα
2915 1543 3052 1600 εἶναι
3085 1548 3319 1617 ἀνάγκη.
3355 1547 3443 1610 Ὦς
3479 1546 3540 1599 δὲ
3567 1547 3663 1598 καὶ

2087 1637 2305 1710 ἐφεξῆς,
2342 1639 2618 1709 συμφανὲς
2644 1642 2708 1692 ὲκ
2731 1639 2823 1692 τοῦ
2857 1640 3236 1712 προκειμένου,
3266 1640 3361 1693 καὶ
3391 1639 3492 1706 τῆς
3520 1639 3663 1709 φρά-

2091 1748 2226 1793 σεως
2265 1730 2409 1784 τοῦτ’
2449 1729 2667 1785 ἀκούειν
2695 1731 2888 1802 χρεὼν.
2929 1733 2985 1785 Ὁ
3024 1731 3133 1802 γὰρ
3169 1732 3292 1802 περὶ
3317 1730 3664 1784 Ποσειδεῶνα

423 1820 788 1879 Gamelionem
839 1834 961 1896 post
1007 1826 1366 1884 Posideonem
1411 1829 1538 1884 inde
1587 1843 1708 1884 esse
1760 1841 1986 1883 necesse

2094 1823 2190 1896 πρὸ
2211 1823 2318 1876 τῶν
2339 1823 2553 1894 τροπῶν
2579 1823 2749 1892 λέγων
2772 1824 2864 1877 καὶ
2883 1823 3230 1894 Γαμηλιῶνος
3263 1824 3401 1895 μετὰ
3428 1823 3662 1894 τροπὰς,

420 1921 523 1969 est.
553 1913 707 1981 Quod
741 1927 919 1974 autem
969 1934 1093 1974 mox
1133 1921 1294 1976 etiam
1339 1928 1619 1990 sequatur,
1649 1919 1872 1976 evidens
1899 1926 1986 1974 est

420 2020 486 2059 ex
510 2006 940 2076 praecedentibus
966 2049 981 2074 ,
1023 2018 1076 2066 et
1121 2026 1188 2066 ex
1222 2011 1530 2068 elocutione
1577 2011 1630 2066 id
1687 2010 1988 2082 intelligere

421 2099 695 2155 convenit.
754 2099 857 2168 Qui
905 2117 1138 2172 namque
1185 2102 1315 2158 dicit
1354 2103 1574 2158 circiter
1628 2102 1985 2159 Posideonem

423 2199 550 2245 ante
592 2191 871 2258 brumam,
914 2201 971 2250 et
1020 2194 1334 2251 Gamelione
1394 2202 1518 2264 post
1569 2195 1856 2261 brumam;
1902 2195 1988 2250 vel

423 2280 570 2334 circa
600 2296 723 2336 eum
755 2297 994 2338 mensem
1041 2283 1222 2355 (quem
1259 2285 1525 2358 nominat)
1578 2285 1634 2341 id
1690 2286 1986 2342 solstitium

420 2385 542 2427 esse
569 2373 704 2438 vult,
725 2374 807 2428 vel
839 2383 984 2430 certe
1007 2376 1152 2430 circa
1181 2377 1486 2446 proximum
1523 2377 1828 2434 ostendere.
1853 2376 1986 2431 Nam

421 2463 565 2534 quod
603 2463 865 2519 hibernus
899 2464 972 2520 sit
1018 2464 1308 2531 Posideon,
1339 2481 1404 2521 ex
1438 2467 1505 2522 iis
1537 2468 1592 2521 in
1623 2475 1874 2538 promptu
1903 2475 1987 2522 est

421 2567 544 2624 qua:
577 2553 902 2610 Aristoteles
946 2557 1001 2610 in
1031 2557 1221 2612 eadem
1269 2557 1499 2612 historia
1524 2598 1540 2622 ,
1593 2558 1661 2613 de
1693 2556 1987 2628 mugilibus

423 2647 665 2719 piscibus
690 2648 1129 2704 commodissime
1157 2649 1439 2705 discernit.
1487 2648 1624 2704 Cum
1655 2649 1797 2704 enim
1834 2647 1986 2720 prius

423 2741 669 2804 dixisset,
699 2741 876 2795 hieme
899 2741 1152 2811 mugilem
1179 2755 1388 2811 parere,
1411 2749 1595 2811 postea
1626 2741 1810 2798 subdit
1831 2756 1986 2795 men-

423 2846 563 2896 sem,
589 2831 734 2886 circa
765 2847 925 2902 quem
956 2832 1116 2902 parit,
1145 2823 1271 2902 puta
1294 2831 1674 2888 Posideonem.
1709 2831 1835 2886 Haec
1862 2847 1990 2887 vero

425 2932 653 2991 utraque
712 2920 768 2974 in
834 2920 1026 2991 quinto
1097 2921 1336 2977 historia:
1390 2921 1478 2978 his
1517 2923 1698 2978 verbis
1749 2923 1986 2978 scribit:

431 3035 450 3063 ι
487 3011 626 3066 Sunt
657 3020 836 3067 autem
867 3030 987 3084 quae
1011 3014 1091 3069 vel
1120 3029 1215 3084 per
1248 3015 1503 3080 hiemem,
1523 3022 1835 3070 astatemve
1860 3030 1989 3070 suos

426 3109 618 3173 partus
649 3101 845 3169 edant;
884 3117 982 3173 per
1015 3104 1266 3168 hiemem,
1300 3105 1478 3176 lupus,
1507 3105 1724 3176 mugilis
1745 3148 1760 3172 ,
1803 3121 1935 3161 acus
1971 3127 1985 3163 :

430 3209 527 3264 per
552 3200 794 3248 astatem
840 3194 985 3248 circa
1021 3193 1546 3258 Hecatombaeonem.
1586 3198 1827 3253 thunnze.
1872 3218 1890 3250 ι
1926 3198 1992 3253 Et

429 3284 591 3356 paulo
611 3293 734 3355 post
760 3303 774 3339 :
815 3303 834 3336 ι
866 3283 1066 3342 Parere
1113 3302 1241 3341 vero
1271 3287 1538 3356 incipiunt
1572 3302 1638 3341 ex
1667 3287 1956 3359 mugilibus
1976 3328 1993 3353 ,

432 3377 688 3434 laheones
715 3377 933 3448 quidem
961 3394 1148 3435 mense
1179 3377 1515 3445 Posideoue,
1550 3387 1604 3434 et
1632 3394 1914 3443 mucones,
1941 3387 1996 3436 et

431 3471 730 3542 capitones,
759 3481 1058 3542 geruntque
1089 3471 1284 3527 diebus
1329 3471 1574 3527 tricenis.
1632 3491 1651 3524 ι
1687 3470 1802 3526 Iloc
1853 3471 1996 3527 idem

431 3579 650 3620 rursum
675 3564 814 3618 libro
835 3564 1062 3634 septimo
1094 3563 1244 3618 dicit.
1291 3562 1467 3618 Simul
1493 3579 1620 3618 vero
1649 3571 1864 3619 constat
1887 3566 1998 3620 sol-

431 3658 683 3714 stitialem
706 3673 829 3714 esse
855 3655 1232 3712 Posideonem.
1262 3654 1398 3710 Nam
1443 3657 1488 3710 si
1536 3664 1661 3712 ante
1704 3657 1998 3712 solstitium

432 3749 580 3803 circa
613 3745 1006 3812 Posideonem,
1061 3746 1430 3816 hibernusque
1473 3745 1778 3804 Posideon:
1825 3749 1998 3802 mani-

433 3841 630 3899 festum
685 3847 770 3895 est
831 3839 1047 3893 circiter
1103 3836 1456 3893 Posideonem
1507 3839 1798 3894 solstitium
1855 3853 1995 3894 esse.

433 3935 591 3988 Circa
621 3934 764 3987 enim
809 3933 1042 4003 primum
1084 3932 1370 3986 hibernum
1419 3946 1659 3986 mensem
1703 3931 1996 3994 solstitium

436 4024 730 4096 peragitur.
763 4021 826 4076 Et
855 4023 944 4076 illa
993 4022 1209 4092 quidem
1243 4021 1467 4086 locutio,
1510 4040 1528 4072 ι
1566 4021 1710 4076 circa
1747 4020 1997 4078 Posideo-

436 4131 560 4171 nem
591 4125 716 4171 ante
750 4115 1018 4179 brumam,
1056 4133 1073 4167 ι
1130 4131 1238 4186 quo
1288 4130 1474 4169 mense
1510 4115 1601 4168 liat
1649 4115 2001 4170 circumscri-

437 4209 549 4274 bit;
585 4217 644 4262 ut
697 4207 910 4262 dicendi
950 4224 1165 4280 quoque
1215 4206 1488 4272 formula,
1540 4223 1647 4277 qua
1701 4207 1831 4277 quid
1880 4215 2003 4278 ppst

2087 1916 2203 1988 ῆτοι
2230 1917 2357 1988 περὶ
2387 1916 2476 1971 τὸν
2507 1915 2904 1987 ὀνομαζόμενον
2951 1917 3094 1987 μῆνα
3137 1918 3234 1981 τὰς
3270 1916 3482 1988 τροπὰς
3523 1911 3665 1968 εἶναι

2089 2007 2355 2078 βούλεται,
2395 2007 2428 2077 ἢ
2478 2008 2606 2080 περὶ
2641 2008 2732 2060 τὸν
2771 2008 3047 2078 ἐγγύτατά
3088 2025 3149 2077 γε
3193 2008 3406 2079 δηλοῦν.
3439 2011 3568 2061 ’ὐτι
3605 2008 3664 2061 δε

2088 2098 2181 2151 καὶ
2210 2097 2515 2170 χειμερινὸς
2559 2093 2625 2150 αὖ
2670 2099 2698 2149 6
2742 2097 3073 2162 Ποσειδεὼν,
3107 2098 3262 2168 δῆλον
3306 2099 3364 2165 ἐξ
3399 2092 3476 2151 ὧν
3513 2099 3662 2167 Ἀρι-

2089 2191 2341 2261 στοτέλης
2371 2192 2428 2244 έν
2459 2193 2525 2261 τῇ
2554 2191 2690 2261 αὐτῇ
2729 2190 2939 2261 ἱστορίᾳ
2970 2191 3266 2262 διευκιρνεῖ
3289 2191 3418 2261 πρὶ
3463 2190 3664 2261 ἰχθύων

2087 2283 2194 2336 τῶν
2232 2283 2579 2355 καλουμένων
2611 2281 2904 2354 κεστρέων.
2941 2282 3122 2336 Εἰπὼν
3157 2284 3262 2356 γὰρ
3289 2283 3553 2356 πρόσθεν,
3581 2284 3663 2336 ὅτι

2087 2371 2353 2444 χειμῶνος
2397 2375 2426 2426 6
2483 2373 2744 2442 κεστρεὺς
2794 2373 3002 2436 τίκτει,
3039 2373 3177 2444 μετὰ
3211 2374 3385 2429 ταῦτα
3431 2374 3529 2426 καὶ
3573 2374 3664 2429 τὸν

2092 2465 2259 2536 μῆνα,
2290 2466 2417 2538 περὶ
2444 2465 2503 2519 ὃν
2524 2465 2716 2530 τίκτει,
2741 2464 2996 2536 ὀνομάζει
3028 2467 3219 2536 λέγων,
3251 2467 3331 2521 ὅτι
3361 2467 3665 2521 Ποσειδεῶ-

2088 2574 2196 2621 νος.
2235 2559 2434 2628 Ἀμφω
2480 2557 2536 2609 δὲ
2580 2557 2751 2611 ταῦτα
2782 2559 2838 2610 ὲν
2887 2557 2963 2628 τῷ
3009 2557 3242 2630 πέμπτῳ
3286 2560 3385 2630 τῆς
3421 2559 3664 2630 ἱστορίας

2089 2652 2180 2704 ἐπὶ
2203 2650 2330 2722 τῇδε
2355 2653 2419 2721 τῇ
2455 2648 2598 2714 λέξει
2623 2667 2634 2680 ο
2673 2669 2692 2701 ‹
2724 2649 2906 2702 Τίκτει
2929 2648 2972 2701 δ’
3001 2649 3116 2704 ἔνια
3147 2652 3240 2704 καὶ
3272 2651 3544 2723 χειμῶνος
3571 2653 3666 2716 ἀἱ

2090 2743 2280 2814 θέρους
2303 2759 2316 2773 ο
2353 2741 2616 2814 χειμῶνος
2670 2743 2767 2813 μὲν
2817 2743 3023 2816 λάϐραξ
3045 2783 3060 2808 ,
3090 2744 3351 2814 κεστρεὺς
3375 2785 3390 2809 ,
3442 2743 3662 2813 βελόνη·

2091 2835 2280 2906 θέρους
2310 2834 2368 2887 δὲ
2399 2833 2528 2905 περὶ
2559 2833 2649 2886 τὸν
2682 2835 3128 2907 Ἑκατομϐαιῶνα
3159 2834 3396 2898 θυννίδες
3415 2851 3429 2864 ·
3459 2854 3478 2886 ι
3516 2830 3663 2886 εἶταο

2096 2945 2113 2978 ι
2143 2928 2430 2998 Ἀρχονται
2458 2925 2514 2978 δὲ
2539 2926 2744 2979 τίκτειν
2770 2927 2878 2980 τῶν
2906 2928 3177 2997 κεστρέων
3204 2930 3258 2980 οἱ
3311 2928 3407 2998 μὲν
3436 2925 3667 2997 χελῶυες

2088 3018 2182 3071 τοῦ
2208 3017 2586 3082 Ποσειδεῶνος,
2617 3020 2713 3072 καὶ
2742 3021 2770 3072 ὁ
2805 3019 2986 3090 μύξων
3015 3017 3365 3090 καλούμενος,
3397 3018 3497 3070 καὶ
3523 3019 3552 3070 ὀ
3581 3017 3670 3070 κέ·

2092 3109 2256 3179 φαλος
2276 3123 2292 3140 ³
2323 3110 2511 3163 κυοῦσι
2537 3109 2592 3164 δὲ
2617 3111 2910 3182 τριάκοντα
2937 3110 3169 3182 ἡμέρας.
3202 3129 3221 3162 ι
3259 3107 3430 3163 Τοῦτο
3461 3108 3506 3161 δ’
3540 3105 3671 3160 αὐτὸ

2094 3199 2255 3253 πάλιν
2288 3200 2381 3252 καὶ
2419 3201 2478 3253 ὲν
2515 3199 2592 3271 τῷ
2620 3201 2832 3272 ἑϐδόμῳ
2867 3200 3050 3269 φησίν.
3091 3201 3238 3271 Ἀμα
3281 3197 3338 3250 δὲ
3367 3194 3555 3266 πλον,
3589 3195 3671 3248 ὅτι

2093 3294 2186 3345 καὶ
2223 3293 2480 3364 τροπικὺς
2519 3295 2547 3346 6
2577 3291 2895 3347 Ποσειδεὼν.
2933 3293 2994 3344 El
3027 3290 3134 3362 γάρ
3169 3290 3296 3361 περὶ
3327 3287 3677 3341 Ποσειδεῶνα

2095 3383 2199 3456 πρὸ
2238 3383 2346 3438 τῶν
2378 3384 2627 3456 τροπῶν,
2659 3384 2966 3456 χειμερινὸς
2991 3385 3036 3436 δ’
3065 3385 3093 3435 6
3124 3379 3421 3434 Ποσειδεὼν
3448 3397 3461 3410 ·
3504 3395 3671 3448 φανε-

2099 3477 2208 3549 ρὸν,
2237 3478 2316 3531 ὅτι
2347 3477 2473 3548 περὶ
2504 3477 2839 3530 Ποσειδεῶνα
2872 3476 2929 3528 αἱ
2965 3475 3187 3546 τροπαί.
3219 3473 3354 3544 Περὶ
3377 3471 3490 3543 γὰρ
3520 3470 3672 3541 πρῶ-

2094 3587 2184 3624 τον
2221 3571 2366 3641 μῆνα
2390 3569 2498 3623 τῶν
2522 3569 2844 3642 χειμερινῶν
2874 3568 3109 3636 γίνονται
3141 3568 3193 3620 αἱ
3231 3565 3452 3637 τροπαί.
3492 3565 3608 3618 Καὶ
3638 3564 3672 3632 ἡ

2103 3681 2120 3713 ι
2149 3661 2275 3731 περὶ
2311 3658 2643 3712 Ποσειδεῶνα
2664 3659 2769 3731 πρὸ
2793 3659 2900 3712 τῶν
2937 3658 3151 3730 τροπῶν
3176 3678 3193 3710 ι
3227 3657 3383 3728 ῥῆσις
3408 3695 3423 3720 ,
3462 3655 3573 3726 ἄρα
3615 3655 3673 3706 τὸ

2097 3749 2226 3804 πότε
2242 3751 2333 3806 τοῦ
2359 3751 2521 3822 μηνὸς
2535 3751 2782 3822 διορίζει·
2799 3751 2873 3813 ὡς
2895 3750 2988 3803 καὶ
3012 3747 3148 3821 μετά
3161 3749 3363 3820 τροπὰς
3385 3746 3671 3816 γινομένου

2096 3843 2190 3896 τοῦ
2231 3843 2350 3916 περὶ
2379 3843 2470 3896 τὸν
2500 3843 2658 3896 αὐτὸν
2701 3843 2864 3914 μῆνα,
2889 3843 3015 3913 περὶ
3043 3842 3100 3894 ὃν
3122 3843 3175 3895 αί
3199 3839 3413 3910 τροπαί.
3448 3837 3523 3891 Οὐ
3570 3837 3684 3907 μὴν

2099 3935 2233 3990 ἀλλά
2259 3936 2352 3989 καὶ
2375 3935 2482 3989 τῶν
2503 3934 2729 4008 ὀρνίθων
2753 3933 2966 3988 ἀλκυὼν
2991 3935 3160 3987 τίκτει
3190 3933 3284 4003 μὲν
3315 3929 3443 4002 περὶ
3465 3928 3680 4000 τροπὰς

2101 4027 2431 4100 χειμερινάς.
2483 4029 2575 4081 Διὸ
2631 4027 2726 4081 καὶ
2761 4025 3246 4090 καλοῦνται,-ὅταν
3298 4022 3558 4075 εὐδιειναὶ
3591 4020 3656 4087 γέ

2101 4139 2296 4175 νωνται
2331 4123 2384 4174 αἱ
2418 4121 2634 4192 τροπαὶ,
2674 4119 3004 4173 Ἀλκυόνειαι
3025 4117 3248 4189 ἡμέραι,
3279 4114 3418 4168 έπτά
3449 4112 3550 4183 μὲν
3573 4110 3675 4182 πρὸ

2101 4211 2337 4283 τροπῶν,
2375 4209 2514 4262 ἑπτὰ
2555 4209 2612 4262 δὲ
2655 4209 2792 4280 μετὰ
2829 4209 3068 4280 τροπάς⁶
3102 4205 3353 4275 καθάπερ
3395 4204 3492 4256 καὶ
3532 4203 3672 4271 ’Δρι-

435 4303 684 4356 brumam
712 4301 824 4356 ﬁeri
865 4301 1198 4372 perhibetur,
1219 4300 1273 4355 id
1304 4317 1426 4357 esse
1447 4299 1698 4371 designat
1723 4299 1879 4370 155
1897 4301 1989 4354 cir-

2107 4301 2358 4373 στοτέλης
2391 4301 2520 4372 φησί
2541 4317 2553 4330 '
2585 4300 2826 4354 καλεῖται
2855 4300 2912 4354 δὲ
2942 4299 3291 4361 Ποσειδεωνὶς
3318 4299 3430 4358 τοῖς
3464 4293 3674 4355 πολλοῖς

435 4395 573 4450 citer
601 4394 847 4450 eumdem
879 4410 1119 4450 mensem
1141 4437 1154 4458 ,
1208 4410 1317 4465 quo
1365 4395 1658 4450 solstitium
1690 4395 1989 4449 confectun

2105 4393 2138 4463 ἡ
2170 4392 2316 4463 ὅρνις
2342 4431 2357 4456 ,
2401 4389 2550 4462 παρά
2576 4406 2668 4443 του
2711 4389 2820 4442 τῶν
2846 4387 3072 4442 ἀστείων
3095 4426 3109 4449 ,
3133 4386 3206 4450 ὼς
3233 4385 3394 4448 ἔοικε,
3441 4380 3674 4451 τοῦνομα

437 4489 530 4544 sit.
557 4487 862 4554 Quinetiam
909 4486 1114 4557 Alcyon
1173 4488 1288 4543 avis
1342 4487 1490 4542 circa
1550 4488 1795 4541 brumam
1843 4486 1981 4556 parit

2109 4485 2377 4553 εἰληφόσι,
2407 4483 2555 4554 παρά
2582 4483 2642 4535 τὸ
2664 4483 2868 4536 τίκτειν
2910 4479 3265 4542 Ποσειδεῶνος
3301 4475 3468 4548 μηνός
3488 4491 3500 4504 ·
3538 4474 3675 4527 ὥστε

437 4579 802 4647 Quamobrem
831 4579 1045 4650 quoties
1074 4579 1266 4633 bruma
1284 4593 1476 4632 serena
1493 4587 1594 4644 est,
1621 4579 1738 4632 dies
1761 4576 1989 4648 Aleyoni

2109 4580 2331 4649 σημεῖον
2374 4576 2468 4629 καὶ
2508 4574 2650 4629 τοῦτ’
2675 4575 2741 4630 ἂν
2782 4576 2865 4644 εἴη
2899 4573 3166 4646 τροπικὸν
3197 4567 3335 4624 εἶναι
3365 4569 3457 4621 τὸν
3489 4569 3654 4620 Ποσει

439 4671 780 4742 appellantur
821 4678 1026 4739 septem
1081 4676 1206 4724 ante
1260 4669 1545 4734 brumam,
1610 4675 1664 4723 et
1713 4677 1920 4738 septem
1976 4683 1989 4721 :

2107 4667 2300 4733 δεῶνα,
2331 4667 2424 4720 καὶ
2461 4666 2568 4720 τῶν
2593 4665 2918 4737 χειμερινῶν
2950 4665 3183 4737 πρῶτον.
3216 4661 3330 4716 Νῦν
3363 4659 3461 4731 μὲν
3489 4654 3584 4711 οὖν
3618 4659 3678 4709 ἐκ

438 4763 668 4828 bruma;
703 4768 760 4815 ut
781 4760 942 4815 etiam
963 4760 1284 4815 Aristoteles
1313 4760 1410 4823 ait,
1438 4769 1770 4830 vocaturque
1803 4775 1832 4811 a
1865 4761 1989 4813 mul-

2106 4760 2312 4814 τούτων
2357 4756 2598 4828 εἰλήφθω
2640 4757 2946 4829 χειμερινόν
2983 4773 3044 4808 τε
3096 4755 3187 4809 καὶ
3231 4751 3489 4824 τροπικὸν
3543 4745 3681 4801 εἶναι

439 4855 513 4909 tis
547 4853 663 4922 ipsa
697 4853 812 4905 avis
844 4849 1185 4915 Posicleonis,
1232 4850 1285 4904 id
1339 4856 1422 4906 est
1456 4848 1795 4912 Decembria,
1831 4851 1900 4904 ab
1925 4851 1989 4904 ie-

2106 4853 2196 4906 τὺν
2229 4850 2564 4905 Ποσειδεῶνα
2585 4867 2606 4884 ·-
2632 4849 2864 4917 ὕστερον
2900 4849 2954 4902 δὲ
3007 4847 3100 4900 καὶ
3141 4847 3208 4899 δι’
3235 4841 3518 4914 ἀκριϐείας
3555 4839 3662 4909 μάλ

438 4944 566 5013 pido
599 4943 852 5014 quopiam
885 4950 940 4997 et
978 4943 1188 4996 urbano
1237 4949 1491 5004 auctore,
1530 4951 1590 4995 ut
1623 4940 1871 5003 videtur,
1907 4956 1989 5009 ap-

2111 4945 2201 4996 λον
2244 4943 2603 5015 δειχθήσεται.
2661 4941 2771 5013 Τὴν
2830 4941 2873 4994 δ’
2907 4939 3190 5011 ἀκρίϐειαν
3241 4937 3337 5006 οὐχ
3380 4934 3582 5004 ὁμοίως
3624 4933 3673 4984 Et

443 5033 789 5103 pellationem
827 5031 1127 5090 mutuatis,
1189 5029 1334 5099 quod
1386 5029 1563 5099 pariat
1614 5045 1800 5084 mense
1850 5028 1989 5083 Posi-

2115 5035 2315 5089 ἅπασιν
2341 5032 2614 5104 ἐπιζητεῖν
2640 5035 2739 5099 δεῖ,
2770 5033 2883 5087 ἀλλ’
2914 5034 2972 5085 ὲν
2998 5033 3243 5093 ἑκάστοις
3270 5027 3414 5082 κατά
3440 5025 3540 5096 τὴν
3561 5026 3665 5077 ὑπο

442 5125 616 5179 deone
643 5143 655 5178 :
694 5123 830 5178 adeo
855 5131 913 5177 ut
937 5122 1067 5176 illud
1103 5122 1318 5175 abunde
1343 5137 1597 5192 magnum
1623 5131 1989 5191 argumentun

2114 5126 2374 5197 κειμένην
2405 5126 2554 5197 ὓλην,
2586 5126 2681 5178 καὶ
2719 5125 2812 5178 ἐπὶ
2843 5123 3112 5184 τοσοῦτον,
3143 5120 3226 5190 ἐφ’
3259 5120 3378 5172 ὅσον
3413 5116 3592 5171 οἰκεία
3615 5117 3676 5184 τῇ

443 5219 534 5280 sit,
578 5215 916 5272 solstitialem
961 5229 1085 5270 esse
1140 5212 1537 5276 Posideonem,
1593 5220 1648 5267 et
1695 5214 2006 5268 hiemalium
2119 5217 2343 5288 μεθόδῳ.

443 5312 714 5367 mensium
742 5311 998 5380 primum.
1028 5307 1184 5362 Nunc
1217 5308 1382 5379 igitur
1408 5323 1475 5362 ex
1511 5307 1596 5362 his
1629 5317 1906 5376 sumptum
1937 5310 2029 5373 sit,
2070 5310 2355 5366 hibernum
2419 5319 2473 5368 et
2515 5311 2856 5367 solstitialem
2901 5324 3024 5364 esse
3064 5307 3419 5361 Posideonem
3447 5321 3463 5364 :
3502 5314 3674 5372 quan-

442 5420 606 5474 quam
689 5406 852 5459 etiam
932 5403 1244 5474 diligentius
1321 5401 1547 5471 posthac
1619 5401 2100 5457 demonstrabitur.
2162 5402 2268 5458 Sed
2309 5419 2410 5459 nec
2477 5405 2617 5458 hanc
2671 5404 2867 5474 pariter
2937 5401 2993 5454 in
3042 5399 3298 5453 omnibus
3346 5395 3675 5466 diligentiam

445 5496 723 5564 requirere
772 5502 1020 5564 oportet;
1079 5510 1262 5548 verum
1321 5496 1376 5548 in
1425 5494 1655 5564 singulis
1709 5494 2011 5548 secundum
2044 5497 2345 5568 subiectam
2379 5496 2683 5558 materiam,
2717 5503 2881 5566 atque
2905 5495 3195 5557 hactenus,
3259 5495 3532 5560 quatenus
3589 5499 3662 5555 pe

444 5591 668 5646 culiaris
695 5599 778 5645 est
809 5589 1040 5644 docendi
1074 5590 1292 5644 rationi.

516 5681 888 5736 Gamelionem
916 5695 1081 5750 porro
1107 5682 1290 5736 statim
1321 5681 1568 5750 sequitur
1593 5679 1980 5750 Elapbebolion
2007 5701 2022 5748 ;

461 5770 764 5830 novissimo
789 5771 931 5824 enim
966 5785 1152 5826 mense
1183 5772 1410 5827 brumali
1440 5787 1576 5842 opus
1606 5779 1684 5828 est
1710 5789 1723 5840 ;
1757 5776 1904 5843 atqui
1938 5775 2022 5829 hic

2191 5677 2344 5732 Μετὰ
2371 5678 2427 5731 δὲ
2460 5676 2784 5748 Γαμηλιῶνα
2823 5675 2982 5737 εὐθὺς
3027 5669 3454 5743 Ἐλαφηϐολιών
3499 5667 3676 5721 τελευο

2130 5773 2278 5826 ταίου
2314 5772 2419 5842 γὰρ
2451 5771 2618 5841 μηνὸς
2646 5769 2752 5822 τῶν
2791 5767 3114 5836 χειμερινῶν
3143 5765 3248 5819 δεῖ·
3285 5762 3466 5817 οὑτοσὶ
3498 5759 3556 5814 δὲ
3590 5773 3671 5810 τιι
