3950 6266
239 340 387 397 H73

1183 338 1530 397 rueonom
1567 321 1772 395 cum
1813 333 2016 392 LIBER-
2053 338 2141 394 DE
2172 338 2536 402 MENSIBUS.

3351 337 3487 394 1174

239 459 523 522 λευταῖος.
579 459 810 529 Σημεῖον
860 455 948 512 δέ·
983 455 1308 530 Θουκυδίδης
1345 459 1451 531 γὰρ
1494 461 1551 512 ἐν
1596 457 1829 529 τετάρτῃ

1941 468 2076 514 certe
2105 471 2437 530 postremus.
2473 461 2642 530 Cujus
2669 460 2747 516 rei
2779 461 2994 532 signum
3021 471 3103 519 est
3123 503 3139 530 ,
3169 461 3312 534 quod
3339 461 3487 515 Thu-

242 549 346 604 τῶν
386 549 656 620 ἱστοριῶν
705 549 800 622 τὴν
855 549 1119 604 ἐνιαύσιον
1153 551 1490 619 ἐκεχειρίαν,
1531 548 1626 620 τὴν
1678 564 1830 616 γενο-

238 640 424 713 μένην
471 639 927 711 Λακεδαιμονίοις
968 640 1062 693 καὶ
1117 639 1446 711 Ἀθηναίοις,
1478 639 1830 701 τελευτῶντος

237 731 434 800 ὀγδόου
467 732 630 796 ἔτους
662 732 740 803 τῷ
771 732 1012 802 πολέμῳ,
1038 732 1254 802 τετράδι
1286 733 1376 785 ἐπὶ
1405 731 1535 784 δέκα
1557 731 1650 784 τοῦ
1682 730 1830 782 Ἐλα-

239 824 601 898 φηϐολιῶνος
637 825 802 897 μηνὸς
835 823 1212 895 ὁμολογεῖσθαί
1250 840 1416 893 φησι·
1450 823 1547 894 τὴν
1583 823 1625 875 δ’
1660 821 1829 892 αὐτὴν

239 918 576 990 ἐκεχειρίαν
607 919 700 972 κα)⁸
731 916 1026 976 διελθόντος
1049 915 1142 969 τοῦ
1173 915 1438 986 χειμῶνος
1470 915 1583 984 ἃμα
1612 909 1705 984 ἦρι
1734 912 1828 965 τοῦ

242 1008 648 1076 ἐπιγινομένου
697 1006 887 1077 θέρους
942 1005 1241 1074 γεγονέναι.
1301 1005 1416 1056 Κάν
1477 1006 1542 1074 τῇ
1604 1003 1830 1074 πέμπτῃ

242 1102 287 1155 δ’
313 1099 388 1155 αὖ
437 1101 555 1154 τῶν
591 1099 767 1154 αὐτῶν
812 1098 1060 1169 ἱστοριῶν
1101 1097 1331 1161 σπονδὰς
1372 1097 1621 1166 γενέσθαι
1667 1095 1830 1167 φησὶν

245 1193 341 1247 ἐπὶ
383 1192 663 1264 ἄρχοντος
714 1191 999 1264 Ἀθήνῃσιν
1042 1189 1322 1252 Ἀλκαίου,
1370 1187 1832 1258 Ἐλαφηϐολιῶνος

249 1282 427 1354 μηνὸς
475 1282 618 1355 ἕκτῃ
672 1281 967 1350 φθίνοντος.
1017 1281 1127 1345 Τὰς
1163 1281 1209 1334 δ’
1253 1279 1422 1344 αὐτὰς
1465 1278 1692 1341 σπονδὰς
1740 1277 1832 1331 καὶ

246 1374 628 1438 τελευτῶντος
655 1372 748 1426 τοῦ
783 1373 1047 1444 χειμῶνος
1079 1372 1197 1443 ἅμα
1233 1368 1328 1443 ἦρι
1360 1369 1610 1440 γενέσθαι
1644 1369 1826 1440 φησίν.

251 1468 378 1520 Ἔτι
403 1467 454 1520 δ’
498 1465 879 1538 Ἀριστοτέλης
899 1464 1006 1518 τῶν
1032 1464 1234 1536 θηρίων
1262 1464 1360 1535 τὴν
1397 1464 1596 1534 ἄρκτον
1629 1462 1832 1532 ἱστορεῖ

249 1559 347 1627 τὴν
377 1557 576 1628 ὀχείαν
605 1557 869 1610 ποιεῖσθαι
896 1555 988 1609 τοῦ
1015 1557 1180 1627 μηνὸς
1203 1554 1296 1608 τοῦ
1337 1552 1828 1625 Ἐλαφηὸολιῶνοςο

251 1650 407 1704 κύειν
435 1650 498 1703 δέ
553 1649 765 1721 ἡμέρας
815 1649 1140 1721 τριάκοντα,
1184 1649 1277 1702 καὶ
1315 1649 1518 1702 τίκτειν
1566 1645 1694 1716 περί
1739 1644 1830 1696 τὸν

253 1921 421 1976 πάλιν
477 1923 543 1974 ἐν
595 1922 767 1991 ὀγδόῳ
807 1923 941 1993 φησί
994 1922 1094 1993 τὴν
1150 1922 1349 1993 ἄρκτον
1400 1920 1660 1975 ἐντίκτειν
1705 1920 1832 1992 περί

253 2013 445 2066 τοῦτον
479 2012 579 2066 τὸν
611 2013 821 2082 καιρὸν,
845 2014 939 2065 καὶ
971 2012 1166 2082 φωλεῖν
1199 2013 1302 2075 ἓως
1327 1998 1393 2092 ᾷν
1418 2011 1534 2083 ὥρα
1565 2007 1834 2085 ᾗὲξάγειν

255 2105 381 2167 τοὺς
403 2103 690 2174 σκύμνους
711 2119 723 2134 ·
751 2102 906 2157 τοῦτο
933 2103 988 2156 δὲ
1014 2107 1184 2156 ποιεῖν
1202 2103 1294 2156 τοῦ
1319 2103 1478 2174 ἔαρος
1502 2102 1629 2172 περί
1654 2103 1833 2174 τρίτον

257 2196 404 2266 μῆνα
425 2194 544 2248 ἀπὸ
578 2195 685 2249 τῶν
717 2194 951 2267 τροπῶν.
973 2196 1120 2249 ”Ωστ“
1143 2196 1309 2249 ἐάντε
1342 2195 1544 2248 τίκτειν
1575 2193 1680 2249 ἀπὸ
1709 2211 1832 2266 τρο-

253 2286 370 2341 πῶν
417 2285 761 2357 χειμερινῶν
791 2286 918 2359 περὶ
951 2287 1134 2358 τρίτον
1170 2287 1346 2358 μῆνα,
1382 2286 1475 2340 ἐάν
1515 2303 1573 2340 τε
1621 2287 1834 2354 ἐξάγειν

251 2377 359 2432 ἀπὸ
405 2379 645 2450 ἐαρινῆς
701 2378 988 2450 ἰσημερίας
1039 2379 1167 2450 περὶ
1213 2379 1394 2448 τρίτον
1440 2377 1657 2432 ἀκούειν
1707 2379 1829 2451 δέῃ·

251 2471 369 2523 κατ’
398 2469 584 2542 ἄμφω
609 2470 666 2523 δέ
699 2469 789 2524 τὸν
824 2469 1254 2540 Ἐλαφηϐολιῶνα
1272 2487 1339 2538 γε
1365 2471 1507 2542 μῆνα
1535 2471 1835 2524 τελευταῖον

257 2558 394 2616 εἶναι
421 2563 543 2616 τῶν
577 2563 900 2634 χειμερινῶν
942 2564 1035 2616 καὶ
1063 2561 1243 2634 τρίτον
1283 2560 1586 2632 συμϐαίνει.
1619 2561 1834 2614 Τίκτειν

261 2655 369 2727 γάρ
395 2672 535 2725 φησι
571 2656 702 2726 περί
731 2655 790 2708 ὃν
827 2654 1015 2725 καιρὸν
1064 2652 1298 2726 μάλιστα
1342 2653 1506 2724 φωλεῖ
1529 2673 1541 2685 ·
1580 2651 1747 2724 φωλεῖ
1778 2653 1835 2707 δὲ

263 2749 330 2802 τά
352 2751 592 2821 χερσαῖα
623 2748 800 2802 πάντα
846 2748 938 2800 τοῦ
987 2747 1271 2819 χειμῶνος,
1298 2746 1373 2812 ὡς
1417 2747 1629 2820 εἴρηται
1661 2747 1718 2799 ἐν
1756 2743 1836 2815 τῷ

263 2837 453 2910 ὀγδόῳ.
514 2838 843 2910 Χειμερινὸς
885 2838 992 2910 ἄρα
1036 2841 1065 2891 ὁ
1127 2835 1562 2908 Ἐλαφηϐολιῶν,
1604 2835 1733 2907 περὶ
1775 2835 1836 2890 ὃν

266 2928 405 2983 κύει.
435 2930 512 2984 Οὐ
539 2929 758 3001 πρῶτος
784 2929 861 2993 δὲ,
889 2930 1006 2982 οὐδὲ
1028 2928 1294 3000 δεύτερος·
1319 2928 1496 3000 τρίτος
1522 2927 1630 3000 ἄρα
1651 2945 1663 2958 ’
1695 2927 1749 2980 εί
1771 2942 1834 2995 γε

265 3025 414 3093 τρεῖς
445 3021 580 3094 περὶ
609 3020 845 3090 ἑκάστην
878 3020 985 3073 τῶν
1013 3019 1170 3092 ὡρῶν
1203 3017 1370 3090 μῆνές
1401 3018 1558 3071 εἰσιν.

1936 548 2158 621 cydides
2184 551 2425 607 historiae
2446 551 2581 606 libro
2603 560 2800 622 quarto
2823 551 3071 609 inducias
3101 567 3312 608 annuas
3345 551 3493 605 inter-

1934 641 2298 698 Athenieuses
2331 641 2877 715 Lacedaemoniosque
2918 641 3124 708 factas,
3173 658 3320 698 anno
3359 641 3505 696 belli~

1932 743 2125 788 octavo
2162 735 2486 800 excedente,
2531 735 2735 792 mensis
2775 733 3216 806 Elaphebolionis
3262 741 3486 804 quarto-

1934 826 2148 880 decimo
2183 826 2270 881 die
2313 836 2499 898 pactas
2544 843 2664 884 esse
2711 826 2886 890 dicit,
2925 834 2980 881 et
3023 825 3240 880 easdem
3295 831 3485 878 exacta

1936 917 2154 987 quidem
2191 919 2402 983 hieme,
2435 920 2656 974 ineunte
2685 917 2847 974 simul
2877 933 3003 972 vere
3045 916 3250 970 aestatis
3289 913 3484 970 διώδε-

1932 1010 2150 1079 quentis
2184 1010 2482 1066 confectas.
2518 1011 2584 1064 Et
2614 1011 2775 1066 etiam
2812 1011 2864 1064 in
2896 1011 3086 1080 quinto
3123 1006 3364 1077 ejusdem
3401 1005 3486 1058 hi-

1934 1103 2150 1167 storiae,
2186 1102 2494 1172 praefectum
2525 1111 2744 1174 gerente
2785 1101 3010 1156 Athenis
3052 1100 3234 1154 Alczeo
3283 1097 3487 1152 foedera

1933 1209 2195 1263 percussa
2242 1209 2366 1249 esse
2404 1192 2572 1258 dicit,
2619 1193 2824 1248 mensis
2854 1191 3297 1262 Elaphebolionis‘
3333 1196 3490 1244 sexto

1934 1292 2059 1337 ante
2088 1282 2247 1336 ﬁnem
2278 1283 2393 1349 die,
2427 1282 2589 1352 idque
2616 1283 2718 1338 sub
2751 1282 2945 1336 hiemis
2974 1281 3277 1336 extremum
3309 1287 3369 1333 et
3392 1293 3488 1332 ve-

1933 1371 2011 1425 ris
2034 1371 2267 1425 initium.
2295 1373 2564 1426 Praeterea
2589 1387 2717 1427 vero
2743 1370 2943 1426 scribit-
2964 1370 3283 1426 Aristoteles
3307 1383 3494 1424 ursam

1936 1463 2085 1519 coire
2119 1479 2305 1520 mense
2339 1463 2787 1534 Elaphebolione,
2831 1461 3081 1532 ferreque
3125 1469 3338 1516 uterum
3373 1459 3491 1514 dies

1878 1627 1882 1632 _
1934 1556 2158 1625 triginta
2179 1595 2193 1620 ,
2221 1563 2273 1612 et
2300 1571 2494 1626 parere
2521 1571 2589 1612 eo
2613 1564 2852 1626 tempore
2879 1570 2988 1625 quo
3014 1555 3183 1620 latet;
3215 1568 3337 1608 cum
3366 1567 3496 1607 vero

1937 1649 2144 1718 prolem
2196 1649 2516 1713 enutrierit,
2568 1648 2715 1704 exire
2763 1662 2950 1702 mense
2973 1645 3085 1716 jam
3115 1646 3263 1700 veris
3303 1645 3489 1699 tertio.

252 1735 488 1808 καιρὸν,
544 1737 606 1790 ὃν
662 1737 859 1806 φωλεῖο
899 1738 1026 1790 ὅταν
1069 1737 1125 1790 δὲ
1165 1736 1400 1808 ἐκθρέψῃ
1449 1737 1618 1808 τρίτῳ
1666 1735 1826 1806 μηνὶ,

252 1801 538 1883 ἐκϐαίνειν
571 1801 685 1901 ἤδη-
704 1828 797 1882 τοῦ
832 1828 1009 1900 ἔαρος.
1042 1827 1227 1882 Ταῦτα
1253 1801 1297 1882 δ’
1323 1801 1499 1881 έιὲεὼηὶ
1513 1829 1570 1880 ἐν
1589 1801 1830 1897 -ἐϐδόμῳ,
1860 1801 1910 1862 Β

1938 1738 2170 1810 Haecque
2196 1739 2357 1794 habet
2377 1739 2431 1792 in
2456 1740 2706 1809 septimo.
2723 1737 2960 1792 Rursum
2981 1738 3034 1790 in
3060 1743 3254 1792 octavo
3277 1735 3489 1806 inquit,

1935 1845 2000 1886 eo
2033 1837 2276 1900 tempore
2306 1845 2490 1884 ursam
2522 1829 2656 1885 eniti
2678 1869 2694 1894 ,
2738 1829 3036 1899 tandiuque
3079 1828 3276 1891 latere,
3312 1827 3489 1897 quoad
3518 1880 3527 1889 ,

1935 1930 2148 1991 tempus
2178 1921 2284 1990 sit,
2316 1927 2378 1974 ut
2407 1936 2538 1976 suos
2571 1920 2782 1976 catulos
2814 1920 2870 1974 in
2904 1927 3151 1990 apertum
3185 1917 3489 1988 producat;

1935 2012 2098 2081 idque
2132 2026 2306 2066 verno
2333 2021 2612 2080 tempore,
2647 2025 2836 2066 mense
2864 2024 2894 2063 a
2927 2010 3121 2064 bruma
3156 2008 3318 2063 tertio
3355 2006 3490 2062 ﬁeri.

1935 2103 2203 2170 Quocirca
2231 2103 2347 2160 sive
2375 2103 2676 2158 audiendus
2707 2118 2830 2159 cum
2860 2102 3019 2165 dicit,
3053 2116 3243 2172 parere
3271 2099 3433 2156 tertio
3466 2113 3498 2154 ε

1933 2195 2129 2250 bruma
2175 2208 2394 2260 mense,
2429 2193 2544 2249 sive
2592 2209 2716 2247 cum
2759 2195 3058 2265 producere
3090 2207 3218 2246 suos
3264 2190 3402 2246 fetus
3429 2189 3498 2242 ab

1933 2285 2262 2356 aequinoctio
2288 2299 2454 2340 verno
2486 2284 2648 2340 tertio
2673 2299 2858 2339 mense
2884 2301 2898 2350 ;
2926 2291 3159 2351 utroque
3181 2297 3311 2336 sane
3336 2279 3498 2334 modo

1934 2376 2410 2447 Elaphebolionem
2445 2376 2795 2432 hibernorum
2825 2375 3094 2432 mensium
3125 2375 3374 2428 ultimum
3397 2413 3412 2438 ,
3443 2378 3498 2427 et

1935 2469 2158 2524 tertium
2187 2483 2309 2524 esse
2336 2468 2618 2540 contingit.
2651 2467 2848 2523 Parere
2877 2467 3022 2523 enim
3051 2467 3126 2520 ait
3153 2480 3250 2536 per
3276 2465 3331 2520 id
3361 2471 3496 2519 temo

1935 2577 2039 2632 pus
2066 2575 2175 2632 quo
2206 2562 2376 2628 latet;
2410 2561 2580 2616 latent
2605 2575 2734 2615 vero
2760 2559 3042 2615 terrestria
3070 2563 3268 2611 cuncta
3298 2555 3495 2620 hieme,

1936 2661 1998 2706 ut
2025 2651 2096 2706 ab
2124 2666 2190 2706 eo
2223 2651 2426 2706 dictum
2457 2657 2541 2705 est
2576 2650 2630 2704 in
2658 2656 2870 2704 octavo.
2911 2649 3186 2704 Hibernos
3215 2655 3300 2704 est
3333 2648 3499 2719 igitur

1936 2743 2366 2814 Elaphebolion,
2423 2757 2532 2813 quo
2575 2756 2760 2797 mense
2819 2754 2948 2795 ursa
3002 2748 3243 2794 ventrem
3301 2747 3497 2810 gestat.

1934 2836 2098 2908 Atqui
2145 2851 2252 2891 non
2309 2836 2552 2906 primus,
2609 2849 2716 2890 non
2766 2831 3076 2896 secundus,
3109 2847 3240 2903 ergo
3281 2833 3499 2887 tertius.

1938 2927 2218 2999 Siquidem
2251 2928 2380 2984 anni
2415 2927 2828 3000 tempestatibus
2877 2925 3018 2980 terni
3070 2940 3286 2981 menses
3332 2923 3501 2980 ascri-

1934 3022 2155 3078 buntur.

349 3114 582 3184 Ἐφεξῆς
629 3112 674 3164 δ’
727 3109 1147 3181 Ἐλαφηϐολιῶνι
1190 3106 1536 3178 Μουνυχιὼν⁸
1584 3106 1836 3179 τέταρτος

2007 3111 2310 3168 Continens
2341 3117 2427 3167 est
2477 3125 2606 3166 vero
2656 3108 3067 3180 Elaphebolioni
3125 3103 3500 3177 Munychion;

274 3209 370 3281 μὲν
395 3207 506 3280 γὰρ
541 3207 638 3260 ἀπ’
678 3203 1133 3275 Ἐλαφηϐολιῶνος
1160 3199 1547 3273 Σκιροφοριὼν,
1575 3199 1753 3271 τρίτος
1781 3198 1837 3252 δὲ

272 3300 378 3354 ἀπὸ
403 3296 810 3368 Μουνυχιῶνος.
829 3294 1201 3365 Ἀριστοτέλης
1228 3295 1286 3347 ἐν
1303 3295 1370 3364 τῇ
1387 3292 1523 3363 αὐτῇ
1543 3309 1609 3344 πε
1617 3291 1672 3363 pl.
1687 3289 1839 3356 ζώων

273 3391 484 3463 ίστορίᾳ
532 3384 639 3444 ὦδε
700 3385 1202 3459 καταριθμούμενος
1247 3385 1472 3455 τέταχε⁹
1530 3402 1548 3434 ι
1585 3382 1840 3435 Τίκτουσι

272 3481 315 3534 δ’
340 3483 388 3536 οἰ
416 3483 664 3536 πλεῖστοι
684 3480 793 3533 τῶν
826 3478 1021 3546 ἰχθύων
1045 3481 1102 3532 ἐν
1125 3477 1258 3548 μησί
1281 3478 1446 3549 τρισὶ,
1479 3473 1838 3546 Μουνυχιῶνι,

274 3573 366 3626 καὶ
401 3572 777 3648 Θαργηλιῶνι,
803 3573 897 3625 κα)⁸
927 3569 1338 3641 Σκιροφοριῶνι.
1369 3588 1387 3620 ι
1413 3568 1760 3639 Δημοσθένης
1787 3568 1842 3620 δὲ

276 3665 332 3716 ὲν
377 3665 455 3735 τῷ
485 3663 633 3732 Περὶ
673 3661 1150 3732 παραπρεσϐείας
1181 3659 1347 3730 λόγῳ’
1387 3677 1406 3710 ι
1436 3659 1501 3711 Ἦ
1537 3659 1635 3728 μὲν
1666 3658 1843 3710 τοίνυν

277 3757 490 3828 εἰρήνη,
530 3775 550 3808 ι
601 3755 786 3825 φησὶν,
825 3771 844 3805 ι
892 3750 1350 3822 Ἐλαφησολιῶνος
1399 3749 1533 3822 ἕκτῃ
1578 3749 1670 3802 ἐπὶ
1713 3747 1844 3802 δέκα

279 3846 526 3915 ἐγένετο·
572 3845 1002 3916 ἀπεδημήσαμεν
1036 3843 1092 3896 δέ
1129 3844 1290 3913 ἡμεῖς
1343 3841 1436 3894 ἐπὶ
1479 3842 1604 3904 τοὺς
1651 3840 1844 3912 ὅρκους

278 3942 425 4009 τρεῖς
469 3939 628 4002 ὅλους
659 3937 855 4009 μῆνας.
894 3936 1002 3991 Καὶ
1043 3934 1229 3987 τοῦτον
1269 3935 1484 3988 ἅπαντα
1537 3931 1626 3987 τὸν
1657 3933 1844 4004 χρόνον

281 4025 418 4100 ἦσαν
450 4031 500 4084 οἱ
533 4030 739 4092 Φωκεῖς
774 4027 920 4082 σῶοι.
950 4027 1192 4097 Ἤκομεν
1214 4025 1270 4078 δὲ
1302 4025 1408 4078 ἀπὸ
1430 4025 1528 4094 τῆς
1554 4023 1846 4095 πρεσϐείας

283 4122 378 4191 τῆς
410 4123 503 4176 ἐπὶ
555 4122 680 4184 τοὺς
711 4121 907 4191 ὅρκους
948 4118 1104 4191 τρίτῃ
1139 4117 1231 4170 ἐπὶ
1272 4117 1402 4170 δέκα
1441 4116 1533 4170 τοῦ
1584 4117 1845 4185 Σκιροφο-

289 4215 497 4286 ριῶνος.
554 4234 572 4266 ι
624 4213 734 4267 Καὶ
787 4211 1044 4282 Αἰσχίνης
1099 4209 1156 4262 δὲ
1222 4211 1279 4262 ἐν
1332 4211 1400 4280 τῇ
1460 4207 1599 4277 Περὶ
1659 4221 1844 4275 παρα-

287 4308 606 4374 πρεσϐείας
647 4303 960 4372 ἀπολογία,
997 4300 1276 4366 ὑπειπὼν,
1321 4301 1402 4354 ὅτι
1453 4300 1516 4372 δὴ
1569 4300 1668 4370 τὴν
1726 4301 1848 4352 ἐπι-

291 4400 478 4472 στολὴν
505 4399 737 4472 γράψειε
779 4399 968 4470 Χάρης
1011 4393 1471 4467 Ἐλαφηϐολιῶνος
1514 4393 1678 4464 μηνὸς
1712 4392 1846 4463 ἕκτῃ

1939 3209 2169 3272 quartus
2201 3201 2347 3255 enim
2379 3201 2449 3256 ab
2482 3198 2903 3269 Elaphebolione
2931 3196 3321 3268 Scirophorion
3342 3235 3358 3262 ,
3388 3202 3500 3248 ter-

1937 3295 2048 3350 tius
2078 3302 2256 3350 autem
2291 3310 2319 3349 a
2354 3293 2734 3365 Munychione.
2758 3293 3078 3348 Aristoteles
3111 3292 3166 3346 in
3199 3291 3387 3347 eadem
3421 3291 3496 3346 hi-

1941 3388 2110 3445 storia
2159 3388 2228 3442 de
2275 3387 2606 3441 animalibus
2653 3386 2756 3442 hos
2796 3387 2876 3443 sic
2927 3386 3121 3442 ordine
3172 3391 3498 3440 enumerat:

1947 3499 1966 3530 ι
1993 3478 2218 3534 Pariunt
2247 3485 2394 3533 certe
2418 3479 2596 3548 pisces
2621 3477 2843 3549 plurimi
2879 3478 3056 3534 tribus
3086 3478 3171 3534 his
3197 3477 3504 3543 mensibus,
3561 3548 3568 3554 _

1943 3570 2342 3642 Hunychione,
2391 3569 2792 3641 Thargelione,
2845 3569 3285 3640 Scirophorione.
3337 3589 3356 3621 ι
3401 3567 3505 3624 De-

1943 3661 2259 3716 mosthenes
2304 3675 2434 3716 vero
2468 3663 2523 3716 in
2553 3663 2802 3716 oratione
2834 3661 2908 3714 De
2936 3662 3179 3715 ementita
3213 3658 3508 3727 legatione:

1949 3772 1966 3805 ο
1985 3749 2804 3822 .Pax(inquit)Elaphebolionis
2832 3752 3043 3808 decimo
3057 3760 3210 3806 sexto
3241 3749 3328 3806 die
3363 3749 3506 3804 facta

1943 3851 2027 3899 est
2058 3861 2070 3897 :
2105 3857 2267 3914 porro
2300 3851 2409 3898 tres
2455 3843 2696 3913 integros
2740 3858 2956 3899 menses
3009 3842 3075 3896 ad
3119 3841 3517 3912 jusjurandum.

1945 3933 2318 4003 recipiendum
2354 3946 2582 4003 peregre
2616 3931 2927 3997 abfuimus,
2965 3931 3126 4000 idque
3159 3936 3332 3983 totum
3367 3937 3508 3982 tem-

1945 4041 2047 4096 pus
2074 4025 2206 4080 salvi
2239 4023 2390 4080 fuere
2422 4023 2732 4080 Phocenses
2759 4041 2774 4089 ;
2806 4022 3174 4092 rediimusque
3195 4021 3262 4076 ab
3282 4035 3348 4076 ea
3366 4019 3516 4089 lega-

1949 4117 2094 4171 tione
2123 4115 2190 4170 de
2217 4115 2610 4186 jurejurando,
2641 4115 2854 4170 decimo
2887 4114 3048 4169 tertio
3085 4113 3173 4168 die
3214 4110 3511 4181 Sciropho~

1947 4209 2138 4263 rionis.
2188 4227 2206 4258 ι
2255 4206 2320 4260 Et
2371 4206 2663 4262 Aischines
2713 4220 2844 4261 vero
2898 4206 2954 4259 in
3003 4204 3313 4272 Defensione
3361 4202 3510 4271 falsa

1948 4298 2224 4367 legationis
2248 4335 2266 4361 ,
2315 4310 2438 4351 cum
2471 4303 2596 4350 ante
2629 4295 2888 4357 dixisset,
2922 4292 3210 4363 epistolam
3245 4305 3341 4359 per
3367 4287 3511 4343 Cha-

1949 4389 2116 4444 retem
2148 4388 2406 4456 scriptam
2433 4401 2554 4442 esse
2581 4393 2734 4441 sexto
2758 4386 2859 4442 sub
2886 4385 3044 4438 ﬁnem
3071 4371 3513 4452 Elapheholionis

290 4489 584 4559 φθίνοντος,
623 4490 894 4560 ἐπήνεγκε
942 4487 1094 4540 τάδε·
1139 4506 1158 4538 ι
1201 4484 1484 4547 Ἀκούετε,
1526 4484 1608 4536 ὅτι
1640 4484 1824 4536 Μουνυ

1955 4481 2072 4545 die,
2105 4479 2219 4534 haec
2247 4478 2479 4534 subinde
2510 4477 2690 4532 intulit
2725 4496 2738 4531 :
2774 4495 2793 4528 ι
2820 4475 3040 4531 Auditis
3069 4472 3326 4546 (inquit)
3357 4486 3514 4541 roga-

290 4581 480 4652 xtt'bvog
523 4580 794 4651 ἐψηφίσθη
830 4577 985 4650 τρίτῃ
1033 4577 1348 4648 ἱσταμένου·
1390 4578 1418 4628 ὁ
1456 4575 1512 4628 δέ
1546 4574 1848 4646 Κερσοκλέ-

292 4685 431 4745 πτης
461 4675 655 4736 πόσαις
686 4671 950 4743 πρότερον
993 4671 1226 4741 ἡμέραις
1257 4667 1509 4723 ἀπώλεσε
1558 4669 1658 4740 τὴν
1704 4667 1850 4740 Θρᾴ-

293 4776 414 4833 κην,
446 4765 573 4836 πρὶν
619 4763 717 4832 ἐμὲ
746 4762 996 4826 ἀπιέναι;
1027 4759 1102 4823 ὥς
1148 4777 1280 4830 φησι
1314 4759 1501 4830 Χάρης
1530 4757 1848 4830 στρατηγὸς,

295 4857 388 4908 καὶ
438 4857 726 4927 ἐπιστολὴ,
752 4854 845 4908 τοῦ
881 4853 1146 4925 προτέρου
1185 4853 1381 4924 μηνόςο
1427 4851 1583 4924 εἴπερ
1625 4851 1853 4924 Ἐλαφηο

299 4947 484 5004 ϐολιὼν
512 4953 624 5004 ἐστι
655 4946 1034 5018 Μουνυχιῶνος
1068 4946 1346 5017 πρότερος.
1382 4965 1398 4997 ι

411 5087 532 5138 Ὅτι
559 5085 688 5154 περί
719 5077 1112 5150 Μουνυχιῶνα
1140 5081 1178 5147 ἠ
1210 5065 1416 5146 ἐαρὶνὴ
1443 5077 1734 5147 ἰσημεριά.

367 5228 436 5278 Δ’.
475 5227 638 5298 Δῆλον
669 5226 724 5280 δὲ
750 5222 892 5279 τοῦτ’
927 5221 1057 5274 αὐτὸ
1085 5221 1178 5274 καὶ⁹
1209 5221 1273 5272 ἐκ
1297 5218 1390 5272 τοῦ
1417 5218 1525 5271 δεῖν
1560 5219 1704 5288 μῆνα
1735 5235 1856 5270 συν-

302 5317 396 5386 εχῆ
421 5313 576 5379 εἷναι,
604 5318 731 5389 περ)⁸
755 5317 812 5369 ὃν
839 5312 1096 5384 ἰσημερία
1121 5312 1328 5382 ἐαρινή.
1347 5311 1482 5380 Περὶ
1502 5309 1856 5379 Μουνυχιῶνα

301 5405 356 5458 δὲ
385 5408 536 5480 αὕτη.
554 5410 894 5479 Θεόφραστος
915 5405 1024 5474 γὰρ
1057 5407 1113 5455 ἐν
1144 5405 1256 5462 τοῖς
1284 5403 1466 5464 αὐτοῖς
1492 5401 1618 5472 περὶ
1639 5399 1854 5470 ἀροτοῦ,

305 5496 486 5569 ὥσπερ
509 5501 615 5554 ἀπὸ
636 5498 850 5570 τροπῶν
882 5485 1017 5550 εἷναί
1041 5511 1173 5565 φησι
1190 5493 1287 5563 τὴν
1313 5493 1486 5564 ἀρχὴν
1504 5490 1596 5545 τοῦ
1619 5491 1854 5562 πρώτου,

307 5589 394 5640 καὶ
421 5589 666 5662 δευτέρου
700 5590 806 5642 τῶν
825 5587 1053 5660 ἀροτῶν,
1076 5586 1150 5650 ὡς
1179 5585 1272 5638 καὶ
1295 5584 1392 5655 τὴν
1420 5582 1512 5636 τοῦ
1544 5583 1724 5653 τρίτου
1752 5585 1859 5637 ἀπὸ

311 5680 591 5754 ἰσημερίας
624 5683 844 5754 ἐαρινῆς
873 5677 1011 5734 εἶναι
1048 5676 1452 5748 ἐνδεικνύμενος
1474 5693 1485 5706 ο
1517 5696 1542 5726 ι’
1572 5675 1736 5747 Ἀρχὴ
1765 5674 1856 5727 τοῦ

310 5771 506 5837 τοίτου,
539 5795 555 5827 ι
591 5775 774 5837 φησὶν,
810 5793 827 5826 ι
847 5773 904 5827 ὃν
934 5769 1153 5828 καλοῦσι
1181 5768 1410 5837 θερινὸν,
1451 5767 1854 5834 Μουνυχιῶνος·

1953 4573 2154 4628 tionem
2186 4572 2240 4626 in
2271 4571 2471 4642 populo
2505 4570 2699 4625 scitam
2731 4567 2904 4622 fuisse
2933 4567 3102 4623 tertio
3134 4563 3515 4634 Munychiouis

1953 4665 2077 4721 die:
2108 4679 2296 4720 verum
2329 4669 2462 4732 quot
2488 4661 2640 4732 prius
2683 4660 2874 4716 diebus
2918 4657 3295 4728 Cersocleptes
3341 4654 3516 4708 Thra-

1952 4758 2092 4813 ciam
2126 4755 2337 4822 amisit,
2366 4769 2528 4824 quam
2557 4753 2674 4822 ipse
2699 4752 2904 4806 abirem
2922 4791 2936 4816 ,
2963 4757 3034 4804 uL
3054 4756 3283 4804 testatur
3310 4745 3528 4824 Chares.

1956 4849 2274 4918 imperator,
2304 4855 2356 4900 et
2385 4822 2652 4912 epistola,
2707 4842 2976 4912 superiori
3029 4855 3216 4895 mense
3262 4822 3512 4909 epistola.

1952 4917 2090 4996 Nam
2122 4947 2274 4996 certe
2301 4936 2693 5008 Elaphebolion
2721 4935 3085 5007 Munychione
3115 4933 3282 5003 prior.
3301 4917 3364 5008 ⁵ι’
3456 4952 3513 4991 ὀ

1959 5077 2114 5145 Quod
2152 5077 2296 5129 circa
2333 5072 2735 5144 Munychionem
2772 5071 2842 5126 sit
2881 5086 3091 5125 vernum
3125 5067 3515 5138 trqttinoctt‘um.

2029 5212 2117 5268 iV.
2158 5211 2276 5266 lam
2311 5226 2441 5265 vero
2476 5209 2529 5263 id
2563 5210 2739 5280 ipsum
2771 5213 2986 5262 constat
3012 5187 3079 5259 ex
3105 5220 3171 5259 eo
3207 5202 3352 5274 quod
3395 5202 3521 5255 Eia.

1958 5303 2268 5376 phebolioni
2303 5318 2424 5357 eum
2458 5315 2707 5358 mensem.
2729 5301 3053 5355 continuum
3080 5312 3203 5352 esse
3235 5302 3520 5365 oporteat,

1956 5397 2104 5451 circa
2159 5409 2319 5464 quem
2368 5392 2440 5448 sit
2489 5390 2873 5462 :cquinoc'tium
2916 5404 3166 5442 vernum.
3219 5387 3288 5440 At
3346 5386 3522 5455 ipsum

1959 5489 2105 5543 circa
2135 5485 2554 5557 Munychionem
2585 5490 2692 5538 cst.
2725 5481 2861 5537 Nam
2892 5480 3302 5551 Theophrastus
3334 5476 3524 5532 eodem

1959 5596 2068 5652 quo
2098 5593 2263 5650 supra
2298 5577 2364 5632 de
2397 5583 2638 5632 semente
2669 5575 2828 5640 loco,
2873 5570 3328 5643 quemadmodum
3373 5567 3527 5638 prin-

1959 5673 2160 5745 cipium
2190 5669 2451 5726 sementis
2476 5669 2678 5737 primae.
2694 5673 2748 5723 et
2778 5664 3030 5722 secundae
3058 5664 3130 5718 ab
3155 5670 3386 5732 utroque
3417 5659 3526 5714 sol-

1961 5765 2109 5822 stitio
2139 5775 2258 5818 esse
2289 5759 2448 5824 dicit,
2483 5759 2556 5813 ita
2587 5765 2640 5813 et
2670 5756 2838 5813 tertiae
2868 5763 2990 5827 post
3028 5765 3249 5811 vernum
3280 5749 3494 5820 mquino
