3950 6266
442 344 577 401 H73

1421 342 1513 399 AD
1551 342 1814 401 EUSEBII
1846 342 2242 402 CHRONICON
2287 338 2650 399 APPENDIX.

3531 342 3671 402 11Ἱῦ

438 466 606 523 ctium
639 463 725 520 his
753 464 933 523 verbis
958 465 1234 523 ostendit:
1266 483 1286 518 ι
1308 464 1643 537 Principium
1667 468 1814 522 tertii
1849 477 2002 524 satus

2105 469 2163 520 ἐν
2192 458 2236 534 ᾧ
2263 467 2544 538 σπείρεται
2577 465 2779 527 σίκυος,
2816 462 3134 535 κολοκύνθη,
3164 461 3360 535 βλίτον.
3391 483 3411 516 ι
3458 463 3536 517 Οὔ
3571 462 3677 536 μὴν

440 555 663 627 (inquit)
685 571 846 627 quem
870 556 1115 611 aestivum
1136 564 1352 621 vocant,
1377 563 1462 612 est
1479 555 1869 630 Munychione-z
1894 574 2003 628 quo

439 658 684 721 tempore
707 650 909 705 seritur
930 649 1197 713 cucumis,
1221 650 1523 713 cucurbita,
1549 649 1764 704 blitum.
1789 669 1808 701 ι
1861 649 2002 716 Quin

437 745 601 797 etiam
644 743 822 814 pisces
860 742 1125 813 plurimos
1159 742 1314 812 juxta
1344 743 1728 811 aequinoctium
1771 757 2001 797 vernum

439 849 632 906 parere
677 836 752 888 ait
800 834 1160 889 Aristoteles:
1194 841 1247 887 et
1279 832 1510 904 plurima
1543 849 1609 887 ex
1643 838 1795 903 parte
1825 833 2003 886 tribus

441 927 527 981 bis
557 924 839 981 mensibus
860 965 875 990 ,
907 931 968 979 ut
1000 924 1203 979 dictum
1237 929 1355 986 est,
1393 921 1793 994 Munycltione,
1829 923 2004 977 Thar-

439 1018 654 1088 gclione
679 1057 695 1082 ,
730 1015 1170 1086 Scirophorione.
1219 1013 1294 1069 Eo
1327 1014 1384 1069 iit
1416 1023 1475 1068 ut
1504 1017 1652 1070 circa
1684 1014 2003 1086 Munychio-

440 1125 562 1164 nem
594 1110 663 1165 sit
694 1124 919 1163 vernum
960 1107 1376 1179 aequinoctium,
1424 1116 1477 1163 et
1520 1108 2000 1177 Elapbebolionem

439 1201 621 1256 statim
654 1199 979 1272 Munycliion
1014 1208 1399 1269 consequatur.
1435 1199 1701 1254 Caeterum
1733 1206 1858 1269 post
1887 1197 2004 1252 Mu-

439 1291 763 1363 nychioan
815 1291 1076 1347 continuo
1126 1289 1539 1361 Thargelionem
1593 1307 1753 1355 esse,
1805 1290 2003 1346 deinde

440 1381 954 1451 Scirophorionem,
1017 1396 1122 1435 non
1181 1381 1341 1436 modo
1385 1398 1451 1436 ex
1507 1382 1574 1437 iis
1617 1382 2000 1448 manifestum,

435 1488 556 1543 quae
580 1487 724 1526 nunc
744 1488 810 1526 ex
834 1471 1125 1527 Aristotele
1149 1472 1431 1528 retulimus
1458 1491 1472 1538 ;
1500 1473 1593 1528 scd
1621 1490 1685 1529 ex
1709 1474 1776 1528 iis
1799 1474 1962 1533 etiam
1983 1513 1999 1539 ,

436 1578 556 1633 quae
588 1563 655 1617 ab
683 1561 802 1632 ipso
830 1561 970 1616 dicta
1004 1561 1162 1634 156
1193 1572 1320 1617 sunt
1353 1564 1419 1618 de
1451 1564 1656 1626 bobus,
1695 1573 1749 1620 et
1783 1566 1960 1621 cervis
1983 1604 1999 1630 ,

435 1653 489 1706 in
523 1652 714 1707 iisdem
761 1653 916 1708 libris
950 1652 1019 1709 de
1061 1654 1407 1710 animalibus.
1440 1673 1457 1706 ι
1511 1655 1693 1715 Bobus
1745 1655 1999 1727 (inquit)

435 1744 649 1799 initium
698 1746 877 1801 coitus
922 1753 1007 1802 est
1055 1761 1241 1802 mense
1291 1745 1650 1816 Thargelione
1703 1754 1757 1803 et
1814 1746 2000 1802 Seiro-

435 1935 757 1983 antumnum
788 1928 1019 1984 coeundi
1053 1937 1262 1999 tempus
1311 1930 1605 1985 deducunt.
1647 1948 1665 1980 ι
1693 1929 1758 1984 Ει
1809 1922 2003 1986 εει-ἑοε

434 2030 693 2090 pmterea
729 2035 935 2076 cornua
965 2021 1214 2076 amittere
1246 2020 1384 2076 dicit
1407 2036 1596 2077 mense
1623 2020 2000 2092 'l'ltargelione.

432 2109 490 2165 1d
517 2126 646 2165 vero
677 2126 864 2166 mense
891 2111 1034 2166 veris
1058 2110 1300 2165 secundo
1327 2111 1576 2165 accidere
1607 2109 2000 2180 conspicimus.

435 2200 637 2257 Eodem
670 2218 833 2271 porro
860 2202 1096 2273 pertinet
1122 2202 1282 2257 etiam
1315 2203 1444 2257 illud
1470 2242 1484 2267 ,
1516 2202 1662 2273 quod
1696 2203 1751 2257 in
1783 2217 1849 2258 eo
1875 2218 2005 2272 ope-

434 2311 528 2358 re,
560 2295 701 2365 quod
731 2296 894 2349 Μετὰ
924 2293 995 2348 τὰ
1026 2292 1255 2364 φυσικά
1285 2294 1603 2365 inscripsit,
1648 2312 1665 2346 ι
1696 2294 2003 2365 navigatio—

436 2402 559 2442 nem
585 2407 603 2440 ι
630 2387 819 2442 scribit
846 2406 863 2437 ι
893 2384 1005 2441 ﬁeri
1032 2386 1101 2440 ab
1123 2386 1469 2455 aequinoctio,
1495 2405 1512 2438 ι
1535 2394 1584 2441 et
1610 2405 1628 2437 ι
1653 2402 1716 2441 ex
1733 2385 2005 2458 Dionysiis

435 2477 723 2548 Thargelia
755 2477 927 2533 festa:
965 2498 983 2531 ι
1017 2477 1160 2548 quod
1206 2477 1321 2532 haec
1367 2488 1517 2532 certe
1568 2486 1690 2547 post
1722 2476 2003 2551 Dionysia.

435 2570 662 2624 Constat
692 2571 833 2624 enim
865 2569 1084 2625 solitum
1113 2569 1378 2626 celebrari
1404 2567 1603 2625 Libero
1633 2572 1771 2641 patri
1806 2571 2007 2626 festum

436 2677 622 2717 mense
652 2661 1031 2732 Munychione,
1083 2663 1299 2717 circiter
1322 2662 1707 2732 azquinoctium
1754 2678 2003 2717 vernant.

439 2749 921 2821 Scirophorionem
952 2766 1081 2808 vero
1110 2766 1235 2806 mox
1265 2766 1386 2807 esse
1428 2758 1551 2822 post
1591 2750 2005 2822 Thargelionem

437 2850 667 2898 testatur
697 2841 1107 2914 Theophrastus
1152 2844 1207 2899 in
1250 2844 1442 2899 iisdem
1488 2843 1646 2900 libris
1690 2843 1756 2900 de
1803 2846 2006 2914 plantis

435 2935 665 2990 dicens:
701 2952 719 2985 ι
751 2933 947 2989 Pinum
968 2975 981 3000 ,
1018 2935 1245 2991 abietem
1269 2975 1284 3000 ,
1320 2936 1490 2990 robur
1524 2936 1886 2992 intermittere
1920 2939 2006 2992 in—

437 3035 806 3089 crementnm,
860 3032 1124 3096 ternaque
1175 3024 1337 3085 edere
1386 3025 1671 3096 germina:
1727 3027 2002 3096 primum,

2108 555 2247 610 ἀλλὰ
2282 556 2377 609 καὶ
2423 554 2530 608 τῶν
2567 553 2762 625 ἰχθύων
2808 554 2932 617 τοὺς
2977 551 3258 617 πλείστους
3302 553 3509 606 τίκτειν
3547 555 3678 624 περὶ

2107 646 2327 718 ἐαρινὴν
2351 647 2635 718 ἰσημερίαν
2672 643 3049 716 Ἀριστοτέλης
3081 645 3211 714 φησί
3232 660 3247 676 ο
3279 646 3406 708 τοὺς
3435 643 3493 698 δέ
3523 645 3676 697 τελεία

2110 756 2267 805 στους
2306 740 2398 794 καὶ
2444 742 2500 793 ἐν
2531 740 2681 813 τρισὶ
2718 738 2873 809 μησὶ,
2909 737 3272 809 Μουνυχιῶνι,
3302 736 3675 808 Θαργηλιῶνι,

2107 833 2515 905 Σκιροφοριῶνι,
2547 832 2623 896 ὡς
2656 832 2888 902 εἴρηται.
2920 831 3127 883 Οὐκοῦν
3156 830 3283 901 περί
3313 830 3680 900 Μουνυχιῶνα
3732 904 3739 909 ο

2105 927 2138 996 ἡ
2173 924 2360 996 ὲαρινὴ
2392 924 2669 996 ίσημερία,
2703 924 2796 976 καὶ
2839 922 3034 993 ἐφεξῆς
3067 922 3491 994 Ἐλαςρηϐολιῶνι
3533 924 3682 976 Μου-

2104 1015 2321 1088 νυχιὼν.
2372 1016 2527 1070 Μετὰ
2577 1016 2633 1068 δὲ
2670 1014 3026 1085 Μουνυχιῶνα
3079 1014 3237 1079 εὐθὺς
3268 1011 3405 1069 εἷναι
3456 1015 3679 1086 Θαργη-

2104 1110 2288 1173 λιῶνα,
2329 1104 2445 1161 εἶτα
2471 1106 2900 1180 Σκιροφοριῶνα,
2935 1106 3182 1176 ἐπίδηλον
3213 1108 3311 1160 οὐκ
3340 1109 3405 1160 ἐκ
3445 1107 3556 1160 τῶν
3583 1108 3678 1160 νῦν

2103 1200 2166 1271 δὴ
2205 1200 2507 1271 εἰρημένων
2547 1198 2951 1270 Ἀριστοτέλους
2981 1199 3160 1269 μόνον,
3188 1198 3323 1252 ἀλλὰ
3351 1201 3448 1252 καὶ
3478 1200 3544 1251 ἐκ
3569 1199 3678 1252 τῶν

2103 1290 2398 1362 λεχθέντων
2428 1288 2570 1359 αὐτῷ
2598 1289 2727 1360 περὶ
2753 1289 2890 1360 βοῶν
2915 1290 3009 1343 καὶ
3036 1289 3247 1358 ὲλάερων
3274 1291 3331 1342 ὲν
3352 1292 3467 1352 τοῖς
3494 1290 3676 1351 αὐτοῖς

2104 1384 2230 1456 περὶ
2270 1381 2423 1446 ζώων
2468 1381 2888 1454 ἱστορουμένοις.
2920 1400 2937 1433 ι
2966 1382 3253 1452 Ἀρχονται
3292 1383 3391 1451 τῆς
3429 1381 3675 1451 ὀχείας,›

2103 1475 2294 1547 φησὶν,
2328 1475 2430 1527 (ιαί
2465 1472 2589 1543 βοῦς
2620 1473 2748 1543 περὶ
2777 1473 2866 1526 τὸν
2895 1472 3247 1545 Θαργηλιῶνα
3279 1473 3425 1545 μῆνα
3459 1474 3559 1526 καὶ
3583 1474 3675 1528 τὸν

2106 1565 2512 1640 Σκιροφοριῶνα
2561 1566 2617 1618 αἰ
2662 1565 2938 1618 πλεῖσταιο
2989 1564 3050 1616 οὐ
3092 1563 3195 1636 μὴν
3244 1564 3359 1617 ἀλλ’
3390 1563 3534 1617 ἔνιαι
3582 1563 3676 1616 καὶ

2109 1657 2270 1730 μέχρι
2298 1656 2391 1711 τοῦ
2440 1654 2754 1728 μετοπώρου
2797 1657 3134 1711 κυΐσκονται.
3170 1675 3187 1706 ι
3217 1657 3327 1709 Καὶ
3379 1658 3510 1719 τοὺς
3549 1655 3676 1708 ἐλάα

2058 1802 2063 1807 .
2105 1768 2236 1821 (pou;
2264 1751 2319 1804 δὲ
2349 1749 2673 1804 ἀποϐάλλειν
2698 1748 2825 1820 περί
2853 1747 3209 1820 Θαργηλιῶνα
3244 1747 3311 1802 τά
3345 1747 3553 1819 κέρατα
3590 1747 3678 1801 λέ-

434 1837 695 1905 pborione
739 1837 1011 1907 plurimis.
1067 1836 1171 1894 Sed
1218 1839 1495 1894 nonnullae
1538 1839 1697 1893 etiam
1731 1853 1905 1908 usque
1935 1838 2001 1892 ad
2032 1829 2074 1883 Β

2103 1861 2222 1914 γειθ
2256 1843 2412 1898 τοῦτο
2452 1845 2507 1897 δὲ
2547 1844 2780 1915 δευτέρῳ
2813 1845 2942 1915 μηνὶ
2979 1843 3088 1896 τῶν
3120 1840 3347 1913 ἐαρινῶν
3379 1842 3678 1912 συμϐαῖνον

2101 1936 2335 2009 ὁρῶμεν.
2372 1937 2467 2000 Εἰς
2492 1936 2657 1988 ταυτὸ
2696 1934 2753 1988 δὲ
2787 1935 2948 1989 τείνει
2978 1936 3070 1987 καὶ
3097 1934 3156 1987 τὸ
3184 1936 3240 1987 ἐν
3264 1936 3375 1997 τοῖς
3398 1931 3563 1987 Μετὰ
3603 1933 3678 1987 τὰ

2101 2030 2330 2101 φυσικὰ
2354 2029 2516 2102 ῥηθέν
2534 2047 2548 2060 ⁶
2578 2030 2659 2085 ὅτι
2694 2051 2713 2083 ι
2736 2029 2796 2096 ἐξ
2827 2030 3113 2101 ἰσημερίας
3141 2028 3354 2096 ἐγένετο
3377 2028 3405 2079 ὁ
3433 2023 3625 2087 πλοῦς,
3649 2042 3673 2075 υ

2102 2123 2197 2177 καὶ
2226 2141 2244 2172 ι
2276 2123 2339 2179 ἐκ
2367 2122 2652 2177 Διονυσίων
2681 2120 2958 2193 Θαργήλια
2981 2137 2994 2149 ·
3033 2139 3051 2171 ι
3086 2118 3216 2171 διότι
3253 2115 3390 2187 μετά
3434 2116 3505 2168 τὰ
3553 2116 3671 2166 Διο-

2102 2212 2281 2268 νύσια.
2306 2214 2473 2285 Δῆλον
2499 2213 2626 2284 γὰρ,
2659 2213 2742 2265 ὅτι
2785 2209 3165 2280 Μουνυχιῶνος
3191 2209 3282 2260 καὶ
3311 2205 3441 2276 περὶ
3479 2207 3677 2273 ἰσημε-

2104 2305 2226 2378 ρίαν
2266 2304 2483 2377 ἐαρινὴν
2513 2305 2675 2375 ῆγετο
2703 2302 2999 2374 Διονύσῳή
3040 2302 3220 2372 ἑορτή.
3266 2295 3677 2369 Σκιροφοριῶνι

2101 2354 2486 2467 3525221924
2521 2354 2869 2468 3499,};th
2912 2354 3303 2466 μαρτυρεῖ.καί
3332 2354 3841 2460 θέέέοέκισεντθ

2104 2494 2161 2547 ἐν
2200 2495 2311 2557 τοῖς
2354 2494 2535 2556 αὐτοῖς
2570 2492 2696 2563 περί
2731 2489 2945 2559 φυτῶν,
2985 2486 3189 2555 λέγων·
3242 2504 3259 2536 ι
3294 2472 3549 2552 Πεύκην,
3580 2480 3675 2535 καὶ

2105 2584 2338 2654 ἐλάτην,
2396 2584 2492 2637 καὶ
2548 2581 2679 2654 δρῦν
2736 2578 3031 2633 διαλείπειν
3092 2577 3219 2648 περὶ
3266 2574 3364 2645 τὴν
3411 2572 3671 2643 αὔξησιν,

2106 2674 2199 2729 καὶ
2229 2675 2377 2746 τρεῖς
2426 2672 2640 2742 ἀφιέναι
2670 2670 2960 2742 βλαστούςσ
2997 2669 3088 2722 τὸν
3118 2668 3215 2739 μὲν
3253 2665 3466 2738 πρῶτον
3502 2665 3675 2736 ἄκρον

2104 2763 2284 2837 ἔαρος,
2319 2763 2480 2828 εὐθὺς
2536 2762 2825 2833 ἱσταμένου
2875 2760 2968 2814 τοῦ
3005 2757 3421 2830 Θαργηλιῶνος·
3479 2757 3574 2811 τὸν
3616 2755 3673 2810 δέ

2103 2857 2355 2927 δεύτερον
2411 2854 2759 2917 διαλιπούσας
2826 2852 2954 2924 περὶ
3015 2851 3338 2922 τριάκοντα,
3390 2849 3422 2920 ἢ
3493 2844 3678 2920 μικρῷ

2108 2947 2323 3011 πλείους
2347 2947 2560 3018 ἡμέρας
2588 2943 2972 2999 ἐπιϐάλλεσθαι
2998 2943 3124 3014 περί
3151 2942 3241 2996 τὸν
3265 2939 3673 3011 Σκιροφοριῶνα

2111 3041 2252 3113 μῆνα
2281 3040 2511 3111 λήγοντα
2529 3055 2541 3068 ο
2576 3038 2667 3090 τὸν
2696 3037 2765 3093 δὲ,
2794 3035 2973 3107 τρίτον
3006 3033 3355 3095 διαλιπούσας
3387 3033 3519 3103 περί
3548 3048 3675 3084 mv-

437 3131 654 3173 summo
685 3132 804 3172 rere
832 3117 1013 3172 statim
1033 3157 1047 3183 ,
1073 3115 1452 3187 Thargelionis
1476 3116 1665 3185 initio;
1698 3116 2002 3173 secundum

438 3204 765 3227 ε--.--...ξ--ξ-
819 3205 1003 3227 J!-L---
1060 3205 1275 3227 -2..-!n__
1312 3205 1532 3227 a..:_:_¢_
1633 3205 1714 3227 ---Ι
1755 3206 1995 3227 _---_!ll-

2106 3132 2393 3188 τεκαίδεκα
2427 3131 2639 3202 ἡμέρας
2658 3170 2674 3193 ,
2712 3127 3096 3182 ἐπιϐάλλεσθαι
3125 3125 3199 3192 ἒξ
3226 3126 3259 3195 ἢ
3290 3124 3429 3177 ἑπτὰ
3461 3125 3677 3195 ἡμέρας

438 3204 768 3260 intermissis
815 3205 1006 3261 diebus
1056 3205 1276 3260 circiter
1312 3205 1535 3276 triginta
1565 3245 1580 3268 ,
1633 3205 1716 3260 vel
1755 3206 2001 3276 pauxillo

438 3296 693 3368 pluribus
713 3297 858 3351 circa
883 3294 1359 3366 Scirophorionem
1387 3296 1720 3352 desinentem
1743 3314 1757 3363 ;
1779 3299 2001 3353 tertium

438 3387 706 3458 denique,
748 3388 1034 3456 interiecto
1071 3388 1181 3442 fere
1207 3386 1519 3457 quindecim
1551 3388 1761 3443 dierum
1800 3391 2002 3460 spatio,

438 3478 716 3544 emittere,
746 3495 846 3533 nec
872 3478 1077 3534 diutius
1101 3480 1248 3534 senis
1279 3488 1370 3533 aut
1403 3479 1644 3551 septenis
1674 3479 1869 3537 diebus
1898 3480 2005 3537 He-

438 3571 849 3626 catombazonis.
884 3590 902 3623 ι
938 3570 1260 3626 Testimonii
1319 3581 1497 3627 autem
1555 3572 1677 3628 loco
1732 3580 1815 3629 est
1872 3572 2003 3627 illud

439 3678 657 3734 quoque
702 3663 1084 3732 plebiscitum,
1130 3662 1277 3731 quod
1325 3663 1579 3733 producit
1622 3662 1916 3721 Eschines
1946 3664 2004 3718 in

438 3757 687 3810 oratione
716 3754 977 3809 adversus
1006 3752 1437 3824 Ctesiphontem.
1471 3754 1614 3813 Dicit
1640 3758 1784 3814 enim
1815 3757 2006 3815 decre-

439 3855 557 3899 tum
605 3861 729 3901 esse
768 3844 856 3900 die
902 3845 1282 3915 Thargelionis
1328 3848 1655 3916 penultimo,
1692 3857 1752 3902 ιιι
1784 3850 2004 3905 comitia

439 3932 775 3988 haberentur
800 3934 1041 3989 ineuntis
1069 3934 1511 4005 Scirophorionis
1541 3938 1780 3993 secumlo
1806 3939 1894 3994 die
1921 3941 2005 3995 vel

439 4026 627 4082 tertio.
662 4024 794 4081 Post
825 4025 1306 4096 Scir0pliorionem
1338 4042 1469 4082 vero
1502 4027 2004 4098 ilecatombaonem

438 4134 597 4183 esse,
647 4134 772 4174 cum
827 4119 882 4173 in
933 4117 1264 4188 supradictis
1294 4117 1536 4173 declarat
1564 4120 2004 4190 Theophrastus,

2115 3221 2598 3294 Ἑκατομϐαιῶνος.
2638 3240 2655 3273 ι
2693 3219 3006 3293 Μαρτὺριον
3052 3218 3108 3271 δὲ
3152 3217 3244 3271 καὶ
3283 3216 3342 3269 τὸ
3373 3217 3673 3287 ψήιρισμα,

2103 3317 2238 3387 ὅπερ
2262 3315 2521 3386 Αἰσχίνης
2539 3313 2871 3385 προφέρεται
2892 3313 2949 3364 ἐν
2964 3310 3041 3382 τῷ
3060 3309 3220 3364 Κατὰ
3246 3306 3674 3376 Κτησιφῶντος

2102 3406 2265 3476 λόγῳ.
2316 3407 2455 3477 Φησί
2511 3405 2620 3476 γάρ
2695 3402 3003 3474 γεγράφθαι
3063 3398 3443 3472 Θαργηλιῶνος
3504 3397 3673 3468 μηνὸς

2101 3495 2326 3567 δευτέρᾳ
2362 3495 2656 3564 φθίνοντος,
2681 3493 2885 3563 ἀγορὰν
2911 3493 3133 3562 ποιῆσαι
3158 3489 3264 3543 τῶν
3303 3488 3510 3558 φυλῶν,
3546 3488 3670 3541 Σκιο

2109 3584 2434 3657 ροφοριῶνος
2481 3583 2708 3655 δευτέρᾳ
2745 3582 3046 3654 ’ἱσταμένου
3089 3580 3180 3635 καί
3217 3579 3397 3652 τρίτῃ.
3454 3577 3585 3631 Ἐπὶ
3616 3575 3673 3630 δέ

2104 3674 2501 3748 Σκιροφοριῶνι,
2531 3673 2973 3745 Ἑκατομϐαιῶνα
3002 3668 3138 3726 εἶναι
3170 3671 3318 3742 δηλοῖ
3350 3672 3447 3742 μὲν
3481 3671 3577 3724 καὶ
3609 3671 3671 3723 ἐκ

2102 3767 2213 3821 τῶν
2247 3766 2339 3820 νῦν
2375 3766 2676 3838 εἰρημένων
2708 3764 3071 3836 Θεόφραστος,
3112 3764 3209 3834 οὐχ
3248 3764 3449 3833 ἥκιστα
3480 3762 3539 3816 δὲ
3577 3759 3681 3814 καὶ

2104 3858 2164 3923 ἐξ
2188 3851 2261 3912 ὧν
2285 3859 2485 3926 ἱστορεῖ
2505 3858 2635 3928 περὶ
2657 3856 2755 3926 τῆς
2774 3856 2945 3925 τομῆς
2974 3854 3066 3907 τοῦ
3086 3853 3376 3925 αὐλητικοῦ
3398 3853 3667 3924 καλάμου.

2104 3948 2266 4017 Λέγει
2289 3947 2396 4019 γὰρ
2418 3945 2522 4018 πρὸ
2556 3944 2910 4015 Ἀντιγενίδου
2937 3947 3055 4017 μὲν,
3074 3946 3233 4017 ἡνίκα
3264 3944 3465 4015 ηὔλουν
3493 3945 3670 3999 ἀπλά-

2108 4055 2267 4105 στως,
2297 4037 2506 4110 ὡραίαν
2537 4037 2637 4108 τὴν
2682 4038 2853 4109 τομὴν
2881 4032 3020 4091 εἶναι
3053 4037 3143 4090 ὑπ’
3193 4036 3506 4109 Ἀρκτούρῳ
3536 4035 3672 4107 Βοη-

2104 4129 2397 4204 δρομιῶνος
2433 4129 2599 4200 μηνός
2621 4144 2637 4160 ⁸
2663 4127 2885 4200 ὕστερον
2916 4128 2996 4192 δὲ,
3023 4127 3208 4199 ἐπειδὴ
3228 4130 3307 4190 εἰς
3336 4127 3437 4199 τὴν
3475 4127 3672 4181 πλάσιν

443 4224 555 4267 tum
585 4211 641 4266 in
682 4213 750 4267 iis
785 4227 908 4282 qua:
940 4211 1007 4269 de
1038 4212 1408 4281 amputatione
1438 4213 1640 4269 tibialis
1670 4213 1863 4275 calami
1893 4228 2002 4269 me-

2111 4220 2435 4292 μετέϐησαν,
2475 4220 2930 4291 μετακινηθῆναι·
2962 4220 3180 4290 τέμνειν
3211 4218 3320 4290 γὰρ
3349 4217 3446 4271 τοῦ
3480 4220 3673 4291 Σκιρο-

439 4303 627 4358 ιηοτίω
657 4303 856 4375 prodit.
908 4303 998 4356 Ait
1037 4302 1213 4368 enim,
1259 4303 1390 4359 caedi
1437 4305 1655 4359 solitum
1689 4304 2002 4374 tempestive

2108 4313 2369 4385 φοριῶνος
2390 4313 2486 4367 καὶ
2522 4311 2989 4384 Ἑκατομϐαιῶνος
3006 4329 3021 4342 ·
3047 4312 3284 4383 ὡσπερεὶ
3312 4310 3418 4382 πρὸ
3451 4312 3672 4383 τροπῶν

440 4410 614 4464 usque
639 4396 705 4450 ad
736 4394 1113 4464 Antigenidem
1132 4434 1146 4460 ,
1177 4411 1301 4450 cum
1330 4396 1507 4451 adhuc
1531 4396 1765 4466 simplici
1798 4400 2004 4452 musica

2111 4405 2323 4475 μικρὸν,
2370 4404 2401 4474 ἦ
2436 4403 2538 4458 ὑπὸ
2571 4405 2795 4475 τροπάς.
2837 4405 2949 4458 K11
3003 4404 3375 4476 Ἀριστοτέλης
3424 4403 3483 4456 δὲ
3525 4404 3672 4475 τρεῖς

440 4494 744 4550 uterentur,
771 4486 874 4541 sub
903 4487 1159 4552 Arcturo,
1190 4503 1375 4543 mense
1400 4486 1812 4543 Boedromione.
1842 4486 2002 4543 Post-

2104 4493 2302 4565 ἐφεξῆς
2354 4495 2542 4566 τέταχε
2582 4495 2830 4547 τουτουσί
2879 4494 3082 4565 μῆνας,
3132 4493 3329 4548 εἰπιὲιν·
3379 4512 3397 4546 ι
3432 4493 3560 4548 Τῶν
3614 4492 3671 4546 δέ

436 4594 599 4648 quam
656 4594 786 4634 vero
838 4579 1068 4635 accessit
1123 4579 1300 4645 fictio,
1363 4588 1417 4636 et
1471 4589 1667 4638 cantus
1716 4581 1999 4647 luxuries,

440 4677 700 4724 mutatam
727 4684 989 4725 eaesuram
1009 4711 1023 4735 ,
1047 4670 1289 4741 caedique
1314 4678 1554 4742 coeptum
1581 4670 2003 4743 Seiropltorione

437 4772 493 4813 ut
516 4759 996 4825 Hecatombaeone,
1029 4762 1175 4816 velut
1209 4761 1370 4833 paulo
1400 4771 1526 4816 ante
1554 4762 1882 4829 solstitium,
1917 4762 2003 4817 vel

439 4856 539 4908 sub
585 4855 707 4924 ipso
753 4854 1008 4909 solstitio.
1064 4854 1130 4909 Et
1172 4854 1495 4910 Aristoteles
1534 4854 1698 4931 etiam
1746 4853 1847 4910 bos
1891 4861 2004 4911 tres

438 4931 656 4999 Et'ettses
696 4945 1039 5000 continenter
1081 4952 1245 5014 atque
1284 4944 1478 5001 ordine
1522 4944 1842 5009 constituit,
1878 4959 2002 5000 eum

437 5035 617 5091 dixit:
651 5054 670 5088 ι
698 5034 977 5099 Locustae.
1027 5037 1167 5092 inter
1208 5052 1279 5093 ea.
1314 5052 1434 5106 quae
1473 5038 1617 5092 tenui
1647 5047 1832 5093 crusta
1860 5037 2003 5093 inte-

436 5133 658 5195 guntur,
694 5140 794 5180 ova
816 5167 830 5191 ,
858 5143 978 5197 qute
1011 5136 1132 5196 post
1164 5128 1369 5182 coitum
1395 5138 1794 5199 conceperunt,
1826 5129 2004 5186 tribus

439 5225 594 5273 utero
624 5226 820 5289 gerunt
848 5220 1149 5287 mensibus,
1172 5220 1614 5292 Scirophorione,
1634 5219 2005 5276 Hecatombte-

438 5325 540 5363 one
560 5350 574 5368 .
602 5310 1003 5381 Metngitnione.
1037 5330 1054 5363 ι
1083 5314 1311 5383 Insuper
1334 5320 1514 5367 autem
1545 5311 1597 5365 id
1628 5326 1691 5367 ex
1719 5313 1841 5367 aliis
1869 5322 2004 5383 quo-

438 5417 546 5468 qate
577 5402 763 5458 multis
791 5411 996 5458 certum
1025 5415 1107 5460 est
1132 5414 1179 5459 et
1206 5405 1565 5476 exploratum.
1589 5403 1827 5459 Mcnsem
1858 5405 2001 5459 enim

449 5494 765 5548 continuum
799 5497 1053 5551 ordinare
1083 5513 1310 5553 necesse
1343 5506 1458 5562 est,
1489 5498 1544 5552 in
1576 5512 1686 5567 quo
1718 5500 1790 5552 sit
1819 5497 2005 5553 solsti-

445 5580 519 5633 tiu
545 5598 574 5632 ιι
605 5587 869 5648 aestivum,
891 5596 1143 5657 quartum
1168 5588 1385 5658 quidem
1417 5605 1445 5642 α
1480 5589 1861 5661 Munychione,
1893 5600 2001 5645 uta

442 5686 729 5730 vernorum
754 5680 1021 5734 mensium
1040 5681 1233 5749 primo.
1254 5681 2000 5738 Atcircaliecatombmnnem

443 5761 733 5817 solstitium
762 5776 844 5820 est
868 5807 881 5829 ,
910 5777 970 5820 ut
998 5778 1155 5824 etiam
1186 5772 1502 5827 Aristotcles
1535 5774 1588 5827 in
1617 5773 1799 5830 eadem
1830 5775 2005 5830 niani-

2108 4586 2569 4657 μαλακοστράκων
2598 4588 2646 4639 οἱ
2684 4585 2915 4658 κάραϐοι
2945 4586 3083 4657 μετὰ
3113 4587 3210 4657 τὴν
3236 4586 3416 4658 ὀχείαν
3453 4585 3667 4649 κυοῦσι,

2103 4680 2198 4732 καὶ
2232 4676 2438 4748 ἴσχουσι
2465 4676 2534 4730 τὰ
2560 4676 2641 4731 ὠά
2683 4677 2810 4750 περὶ
2846 4680 2993 4749 τρεῖς
3025 4678 3215 4749 μῆνας,
3240 4677 3665 4750 Σκιροφοριῶνα,

2103 4769 2196 4822 καὶ
2248 4768 2722 4839 Ἑκατομϐαιῶνα,
2773 4770 2866 4823 καὶ
2918 4769 3379 4838 Μεταγειτνιῶνα.
3411 4787 3430 4820 ι
3462 4768 3667 4822 Ἔτιδέ

2107 4859 2324 4930 βέϐαιον
2359 4861 2453 4915 καὶ
2501 4862 2565 4915 ἐκ
2597 4861 2806 4914 πολλῶν
2839 4862 3033 4916 ἄλλων.
3057 4862 3218 4931 Μῆνα
3249 4861 3358 4932 γάρ
3400 4861 3563 4927 τάξαι
3592 4859 3667 4912 δεῖ

2105 4951 2369 5024 προσεχῆ,
2409 4953 2538 5024 περὶ
2578 4951 2636 5006 ὃν
2676 4955 2733 5006 αἱ
2761 4953 2967 5023 θεριναὶ
3018 4955 3243 5024 τροπαίο
3277 4952 3539 5024 τέταρτον
3563 4953 3667 5023 γὰρ

2106 5044 2212 5098 ἀπὸ
2234 5044 2631 5114 Μουνυχιῶνος,
2649 5045 2708 5108 ὃς
2718 5045 2780 5117 δὴ
2800 5045 3011 5117 πρῶτος
3030 5040 3098 5115 ἦν
3129 5044 3237 5097 τῶν
3260 5044 3513 5115 ἐαρινῶν.
3532 5044 3663 5115 Περί

2116 5133 2567 5205 Ἑκατομϐαιῶνα
2588 5134 2643 5186 δὲ
2666 5135 2932 5204 αἰτροπαὶ
2951 5136 3006 5188 αἱ
3030 5134 3257 5206 θεριναὶ.
3277 5134 3353 5197 ὡς
3390 5135 3483 5188 καὶ
3522 5137 3652 5204 Ἀρι-

2106 5225 2357 5296 στοτέλης
2389 5225 2667 5293 διασαφεῖς
2692 5225 2864 5293 λέγων
2891 5226 2948 5278 ἐν
2981 5228 3092 5289 τοῖς
3124 5224 3306 5289 αὐτοῖς
3328 5226 3459 5296 περὶ
3487 5224 3662 5290 ζώων·

2109 5334 2128 5367 ‹
2155 5317 2309 5369 Ἐνια
2351 5313 2405 5368 δὲ
2447 5314 2614 5367 τίκτει
2670 5313 2935 5384 χειμῶνος
2995 5315 3088 5367 καὶ
3138 5314 3359 5386 θέρουςο
3402 5315 3661 5385 χειμῶνος

2108 5406 2207 5476 μὲν
2242 5402 2450 5474 λάϐραξ
2482 5403 2576 5456 καὶ
2602 5403 2884 5474 κεστρεὺς,
2916 5400 3104 5473 θέρους
3129 5402 3185 5455 δὲ
3212 5404 3340 5474 περὶ
3379 5402 3471 5455 τόν
3508 5403 3640 5456 Ἕκα

2103 5495 2412 5567 τομϐαιῶνα
2427 5493 2683 5557 θυννίδες,
2702 5493 2828 5566 περί
2853 5493 3055 5565 τροπὰς
3075 5493 3311 5564 θερινάς⁹
3333 5512 3352 5545 ι
3378 5495 3473 5548 καὶ
3487 5493 3647 5548 πάλιν

2110 5609 2128 5639 ι
2179 5587 2481 5659 Ὀχεύονται
2527 5586 2734 5650 θύννοι,
2788 5586 2881 5639 καὶ
2929 5584 3210 5655 σκόμϐροι,
3236 5603 3253 5635 ι
3287 5585 3439 5654 φησι,
3483 5602 3505 5636 c
3544 5584 3657 5655 περ’

2105 5681 2193 5734 τὸν
2235 5677 2669 5751 Ἐλαφηϐολιῶνα
2709 5677 2960 5746 φθίνοντα
2983 5694 2996 5708 ·
3033 5677 3271 5730 τίκτουσι
3311 5675 3367 5729 δὲ
3403 5677 3533 5749 περὶ
3577 5674 3654 5728 τὸν

2119 5770 2558 5842 Ἑκατομϐαιῶνα
2590 5769 2906 5841 ἀρχόμενον.
2942 5788 2958 5819 ι
2996 5770 3060 5819 Ὃ
3104 5766 3210 5838 γὰρ
3252 5767 3515 5838 πρότερον
3544 5767 3667 5836 περὶ
