3950 6266
230 376 378 438 ΗΠ

1142 377 1493 436 THEODORI
1528 377 1733 437 GALE
1772 378 1973 436 LIBER
2004 376 2092 434 DE
2131 377 2496 437 MENSIBUS.

3335 378 3474 435 H78

226 494 445 567 τροπὰς
469 492 687 566 θερινὰς
714 511 856 563 ειπε,
883 494 1026 549 τοῦτ’
1055 495 1187 550 αὐτὸ
1212 496 1435 568 ὕστερον
1476 499 1606 571 περὶ
1645 498 1805 552 Ἐκα-

1913 497 2065 554 festat
2091 497 2339 553 historia.
2375 515 2393 547 ι
2427 494 2681 563 Quaedam
2704 534 2719 559 ,
2762 494 2968 566 inquit,
3007 497 3224 565 pariunt
3258 496 3471 551 hiemeo

226 584 552 656 τομδαιῶνα
582 586 881 659 ἀρχόμενον
911 585 1086 656 λέγει·
1125 588 1200 652 ὠς
1237 586 1346 659 ἄρα
1379 588 1507 661 περὶ
1543 589 1802 660 Ἑκατομ-

229 676 448 731 ϐαιῶνα
478 676 777 749 ἀρχόμενον
808 678 916 732 τῶν
954 678 1181 749 θερινῶν
1210 679 1506 751 γινομένων
1551 680 1763 752 τροπῶν
1782 698 1795 711 ·

228 767 664 838 ὁμολογούμενον
715 769 772 823 δὲ
832 769 1042 835 τούτοις
1072 772 1166 825 καὶ
1207 775 1267 825 τὸ
1319 772 1446 845 περ)⁸
1492 776 1662 843 τομῆς
1706 772 1799 827 τοῦ

232 858 534 929 αὐλητικοῦ
588 859 831 930 καλάμου
872 861 1197 932 Θεοφράστῳ
1222 860 1439 931 λεχθέν·
1481 880 1499 912 ι
1538 862 1802 932 Τέμνουσι

230 950 350 1021 γὰρ
393 950 457 1023 δὴ
501 949 561 1006 νῦ
577 977 616 1015 .u,
651 971 669 1003 ι
706 953 861 1023 φησι,
899 953 1027 1005 «τοῦ
1063 953 1490 1025 Σκιροφοριῶνος
1514 954 1606 1007 καὶ
1652 954 1809 1006 Ἐκα-

230 1042 608 1112 τομῦαιῶνος,
645 1043 884 1115 ὡσπερεὶ
934 1044 1039 1115 πρὸ
1083 1044 1301 1116 τροπῶν
1338 1044 1563 1116 μικρὸν,
1615 1044 1647 1115 ἢ
1703 1045 1807 1098 ὑπὸ

231 1134 480 1204 τροπάς·
518 1154 537 1185 ι
577 1134 671 1188 καὶ
698 1134 759 1188 τὸ
806 1136 1068 1206 πρότερον
1095 1136 1158 1206 δὴ
1193 1135 1514 1207 παρατεθὲν,
1544 1136 1624 1189 ὅτι
1668 1153 1807 1207 τρο-

232 1224 349 1287 πὰς
380 1224 619 1295 θερινὰς,
645 1226 738 1280 τοῦ
764 1228 1228 1296 Μεταγειτνιῶνος
1255 1228 1421 1298 μηνός
1441 1244 1454 1258 ο
1487 1229 1540 1281 εἴ
1564 1244 1626 1297 γε
1668 1226 1804 1300 μετὰ

244 1316 703 1388 Ἑκατομϐαιῶνα
731 1319 1137 1387 Μεταγειτνιὼν
1166 1319 1381 1390 ἐφεξῆς.

1904 590 2009 644 alia
2041 598 2269 644 aestate:
2302 587 2508 652 hieme,
2544 587 2727 658 lupus,
2755 587 2971 656 nnigilis
2997 603 3011 652 ;
3041 597 3227 643 testate
3250 628 3265 651 ,
3307 596 3474 657 atque

1906 682 2041 737 adeo
2089 680 2539 736 Hecatombamne
2583 696 2803 744 mense,
2855 680 3077 735 circiter
3131 680 3463 743 solstitium,

1906 773 2151 827 tbunnae.
2169 791 2189 826 ι
2210 771 2341 827 ltem
2365 793 2376 828 :
2402 793 2420 824 ι
2445 773 2655 828 Coeunt
2679 771 2872 826 thunni
2895 778 2949 825 et
2974 772 3237 835 scombri,
3262 772 3471 842 inquit,

1908 866 2011 920 sub
2056 865 2214 921 finem
2269 864 2750 936 Elaphebolionis,
2805 863 3134 933 pariuntque
3188 861 3475 917 Hecatom-

1907 959 2111 1014 baaonis
2148 958 2433 1028 principio.
2467 977 2484 1009 ι
2513 955 2668 1025 Quod
2705 971 2939 1025 namque
2973 955 3195 1009 circiter
3224 955 3473 1009 aestivum

1907 1049 2195 1104 solstitium
2234 1049 2385 1117 prius
2415 1047 2588 1112 dixit,
2634 1046 2687 1100 id
2718 1056 2899 1116 postea
2931 1046 3061 1099 dicit
3104 1045 3259 1098 initio
3301 1042 3476 1098 "acac

1907 1139 2259 1205 tombzeonis,
2296 1146 2554 1209 tanquam
2591 1139 2801 1193 scilicet
2835 1138 3023 1191 :rstivo
3057 1136 3297 1192 solstitio
3330 1135 3476 1190 exsi-

1904 1239 2079 1287 stente
2105 1231 2249 1285 circa
2280 1231 2552 1284 ineuntem
2583 1228 3106 1284 llecatmnbmonem.
3151 1226 3271 1297 Jam
3303 1227 3372 1281 ab
3406 1226 3478 1282 ii:

1902 1337 2010 1374 non
2038 1321 2305 1385 alienum,
2343 1322 2486 1392 quod
2520 1321 2587 1375 de
2620 1321 2994 1389 amputatione
3041 1319 3246 1373 tibialis
3277 1316 3472 1373 calami

231 1402 649 1476 Theophrastus
684 1410 866 1463 retulit
892 1430 905 1464 :
936 1429 952 1462 ε
981 1409 1239 1476 Caedunt,
1273 1410 1485 1480 inquit,
1522 1410 1623 1465 hac
1661 1419 1985 1481 tempestate
2037 1415 2319 1468 mensibus
2386 1414 2470 1468 his
2492 1454 2505 1479 ,
2540 1412 3005 1483 SeirOphurione,
3067 1419 3122 1467 et
3182 1410 3470 1466 lleeatom-

236 1502 460 1555 Ismene:
523 1502 684 1570 paulo
732 1502 985 1558 videlicet
1031 1514 1157 1557 ante
1205 1503 1523 1566 solstitium,
1573 1504 1657 1558 vel
1708 1506 1809 1558 sub
1848 1507 1966 1575 ipso
1991 1524 2005 1572 ;
2035 1525 2053 1557 ι
2078 1522 2176 1561 nec
2206 1523 2313 1561 non
2347 1506 2401 1561 id
2431 1508 2646 1577 ipsum,
2677 1505 2821 1575 quod
2872 1515 2998 1560 ante
3023 1520 3090 1559 ex
3120 1504 3310 1560 eodem
3370 1519 3475 1559 au-

234 1605 392 1651 ctore
422 1595 490 1651 de
520 1605 761 1652 semente
789 1598 1115 1663 citavimus,
1173 1607 1302 1669 puta
1343 1615 1530 1655 mense
1570 1598 1952 1671 Metagitnione
2001 1612 2121 1672 post
2183 1604 2430 1658 aestivum
2493 1602 2825 1666 solstitium,
2895 1602 3128 1671 primam
3176 1609 3473 1657 sementem

236 1688 402 1754 tieri;
454 1688 719 1759 siquidem
777 1698 899 1761 post
951 1690 1458 1746 Hecatombaaonem
1503 1692 1746 1762 proxime
1794 1702 1877 1749 est
1913 1693 2287 1764 Metagitnion.

276 1827 411 1880 Ὀτι
440 1826 597 1897 ἀρχὴ
624 1827 901 1883 ἐνιαυτοῦ
925 1829 1242 1897 Ἀθηναίοις
1267 1832 1299 1882 ὀ
1327 1829 1771 1899 Ἑκατομϐαιών.

1979 1832 2133 1900 Quod
2168 1833 2481 1902 principium
2521 1830 2648 1885 anni
2679 1828 2844 1883 Attici
2873 1830 2943 1882 sit
2978 1825 3403 1884 Hecatombaon.

312 1939 389 1992 E'.
425 1940 536 1993 Καὶ
580 1937 850 2010 Ἀθηναῖοι
901 1937 958 1991 δὲ
994 1940 1089 1993 τοῦ
1139 1940 1383 1994 ἐνιαυτοῦ
1424 1941 1652 2012 ἤρχοντο
1700 1940 1807 1994 ἀπὸ

249 2030 743 2102 Ἑκατομϐαιῶνος,
771 2030 859 2083 διὰ
885 2030 949 2084 τὸ
991 2032 1090 2095 τὰς
1128 2032 1337 2104 τροπὰς
1385 2031 1627 2100 γίνεσθαι
1677 2032 1805 2103 περὶ

235 2124 423 2178 αὺτὸν.
467 2124 600 2176 Ἀπὸ
627 2123 735 2194 γὰρ
760 2122 985 2196 θερινῶν
1011 2124 1225 2196 τροπῶν
1251 2127 1283 2196 ἡ
1312 2124 1453 2195 ἀρχὴ
1484 2120 1551 2196 ἦν
1584 2125 1806 2188 ἐκείνοις

236 2216 335 2268 τοῦ
364 2213 552 2279 ἔτους·
594 2213 780 2285 ῶσπερ
818 2216 1111 2286 Ῥωμαίοις
1142 2215 1366 2287 ὓστερον
1407 2217 1511 2269 ἀπὸ
1538 2215 1645 2270 τῶν
1688 2233 1806 2286 χει-

222 2308 501 2383 μερινῶν.
547 2310 745 2380 ’Δρχὴν
776 2309 871 2379 μὲν
900 2305 993 2363 οῦν
1018 2307 1155 2361 εἶναι
1191 2308 1285 2361 τοῦ
1329 2308 1480 2372 ἔτους
1514 2309 1604 2362 τὸν
1648 2309 1806 2362 Ἐκα-

235 2398 555 2470 τομϐαιῶνα
603 2400 761 2470 δῆλον
808 2401 1155 2471 Δημοσθένης
1204 2402 1348 2453 ποιεῖ
1394 2403 1451 2455 ἐν
1498 2401 1665 2472 τρίτῳ
1697 2400 1803 2453 τῶν

251 2489 682 2556 Ὀλυνθιακῶν,
710 2491 911 2561 λέγων·
948 2511 965 2543 t
992 2492 1145 2547 Μετὰ
1174 2493 1230 2545 δὲ
1276 2492 1472 2555 ταῦτα,
1512 2491 1803 2557 διελθόντος

235 2582 334 2637 τοῦ
381 2583 627 2637 ἐνιαυτοῦ
669 2584 880 2646 τούτου,
916 2584 1321 2655 Ἐκατομϐαιὼν
1342 2624 1355 2645 ,
1381 2583 1799 2654 Μεταγειτνιὼν,

237 2674 617 2747 Βοηδρομιὼν
650 2676 842 2729 τούτου
883 2676 977 2729 τοῦ
1020 2678 1185 2747 μηνὸς
1228 2676 1385 2746 μόγις
1421 2676 1556 2746 μετὰ
1602 2676 1804 2747 μυστή-

242 2786 334 2838 ρια
367 2769 499 2823 δέκα
529 2768 657 2832 ναῦς
706 2769 1081 2825 ἀπεστείλατε.
1122 2788 1140 2821 ι
1180 2770 1539 2822 Ἐπιδείκνυσι
1572 2768 1679 2837 γὰρ
1706 2768 1803 2839 τὴν

252 2859 552 2931 ’Λοηναίων
604 2859 864 2931 ἀμέλειαν
903 2861 994 2914 καὶ
1035 2862 1115 2924 εἱς
1157 2864 1304 2931 τρεῖς
1346 2860 1427 2913 ἔτι
1486 2860 1657 2931 μῆνας
1707 2858 1801 2912 τοῦ

239 2953 485 3017 ἐπιόντος
536 2953 780 3007 ἐνιαυτοῦ
834 2952 1414 3029 προσπαρατετάσθαι·
1457 2952 1532 3016 ὡς
1593 2953 1638 3005 δ’
1696 2951 1803 3005 ἀπὸ

239 3045 468 3119 θερινῶν
516 3046 730 3119 τροπῶν
778 3043 916 3099 εἶναι
962 3046 1060 3118 τὴν
1092 3046 1298 3118 ἀρχὴν,
1349 3045 1682 3117 Σιμπλίκιος,
1720 3045 1804 3114 ἐξ·

239 3137 374 3208 ηγού
384 3156 539 3209 μενος
554 3142 608 3191 ‘A
619 3155 705 3210 ρισ
717 3139 951 3203 εοτέλους
971 3140 1068 3212 τῆς
1104 3139 1368 3209 φυσικῆς
1388 3138 1727 3208 ἀκροάσεως
1742 3138 1802 3192 τὸ

242 3229 517 3300 πέμπτον,
553 3222 654 3282 ὦδε
680 3229 806 3303 περὶ
832 3229 926 3283 τοῦ
957 3230 1115 3300 φύσει
1158 3230 1419 3302 προτέρου
1454 3229 1548 3284 καὶ
1576 3230 1802 3302 ὑστέρου

241 3322 417 3391 λέγων
457 3321 765 3376 πιστοῦται·
799 3342 817 3374 ε
853 3324 949 3387 'A;
981 3322 1038 3377 δὲ
1075 3325 1234 3394 ἡμεῖς
1271 3321 1571 3393 ποιούμεθα
1609 3321 1802 3393 ἀρχὰς,

242 3413 490 3466 ἐνιαυτοῦ
524 3414 621 3485 μὲν
646 3415 775 3485 περὶ
806 3412 1021 3484 θερινὰς
1052 3414 1277 3485 τροπὰς,
1312 3415 1387 3477 ὡς
1428 3413 1733 3485 Ἀθηναῖοι·
1770 3412 1802 3483 ἢ

244 3505 376 3576 περὶ
408 3506 802 3577 μετοπωρινὰς,
842 3505 916 3569 ὡς
955 3505 1153 3577 οἱπερὶ
1181 3504 1278 3576 τὴν
1323 3504 1418 3559 νῦν
1464 3504 1808 3575 καλουμένην

256 3597 472 3651 Ἀσίαν·
502 3598 534 3668 ἢ
565 3598 692 3668 περὶ
736 3597 1084 3668 χειμερινὰς,
1132 3596 1207 3660 ὡς
1260 3597 1549 3668 Ῥωμαῖοι·
1592 3596 1625 3667 ἦ
1681 3595 1808 3666 περὶ

243 3688 484 3762 ἐαρινὰς,
505 3690 582 3753 ὡς
610 3689 847 3761 ’Ἄραϐες
886 3689 975 3742 καὶ
1015 3690 1363 3761 Δαμασκηνοί
1383 3707 1396 3719 ·
1438 3688 1602 3761 μηνὸς
1634 3687 1709 3751 δὲ,
1733 3684 1809 3749 ῶς

242 3800 410 3846 τινες,
446 3781 618 3853 ἀρχὴν
645 3782 740 3853 τὴν
772 3780 1105 3851 πανσέληνον
1133 3780 1381 3849 λέγουσιν
1411 3779 1443 3851 ἢ
1493 3780 1591 3850 τὴν
1644 3777 1805 3831 νέαν·

245 3874 458 3928 ἔσονται
500 3874 646 3927 θέσει
687 3870 866 3928 αὗται.
892 3891 910 3926 ι
942 3873 1109 3927 Πάλιν
1131 3876 1178 3926 εί
1213 3862 1375 3945 ἀρχὴ
1398 3872 1495 3943 μὲν
1523 3870 1617 3925 τοῦ
1658 3870 1810 3933 ἔτους

243 3968 353 4023 ἀπὸ
376 3967 595 4037 τροπῶν
633 3966 857 4038 θερινῶν
895 3966 1216 4038 Ἀθηναίοις,
1247 3965 1322 4028 ῶς
1370 3962 1688 4036 Σιμπλίκιος
1721 3960 1808 4013 λέ-

245 4076 333 4127 γει
351 4076 367 4090 ο
397 4056 588 4128 θέρους
616 4056 671 4109 δὲ
695 4057 819 4127 περὶ
849 4055 940 4108 τὸν
975 4052 1421 4124 Ἑκατομϐαιῶνα
1451 4052 1577 4122 περὶ
1605 4048 1809 4121 τροπὰς

244 4149 491 4203 τίκτουσι
520 4144 789 4210 θυννίδες,
836 4145 911 4208 ὡς
954 4142 1362 4216 Ἀριστοτέλης·
1409 4139 1810 4212 συμπέρασμα,

245 4242 329 4294 ὅτι
381 4238 524 4311 ἀρχὴ
574 4237 667 4291 τοῦ
717 4237 868 4300 ἔτους
901 4238 929 4290 ὁ
975 4234 1404 4306 Ἑκατομϐαιῶν,
1449 4234 1707 4307 τροπικὺς
1734 4231 1810 4285 ὢν

250 4333 479 4405 θερινός.
550 4330 711 4385 Ἀλλὰ
774 4330 880 4401 μὴν
946 4331 1039 4384 καὶ
1097 4328 1288 4400 ἑορτὴν
1365 4328 1635 4399 Ἀθηναῖοι
1689 4325 1809 4380 τότε

247 4415 381 4489 ἦγον
409 4418 697 4490 δημοτελῆ,
724 4418 816 4470 καὶ
838 4416 993 4470 ἔθυον
1041 4416 1469 4489 μεγαλοπρεπῶς
1507 4416 1584 4487 τῷ
1622 4416 1809 4487 Ἡλίῳ,

1986 1945 2046 2001 V.
2090 1945 2154 2000 Et
2187 1960 2389 2000 annum
2424 1942 2643 2015 quidem
2678 1940 3043 1996 Athenienses
3083 1940 3151 1994 ab
3189 1937 3475 1993 llecatom-

1910 2038 2097 2094 batone
2146 2036 2510 2106 incipiebant,
2564 2034 2711 2105 quod
2766 2049 2831 2090 eo
2882 2048 3070 2088 mense
3124 2036 3477 2103 perageretur

1910 2129 2224 2185 solstitium.
2261 2128 2342 2183 Ab
2369 2129 2557 2182 aestivo
2589 2127 2732 2181 enim
2782 2126 3019 2181 solstitio
3068 2125 3136 2181 iis
3180 2132 3300 2180 erat
3347 2124 3474 2179 anni

1909 2221 2237 2292 principium
2259 2260 2274 2283 ,
2310 2218 2769 2290 quemadmodum
2806 2218 3069 2272 lioriianis
3102 2217 3375 2287 posterius
3408 2214 3477 2270 ab

1910 2313 2155 2368 hiberno.
2189 2311 2525 2382 Principium
2570 2311 2754 2381 itaque
2803 2311 2930 2363 anni
2959 2325 3080 2364 esse
3105 2307 3478 2362 Hecatombx-

1908 2422 2065 2462 onem
2088 2445 2103 2469 ,
2131 2420 2194 2459 ex
2223 2403 2581 2460 Demosthene
2603 2404 2655 2457 in
2682 2403 2839 2456 tertia
2865 2401 3299 2473 Olynthiacarum
3324 2413 3475 2453 eom-

1908 2511 2120 2572 pertum
2143 2498 2404 2554 habemus
2431 2516 2445 2553 :
2473 2517 2491 2549 ι
2522 2496 2726 2552 Deinde
2749 2512 2929 2558 vero,»
2957 2495 3182 2564 inquit,¢
3211 2492 3315 2546 hoc
3334 2505 3477 2545 anno

1909 2598 2101 2645 exacto
2127 2590 2326 2644 labitur
2355 2587 2766 2642 Hecatombzeon
2786 2626 2801 2650 ,
2826 2585 3175 2656 Metagitnion
3196 2624 3210 2646 ,
3239 2582 3475 2638 Boedro-

1908 2683 2077 2736 mion.
2116 2680 2227 2735 lioc
2260 2695 2444 2735 mense
2472 2680 2557 2733 vix
2598 2678 2814 2732 tandem
2847 2683 2970 2746 post
3004 2673 3261 2747 mysteria
3288 2671 3474 2727 decem

1907 2786 2073 2826 naves
2098 2770 2374 2825 misistis.»
2404 2768 2749 2824 Demonstrat
2770 2767 2914 2821 enim
2940 2763 3355 2818 Atheniensium
3385 2777 3478 2817 so-

1907 2863 2146 2918 cordiam
2173 2864 2226 2916 in
2252 2860 2469 2917 tertium
2494 2870 2665 2930 usque
2692 2874 2931 2913 mensem
2959 2856 3194 2911 ineuntis
3215 2854 3339 2908 anni
3359 2867 3479 2923 pro-

1907 2961 2135 3007 tractam
2163 2953 2354 3017 fuisse;
2380 2967 2503 3005 nam
2526 2952 2670 3021 quod
2695 2951 2764 3005 ab
2784 2949 2970 3004 aestivo
2999 2946 3234 3003 solstitio
3253 2946 3325 3001 sit
3348 2943 3478 2999 anni

1908 3041 2231 3113 principium
2256 3082 2270 3108 ,
2315 3040 2626 3110 Simplicius
2652 3044 2934 3109 exponens
2960 3038 3210 3106 quintum
3243 3034 3479 3106 physica

1907 3130 2321 3186 auscultationis
2341 3130 2653 3185 Aristotelis
2672 3168 2686 3194 ,
2716 3129 2788 3182 ita
2812 3127 2878 3181 de
2898 3142 2983 3191 eo,
3013 3125 3157 3196 quod
3180 3133 3263 3178 est
3286 3132 3479 3177 natura
3570 3144 3573 3147 λ

1907 3223 2059 3295 prius
2088 3229 2140 3276 et
2161 3221 2433 3291 posterius
2455 3220 2793 3282 edisserens,
2821 3217 2906 3271 his
2930 3216 3109 3270 verbis
3131 3214 3288 3269 fidem
3317 3213 3475 3269 facit:

1912 3336 1929 3368 ο
1953 3314 2102 3381 Quae,
2131 3332 2149 3365 ι
2169 3313 2343 3382 inquit
2363 3352 2376 3375 ,
2407 3310 2676 3365 «facimus
2700 3309 2875 3374 initia,
2900 3307 3026 3361 anni
3044 3306 3285 3376 quidem,
3310 3304 3391 3359 vel
3410 3302 3479 3358 ad

1906 3380 2150 3461 mstivum
2171 3380 2460 3459 solstitium
2478 3443 2492 3468 ,
2514 3410 2572 3455 ut
2589 3401 2751 3456 Attici
2770 3400 2879 3464 ;vel
2901 3400 2964 3453 ad
2981 3390 3290 3451 autumnale
3305 3380 3485 3465 tequi-l

1908 3498 2146 3552 noctium
2164 3537 2177 3560 ,
2197 3506 2255 3550 ut
2277 3505 2454 3553 terrm,
2476 3509 2595 3564 quae
2612 3508 2754 3547 nunc
2768 3491 2894 3546 Asia
2913 3491 3133 3553 dicitur,
3154 3488 3343 3542 incola:
3361 3503 3376 3554 ;
3396 3485 3479 3540 vel

1907 3586 2051 3640 circa
2063 3584 2331 3647 brumam,
2351 3591 2409 3637 ut
2426 3581 2651 3636 Romani
2669 3598 2683 3647 ;
2703 3582 2785 3636 vel
2801 3582 2945 3635 circa
2960 3578 3339 3648 aequinoctium
3359 3594 3480 3631 ver-

1908 3692 2060 3739 num,
2091 3685 2151 3731 ut
2181 3677 2387 3731 Arabes
2415 3686 2468 3730 et
2493 3674 2845 3730 Damasceni:
2876 3672 3081 3727 mensis
3106 3686 3253 3733 vero,
3278 3678 3336 3723 ut
3359 3669 3481 3740 qui-

1908 3770 2030 3825 dam
2056 3770 2241 3823 volunt
2260 3809 2275 3831 ,
2299 3769 2653 3839 plenilunium
2681 3775 2771 3819 aut
2795 3766 3161 3820 novilunium:
3186 3763 3297 3816 haec
3318 3768 3481 3816 erunt

1909 3862 2195 3934 positione.
2210 3861 2475 3917 iRursum
2495 3862 2538 3915 si
2559 3858 2982 3914 Atheniensibus
3006 3857 3131 3911 anni
3152 3855 3477 3926 principium

1908 3964 1989 4011 est
2010 3997 2023 4021 ,
2046 3962 2103 4008 ut
2128 3955 2293 4010 refert
2319 3953 2633 4023 Simplicius
2653 3992 2666 4017 ,
2695 3952 2763 4006 ab
2794 3951 2978 4006 aestiva
3009 3950 3141 4004 solis
3172 3948 3481 4017 reciproca:

1907 4047 2091 4108 tione,
2149 4054 2204 4101 et
2251 4054 2438 4101 testate
2485 4045 2630 4099 circa
2674 4045 2918 4098 eamdem
2964 4042 3184 4095 thunna:
3225 4039 3478 4109 pariunt,

1909 4152 2096 4192 mense
2118 4135 2582 4198 Hecatombzeone,
2606 4142 2665 4187 ut
2679 4134 2795 4187 vult
2814 4131 3167 4186 Aristoteles:
3188 4128 3312 4182 inde
3329 4129 3404 4189 llt,
3422 4134 3482 4181 ut

1909 4227 2322 4284 Hecatombmon
2362 4227 2434 4281 sit
2473 4227 2601 4280 anni
2630 4226 2885 4289 initium;
2918 4223 3140 4277 aastivus
3169 4236 3293 4275 cum
3327 4221 3400 4276 sit
3425 4226 3480 4273 et

1912 4320 2244 4375 solstitialis.
2295 4319 2362 4372 At
2391 4334 2522 4374 vero
2567 4317 2733 4374 ferias
2765 4319 2929 4373 etiam
2963 4326 3075 4370 tum
3106 4314 3337 4386 agebant
3375 4328 3479 4382 pu-

1910 4412 2084 4467 blicas
2109 4411 2467 4466 Athenienses
2488 4451 2502 4474 ,
2531 4417 2585 4464 et
2612 4408 2895 4479 splendide
2921 4404 3305 4464 sacrificabant
3330 4402 3478 4457 Soli:

247 4510 323 4575 ὡς
356 4511 483 4582 περὶ
526 4510 731 4580 τροπὰς
790 4510 935 4563 ὄντι·
970 4509 1092 4563 ὅθεν
1143 4510 1237 4562 καὶ
1288 4507 1523 4581 τοῦνομα
1562 4508 1641 4581 τῷ
1685 4510 1807 4582 μηνὶ

1917 4513 1977 4559 ut
2002 4505 2095 4574 qui
2135 4504 2189 4557 in
2228 4501 2462 4557 solstitio
2495 4511 2678 4558 esset:
2712 4500 2857 4555 unde
2884 4511 2939 4554 et
2979 4499 3154 4554 mensi
3188 4495 3480 4552 Hecatom-

260 4598 670 4671 Ἑκατομϐαιὼν
696 4640 710 4663 ,
757 4599 971 4672 Κρονίῳ
1001 4600 1299 4673 πρότερον,
1354 4601 1429 4665 ὡς
1475 4600 1815 4674 Πλούταρχός

249 4708 382 4761 φησι
400 4733 416 4753 ,
442 4690 609 4744 καλου
618 4691 783 4761 μένῳ.

319 4782 495 4847 Κέκος
519 4783 595 4845 δὲ,
627 4782 867 4855 Πρόκλου
907 4782 1198 4854 χλευάζων,
1233 4781 1456 4850 γελοίως
1501 4784 1600 4846 τὰς
1641 4782 1816 4837 Ἡσιό-

250 4875 341 4928 δου
397 4875 670 4945 ἐξηγεῖται
717 4875 947 4946 ἡμέρας,
990 4874 1173 4944 ἓτερον
1211 4868 1348 4927 εἶναι
1378 4875 1519 4946 μῆνα
1552 4875 1818 4946 Ἑκατομ-

253 4966 481 5030 ϐαιῶνος
508 4966 597 5020 τὸν
631 4967 860 5038 Κρόνιον
899 4965 1316 5036 ὑπολαμϐάνων,
1347 4968 1442 5021 καὶ
1482 4967 1662 5038 τρίτον
1691 4984 1816 5019 συν-

250 5060 461 5113 τάττων
497 5058 605 5111 ἅπὸ
643 5057 1138 5128 Ἑκατομϐαιῶνος·
1185 5060 1277 5111 καὶ
1313 5057 1671 5130 Θαργηλιῶνα
1719 5058 1816 5129 μὲν

253 5151 347 5203 καὶ
378 5149 815 5217 Μεταγειτνιῶνα
834 5148 1094 5220 μηδαμῶς
1119 5148 1397 5219 ὀνομάζων
1431 5150 1522 5201 ὑπ’
1556 5147 1814 5219 ἀμαθίας,

254 5239 542 5310 Ληναιῶνα
587 5239 645 5292 δὲ
689 5240 765 5310 (ὃν
802 5242 895 5293 καὶ
933 5242 1095 5305 αὐτὸς
1131 5241 1246 5311 ᾔδει
1299 5242 1619 5312 Ἰανουάριον
1652 5241 1816 5311 ὄντα)

253 5332 566 5400 καταλέγων
604 5335 661 5385 ὲν
708 5335 820 5396 τοῖς
845 5333 951 5386 τῶν
991 5332 1287 5404 Ἀθηναίων
1329 5333 1481 5402 μησὶ,
1511 5333 1603 5386 καὶ
1635 5333 1817 5386 δεύτε-

254 5440 348 5495 ρον
371 5422 541 5487 τιθεὶς
573 5423 679 5477 ἀπὸ
710 5422 1196 5495 Ἑκατομϐαιῶνος.
1242 5410 1686 5494 Ἑκατομϐαιῶνα
1723 5425 1818 5494 μὲν

252 5512 344 5570 οὖν
364 5513 502 5571 εἶναι
544 5517 679 5587 μετὰ
709 5517 1112 5589 Σκιροφοριῶνα
1169 5515 1350 5581 εὐθὺς,
1386 5516 1625 5588 καὶπερὶ
1658 5516 1816 5569 Ἐκα-

250 5606 567 5677 τομσαιῶνα
619 5607 720 5670 τὰς
774 5607 989 5679 θερινὰς
1051 5603 1191 5661 εἶναι
1238 5607 1464 5680 τροπὰς,
1496 5606 1725 5677 φανερὸν
1754 5606 1817 5677 δὴ

255 5700 463 5756 ἐνθένδε
488 5718 502 5732 ·
533 5703 970 5771 Μεταγειτνιῶνα
1002 5704 1045 5755 δ’
1093 5703 1220 5771 ἑξῆς
1249 5697 1406 5763 εἶναι,
1445 5697 1561 5753 εἶτα
1588 5701 1815 5773 Βοηδρο-

258 5794 454 5864 μιῶνα,
487 5793 717 5862 δήλωσις
762 5796 855 5863 μὲν
904 5796 996 5849 καὶ
1020 5795 1086 5848 τὰ
1111 5792 1485 5864 Δημοσθένους
1519 5792 1639 5864 ἄρτι
1673 5795 1819 5863 εἰρη-

1915 4596 2087 4652 ιιαιοηί
2121 4595 2276 4666 157
2311 4609 2537 4660 nomen,
2587 4593 2790 4649 Cronio
2828 4590 3011 4662 prius,
3055 4598 3114 4643 ut
3153 4586 3481 4642 Plutarchus

1915 4689 2093 4760 inquit
2116 4729 2131 4752 ,
2169 4696 2500 4758 nuncupato.

1986 4781 2158 4836 Porro
2185 4779 2363 4837 Cecus
2397 4778 2651 4835 Proclum
2696 4777 2955 4841 irridens,
2992 4776 3110 4831 dies
3146 4771 3368 4849 Hesiodi
3405 4759 3490 4827 ri;

1915 4876 2096 4933 dicule
2133 4876 2551 4945 interpretatur,
2601 4872 2765 4926 alium
2801 4884 3046 4925 mensem
3095 4867 3162 4921 ab
3192 4865 3483 4922 Hecaton]-

1916 4967 2105 5023 bteone
2135 4965 2377 5020 Cronion
2418 4980 2541 5019 esse
2574 4961 2913 5025 existimans,
2957 4969 3009 5014 et
3036 4958 3257 5013 tertium
3291 4957 3360 5010 ab
3388 4953 3482 5010 illo

1917 5060 2258 5115 constituens
2295 5075 2307 5111 :
2343 5067 2397 5111 et
2426 5055 2842 5126 Thargelionem
2868 5053 3110 5122 quidem,
3139 5064 3204 5103 ac
3233 5046 3484 5119 Metagit—

1917 5151 2160 5214 nionem,
2214 5163 2326 5219 pra:
2376 5147 2666 5218 imperitia.
2726 5145 2875 5200 nullo
2935 5142 3097 5197 modo
3156 5140 3481 5206 nominans;

1917 5243 2239 5298 Lenaeonem
2310 5255 2437 5295 vero
2490 5240 2696 5309 (quem
2760 5237 2901 5292 idem
2975 5233 3292 5290 Januarium
3361 5245 3485 5287 esse

1919 5333 2173 5405 sciebat)
2221 5334 2363 5386 inter
2405 5332 2616 5386 Atticos
2661 5344 2876 5384 menses
2912 5341 3226 5389 recensens,
3259 5332 3312 5381 et
3356 5338 3484 5393 pro-

1918 5428 2119 5496 pinqua
2167 5424 2293 5479 sede
2345 5422 2782 5479 Hecatombaaoni
2832 5420 3130 5474 collocans.
3192 5415 3483 5471 Hecatom—

1919 5519 2161 5573 bzeonem
2220 5517 2382 5586 igitur
2435 5529 2557 5569 esse
2609 5512 2793 5568 statim
2846 5527 2876 5566 a
2924 5508 3368 5580 Scirophorione.
3429 5514 3487 5562 et

1919 5609 2068 5662 circa
2115 5605 2625 5661 Heralomhmonem
2652 5605 2898 5658 testivum
2929 5601 3220 5657 solstitium
3264 5596 3481 5663 confici,

1920 5700 2046 5754 hinc
2072 5697 2558 5754 constatdilueide.
2590 5695 2856 5751 Caeterum
2886 5691 3325 5764 Metagitnionem
3358 5703 3483 5745 esse

1919 5793 2201 5861 deinceps,
2235 5799 2420 5859 postea
2461 5786 2933 5851 Boedromionem,
2956 5784 3234 5841 declarant
3263 5781 3488 5839 quidem
