3950 6266
458 306 593 365 H79

1420 307 1510 360 AD
1549 306 1814 362 EUSEBII
1850 305 2247 363 CllRONlCON
2283 306 2648 363 APPENDIX.

3547 308 3693 366 “30

455 439 518 479 ea
544 436 665 494 qua:
694 435 867 492 nuper
898 436 963 476 ex
994 419 1354 478 Demosthene
1381 422 1726 493 protulimus.
1764 422 2011 493 Metagit~

2131 422 2279 475 ιένα·
2310 425 2673 495 ἐπιμαρτυρεί
2704 422 2763 476 δὲ
2790 421 2882 476 καὶ
2912 422 2974 476 τὸ
3018 421 3364 492 Θεοφράστου
3398 421 3530 492 περὶ
3554 423 3690 491 ἀρο-

457 513 671 569 nionem
697 520 878 567 autem
898 527 1020 569 esse
1043 514 1348 583 proximum
1372 513 1823 579 Hecatombaaoni,
1850 515 2012 569 etiam

2131 512 2206 566 ςοῦ
2263 513 2449 584 λεχθὲν
2499 514 2779 585 πρότερον,
2828 512 3266 581 Μεταγειτνιῶνα
3299 510 3500 583 ἑφεξῆς
3548 506 3692 567 εἶναι

458 602 593 657 illud
624 601 986 672 Theophrasti
1030 604 1098 660 de
1141 612 1264 660 satu
1296 605 1630 660 antedictum
1663 603 2012 676 suffragatur.

460 694 682 749 Hiberni
709 697 854 750 enim
886 703 1038 752 satus
1067 695 1281 751 initium
1305 711 1425 752 esse
1448 696 1599 761 dicit,
1627 706 1750 767 post
1768 699 2015 755 aestivum

459 786 778 851 solstitium,
837 801 1023 842 mense
1078 786 1500 858 Metagitnione;
1543 788 1839 843 solstitium
1886 803 2016 844 vero

460 877 708 933 aestivum
737 884 855 932 erat
892 879 1038 931 circa
1064 876 1602 944 Hecatombreonem;
1637 888 1691 934 et
1722 877 1852 935 illu'd
1883 895 2018 949 quo-

461 982 568 1036 que
594 967 905 1022 Aristotelis
926 966 992 1022 de
1009 967 1341 1025 locustarum
1364 969 1705 1038 graviditate.
1733 969 1868 1025 Nam
1896 978 2019 1041 post

462 1056 966 1114 Hecatombaeonem
1025 1059 1206 1115 statim
1252 1058 1691 1131 Metagitnionem
1745 1069 2016 1120 numerat.

461 1149 907 1207 Bocdromiouem
942 1147 1120 1206 autem
1151 1166 1273 1207 esse
1308 1160 1431 1222 post
1458 1151 1921 1223 Metagitniouem,
1952 1169 2019 1209 ex

460 1254 530 1296 eo
553 1240 698 1309 quod
756 1240 895 1295 dixit
950 1239 1267 1296 Aristoteles
1321 1240 1389 1296 de
1444 1242 1778 1298 locustarum
1835 1250 2017 1311 partu,

461 1331 718 1401 colligere
749 1339 854 1387 est.
908 1330 1021 1385 Sub
1049 1339 1327 1386 arcturum
1357 1333 1501 1389 enim
1533 1334 1609 1388 ait
1653 1335 1894 1390 locustas
1918 1350 2021 1390 ex-

461 1421 722 1488 cludere;
771 1422 945 1476 tribus
980 1437 1110 1477 vero
1146 1422 1448 1487 mensibus,
1490 1439 1611 1494 quae
1650 1430 2022 1494 conceperunt

464 1527 586 1577 ova,
618 1513 673 1567 in
693 1521 846 1568 utero
879 1512 1045 1579 ferre,
1080 1513 1523 1584 Scirophorione,
1550 1515 2021 1581 Hecatombaaone,

464 1601 865 1672 Metagitnione.
932 1605 1308 1676 Arcturusque
1365 1609 1511 1661 circa
1572 1606 2021 1662 Boedromionem

462 1692 659 1748 oritur.
685 1691 819 1747 Nam
843 1709 1034 1749 cervas
1053 1695 1204 1750 saliri
1221 1697 1565 1763 abArcturo,
1585 1713 1770 1753 mense
1789 1696 2024 1754 Boedro-

2127 603 2573 675 Ἐκατομόαιῶνι.
2597 604 2701 657 Τοῦ
2731 604 2839 675 γὰρ
2859 602 3167 676 χειμερινοῦ
3191 604 3364 675 ἀρχὴν
3399 605 3544 673 μετὰ
3566 618 3694 673 τρο-

2116 696 2223 759 πὰς
2257 696 2471 766 θερινάς
2496 697 2589 749 τοῦ
2622 695 3081 765 Μεταγειτνιῶνος
3115 694 3280 765 μηνὸς
3317 688 3457 746 εἷναί
3487 709 3691 762 φησιν’

2115 786 2249 842 αίδὲ
2282 787 2490 858 θεριναὶ
2509 788 2704 859 τροπαὶ
2728 787 2854 858 περὶ
2896 784 3338 857 Ἑκατομϐαιῶνα
3373 779 3519 856 ἦσαν
3543 800 3559 814 °
3596 788 3695 838 καὶ

2117 877 2196 930 ἔτι
2222 878 2283 931 τό
2340 877 2737 949 Ἀριστοτέλους
2776 878 2904 947 περὶ
2957 877 3203 947 κυήσεως
3243 876 3350 929 τῶν
3404 874 3695 945 καράϐων.

2116 972 2269 1027 Μετὰ
2331 972 2439 1042 γάρ
2513 970 2952 1042 Ἑκατομϐαιῶνα
3017 969 3463 1037 Μεταγειτνιῶνα
3556 984 3695 1019 κατ-

2118 1062 2342 1134 αριθμεῖ
2373 1061 2587 1134 ἑφεξῆς.
2625 1058 3003 1132 Βοηδρομιῶνα
3033 1059 3088 1112 δὲ
3128 1059 3220 1111 ἐπὶ
3257 1055 3697 1124 Μεταγειτνιῶνι

2118 1151 2256 1209 εἶναι
2290 1153 2703 1224 συλλογίσασθαι
2733 1153 2833 1215 δεῖ,
2857 1151 2948 1205 καὶ
2977 1152 3041 1204 ὲκ
3063 1149 3155 1204 τοῦ
3180 1148 3435 1221 ῥηθέντος
3448 1148 3699 1219 Ἀριστο-

2118 1246 2261 1300 τέλει
2311 1246 2439 1317 crept
2469 1245 2627 1299 τόκου
2654 1245 2761 1298 τῶν
2802 1242 3054 1316 καράϐων
3088 1241 3224 1295 ἐστί.
3270 1240 3384 1313 Πρὸ
3430 1238 3698 1309 Ἀρκτοῦ-

2121 1357 2215 1413 ρου
2268 1340 2376 1411 γάρ
2416 1356 2549 1409 φησι
2593 1339 2719 1400 τοὺς
2747 1335 3023 1408 καράϐους
3045 1335 3349 1390 ὲκτίκτεινο
3391 1330 3589 1387 κυοῦσι
3641 1331 3705 1385 ιδ

2119 1433 2247 1504 περὶ
2297 1432 2470 1502 μῆνας
2514 1432 2683 1503 τρεῖς,
2744 1428 3168 1501 Σκιροφοριῶνα,
3215 1424 3703 1496 Ἑκατομϐαιῶνα,

2120 1518 2559 1587 Μεταγειτνιῶνα
2581 1535 2595 1550 ·
2653 1516 2975 1591 Ἀρκτοῦρος
3029 1535 3090 1571 τε
3142 1516 3268 1588 crept
3307 1514 3702 1586 Βοηδρομιιῖινα

2123 1606 2409 1661 ἐπιτέλλει.
2466 1606 2775 1677 Ὀχεύεσθαι
2834 1606 2943 1677 γὰρ
2991 1606 3090 1670 τὰς
3131 1605 3360 1672 ἐλάφους
3404 1603 3545 1674 φησὶ
3580 1604 3702 1673 μετ’

2136 1697 2458 1770 Ἀρκτοῦρον
2524 1699 2651 1769 crept
2721 1697 3121 1769 Βοηδρομιῶνα.
3189 1696 3299 1749 Καὶ
3353 1694 3701 1764 Θεόφραστος

462 1781 646 1837 mione
695 1784 884 1840 refert.
923 1784 988 1838 Et
1015 1783 1423 1856 Theophrastus
1466 1789 1842 1859 tempestivam
1893 1804 2017 1845 esse

2131 1791 2326 1862 ὡραίαν
2348 1786 2597 1861 εἶναιτὴν
2618 1788 2712 1843 τοῦ
2746 1789 2990 1860 καλάμου
3017 1787 3187 1860 τομὴν
3224 1788 3315 1840 ὑπ’
3353 1785 3698 1857 Ἀρκτούρῳ,

463 1872 659 1926 calami
710 1889 971 1930 caesuram
1026 1877 1128 1933 sub
1181 1887 1420 1933 arcturo.
1467 1878 1642 1934 Porro
1687 1878 1885 1936 Suidas
1932 1879 2023 1936 illc

466 1966 774 2022 dictionarii
819 1972 1076 2041 scriptor,
1113 1981 1259 2029 recte
1296 1974 1399 2029 hoc
1427 1976 1643 2045 quidem
1670 1977 1831 2042 dixit,
1859 1976 2025 2034 Meta-

464 2057 758 2128 gitnionem
804 2064 1103 2117 secundum
1146 2080 1268 2121 esse
1302 2083 1543 2122 mensem
1575 2067 2021 2127 Atheniensibus.

462 2145 534 2201 At
562 2158 685 2219 post
710 2149 1155 2210 Boedromionem
1195 2154 1449 2228 deinceps
1470 2164 1554 2214 est
1577 2158 1974 2217 Mremacteriou
2006 2181 2021 2219 :

464 2239 629 2310 idque
658 2241 709 2295 in
740 2253 991 2313 promptu
1021 2256 1123 2301 est.
1166 2245 1301 2303 Nam
1334 2250 1655 2309 Aristoteles
1685 2252 1873 2309 eodem
1916 2269 2025 2325 quo

465 2329 532 2386 de
560 2332 736 2387 cervis
771 2333 914 2398 loco,
944 2335 1089 2391 hunc
1126 2339 1434 2407 proximum
1475 2341 1553 2395 illi
1585 2340 1779 2397 ordine
1820 2343 2026 2398 consti-

462 2421 590 2487 tuit,
618 2438 742 2478 cum
787 2424 958 2481 dixit:
994 2446 1014 2479 ‹
1056 2427 1247 2485 Coitus
1288 2447 1418 2486 vero
1449 2431 1509 2485 ﬁt
1555 2441 1680 2504 post
1697 2434 2024 2505 Arcturum,

464 2513 616 2567 circa
668 2514 1118 2574 Boedromionem
1165 2529 1222 2575 et
1265 2519 1777 2582 Maemacterionem.
1816 2545 1836 2578 ι
1891 2526 2027 2581 Ani-

463 2606 627 2661 malia
651 2622 871 2678 quoque
898 2609 1259 2668 imbecilliora
1290 2615 1442 2684 prius
1472 2615 1706 2687 migrare
1729 2617 1797 2672 ad
1825 2624 2027 2689 tempo-

463 2711 584 2750 rum
612 2699 944 2756 mutationcs
985 2701 1165 2767 docet,
1207 2706 1521 2763 coturnices
1543 2706 1760 2776 quidem
1790 2708 2027 2764 Boedro-

466 2786 670 2854 mione,
705 2805 870 2860 grues
937 2802 1116 2847 autem
1170 2792 1623 2864 Maamacterione,
1689 2806 1750 2852 ut
1818 2799 2028 2854 scilicet

464 2878 712 2936 videmus
760 2897 923 2952 grues
957 2893 1219 2954 sequente
1245 2901 1433 2943 mense
1474 2895 1595 2957 post
1624 2890 1931 2947 caturnices
1961 2906 2028 2946 ex

464 2968 679 3040 frigidis
704 2974 837 3029 locis
859 2975 925 3029 ad
953 2978 1170 3046 apricos
1220 2985 1275 3034 et
1298 2980 1510 3048 tepidos
1530 2980 1832 3037 discedere.
1855 2980 2028 3037 Simul

383 3129 390 3136 ι
467 3071 649 3116 autem
687 3063 816 3120 hinc
857 3082 1074 3137 quoque
1123 3078 1460 3139 compertum
1508 3079 1628 3135 est,
1662 3072 1808 3141 quod
1847 3087 2026 3143 operae

467 3153 700 3223 pretium
742 3157 813 3211 sit
859 3166 1100 3215 statuere
1143 3176 1404 3226 mensem,
1436 3161 1491 3216 in
1531 3178 1640 3232 quo
1670 3162 1740 3218 sit
1773 3166 2022 3220 autumni

466 3245 876 3314 mquinoctium,
911 3260 1165 3319 quartum
1194 3251 1412 3322 quidem
1446 3254 1514 3309 ab
1542 3253 1995 3313 Hecatombaaone
2014 3299 2029 3324 ,

469 3335 621 3393 circa
670 3353 827 3407 quem
873 3341 1119 3396 aestivum
1160 3343 1452 3398 solstitium
1498 3345 1775 3416 agebatur.
1816 3347 2032 3403 Maema-

467 3429 680 3484 cterion
704 3446 832 3487 vero
858 3440 962 3497 est,
982 3433 1034 3487 in
1061 3450 1169 3504 quo
1200 3434 1258 3489 ﬁt
1285 3436 1692 3506 arquinoctium.
1718 3436 1855 3492 Nam
1885 3439 2033 3496 circa

470 3520 765 3576 Arcturum
800 3526 1188 3595 aequinoctium
1214 3516 1349 3593 ‘est;
1387 3544 1551 3598 porro
1598 3528 2034 3591 Maemacterione

468 3622 554 3668 est
585 3616 800 3669 Arcturi
829 3616 1226 3672 ortus.Harum
1259 3625 1440 3673 autem
1469 3621 1802 3690 positionum
1834 3625 2034 3694 partim

469 3712 662 3759 auctor
711 3704 1141 3779 Theophrastus,
1194 3708 1389 3766 ﬂorere
1450 3712 1706 3785 siliquam
1762 3716 2034 3771 cenoniam

468 3796 616 3851 circa
643 3798 957 3865 Arcturum,
972 3801 1467 3872 a-quinoctiumque
1480 3803 1752 3858 memoriae
1773 3806 2030 3874 prodens;

467 3895 522 3941 et
544 3897 804 3958 praeterea
844 3889 1082 3951 Galenus
1126 3893 1370 3950 medicus
1409 3895 1483 3948 ita
1516 3895 1765 3952 scribens
1800 3898 1854 3950 in
1883 3898 2036 3954 libris

468 3974 536 4032 de
564 3978 876 4035 salubribus
899 3999 912 4034 :
948 3999 966 4031 ι
996 3981 1089 4036 Est
1109 3982 1488 4037 maturrimum
1511 4024 1526 4047 ,
1551 4003 1569 4035 ι
1590 3984 1764 4055 inquit
1788 4004 1805 4036 ι
1832 3993 2037 4057 tempe-

472 4066 935 4138 stivissimumque
949 4069 1141 4126 abietis
1163 4086 1346 4126 semen
1361 4072 1582 4126 circiter
1596 4074 1812 4128 Arcturi
1834 4085 2033 4141 ortum,

471 4159 615 4228 quod
658 4168 871 4229 tempus
902 4160 1086 4217 Romae
1120 4162 1489 4232 Septembrem
1529 4177 1754 4232 vocant;
1786 4187 1804 4220 ι
1840 4169 2039 4237 partim

471 4249 633 4303 etiam
686 4259 875 4303 auctor
925 4260 1007 4306 est
1041 4253 1362 4310 Aristoteles
1397 4273 1412 4311 :
1453 4275 1471 4307 ι
1503 4255 1635 4312 Post
1667 4257 1985 4323 Arcturum,
2014 4278 2033 4310 ι

473 4338 670 4407 inquit,
709 4357 729 4389 ι
754 4339 1167 4407 Boedromione,
1196 4344 1724 4410 etllimmacterione,
1760 4368 1778 4398 ι
1818 4358 1877 4401 ut
1915 4359 2040 4404 ante

2123 1879 2549 1952 Βοηδρομιῶνος.
2604 1880 2715 1933 Καὶ
2756 1879 2977 1941 Σουῖδας
3019 1877 3076 1931 δὲ
3115 1877 3179 1949 δὴ
3215 1878 3243 1930 ό
3270 1876 3488 1943 λεξικὸς
3552 1876 3701 1944 ὑγιὲς

2124 1969 2312 2041 εἴρηκε
2343 1968 2501 2023 τοῦτό
2525 1986 2609 2038 γε,
2640 1968 2889 2040 δεύτερον
2915 1963 3052 2021 εἶναι
3092 1966 3393 2037 Ἀθηναίοις
3433 1967 3581 2037 μῆνα
3610 1967 3699 2021 τὸν

2124 2060 2564 2131 Μεταγειτνιῶνα
2613 2058 2780 2113 εἰπών
2807 2073 2822 2088 ⁸
2860 2057 2998 2128 μετὰ
3065 2056 3122 2109 δὲ
3159 2055 3554 2128 Βοηδρομιῶνα
3606 2056 3700 2125 ἑφ-

2124 2149 2251 2220 εξῆς
2284 2146 2734 2220 Μαιμακτηριῶν.
2764 2147 2932 2217 Δῆλον
2970 2146 3049 2199 δέ·
3097 2145 3474 2215 Ἀριστοτέλης
3502 2143 3614 2215 γὰρ
3643 2144 3703 2196 ιν

2124 2244 2235 2306 τοῖς
2261 2242 2442 2305 αὐτοῖς
2472 2241 2599 2311 περὶ
2631 2240 2867 2310 ἐλάφων,
2901 2237 3089 2292 τοῦτον
3113 2238 3237 2309 ἑξῆς
3263 2238 3491 2309 τέταχεν
3509 2236 3701 2290 εἰπών’

2130 2351 2149 2383 ι
2192 2332 2255 2385 Ἡ
2278 2332 2321 2384 δ’
2344 2332 2494 2402 ὀχεία
2516 2330 2722 2402 γίνεται
2746 2331 2862 2400 μετ’
2898 2328 3246 2401 Ἀρκτοῦρον,
3288 2329 3422 2401 περὶ
3444 2330 3539 2382 τὸν
3563 2328 3698 2399 Βοη-

2123 2422 2398 2496 δρομιῶνα
2451 2423 2546 2476 καὶ
2588 2419 3083 2492 Μαιμακτηριῶνα.
3115 2440 3133 2472 ι
3160 2420 3270 2474 Καὶ
3312 2420 3424 2475 τῶν
3458 2419 3617 2484 ζώων
3646 2419 3703 2474 δι

2125 2515 2194 2569 τὰ
2240 2514 2600 2585 ἀσθενέστερα
2652 2513 2913 2584 πρότερον
2949 2513 3197 2566 ποεῖσθαι
3227 2513 3326 2583 τὴν
3368 2512 3701 2583 μετάστασιν

2126 2607 2262 2678 πρὸς
2289 2607 2388 2671 τὰς
2436 2605 2736 2678 μεταϐολὰς
2769 2605 2877 2659 τῶν
2912 2602 3070 2676 ὡρῶν
3103 2604 3433 2670 ἐπιδεικνὺς,
3465 2604 3704 2675 ὄρτυγας

2130 2700 2228 2770 μὲν
2294 2698 2719 2771 Βοηδρομιῶνος,
2775 2701 3038 2771 γεράνους
3090 2699 3148 2752 δὲ
3199 2697 3703 2767 Μαιμακτηριῶνος

2130 2791 2482 2865 μεταϐάλλειν
2517 2791 2681 2862 φησί’
2723 2790 2972 2862 καθάπερ
3010 2789 3201 2862 ἀμέλει
3237 2788 3302 2860 δὴ
3342 2788 3438 2842 καὶ
3484 2787 3703 2859 ὁρῶμεν

2126 2883 2226 2947 τὰς
2263 2883 2525 2954 γεράνους
2551 2881 2644 2935 τοῦ
2680 2881 2922 2944 ἐπιόντος
2945 2880 3112 2952 μηνὸς
3143 2879 3281 2950 μετὰ
3312 2879 3439 2942 τοὺς
3464 2877 3702 2949 ὄρτυγας

2128 2975 2379 3046 ἀπαίρειν
2408 2978 2472 3029 ὲκ
2511 2975 2619 3028 τῶν
2644 2973 2865 3044 ψυχρῶν
2884 2973 3064 3026 τόπων
3116 2975 3196 3035 είς
3232 2972 3358 3034 τοὺς
3395 2969 3696 3034 ἀλεεινοῦς.

2132 3067 2283 3137 ’Ἀμα
2307 3066 2363 3120 δὲ
2388 3065 2545 3136 δῆλον
2568 3064 2662 3117 καὶ
2686 3065 2750 3117 ὲκ
2793 3062 2887 3116 τοῦ
2931 3062 3077 3134 μῆνα
3121 3062 3230 3114 δεῖν
3271 3060 3452 3127 τάξαι,
3485 3062 3616 3132 crept
3643 3060 3698 3113 ὃν

2130 3160 2163 3229 ὴ
2195 3155 2561 3229 φθινοπωρινὴ
2596 3156 2886 3226 ἰσημερίαο
2915 3155 3173 3225 τέταρτον
3210 3153 3319 3225 γὰρ
3374 3154 3485 3206 ἀπὸ
3548 3153 3701 3208 Ἐκα-

2131 3248 2484 3319 τομϐαιῶνος,
2519 3247 2647 3318 περὶ
2671 3246 2728 3299 ὃν
2756 3249 2788 3317 ἡ
2823 3245 3008 3317 θερινὴ
3036 3240 3103 3316 ἦν
3146 3245 3339 3315 τροπή.
3371 3244 3699 3314 Μαιμακτη-

2134 3336 2265 3410 ριὼν
2297 3339 2371 3402 δὲ,
2424 3338 2552 3408 περὶ
2579 3337 2638 3390 ὃν
2680 3339 2712 3408 ἡ
2752 3338 3026 3408 ίσημερία.
3066 3336 3201 3407 Περὶ
3242 3336 3575 3407 Ἀρκτοῦρον
3598 3336 3701 3408 γάρ

2134 3432 2166 3501 ὴ
2196 3429 2471 3500 ίσημερία.
2518 3429 2654 3500 Περὶ
2695 3429 3169 3499 Μαιμακτηριῶνα
3195 3429 3251 3482 δὲ
3282 3430 3310 3481 ὁ
3358 3428 3699 3500 Ἀρκτοῦρος.

2135 3518 2255 3573 Τῶν
2295 3518 2352 3571 δὲ
2390 3519 2588 3572 Θέσεων
2617 3522 2681 3589 τῇ
2719 3518 2815 3588 μὲν
2842 3518 3105 3588 αὐθέντης
3130 3518 3499 3588 Θεόφραστος,
3525 3517 3701 3572 ἀνθεῖν

2137 3611 2365 3683 ἱστορῶν
2384 3610 2480 3683 τὴν
2500 3611 2763 3683 κερωνίαν
2795 3610 2924 3682 crept
2956 3610 3283 3683 Ἀρκτοῦρον
3307 3628 3367 3664 τε
3392 3611 3487 3664 καὶ
3515 3613 3703 3682 ἰσημε-

2136 3704 2256 3777 ρίαν
2277 3720 2290 3730 ·
2329 3703 2423 3757 καὶ
2448 3704 2668 3775 προσέτι
2688 3702 2965 3773 Γαληνδςὸ
2999 3703 3205 3774 ἰατρὸς,
3240 3702 3470 3773 γράφων
3502 3704 3562 3755 έν
3596 3704 3701 3765 ’τοῖῖ

2136 3798 2262 3868 περὶ
2297 3796 2545 3865 ὑγιεινῶν
2576 3795 2753 3865 λόγοις
2805 3789 2937 3849 ὦδε’
2969 3815 2987 3846 ι
3029 3797 3183 3848 Ἔστι
3225 3795 3321 3866 μὲν
3369 3796 3701 3868 ὡραιότατον

2134 3888 2234 3959 τῆς
2270 3890 2466 3958 ἐλάτης
2510 3890 2571 3942 τὸ
2602 3889 2821 3959 σπέρμα
2858 3889 2987 3960 περὶ
3019 3889 3117 3960 τὴν
3157 3887 3408 3960 ἐπιτολὴν
3438 3888 3537 3942 τοῦ
3585 3888 3703 3961 Ἀρ-

2136 3981 2389 4053 κτούρου.
2434 3983 2581 4044 ὅστις
2628 3981 2816 4052 καιρὸς
2846 3982 2902 4035 ὲν
2944 3979 3128 4052 Ῥώμῃ
3175 3982 3203 4033 ὁ
3229 3979 3561 4050 καλούμενος
3609 3977 3701 4050 μὲν

2138 4073 2509 4144 Σεπτέμϐριός
2553 4076 2701 4125 ἐστι⁸
2737 4091 2756 4123 ›
2783 4074 2848 4142 τῇ
2905 4071 2949 4125 δ’
2984 4071 3250 4142 αὐθέντης
3303 4070 3697 4141 Ἀριστοτέλης·

2143 4182 2161 4215 ι
2194 4163 2327 4217 Μετ’
2362 4162 2687 4236 Ἀρκτοῦρον
2720 4182 2740 4216 ι
2766 4163 2897 4233 γάρ,
2928 4162 3081 4232 φησὶ,
3096 4180 3130 4213 .t
3159 4161 3289 4232 περὶ
3323 4160 3702 4232 Βοηδρομιῶνα

2139 4256 2233 4309 καὶ
2265 4254 2759 4327 Μαιμακτηριῶνα,
2794 4275 2812 4306 ι
2847 4254 2922 4318 ὼς
2949 4255 3182 4325 εἴρηται.
3221 4255 3289 4307 Ἣ
3320 4253 3381 4306 οῦ
3408 4254 3470 4306 τὸ
3510 4254 3705 4323 πάρεγ-

2140 4364 2241 4416 γυς
2271 4346 2335 4400 ἂν
2362 4346 2614 4417 σημαίνοι
2652 4348 2680 4400 ὁ
2717 4344 2861 4398 οῦτω
2897 4345 3140 4419 φράζων.
3185 4343 3356 4398 Τοῦτο
3389 4344 3446 4397 δὲ
3482 4345 3701 4398 ἄτοπον

473 4428 801 4496 οιριίεειυηι
837 4440 940 4485 εει.
970 4431 1223 4502 Alioquin
1276 4434 1544 4490 mensium
1579 4437 2029 4507 prapinquitatem

2144 4438 2265 4491 ἐπεὶ
2305 4439 2399 4492 καὶ
2427 4439 2466 4508 ἡ
2506 4436 2663 4507 φύσις
2691 4437 2827 4509 πρὸς
2851 4436 2948 4499 τὰς
2970 4435 3116 4507 ὥρας
3141 4438 3371 4489 ποιεῖται
3403 4436 3503 4499 τὰς
3534 4435 3707 4505 ὀχείας

475 4532 825 4590 nequaquam
879 4522 1234 4593 signiﬁcaret,
1268 4526 1359 4594 qui
1392 4526 1493 4580 hoc
1542 4528 1702 4581 modo
1729 4529 1941 4584 scribit.
1978 4530 2038 4585 id

472 4625 603 4665 vero
632 4610 953 4675 absurdum,
978 4614 1416 4694 quandoquidem
1458 4617 1625 4672 certis
1659 4618 1787 4671 anni
1828 4626 2037 4691 tempe-

475 4703 711 4758 statibus
739 4702 807 4757 ad
836 4705 1014 4760 coitus
1039 4713 1338 4776 partusque
1356 4707 1655 4763 animantia
1682 4719 1877 4765 natura
1902 4713 2041 4767 inci-

474 4801 575 4858 tat,
603 4801 658 4850 et
688 4795 769 4850 vel
797 4803 909 4849 toto
939 4796 1111 4850 utitur
1133 4807 1399 4867 tempore,
1426 4799 1507 4851 vel
1537 4801 1772 4855 maxime
1792 4801 2038 4871 ejusdem

475 4886 676 4950 medio,
703 4887 1005 4957 praesertim
1034 4888 1079 4942 si
1108 4888 1219 4956 jam
1249 4889 1574 4959 principium
1608 4896 1908 4965 occuparit.
1935 4905 2040 4949 Ar-

475 4985 792 5048 gumentum
815 4992 945 5032 vero
971 4977 1134 5047 hujus
1157 4979 1497 5035 cohaerentia:
1517 4998 1627 5036 non
1655 4999 1878 5052 parvum
1907 4986 2041 5040 illud

475 5085 713 5139 quoque,
765 5068 910 5139 quod
965 5070 1033 5125 de
1082 5070 1260 5126 bubus
1314 5072 1393 5126 sic
1425 5072 1630 5126 dictum
1663 5080 1791 5129 est:
1838 5095 1856 5127 ι
1900 5076 2043 5131 Inci—

479 5162 635 5230 piunt
682 5161 831 5216 coire
877 5162 1042 5217 boves
1100 5161 1465 5233 Thargelione
1512 5174 1565 5219 et
1612 5165 2043 5236 Seirophorione

478 5252 745 5321 plurimae.
798 5253 867 5307 At
910 5269 1042 5310 vero
1094 5255 1258 5310 etiam
1307 5256 1500 5326 aliquae
1548 5266 1764 5330 tempus
1808 5264 2041 5317 coeundi

479 5359 652 5413 usque
707 5346 773 5400 ad
820 5354 1139 5400 autumnum
1189 5346 1485 5402 deducunt.
1553 5369 1571 5400 ι
1608 5349 1846 5421 Tempus
1897 5355 2040 5408 enim

478 5435 833 5503 plurimarum
863 5438 1193 5492 contrahens
1224 5438 1289 5492 ad
1316 5439 1454 5494 duos
1474 5440 1595 5496 illos
1626 5458 1842 5499 menses
1868 5444 2043 5498 Thar-

479 5524 763 5595 gelionem-
795 5536 851 5580 et
876 5525 1374 5598 Scirophorionem,
1414 5545 1443 5583 a
1486 5532 1870 5588 nonnullarum
1907 5543 2044 5588 tem-

2141 4531 2235 4582 καὶ
2268 4530 2393 4592 τοὺς
2415 4529 2605 4591 τόκους
2641 4527 2749 4580 τῶν
2777 4528 2930 4593 ζώων
2950 4544 2962 4557 ·
2992 4527 3087 4580 καὶ
3120 4527 3238 4596 ἦτοι
3270 4525 3367 4597 ὅλῃ
3411 4528 3612 4596 χρῆται
3646 4528 3707 4596 τῇ

2141 4617 2279 4689 ὥρᾳ,
2311 4620 2343 4690 ἢ
2379 4616 2454 4688 τῷ
2487 4617 2634 4687 μέσῳ
2672 4634 2771 4669 που
2805 4616 3037 4691 μάλιστα
3084 4616 3182 4685 τῆς
3213 4618 3402 4686 αὐτῆς.
3437 4614 3615 4678 ἄλλως
3654 4630 3712 4666 τε

2143 4711 2236 4762 καὶ
2267 4711 2316 4763 εἰ
2352 4711 2419 4780 τῇ
2468 4709 2606 4780 ἀρχῇ
2665 4706 2984 4779 χρησαμένη
3016 4707 3116 4777 ἤδη
3158 4706 3436 4776 τυγχάνοι.
3485 4707 3706 4777 Σημεῖόν

2141 4801 2263 4855 δὀὐ
2306 4800 2498 4872 μικρὸν
2558 4799 2649 4852 τοῦ
2680 4797 2978 4869 προσεχοῦς
3018 4799 3111 4851 καὶ
3153 4798 3211 4851 τὸ
3237 4797 3363 4868 crept
3405 4796 3546 4866 βοῶν
3574 4797 3708 4852 οῦτω

2146 4892 2308 4966 ῥηθέν
2328 4910 2340 4923 ·
2370 4912 2388 4944 ι
2428 4894 2718 4963 ’Ἀρχονται
2742 4892 2841 4961 τῆς
2864 4890 3047 4960 ὀχείας
3074 4892 3129 4943 αἱ
3157 4888 3281 4960 βοῦς
3303 4891 3432 4960 περὶ
3452 4890 3544 4942 τὸν
3570 4890 3708 4961 Θαρ-

2143 4986 2382 5058 γηλιῶνα
2409 4985 2551 5056 μῆνα
2606 4985 2700 5038 καὶ
2742 4984 2834 5038 τὸν
2865 4982 3290 5054 Σκιροφοριῶνα.
3345 4982 3419 5036 Οὐ
3469 4984 3578 5054 μὴν
3602 4982 3708 5037 ἀλλ’

2144 5079 2282 5133 ἔνιαι
2309 5078 2401 5131 καὶ
2434 5076 2592 5147 μέχρι
2639 5074 2733 5129 τοῦ
2760 5074 3075 5145 μετοπώρου
3111 5074 3446 5128 κυΐσκονται.
3470 5075 3577 5128 Τὸν
3608 5075 3707 5147 γὰρ

2143 5171 2251 5225 τῶν
2305 5171 2569 5223 πλείστων
2622 5169 2810 5239 χρόνον
2864 5167 3071 5231 ὲνώσας
3100 5168 3226 5239 περὶ
3268 5166 3392 5230 τοὺς
3422 5167 3519 5221 δύο
3543 5168 3706 5239 μῆνας

2144 5263 2499 5335 Θαργηλιῶνα
2528 5262 2620 5316 καὶ
2649 5258 3072 5333 Σκιροφοριῶνα,
3099 5258 3421 5312 διεστεῦιατο
3456 5258 3595 5329 πρὸς
3625 5257 3705 5313 τδν

2144 5357 2252 5410 τῶν
2304 5357 2480 5410 ἐνίων.
2512 5354 2687 5416 Ὃλως
2717 5370 2777 5405 τε
2803 5354 2935 5407 ὅπου
2983 5353 3099 5405 ποτ’
3131 5351 3196 5405 ἂν
3225 5350 3396 5414 οῦτως
3436 5351 3703 5422 ἑρμηνεὺῃ

2148 5447 2430 5513 συντάξας,
2458 5446 2625 5517 μηθὲν
2648 5441 3058 5516 προσδιορίζων,
3076 5444 3136 5496 τὸ
3164 5444 3360 5514 ἐφεξῆς
3386 5443 3482 5495 τοῦ
3523 5441 3702 5513 χρόνου

2146 5540 2441 5609 λαμϐάνειο
2474 5538 2628 5608 δῆλον
2654 5536 2803 5591 δὲτὰ
2835 5535 2954 5590 καθ’
3001 5534 3207 5588 ἕκαστα
3249 5533 3510 5605 μετιόντι.
3560 5531 3701 5585 Ἀλλὰ

483 5630 614 5686 pore
644 5618 914 5675 distinxit.
966 5621 1025 5675 lu
1061 5637 1297 5684 summa,
1363 5624 1453 5677 ubi
1509 5639 1573 5678 co
1631 5626 1825 5683 ordine
1875 5628 2029 5682 inter-

2151 5631 2256 5701 μὴν
2288 5629 2498 5684 καὶτῶν
2526 5628 2735 5697 γαλεῶν
2752 5626 3003 5697 άστερίαν
3028 5624 3288 5696 ἄρχεσθαι
3314 5625 3411 5695 μὲν
3428 5621 3699 5694 ὀχεύεσθαι

482 5718 746 5780 pretatur,
806 5713 939 5768 nihil
989 5714 1311 5783 praecidens,
1367 5715 1720 5784 deiiniensve,
1776 5704 2044 5791 temporis

2152 5721 2315 5792 μηνὸς
2346 5719 2839 5793 Μαιμακτηριῶνός
2866 5734 3015 5789 φησι,
3044 5716 3126 5781 εἷς
3160 5716 3216 5770 δὲ
3248 5714 3338 5768 τοῦ
3371 5712 3540 5786 μηνὸς
3576 5713 3708 5803 ἀπο-θ
