3950 6266
249 363 377 420 1181
1193 363 1542 421 THEODORI
1580 358 1784 419 GAZE
1824 357 2025 417 LIBER
2063 357 2150 416 DE
2189 359 2550 420 MENSIBUS.
3341 368 3479 425 “89

245 479 475 533 τίκτειν.
533 477 714 534 Ταῦτα
743 479 799 533 δὲ
836 479 1149 550 συμϐαίνειν
1178 479 1338 542 εὐθὺς
1377 480 1482 534 ἀπὸ
1531 478 1805 551 ἰσημερίας

1927 477 2124 532 seriem
2171 477 2420 542 intelligit
2449 497 2462 532 ε
2497 479 2550 533 id
2587 476 2731 548 quod
2777 478 2988 550 singula
3021 484 3366 551 persequenti
3391 493 3476 538 est

251 572 670 646 φθινοπωρινῆς
686 575 732 626 οί
763 573 888 643 περὶ
909 573 1158 644 Τάραντα
1181 572 1347 637 ἁλιεῖς
1372 573 1636 640 λέγουσιν.
1661 571 1811 635 Εἰκὸς

1926 569 2302 639 perspicuum.
2337 568 2537 626 Verum
2590 571 2869 626 enimvero
2899 588 2928 628 e
2958 574 3310 628 mustelorum
3339 590 3477 645 quo-

242 665 297 717 δὲ
330 665 429 718 καὶ
450 665 536 736 τῷ
553 665 693 734 λόγῳ
712 683 724 695 ·
745 665 849 718 τῶν
869 665 975 736 γὰρ
1009 663 1204 736 ἰχθύων
1231 665 1396 732 ὀλίγοι
1419 664 1660 717 τίκτουσι
1692 680 1802 734 μετ⁴

1919 674 2025 728 que
2059 674 2255 729 genere
2277 659 2549 715 stellarem
2591 661 2793 715 coitum
2842 661 2980 716 inire
3020 662 3471 732 Maamaeterione,

243 755 504 827 οπῶρου,
521 758 595 818 ὡς
623 757 716 810 καὶ
745 757 1100 828 Αριστοτέλης
1116 758 1334 827 ἱστορεῖ,
1351 751 1460 810 οἷον
1474 756 1672 826 σάλπη,
1690 773 1803 826 cap

1918 758 1972 804 et
2001 751 2085 804 bis
2117 767 2301 806 mense
2329 762 2537 822 partum
2561 753 2840 807 absolvere
2871 754 3018 808 dicit.
3051 753 3105 808 Id
3134 765 3314 811 autem
3343 773 3474 812 con-

240 847 361 916 γὸς,
383 850 484 902 καὶ
504 851 603 902 ὅσα
620 849 750 903 ἄλλα
772 847 1013 902 τοιαῦτα
1033 849 1125 901 καὶ
1141 849 1333 920 νάρκη,
1350 850 1441 902 καὶ
1459 850 1600 920 ῥίνη,
1629 850 1800 923 μικρὸς

1918 842 2130 913 tingere
2166 844 2233 898 ab
2260 845 2558 898 autumnali
2583 845 2928 915 zequinoctio,
2956 847 3254 915 piscatores
3269 849 3474 904 Taren-

241 940 350 1010 πρὸ
372 941 670 1012 ἰσημερίας
701 942 800 1010 τῆς
819 939 1230 1010 φθινοπωρινῆς.
1249 941 1310 992 Ei
1330 941 1385 993 δὲ
1413 942 1665 1012 ἀστερίας
1682 944 1801 995 Μαι-

1919 933 2017 987 tini
2072 944 2400 989 asseverant.
2457 934 2613 1001 Quod
2670 943 2723 990 et
2767 935 2967 990 rationi
3019 946 3467 1002 consentaneum,

244 1032 638 1102 μακτηριῶνος
669 1033 860 1094 τίκτει,
891 1031 1034 1094 εἰκὸς
1068 1033 1155 1085 τὸν
1193 1034 1334 1104 μῆνα
1364 1033 1550 1086 τοῦτον
1577 1035 1650 1105 μὴ
1681 1031 1804 1089 εἶναδ

1917 1040 2041 1079 cum
2067 1026 2294 1096 piscium
2316 1028 2472 1096 pauci
2499 1037 2756 1081 autumno
2778 1028 3012 1097 pariant,
3037 1035 3097 1082 ut
3118 1029 3258 1084 idem
3283 1042 3470 1085 auctor

238 1120 505 1192 δεύτερον
539 1122 645 1175 ἀπὸ
666 1123 764 1192 τῆς
794 1123 1099 1194 ἰσημερίας,
1138 1123 1270 1177 ἀλλὰ
1300 1125 1511 1198 πρῶτον
1531 1143 1542 1154 '
1578 1127 1670 1180 καὶ
1691 1128 1798 1198 περ

1916 1125 2000 1170 est
2034 1118 2373 1183 Aristoteles,
2420 1127 2480 1172 ut
2517 1119 2686 1188 salpa,
2744 1134 2953 1189 sargus,
2982 1127 3035 1174 et
3056 1120 3107 1174 id
3138 1137 3308 1192 genus
3342 1123 3467 1190 alia,

242 1208 549 1282 ἰσημερίαν
576 1211 640 1282 δὴ
668 1212 889 1270 τίκτειν.
917 1212 1009 1264 καὶ
1043 1214 1296 1284 ἀστερίαν
1345 1213 1453 1268 τῶν
1504 1213 1802 1285 σελαχωδῶη

1915 1213 1970 1258 et
2015 1208 2258 1276 torpedo,
2301 1216 2353 1260 et
2394 1207 2644 1276 squatina
2692 1207 2967 1276 paululum
2998 1217 3123 1265 ante
3160 1212 3471 1268 autumnale

236 1299 393 1363 ὄντα,
422 1303 524 1354 καὶ
555 1303 788 1372 ὁμογενῆ
910 1303 1084 1376 νάρκῃ
1105 1305 1198 1356 καὶ
1224 1305 1363 1376 ῥίνη.
1411 1305 1686 1376 Ἰσημερία
1718 1308 1796 1375 μὲπ

1914 1297 2316 1365 aequinoctium.
2344 1296 2498 1362 Quod
2525 1297 2570 1352 si
2589 1297 2818 1353 stellaris
2843 1297 3278 1359 Mazmacterione,
3301 1304 3464 1372 parit,

236 1386 332 1444 οὖν
386 1391 483 1451 διὰ
528 1393 697 1446 ταῦτα
751 1395 877 1466 περὶ
908 1397 1405 1468 Μαιμακτηριῶναο
1443 1401 1534 1452 καὶ
1562 1401 1685 1469 ἑξῆς
1729 1401 1796 1453 ὅδε

1914 1397 2341 1442 consentaneum
2384 1399 2466 1444 est
2495 1389 2640 1442 hunc
2674 1403 2913 1444 mensem
2945 1405 3053 1444 non
3083 1406 3205 1446 esse
3239 1393 3469 1450 alterum

237 1482 598 1554 Βοηδρομιὼν
621 1488 752 1539 ἐστι.
777 1487 1090 1557 Πυανεψιὼν
1106 1490 1162 1542 δὲ
1196 1491 1329 1560 μετά
1347 1492 1797 1563 Μαιμακτηριῶνο

1914 1483 1983 1536 ab
2046 1482 2398 1550 aequinoctio,
2449 1483 2542 1537 sed
2599 1490 2746 1538 certe
2792 1485 3050 1552 primum,
3096 1496 3150 1539 et
3195 1487 3465 1543 stellarem

236 1573 426 1636 εὐθύς.
467 1576 540 1628 Τὸ
560 1576 614 1629 δὲ
645 1578 830 1630 πιστὸν
871 1581 964 1632 καὶ
1007 1581 1157 1651 παρά
1189 1581 1528 1653 Πλουτάρχου
1561 1583 1796 1654 ληπτέον

1914 1586 2128 1642 quoque
2161 1573 2303 1626 circa
2334 1573 2712 1642 arquinoctium
2746 1589 2953 1642 parere,
2986 1575 3198 1644 generis
3230 1594 3351 1632 eum
3395 1581 3466 1634 sit

236 1665 497 1732 λέγοντος
526 1668 582 1720 ἐν
603 1669 678 1740 τῷ
696 1670 914 1740 Θησέως
939 1671 1037 1742 βίῳ
1061 1673 1212 1740 ἄγειν
1245 1674 1556 1744 Ἀθηναίους
1584 1676 1680 1746 τὴν
1705 1677 1796 1732 τῶι

1912 1663 2269 1732 cartilaginei,
2289 1671 2341 1718 et
2363 1663 2626 1733 ejusdem,
2651 1666 2807 1735 cujus
2845 1667 3061 1721 testudo
3091 1675 3145 1722 et
3186 1673 3462 1738 squatina.

249 1755 621 1832 Ὀσχοφορίων
651 1762 840 1834 ἑορτὴν
874 1763 1270 1833 Πυανεψιῶνος,
1303 1767 1522 1836 Θησέως
1545 1770 1809 1840 καταστή-

1913 1753 1990 1808 Ex
2035 1755 2121 1810 his
2167 1754 2352 1824 itaque
2381 1755 2528 1809 circa
2559 1754 3044 1812 Maemacterionem
3073 1763 3459 1828 tequinoetium

237 1863 437 1910 σαντος
459 1866 473 1878 ·
511 1851 694 1922 φέρειν
725 1871 782 1906 τε
829 1855 952 1918 τοὺς
992 1855 1202 1926 ὀσχους,
1233 1857 1314 1909 ὅτι
1347 1858 1797 1932 συγκομιζομένης

1911 1855 2016 1910 est,
2050 1856 2102 1900 et
2133 1847 2425 1902 continuus
2455 1846 2835 1902 Boedromioni
2879 1847 3296 1906 Maemaeterion.
3329 1853 3467 1924 Pya-

236 1937 466 2010 ὀπώρας
497 1943 731 2014 ἐπανῆκε
752 1943 959 2016 Θησεὺς
985 1948 1120 2016 μετά
1139 1947 1244 2000 τῶν
1259 1949 1452 2018 ἠϊθέων
1477 1951 1541 2002 ὲκ
1567 1951 1796 2020 Κρήτης,

1911 1943 2137 2011 nepsion
2168 1951 2346 1996 autem
2371 1945 2668 2011 protinusa
2691 1943 3123 2000 Maemacterioue
3151 1955 3252 2009 est,
3280 1947 3465 2001 tidem-

235 2031 620 2102 Πυανεψιῶνος
658 2035 816 2107 ὀγδόῃ
876 2039 1180 2108 ἱσταμένου.
1211 2040 1378 2108 Δῆλον
1406 2040 1532 2112 γὰρ,
1571 2041 1650 2094 ὅτι
1698 2042 1795 2111 ἀμ-

1909 2050 2012 2103 que
2036 2033 2235 2088 faciant
2250 2032 2524 2088 Plutarchi
2540 2034 2724 2099 verba,
2744 2036 2798 2089 in
2825 2035 3018 2090 Theseo
3035 2036 3286 2105 dicentis,
3307 2039 3464 2094 Athe-

234 2122 474 2193 πελικῆς
531 2124 748 2196 ὀπώρας
778 2129 811 2198 ή
845 2129 1036 2200 κομιδὴ
1074 2125 1160 2200 ἦν.
1203 2131 1266 2182 Ἡ
1303 2130 1358 2183 δὲ
1383 2130 1661 2201 ὀψιαιτέρα
1689 2134 1794 2201 μετ

1907 2127 2124 2180 nienses
2147 2123 2517 2196 Pyanepsionc
2549 2125 2838 2179 Ramorum
2882 2127 3023 2181 diem
3064 2124 3260 2182 festum
3305 2143 3463 2196 agere

248 2213 615 2287 Ἀρκτοῦρον*
643 2217 674 2287 ἢ
707 2219 787 2281 είς
821 2220 1002 2290 τρίτον
1046 2222 1188 2291 μῆνα
1215 2223 1315 2275 οὐκ
1336 2222 1400 2276 ἂν
1434 2222 1640 2292 γένοιτο
1679 2224 1806 2296 περὶ

1905 2216 1961 2270 in
1994 2217 2304 2271 memoriam
2345 2216 2504 2286 158
2543 2215 2737 2271 Thesei
2771 2225 2884 2271 tum
2917 2233 2946 2272 e
2977 2219 3134 2274 Creta
3164 2235 3286 2274 cum
3309 2221 3462 2289 juve-

246 2305 528 2377 Ἀττικήν.
587 2308 780 2379 Τρίτος
814 2310 857 2363 δ’
888 2312 1016 2380 ἡμῖν
1067 2311 1381 2382 Πυανεψιὼν
1425 2312 1530 2366 ἀπὸ
1572 2314 1803 2385 Βοηδρο-

1907 2308 2070 2363 nibus
2103 2308 2324 2363 reducis
2360 2308 2517 2374 facti;
2555 2316 2609 2362 et
2652 2325 2832 2363 ramos
2873 2318 3109 2380 gestare,
3147 2313 3291 2382 quod
3347 2320 3461 2366 tum

237 2398 462 2467 μιῶνος,
516 2401 609 2454 καὶ
658 2401 772 2471 μετ’
815 2402 1161 2474 Ἀρκτοῦρον.
1211 2405 1371 2458 Ἀλλά
1405 2405 1511 2477 μὴν
1545 2409 1638 2460 καὶ
1676 2408 1797 2460 Θεό-

1905 2401 2151 2482 redierit,
2189 2416 2312 2454 cum
2349 2400 2562 2456 fructus
2604 2403 2913 2472 legerentur
2954 2404 3041 2459 die
3086 2415 3278 2460 octavo
3310 2398 3461 2478 'Pyao

236 2508 481 2562 φραστος
507 2495 563 2545 ὲν
593 2497 704 2556 τοῖς
732 2495 913 2558 αὐτοῖς
941 2496 1064 2566 περὶ
1097 2497 1277 2565 φυτῶν
1327 2499 1524 2569 ἱστορεῖ
1562 2499 1796 2570 κόμαρον

1906 2492 2204 2560 nepsiouis.
2245 2492 2472 2546 Constat
2502 2493 2644 2547 enim
2690 2493 2859 2548 fuisse
2885 2494 3173 2551 vindemia:
3207 2506 3457 2567 tempus:

225 2581 422 2636 ἀνθεῖν
481 2583 874 2654 Πυανεψιῶνος.
941 2587 1161 2657 Ὀρᾶται
1217 2587 1272 2640 δὲ
1315 2587 1468 2640 τοῦτο
1524 2589 1785 2659 γινόμενοι

1902 2599 2023 2653 qua:
2049 2584 2102 2637 in
2147 2584 2326 2637 Attica
2357 2599 2699 2654 nequaquam
2753 2586 2844 2640 fiat
2888 2588 3064 2641 serior
3093 2589 3160 2643 ab
3201 2591 3458 2656 Arcturo,

231 2673 373 2744 περί
437 2674 706 2745 Ἀττικὴν,
764 2678 857 2729 καὶ
909 2677 1006 2740 τὰς
1051 2677 1240 2748 ὁμοίας
1267 2679 1364 2749 τὴν
1396 2681 1588 2749 κρᾶσιν
1621 2679 1791 2752 χώρας

1903 2692 2064 2746 quam
2093 2677 2254 2730 tertio
2280 2691 2489 2732 mense.
2528 2677 2744 2731 Tertius
2787 2694 2915 2734 vero
2954 2680 3113 2734 nobis
3144 2689 3227 2735 est
3256 2697 3285 2734 a
3327 2681 3457 2738 Boc-

229 2765 477 2836 δευτέρῳ
525 2767 652 2838 μηνὶ
715 2769 810 2820 ἀπ’
861 2769 1146 2840 ἰσημερίας
1172 2768 1603 2840 φθινοπωρινῆς
1635 2771 1789 2841 τρίτη

1902 2768 2207 2832 dromioue,
2242 2769 2386 2823 etab
2424 2768 2657 2822 Arcturo
2697 2769 3058 2840 Pyanepsion.
3090 2772 3250 2842 Atqui
3295 2774 3456 2828 etiam

227 2855 274 2909 δ’
316 2858 625 2924 ἀπανθεῖν,
680 2861 773 2912 καὶ
815 2860 874 2913 τὸ
929 2861 1258 2931 μεμαίκυλον
1307 2861 1406 2932 ἤδη
1448 2862 1787 2932 ἀδρυνόμενοη

1903 2859 2307 2929 The0pbrastus
2338 2860 2390 2912 in
2437 2860 2625 2913 iisdem
2663 2861 2813 2916 libris
2873 2861 2940 2916 de
2977 2863 3198 2932 plantis,
3249 2862 3449 2935 Pyaue-

233 2946 429 3018 ἴσχειν.
479 2950 852 3019 Πυανεψιῶνος
897 2952 951 3005 δὲ
995 2953 1087 3005 καὶ
1116 2954 1212 3023 τὴν
1243 2955 1299 3005 ὲν
1325 2953 1580 3024 Αἰγύπτῳ
1604 2971 1793 3007 κοκκυ-

1902 2951 2091 3018 psione
2148 2949 2402 3002 arbulum
2446 2949 2638 3003 florere
2695 2951 2918 3018 scribit;
2972 2952 3120 3020 quod
3174 2953 3227 3006 in
3281 2953 3455 3009 Attica

233 3043 446 3114 μηλέαν
505 3043 683 3097 ἀνθεῖν
726 3062 856 3116 φησι
883 3058 895 3072 '
928 3045 1085 3097 τοῦτο
1121 3045 1176 3098 δὲ
1227 3047 1352 3116 περὶ
1377 3047 1626 3117 δεύτερον
1657 3047 1793 3116 γίνε-

1903 3041 2263 3110 conspicitur,
2298 3050 2350 3095 et
2381 3041 2574 3095 similis
2601 3043 2880 3112 temperiei
2909 3044 3244 3112 regionibus,
3274 3061 3455 3102 mense

232 3136 361 3189 σθαι
400 3136 540 3207 μῆνα
588 3138 696 3189 an»;
745 3137 1028 3208 ἰσημερίας
1076 3137 1358 3205 Αἰγύπτιοι
1399 3137 1636 3206 λέγουσι.
1692 3139 1792 3192 Kal

1902 3135 1970 3189 ab
2033 3135 2333 3188 autumnali
2393 3135 2722 3204 aequinoctio
2782 3135 3056 3204 secundo;
3112 3138 3273 3192 tertio
3330 3155 3453 3194 vero

230 3227 410 3291 ἄλλως
450 3228 506 3280 δὲ
557 3225 757 3292 δόξειεν
811 3229 876 3282 ἂν
932 3231 1356 3301 ἀμφισὸητοῦντι
1419 3231 1648 3300 μάλιστα
1691 3231 1790 3283 τῶν

1899 3225 2181 3291 deﬂorere,
2207 3235 2261 3281 et
2307 3226 2418 3296 jam
2463 3228 2765 3282 crescentia
2823 3228 3014 3282 arbuta
3066 3229 3284 3284 habere.
3319 3229 3452 3301 Pya-

232 3318 410 3371 ἄλλων
439 3319 690 3372 ἁπάντων
709 3320 892 3390 μηνῶν
919 3322 947 3372 ὀ
973 3321 1287 3391 Πυανεψιὼν
1310 3322 1468 3386 εὐθὺς
1488 3319 1624 3375 εἶναι
1661 3322 1792 3393 μετά

1897 3319 2158 3386 nepsione
2207 3333 2423 3387 quoque
2457 3319 2508 3372 iu
2545 3318 2779 3389 Egypto
2805 3336 3036 3388 prunum
3063 3319 3255 3374 florere
3281 3321 3410 3375 dicit
3438 3340 3452 3377 :

231 3409 636 3481 Βοηδρομιῶνα,
665 3412 718 3463 εί
740 3430 800 3480 γε
823 3429 888 3465 πε
898 3413 948 3483 pl.
971 3414 1128 3466 αὐτὸν
1157 3416 1190 3486 ή
1215 3415 1407 3485 κομιδὴ
1435 3415 1532 3485 τῆς
1555 3414 1791 3484 ὀπώρας,

1897 3425 2081 3462 verum
2149 3410 2199 3463 id
2259 3409 2373 3463 ﬁeri
2440 3411 2682 3464 secundo
2752 3427 2938 3466 mense
3001 3412 3069 3466 ab
3131 3409 3451 3481 atquinoctio

229 3501 308 3563 ὡς
357 3500 699 3571 Πλούταρχος
748 3501 868 3572 ἔφη.
898 3503 1012 3556 Οὐκ
1053 3504 1164 3556 ἔστι
1188 3504 1282 3557 δέ·
1328 3505 1789 3574 Μαιμακτηριῶνα

1896 3497 2132 3567 Egyptii
2187 3507 2523 3553 asseverant.
2579 3505 2648 3554 At
2699 3503 2954 3571 cuiquam
3005 3503 3234 3558 fortasse
3270 3503 3336 3558 de
3365 3503 3450 3559 hil

229 3587 341 3660 γὰρ
369 3584 506 3641 εἶναι
532 3589 904 3643 ἀποδέδεικται
931 3590 1017 3660 δή.
1055 3591 1113 3643 Ὀ
1139 3593 1243 3662 ἄρα
1269 3593 1384 3662 μετ’
1413 3593 1614 3644 ἐκεῖνον
1638 3592 1789 3654 εὐθὺς

1893 3589 2186 3657 ambigenti
2246 3591 2414 3643 videri
2463 3593 2636 3660 possit
2683 3591 3023 3664 Pyanepsion
3068 3593 3447 3650 Boedromioni

227 3681 302 3736 ὅδ’
347 3682 512 3736 ἐστίν.
552 3683 818 3746 ’Ύστατος
849 3683 904 3736 δὲ
933 3683 1009 3753 τῷ
1031 3684 1313 3754 καταλόγῳ
1341 3684 1472 3752 τῷδε
1504 3687 1632 3754 ἡμῖν
1679 3685 1787 3736 Ἀν-

1891 3680 2135 3733 omnium
2185 3681 2480 3749 proximus,
2538 3682 2582 3736 si
2642 3697 2707 3736 eo
2750 3697 2937 3737 mense
2993 3684 3151 3738 fiebat
3201 3687 3446 3739 autumni

225 3773 530 3845 θεστηριών
548 3791 562 3804 ο
591 3773 668 3844 τῷ
690 3774 797 3845 γὰρ
822 3775 1223 3845 ὑπολειπομένῳ
1241 3774 1337 3846 τὴν
1362 3775 1547 3846 λοιπὴν
1575 3777 1785 3829 ἀπονεῖ-

1891 3770 2164 3827 fructuum
2216 3774 2596 3840 comportatio,
2645 3780 2705 3827 ut
2752 3774 3077 3829 Plutarchus
3128 3775 3321 3846 inquit.
3378 3778 3446 3831 At

229 3883 329 3936 μαι
357 3864 540 3937 χώραν
576 3866 640 3936 δὴ
681 3867 992 3931 ἀναγκαῖον.
1028 3868 1137 3920 Καὶ
1170 3867 1349 3930 πίστις
1387 3869 1540 3938 ἱκανὴ
1565 3869 1699 3932 τέως
1725 3887 1788 3937 γε

1889 3879 1996 3918 non
2046 3865 2118 3918 ita
2160 3870 2263 3928 est,
2317 3880 2440 3918 cum
2500 3864 2984 3922 Maemacterionem
3033 3869 3292 3922 continuo
3325 3883 3445 3923 esse

224 3957 386 4010 τοῦτο
441 3957 506 4010 ἂν
553 3956 659 4027 εἴη.
689 3960 838 4028 "Atta
885 3957 947 4028 δὴ
995 3957 1171 4027 δῆλον,
1205 3958 1297 4010 καὶ
1329 3959 1408 4010 ὅτι
1447 3959 1573 4028 περὶ
1602 3960 1784 4014 Ποσει-

1967 3963 2316 4009 monstratum
2349 3956 2438 4011 sit.
2461 3955 2878 4011 Maemacterioni
2920 3958 3080 4029 igitur
3109 3958 3445 4030 Pyauepsiou
3523 3989 3527 3993 -

221 4045 397 4100 δεῶνα
426 4049 481 4100 αί
508 4049 812 4118 χειμεριναὶ
838 4049 1034 4117 τροπαὶ
1073 4047 1480 4118 ἀκριϐέστερον,
1507 4049 1641 4118 ὅπερ
1667 4050 1781 4101 κατ’

1886 4047 2194 4118 contiguus.
2253 4046 2488 4103 Ultimus
2538 4048 2694 4103 nobis
2742 4049 2843 4104 hac
2899 4052 3305 4107 enumeratione
3360 4060 3445 4106 est

222 4139 398 4210 ἀρχὰς
450 4139 786 4209 ἀπελίπομεν
824 4142 936 4203 τοῖς
985 4139 1248 4210 ὑστέροις.
1283 4140 1546 4210 Ἕϐδομος
1572 4141 1678 4212 γὰρ
1702 4141 1782 4194 ὅδε

1885 4140 2308 4204 Anthesterion;
2355 4141 2564 4210 reliquo
2614 4142 2756 4195 enim
2808 4141 2987 4196 sedem
3034 4158 3173 4205 eam,
3205 4159 3324 4212 qua:
3352 4157 3445 4199 su-

221 4232 330 4284 ἁπὸ
370 4230 840 4301 Ἑκατομϐαιῶνος
868 4230 962 4283 καὶ
981 4230 1195 4302 τροπῶν
1219 4230 1462 4302 θερινῶν.
1497 4231 1781 4301 Φιλόστρα-

1888 4241 2068 4301 perest
2109 4232 2306 4285 ascribi
2336 4241 2568 4300 oportet.
2602 4232 2662 4285 Et
2684 4233 2796 4286 haec
2834 4233 3051 4301 quidem
3077 4235 3292 4289 interim
3316 4250 3441 4304 pro-

219 4339 310 4384 τος
332 4320 388 4373 δὲ
415 4321 667 4390 πάμπολυ
713 4321 982 4392 διέστηκε,
1031 4320 1268 4392 φάμενος
1313 4320 1612 4390 Ἀθηναίοις
1643 4322 1779 4391 νόμι·

1885 4322 2034 4376 hatio
2083 4322 2337 4377 sufficiat.
2400 4322 2574 4375 Simul
2629 4338 2758 4377 vero
2813 4331 3045 4386 constat,
3093 4325 3241 4379 circa
3288 4324 3441 4379 Posi-

222 4429 322 4482 μον
349 4407 488 4464 εἶναι
521 4413 643 4472 τοὺς
666 4411 857 4473 παῖδας
876 4414 1102 4482 τριετεῖς
1133 4410 1453 4480 γενομένους
1489 4411 1782 4479 στεφανοῦ-

1885 4411 2109 4466 deonem
2169 4411 2416 4464 brumam
2478 4426 2617 4474 esse,
2674 4410 2837 4479 idque
2885 4412 3095 4466 ratione
3147 4414 3436 4476 exactiore,

220 4503 343 4555 σθαι
371 4502 478 4554 τῶν
512 4501 714 4555 ἀνθέων
748 4502 914 4571 μηνὸς
965 4501 1431 4574 Ἀνθεστηριῶνος.
1467 4501 1634 4571 Δῆλος
1673 4504 1780 4574 γάρ

1884 4502 2028 4575 quod
2058 4518 2086 4555 a
2120 4502 2385 4573 principio
2410 4502 2698 4571 rejccimus
2726 4503 2790 4555 ad
2818 4503 3138 4572 posteriora.
3167 4501 3437 4572 Septimus

218 4596 362 4646 ἐστιν
391 4592 601 4662 ἐαρινόν
629 4591 774 4645 τόνδε
812 4592 952 4661 μῆνα
980 4591 1348 4663 καταριθμῶν.
1385 4593 1447 4645 Εἰ
1483 4592 1578 4662 μὲν
1609 4589 1700 4645 οὖν
1726 4595 1775 4646 οἱ

1883 4607 2116 4661 namque
2150 4599 2230 4645 est
2259 4591 2325 4644 ab
2357 4589 2803 4646 Ilecatombwone
2861 4592 3158 4662 zestivoque
3182 4593 3433 4648 solstitio.

215 4685 302 4737 ἐπ’
352 4683 515 4736 αὑτοῦ
570 4683 858 4754 Ἀθηναῖοι,
903 4682 1000 4754 τὴν
1022 4683 1128 4736 τῶν
1150 4683 1427 4755 προγόνων
1468 4685 1596 4756 περὶ
1651 4688 1775 4758 τοὺς

1884 4683 1991 4738 Sed
2041 4682 2404 4738 Philostratus
2453 4684 2610 4753 longe
2663 4685 2716 4737 in
2778 4683 2885 4737 alia
2934 4686 3084 4738 stetit
3145 4685 3433 4748 sententia,

219 4777 392 4846 μῆνας
406 4776 650 4840 σύνταξιν
669 4774 1087 4840 ὑπαλλάξαντες,
1116 4776 1285 4840 ἄλλως
1301 4777 1552 4849 ἐχρῶντο,
1582 4779 1774 4848 ἀληθὲς

1881 4777 2073 4832 dicens
2101 4776 2525 4831 Atheniensibus
2554 4791 2756 4830 morem
2794 4777 2966 4831 fuisse
2997 4791 3195 4846 pueros
3242 4777 3435 4831 trimos

213 4866 505 4934 ἀντιλέγοισ
570 4865 708 4937 πλὴν
760 4869 919 4936 ἡμῖν,
970 4867 1065 4936 οὐχ
1095 4868 1122 4918 ὃ
1152 4885 1202 4920 τι
1231 4869 1278 4920 οί
1306 4868 1396 4920 ἐπὶ
1417 4868 1771 4940 Φιλοστράτου

1880 4868 2105 4922 ﬂoribus
2152 4869 2429 4932 coronari,
2478 4883 2663 4922 mense
2709 4868 3146 4921 Anthesterione.
3179 4867 3230 4923 Is
3264 4867 3429 4931 enim,

224 4959 492 5029 Ἀθηναῖοι
517 4955 668 5030 ἦγον,
704 4960 957 5029 ἐπιμελὲς
995 4960 1191 5014 εἰδέναι
1213 4979 1268 5013 τε
1305 4962 1398 5014 καὶ
1429 4961 1630 5025 λαϐεῖν,
1657 4963 1770 5016 ἀλλ’

1881 4963 1937 5008 ut
1968 4961 2212 5024 apparet,
2255 4953 2402 5006 hunc
2432 4967 2671 5006 mensem
2699 4959 2883 5021 aperte
2918 4952 3060 5006 inter
3081 4967 3278 5006 vernos
3299 4967 3431 5006 enu-

207 5050 236 5102 ὃ
258 5066 308 5102 τι
337 5051 384 5102 οἱ
409 5051 494 5102 ἐπ’
531 5049 929 5121 Ἀριστοτέλους
985 5051 1078 5101 καὶ
1123 5050 1484 5121 Θεοφράστου.
1521 5051 1582 5102 EE
1624 5050 1678 5102 δὲ
1707 5050 1767 5122 δὴ

1877 5055 2070 5101 inerat.
2128 5045 2184 5099 Si
2214 5045 2378 5114 igitur
2422 5042 2738 5098 Philostrati
2787 5044 3044 5113 aequales,
3076 5042 3428 5098 Athenienses

205 5143 266 5195 τὸ
298 5141 396 5210 μὲν
437 5140 562 5211 περὶ
596 5143 722 5202 τοὺς
773 5141 966 5203 παῖδας
1011 5142 1169 5204 αὐτὸς
1230 5141 1500 5210 λογοποιεῖ
1552 5159 1612 5194 τε
1676 5143 1765 5196 καὶ

1875 5141 2017 5208 dico,
2069 5138 2344 5193 mensibus
2388 5137 2543 5190 aliter
2587 5136 2897 5198 utebantur,
2930 5151 2994 5189 ac
3036 5135 3276 5204 ipsorum
3309 5148 3425 5187 ma-

207 5234 521 5295 πλάττεται,
549 5232 622 5296 ώς
649 5234 742 5285 καὶ
775 5231 908 5285 ἄλλα
934 5231 1123 5293 πολλὰ,
1161 5234 1415 5301 σοφιστὴς
1437 5233 1510 5284 ῶν
1539 5250 1551 5262 ·
1603 5234 1690 5286 τὸν
1711 5234 1767 5286 δὲ

1868 5231 2036 5299 jores.
2061 5243 2250 5282 eorum
2285 5227 2493 5281 scilicet
2523 5226 2710 5280 ordine
2739 5226 2975 5288 turbato,
3002 5239 3187 5280 verum
3219 5224 3422 5294 aliquid

209 5322 349 5390 μῆνα
380 5321 487 5374 ἀπὸ
533 5320 640 5373 τῶν
679 5321 881 5374 ἀνθέων
915 5321 1254 5390 ἐτυμολογῶν
1293 5323 1585 5392 ὑπείληφεν
1615 5324 1763 5394 ἐαρι-

1872 5323 2098 5376 diceret.
2134 5319 2372 5373 Tametsi
2425 5318 2578 5372 nobis
2628 5332 2773 5372 curae
2811 5333 2918 5371 non
2959 5325 3063 5380 est,
3096 5331 3422 5386 cognoscere

203 5413 290 5464 νόν
322 5413 457 5466 εἶναι
481 5429 493 5440 ·
519 5412 660 5466 οὕτω
717 5414 774 5466 δὲ
805 5415 896 5466 καὶ
927 5413 1102 5483 πολλῴ
1130 5413 1325 5483 μᾶλλον
1356 5415 1762 5485 εὐκαταφρονη-

1869 5413 1998 5484 quid
2027 5411 2340 5465 Philostrati
2376 5418 2618 5478 tempore
2662 5417 2882 5479 agerent
2917 5407 3294 5468 Athenienses,
3327 5405 3419 5459 sed

202 5503 396 5574 πότερα
424 5504 489 5556 τά
525 5506 644 5557 κατ’
698 5506 858 5557 αὐτὸν
912 5505 1138 5572 γίνεται.
1173 5505 1305 5556 υὺδὲ
1347 5505 1450 5576 γὰρ
1477 5505 1539 5575 δὴ
1565 5505 1634 5557 τὰ
1663 5505 1762 5574 τῆς

1868 5504 1997 5575 quid
2026 5501 2329 5556 Aristotelis
2379 5510 2432 5556 et
2474 5499 2856 5570 TheOphrasti.
2883 5499 3022 5564 Quid
3063 5512 3190 5552 vero
3235 5498 3278 5552 si
3318 5498 3419 5549 hoc

201 5596 553 5666 ἐτυμολογίας
589 5595 927 5666 πιθανώτερα
952 5597 1059 5650 ἀπὸ
1095 5599 1190 5666 τῆς
1223 5595 1385 5661 ἕξεως
1416 5596 1520 5648 τῶν
1556 5595 1759 5650 ἀνθέων

1873 5611 2089 5666 quoque
2131 5595 2199 5649 de
2228 5594 2410 5662 pueris
2438 5591 2889 5655 comminiscitur,
2922 5597 2978 5644 ut
3007 5591 3260 5661 pleraque
3290 5587 3415 5648 alia,

201 5687 235 5754 ἧ
272 5686 376 5739 ἀπὸ
404 5687 502 5755 τῆς
536 5687 840 5756 στερήσεως
888 5687 1114 5756 φαίνοιτ’
1162 5690 1246 5741 ἄν.
1283 5688 1401 5739 ’Ὁτι
1439 5686 1545 5758 γὰρ
1580 5687 1759 5757 στέρε-

1865 5705 1930 5742 ex
1974 5687 2041 5741 iis
2064 5701 2224 5750 unus,
2259 5699 2396 5754 quos
2447 5681 2720 5751 sophistas
2762 5680 2979 5735 dixere:
3010 5693 3239 5748 eumque
3266 5692 3414 5730 men-

204 5776 322 5830 σθαι
368 5777 487 5830 τότε
547 5776 749 5830 ἀνθέων
803 5778 1083 5847 συμϐαίνει
1124 5778 1220 5849 τὴν
1264 5777 1429 5848 ῶραν,
1479 5778 1758 5847 Ἀνθεστη-

1871 5794 1982 5834 sem
2018 5791 2245 5832 vernum
2281 5790 2402 5830 esse
2448 5775 2640 5838 credit,
2675 5789 2703 5827 τι
2736 5771 2960 5828 ﬂoribus
2989 5771 3149 5826 ducta
3179 5768 3412 5826 nominis
