3950 6266
494 336 635 397 1185
1445 342 1538 395 AI)
1576 339 1839 397 EUSEBII
1878 339 2054 395 CHBU

2162 341 2270 399 ZON
2302 337 2664 400 APPENDIX.
3584 350 3722 409 1188

491 462 742 520 ratione?
769 461 974 533 Nempe
1014 462 1097 520 sic
1138 477 1260 532 qua:
1292 463 1427 519 dixit
1456 465 1591 520 ﬁunt
1627 467 2046 536 contemptiora.

2162 469 2322 540 ριῶνα
2361 469 2450 522 τὸν
2506 468 2807 522 τελευταῖον
2829 468 2938 522 τῶν
2979 469 3388 543 φθινοπωρινῶν
3421 474 3575 544 μῆνα
3593 473 3722 530 ὡδο-

493 555 681 625 Iieque
706 554 853 609 enim
911 554 1015 611 ﬁde
1067 553 1285 625 dignior
1331 555 1500 611 videri
1555 565 1717 627 queat
1763 559 1972 613 notatio
2015 573 2046 613 a

2162 557 2356 628 μάσθαι
2381 558 2616 630 φαίημεν
2649 559 2713 614 ἃν
2744 562 2905 632 ἡμεῖς
2925 575 2939 590 ·
2975 560 3092 614 εῐτι
3107 560 3215 615 δέοι
3233 563 3328 617 καὶ
3354 566 3474 628 τοῖς
3496 563 3722 637 om

491 644 685 703 ﬂorum
716 646 895 717 capia,
940 661 1103 717 quam
1138 647 1207 702 ab
1245 661 1435 702 eorum
1491 647 1694 718 inopia.
1733 648 1868 703 Nam
1901 649 2046 720 quod

1028 661 1103 701 am
1138 647 1207 702 ab
1245 661 1435 702 eorum
1491 647 1694 718 inopia.
1733 648 1868 703 Nam
1901 649 2046 720 quod
2153 647 2588 705 κατακολουθεῖν.

492 740 548 795 id
591 741 852 811 temporis
908 741 1175 811 contingit
1222 740 1448 796 ﬂoribus
1498 742 1704 809 orbari,
1734 743 2201 807 Anthesterionem
2244 742 2547 798 dixerimus
2574 750 2912 813 postremum
2962 743 3357 799 autumnalium
3407 744 3685 801 mensium

492 835 539 891 si
603 851 712 907 quo
759 835 897 890 forte
941 835 1102 891 modo
1156 835 1211 890 in
1257 836 1876 903 nominibusrationem
1915 840 2068 911 sequi
2096 844 2365 909 oporteat.

741 1037 882 1095 Ordo
911 1052 961 1095 et
993 1044 1151 1099 series
1174 1098 1177 1101 .
1197 1045 1487 1100 Atticorum
1529 1050 1803 1104 mensium.
1838 1032 1849 1051 ’

2400 1046 2472 1100 Τὸ
2512 1044 2736 1116 ἐφεξῆς
2776 1042 2893 1097 τῶν
2931 1039 3207 1096 Ἀττικῶν
3230 1041 3464 1113 μηνῶν.

559 1167 649 1223 VI.
681 1169 863 1229 Series
889 1175 1053 1245 igitur
1072 1176 1376 1234 Atticorum
1402 1186 1668 1238 mensium
1696 1198 1724 1235 ιι
1755 1184 1914 1242 nobis
1940 1183 2044 1240 hoc

2220 1185 2312 1254 ς’.
2339 1185 2412 1237 Τὸ
2444 1184 2541 1255 μὲν
2584 1177 2675 1237 οὖν
2713 1179 2909 1252 ἑφεξῆς
2950 1178 3056 1233 τῶν
3102 1179 3360 1233 Ἀττικῶν
3396 1179 3590 1253 μηνῶν
3622 1175 3722 1235 ὧδε

489 1271 647 1329 pacto
675 1278 740 1318 ex
781 1268 1107 1334 supradictis
1136 1273 1318 1328 causis
1354 1272 1599 1330 ducenda
1626 1282 1710 1330 est
1750 1317 1764 1331 .

2146 1276 2278 1348 ημῖν
2306 1274 2392 1329 διὰ
2429 1273 2527 1337 τὰς
2552 1272 2847 1344 εἰρημένας
2872 1270 3051 1334 αἰτίας
3080 1269 3393 1341 ύφηγείσθω
3415 1287 3433 1301 ·

661 1352 1103 1435 ξξοοιιιοιηίκθοη,

2366 1362 2795 1435 Ἑκατομϐαιῶν,

662 1422 1040 1503 yelagilnion,
1089 1422 1099 1427 ⁷

2355 1422 2778 1503 Μεταγέιτνιὼν,

658 1491 1042 1576 ξξιεόίοιηίοη,

2356 1491 2718 1576 Βοηδρομιὼν,

658 1561 1079 1647 Eminet-teritur,

2348 1561 2802 1647 Maiuairqpti‘w,

653 1632 1020 1714 {’yattepsion,
1064 1632 1075 1637 ’
1738 1680 1741 1687 ,

1738 1680 1741 1687 ,
2351 1632 2686 1714 Πυανεψιὼν,

653 1704 1065 1787 ἑιιιίιβὲῑθιδίοο,

2353 1715 2511 1787 ξΑνθε
2521 1704 2617 1787 om
2626 1704 2775 1786 pta”),

654 1771 947 1848 Izosideon,
1050 1771 1061 1776 ’

2351 1771 2671 1848 Ποσειδεῶν,

654 1840 969 1926 εξοωοιίριι,

2351 1840 2660 1926 (serietin

657 1910 1068 1995 Elaphebolion,
2350 1910 2778 1995 _'EXaioq6oXtdiv,

655 1982 1010 2065 Elui—lycium,
1054 1982 1062 1985 ’

2349 1982 2690 2065 Μουνῖάιῲν,

654 2051 1006 2135 "I‘Irafgeliun,

2344 2051 2681 2135 ἒαργηῖιὼνξ

654 2124 1066 2197 Scirophorion.

2346 2124 2729 2206 Σκίροῷοριών.

827 2259 1007 2319 Causa
1034 2264 1287 2321 mensium
1319 2270 1685 2340 ignorationis.
2344 2270 2387 2322 Α

2344 2266 2547 2322 Αἴτιον
2563 2266 2675 2336 τῆς
2698 2266 2830 2336 περι
2849 2267 2990 2335 τοὺς
3004 2268 3203 2339 μῆνας
3227 2269 3496 2340 ἀγνοίας.

549 2369 882 2428 VII.IIarum
910 2387 1088 2432 autem
1124 2393 1309 2435 rerum
1339 2383 1854 2458 ignorationis,quae
1876 2388 2045 2459 majo-

2207 2379 2279 2432 Z'.
2314 2379 2423 2451 Τῆς
2443 2379 2499 2433 δὲ
2532 2381 2659 2452 περὶ
2673 2380 2842 2435 ταῦτα
2860 2382 3079 2450 ἀγνοίας
3103 2385 3215 2447 τοῖς
3230 2383 3335 2455 πρὸ
3360 2383 3522 2455 ἡμῶν
3542 2386 3712 2439 αῖτιον

476 2480 597 2519 rum
617 2477 931 2521 nostrorum
951 2469 1164 2541 ingenia
1178 2477 1406 2531 antehac
1420 2477 1732 2544 obcaecavit,
1751 2494 1913 2535 causa
1928 2480 2036 2537 haec

2147 2472 2200 2526 rb
2237 2472 2535 2543 Ῥωμαίους
2568 2473 2682 2544 ἅμα
2710 2474 2804 2526 καὶ
2836 2473 3122 2546 διορθῶσαι
3148 2475 3216 2528 τὰ
3245 2475 3371 2548 περὶ
3398 2477 3497 2530 τὸν
3530 2476 3707 2530 ἐνιαυ-

475 2564 561 2612 est
592 2575 605 2612 :
641 2559 786 2628 quod
817 2559 1046 2617 Romani
1070 2571 1123 2619 et
1152 2580 1354 2621 annum
1377 2570 1737 2635 emendarint,
1767 2580 1819 2627 et
1845 2574 2035 2630 utaliis

2145 2565 2249 2628 τὸν,
2288 2565 2382 2617 καὶ
2428 2564 2611 2637 ἄρξαι,
2652 2564 2839 2636 ὥσπερ
2878 2565 2987 2620 τῶν
3040 2567 3215 2621 ἄλλων
3251 2567 3441 2635 ἐθνῶν,
3483 2569 3583 2628 καὶ
3612 2566 3705 2622 τοῦ

476 2651 718 2721 populis,
763 2652 839 2707 ita
863 2653 1062 2711 Graeca:
1089 2660 1233 2729 genti
1266 2661 1606 2731 imperarint.
1642 2663 1721 2718 Ad
1754 2664 2036 2734 imperium

2149 2654 2477 2726 Ἑλληνικοῦ.
2529 2657 2671 2728 Πρὸς
2698 2656 2806 2728 γὰρ
2828 2657 2906 2728 τῷ
2930 2659 3117 2730 ἄρχειν
3165 2661 3365 2733 ἑτέρων
3390 2661 3489 2714 καὶ
3517 2661 3582 2714 τὸ
3609 2661 3705 2733 τῆς

475 2745 621 2799 enim
673 2754 983 2814 externum,
1048 2754 1283 2820 puritate
1345 2756 1723 2826 elegantiaque
1776 2759 2035 2814 sermonis

2145 2748 2321 2819 φωνῆς
2376 2748 2437 2819 δὴ
2488 2750 2725 2822 καθαρὸν
2772 2751 2865 2804 καὶ
2897 2753 3107 2822 κομψὸν
3141 2754 3396 2825 ’Έλληνες
3427 2753 3705 2809 ἀπολωλε-

477 2834 700 2902 amissa,
733 2836 927 2904 Graeci,
967 2847 1027 2893 ut
1071 2841 1181 2896 fere
1223 2842 1302 2907 ﬁt,
1350 2845 1417 2897 ad
1472 2846 1892 2915 imperitantium
1937 2848 2037 2901 lin-

2146 2839 2311 2905 κότες,
2340 2840 2474 2911 πρὸς
2505 2842 2601 2912 τὴν
2646 2841 2754 2896 τῶν
2800 2843 3071 2915 ἀρχόντων
3101 2841 3361 2923 φωνὴν,.ᾖ
3389 2846 3536 2915 φιλεῖ
3564 2846 3706 2915 γίνε-

477 2942 640 2997 guam
671 2930 1033 2995 transierunt,
1073 2944 1127 2987 et
1156 2932 1350 2989 Latina
1378 2937 1597 2990 nomina
1645 2952 1767 2990 cum
1813 2938 1867 2991 in
1914 2939 2036 2994 aliis

2144 2930 2283 2994 σθαι,
2309 2931 2598 2999 ἐξίσταντο,
2621 2936 2717 2988 καὶ
2740 2934 2847 2990 τῶν
2875 2937 3193 3006 Ῥωμαϊκῶν
3214 2940 3492 3010 ὀνομάτων
3525 2940 3704 3007 ἄλλοις

477 3020 689 3083 multis,
719 3029 832 3075 tum
857 3023 913 3077 in
940 3026 1208 3080 mensium
1254 3028 1487 3096 propriis
1524 3028 1803 3084 vocabulis
1838 3029 2035 3098 permi-

2145 3038 2197 3076 τε
2220 3022 2450 3086 πολλοῖς,
2477 3025 2569 3078 καὶ
2600 3024 2662 3096 δὴ
2694 3025 2787 3079 καὶ
2810 3030 2928 3091 ταῖς
2951 3028 3061 3081 τῶν
3097 3029 3279 3100 μηνῶν
3311 3031 3705 3103 προσηγορίαις

476 3117 714 3176 scentes,
776 3112 829 3166 in
887 3129 1043 3168 usum
1109 3130 1266 3170 suum
1323 3125 1637 3172 verterunt:
1688 3119 2034 3189 acceptisque

2143 3118 2249 3178 τοῖς
2283 3115 2558 3186 σφετέροις
2605 3117 2992 3188 ἀναμιγνύντες
3039 3120 3303 3192 ἐχρῶντο⁸
3332 3121 3619 3192 δεξάμενοι
3645 3138 3703 3176 τε

476 3198 845 3256 Romanorum
883 3204 1132 3270 coloniis,
1168 3221 1226 3262 se
1272 3209 1569 3262 etiamnum
1596 3209 1889 3271 Romanos,
1925 3225 2033 3264 non

2142 3204 2390 3269 ἀποικίας
2451 3207 2752 3277 Ῥωμαίων,
2803 3210 2997 3274 αύτούς
3034 3227 3093 3263 τε
3132 3212 3259 3283 ἄχρι
3305 3213 3399 3265 καὶ
3428 3212 3527 3267 νῦν
3572 3214 3702 3268 Ῥω-

476 3289 729 3349 Hellenas
780 3306 995 3364 vocant,
1037 3307 1091 3353 et
1129 3299 1443 3357 nominibus
1473 3302 1741 3358 mensium
1774 3301 2034 3358 Romanis

2143 3295 2330 3366 μαίους
2373 3296 2492 3349 ἀντὶ
2527 3297 2791 3369 Ἐλλήνων
2831 3299 3055 3354 καλοῦσι
3077 3318 3089 3331 ·
3135 3303 3230 3355 καὶ
3264 3301 3455 3374 ὥσπερ
3476 3303 3703 3368 οἰκείαις

476 3394 730 3456 tanquam
750 3389 864 3457 suis
881 3397 1126 3447 utuntur.

2142 3386 2250 3445 ταῖς
2297 3383 2404 3436 τῶν
2444 3385 2726 3456 Ῥωμαίων
2760 3390 2899 3458 ἀμφὶ
2950 3391 3076 3454 τοὺς
3111 3392 3283 3462 μῆνας
3319 3392 3564 3464 χρῶνται
3590 3393 3702 3447 ὀνο-

2137 3474 2374 3545 μασίαις.

829 3592 907 3649 De
936 3596 1190 3650 mensium
1218 3596 1663 3666 interpretatione.

2470 3594 2606 3660 Περὶ
2637 3593 2950 3661 ἑρμηνείας
2993 3595 3112 3649 τῶν
3128 3596 3357 3666 μηνῶν.

540 3705 679 3765 VIII.
703 3705 773 3762 Ut
792 3724 922 3764 vero
946 3710 1364 3779 interpretemur
1384 3710 1449 3764 ad
1471 3712 1733 3766 rationem
1764 3708 2038 3766 Romano-

2207 3700 2289 3756 H'.
2329 3701 2652 3773 Ἐρμηνείας
2680 3702 2725 3755 δ’
2746 3702 2909 3757 ’ἑνεκα
2942 3704 3077 3773 πρὸς
3106 3706 3232 3768 τοὺς
3254 3704 3362 3759 τῶν
3412 3707 3700 3778 Ῥωμαίων

472 3815 593 3855 rum
617 3799 905 3863 mensium,
940 3800 986 3855 si
1020 3810 1238 3872 sumpto
1269 3809 1419 3856 certo
1449 3801 2032 3872 indubitatoque’prin-

2140 3789 2332 3861 μῆνας,
2406 3793 2453 3844 εί
2523 3792 2780 3865 λάϐοιμεν
2839 3797 3012 3866 ἀρχὴν
3080 3796 3516 3870 ὁμολογουμένην
3608 3802 3700 3857 ενα

473 3891 617 3962 cipio
651 3907 823 3945 unum
864 3893 1099 3962 aliquem
1136 3896 1406 3949 mensium
1437 3897 1539 3950 rite
1568 3895 2033 3964 dcsignaverimus

2134 3881 2255 3935 τινὰ
2321 3882 2425 3937 τῶν
2481 3884 2683 3955 μηνῶν,
2716 3887 3077 3958 ὀνομάσαντες
3130 3889 3347 3962 ὀρθῶς,
3404 3890 3483 3954 ὡς
3547 3893 3691 3965 Ἀθη·

467 3981 625 4051 juxta
647 3984 882 4037 Atticum
909 3998 1136 4052 morem,
1162 3994 1215 4039 et
1237 3985 1487 4041 eumdem
1512 3986 1699 4049 etiam,
1724 3994 1780 4040 ut
1802 3985 2027 4042 Romani

2134 3978 2270 4028 ναῖοι
2318 3971 2470 4048 ἦγον,
2542 3978 2632 4032 καὶ
2681 3978 2756 4043 ὡς
2790 3981 3045 4051 Ῥωμαῖοι
3090 3982 3180 4035 τὸν
3230 3983 3392 4037 αὑτὸν
3427 4002 3693 4056 προσαγο-

473 4073 746 4145 appellare
765 4077 1179 4132 consueverint:
1208 4079 1288 4133 sic
1318 4079 1500 4149 utique
1524 4094 1630 4132 non
1662 4079 1840 4149 inepte
1872 4078 2033 4135 fuerit

2138 4065 2313 4136 ρεύειν
2355 4068 2637 4123 εἰώθασιν·
2675 4070 2826 4125 ἔσται
2867 4072 2930 4145 δὴ
2976 4074 3118 4128 οὕτω
3163 4074 3341 4140 καλῶς
3373 4077 3684 4150 ἀποδεδομέ-

470 4167 754 4233 traditum,
809 4177 868 4221 ut
930 4169 1177 4224 vertendi
1226 4171 1447 4241 singuli,
1499 4186 1675 4241 quove
1732 4171 1892 4225 modo
1947 4186 2030 4226 eo-

2132 4175 2242 4223 νον,
2273 4159 2348 4223 ὡς
2405 4162 2661 4225 ἑκάστους
2709 4179 2771 4231 γε
2813 4164 3298 4237 μεθερμηνευτέον,
3329 4170 3423 4222 καὶ
3459 4169 3538 4233 ὡς
3573 4172 3692 4243 περὶ

471 4255 719 4311 rumdem
786 4257 1100 4314 nominibus
1155 4260 1398 4329 quolibet
1455 4260 1584 4314 anni
1643 4269 1886 4331 tempore
1962 4260 2031 4315 sit

2134 4252 2364 4322 ἑκάστην
2400 4254 2569 4324 δήπου
2616 4254 2724 4308 τῶν
2762 4255 2917 4327 ὡρῶν
2952 4257 3217 4327 χρηστέον
3251 4260 3364 4322 τοῖς
3398 4260 3694 4331 Ἀθηναίων

472 4350 753 4404 utendum.
819 4348 954 4404 Nam
1025 4351 1093 4406 de
1164 4348 1532 4408 Romanorum
1594 4354 1786 4409 ordine
1840 4368 1871 4407 a
1931 4368 2029 4410 ne-

2133 4344 2349 4414 ὀνόμασι
2377 4344 2602 4406 τούτοις.
2650 4347 2785 4419 Περὶ
2827 4346 2936 4419 γὰρ
2971 4349 3175 4414 τάξεως
3212 4350 3319 4404 τῶν
3373 4351 3693 4423 Ῥωμαϊκῶν

469 4440 616 4494 mine
652 4438 810 4510 159
839 4441 1161 4513 ambigitur,
1224 4443 1458 4513 primum
1514 4460 1637 4500 esse
1674 4443 2027 4513 Ianuarium,

2131 4453 2193 4506 γε
2244 4438 2575 4510 ἀμφισϐητεῖ
2609 4439 2803 4503 οὐδεὶς,
2851 4442 2899 4493 εἰ
2941 4441 3155 4513 πρῶτος
3190 4443 3536 4515 Ἰανουάριος,
3579 4439 3691 4497 εἶτα

470 4528 667 4584 deinde
695 4526 1073 4594 Februarium,
1106 4541 1293 4602 postea
1353 4533 1602 4588 Martium
1623 4575 1637 4601 ,
1692 4541 1745 4590 et
1787 4536 1860 4589 ita
1892 4535 2028 4590 alios

2132 4528 2508 4600 Φεϐρουάριος,
2549 4524 2666 4582 εἶτα
2694 4531 2954 4601 Μάρτιος,
2987 4534 3080 4587 καὶ
3113 4536 3160 4587 οἱ
3205 4534 3399 4599 λοιποὶ,
3445 4537 3692 4611 καθάπερ

468 4618 760 4690 deinceps,
797 4629 855 4675 ut
891 4623 1259 4679 nominantur.
1312 4623 1619 4694 Capiendus
1648 4624 1830 4695 itaque
1859 4642 1889 4682 e
1915 4634 2028 4681 tro-

2130 4619 2222 4672 καὶ⁸
2246 4619 2488 4688 λέγονται
2514 4619 2730 4692 ἐφεξῆς.
2759 4622 3010 4693 Εἰλήφθω
3034 4624 3097 4696 δὴ
3129 4621 3219 4678 οὖν
3245 4643 3328 4690 τις
3361 4628 3470 4681 τῶν
3503 4646 3677 4700 τροπιο

466 4709 603 4779 picis
641 4726 804 4766 unus.
864 4710 1133 4783 Estoque,
1194 4714 1239 4770 si
1289 4715 1539 4782 videtur,
1590 4714 2025 4772 Ilecatombaeon.

2135 4710 2260 4766 κῶν.
2310 4713 2487 4765 Ἔστω
2531 4711 2607 4775 δὲ,
2655 4715 2703 4765 εἰ
2745 4714 2908 4777 δοκεῖ,
2953 4717 3376 4789 Ἑκατομϐαιών.
3411 4720 3475 4773 Ei
3517 4722 3695 4775 τοίνυν

469 4800 529 4856 Si
592 4803 758 4870 igitur
827 4804 1248 4862 Atheniensibus
1320 4823 1506 4863 mense
1575 4806 2029 4879 Hecatombaaone

2134 4804 2255 4874 περ)⁸
2295 4803 2737 4875 Ἑκατομϐαιῶνα
2780 4808 2837 4859 αἱ
2881 4808 3089 4879 θεριναὶ
3127 4813 3325 4882 τροπαὶ
3363 4813 3694 4885 Ἀθηναίοις,

466 4895 761 4951 εοιειίιὶιιιη
810 4903 914 4961 est,
949 4906 1157 4951 certum
1191 4909 1276 4955 est
1323 4899 1469 4954 circa
1502 4916 1881 4972 quemcunque
1916 4902 2026 4959 Ro-

2132 4894 2300 4966 δῆλον,
2326 4896 2405 4949 ὃτι
2428 4898 2552 4969 περὶ
2577 4896 2634 4950 ὃν
2662 4898 2726 4952 ἄν
2747 4916 2875 4951 ποτε
2902 4894 3002 4952 ὦσι
3032 4902 3320 4972 Ῥωμαίοις
3344 4905 3453 4957 τῶν
3479 4907 3692 4961 οἰκείων

463 5001 685 5042 manum
719 5003 955 5043 mensem
992 4988 1153 5045 fuerit
1187 4991 1327 5045 idem
1358 4992 1685 5056 solstitium,
1732 4993 1878 5050 hunc
1904 5010 2023 5052 esse

2130 4986 2314 5058 μηνῶν
2356 4989 2410 5042 αἱ
2444 4989 2603 5043 αὑταὶ⁵
2636 4992 2852 5061 τροπαὶ,
2886 4988 3037 5055 οὗτός
3069 4994 3215 5047 ἐστιν
3259 4995 3690 5067 Ἑκατομϐαιών.

460 5080 691 5137 Athenis
741 5080 1263 5138 Hecatombaeonem.
1314 5083 1442 5139 Dico
1485 5096 1663 5140 autem
1709 5087 1866 5157 juxta
1897 5104 2020 5158 pro-

2132 5078 2351 5148 Δέγωδὲ
2368 5081 2489 5133 κατ’
2518 5080 2825 5151 ἀναλογίαν,
2845 5081 3032 5154 ὥσπερ
3062 5086 3278 5155 σήπιον,
3305 5088 3399 5141 καὶ
3424 5088 3692 5154 ἄκανθαν,

460 5173 784 5242 portionem,
816 5181 874 5227 ut
895 5174 1125 5245 sepium,
1147 5190 1232 5241 os,
1256 5176 1492 5247 spinam.
1527 5177 1644 5233 Non
1681 5180 1855 5234 solum
1879 5181 2020 5236 enim

2130 5172 2219 5225 καὶ
2252 5172 2460 5228 ὀστοῦν.
2507 5173 2791 5243 Ἀνάλογον
2816 5173 2943 5245 γὰρ,
2976 5176 3070 5229 καὶ
3104 5177 3279 5232 πάντα
3303 5178 3489 5243 ἁπλῶς
3519 5182 3690 5252 ἑρμη·

462 5278 699 5327 menses,
732 5272 790 5319 ut
823 5267 1176 5336 preportione
1207 5268 1347 5323 inter
1387 5284 1446 5323 se
1486 5271 1851 5340 respondeant
1877 5314 1891 5338 ,
1929 5272 2022 5327 sed

2128 5264 2299 5319 νεύειν
2325 5265 2422 5330 δεῖ,
2446 5265 2519 5337 μὴ
2534 5267 2614 5319 ὅτι
2639 5269 2761 5331 τοὺς
2780 5268 2973 5338 μῆνας,
2992 5271 3039 5322 εἰ
3059 5270 3242 5341 μέλλοι
3266 5289 3317 5324 τι
3342 5272 3537 5341 ὄφελος
3553 5271 3688 5331 εἶναι

462 5366 656 5413 caetera
718 5374 936 5429 quoque
996 5361 1181 5415 omnia
1237 5363 1559 5432 simpliciter
1618 5363 2022 5433 interpretanda

2127 5356 2223 5426 τῆς
2235 5356 2545 5428 ἑρμηνείας.
2566 5358 2701 5429 Περὶ
2715 5358 2923 5412 Ἰούνιον
2938 5360 2995 5413 δὲ
3010 5362 3295 5431 Ῥωμαίοις
3309 5364 3394 5416 ἀεὶ
3409 5367 3466 5417 αἱ
3484 5364 3687 5435 θεριναὶ

462 5460 624 5514 sunt,
681 5449 727 5505 si
781 5450 913 5522 quid
970 5467 1035 5506 ex
1072 5452 1519 5522 interpretatione
1578 5454 1789 5509 fructus
1820 5454 1885 5510 ad
1924 5470 2022 5511 nos

2123 5449 2338 5519 τροπαὶ,
2365 5449 2440 5511 ὡς
2469 5449 2613 5502 ίσασι
2645 5450 2840 5515 πάντες
2862 5468 2875 5480 ·
2906 5454 2934 5505 ὁ
2958 5453 3066 5523 ἄρα
3106 5452 3317 5517 Ἰούνιός
3339 5457 3490 5509 ἐστιν
3530 5456 3678 5510 Ἐκα-

461 5555 745 5609 speremus
803 5552 1213 5614 perventurum.
1264 5542 1381 5599 Jam
1448 5561 1579 5600 vero
1628 5560 1815 5601 mense
1863 5544 2021 5601 Junio

2122 5536 2414 5608 τομϐαιὼν.
2447 5539 2701 5611 Θεμένοις
2723 5542 2779 5595 δὲ
2803 5543 2869 5614 δὴ
2903 5544 3113 5598 Ἰούνιον
3139 5541 3276 5599 εἶναι
3299 5546 3389 5600 τὸν
3424 5548 3682 5619 Ἑκατομ-

458 5631 706 5685 aestivum
730 5634 1021 5690 solstitium
1052 5643 1155 5702 est,
1185 5644 1244 5690 ut
1270 5637 1523 5693 omnibus
1544 5646 1881 5707 compertum
1910 5646 2018 5694 est.

2124 5629 2347 5693 ϐαιῶνα,
2382 5629 2540 5703 ἔργον
2571 5632 2720 5685 οὐδὲν
2744 5633 2851 5687 τῶν
2872 5635 3043 5706 ἄλλων
3072 5637 3299 5691 ἕκαστον
3327 5638 3680 5710 ἑρμηνεῦσαι.

461 5717 604 5780 Ertzo
625 5718 819 5779 Junius
865 5732 947 5782 est
983 5723 1418 5783 Hecatombaeon.
1454 5726 1717 5785 Caeterum
1767 5728 2016 5797 ponenti-

2136 5724 2192 5779 Ὀ
2217 5724 2323 5797 γὰρ
2352 5726 2437 5779 ἀεὶ
2466 5726 2633 5782 ἐπιὼν
2666 5728 2771 5781 τῶν
2817 5729 3071 5783 Ἀττικῶν
3097 5730 3237 5785 κατὰ
3278 5730 3375 5805 τὴν
3403 5732 3677 5786 ommi—
