3950 6266
237 341 376 398 itas

1159 340 1505 397 THEODCRi
1545 341 1747 398 ΟΛΖᾸΞ
1788 340 1989 396 ιιιιειι
2029 339 2115 395 DE
2156 340 2518 398 MENSIBUS.

3323 346 3465 403 “86

245 469 342 509 σαν
375 451 648 519 σύνταξιν.
688 453 764 526 τῷ
795 455 880 508 ἀεὶ
908 454 1110 508 ἐπιόντι
1145 457 1252 508 τῶν
1284 455 1603 528 Ῥωμαϊκῶν
1635 459 1803 527 ἐφαρ-

1916 456 2008 511 bus
2038 452 2258 510 Iunium
2292 471 2413 512 esse
2447 455 2950 512 Hecatombreonem
2978 497 2993 523 ,
3029 457 3140 527 jam
3173 457 3356 515 nullus
3382 470 3466 515 est

243 544 480 616 μόττων,
510 547 604 599 καὶ
632 547 766 616 προς
793 545 890 608 τὰς
931 544 1078 616 ὥρας
1107 545 1199 598 τοῦ
1231 547 1472 600 ἐνιαυτοῦ
1502 545 1807 617 συμφωνῶν

245 635 498 710 ὑπάρξει.
538 638 854 709 Ἀπορήσειε
897 637 939 689 δ’
974 638 1037 692 ἄν
1070 655 1172 702 τις,
1225 639 1277 692 εἴ
1320 655 1383 708 γε
1421 639 1546 702 τοὺς
1588 639 1808 709 χρόνους

256 728 532 799 Ἀθηναῖοι
559 724 692 799 ἦγον
734 728 876 780 κατὰ
913 728 1008 800 τὴν
1060 729 1287 801 σελήνης
1326 730 1516 800 φοράν,
1556 731 1809 800 Ῥωμαῖοι

242 821 301 875 δὲ
335 821 483 874 κατὰ
518 821 615 891 τὴν
643 821 794 889 ἡλίου
820 820 1139 889 λογίζονται,
1184 821 1300 885 πῶς
1329 822 1394 875 ἂν
1431 825 1478 876 οἱ
1506 823 1612 875 τῶν
1657 823 1814 894 Ἀθη-

244 914 414 968 ναίων
440 911 828 984 ὲφαρμόζοιντο
856 916 967 977 τοῖς
1003 916 1097 984 μὲν
1135 913 1414 985 Ῥωμαίων
1451 916 1635 985 μησὶν,
1671 914 1811 968 ὥστε

244 1008 340 1061 καὶ
382 1007 704 1078 ἀπαρτίζειν
748 1007 855 1070 ἀεὶ,
895 1009 990 1060 καὶ
1039 1007 1252 1060 Ἰούνιον
1287 1008 1383 1078 μὲν
1422 1007 1512 1060 τὸν
1550 1009 1814 1079 Ἑκατομ-

242 1100 478 1165 ϐαιῶνα,
525 1099 742 1152 Ἰούλιον
785 1099 841 1152 δὲ
885 1099 974 1152 τὸν
1015 1100 1450 1168 Μεταγειτνιῶνα
1498 1099 1813 1172 ἑρμηνεύειν

241 1191 423 1263 ὀρθῶς
446 1208 464 1225 ο
493 1190 752 1255 ὡσαύτως
782 1191 839 1243 δὲ
871 1191 961 1244 καὶ
985 1191 1077 1243 ἐπὶ
1102 1190 1211 1245 τῶν
1239 1192 1428 1248 ἄλλων.
1459 1193 1532 1246 Ού
1568 1193 1674 1264 γὰρ
1711 1196 1816 1247 ἰσο-

240 1282 418 1354 ταχὴς
449 1284 484 1354 ἡ
525 1282 720 1353 σελήνη
763 1280 841 1352 τῷ
869 1281 1036 1353 ὴλίῳο
1080 1282 1188 1336 οὐδ’
1234 1283 1349 1353 ἅμα
1389 1283 1676 1337 τελευτῶσι
1722 1284 1814 1337 καὶ

241 1373 529 1442 ἄρχονται,
562 1371 636 1434 ῶς
681 1372 871 1437 εἰπεῖν,
913 1374 1041 1444 περί
1086 1373 1176 1425 τὸν
1221 1373 1312 1426 τοῦ
1345 1371 1610 1436 ζωδιακοῦ
1662 1392 1817 1445 μερι-

242 1464 401 1536 σμόν.
451 1465 686 1536 Ἀνάγκη
737 1464 800 1536 δὴ
853 1466 1309 1536 ἐπαμφοτερίζειν
1347 1467 1474 1530 τοὺς
1516 1466 1623 1519 τῶν
1662 1467 1816 1540 Ἀθη-

238 1557 411 1612 ναίων
457 1557 652 1630 μῆνας.
687 1559 748 1611 Εἰ
776 1557 834 1610 δὲ
877 1558 941 1628 δὴ
978 1556 1205 1620 ἕκαστος
1237 1558 1682 1630 ἐπαμφοτερίζων
1712 1562 1816 1631 ἀμ-

236 1652 387 1720 φοῖν,
451 1650 768 1722 ἐπιλήψεται
824 1649 916 1703 τοῦ
970 1667 1029 1702 τε
1091 1649 1376 1721 προτέρου,
1425 1651 1500 1714 ὡς
1558 1653 1815 1722 Ῥωμαῖοι

236 1741 463 1810 ἄγουσι,
503 1741 596 1794 καὶ
635 1739 730 1794 τοῦ
764 1739 989 1810 ὑστέρου
1037 1739 1222 1811 μηνὸς,
1251 1738 1300 1792 τί
1347 1738 1542 1810 μᾶλλον
1587 1740 1691 1792 ἀπὸ
1722 1738 1814 1792 τοῦ

236 1833 513 1905 προτέρου
543 1831 1074 1904 μεθερμηνευόμενος
1100 1830 1416 1902 ὀνομάζοιτο
1453 1831 1518 1885 ἂν
1559 1831 1738 1893 καλῶς
1775 1831 1807 1902 ἢ

1911 548 2062 602 labor
2121 548 2360 618 reliquos
2419 548 2838 619 interpretandi.
2908 550 3132 620 Semper
3179 565 3324 605 emm
3380 567 3468 608 sc-

1909 640 2098 709 quenti
2135 639 2310 695 Attico
2342 640 2497 710 juxta
2519 641 2860 711 suppositum
2887 640 3135 696 ordinem
3169 658 3294 697 cum
3343 643 3470 698 sub-
3497 675 3508 712 ς

1909 730 2033 786 inde
2058 731 2306 801 sequenti
2341 731 2586 786 Romano
2609 733 2914 796 conveniet,
2949 740 3001 787 et
3032 734 3216 788 eadem
3247 734 3313 789 ad
3337 734 3465 788 anni
3502 787 3508 808 ι

1909 831 2090 892 partes
2116 825 2220 879 erit
2248 825 2626 879 consonantia.
2659 823 2764 879 Sed
2789 823 2928 879 forte
2955 825 3078 894 quis
3107 825 3466 892 dubitaverit,
3498 815 3504 834 ¹

1910 929 2033 966 cum
2057 913 2411 971 Athenienses
2443 915 2511 970 ad
2541 916 2682 970 lunai
2706 956 2720 978 ,
2775 916 2842 970 ad
2882 916 3014 972 solis
3062 931 3194 971 vero
3248 931 3469 972 cursum

1911 1003 2140 1060 Romani
2173 1008 2443 1063 calculum
2476 1015 2779 1078 temporum
2802 1009 3168 1064 subducerent
3202 1027 3215 1063 :
3250 1025 3356 1080 qua
3383 1025 3473 1062 ra-

1912 1094 2058 1151 tione
2095 1097 2209 1152 lieri
2240 1100 2433 1169 possit,
2466 1087 2522 1153 ut
2552 1100 2837 1170 utriusque
2866 1101 3042 1171 gentis
3065 1116 3282 1156 menses
3313 1100 3471 1156 alteri

1910 1205 2032 1245 cum
2087 1190 2273 1246 alteris
2329 1191 2410 1246 sic
2460 1199 2806 1261 competant,
2864 1199 2924 1245 ut
2980 1191 3212 1246 invicem
3260 1192 3474 1247 dierum

1913 1294 2120 1335 summa
2153 1295 2365 1350 semper
2410 1284 2685 1351 quadrans
2713 1281 2822 1342 sit,
2863 1289 2918 1334 et
2950 1281 3084 1335 nihil
3113 1284 3167 1336 in
3199 1282 3477 1337 alterutris

1911 1378 2204 1427 excurrat:
2240 1380 2406 1443 utque
2460 1372 2874 1427 llecatombazon
2918 1384 3068 1427 reete
3116 1371 3480 1428 transferatur

1910 1461 2126 1528 Junius,
2152 1471 2206 1517 et
2237 1447 2586 1533 M‘etagitnion
2619 1461 2827 1527 Julius,
2879 1463 2952 1517 ita
2987 1479 3204 1533 quoque
3234 1464 3302 1519 de
3332 1465 3473 1518 aliis.

1912 1553 2096 1624 Neque
2127 1555 2270 1610 enim
2301 1557 2400 1611 soli
2434 1555 2645 1616 eadem,
2678 1572 2799 1626 quae
2834 1557 3010 1621 lu'ute,
3057 1564 3142 1611 est
3184 1558 3433 1612 celeritas
3461 1575 3475 1611 :

1912 1663 2087 1718 neque
2118 1664 2225 1702 una
2252 1649 2510 1705 desinunt
2537 1650 2872 1720 incipiuntve
2900 1649 2975 1704 ‘ad
3030 1648 3296 1719 signiferi,
3333 1650 3482 1720 quod

1915 1754 2080 1810 prepe
2107 1739 2356 1803 dixerim,
2384 1741 2754 1810 partitionem.
2788 1740 2928 1810 Ergo
2963 1755 3186 1796 necesse
3224 1753 3306 1796 est
3337 1742 3481 1795 Atti-

1916 1846 2011 1886 cos
2042 1847 2253 1887 menses
2287 1833 2532 1896 variare,
2589 1839 2642 1888 et
2677 1832 2930 1901 ambiguo
2987 1833 3308 1903 plerumque
3353 1848 3478 1889 esse

241 1923 350 1978 ἀπὸ
380 1923 478 1978 τοῦ
512 1925 768 1996 ύστέρου;
800 1925 893 1978 Ὃν
931 1924 994 1995 δὴ
1039 1925 1240 1996 τρόπον
1280 1926 1372 1978 καὶ
1414 1924 1648 1996 Γαληνὸς
1693 1925 1815 1996 περί

1921 1923 2061 1978 inter
2091 1923 2323 1994 priorem
2367 1923 2616 1978 Latinum
2641 1964 2656 1989 ,
2685 1934 2739 1979 et
2764 1925 3116 1993 posteriorem
3149 1926 3290 1980 loco.
3326 1926 3482 1992 Quod

241 2014 334 2069 τοῦ
361 2016 465 2087 τῆς
489 2015 684 2086 ἐλάτης
714 2015 1024 2086 σπέρματος
1051 2016 1296 2087 γράφων,
1334 2035 1350 2066 ι
1389 2017 1575 2080 Ὅστις
1608 2016 1813 2087 καιρὸς,

244 2109 436 2179 φησὶν,
461 2109 519 2162 ὲν
561 2106 746 2180 Ῥώμῃ
773 2109 866 2178 μὲν
891 2110 918 2160 ὁ
943 2107 1273 2176 καλούμενος
1308 2109 1413 2178 μὴν
1452 2108 1816 2178 Σεπτέμϐριός

240 2200 416 2263 ἐστιν,
466 2200 524 2252 ὲν
575 2199 850 2270 Περγάμῳ
884 2199 940 2251 δὲ
983 2202 1113 2270 παρ’
1166 2202 1294 2270 ἡμῖν
1348 2200 1812 2272 ’Ϊ’περ6ερεταῖος,

250 2293 516 2364 Ἀθήνῃσι
565 2291 622 2344 δὲ
675 2293 984 2362 Μυστήρια.
1039 2311 1057 2342 ι
1111 2291 1191 2344 Τὰ
1247 2293 1352 2365 γάρ
1411 2310 1492 2346 τοι
1546 2295 1815 2364 μυστήρια

244 2382 658 2456 Βοηδρομιῶνος
678 2378 764 2453 ἦν.
788 2383 921 2454 Περὶ
943 2382 1132 2436 εἰκάδα
1155 2383 1262 2454 γὰρ
1286 2382 1378 2436 τοῦ
1414 2383 1814 2455 Βοηδρομιῶνος

241 2478 272 2529 ὀ
302 2475 567 2547 μυστικὸς
594 2476 810 2545 Ἴακχος
833 2473 1074 2543 ἐξήγετο,
1098 2474 1172 2537 ὡς
1197 2474 1288 2527 καὶ
1316 2475 1653 2546 Πλούταρχος
1677 2477 1816 2528 ἱστο-⁸

244 2571 349 2640 ρεῖ.
388 2569 574 2621 Ἔοικε
616 2568 672 2620 δὲ
707 2568 800 2621 καὶ
840 2569 868 2620 ὁ
909 2568 1173 2637 Ῥωμαῖος
1203 2567 1438 2631 Πλίνιος,
1472 2567 1815 2638 παντοδαπῆς

238 2661 494 2733 -ἰστορίας
543 2660 908 2731 συγγραφεὺς,
949 2657 1090 2712 οὕτω
1137 2659 1452 2732 μεταφέρων
1510 2660 1814 2730 Ἀριστοτέ-

239 2751 373 2816 λους
417 2752 478 2805 τὸ
535 2752 659 2823 περὶ
713 2751 870 2803 τόκου
929 2750 1035 2804 τῶν
1097 2750 1310 2820 ἰχθύων,
1355 2751 1428 2815 ὡς
1473 2754 1520 2805 οἱ
1577 2752 1813 2804 πλεῖστοι

237 2846 519 2899 τίκτουσιν
550 2845 607 2897 ὲν
655 2847 799 2915 τρισὶ
845 2844 996 2915 μησὶ,
1047 2843 1403 2914 Μουνυχιῶνι,
1453 2843 1810 2916 Θαργηλιῶνι,

244 2936 662 3010 Σκιροφοριῶνι,
699 2937 861 3006 φάναι
896 2939 952 2990 ἐν
980 2937 1176 3008 τρισὶν,
1212 2936 1442 3008 Ἀπρίλι,
1476 2938 1654 3008 Μαΐῳ,
1686 2939 1814 2990 Ἰου-

243 3031 368 3102 νίῳ,
400 3031 603 3083 τίκτειν
644 3031 768 3093 τοὺς
811 3027 1116 3091 πλείστους.
1153 3029 1272 3080 Ἔτι
1304 3027 1398 3082 τοῦ
1429 3028 1695 3091 ἐνιαυτοῦ,
1739 3029 1813 3093 ῶς

244 3123 350 3192 μὲν
384 3123 644 3192 Ῥωμαῖοι
689 3122 902 3190 ἄγουσι,
935 3120 1244 3190 τριακόσιαι
1293 3121 1383 3174 καὶ
1422 3120 1684 3192 ἑξήκοντα
1720 3122 1813 3173 καὶ

245 3211 411 3265 πέντε
435 3211 638 3281 ἡμέραι
668 3211 803 3263 εἰσίν
823 3227 834 3240 '
868 3210 1331 3279 ἀκριϐολογεῖσθαι
1364 3211 1409 3264 δ’
1442 3214 1520 3274 εἰς
1547 3211 1607 3264 τὸ
1643 3210 1814 3282 παρὸν

240 3303 314 3356 οὐ
362 3303 474 3356 δείο
525 3303 599 3366 ὡς
649 3303 705 3355 δὲ
764 3302 1053 3372 Ἀθηναῖοι,
1111 3304 1250 3356 κατὰ
1305 3304 1400 3373 μὲν
1453 3302 1812 3374 Ἀριστοτέλη,

245 3393 556 3465 τριακόσιαι
584 3395 674 3446 καὶ
705 3393 985 3464 ἐξήκοντα.
1023 3411 1042 3444 ι
1093 3394 1268 3446 Ἕνιαι
1308 3392 1383 3456 δὲ,
1429 3395 1581 3463 φησι,
1628 3391 1816 3445 κύουσι

243 3484 359 3539 τῶν
391 3485 567 3539 κυνῶν
614 3485 857 3555 πέμπτον
910 3483 1072 3553 μέρος
1114 3482 1205 3536 τοῦ
1254 3483 1518 3546 ἐνιαυτοῦ,
1565 3483 1720 3535 τοῦτο
1761 3481 1818 3534 δέ

249 3578 399 3630 ἔστιν
440 3577 653 3648 ἡμέρας
682 3576 1048 3645 ἑϐδομήκοντα
1091 3573 1339 3627 καὶδύο·
1375 3595 1392 3626 ι
1433 3575 1554 3627 καθ’
1597 3574 1816 3644 Ἡρόδο-

247 3685 344 3724 ’σον
379 3669 435 3723 δὲ
465 3670 558 3722 καὶ
608 3667 819 3731 ἄλλους,
857 3667 1160 3739 τριακόσιαι
1202 3666 1814 3737 πεντηκοντατέσσαρες.

261 3761 353 3824 Ὠς
386 3761 652 3813 τοσούτων
697 3761 761 3830 δὴ
802 3759 1120 3830 γινομένων,
1170 3759 1218 3810 εἰ
1251 3756 1358 3809 τῶν
1407 3758 1590 3828 μηνῶν
1631 3757 1679 3810 οἱ
1721 3755 1818 3826 μὲν

248 3853 480 3924 πλήρεις
515 3870 574 3905 τε
605 3852 697 3906 καὶ
725 3850 1196 3922 τριακονθήμεροι,
1238 3851 1286 3902 οἱ
1323 3848 1379 3901 δὲ
1423 3847 1589 3901 κοῖλοι
1631 3864 1687 3900 τε
1727 3845 1818 3899 καὶ

256 3948 354 4017 μιᾷ
381 3945 488 3998 τῶν
520 3945 718 4016 ἐτέρων
746 3944 927 4016 ἡμέρᾳ
952 3943 1260 4013 λειπόμενοι
1299 3941 1520 4006 ἐναλλὰξ
1550 3937 1655 3993 εἷεν
1687 3939 1816 4010 παρ’

251 4040 369 4104 ἕνα,
399 4039 670 4111 ὁποτέρως
697 4038 738 4090 δ’
769 4038 835 4091 ἂν
860 4039 978 4110 ἔχῃ,
1012 4039 1072 4089 τὸ
1100 4038 1249 4091 ἐπιὸν
1280 4035 1342 4106 δὴ
1367 4035 1482 4098 ἔτος
1515 4036 1600 4088 ἀεὶ
1628 4051 1820 4105 προτε-

255 4135 432 4203 ρήσει,
467 4133 558 4185 καὶ
591 4134 654 4184 ὲκ
687 4131 1050 4202 προσαγωγῆς
1088 4133 1166 4193 εἰς
1205 4129 1450 4190 ἐναντίας
1477 4126 1624 4199 ὥρας
1655 4129 1818 4179 sura--

258 4223 474 4276 σοῦνται
505 4224 554 4275 οἰ
597 4223 763 4292 μῆνες
799 4223 1213 4293 ὑποφερόμενοι.
1255 4219 1419 4272 Πάλιν
1460 4222 1507 4271 εἰ
1553 4219 1614 4271 τὸ
1659 4218 1818 4271 Ἴλιον

257 4315 370 4385 ἥλω
400 4315 752 4377 τελευτῶντος
782 4316 873 4368 τοῦ
903 4315 1080 4385 ἔαρος,
1110 4314 1265 4385 ὀγδόῃ
1299 4313 1571 4384 φθίνοντος
1600 4313 1816 4384 Θαργη-

255 4408 444 4471 )ιιῖ›νος
488 4409 672 4480 μηνὸς.
720 4407 1084 4460 ἑπτακαίδεκα
1137 4406 1399 4476 πρότερον
1446 4403 1679 4475 ἡμέραις
1719 4404 1818 4473 τῆς

255 4502 476 4574 θερινῆς
499 4502 726 4572 τροπῆς,
758 4502 832 4564 ὡς
866 4501 894 4552 ὀ
935 4500 1388 4570 Ἀλικαρνασσεὺς
1423 4497 1695 4560 Διονύσιος
1721 4499 1820 4570 ἀρ-

257 4593 550 4666 χαιολογῶν
577 4593 646 4646 τὰ
676 4593 956 4663 Ῥωμαῖκά
985 4609 1148 4664 φησι·
1185 4589 1302 4654 πῶς
1334 4590 1588 4661 τροπικὸς
1613 4589 1820 4661 θερινὸς

257 4689 287 4741 ὀ
327 4684 765 4757 Ἐκατομόαιών;
795 4686 917 4738 Ὅδε
947 4684 1053 4756 γὰρ
1084 4686 1111 4737 ὁ
1137 4684 1291 4752 λόγος
1323 4684 1610 4750 ἀποφαίνει
1640 4684 1822 4754 Σκιρο-

260 4779 500 4852 φοριῶνα
526 4773 664 4832 εἶναι
691 4778 947 4850 τροπικὸν
992 4777 1219 4848 θερινόν.
1261 4775 1606 4846 Ἀνομόλογον
1637 4775 1692 4828 δὲ
1728 4777 1821 4828 καὶ

258 4873 319 4924 τὸ
359 4870 724 4942 Θεοφράστου,
757 4869 838 4921 ὅτι
882 4867 1050 4938 ἄκρου
1099 4867 1258 4938 ἔαρος
1302 4868 1481 4930 εὐθὺς,
1532 4867 1818 4937 ἱσταμένου

259 4961 352 5016 τοῦ
384 4959 784 5034 Θαργηλιῶνος.
817 4960 876 5011 Εἰ
904 4959 1011 5030 γὰρ
1035 4959 1200 5030 ἄκρου
1232 4958 1388 5030 ἔαρος
1416 4960 1452 5029 ,ὁ
1477 4957 1816 5030 Θαργηλιὼν,

258 5053 357 5107 οὐκ
395 5052 460 5106 ἂν
492 5050 744 5124 τροπικὸς
775 5051 803 5102 ὀ
838 5047 1240 5120 Ἑκατομϐαιὼν
1269 5050 1353 5120 εἰη
1373 5066 1385 5079 ο
1425 5050 1557 5103 πολὺ
1584 5051 1628 5102 δ’
1659 5044 1820 5121 ἦττον

257 5145 288 5196 ὀ
330 5140 643 5212 Μουνυχιὼν
689 5140 901 5212 ὲαρινός
931 5157 990 5193 τε
1039 5141 1134 5192 καὶ
1177 5140 1503 5212 ἰσημερινός.
1555 5139 1734 5192 Ἐοικε
1774 5138 1819 5191 δ’

258 5236 595 5306 ἀπεμφαῖνον
633 5235 726 5287 καὶ
753 5234 812 5286 τὸ
834 5232 926 5285 τοῦ
957 5231 1322 5301 Πλουτάρχοψ
1359 5250 1376 5280 ι
1408 5229 1820 5300 Συγκομιζομέ-

257 5344 355 5399 νης
385 5327 604 5399 ὀπώρας
651 5323 1025 5394 Πυανεψιῶνος
1061 5323 1220 5395 ὀγδόῃ
1253 5323 1559 5393 ἱσταμένου,
1601 5342 1618 5374 ι
1669 5325 1823 5376 Δοκεῖ

190 5399 231 5452 ἲν
255 5419 364 5491 γὰρ
394 5421 422 5473 ὁ
459 5417 772 5488 Πυανεῷιὼν
808 5417 1003 5488 μᾶλλον
1038 5412 1174 5468 εἷναι
1209 5415 1520 5486 ἰσημερινὸς
1553 5415 1821 5483 φθινοπω-

259 5511 464 5586 ρινδςῆ
505 5515 533 5566 ὀ
578 5509 1031 5583 Μαιμακτηριὼν,
1065 5511 1208 5578 εἴγε
1247 5508 1553 5579 ἀμπελικῆς
1596 5508 1816 5578 ὀπώρας

257 5609 290 5676 ἡ
315 5606 508 5677 κομιδὴ
537 5601 624 5676 ἦν.

1917 2015 1962 2071 si
1997 2017 2282 2085 ambiguus
2313 2017 2543 2086 quisque
2574 2015 2859 2070 amborum
2893 2016 2988 2070 tiat
3031 2017 3336 2087 particeps,
3384 2033 3484 2072 cur

1916 2107 2096 2177 potius
2119 2122 2148 2160 a
2168 2107 2349 2176 priore
2376 2106 2656 2170 vertendo,
2677 2122 2839 2177 quam
2862 2122 2889 2159 a
2916 2108 3216 2177 posteriore
3233 2107 3484 2162 nomine.-

1917 2203 2040 2256 tur?
2077 2203 2195 2269 Quo
2233 2217 2363 2257 sane
2402 2201 2561 2256 modo
2587 2199 2826 2256 Galenus
2857 2200 2983 2255 fecit
3007 2238 3022 2264 ,
3075 2201 3144 2254 de
3178 2200 3371 2254 abietis
3403 2216 3486 2255 se-

1915 2295 2097 2349 mine:
2147 2313 2166 2345 ‹
2205 2294 2357 2360 Quod
2398 2302 2632 2363 tempus.
2677 2311 2694 2344 ι
2736 2292 2939 2362 inquit,
2977 2311 2995 2342 ι
3037 2290 3224 2347 Romae
3268 2303 3351 2347 est
3385 2289 3485 2346 Se-

1914 2386 2190 2455 ptember,
2247 2383 2494 2454 Pergami
2543 2383 2685 2454 apud
2742 2399 2844 2438 nos
2903 2381 3108 2437 mensis
3145 2381 3483 2453 l-lg'pcrbere-

1917 2485 2074 2539 treus,
2106 2476 2334 2531 Athenis
2370 2492 2497 2530 vero
2529 2475 2802 2547 Mysteria.
2859 2495 2876 2526 ι
2935 2470 3009 2527 Ea
3060 2488 3295 2544 namque
3329 2478 3485 2527 erant

1915 2567 2325 2623 Boedromione.
2366 2566 2498 2621 Nam
2533 2569 2678 2622 circa
2712 2567 3125 2623 Boe‘dromionis
3157 2567 3479 2621 vicesimum

1916 2659 2056 2716 diem
2085 2662 2346 2732 mysticus
2375 2660 2618 2715 Bacchus
2649 2661 2716 2715 ab
2750 2661 2882 2715 urbe
2922 2660 3389 2725 transferebatur;
3423 2667 3480 2712 ut

1914 2754 2074 2807 etiam
2101 2751 2427 2806 Plutarchus
2459 2752 2672 2809 scribit.
2724 2749 2950 2805 Videtur
2998 2765 3217 2820 quoque
3265 2749 3476 2804 Plinius

1914 2846 2216 2900 emnit‘ariaa
2247 2847 2479 2913 scriptor
2514 2844 2772 2908 historiae,
2816 2843 2896 2897 sic
2949 2843 3299 2912 interpretari
3349 2843 3480 2898 illud

1915 2936 2226 2992 Aristotelis
2257 2935 2323 2990 de
2359 2935 2590 3005 piscium
2621 2944 2776 3005 partu
2801 2974 2814 3000 ,
2848 2934 3106 2988 nimirum
3149 2936 3327 3004 pisces
3359 2935 3482 3003 plu-

1916 3029 2052 3082 rima
2077 3029 2159 3083 sui
2186 3036 2336 3096 parte
2358 3028 2531 3082 tribus
2565 3027 2647 3081 his
2675 3026 2956 3082 mensibus
2985 3027 3266 3090 fetiﬁcare,
3293 3027 3486 3100 Muny-

1917 3121 2129 3185 chione,
2163 3119 2558 3189 Thargelione,
2593 3117 3050 3188 Seirophorione,
3106 3127 3164 3176 ut
3207 3121 3352 3176 dicat
3399 3122 3487 3176 his

1918 3214 2124 3276 tribus,
2180 3212 2399 3282 Aprili,
2475 3211 2652 3277 Maio,
2727 3210 2909 3266 .lunio.
2973 3211 3199 3281 Insuper
3257 3215 3485 3267 trecenti

1916 3305 2195 3373 Sexaginta
2227 3303 2470 3373 quinque
2501 3303 2619 3357 dies
2665 3309 2793 3357 sunt
2836 3302 2963 3354 anni
2995 3301 3226 3356 llomani
3253 3319 3267 3368 ;
3315 3303 3488 3358 subti-

1917 3396 2022 3451 lius
2071 3397 2215 3448 enim
2268 3397 2324 3449 in
2376 3411 2615 3465 praesens
2646 3402 2943 3464 supputare
2994 3397 3216 3450 minime
3247 3406 3484 3466 oportet.

1916 3488 2266 3543 Atheniensis
2297 3503 2425 3542 vero
2452 3488 2602 3555 anni,
2641 3502 2708 3542 ex
2744 3486 3048 3542 Aristotelis
3081 3489 3302 3558 quidem
3357 3506 3486 3546 sen-

1917 3579 2108 3640 tentia,
2143 3579 2370 3632 trecenti
2400 3579 2681 3648 sexaginta
2736 3589 2899 3633 sunt:
2940 3597 2958 3629 ι
3005 3579 3156 3643 Pars,
3194 3599 3213 3632 ι
3272 3581 3482 3650 inquit,

1923 3689 1941 3722 ‹
1988 3685 2182 3726 canum
2212 3669 2315 3724 l'ert
2340 3678 2582 3725 ventrem
2612 3669 2859 3739 quintam
2895 3680 3104 3739 partem
3136 3671 3286 3734 anni,
3315 3671 3367 3725 id
3401 3680 3486 3728 est

1918 3761 2033 3816 dies
2065 3761 2203 3815 duos
2243 3768 2296 3816 et
2347 3763 2720 3831 septuaginta;
2765 3781 2783 3813 ι
2819 3773 2874 3814 at
2909 3762 3209 3816 secundum
3243 3761 3487 3820 Herodo-

1918 3861 2034 3907 tum
2065 3853 2349 3922 aliosque,
2408 3853 2636 3906 trecenti
2673 3860 2908 3922 quatuor
2955 3860 3010 3907 et
3065 3853 3486 3926 quinquaginta.

1919 3945 2019 3999 Tot
2051 3946 2212 4015 igitur
2250 3959 2374 3998 cum
2423 3944 2574 4010 sint,
2619 3943 2666 3999 si
2696 3959 2912 4000 menses
2941 3943 3032 3996 alii
3069 3944 3212 4014 pleni
3243 3952 3296 4000 et
3331 3945 3489 4003 trico-

1919 4035 2088 4100 narii;
2122 4035 2210 4088 alii
2242 4034 2437 4095 mutili,
2467 4033 2626 4102 cavi,
2657 4045 2710 4088 et
2750 4049 2860 4088 uno
2890 4033 2976 4090 die
3009 4035 3223 4090 caeteris
3244 4036 3487 4107 impares

1919 4125 1973 4179 in
2006 4139 2235 4178 numero
2267 4126 2540 4178 alternant
2561 4163 2574 4188 ,
2621 4139 2951 4194 quocunque
2981 4127 3142 4178 modo
3168 4140 3255 4178 res
3293 4141 3353 4180 se
3389 4128 3486 4182 ha-

1918 4217 2061 4284 beat,
2093 4232 2329 4287 sequens
2361 4233 2536 4272 annus
2562 4233 2776 4287 semper
2808 4225 3110 4287 przevcrtet,
3141 4227 3194 4272 et
3225 4219 3484 4287 paulatim

1917 4323 1982 4363 ex
2018 4311 2335 4364 accessione
2397 4310 2450 4362 in
2511 4311 2818 4364 contrarias
2870 4316 3223 4379 tempestates
3273 4325 3490 4365 menses

1918 4400 2178 4468 incident,
2214 4400 2331 4454 loco
2367 4400 2666 4468 diebusque
2699 4400 2857 4454 statis
2882 4401 3068 4453 emoti.
3103 4400 3229 4452 Item
3266 4401 3308 4455 si
3334 4398 3488 4453 Ilium

1919 4501 2135 4563 captum
2195 4501 2280 4547 cst
2331 4493 2563 4546 abeunte
2599 4507 2754 4553 vere,
2802 4503 2994 4545 octavo
3029 4491 3136 4552 die,
3174 4491 3277 4545 sub
3327 4492 3489 4546 linem

1853 4610 1895 4664 Ι)
1925 4579 2333 4650 Thargelionis,
2382 4581 2769 4650 septemdecim
2827 4581 3020 4636 diebus
3075 4590 3201 4636 a‘nte
3241 4582 3489 4636 aestivum

1926 4674 2257 4737 solstitium,
2313 4683 2370 4728 ut
2401 4673 2693 4744 Dionysius
2727 4673 3176 4730 Halicarnasseus
3232 4675 3346 4738 ait,
3403 4689 3492 4730 res

1927 4767 2134 4836 priscas
2162 4765 2530 4818 Romanorum
2570 4765 2814 4820 historiae
2850 4765 3117 4820 mandans
3146 4784 3159 4821 :
3191 4781 3299 4836 quo
3335 4775 3492 4837 pacto

1926 4858 2344 4914 llecatombaeon
2379 4858 2687 4913 solstitialis
2733 4858 3111 4932 :estivussit?
3156 4858 3359 4929 Nempe
3404 4860 3494 4915 hic

1927 4965 2107 5006 sermo
2138 4950 2393 5013 ostendit,
2419 4948 2844 5020 Seirophorione
2874 4966 2995 5006 esse
3036 4952 3348 5007 solstitium.
3374 4953 3494 5006 Dis-

1927 5051 2246 5100 sentaneum
2284 5044 2446 5098 etiam
2484 5055 2568 5099 est
2597 5043 2728 5097 illud
2760 5042 3160 5114 Theophrasti,
3214 5061 3337 5100 cum
3365 5045 3496 5101 dicit

1927 5153 2175 5201 summo,
2217 5138 2543 5207 ineunteque
2574 5153 2733 5203 vere,
2767 5136 3146 5208 Thargelionis
3200 5138 3492 5209 principio.

1929 5228 1987 5283 Si
2016 5228 2159 5284 enim
2194 5236 2277 5284 est
2305 5245 2577 5284 summum
2611 5245 2702 5283 ver
2743 5229 3101 5300 Thargelion,
3152 5244 3492 5299 nequaquam

1927 5337 2049 5376 esse
2075 5330 2239 5391 queat
2267 5322 2572 5377 solstitialis
2601 5320 3016 5378 Hecatombaeon
3037 5362 3051 5386 ,
3105 5331 3158 5376 et
3190 5323 3363 5375 multo
3397 5323 3494 5375 mi-

1929 5429 2033 5468 nus
2064 5428 2265 5468 vernus
2295 5420 2350 5468 et
2382 5412 2778 5483 aequinoctialis
2812 5411 3163 5484 Munychion.
3199 5411 3333 5467 lllud
3366 5428 3496 5481 quo-

1928 5521 2034 5576 que
2062 5503 2339 5560 Plutarchi
2367 5505 2659 5562 dissentire
2686 5505 2899 5561 videtur
2920 5545 2935 5569 ,
2982 5503 3216 5559 dicentis
3241 5525 3254 5558 :
3278 5521 3317 5556 ι
3358 5502 3493 5558 Dum

1931 5597 2144 5653 fructus
2174 5598 2446 5668 leguntur,
2479 5612 2531 5653 et
2561 5597 2837 5653 vindemia
2867 5602 3277 5667 comportatur,
3304 5602 3494 5649 octavo

256 5701 346 5756 die
369 5700 757 5772 Pyanepsionis
796 5698 1126 5769 incipientis.
1177 5716 1194 5748 ι
1227 5695 1322 5750 His
1355 5695 1498 5750 enim
1524 5692 1704 5749 verbis
1738 5692 1954 5748 videtur
2007 5690 2354 5763 Pyanepsion
2390 5692 2446 5746 in
2497 5708 2557 5749 se
2616 5693 2902 5748 continere
2953 5688 3203 5746 autumni
3249 5691 3493 5759 aequinoo

256 5796 426 5846 otium
458 5791 655 5862 potius,
691 5807 850 5863 quam
885 5788 1281 5846 Maemacterion
1306 5828 1321 5855 ,
1357 5785 1645 5861 _siquidem
1696 5793 1824 5842 erat
1856 5783 2445 5852 vindemiaa‘collectio.
