3950 6266
493 291 628 348 1187

1473 288 1565 344 AD
1607 286 1875 343 EUSEBII
1913 284 2305 344 CHBONICON
2346 280 2704 338 APPENDlX.

3573 271 3724 329 H88

565 402 821 460 Solvendi
874 402 1036 474 igitur
1058 409 1204 460 osunt
1250 403 1307 457 hi
1354 402 1641 458 dubiorum
1671 401 1821 467 nodi,
1852 410 1911 456 ut
1945 401 2048 457 rite

2222 399 2394 453 Λῦσαι
2429 398 2495 469 δὴ
2523 398 2605 451 δεῖ
2633 396 2701 450 τὰ
2727 391 3073 464 ἀπορούμενα
3101 388 3291 453 ταῦτα,
3326 389 3393 442 ἵν’
3426 387 3463 459 ἡ
3498 403 3564 441 τι
3595 388 3729 440 σκέρ-

495 495 588 549 fiat
617 495 730 549 haec
765 503 951 550 nostra
981 494 1368 550 commentatio
1389 533 1404 559 ,
1456 501 1510 548 et
1568 492 1827 562 majorem
1890 492 2048 548 ﬁdem

494 583 637 638 dicta
669 589 855 638 nostra
877 583 1165 653 accipiant.
1204 583 1472 650 Quocirca
1499 581 1901 637 vetustissimos
1929 583 2051 637 illos

493 673 742 729 homines
778 675 925 728 nulla
951 676 1197 740 ratione,
1241 675 1499 743 nulloque
1531 673 1723 728 ordine
1772 673 2052 729 mensibus

494 765 657 826 usos,‘
680 770 842 830 atque
872 762 1028 818 aliter
1062 765 1198 818 alios
1226 778 1430 819 annum
1459 764 1636 833 ipsum
1658 764 1887 833 partitos
1905 779 2048 830 esse,

494 867 620 906 cum
647 853 716 906 ab
742 853 884 917 aliis,
915 863 1028 907 tam
1077 854 1158 908 vel
1194 854 1429 908 maxime
1481 868 1513 907 a
1563 852 1884 917 Plutarcho,
1934 853 2053 907 viro

495 944 858 1014 undecunque
887 946 1226 1010 doctissimo,
1266 946 1392 1000 licet
1420 945 1735 1017 intelligere.
1768 945 1901 1000 Nam
1930 947 2054 1001 bar-

495 1034 750 1087 barorum
771 1035 1010 1089 nonnulli
1035 1037 1355 1091 trimestrem
1380 1048 1579 1093 annum
1598 1038 1891 1104 habebant,
1916 1044 1968 1093 et
1988 1054 2054 1092 ex

495 1120 696 1178 Graecis
732 1123 970 1181 Arcades
1010 1125 1498 1195 quadrimestrem;
1537 1126 1849 1181 Acarnanes
1883 1140 2054 1181 seme-

496 1223 684 1271 strem.
744 1215 1013 1286 Egyptiis
1066 1225 1248 1271 autem
1303 1224 1617 1272 menstruus
1666 1224 1782 1272 erat
1840 1230 2050 1280 annus,

495 1305 690 1361 deinde
720 1307 1166 1374 quadrimestris,
1231 1316 1289 1362 ut
1336 1310 1507 1365 aiunt.
1552 1308 1759 1363 Idcirco
1790 1307 2056 1377 antiquis-

496 1398 618 1453 simi
660 1397 909 1451 videntur
964 1397 1283 1452 immensam
1335 1412 1597 1452 annorum
1651 1397 2055 1452 multitudinem

496 1490 599 1544 sibi
634 1496 1054 1543 annumerantes
1080 1506 1095 1555 ;
1132 1496 1191 1542 ut
1221 1490 1311 1559 qui
1343 1496 1490 1545 certe
1517 1505 1717 1544 annum
1748 1504 1935 1544 mense
1961 1490 2056 1544 de-

494 1580 731 1635 ﬁnirent.
774 1578 1005 1632 Romani
1033 1594 1161 1634 vero
1188 1581 1342 1650 prius
1396 1582 1581 1636 decem
1635 1583 1905 1636 mensium
1954 1595 2055 1635 an-

493 1687 625 1725 num
652 1671 904 1742 agebant,
934 1680 988 1725 et
1021 1685 1237 1725 menses
1268 1673 1404 1727 alios
1429 1688 1606 1742 neque
1643 1675 1893 1726 vicenum
1941 1672 2057 1727 die-

494 1766 791 1829 rum,alios
818 1765 1085 1820 tricenum
1125 1766 1373 1834 quinum,
1418 1766 1555 1821 alios
1593 1766 1755 1821 etiam
1783 1767 2052 1837 plurium:

494 1856 738 1925 illudque
768 1855 943 1910 solum
974 1855 1428 1920 considerabant,
1474 1864 1534 1909 ut
1588 1862 1952 1910 trecentorum
2002 1863 2058 1911 et

497 1950 776 2020 sexaginta
804 1948 1012 2003 dierum
1045 1964 1178 2003 suus
1207 1956 1353 2004 esset
1388 1965 1564 2004 annus
1585 1990 1599 2014 ,
1632 1964 1733 2005 nec
1762 1965 1881 2020 qua:
1914 1957 2060 2005 esset

496 2041 629 2096 sclis
680 2048 734 2095 et
777 2039 919 2094 lunas
962 2040 1303 2108 inrequalitas
1336 2040 1634 2111 quidquam
1688 2041 1841 2111 pensi
1893 2041 2061 2097 babe-

495 2134 646 2188 bant.
680 2131 787 2187 Sed
824 2138 1010 2201 postea
1056 2133 1212 2203 160
1236 2147 1329 2188 rex
1372 2132 1547 2186 Numa
1594 2131 1896 2204 Pompilius
1922 2131 2062 2187 duos

499 2240 716 2282 menses
762 2224 1028 2293 adjecisse
1074 2224 1278 2288 fertur,
1323 2231 1379 2280 et
1428 2223 1725 2279 discrimen
1781 2224 1946 2294 hujus
1977 2224 2062 2279 in-

497 2317 824 2389 mqualitatis
858 2315 1104 2370 undecim
1138 2315 1349 2371 dierum
1377 2331 1499 2370 esse
1527 2323 1789 2386 reputans
1817 2334 1832 2369 :
1877 2325 2062 2386 utpote

499 2425 642 2463 anno
671 2392 846 2462 lunari
877 2415 1151 2462 trecentos
1186 2406 1582 2477 quinquaginta
1631 2417 1867 2476 quatuor
1901 2407 2018 2463 dies
2042 2447 2058 2472 ,

500 2500 667 2555 solari
701 2508 880 2554 autem
908 2505 1181 2553 trecentos
1207 2498 1490 2568 sexaginta
1512 2498 1751 2569 quinque
1784 2498 2060 2566 habente;

500 2592 753 2647 undecim
785 2592 886 2646 hos
918 2589 1035 2645 dies
1068 2589 1375 2659 duplicatos
1408 2591 1636 2645 alternis
1686 2592 1844 2646 annis
1892 2589 2064 2645 inter-

500 2684 765 2738 calatione
792 2682 932 2737 facta
952 2682 1093 2753 (qua:
1110 2681 1340 2735 duorum
1364 2689 1418 2736 et
1440 2682 1630 2752 viginti
1659 2682 1872 2737 dierum
1897 2680 2062 2751 esset)

500 2774 558 2829 in
581 2774 933 2831 Februarium
981 2773 1264 2828 induxisse
1291 2792 1304 2828 :
1343 2773 1567 2843 verique
1611 2773 1791 2829 simile
1820 2781 1926 2839 est,
1951 2773 2066 2828 haec

500 2868 654 2923 illum
674 2882 741 2923 ex
772 2866 1074 2925 imitatione
1095 2865 1326 2935 quadam
1353 2862 1663 2919 Graacorum
1692 2863 1907 2920 fecisse.
1947 2863 2067 2919 Pri-

499 2975 650 3013 mum
678 2960 822 3014 enim
852 2956 1107 3013 Solonem
1160 2957 1313 3012 aiunt.
1351 2956 1580 3012 Athenis
1625 2956 1767 3011 hanc
1795 2956 2066 3012 mensium

499 3065 692 3120 vagam
718 3058 771 3105 et
796 3050 972 3105 adhuc
1007 3051 1270 3105 incertam
1303 3049 1728 3104 inconstantiam
1762 3049 2065 3119 deprehenv

2151 488 2243 559 ψις
2271 488 2486 558 γίνηται
2514 486 2654 540 κατὰ
2684 483 2903 556 τρόπον,
2937 482 3031 535 καὶ
3055 480 3115 533 τὸ
3155 479 3344 533 πιστὸν
3372 478 3580 550 μᾶλλον
3624 476 3730 548 ἔχῃ

2150 579 2225 632 τά
2242 578 2524 649 εἰρημένα.
2551 576 2689 640 Τοὺς
2722 575 2818 646 μὲν
2845 568 2936 626 οὖν
2962 571 3100 625 πάνυ
3130 569 3388 641 ἀρχαίους
3416 568 3731 637 ἀλογίστως

2149 688 2209 723 τε
2237 671 2329 724 καὶ
2352 669 2600 736 ἀτάκτως
2626 665 2922 738 κεχρῆσθαι
2950 665 3061 727 τοῖς
3097 663 3252 734 μησὶ,
3285 662 3380 716 καὶ
3413 660 3602 723 ἄλλοις
3624 660 3727 714 ἄλο

2149 764 2256 825 λως
2276 762 2365 814 τὸν
2390 760 2630 814 ἐνιαυτὸν
2651 758 2925 830 ὡρικέναι,
2951 755 3100 827 παρά
3124 771 3183 807 τε
3205 754 3377 809 ἄλλων
3424 754 3525 808 καὶ
3549 752 3729 807 Πλου-

2151 851 2349 922 τάρχου
2412 849 2601 921 ἀνδρὸς
2671 845 3141 916 πολυμαθεστάτου
3213 842 3481 897 πυθέσθαι
3547 842 3724 896 ἐστιν.

2156 944 2322 996 Ἔνιοι
2350 943 2476 1011 γοῦν
2500 941 2607 994 τῶν
2641 938 2924 1011 βαρϐάρων
2960 937 3137 1009 τρισὶν
3164 935 3405 1008 ὲχρῶντο
3439 936 3613 1007 μησὶν
3647 936 3730 1000 εἰς

2153 1036 2241 1090 τὸν
2269 1035 2538 1089 ὲνιαυτὸνο
2577 1032 2670 1086 καὶ
2701 1032 2808 1085 τῶν
2845 1029 3105 1102 Ἑλλήνων
3147 1029 3406 1100 ’Δρκάδες
3452 1028 3560 1099 μὲν
3602 1029 3731 1082 τέτ-

2153 1144 2360 1199 ταρσιν,
2396 1126 2720 1198 Ἀκαρνᾶνες
2747 1123 2804 1177 δὲ
2824 1120 2903 1188 ἒξ.
2931 1120 3245 1190 Αἰγυπτίοις
3271 1120 3330 1175 δὲ
3366 1122 3623 1191 μηνιαῖος
3658 1116 3728 1191 ἦν

2153 1222 2182 1273 ὁ
2222 1220 2495 1282 ἐνιαυτὸς,
2530 1213 2650 1270 εἶτα
2688 1215 3045 1286 τετράμηνός,
3075 1212 3150 1277 ὥς
3186 1229 3340 1282 φασι.
3370 1211 3465 1265 Διὸ
3494 1211 3595 1265 καὶ
3626 1212 3730 1282 ἁρ-

2154 1311 2423 1381 χαιότατοι
2448 1300 2585 1362 εἶναι
2610 1306 2840 1371 δοκοῦσι,
2872 1304 3072 1376 πλῆθος
3097 1304 3232 1357 ἑτῶν
3256 1301 3727 1375 καταριθμοῦντες

2157 1402 2335 1471 σφίσιν
2372 1401 2670 1472 ἀμήχανον,
2708 1398 2803 1453 ἅτε
2843 1397 2907 1469 δὴ
2947 1397 3072 1459 τοὺς
3116 1395 3290 1467 μῆνας
3324 1394 3605 1465 τιθέμενοι
3647 1396 3727 1456 εἰς

2157 1492 2295 1547 ἐτῶν
2327 1492 2573 1563 ἀριθμόν.
2598 1491 2707 1544 Καὶ
2739 1490 2994 1560 Ῥωμαῖοι
3017 1487 3074 1541 δὲ
3110 1488 3374 1558 πρότερον
3408 1486 3727 1555 δεκάμηνον

2155 1583 2288 1658 ἦγον
2332 1586 2422 1639 τὸν
2461 1584 2721 1646 ἐνιαυτὸν,
2771 1584 2865 1637 καὶ
2903 1581 3010 1635 τῶν
3058 1579 3239 1651 μηνῶν
3280 1580 3409 1642 τοὺς
3457 1577 3564 1649 μὲν
3602 1577 3725 1631 οὐδὲ

2158 1679 2361 1733 εἴκοσιν
2401 1677 2639 1749 ήμερῶν,
2678 1677 2803 1739 τοὺς
2839 1675 2895 1727 δὲ
2927 1673 3088 1726 πέντε
3119 1673 3211 1727 καὶ
3240 1672 3561 1744 τριάκοντα,
3600 1673 3727 1734 τοὺς

2156 1771 2214 1825 δὲ
2266 1770 2361 1824 καὶ
2401 1769 2656 1822 πλειόνων
2676 1785 2689 1798 ·
2732 1766 2906 1821 ἐκεῖνό
2943 1783 3005 1820 τε
3046 1765 3204 1837 μόνον
3244 1764 3534 1829 ἐσκόπουν,
3575 1762 3726 1826 ὅπως

2157 1863 2419 1934 ἐξήκοντα
2445 1860 2539 1914 καὶ
2578 1859 2902 1931 τριακοσίων
2936 1857 3153 1929 ἡμερῶν
3178 1857 3207 1909 ὁ
3245 1855 3490 1919 ἐνιαυτὸς
3530 1854 3687 1908 ἔσται
3708 1872 3722 1885 ·

2158 1953 2362 2009 ἔννοιαν
2388 1955 2447 2008 δὲ
2467 1953 2568 2025 τῆς
2605 1952 2893 2022 γινομένης
2931 1952 3058 2023 περὶ
3083 1949 3179 2021 τὴν
3224 1948 3455 2019 σελήνην
3502 1950 3601 2001 καὶ
3635 1946 3725 2000 τὸν

2155 2047 2306 2119 ἥλιον
2334 2045 2644 2116 ἀνωμαλίας
2666 2045 2765 2098 οὐκ
2797 2040 2959 2115 εἶχον.
2992 2044 3255 2113 Ὕστερον
3280 2042 3337 2095 δὲ
3363 2041 3557 2111 Νομᾶς
3580 2041 3723 2110 Πομ-

2160 2139 2334 2202 πίλιος
2363 2137 2655 2209 βασιλεύων
2696 2135 2909 2205 λέγεται
2945 2134 3037 2190 δύο
3070 2151 3129 2188 τε
3170 2133 3484 2206 προσθεῖναι
3524 2132 3724 2203 μῆνας,

2159 2229 2344 2285 καὶτὸ
2381 2228 2744 2302 παράλλαγμα
2781 2228 2881 2299 τῆς
2924 2226 3231 2298 ἀνωμαλίας
3261 2225 3488 2297 ἡμερῶν
3533 2224 3727 2277 ἱνδεκα

2146 2321 2404 2390 γίνεσθαι
2434 2321 2809 2392 λογιζόμενος·
2853 2321 2929 2383 ὡς
2955 2317 3047 2372 τοῦ
3079 2320 3174 2389 μὲν
3216 2316 3538 2389 σεληνιακοῦ
3569 2316 3722 2379 ἔτους

2160 2414 2475 2485 τριακοσίας
2508 2412 3107 2484 πεντηκοντατέσσαρας
3126 2411 3336 2481 ἔχοντος
3357 2409 3596 2481 ήμέρας,
3632 2408 3725 2462 τοῦ

2161 2504 2216 2558 δὲ
2248 2504 2469 2576 ἡλιακοῦ
2508 2503 2824 2578 τριακοσίας
2870 2502 3326 2575 ὲξηκονταπὲντε·
3377 2502 3480 2565 τὰς
3530 2501 3726 2555 ἕνδεκα

2160 2596 2360 2660 ταύτας
2400 2595 2774 2659 διπλασιάσας,
2823 2596 3121 2664 ἐπαγαγεῖν
3164 2593 3289 2666 παρ’
3333 2593 3580 2647 ἐνιαυτὸν
3631 2593 3725 2647 ἐπὶ

2163 2689 2240 2761 τῷ
2263 2689 2607 2761 Φεϐρουαρίῳ
2637 2688 2765 2759 μηνὶ
2788 2689 2880 2742 τὸν
2910 2688 3225 2759 ἐμϐόλιμον,
3259 2686 3432 2740 εἴκοσι
3457 2687 3554 2740 καὶ
3578 2686 3725 2738 δυοῖν

2163 2780 2384 2853 ἡμερῶν
2433 2781 2580 2834 ὄντα.
2620 2781 2779 2842 Εἰκὸς
2818 2780 2862 2832 δ’
2897 2781 3099 2832 ἐκεῖνον
3144 2776 3315 2831 ταῦτα
3357 2777 3494 2848 πρὸς
3536 2776 3728 2847 ὁμοίαν

2163 2871 2285 2926 τινὰ
2327 2872 2620 2943 Ἀθηναίων
2677 2872 2869 2942 χρῆσιν
2929 2870 3301 2940 πεποιηκέναι.
3350 2868 3567 2922 Σόλωνα
3615 2867 3728 2937 γάρ

2164 2962 2377 3036 πρῶτον
2421 2964 2674 3037 Ἀθήνῃσι
2711 2963 2808 3036 τὴν
2848 2965 2975 3037 περὶ
3010 2967 3136 3029 τοὺς
3188 2965 3363 3035 μῆνας
3411 2963 3729 3035 ἀνωμαλίαν

2168 3057 2392 3110 συνιδεῖν
2422 3073 2552 3126 φασι
2572 3073 2586 3088 ο
2615 3057 2708 3110 καὶ
2732 3056 2828 3128 τὴν
2853 3058 2950 3127 μὲν
2975 3058 3205 3130 ἡμέραν,
3230 3058 3351 3112 καθ’
3376 3058 3445 3129 ἢν
3470 3059 3503 3128 ἡ
3530 3056 3728 3126 σελήνη

502 3142 649 3197 disse
675 3161 687 3196 :
722 3149 777 3197 et
805 3142 945 3196 diem
976 3157 1084 3211 quo
1125 3143 1253 3195 luna
1281 3142 1451 3196 solem
1478 3141 1788 3210 assequitur
1821 3147 1874 3196 et
1894 3149 2062 3196 trans-

2166 3147 2568 3218 καταλαμϐάνει
2605 3165 2665 3202 τε
2716 3149 2811 3202 καὶ
2848 3149 3179 3222 παρέρχεται
3234 3150 3327 3203 τὸν
3359 3151 3533 3220 ήλιον,
3567 3150 3727 3215 τάξαι

503 3234 688 3296 mitlit,
722 3234 848 3306 ένην
878 3234 970 3288 καὶ
994 3233 1142 3298 νέαν,
1172 3232 1225 3287 id
1264 3239 1381 3295 est,
1437 3232 1716 3300 antiquam
1772 3240 1826 3287 et
1870 3247 2063 3289 novatn

503 3327 709 3395 lunam,
744 3329 858 3383 sive
896 3336 1192 3382 extremam
1227 3333 1281 3382 et
1314 3325 1576 3396 primam,
1608 3325 1713 3380 hoc
1745 3333 1859 3391 est,
1894 3326 2065 3381 inter-

504 3420 713 3475 lunium
741 3418 924 3475 vocari
953 3418 1257 3473 instituisse
1289 3435 1303 3472 :
1337 3423 1391 3471 et
1430 3425 1746 3486 sequentem
1776 3417 2065 3488 νουμηνίαν

504 3513 559 3568 id
587 3520 707 3579 est,
752 3512 1088 3567 novilunium
1119 3550 1136 3577 ,
1186 3511 1303 3567 sive
1354 3508 1625 3564 Kalendas
1678 3510 2064 3581 appellavisse,

504 3621 856 3677 mensemque
885 3607 1106 3675 triginta
1138 3604 1350 3659 dierum
1381 3601 1736 3659 constituisse
1761 3621 1775 3657 :
1806 3610 1861 3657 et
1889 3603 1944 3657 in
1973 3617 2067 3673 ge-

504 3716 635 3756 nere
664 3714 866 3755 annum
923 3698 1103 3767 ipsum
1142 3697 1198 3751 in
1237 3696 1645 3752 concinniorem
1695 3693 1941 3750 ordinem
1983 3693 2068 3747 di-

504 3793 761 3864 gessisse.
794 3789 1142 3845 lntercalaris
1177 3803 1302 3843 vero
1340 3788 1544 3870 mensis
1577 3802 1735 3843 usum
1765 3785 2068 3855 antiquitus

502 3880 676 3938 fuisse
705 3879 932 3944 Graecis,
962 3878 1205 3934 declarat
1226 3876 1534 3933 Herodotus
1567 3896 1580 3932 :
1623 3896 1642 3928 ‹
1680 3874 1873 3939 Graeci,
1913 3894 1932 3927 ι
1984 3874 2071 3927 in-

505 3974 645 4046 quit,
678 3991 698 4024 ι
734 3972 896 4028 tertio
924 3985 1143 4041 quoque
1185 3984 1328 4023 anno
1377 3968 1848 4024 intercalationem
1902 3966 2071 4020 inter-

508 4072 736 4129 serunt,
791 4069 1098 4132 temporum
1154 4059 1327 4130 gratia
1360 4076 1374 4112 :
1406 4057 1647 4129 Egyptii
1687 4072 1817 4113 vero
1847 4056 2071 4111 tricenis

505 4156 719 4219 diebus,
747 4155 946 4224 quibus
974 4151 1262 4208 duodecim
1297 4166 1513 4207 menses
1554 4150 1683 4204 anni
1738 4155 1947 4212 laxant,
1973 4162 2071 4203 au-

503 4249 676 4304 ctario
711 4248 850 4303 facto
881 4247 947 4301 ad
977 4262 1099 4301 eum
1138 4260 1448 4310 numerum,
1480 4245 1596 4300 dies
1636 4243 1878 4312 quinque
1908 4246 2072 4311 quot-

506 4345 667 4399 annis
698 4339 1071 4411 superaddunt
1099 4358 1112 4393 :
1143 4347 1199 4393 et
1242 4340 1311 4395 iis
1343 4339 1483 4393 ratio
1515 4337 1709 4392 circuli
1762 4343 2070 4404 temporum

506 4441 720 4491 constat
751 4432 939 4490 eodem
973 4432 1275 4488 redeuntis.
1315 4452 1333 4484 ›
1368 4430 1525 4497 Quod
1565 4430 1611 4485 si
1654 4427 1826 4482 Numa
1848 4426 2069 4498 quidem

2163 3238 2289 3311 ἕνην
2331 3240 2426 3294 καὶ
2465 3240 2588 3293 νέαν
2629 3240 2938 3296 καλεῖσθαι⁶
2979 3242 3077 3311 τὴν
3114 3242 3158 3294 δ’
3191 3240 3386 3311 ἐφεξῆς
3431 3239 3728 3311 νουμηνίαν

2164 3330 2595 3403 προσαγορεῦσαι
2617 3346 2631 3360 ⁶
2659 3332 2786 3402 ἄχρι
2805 3347 2864 3384 τε
2888 3330 3174 3403 τριακάδος
3199 3332 3289 3385 τὸν
3318 3331 3462 3403 μῆνα
3489 3331 3730 3403 ἠριθμη-

2164 3422 2318 3477 κέναι
2342 3440 2355 3453 ·
2409 3424 2504 3477 καὶ
2534 3424 2668 3487 ὅλως
2699 3423 2793 3475 ἐπὶ
2823 3423 2882 3476 τὸ
2927 3423 3131 3493 βέλτιον
3172 3423 3451 3478 διαθέσθαι
3490 3423 3561 3475 τὰ
3598 3425 3729 3494 περὶ

2165 3515 2254 3569 τὸν
2289 3516 2547 3570 ἐνιαυτόν.
2581 3515 2788 3587 Χρῆσιν
2818 3514 2861 3570 δ’
2892 3515 3182 3586 ἐμϐολίμου
3212 3514 3377 3586 μηνὸς
3412 3516 3506 3567 καὶ
3533 3515 3729 3584 ’Ἐλλη-

2167 3624 2250 3661 σιν
2272 3607 2536 3663 ἀνέκαθεν
2560 3603 2697 3662 εἶναι
2729 3607 2878 3678 δηλοῖ
2905 3608 3307 3679 καὶἪρόδοτος,
3338 3607 3509 3675 λέγων
3526 3624 3542 3640 ο
3569 3627 3586 3659 ι
3606 3607 3727 3661 Ἕλ-

2165 3701 2324 3772 ληνες
2360 3700 2457 3770 μὲν
2485 3699 2573 3753 διὰ
2602 3699 2784 3771 τρίτου
2828 3698 2974 3762 ἔτεος
3008 3697 3297 3768 ἐμϐόλιμον
3327 3696 3726 3766 ἐπεμϐάλλουσι

2165 3793 2275 3847 τῶν
2301 3792 2486 3863 ὡρέων
2532 3792 2767 3845 εἵνεκενο
2802 3790 3083 3859 Αἰγύπτιοι
3119 3789 3195 3854 δὲ,
3237 3788 3729 3861 τριακονθημέρους

2166 3885 2387 3952 ἄγοντες
2418 3885 2543 3946 τοὺς
2563 3882 2768 3938 δώδεκα
2796 3883 2990 3954 μῆνας,
3022 3882 3314 3951 ἐπάγουσιν
3342 3882 3445 3935 ἀνὰ
3475 3885 3586 3936 πᾶν
3610 3883 3728 3946 ἔτος

2169 3975 2327 4030 πέντε
2354 3974 2564 4046 ἡμέρας
2597 3973 2768 4045 παρὲξ
2787 3973 2880 4027 τοῦ
2912 3972 3175 4044 ἀριθμοῦο
3208 3973 3300 4027 καί
3329 3989 3455 4041 σφιν
3477 3973 3507 4024 ό
3535 3973 3731 4036 κύκλος

2168 4064 2275 4118 τῶν
2318 4064 2502 4135 ὡρέων
2534 4064 2613 4126 εἰς
2648 4062 2810 4117 ταυτὸ
2857 4063 3078 4134 περιιὼν
3115 4062 3492 4134 παραγίνεται.
3530 4082 3550 4115 ι
3582 4064 3645 4116 EE
3674 4063 3731 4116 δὲ

2168 4156 2356 4227 Νομᾶς
2394 4157 2491 4226 μὲν
2535 4155 2707 4209 εἴκοσι
2743 4156 2835 4212 καὶ
2876 4154 3017 4209 δυοῖν
3051 4155 3273 4226 ἡμερῶν
3301 4155 3394 4209 τὸν
3436 4156 3729 4226 ἐμϐόλιμον

2169 4243 2376 4311 ἔταξεν,
2428 4245 2709 4316 Ἡρόδοτος
2748 4244 2805 4297 δὲ
2853 4244 3313 4316 τριακονθήμερον
3362 4244 3727 4316 καταριθμεῖ·

2169 4335 2322 4391 οὐθὲν
2363 4337 2512 4389 τουτὶ
2559 4336 2695 4407 πρὸς
2734 4336 2825 4392 τὸν
2857 4335 2951 4390 νῦν
2980 4336 3154 4405 λόγον.
3199 4334 3336 4389 Ἀλλ’
3370 4336 3548 4391 έκεῖνο
3574 4337 3730 4407 δῆλον

2170 4430 2279 4482 κάκ
2299 4429 2518 4495 τούτων,
2551 4429 2628 4493 ὡς
2668 4429 2932 4498 Ἀθηναῖοι
2973 4427 3240 4500 χρώμενοι
3273 4428 3553 4501 ὲμϐολίμῳ
3575 4446 3731 4501 προσ-

506 4525 973 4582 intercalationem
1005 4523 1238 4578 duorum
1279 4532 1334 4579 et
1364 4522 1554 4593 viginti
1589 4522 1803 4575 dierum
1846 4520 2062 4577 ordina-

2172 4521 2505 4593 ανεπλήρουν
2538 4522 2599 4574 τὸ
2636 4521 2878 4576 ἐλλεῖπον
2911 4521 3047 4597 πρὸς
3072 4524 3170 4593 τὴν
3197 4521 3326 4593 ὅλην
3353 4500 3602 4593 περίοδον
3622 4500 3731 4574 τοῦ

505 4619 610 4684 vit;
647 4617 952 4672 Herodotus
979 4630 1107 4670 vero
1135 4615 1357 4686 triginta
1389 4614 1599 4669 dierum
1628 4619 1907 4691 recenset,
1931 4612 2070 4666 nihil

2173 4613 2323 4684 ἡλίου
2348 4612 2454 4666 τῶν
2481 4611 2639 4684 ὡρῶν
2677 4613 2857 4669 ἕνεκα.

506 4708 611 4763 hoc
648 4708 714 4763 ad
742 4707 1188 4778 disceptationem
1233 4713 1574 4776 praesentem.
1613 4701 1814 4759 Verum
1862 4719 1929 4759 ex
1978 4705 2064 4761 his
2103 4705 2265 4760 datur
2322 4706 2459 4761 illud
2486 4705 2738 4776 intelligi,
2766 4706 3128 4763 Athenienses
3162 4719 3353 4762 mense
3386 4705 3731 4762 intercalario

508 4808 722 4857 utentes
750 4800 877 4854 anni
904 4800 990 4856 sui
1012 4797 1282 4853 defectum
1310 4796 1664 4866 supplevisse,
1682 4805 1742 4851 ut
1762 4804 2069 4866 temporum
2099 4797 2237 4853 ratio
2265 4796 2484 4855 facilius
2506 4799 2638 4855 solis
2660 4798 2841 4854 itineri
2873 4804 3214 4869 congrueret.

1156 4888 1228 4944 De
1258 4905 1418 4942 anno.

573 4983 663 5039 IX.
694 4981 952 5037 Bifariam
970 4994 1100 5051 ergo
1121 4993 1323 5032 annum
1348 4976 1770 5034 considerabant
1793 5015 1808 5040 ,
1857 4983 1917 5030 ut
1966 4975 2065 5047 qui

506 5076 705 5148 partim
733 5089 763 5127 a
788 5074 901 5129 sole
919 5072 1178 5128 trecentis
1200 5070 1482 5141 sexaginta
1502 5069 1694 5124 diebus
1717 5068 2061 5133 deﬁniretur,

507 5175 728 5241 propter
756 5165 1052 5221 sectionem
1087 5162 1292 5233 obliqui
1328 5159 1576 5232 signiferi
1602 5160 1659 5213 in
1689 5159 1914 5213 totidem
1944 5172 2071 5227 gra-

507 5261 630 5316 dus.
663 5258 732 5313 Et
755 5258 917 5327 hujus
944 5263 1088 5312 certe
1116 5256 1363 5325 quintam
1395 5260 1605 5325 partem
1631 5250 1958 5306 Aristoteles
1984 5250 2068 5306 di-

506 5351 582 5406 οἱι
602 5366 726 5407 esse
750 5349 889 5405 duos
921 5355 975 5403 et
1029 5346 1369 5417 septuaginta
1403 5344 1558 5400 dies:
1621 5344 1817 5414 partim
1865 5356 1893 5396 a
1941 5343 2065 5396 luna

508 5443 699 5497 diebus
750 5448 984 5509 quatuor
1026 5444 1080 5493 et
1124 5435 1519 5507 quinquaginta
1572 5448 1737 5504 supra
1771 5439 2066 5488 trecentos.

510 5526 709 5584 Eadem
747 5528 910 5585 etiam
946 5526 1155 5581 ratione
1186 5526 1467 5581 mensibus
1495 5524 1695 5594 partim
1744 5523 1811 5577 ad
1864 5523 2069 5585 solem,

510 5620 706 5688 partim
757 5620 824 5673 ad
867 5618 1048 5672 lunam
1085 5615 1353 5680 deductis,
1393 5616 1621 5687 aliisque
1646 5615 1806 5670 annis
1834 5614 1952 5672 dies
1980 5616 2073 5670 tri-

511 5708 660 5779 ginta
714 5709 1070 5778 adjiciebant;
1134 5707 1257 5765 aliis
1296 5709 1534 5779 quinque
1566 5725 1579 5763 :
1618 5714 1680 5781 et
1713 5707 1760 5764 si
1791 5707 1919 5777 quid
1956 5721 2071 5762 am-

2717 4889 2857 4959 Περὶ
2888 4887 3189 4944 ἐνιαυτοῦ.

2241 4977 2318 5034 ϐ’.
2347 4977 2518 5049 Διχῶς
2540 4973 2633 5032 οὖν
2662 4977 2925 5050 ἐθεώρουν
2948 4977 3040 5031 τὸν
3066 4976 3326 5042 ἐνιαυτὸν,
3354 4971 3464 5031 οἷον
3494 4976 3586 5030 τὸν
3629 4976 3725 5046 μὲν

2176 5070 2437 5138 ἐξήκοντα
2482 5069 2576 5122 καὶ
2625 5069 2958 5141 τριακοσίαις
3006 5069 3243 5140 ἡμέραις
3289 5067 3604 5139 ὁριζόμενον
3656 5068 3731 5137 τῷ

2175 5161 2328 5231 ήλίῳ,
2369 5161 2459 5215 διὰ
2506 5162 2600 5232 τὴν
2647 5163 2725 5224 εἰς
2763 5160 3027 5224 τοσαύτας
3071 5160 3263 5231 μοίρας
3302 5160 3615 5230 κατατομήν
3642 5158 3731 5213 τοῦ

2173 5251 2325 5317 λοξοῦ
2346 5269 2359 5282 ο
2404 5252 2496 5306 καὶ
2539 5251 2724 5305 τούτου
2768 5251 2832 5321 δὴ
2878 5251 3040 5321 μέρος
3086 5250 3333 5321 πέμπτον
3369 5248 3733 5319 Ἀριστοτέλης

2176 5338 2313 5395 εἶναι
2341 5359 2502 5413 φησιν
2529 5341 2740 5413 ἡμέρας
2762 5340 3126 5411 ἑϐδομήκοντα
3154 5340 3245 5394 καὶ
3275 5339 3396 5393 δύοσ
3423 5339 3515 5392 τὸν
3539 5338 3597 5392 δὲ
3621 5339 3733 5391 τέτ-

2176 5451 2336 5505 ταρσι
2381 5433 2476 5487 καὶ
2525 5434 2860 5503 πεντήκοντα
2902 5431 2996 5486 καὶ
3037 5430 3373 5504 τριακοσίαις
3419 5434 3485 5503 τῇ
3521 5430 3728 5503 σελήνῃ.

2192 5524 2473 5594 Ἀνάλογον
2498 5524 2554 5578 δὲ
2598 5524 2695 5578 καὶ
2740 5524 2868 5586 τοὺς
2911 5525 3084 5594 μῆνας
3124 5521 3278 5595 ἦγον,
3310 5525 3437 5587 τοὺς
3474 5522 3571 5593 μὲν
3600 5520 3733 5575 κατᾶ

2176 5615 2268 5669 τὸν
2294 5614 2463 5684 ήλιον,
2493 5613 2617 5677 τοὺς
2655 5611 2711 5666 δὲ
2752 5610 2893 5668 κατὰ
2919 5610 3018 5682 τὴν
3065 5611 3289 5682 σελήνην
3310 5624 3325 5639 ·
3355 5605 3643 5662 ἐπέϐαλλον
3671 5621 3729 5657 τε

2178 5710 2288 5774 τοῖς
2319 5707 2416 5778 μὲν
2443 5707 2729 5779 τριάκοντα
2751 5700 2984 5777 ἡμέρας,
3012 5706 3122 5769 τοῖς
3153 5703 3209 5760 δὲ
3242 5702 3423 5769 πέντε,
3450 5699 3547 5756 καὶ
3569 5699 3622 5754 σί
3640 5713 3728 5753 του
