3950 6266
274 347 408 406 “89

1187 341 1536 398 THEODORI
1570 340 1777 399 GAZAE
1818 337 2023 395 LIBER
2063 336 2149 390 DE
2189 336 2556 393 MENSIBUS.

3372 352 3509 400 ιιυυ

273 466 519 530 πλείονος
566 464 672 518 δέοι
703 463 791 518 διὰ
832 463 1090 535 τετάρτου
1124 463 1390 518 ἐνιαυτοῦ.
1417 462 1497 516 Td:
1520 463 1564 516 δ’
1594 462 1701 534 ἄρα
1729 461 1844 532 βοή-

1947 457 2090 528 plius
2118 471 2255 527 opus
2277 467 2410 525 erat,
2444 463 2640 528 quarto
2663 471 2879 527 quoque
2902 473 3064 512 anno.
3101 458 3330 531 Haecque
3353 472 3510 517 erant

272 557 393 612 θεια
421 552 510 628 ἦν,
540 556 873 609 διατείνουσα
902 557 1000 626 μέν
1026 555 1084 608 οὺ
1110 557 1315 628 πόρρω,
1350 557 1507 627 ίκανή
1543 555 1725 625 μέντοι
1770 556 1849 617 είς

273 648 336 701 τὸ
366 647 496 700 αὐτὸ
535 647 999 708 ἀντικαθιστάναι,
1046 647 1140 699 καὶ
1175 646 1377 718 εἵργειν
1420 649 1476 699 ἐν
1513 650 1626 710 τοῖς
1668 647 1848 710 αὐτοῖς

275 753 379 791 που
409 738 554 807 ὅροις
585 737 710 799 τοὺς
743 737 914 807 μῆνας
935 753 948 764 ⁸
981 738 1115 806 ίαμά
1142 754 1200 789 τε
1225 737 1324 806 τῆς
1353 737 1662 808 ἀνωμαλίας
1693 737 1850 804 ἐτύγ-

270 846 436 900 χανεν
462 829 542 892 ὃν,
577 827 652 892 ὡς
689 829 783 881 καὶ
811 828 1151 900 Πλούταρχος
1199 829 1364 896 λέγει,
1402 827 1658 899 μειζόνων
1691 827 1850 898 ἰαμά-

271 936 383 972 των
415 918 699 992 δεήσεσθαι
727 919 936 988 μέλλον.
965 922 1180 990 Καῖσαρ
1213 917 1304 973 οὖν
1350 922 1378 973 ὁ
1407 919 1620 990 πρῶτος
1651 936 1847 990 μοναρ-

273 1013 447 1082 χήσας
498 1011 805 1080 Ῥωμαίων,
847 1013 961 1073 τοῖς
1002 1010 1245 1081 ἀρίστοις
1295 1012 1401 1062 τῶν
1453 1010 1846 1082 μαθηματικῶν

271 1101 569 1171 πρόϐλημα
599 1102 726 1172 περὶ
749 1099 936 1152 τούτου
967 1100 1209 1170 προθεὶς,
1248 1102 1310 1153 ἐκ
1342 1101 1448 1154 τῶν
1477 1101 1845 1171 ὑποκειμένων

272 1192 378 1263 ῆδη
428 1191 664 1262 μεθόδων
715 1191 846 1244 ίδίαν
883 1190 1002 1244 τινὰ
1042 1191 1134 1244 καὶ
1183 1190 1614 1264 διηκριϐωμένην
1649 1191 1845 1261 μᾶλλον

243 1283 645 1355 οέπανόρθωσιν
700 1282 870 1355 ἔμιξε.
928 1282 1151 1336 Δοκοῢσι
1207 1283 1251 1336 δ’
1304 1284 1588 1353 Αἰγύπτιοι
1641 1284 1844 1356 πρῶτοι

277 1376 415 1446 μησὶ
445 1377 752 1448 χρήσασθαι
783 1375 902 1430 καθ’
935 1374 1084 1445 ἥλιον
1112 1377 1593 1448 τριακονθημέροις
1617 1377 1841 1442 δώδεκα,

273 1469 371 1520 καὶ
401 1469 562 1521 πέντε
595 1469 806 1540 ἡμέρας
839 1471 1135 1540 ἐπαγαγεῖν
1163 1475 1282 1526 κατ’
1309 1473 1550 1524 ἐνιαυτὸν
1585 1471 1842 1524 ἕκαστονο

273 1560 336 1612 τό
367 1577 427 1612 τε
461 1560 742 1630 ἐπιτρέχον
778 1562 959 1632 μόριον
993 1564 1090 1633 τῆς
1133 1562 1343 1634 ἡμέρας
1381 1565 1460 1626 εἰς
1503 1561 1846 1633 ἐκπλήρωσιν

271 1649 368 1703 τοῦ
402 1649 522 1704 ὅλου
554 1650 796 1703 ἐνιαυτοῦ
839 1654 902 1704 ἐκ
937 1653 1196 1722 περιόδων
1239 1653 1494 1706 πλειόνων
1533 1651 1668 1705 ἐτῶν
1707 1653 1844 1705 ἀπο-

272 1741 548 1805 λαϐόντες,
582 1741 864 1796 συνθέσθαι
915 1743 1039 1813 μίαν
1075 1744 1305 1816 ἡμέραν.
1343 1743 1602 1816 Ἕλληνες
1628 1743 1683 1796 δὲ
1713 1743 1842 1814 παρ’

1949 547 2214 612 subsidia,
2257 563 2377 617 qua:
2417 564 2526 602 non
2569 549 2732 605 latius
2763 548 2980 620 quidem
3028 558 3308 620 paterent,
3360 551 3509 608 sulli-

1949 639 2146 692 cientia
2176 645 2357 694 tamen
2386 641 2672 696 restituere
2703 657 2918 697 menses
2946 643 3070 706 sibi,
3100 652 3152 700 et
3181 644 3369 700 iisdem
3395 646 3509 701 fere

1947 729 2147 784 ﬁnibus
2179 745 2274 784 eos
2306 745 2592 796 coercere;
2631 747 2802 801 eaque
2836 732 3219 802 inaequalitatis
3247 736 3465 790 curatio
3489 775 3505 800 ,

1946 829 2006 875 ut
2057 821 2356 891 majoribus
2413 807 2563 876 olim.
2599 823 2852 879 remediis
2901 823 3212 894 indigeret,
3265 827 3505 883 futurum

1945 922 2083 978 erat,
2119 915 2572 984 quemadmodum
2603 915 2768 972 refert
2798 916 3146 974 Plutarchus.
3191 919 3374 976 Caesar
3405 923 3506 976 ita-

1945 1021 2072 1077 que,
2112 1007 2158 1061 is
2194 1008 2288 1076 qui
2338 1007 2546 1077 primus
2597 1007 2882 1078 imperium
2930 1011 3130 1066 invasit
3159 1019 3214 1066 et
3245 1013 3312 1067 ad
3345 1014 3506 1082 cujus

1945 1099 2108 1154 unius
2139 1098 2430 1154 arbitrium
2482 1115 2569 1155 res
2615 1097 2858 1154 Romana
2909 1100 3160 1157 devoluta
3193 1110 3308 1169 est,
3360 1120 3506 1175 quae-

1945 1191 2122 1247 stione
2172 1187 2274 1245 hac
2323 1189 2391 1246 de
2423 1206 2482 1246 re
2509 1191 2732 1261 optimis
2765 1192 3164 1250 mathematicis
3193 1197 3504 1266 preposita,

1943 1297 2010 1337 ex
2065 1281 2356 1337 substratis
2405 1281 2518 1351 jam
2573 1283 2677 1338 viis
2737 1283 3194 1356 rationibusque,
3227 1291 3505 1358 propriam

1943 1374 2236 1442 quamdam
2288 1380 2342 1427 et
2374 1375 2715 1428 accuratiore
2762 1390 2894 1429 cura
2926 1378 3287 1447 excogitatam
3323 1395 3508 1435 emen-

1944 1465 2215 1519 dationem
2245 1463 2499 1518 confecit.
2531 1463 2700 1518 Primi
2742 1475 2922 1520 autem
2967 1466 3211 1520 omnium
3263 1466 3506 1540 Egyptii

1945 1557 2013 1611 ad
2050 1557 2219 1612 solem
2251 1556 2536 1611 duodecim
2575 1558 2850 1614 mensibus
2905 1561 2990 1614 usi
3035 1541 3318 1622 vident-ur,
3353 1571 3406 1616 et
3436 1563 3504 1616 iis

1945 1651 2164 1722 quidem
2219 1651 2528 1708 tricenariis
2559 1695 2573 1719 ,
2637 1659 2689 1707 et
2746 1653 2986 1723 quinque
3037 1653 3153 1710 dies
3213 1657 3506 1724 quotannis

1948 1745 2214 1816 adjecisse
2252 1787 2268 1812 ,
2339 1745 2773 1816 particulamque
2837 1746 2943 1801 dici
2999 1755 3377 1801 excurrentem
3437 1747 3506 1802 ad

271 1833 498 1887 ἐκείνων
526 1833 657 1888 ἄλλα
698 1851 758 1886 τε
803 1809 970 1887 πλείω
1007 1809 1408 1907 τῶν-οὖρανίων
1450 1809 1838 1908 θεωρημάτων,

1947 1837 2377 1906 supplementum
2418 1837 2586 1892 totius
2611 1836 2760 1900 anni,
2787 1851 2854 1891 ex
2887 1835 3070 1891 multis
3102 1851 3373 1891 annorum
3401 1837 3508 1895 citk

274 1927 368 1980 καὶ
397 1925 569 1979 ταῦτα
603 1926 928 1998 παρέλαϐον,
954 1927 1022 1980 τὰ
1058 1928 1157 1998 μὲν
1185 1928 1727 2000 μεθερμηνευθέντων
1761 1932 1840 1993 είς

271 2016 334 2070 τὸ
374 2017 681 2088 Ἑλληνικὸν
706 2019 814 2070 τῶν
856 2019 1278 2090 ὑπομνημάτων,
1305 2022 1372 2074 τά
1411 2020 1465 2073 δέ
1506 2021 1597 2073 καὶ
1629 2020 1841 2074 συνδια-

270 2107 563 2178 τρίψαντες
589 2111 702 2173 τοῖς
734 2112 849 2164 ἐκεῖ
889 2110 1114 2181 ίερεῦσι.
1159 2113 1430 2183 περιττοῖς
1456 2107 1573 2164 οὖσι
1610 2111 1706 2183 τὴν
1731 2111 1839 2166 τῶν

272 2199 538 2270 οὐρανίων
577 2201 901 2272 ἐπιστήμην.
925 2203 1204 2260 ,Πλάτωνα
1239 2202 1368 2272 γοῦν
1403 2205 1533 2272 φασί
1572 2221 1714 2267 τινες
1747 2205 1840 2258 καὶ

275 2289 521 2357 Εὔδοξον,
551 2291 1004 2363 ἀποδημήσαντας
1029 2295 1108 2356 είς
1129 2295 1421 2362 Αἴγυπτον,
1446 2295 1701 2366 ὁμιλῆσαι
1729 2298 1841 2360 τοῖς

276 2383 480 2455 ἱερεῦσι
507 2385 860 2456 τρισκαίδεκα
889 2383 1002 2455 ἐτη.
1045 2385 1356 2448 Μυστικοὺς
1403 2386 1510 2457 γάρ
1550 2387 1708 2447 ὂντας
1749 2386 1840 2439 καὶ

274 2475 718 2546 δυσμεταδότους,
760 2475 866 2528 ἔδει
907 2475 984 2546 τῷ
1026 2477 1198 2548 χρόνῳ
1236 2477 1333 2529 καὶ
1368 2481 1488 2541 ταῖς
1528 2477 1841 2548 θεραπείαις

277 2566 657 2637 ἐκλιπαρῆσαι,
685 2566 822 2619 ὥστε
854 2567 974 2620 τινά
1011 2567 1118 2620 τῶν
1147 2567 1513 2638 θεωρημάτων
1541 2569 1836 2640 ἱστορῆσαι.

275 2657 458 2710 Ταῦτα
492 2657 589 2727 μὲν
618 2657 760 2710 οὕτω
794 2657 1020 2728 διαιρεῖν
1063 2657 1191 2721 ἴσως
1219 2659 1278 2710 οὐ
1317 2661 1526 2730 χεῖρονσ
1563 2659 1623 2710 τό
1662 2676 1719 2710 τε
1759 2658 1838 2710 διο

274 2747 619 2820 ηπορημένον
667 2748 852 2818 φανεὶς
876 2750 904 2801 ό
931 2749 1221 2820 ἐμϐόλιμος
1246 2749 1382 2804 λύει.
1417 2749 1526 2802 Καὶ
1567 2751 1620 2802 εἴ
1661 2767 1713 2802 τι
1753 2749 1841 2802 διὰ

278 2839 522 2903 πλείονος
555 2839 634 2893 ἔτι
661 2840 852 2911 χρόνου
882 2840 1262 2910 παραλλάττει,
1290 2840 1433 2903 εἰκὸς
1466 2841 1559 2894 καὶ
1591 2843 1714 2906 τοὺς
1740 2841 1842 2895 πά-

273 2931 365 2984 λαι
396 2931 730 3002 συνορῶντας
765 2931 858 2984 καὶ
888 2931 1044 2984 τοῦτο
1075 2931 1248 3003 δήπου
1283 2931 1728 3006 ἐπανορθοῦσθαι,
1755 2933 1843 2986 ὁτὲ

276 3023 379 3094 μὲν
425 3023 778 3094 μακρότερον,
825 3022 912 3076 ὁτὲ
958 3023 1015 3075 δὲ
1062 3023 1389 3094 βραχύτερον
1433 3025 1521 3077 τὸν
1552 3024 1842 3094 ἐμϐόλιμον

1944 1927 2182 1982 cuitibus
2211 1936 2513 1982 acervatam
2534 1968 2548 1992 ,
2593 1929 2649 1981 in
2693 1943 2861 1982 unum
2899 1929 3041 1982 diem
3076 1930 3340 2000 integrum
3369 1946 3505 1986 con-

1937 2020 2157 2089 jecisse.
2189 2020 2360 2076 Graeci
2392 2036 2519 2076 vero
2555 2022 2622 2074 ab
2671 2021 2799 2086 illis,
2831 2036 2955 2074 cum
2989 2022 3093 2076 alia
3125 2025 3389 2092 permulta
3419 2039 3508 2079 re-

1943 2127 2064 2165 rum
2095 2112 2428 2178 caelestium;
2468 2120 2580 2165 tum
2629 2111 2742 2166 inec
2787 2115 3057 2182 praecipue
3102 2121 3292 2168 mutuo
3345 2130 3505 2170 acce-

1943 2207 2174 2271 perunt;
2207 2201 2401 2272 partim
2436 2203 2702 2256 traductis
2733 2203 2786 2255 in
2819 2203 3057 2272 linguam
3083 2203 3329 2259 Graecam
3352 2220 3502 2259 com-

1942 2292 2256 2357 mentariis;
2288 2293 2483 2362 partim
2509 2307 2632 2346 cum
2655 2307 2843 2347 eorum
2874 2294 3252 2350 sacerdotibus
3278 2295 3504 2362 versati,

1941 2383 2154 2454 egregie
2179 2383 2495 2453 Ldivinarum
2529 2384 2945 2455 emlestiumque
2973 2369 3323 2441 scientiarum
3351 2389 3498 2458 peri-

1943 2479 2036 2534 tis.
2067 2477 2268 2532 Ferunt
2302 2479 2484 2549 itaque
2512 2479 2816 2542 Platonem,
2867 2487 2920 2532 et
2955 2477 3238 2532 Eudoxum
3281 2496 3507 2551 peregre

1944 2573 1999 2626 in
2033 2571 2324 2642 {Egyptum
2358 2571 2660 2642 profectos,
2695 2571 2853 2626 annis
2886 2570 3143 2626 tredecim
3175 2573 3315 2642 apud
3335 2571 3504 2645 ΕΒΓ

1942 2662 2084 2730 ptios
2138 2661 2450 2716 sacerdotes
2493 2661 2803 2728 mansisse;
2838 2668 2987 2714 tanta
3024 2662 3167 2716 enim
3208 2671 3506 2718 consuetu—

1943 2753 2089 2818 dine,
2113 2759 2330 2823 tamque
2360 2753 2571 2808 diutino
2603 2752 2869 2822 obsequio
2900 2760 3056 2807 erant
3108 2754 3368 2808 exorandi
3393 2793 3407 2818 ,
3451 2761 3506 2809 et

1941 2844 2097 2913 quasi
2125 2843 2506 2907 eblandiendi,
2554 2853 2612 2899 ut
2658 2846 2752 2914 qui
2787 2859 2966 2898 rerum
2999 2858 3324 2897 arcanarum
3355 2853 3506 2898 tena-

1943 2952 2054 3000 ces,
2086 2937 2342 3006 avarique
2375 2935 2692 3005 elargitores
2729 2942 2910 2989 essent
2939 2934 3348 3004 disciplinarum
3380 2951 3507 2991 sua-

1942 3043 2098 3094 rum;
2163 3042 2273 3098 quo
2329 3027 2532 3097 aliquid
2608 3027 2912 3081 caelestium
2987 3027 3504 3097 contemplationum

279 3113 648 3185 ποιουμένους.
683 3114 753 3166 Τὸ
781 3113 823 3166 δ’
851 3113 1257 3185 ἀκριϐέστατον,
1283 3115 1377 3167 καὶ
1405 3114 1537 3186 μηδὲ
1561 3115 1688 3186 παρ’
1731 3115 1840 3168 ὀλί-

1947 3117 2303 3186 impertirent.
2335 3115 2461 3170 Hzec
2492 3129 2621 3169 vero
2652 3115 2726 3168 ita
2767 3113 3124 3184 distinguere,
3173 3121 3233 3167 ut
3266 3113 3462 3184 opinor
3487 3152 3502 3177 ,

275 3219 372 3271 γον
401 3221 452 3256 τι
479 3202 833 3272 πλημμελεῖν,
863 3203 961 3255 οὐκ
983 3202 1255 3272 ἐπιζητεῖν
1277 3203 1386 3256 δεῖ·
1419 3204 1577 3257 ὁπότε
1603 3205 1696 3258 καὶ
1724 3204 1839 3269 νῦν,

270 3294 512 3348 ἐπίδοσιν
543 3293 642 3363 τῆς
684 3293 1038 3364 ἀστρολογίας
1080 3293 1346 3364 τοσαύτην
1375 3292 1665 3365 λαϐούσης,
1697 3295 1844 3364 ὅμως

274 3388 308 3455 ἡ
340 3385 440 3454 τῆς
463 3385 729 3455 κινήσεως
756 3383 1037 3454 ἀνωμαλία
1065 3384 1340 3453 διαφεύγει
1365 3387 1454 3440 τὸν
1477 3385 1653 3454 λόγον,
1689 3401 1843 3456 περι-

276 3475 535 3547 γινομένη
565 3475 662 3544 τῆς
687 3473 794 3527 τῶν
825 3473 1219 3544 μαθηματικῶν
1240 3475 1550 3546 ἐμπειρίας.
1581 3475 1690 3538 Τὰς
1720 3475 1846 3546 μέν-

275 3582 357 3618 τοι
395 3565 500 3618 τῶν
532 3565 715 3637 μηνῶν
747 3564 1026 3636 περιόδους
1065 3566 1344 3636 ὁμολογεῖν
1387 3569 1506 3629 ταῖς
1547 3565 1716 3636 ὥραις
1759 3565 1846 3618 ἀεὶ

275 3659 422 3711 ποιεῖ
462 3658 490 3709 ό
540 3655 832 3727 ἐμϐόλιμος
880 3655 959 3726 τῷ
1002 3657 1170 3726 τρίτῳ
1223 3657 1308 3710 ἀεὶ
1359 3657 1694 3726 ἐπαγόμενος
1737 3656 1845 3710 τῶν

276 3748 435 3801 ἐτῶν.
468 3747 540 3799 Τὸ
566 3747 622 3798 δὲ
661 3746 789 3816 πρὶν
821 3745 1137 3818 ἐμϐολάσαι,
1175 3749 1268 3800 καὶ
1304 3748 1427 3817 περ).
1468 3747 1528 3800 τὸ
1550 3746 1846 3818 ὲμϐολάζον

271 3841 409 3894 αὐτὸ
453 3839 570 3903 ἔτος
601 3839 891 3910 ὑπενεχθέν
929 3857 986 3892 τε
1033 3841 1125 3894 καὶ
1166 3839 1468 3904 ἐπαλλάξαν
1500 3839 1608 3893 τῶν
1640 3841 1844 3912 μηνῶν,

275 3933 358 3986 ἔτι
395 3932 560 3986 δεῖται
610 3931 788 4000 λόγου,
831 3931 947 3994 πῶς
999 3931 1065 3984 ἂν
1110 3932 1543 4002 ἑρμηνευόμενον
1593 3933 1846 4003 τυγχάνοι

275 4022 370 4076 τοῦ
413 4021 614 4076 ἱκανοῦ.
647 4021 816 4092 Δῆλον
844 4021 971 4092 γάρ,
999 4022 1080 4074 δτι
1112 4022 1172 4074 τὸ
1196 4021 1490 4092 ἐμϐολάζον
1522 4022 1691 4092 συχνὰ
1717 4023 1846 4094 παρ’

276 4115 375 4172 ἕνα
411 4131 513 4168 που
561 4113 670 4179 ἕξει
714 4113 840 4177 τοὺς
881 4113 1054 4184 μῆνας
1098 4113 1451 4184 ἀνομολόγους
1497 4115 1615 4176 ταῖς
1655 4112 1842 4184 ὥραις.

275 4206 369 4260 Διὸ
412 4206 507 4259 καὶ
555 4205 917 4276 Θεόφραστος,
954 4223 971 4256 ι
1011 4206 1206 4276 Ἔαρος
1251 4205 1411 4268 εὐθὺς
1439 4205 1723 4275 ἱσταμένου
1750 4205 1846 4257 τοῦ

271 4296 678 4369 θαργηλιῶνος,
712 4315 729 4346 ι
765 4297 946 4366 φησὶν,
973 4295 1048 4358 ὡς
1074 4296 1166 4348 τοῦ
1197 4295 1568 4366 Μουνυχιῶνος
1611 4311 1851 4366 χειμερι-

278 4389 372 4442 νοῦ
421 4389 485 4460 δὴ
517 4387 806 4458 γενομένου
829 4403 842 4416 ·
887 4386 980 4441 τοῦ
1006 4387 1049 4439 δ’
1079 4386 1372 4458 ἐμϐολίμου
1416 4385 1626 4459 θερινοῦ
1657 4404 1848 4458 τροπι-

1944 3223 2053 3262 non
2085 3207 2440 3278 improbabile
2470 3213 2552 3261 est
2581 3224 2593 3259 :
2628 3213 2741 3258 tum
2792 3205 2938 3274 quod
2983 3205 3125 3258 inest
3155 3204 3338 3268 dubii,
3386 3219 3507 3276 qua!

1944 3306 2132 3368 postea
2165 3295 2390 3351 emersit
2416 3294 2754 3349 intercalatio
2786 3292 2969 3347 solvit.
3020 3293 3198 3362 Atque
3244 3292 3408 3347 etiam
3457 3293 3504 3348 si

1945 3386 2075 3458 quid
2107 3387 2349 3455 longiore
2379 3385 2638 3453 temporis
2681 3382 2965 3436 intervallo
2994 3382 3169 3436 adhuc
3213 3383 3502 3444 evariaret,

1945 3478 2203 3533 credibile
2227 3483 2312 3532 est
2358 3477 2442 3529 vel
2485 3476 2738 3544 antiquos
2769 3476 2918 3544 ipsos
2971 3473 3398 3544 perspicientes,
3452 3473 3507 3528 id

1944 3583 2162 3638 quoque
2189 3565 2590 3636 quodammodo
2615 3566 2957 3631 correxisse;
2997 3564 3160 3617 modo
3187 3565 3503 3634 longiorem,

1945 3656 2108 3712 modo
2146 3655 2446 3710 breviorem
2485 3655 2946 3709 intercalationem
3000 3654 3283 3710 facientes.
3318 3654 3507 3726 Ncque

1945 3762 2075 3803 vero
2099 3757 2349 3803 exactam
2382 3748 2438 3800 in
2470 3746 2556 3802 bis
2587 3746 2946 3816 diligentiam,
2977 3757 3031 3800 et
3063 3745 3131 3800 ah
3157 3746 3304 3800 omni
3325 3761 3510 3802 errore

1945 3837 2031 3893 vel
2063 3837 2339 3893 levissimo
2372 3844 2540 3891 tutam
2569 3837 2784 3906 exigere
2812 3844 3046 3906 oportet,
3073 3836 3508 3907 quandoquidem

1946 3931 2050 3985 hoc
2075 3945 2289 4000 quoque
2315 3929 2513 3984 saeculo
2539 3968 2553 3993 ,
2607 3944 2715 3999 quo
2765 3929 3056 3998 astrologia
3084 3936 3293 3983 tantum
3327 3929 3508 3986 incre-

1947 4017 2116 4070 menti
2186 4017 2618 4086 praestantizeque
2676 4016 2870 4086 adepta
2919 4023 3038 4083 est,
3091 4027 3268 4073 tamen
3328 4026 3510 4074 motus

1946 4109 2280 4178 disparilitas
2301 4110 2808 4164 mathematicorum
2832 4110 3070 4164 rationes
3100 4111 3238 4182 fugit
3264 4129 3278 4166 :
3311 4114 3511 4182 quippe

1947 4217 2068 4272 quae
2094 4205 2343 4270 superior
2374 4203 2446 4256 sit
2477 4217 2663 4257 eorum
2697 4204 2910 4272 peritia.
2973 4203 3079 4258 Sed
3129 4211 3309 4259 tamen
3359 4222 3511 4261 men--

1950 4296 2090 4350 sium
2116 4309 2333 4358 cursus,
2363 4301 2420 4348 ut
2441 4309 2564 4349 cum
2593 4297 2720 4348 anni
2768 4297 3103 4367 temporibus
3137 4312 3351 4367 semper
3378 4313 3513 4354 cnn-

1949 4395 2166 4457 gruant,
2207 4385 2336 4440 facit
2381 4393 2506 4455 post
2539 4386 2754 4440 tertium
2788 4401 3056 4456 quemque
3107 4403 3308 4441 annum
3338 4390 3512 4444 intro-

281 4481 397 4546 κοῦ,
429 4481 462 4551 ἢ
488 4482 579 4534 καὶ
622 4480 1042 4550 περιστήσαντος
1087 4479 1183 4550 τὴν
1221 4479 1427 4551 τροπὴν
1456 4481 1536 4542 εἰς
1567 4478 1845 4548 ίστάμενόν

1951 4479 2113 4533 ducta
2154 4477 2510 4532 intercalatio.
2553 4476 2822 4532 Caeterum
2857 4477 3110 4532 confusio
3143 4479 3255 4543 illa,
3286 4487 3340 4533 et
3363 4495 3513 4534 men-

283 4591 385 4627 που
424 4572 514 4625 τὸν
551 4570 995 4641 Ἑκατομϐαιῶνα
1015 4587 1030 4601 ·
1061 4571 1217 4624 τοῦτο
1244 4572 1341 4642 μέν
1386 4567 1476 4626 οὖν
1507 4571 1580 4644 μὴ
1614 4571 1846 4643 συμϐαί-

281 4682 391 4719 νειν
416 4663 514 4735 οὐχ
542 4657 652 4716 οἶόν
679 4663 737 4715 τέ
770 4665 901 4716 ἐστι..
946 4662 1043 4716 Διὰ
1071 4664 1179 4734 γὰρ
1211 4663 1366 4716 τοῦτο
1388 4664 1482 4717 καί¹
1507 4665 1536 4718 ό
1558 4663 1849 4734 ἐμϐόλιμος

278 4758 564 4824 ἐπάγεται,
612 4753 940 4826 ἀναπληρῶν
978 4755 1039 4807 τὸ
1082 4754 1276 4818 ἐνδεὲς,
1324 4756 1416 4808 καὶ
1468 4757 1546 4819 είς
1583 4757 1848 4825 Ἑκατομ-

281 4846 488 4900 ϐαιῶνα
527 4843 625 4908 τὰς
671 4845 877 4916 τροπὰς
907 4843 1291 4908 ἀποκαθιστάς.
1342 4845 1451 4915 Τὴν
1482 4845 1527 4898 δ’
1557 4845 1850 4916 ἑρμηνείαν

283 4936 534 5006 ποιητέον
595 4934 684 4989 ἐπὶ
730 4933 837 4986 τῶν
888 4932 1029 4986 οὕτω
1080 4935 1556 5004 χρονολογούντων,
1608 4934 1850 5005 στοιχείῳ

283 5027 597 5101 χρωμένους
621 5026 699 5098 τῷ
727 5027 952 5096 παρόντι
975 5026 1062 5078 ἀεὶ
1083 5025 1327 5096 τροπικῷ
1355 5026 1484 5097 μηνὶ
1508 5026 1600 5079 καὶ
1620 5026 1697 5096 τῷ
1725 5025 1850 5095 ἐξῆς

283 5121 393 5173 τῶν
439 5120 622 5191 μηνῶν
655 5119 796 5173 κατά
834 5119 903 5171 τά
950 5117 1292 5173 ὑποτεθέντα.
1328 5113 1452 5172 Οἷον
1495 5118 1682 5189 ἐπειδὴ
1724 5118 1851 5172 Θεό-

286 5229 545 5284 φραστος,
569 5231 588 5263 ι
613 5214 812 5282 ’Ἄκρου
847 5211 1025 5281 ἔαρος,
1065 5209 1224 5274 εὐθὺς
1267 5211 1553 5281 ἱσταμένου
1579 5210 1674 5264 τοῦ
1706 5211 1848 5280 Θαρ-

285 5304 570 5374 γηλιῶνος,
609 5321 627 5353 ›
673 5305 825 5373 φησι,
855 5301 1317 5372 μεθερμηνευτέον
1346 5301 1612 5372 Μαρτίου,
1648 5302 1740 5355 καὶ
1777 5301 1851 5373 μὴ

300 5393 592 5464 Ἀπρίλιος.
629 5393 796 5448 Πάλιν
825 5391 1372 5462 ἐπειδήξΘουκυδίδης
1418 5392 1853 5463 Ἐλαφηϐολιῶνα

286 5487 590 5540 τελευταῖον
639 5488 780 5557 μῆνα
805 5487 911 5540 τῶν
943 5485 1266 5557 χειμερινῶν
1307 5481 1443 5538 εἶναί
1478 5502 1629 5556 φησι,
1667 5487 1852 5540 τοῦτον

288 5580 390 5652 μὲν
419 5579 778 5652 Φεϐρουάριον
820 5578 1177 5651 ἐρμηνευτέον
1196 5596 1210 5608 ·
1241 5578 1331 5630 τὸν
1361 5577 1405 5630 δ’
1439 5579 1660 5632 ἐπιόντα
1708 5581 1859 5654 Μουέ

291 5669 522 5740 νυχιῶνα
546 5670 725 5723 θετέον
752 5670 908 5744 ἔαρος
934 5666 1071 5724 εἶναι
1094 5669 1283 5742 ἀρχὴν,
1308 5670 1401 5723 καὶ
1420 5669 1662 5738 Μάρτιον
1689 5688 1852 5741 μετα-

291 5757 558 5814 (οοαστέον
605 5758 870 5835 Λατίνοις.
942 5760 1100 5812 Ὥστε
1148 5759 1210 5824 δὴ
1266 5760 1360 5812 καὶ
1412 5757 1694 5826 συμϐαίνει
1761 5761 1865 5815 δύο

1953 4571 2094 4626 sium
2130 4569 2498 4624 inconstantia
2529 4584 2662 4639 vaga
2701 4569 2842 4640 (qua:
2877 4568 2979 4624 fuit
3008 4570 3158 4640 prius
3188 4572 3404 4626 inventa
3429 4572 3515 4627 in-

1953 4660 2322 4725 terealatione,
2355 4667 2518 4730 atque
2544 4661 2708 4715 etiam
2739 4670 2862 4732 post
2885 4663 3180 4734 inventam)
3212 4663 3390 4719 adhuc
3419 4681 3516 4720 ex-

1955 4751 2244 4822 plicatione
2277 4751 2517 4821 indiget,
2559 4767 2797 4821 quonam
2838 4763 2998 4824 pacto
3047 4755 3334 4811 transferri
3363 4770 3515 4810 com-

1953 4845 2115 4899 mode
2160 4845 2353 4914 possit.
2399 4844 2626 4900 Constat
2658 4848 2804 4901 enim
2839 4847 3012 4916 ipsam
3047 4848 3515 4904 intercalationem

1955 4939 2195 4992 alternos
2233 4937 2344 4992 fere
2396 4951 2612 4992 menses
2664 4952 2788 4991 cum
2843 4940 3177 5008 temporibus
3229 4942 3357 4995 anni
3404 4955 3516 4996 non

1955 5034 2324 5098 competentes
2355 5042 2495 5096 saepe
2525 5027 2851 5082 habituram.
2887 5028 2964 5082 Ex
3009 5045 3119 5100 quo
3149 5031 3308 5085 etiam
3338 5031 3518 5086 Theo-

1955 5121 2212 5191 phrastus
2235 5121 2430 5190 inquit,
2461 5137 2479 5170 ι
2507 5135 2634 5174 vere
2655 5121 2838 5176 statim
2867 5120 3242 5191 Thargelionis
3264 5122 3456 5178 initio:
3490 5141 3509 5174 ι

1955 5216 2111 5283 quasi
2143 5210 2766 5282 Munychionihibernus
2797 5211 2962 5268 fuerit
2989 5215 3361 5270 :intercalaris
3390 5229 3519 5269 vero

1956 5301 2178 5356 aestivus
2210 5301 2475 5371 trepicus,
2503 5301 2586 5356 vel
2617 5309 2764 5356 certe
2789 5302 2844 5356 in
2894 5303 3184 5358 instantem
3231 5305 3382 5373 161
3417 5301 3520 5358 He-

1957 5393 2377 5448 catombzeonem
2408 5394 2698 5449 solstitium
2725 5395 3102 5464 circumagens
3133 5415 3146 5450 :
3179 5397 3322 5466 quod
3353 5397 3521 5452 inter-

1959 5485 2085 5538 dum
2113 5501 2220 5540 non
2252 5487 2568 5556 contingere
2599 5502 2706 5540 non
2736 5493 2934 5556 potest.
2973 5486 3106 5541 Nam
3129 5495 3414 5558 propterea
3436 5487 3521 5542 in-

1946 5575 2241 5650 ttercalatio
2281 5575 2498 5630 inducta
2553 5585 2676 5643 est,
2731 5587 2790 5632 ut
2824 5578 3092 5634 defectum
3143 5579 3350 5634 dierum
3399 5594 3522 5648 sup—

1960 5668 2138 5736 pleat,
2194 5677 2247 5720 et
2293 5666 2350 5720 in
2415 5667 2914 5727 liccatombaeonem
2968 5671 3197 5728 solstitia
3248 5671 3516 5728 restituat.

1957 5757 2129 5816 Porro
2156 5757 2213 5814 in
2240 5757 2326 5816 his
2347 5759 2454 5834 qui.
2484 5759 2565 5818 sic
2587 5759 2819 5819 indicem
2847 5768 3149 5832 temporum
3189 5763 3518 5818 notationem
