3950 6266
474 315 606 373 i191

1450 305 1539 362 AD
1575 303 1840 362 EUSEBII
1877 304 2266 363 CHRONICGN
2311 302 2673 361 AFPENDIX.

473 427 741 487 scribunt,
769 422 1148 494 interpretatio
1194 421 1296 477 hoc
1328 429 1489 492 pacto
1522 418 1771 474 facienda
1813 426 1934 485 est,
1988 423 2038 471 ut

2153 416 2502 486 ίοημερινοὺς
2574 407 2711 469 εἶναι
2764 414 3047 486 ἐαρινοὺς,
3096 413 3457 485 Μουνυχιῶνα
3515 430 3579 467 τε
3635 415 3727 469 καὶ

473 515 727 588 praesenti
768 528 982 584 semper
1012 512 1224 582 tropico
1259 526 1361 583 pro
1392 508 1749 565 fundamento
1780 516 1999 561 utamur
2019 546 2036 573 ,

472 617 526 665 et
561 609 826 664 mensium
859 608 1000 663 serie
1030 606 1121 661 illa
1144 619 1307 676 quam
1353 616 1516 673 supra
1545 601 1845 671 posuimus.
1879 599 2039 655 Verbi

472 700 682 772 gratia:
716 697 935 768 quando
974 695 1382 766 Theophrastus
1415 711 1437 745 ι
1478 706 1691 748 summo
1718 706 1881 756 vere,
1933 698 2038 745 sta-

475 793 568 847 tim
596 793 835 848 instante
861 789 1222 862 Thargelione
1252 807 1271 841 ι
1300 806 1315 842 :
1349 785 1503 847 dicit,
1538 799 1728 839 mense
1748 782 1964 843 Martio.
1984 789 2040 838 et

472 898 581 938 non
629 868 820 953 Aprili,
862 878 1328 950 interpretandum
1380 885 1481 931 est.
1540 873 1777 929 Rursum
1819 870 2039 943 quando

474 972 820 1047 Thucydides
847 972 1319 1043 Elapheholionem
1355 984 1475 1024 esse
1498 968 1631 1023 dicit
1655 967 1902 1021 ultimum
1925 965 2040 1020 hie-

472 1070 696 1124 malium
727 1067 1014 1130 mensium,
1048 1064 1193 1117 hunc
1230 1062 1450 1132 quidem
1485 1061 1841 1117 Februarium
1871 1075 2037 1129 opor-

471 1171 547 1217 tet
604 1158 980 1229 inlerpretari;
1044 1154 1345 1211 secundum
1402 1169 1561 1224 quem
1623 1153 1765 1209 veris
1823 1152 2037 1207 initium

473 1253 800 1325 Munychion
856 1247 1307 1309 constituendus,
1365 1256 1418 1302 et
1458 1245 1665 1301 Latinis
1696 1246 1923 1300 Martius
1952 1251 2037 1301 est

471 1344 899 1401 transferendus.
934 1341 1009 1395 Ex
1041 1355 1148 1412 quo
1171 1355 1302 1395 sane
1331 1340 1595 1410 contingit
1616 1337 1752 1394 duos
1782 1354 1905 1394 esse
1924 1354 2040 1393 ver-

471 1455 572 1496 nas
594 1435 1021 1509 aequinoctiales,
1055 1432 1470 1507 Munychionem
1498 1440 1552 1487 et
1581 1429 2034 1501 Tlmrgelionem;

470 1539 525 1590 et
544 1532 681 1585 duos
704 1528 1069 1592 autumnales,
1115 1526 1564 1582 Boedromionem
1619 1531 1675 1578 et
1733 1523 2037 1578 Maemaete-

471 1624 678 1679 rionem
707 1641 719 1676 :
758 1620 1118 1690 similiterque
1139 1617 1452 1674 solstitiales
1473 1616 1610 1671 duos
1638 1616 1853 1670 testiros
1875 1656 1890 1679 ,
1931 1613 2037 1670 He-

469 1715 890 1771 catombaeonem
915 1720 969 1767 et
998 1712 1407 1775 intercalaretur;
1439 1708 1845 1777 brumalesque,
1880 1707 2037 1761 Posi-

2136 504 2495 576 Θαργηλιῶνα
2513 521 2527 536 ’
2558 506 2649 560 καὶ
2676 506 3100 577 φθινοπωρινοὺς
3126 505 3725 577 δύο-Μαιμακτηριῶνα

2139 599 2231 653 καὶ
2277 598 2662 672 Βοηδρομιῶνα
2686 617 2700 630 ·
2750 600 2825 664 ὡς
2874 599 2919 653 δ’
2967 598 3146 664 αὕτως
3175 600 3270 654 καὶ⁵
3305 600 3606 670 τροπικοὺς
3632 598 3721 652 δύο

2138 690 2415 764 θερινοὺς,
2454 692 2913 764 Ἑκατομϐαιῶνα
2962 693 3054 747 καὶ
3102 693 3192 746 τὸν
3242 693 3578 764 ἐμϐόλιμον’
3631 692 3717 745 καὶ

2136 786 2514 857 χειμερινοὺς,
2576 786 2914 841 Ποσειδεῶνα
2977 787 3070 841 καὶ
3130 785 3476 857 Γαμηλιῶνα.
3524 785 3720 856 Διόπερ

2149 876 2541 949 Ἀριστοτέλης,
2578 895 2599 929 ι
2642 878 2708 929 Ἦ
2740 877 3045 949 ἀλεκτορὶς,
3087 896 3105 929 ι
3147 878 3299 947 φησὶ,
3338 895 3357 927 ι
3384 877 3574 929 τίκτει
3606 875 3719 929 ὅλον

2135 969 2228 1022 τὸν
2283 968 2547 1032 ἐνιαυτὸν,
2603 968 2706 1033 ἔξω
2749 968 2842 1022 δύο
2894 969 3077 1041 μηνῶν
3117 968 3226 1023 τῶν
3266 970 3324 1023 ἐν
3366 966 3448 1038 τῷ
3489 966 3718 1038 χειμῶνι

2138 1061 2445 1134 τροπικῶνο
2487 1080 2505 1113 ι
2552 1061 2647 1115 καὶ
2669 1061 2730 1114 τὸ
2771 1062 2829 1114 ἐν
2885 1063 2999 1124 τοῖς
3043 1058 3584 1129 Μετεωρολογικοῖς
3631 1060 3717 1114 ἅτε

2137 1154 2353 1224 ἐγένετο
2392 1154 2640 1226 κομήτης
2668 1152 2843 1223 ἀστὴρ
2872 1151 3006 1223 πρὸς
3026 1153 3281 1224 Ἄρκτον,
3320 1151 3489 1223 μηνὸς
3532 1152 3718 1223 Γαμη-

2136 1246 2347 1311 λιῶνος,
2381 1248 2506 1318 περὶ
2529 1245 2733 1318 τροπὰς
2762 1245 2915 1309 ὄντος
2938 1244 3033 1299 τοῦ
3057 1245 3206 1317 ἡλίου
3235 1244 3580 1316 χειμερινάς.
3611 1245 3718 1298 Καὶ

2150 1338 2599 1411 ’Δνθεστηριῶνος
2629 1337 2684 1391 δὲ
2721 1336 2902 1407 ἅψαιτ’
2944 1338 3009 1392 ἄν
3064 1355 3194 1391 ποτε
3226 1340 3259 1409 ἡ
3297 1339 3476 1411 τροπὴ
3528 1338 3717 1409 λήγον-

2137 1450 2247 1497 τος.
2295 1431 2433 1485 Ἀλλ’
2473 1431 2530 1485 οἵ
2569 1448 2633 1501 γε
2678 1430 3063 1502 ὀνομαζόμενοι
3114 1431 3365 1501 τροπικοὶ
3415 1431 3717 1502 χειμερινοὶ

2135 1528 2228 1583 δύο
2258 1528 2307 1581 οἱ
2341 1525 2617 1599 εἰρημένοι
2654 1525 2810 1579 είσίν.
2855 1522 3062 1587 Ἀπλῶς
3096 1524 3276 1594 μέντοι
3308 1523 3506 1595 Θέρους
3546 1524 3715 1595 ἀρχὴν

2137 1620 2474 1691 ὑποληπτέον
2508 1614 2645 1672 εἶναι
2680 1619 2769 1672 τὸν
2809 1616 3272 1685 Ἑκατομϐαιῶνα,
3314 1616 3409 1668 καὶ
3455 1616 3714 1683 τροπικὸν

2137 1709 2343 1782 Θερινόν
2365 1726 2379 1741 ο
2416 1709 2676 1778 ἀνάλογον
2708 1709 2766 1762 δὲ
2809 1708 2903 1762 καὶ
2951 1707 3079 1771 τοὺς
3125 1706 3336 1770 ἄλλους.
3371 1708 3463 1758 Δεῖ
3494 1706 3608 1777 γὰρ
3643 1712 3713 1778 μὴ

468 1808 694 1863 deonem
723 1813 777 1860 et
806 1801 1193 1858 Gamelionetn.
1252 1801 1424 1867 Quam
1459 1799 1529 1855 ob
1560 1814 1674 1854 rem
1712 1798 2035 1873 Aristoteles

2141 1802 2197 1857 τό
2236 1802 2550 1873 συμϐαῖνον,
2605 1800 2739 1854 ἀλλὰ
2774 1800 2835 1854 τὺ
2881 1800 3247 1870 σκοπούμενον
3289 1799 3599 1870 λαμϐάνειν
3640 1799 3712 1870 τῷ

468 1900 643 1970 inquit
675 1917 689 1954 :
733 1917 751 1950 ι
792 1896 1000 1951 Gallina
1024 1895 1240 1964 quidem
1270 1893 1410 1962 parit
1443 1892 1698 1947 omnibus
1727 1891 1854 1945 anui
1895 1899 2034 1946 tem-

467 1991 714 2063 poribus.
746 1986 986 2056 exceptis
1012 1986 1225 2039 duobus
1257 1983 1536 2038 mensibus
1568 1982 1621 2036 in
1653 1982 1831 2037 hieme
1862 1980 2035 2052 tr0pi-

2136 1895 2297 1967 λόγῳ.
2332 1894 2559 1966 Εἴρηται
2604 1893 2734 1963 γοῦν
2778 1894 2871 1947 καὶ
2904 1896 2960 1947 ἐν
3004 1897 3115 1957 τοίς
3149 1892 3443 1960 Φυσικοῖς
3466 1892 3580 1946 τῶν
3632 1892 3712 1945 λό-

2136 2006 2267 2059 γων,
2301 1988 2376 2051 ὡς
2396 1987 2475 2039 δεῖ
2501 1985 2730 2040 ἕκαστον
2752 1986 2935 2055 ⁴λέγειν
2971 1987 3126 2040 τοῦτο
3159 1982 3320 2047 εἶναι,
3345 1987 3375 2039 ὃ
3401 1985 3568 2055 φύσει
3595 1985 3709 2057 βούο

468 2081 570 2136 cis.
615 2098 634 2131 ι
664 2077 730 2131 Et
756 2078 810 2131 in
858 2074 1271 2144 Meleorologicis
1310 2073 1503 2127 scribit
1532 2072 1785 2125 crinitam
1821 2074 2033 2127 stellam

2141 2080 2284 2133 λεται
2314 2073 2472 2143 εἶναι,
2505 2077 2597 2131 καὶ
2617 2077 2647 2130 ὃ
2677 2077 2909 2149 ὑπάρχει
2930 2092 2945 2109 ⁸
2974 2077 3109 2132 ἀλλὰ
3136 2078 3209 2149 μὴ
3243 2078 3270 2132 ὂ
3305 2078 3398 2150 βίᾳ
3444 2078 3541 2132 καὶ
3567 2079 3708 2149 παρὰ

469 2172 536 2227 ad
567 2169 765 2226 Ursam
791 2168 1110 2239 apparuisse
1134 2180 1318 2220 mense
1348 2163 1685 2230 Gamelione,
1736 2166 1850 2221 sole
1890 2168 2036 2223 circa
2138 2171 2321 2241 φύσιν,

468 2266 717 2322 brumam
778 2262 1089 2317 exsisteute.
1152 2260 1329 2330 Atque
1388 2260 1553 2314 etiam
1602 2259 2039 2322 Anthesterionis
2088 2274 2419 2337 postremam
2481 2274 2690 2336 partem
2741 2263 3034 2335 aliquando
3077 2263 3373 2321 solstitium
3425 2265 3704 2320 hibernum

467 2366 646 2429 potest
675 2358 953 2427 attingere.
986 2354 1087 2412 Sed
1118 2370 1257 2426 quos
1289 2355 1526 2425 tr0picos
1556 2354 1815 2412 hiemales
1846 2361 2152 2425 nominant,
2182 2368 2311 2417 sunt
2363 2360 2415 2416 hi
2454 2361 2672 2432 quidem
2716 2359 2826 2414 duo
2865 2368 2992 2415 ante
3037 2361 3312 2431 erplicati.
3372 2360 3705 2416 Sumendum

466 2460 551 2506 est
578 2460 755 2507 tamen
782 2452 1121 2522 simpliciter,
1148 2449 1645 2505 llecatombaeonem
1675 2468 1799 2509 esse
1824 2458 2030 2512 aestatis
2056 2458 2403 2528 principium,
2431 2466 2484 2513 et
2510 2456 2851 2512 solstitialem
2901 2459 3153 2512 aestivum
3174 2497 3189 2521 ,
3236 2465 3290 2512 et
3345 2458 3593 2527 reliquos
3635 2457 3709 2512 si-

468 2546 580 2599 mili
615 2545 871 2614 deinceps
904 2544 1133 2599 ratione.
1190 2543 1265 2598 De
1312 2544 1475 2598 rebus
1533 2545 1677 2599 enim
1731 2548 2175 2619 contingentibus
2202 2551 2364 2619 :nulla
2412 2550 2554 2604 ratio
2603 2548 2838 2604 ineunda
2886 2555 3010 2612 est,
3072 2548 3170 2604 sed
3220 2549 3289 2605 de
3347 2551 3613 2620 Spectatis
3660 2556 3707 2602 et

468 2641 662 2697 solitis.
709 2641 844 2695 Nam
902 2640 956 2694 in
988 2638 1228 2709 Pixysicis
1259 2639 1462 2694 dictum
1506 2646 1608 2703 est,
1654 2657 1922 2713 quemque
1951 2656 2199 2716 oportere
2238 2644 2421 2700 dicere
2441 2645 2495 2700 id
2520 2660 2664 2712 esse,
2700 2642 2845 2715 quod
2876 2652 3069 2697 natura
3105 2660 3227 2700 esse
3247 2646 3454 2716 expetit
3497 2652 3555 2700 et
3595 2652 3708 2709 est;

467 2748 578 2789 non
612 2731 753 2802 quod
786 2730 835 2784 vi
863 2737 915 2785 et
960 2741 1154 2801 praeter
1182 2737 1454 2785 naturam.

539 2828 832 2899 Dionysius
851 2842 977 2881 vero
1000 2828 1066 2879 ab
1086 2825 1299 2896 Ephoro
1328 2834 1626 2895 mutuatus,
1646 2829 1778 2885 dicit
1801 2830 2036 2902 Tharge-

2211 2828 2481 2891 Διονύσιος
2509 2827 2566 2880 δὲ
2593 2828 2721 2898 παρ’
2756 2826 2978 2899 Ἐφόρου
3024 2826 3261 2898 εἰληφὼς
3293 2827 3464 2897 λέγει,
3496 2830 3714 2904 Θαργη-

468 2922 614 2978 liene
635 2928 997 2991 expugnatum
1019 2918 1191 2973 Ilium.
1212 2919 1352 2984 Quin
1381 2929 1434 2975 et
1455 2919 1777 2975 Plutarchus
1803 2923 1854 2976 in
1886 2921 2033 2977 Furii

2143 2920 2331 2984 λιῶνος
2382 2918 2585 2972 ἁλῶναι
2638 2919 2696 2972 τὸ
2725 2919 2906 2974 Ἴλιον.
2957 2919 3296 2990 Πλούταρχος
3346 2922 3479 2989 γοῦν
3516 2926 3589 2995 ,ἐν
3637 2925 3714 2995 τῷ

469 2990 866 3076 ΟυιιιὶΗίἲὶὶι,
899 3009 1172 3079 Ephorum
1214 3009 1327 3064 haec
1378 3012 1664 3080 scripsisse
1704 3012 1899 3079 refert;
1939 3028 2038 3068 nec

2142 3011 2366 3083 Φουρίου
2393 3010 2671 3080 Καμίλλου
2705 3008 2804 3080 βίῳ
2834 3010 3065 3081 Ἔφορον
3085 2990 3526 3083 ἀναγεγραφέναι
3560 2990 3717 3068 τοῦτϐ

468 3118 600 3158 vero
620 3122 638 3154 ι
660 3102 1039 3172 septemdecim
1065 3101 1256 3158 diebus
1277 3112 1402 3158 ante
1430 3106 1675 3158 aestivum
1696 3105 1991 3160 solstitium
2014 3126 2032 3159 ι

2141 3120 2303 3175 φησιν
2326 3121 2340 3134 ·
2373 3102 2431 3156 ού
2466 3103 2572 3174 μὴν
2619 3101 2676 3154 δέ
2715 3102 2807 3155 καὶ
2836 3119 2855 3153 ι
2897 3102 3157 3173 πρότερον
3192 3104 3562 3159 ἑπτακαίδεκα
3590 3107 3719 3177 ἠμέ-

470 3194 603 3250 dicit
632 3203 909 3250 :et'tamen
930 3194 1287 3265 Thargelione
1311 3196 1472 3250 etiam
1502 3197 1591 3251 ille
1612 3196 1762 3251 dicit.
1783 3198 1837 3251 Si
1862 3188 2040 3268 Epho-

471 3302 569 3343 rus
594 3288 779 3357 igitur,
812 3302 936 3341 cum
968 3288 1107 3356 apud
1140 3304 1198 3343 se
1224 3304 1330 3341 non
1348 3296 1515 3352 esset,
1557 3289 1757 3359 alioqui
1789 3290 2038 3347 dicturus

475 3382 935 3453 Sciropltorione.
979 3382 1201 3452 scripsit
1243 3380 1639 3452 Thargelione;
1688 3383 2037 3453 quemadme-

472 3473 601 3529 dum
633 3475 759 3528 item
783 3474 836 3527 in
867 3474 991 3527 aliis
1023 3489 1123 3543 pro
1141 3471 1315 3527 lberia
1347 3488 1452 3527 non
1480 3474 1792 3542 paenitenda
1817 3476 2040 3544 regione

471 3565 740 3634 Europte,
782 3567 1057 3620 civitatem
1107 3566 1397 3635 quamdam
1432 3565 1662 3621 lberiam
1705 3582 1827 3622 esse
1871 3567 2037 3634 dicit;

471 3663 600 3717 boni
632 3661 905 3722 consulat,
938 3660 1083 3729 quod
1112 3675 1224 3713 non
1252 3660 1685 3729 reprehendatur
1716 3661 1809 3731 qui
1841 3662 1923 3716 sui
1954 3677 2040 3716 re-

472 3753 840 3827 prehendendi
873 3765 1062 3806 ansam
1093 3750 1323 3812 dederit,
1362 3764 1590 3819 eamque
1623 3751 2036 3820 amplissimam.

472 3844 626 3913 Quod
669 3846 715 3899 si
743 3844 879 3898 forte
908 3844 1093 3896 nescio
1114 3841 1239 3910 quis
1269 3841 1484 3910 ineptus
1517 3842 1753 3911 scriptor
1782 3842 2039 3896 mendose

474 3933 781 4002 scripserit,
820 3950 839 3982 ι
876 3928 1263 3998 Thargelione,
1305 3947 1323 3979 ι
1359 3944 1457 3997 pro
1488 3946 1506 3978 ι
1537 3927 1981 3998 Scirophorioue,
2015 3945 2034 3977 ι

474 4033 534 4079 ιιι
562 4024 673 4080 fere
704 4024 761 4077 iit
798 4023 851 4075 in
882 4021 1029 4086 aliis,
1052 4030 1106 4075 et
1137 4020 1439 4089 praesertim
1467 4020 1521 4074 in
1561 4020 1629 4075 iis
1656 4034 1777 4090 qua:
1799 4027 2039 4090 quaestus

472 4117 643 4189 gratia
666 4114 986 4170 scribuntur
1015 4128 1044 4166 a
1070 4111 1379 4181 bibliopolis
1403 4110 1550 4182 (nam
1590 4112 1682 4181 qui
1727 4111 2039 4181 hujusmodi

472 4224 665 4278 operas
694 4207 1033 4269 conducunt,
1057 4204 1350 4275 imperitis,
1382 4204 1755 4274 oblatitiisque
1777 4212 1831 4260 et
1852 4205 2040 4260 trivia-

473 4302 618 4357 libus
651 4298 1013 4369 scriptoribus
1041 4294 1316 4364 utuntur);
1353 4295 1434 4349 sic
1465 4294 1654 4350 insons
1679 4294 1899 4365 quidem
1929 4294 2041 4349 fue-

472 4394 547 4448 rit
570 4391 819 4462 Ephorus
858 4410 871 4444 :
913 4397 969 4443 et
993 4390 1117 4458 jure
1143 4386 1423 4455 culpandi,
1455 4385 1903 4456 qui'exemplaria
1929 4400 2037 4439 non

2144 3214 2265 3269 ραις
2284 3195 2384 3266 τῆς
2408 3194 2621 3265 θερινῆς
2640 3195 2848 3265 τροπῆς
2877 3213 2896 3246 ι
2926 3194 3102 3262 λέγει·
3125 3194 3239 3249 ἀλλ’
3278 3193 3370 3251 οὖν
3393 3196 3720 3269 Θαργηλιῶ.

2139 3310 2228 3357 νος
2268 3293 2516 3355 κάκεῖνός
2570 3308 2753 3361 φησιν.
2794 3292 2857 3345 Ei
2895 3291 2991 3362 μὲν
3030 3286 3122 3344 οὖν
3148 3293 3401 3365 Ἔφορος,
3450 3296 3718 3366 Σκιροφο-

2141 3385 2332 3457 ριῶνος
2362 3386 2525 3454 φάναι
2566 3383 2903 3454 βουλόμενος,
2937 3378 3058 3437 εἷπε
3094 3383 3192 3455 (μὴ
3220 3385 3371 3447 ἐντὸς
3396 3383 3473 3437 ῶν
3526 3386 3717 3451 αὑτοῦ)

2138 3478 2536 3551 Θαργηλιῶνος,
2569 3475 2757 3553 ῶσπερ
2793 3478 2850 3528 ἐν
2887 3475 3067 3539 ἄλλοις
3104 3473 3170 3530 αὖ
3205 3477 3324 3529 ἀντὶ
3356 3475 3596 3547 Ἰϐηρίας
3618 3479 3721 3549 τῆς

2138 3571 2277 3625 κατὰ
2302 3570 2399 3640 τὴν
2432 3568 2698 3642 Εὐρώπην
2724 3568 2987 3639 μεγίστης
3011 3568 3216 3639 χώρας,
3250 3569 3402 3621 πόλιν
3428 3565 3570 3623 εἷναί
3599 3589 3724 3626 τινα

2137 3662 2236 3731 τὴν
2273 3661 2511 3733 Ἰϐηρίαν
2553 3662 2743 3731 φησίν·
2781 3661 3046 3729 ἀγαπάτω
3082 3659 3244 3730 μηδὲν
3288 3661 3722 3732 ἐπιτιμῶμενος,

2142 3748 2338 3818 σκῆψιν
2372 3750 2735 3819 ἐπιτιμήσεως
2764 3751 2856 3802 καὶ
2901 3748 3050 3802 ταῦτ’
3080 3750 3141 3802 ού
3192 3750 3391 3822 μικρὰν
3433 3752 3723 3818 δεδωκώς*

2139 3843 2187 3894 εί
2212 3840 2255 3893 δ’
2284 3840 2394 3912 ἄρα
2429 3858 2513 3904 τις
2551 3840 2657 3894 τῶν
2694 3840 2912 3909 φαύλων
2943 3843 3187 3912 γραφεὺς
3227 3841 3545 3913 διήμαρτεν,
3599 3847 3727 3902 ἀντὶ

2144 3948 2163 3981 ι
2184 3930 2608 4003 Σκιροφοριῶνος
2621 3932 3130 4004 μ-«Θαργηλιῶνος
3150 3954 3169 3984 ι
3190 3934 3527 4004 μεταϐαλὼν,
3548 3937 3728 3993 καθά.

2139 4040 2245 4094 περ
2283 4024 2375 4076 καὶ
2409 4025 2496 4078 ἐπ’
2546 4023 2720 4077 ἄλλων
2757 4025 3059 4095 συμϐαίνει,
3100 4026 3192 4079 καὶ
3223 4026 3455 4097 μάλιστα
3496 4030 3725 4084 ἐπὶτῶν

2138 4117 2217 4179 εἰς
2247 4117 2448 4187 πρᾶσιν
2478 4116 2836 4187 γραφομένων
2880 4119 2991 4181 τοῖς
3036 4116 3417 4189 βιϐλιοπώλαις
3456 4122 3725 4192 (χρῶνται

2138 4207 2246 4280 γὰρ
2288 4208 2512 4274 φαύλοις
2556 4210 2650 4262 καὶ
2702 4212 2813 4272 τοῖς
2851 4208 3070 4279 τυχοῦσι
3105 4211 3455 4283 γραφεῦσιν)·
3485 4216 3725 4288 Ἔφορος

2142 4299 2239 4369 μὲν
2260 4299 2499 4363 ἀναίτιος
2521 4299 2596 4364 ὼς
2623 4298 2689 4353 ἂν
2722 4298 2838 4369 εἴη’
2872 4300 3174 4354 αἰτιάσαιτο
3206 4302 3250 4354 δ’
3273 4302 3338 4356 ἄν
3368 4321 3451 4368 τις
3481 4307 3612 4369 τοὺς
3645 4308 3725 4379 μὴ

2138 4390 2687 4463 ἐπανορθωσαμένους
2734 4391 2832 4461 τὴν
2869 4393 3107 4463 γραφὴν,
3135 4393 3249 4445 ἀλλ’
3304 4396 3727 4462 ἀνεπισκέπτως

471 4483 837 4544 cmendarint,
873 4480 967 4535 sed
1009 4479 1415 4534 inconsiderate
1448 4477 1707 4538 dixerint,
1743 4494 1761 4526 ι
1802 4474 2038 4545 Tliarge-

2141 4482 2449 4554 εἰρηκότας,
2487 4501 2505 4534 ι
2542 4481 2922 4553 Θαργηλιῶνος
2950 4482 3316 4537 ἑπτακαίδεκα
3355 4486 3594 4556 ἡμέραις
3617 4486 3727 4558 πρὸ

474 4574 618 4629 iione
641 4572 1023 4642 septemdecim
1048 4570 1243 4624 diebus
1260 4577 1383 4623 ante
1410 4568 1655 4622 aestivum
1682 4567 2033 4622 solstitiuma

477 4661 581 4720 Sed
616 4663 755 4717 idem
784 4663 946 4715 etiam
967 4660 1120 4723 dicit,
1155 4661 1272 4714 dies
1298 4661 1412 4730 (qui
1442 4675 1643 4712 annum
1671 4660 1821 4712 illum
1856 4660 2041 4728 exple-

474 4760 618 4818 rent)
653 4754 1161 4824 superabundantes
1203 4753 1373 4807 fuisse
1421 4762 1544 4821 post
1599 4753 1896 4807 solstitium
1938 4769 2041 4806 nu-

475 4863 628 4905 mero
655 4847 843 4918 viginti
875 4844 1057 4915 :quod
1088 4858 1315 4914 prorsus
1363 4842 1784 4913 incompositum
1829 4850 1882 4897 et
1941 4860 2041 4914 pu-

476 4954 671 5011 gnans,
703 4938 751 4994 si
783 4952 882 5007 pro
922 4937 1175 4991 instituta
1213 4934 1629 4990 Atheniensium
1667 4935 1880 4991 ratione
1919 4953 2039 4992 ser-

477 5046 693 5087 monem
734 5028 882 5084 facit.
909 5027 1042 5082 Nam
1064 5027 1111 5083 si
1139 5034 1462 5098 supererant
1489 5027 1677 5098 viginti
1705 5034 1830 5098 post
1859 5029 2043 5085 solsti-

476 5122 637 5186 tium,
676 5127 884 5175 certum
938 5126 1023 5173 est
1051 5117 1343 5173 solstitium
1391 5116 1563 5172 fuisse
1600 5118 1834 5174 abeunte
1872 5132 2037 5184 anno,

478 5213 857 5278 'l‘liaraelionis
880 5212 1072 5267 ultimo
1096 5210 1205 5273 die,
1235 5220 1293 5265 ut
1316 5209 1406 5265 ille
1434 5208 1652 5279 quidem
1675 5211 1792 5263 vult
1823 5229 1836 5264 :
1866 5217 2041 5265 utnos

478 5320 630 5370 vero,
665 5301 1133 5374 Scirophorionis.
1174 5301 1546 5373 impraesentia
1575 5309 1755 5357 autem
1785 5302 1923 5356 nihil
1955 5303 2042 5356 in-

479 5399 657 5456 tersit.
676 5397 784 5453 Sed
805 5405 926 5452 esto
948 5412 1014 5452 ex
1034 5395 1154 5465 ejus
1176 5393 1447 5450 sententia
1469 5392 1882 5463 Thargelionis;
1916 5410 2042 5465 pro~

480 5487 623 5546 tecto
648 5495 908 5559 sequente
933 5503 1077 5542 anno
1096 5486 1388 5543 solstitium
1420 5485 1526 5540 erit
1548 5485 1829 5540 novilunio
1857 5483 2044 5540 Seiro-

481 5584 765 5654 phorionis
789 5581 967 5652 :quod
983 5588 1104 5635 erat
1131 5579 1236 5651 ipsi
1255 5593 1402 5634 nono
1424 5577 1513 5633 die
1545 5578 1875 5649 incipientis.
1898 5577 2035 5635 Nam

482 5677 531 5734 si
582 5685 775 5731 octavo
825 5672 930 5729 sub
958 5672 1119 5727 ﬁnem
1150 5671 1240 5727 die
1280 5668 1660 5739 Thargelionis
1698 5677 1919 5740 captum
1955 5678 2043 5725 est

483 5768 666 5831 Ilium.
693 5764 1077 5827 septemdecim
1121 5763 1316 5821 diebus
1337 5762 1529 5821 aestivo
1560 5762 1715 5821 prius
1760 5763 2037 5832 solstitio;

2143 4569 2241 4640 τῆς
2268 4569 2484 4640 Θερινῆς
2503 4569 2730 4640 τροπῆς.
2773 4588 2791 4620 ι
2823 4570 2959 4639 Φησὶ
2988 4570 3065 4634 δὲ,
3090 4572 3183 4625 καὶ
3223 4572 3298 4636 ὠς
3324 4574 3380 4626 αἱ
3411 4574 3502 4627 τὸν
3541 4576 3729 4628 ἐνιαυ-

2143 4660 2233 4715 τὸν
2258 4661 2460 4715 ἐκεῖνον
2492 4660 2858 4732 ἐκπληροῦσαι
2891 4662 3141 4733 περιτταὶ
3163 4664 3386 4735 ἡμέραι,
3418 4668 3593 4720 εἴκοσι
3632 4668 3727 4722 τὸν

2146 4752 2373 4823 ἀριθμὸν
2393 4749 2531 4825 ἦσαν
2560 4754 2698 4824 μετά
2729 4754 2828 4817 τὰς
2859 4753 3075 4825 θερινὰς
3114 4757 3319 4827 τροπάς
3342 4774 3356 4787 °
3392 4758 3452 4811 τὸ
3482 4759 3527 4811 δ’
3555 4759 3728 4813 ἀσύν-

2144 4861 2341 4899 τακτον
2389 4845 2664 4908 παντελῶς
2702 4848 2795 4899 καὶ
2839 4847 3174 4918 μαχόμενον,
3225 4851 3272 4902 εί
3322 4849 3395 4913 ὡς
3450 4850 3727 4921 Ἀθηναῖοι

2144 4933 2277 5009 ἦγον
2302 4940 2534 4991 ποιεῖται
2559 4937 2649 4991 τὸν
2677 4936 2849 5006 λόγον.
2877 4938 2939 4991 Et
2967 4937 3075 5010 γάρ
3110 4940 3361 5009 περιτταὶ
3382 4940 3557 4995 εἴκοσι
3585 4943 3730 5013 μετὰ

2145 5028 2243 5092 τὰς
2273 5029 2497 5100 τροπὰς,
2523 5027 2699 5100 δῆλον,
2723 5029 2804 5083 ὅτι
2831 5030 2863 5099 ἡ
2890 5030 3065 5102 τροπὴ
3089 5026 3158 5102 ἦν
3184 5030 3261 5103 τῷ
3284 5031 3553 5104 οἰχομένῳ
3591 5034 3727 5099 ἔτει,

2145 5119 2241 5191 ἕνῃ
2267 5121 2362 5175 καὶ
2388 5120 2484 5191 νέα
2515 5120 2896 5191 Θαργηλιῶνος
2921 5122 3038 5192 μὲν,
3062 5122 3137 5187 ὡς
3162 5125 3369 5188 ἐκεῖνος
3397 5125 3571 5195 λέγει,
3596 5127 3728 5180 Σκι-

2151 5212 2473 5284 ροφοριῶνος
2504 5212 2582 5275 δὲ,
2605 5213 2681 5277 ὡς
2713 5214 2890 5285 ἡμεῖς.
2918 5216 3229 5287 Διαφερέτω
3271 5216 3326 5270 δὲ
3373 5217 3549 5289 μηθὲν
3589 5221 3728 5291 πρός

2146 5322 2209 5374 γε
2234 5304 2292 5359 τὸ
2319 5304 2431 5358 νῦν.
2472 5304 2609 5357 Ἀλλ’
2633 5304 2769 5359 ἔστω
2801 5305 3179 5379 Θαργηλιῶνος
3205 5308 3351 5380 αύτῷ
3369 5326 3383 5339 ’
3416 5310 3617 5365 οὐκοῦν
3646 5309 3729 5382 τῷ

2148 5397 2350 5451 ἐπιόντι
2382 5396 2608 5467 ἐνιαυτῷ
2641 5399 2675 5469 ή
2716 5397 2890 5470 τροπὴ
2926 5398 3098 5464 ἔσται,
3141 5400 3573 5475 Σκιροφοριῶνος
3599 5419 3724 5456 νου-

2152 5489 2334 5560 μηνίᾳ.
2362 5485 2469 5542 Ἦν
2495 5489 2542 5543 δ’
2570 5489 2717 5561 αὑτῷ
2754 5490 2918 5566 ἐνάτῃ
2964 5493 3271 5564 ἱσταμένου.
3313 5493 3377 5547 Ei
3411 5494 3521 5566 γᾴρ
3562 5495 3727 5568 ὀγδόῃ

2150 5579 2424 5647 φθίνοντος
2447 5577 2543 5633 τοῦ
2573 5579 2953 5651 Θαργηλιῶνος
2988 5582 3131 5637 ἐάλω
3165 5583 3226 5636 τὶ
3254 5585 3437 5648 Ἴλιον,
3465 5586 3729 5641 ἑπτακαί-

2146 5670 2278 5724 δεκα
2316 5669 2579 5742 πρότερον
2609 5653 2843 5743 ἠμὶραις
2878 5672 2980 5743 τῆς
3018 5672 3236 5745 θερινῆς
3272 5677 3501 5747 τροπῆς,
3544 5675 3725 5747 δῆλον,

2080 5852 2110 5860 Γ
2148 5763 2229 5818 ὅτι
2260 5763 2422 5833 ἐνάτη
2453 5763 2742 5835 ἱσταμένου
2762 5763 2870 5854 ,τοῦ
2898 5766 3144 5833 ἐπιόντος
3183 5769 3351 5835 μηνὸς
3375 5764 3445 5829 ἦν
3474 5771 3509 5831 ἡ
3546 5769 3729 5833 τροπὴ
