3950 6266
266 301 404 358 H95

1201 296 1544 353 TIIEODORI
1587 291 1791 349 GAZ/E
1841 289 2038 345 LIBER
2083 287 2168 342 DE
2207 267 2595 344 MENSIBUS.‘

3353 299 3488 354 H91

262 413 425 483 ἐνάτη
453 411 762 482 ἱσταμένου,
780 414 926 484 τρεῖς
952 407 1090 466 εἶναι
1110 411 1208 476 τάς
1239 412 1497 483 περιττὰς
1522 411 1834 478 ἀναγκαῖον.

1943 388 2287 457 manifestum
2319 407 2403 456 est
2424 415 2568 455 nono
2596 398 2799 454 mensis
2830 400 3108 471 sequentis
3137 398 3224 454 die
3249 402 3498 456 aestivum

261 499 475 571 Φανερὰ
501 500 558 553 δὲ
593 500 790 570 μᾶλλον
821 500 973 554 ταῦθ’
1005 500 1231 572 ὕστερον
1260 501 1432 563 ἔσται,
1456 500 1674 552 ἐπειδὰν
1706 499 1834 568 περὶ

261 591 511 664 χρήσεως
550 576 842 661 ὲιιι-δολίμου
893 590 1058 661 μηνὸς
1103 591 1374 662 λέγωμεν.
1420 588 1529 644 Εἶτ’
1556 588 1646 646 οὖν
1683 589 1836 656 Ἐφό-

266 700 362 756 ρου
393 683 694 754 ἁμάρτημα
721 683 860 737 τοῦτ’
885 683 1050 747 ἔστιν,
1082 682 1190 736 εἴτε
1220 684 1472 754 γραφέως
1491 726 1505 749 ,
1539 685 1632 736 καὶ
1681 682 1837 736 τοῦτο

263 774 347 836 είς
391 774 566 828 κοινὸν
616 773 881 828 ἐκκείσθω
943 779 1181 829 σκοπεῖν.
1255 775 1597 848 Ἀπαρτίζειν
1656 776 1700 829 δ’
1751 774 1836 828 ἀεὶ

263 866 393 928 τοὺς
424 865 530 918 τῶν
573 867 867 937 Ἀθηναίων
911 867 1087 937 μῆνας
1134 871 1246 932 τοῖς
1282 868 1388 921 τῶν
1429 867 1712 937 Ῥωμαίων
1753 867 1840 936 δην

264 953 441 1008 λονότι
480 955 581 1008 οὐκ
613 954 682 1008 ἂν
711 953 818 1026 εἴη.
868 956 1354 1029 Ἐπαμφοτερίζειν
1397 951 1488 1008 οὖν
1521 972 1572 1008 τι
1604 955 1836 1026 συμϐαί-

266 1062 372 1100 νει.
397 1040 541 1107 Οἷον,
565 1043 700 1116 φέρε
731 1047 924 1108 εἰπεῖν,
961 1044 1371 1117 Ἐκατομϐαιὼν
1396 1044 1456 1096 τὸ
1487 1045 1584 1115 μὲν
1621 1043 1835 1096 Ἰουνίου

264 1137 659 1206 ἐπιλαμϐάνει,
699 1138 761 1190 τὸ
808 1139 864 1191 δὲ
899 1139 1146 1192 ’Ῑουλίουο
1193 1140 1288 1192 καὶ
1329 1136 1731 1205 Μεταγειτνιὼν
1779 1137 1839 1189 τὸ

268 1229 369 1300 μὲν
414 1229 652 1294 Ἰουλίου,
686 1229 747 1282 τὸ
795 1230 838 1282 δ’
884 1231 1222 1299 Αὐγούστουο
1262 1231 1354 1284 καὶ
1398 1227 1742 1300 Βοηδρομιὲον
1780 1229 1840 1282 τὸ

269 1318 369 1391 μὲν
394 1319 720 1387 Αὐγούστου,
743 1321 804 1373 τὸ
838 1321 894 1375 δὲ
927 1323 1316 1394 Σεπτέμϐριος.
1365 1322 1634 1384 Ὡσαύτως
1657 1321 1713 1374 δὲ
1745 1320 1839 1374 καὶ

269 1410 321 1461 οἱ
373 1408 550 1462 λοιποὶ
589 1409 787 1474 πάντες
826 1411 1158 1482 ἀμφιλαφεῖς
1205 1415 1309 1466 εἱσι
1360 1413 1429 1466 τὰ
1475 1411 1669 1466 πολλά·
1718 1410 1837 1464 ἐπεὶ

265 1499 438 1553 ὲνίατέ
476 1517 541 1569 γε
589 1503 682 1556 καὶ
731 1501 932 1566 ἰσάζειν
998 1504 1310 1575 συμϐαίνειο
1371 1499 1481 1557 οἷον
1530 1504 1622 1557 καὶ
1678 1504 1839 1571 τῆτες

267 1591 605 1661 συμϐέϐηκε,
631 1595 925 1666 νουμηνίαν
958 1595 1074 1665 ἅμα
1107 1596 1380 1667 Ἀπρίλιος
1404 1596 1569 1668 μηνὸς
1592 1595 1834 1667 ἡλιακοῦ,

267 1681 361 1732 καὶ
395 1680 621 1751 σελήνης
646 1683 818 1751 ἄγειν.
860 1684 1210 1755 Ἐρμηνεύειν
1237 1685 1417 1755 μέντοι
1451 1683 1634 1748 ἁπλῶς
1662 1682 1836 1755 χρεὼν

263 1771 374 1825 ἀπὸ
397 1773 492 1827 τοῦ
515 1774 780 1846 προτέρου
797 1792 810 1804 ο
842 1770 973 1840 οἷον,
997 1775 1302 1844 Αὔγουστον
1322 1777 1413 1829 τὸν
1433 1777 1832 1847 Βοηδρομιῶνα,

264 1866 402 1920 ἀλλά
431 1866 505 1937 μὴ
550 1867 938 1938 Σεπτέμϐριον,
993 1869 1079 1921 ἵνα
1133 1868 1339 1940 θερινὸς
1499 1869 1681 1941 τρίτος
1730 1868 1839 1937 γὰρ

265 1958 375 2011 ἀπὸ
413 1958 912 2030 Ἑκατομϐαιῶνος·
961 1961 1219 2031 τροπικδς
1254 1961 1311 2016 δὲ
1366 1961 1574 2031 θερινὸς
1617 1964 1644 2015 ὁ
1683 1962 1840 2015 Ἐκα-

264 2049 562 2120 τομϐαιὼν,
589 2051 663 2115 ὡς
701 2051 1040 2122 δεδειγμένον
1074 2053 1209 2106 ἐστί.
1260 2053 1484 2125 Γαληνῷ
1516 2054 1572 2108 δὲ
1595 2054 1838 2124 διέφερεν

264 2140 421 2192 οὐθὲν
443 2140 578 2209 πρός
600 2157 663 2209 γε
691 2140 750 2193 τὸ
774 2140 872 2210 τῆς
898 2141 1092 2212 ἐλάτης
1120 2142 1337 2214 σπέρμα
1359 2144 1450 2196 καὶ
1470 2143 1566 2215 τὴν
1594 2143 1839 2198 σύνθεσιν

264 2231 364 2284 τοῦ
411 2233 639 2295 ἀκόπου,
687 2231 786 2285 εἴτ’
839 2233 948 2286 ἀπὸ
991 2234 1085 2288 τοῦ
1137 2235 1402 2306 ἑπομένου
1446 2237 1836 2310 Σεπτέμϐριος,

267 2322 365 2376 εἴτ’
391 2323 499 2376 ἀπὸ
521 2323 612 2376 τοῦ
638 2323 941 2394 ἡγουμένου
975 2324 1277 2392 Αὔγουστος
1298 2327 1651 2397 ἐρμηνεύοιτο
1677 2330 1705 2380 ὁ
1731 2328 1840 2382 τῶν

270 2415 584 2488 μυστηρίων
625 2419 730 2488 μήν
752 2434 767 2448 ο
807 2416 977 2481 ἄλλως
1020 2435 1080 2470 τε
1129 2418 1221 2472 καὶ
1257 2418 1363 2472 τῶν
1412 2420 1740 2492 ίσημερινῶν
1779 2437 1839 2474 τε

269 2507 364 2559 καὶ
391 2507 608 2579 τροπῶν
645 2508 770 2578 περί
801 2525 902 2562 που
946 2509 1193 2581 εἰκοστὴν
1235 2510 1502 2583 τετάρτην
1529 2511 1621 2565 τοῦ
1673 2511 1840 2584 μηνὸς

265 2593 480 2666 ἡμέραν
504 2633 518 2657 ,
565 2595 639 2658 ὡς
675 2597 933 2667 Ῥωμαῖοι
992 2599 1204 2666 ἄγουσι,
1265 2599 1684 2672 λαμϐανομένων
1728 2604 1839 2665 τοῖς

267 2687 389 2739 τότε
421 2682 573 2740 οὖσιν
600 2688 905 2758 ἀνθρώποις
927 2707 939 2720 ·
971 2691 1065 2744 καὶ
1091 2690 1312 2762 προσέτι
1354 2693 1665 2764 ίσημερινοῦ
1693 2711 1838 2762 γινο-

271 2780 434 2849 μένου
463 2781 592 2833 ποτὲ
632 2781 725 2834 καὶ
766 2781 860 2834 τοῦ
895 2782 1329 2853 Βοηδρομιῶνος,
1372 2785 1591 2838 ἐπειδὰν
1625 2785 1840 2849 πλείους

269 2865 401 2924 ὦσιν
421 2873 475 2924 αἱ
503 2872 638 2942 μετὰ
665 2872 758 2942 τὴν
788 2873 994 2944 τροπὴν
1032 2877 1281 2944 περιτταὶ
1321 2877 1548 2948 ἡμέραι.
1585 2877 1746 2932 Ὅθεν
1775 2877 1839 2950 δὴ

271 2963 362 3017 καὶ
414 2964 805 3035 Ἀριστοτέλης,
852 2984 869 3015 ι
907 2967 1024 3036 μετ’
1070 2967 1370 3038 ἀρκτοῦρον
1427 2969 1555 3040 περὶ
1611 2969 1840 3040 Βοηδρο-

273 3052 470 3124 μιῶνα,
504 3073 522 3104 ι
550 3055 734 3124 φησὶν,
771 3055 956 3128 ὥσπερ
995 3052 1060 3109 αὖ
1101 3057 1387 3125 ἀνάπαλιν,
1438 3059 1565 3130 περὶ
1608 3060 1842 3131 λήγοντα⁷

273 3162 374 3197 που
404 3145 496 3199 τὸν
529 3146 976 3216 Ἑκατομϐαιῶνα
1007 3149 1104 3218 τῆς
1126 3149 1331 3220 τροπῆς
1358 3152 1676 3221 γενομένης,
1706 3167 1843 3222 συμ-

272 3236 445 3289 ϐαίνει
490 3238 697 3308 τρυγᾷν
749 3236 846 3301 τὰς
903 3239 1178 3308 ἀμπέλους
1239 3239 1366 3310 περὶ
1421 3241 1702 3311 ἱστάμενον
1751 3243 1841 3294 τὸν

273 3327 660 3398 Πυανεψιῶνα·
703 3327 845 3382 καθὰ
883 3329 1222 3401 Πλούταρχος
1247 3332 1592 3402 ἐπισημαίνει
1632 3332 1841 3404 συμϐῆ-

274 3435 381 3480 ναι,
421 3418 509 3470 ὅτε
539 3417 746 3486 Θησεὺς
784 3418 1054 3487 ἐπανῆκεν
1091 3423 1155 3473 ὲκ
1186 3422 1428 3493 Κρήτης.
1477 3422 1542 3475 'H
1584 3423 1841 3494 ίσημερία

276 3509 457 3580 μέντοι
499 3509 628 3578 περὶ
669 3508 902 3579 λήγοντά
943 3526 1045 3562 που
1091 3510 1181 3564 τὸν
1220 3511 1693 3584 Μαιμακτηριῶνα
1735 3514 1840 3566 ὑπ-

272 3604 426 3674 ῆρξε.
455 3603 666 3658 Πλένιον
710 3604 766 3657 δὲ
816 3587 1043 3674 οἰητέον,
1087 3605 1160 3676 μὴ
1200 3606 1274 3670 ὡς
1315 3608 1713 3678 Ἀριστοτέλους
1751 3607 1840 3660 λέ-

275 3694 355 3760 ξιν
405 3694 816 3766 μεταφέροντα,
865 3689 966 3748 ὧδε
1021 3696 1288 3750 ποιεῖσθαι
1340 3699 1430 3752 τὸν
1497 3699 1672 3766 λόγον,
1724 3698 1839 3752 ἀλλ’

277 3785 411 3840 ίδίαν
448 3785 596 3856 αὐτῷ
626 3785 781 3850 δόξαν
820 3788 946 3858 περὶ
990 3788 1150 3842 τόκου
1180 3787 1288 3840 τῶν
1327 3788 1523 3859 ἰχθύων
1547 3790 1842 3859 ἀποφαινό-

277 3892 454 3946 μενον.
487 3875 807 3946 Θαυμαστόν
842 3893 900 3930 τε
924 3877 1098 3941 οὐθὲν,
1141 3879 1191 3931 εἰ
1222 3880 1312 3932 καὶ
1348 3881 1468 3942 ταῖς
1495 3877 1697 3950 χώραις
1727 3879 1840 3932 δια-

274 3971 413 4040 φορά
435 3970 560 4041 περὶ
599 3969 696 4033 τὰς
730 3969 973 4038 γενέσεις
1010 3969 1176 4023 ἐστίν.
1217 3970 1378 4024 Ἀλλά
1401 3971 1586 4042 δῆλον,
1624 3971 1704 4025 ὅτι
1750 3973 1842 4025 καὶ

272 4059 376 4112 τῶν
417 4059 590 4124 ζώων,
629 4061 817 4134 ὥσπερ
852 4063 958 4116 τῶν
999 4062 1200 4133 φυτῶν,
1241 4063 1440 4134 πολλὴν
1486 4063 1695 4117 ποιοῦσι
1731 4064 1843 4118 δια-

274 4151 445 4222 φορὰν
478 4153 525 4204 οἱ
566 4152 740 4216 τόποι,
778 4153 836 4206 οὐ
880 4154 1037 4224 μόνον
1070 4155 1211 4209 κατά
1243 4154 1472 4224 μέγεθος
1513 4157 1606 4210 καὶ
1658 4157 1844 4229 εὐτρο-

275 4241 422 4311 φίαν,
450 4243 584 4296 ἀλλά
613 4246 707 4298 καὶ
735 4245 875 4299 κατά
903 4246 1028 4310 τοὺς
1060 4247 1269 4310 τόκους,
1304 4247 1398 4299 τοῦ
1427 4247 1495 4301 τὰ
1525 4249 1622 4319 μὲν
1661 4249 1841 4319 ὀψιαί-

273 4348 429 4405 τερον
467 4336 680 4406 γεννᾷν,
725 4337 792 4390 τὰ
849 4337 906 4390 δὲ
956 4338 1329 4410 πρωῖαίτερον.
1365 4334 1493 4394 Ὧδε
1525 4340 1621 4411 μὲν
1663 4341 1841 4396 τοίνυν

1939 497 2228 551 solstitium
2257 494 2444 550 fuisse.
2477 493 2533 548 Si
2577 494 2760 564 itaque
2793 494 3086 549 solstitiuin
3120 508 3264 547 nono
3307 493 3499 548 ineun-

1939 591 2030 653 tis,
2060 597 2170 642 tres
2216 603 2339 643 esse
2369 587 2486 642 dies
2513 585 2852 642 abundantes
2875 595 2958 640 est
2984 601 3228 640 necesse.
3257 584 3381 640 Haec
3406 601 3498 640 au-

1937 690 2044 736 tem
2083 681 2297 750 planius
2321 688 2507 750 postea
2529 677 2972 742 elucidabuntur,
3005 676 3098 730 ubi
3131 675 3198 730 de
3226 692 3326 730 usu
3348 692 3499 730 men-

1939 775 2016 828 sis
2064 771 2401 827 intercalarii
2449 770 2806 824 disseremus.
2837 768 2920 821 An
2969 768 3132 837 igitur
3184 765 3383 835 Ephori
3427 766 3498 819 sit

1940 865 2042 920 iste
2069 880 2248 928 error,
2283 881 2350 918 an
2388 862 2744 916 amanuensis
2777 861 2982 931 potius,
3023 859 3078 912 in
3112 859 3293 913 medio
3316 857 3500 912 consi-

1939 955 2238 1011 derandum
2262 956 2531 1025 relinquo.
2556 952 2671 1008 Jam
2695 961 2904 1008 certum
2930 959 3015 1006 est
3041 949 3253 1004 Atticos
3283 963 3498 1003 menses

1937 1048 2132 1119 aequali
2184 1049 2394 1102 dierum
2435 1061 2686 1110 numero,
2718 1045 2990 1114 simulque
3021 1042 3262 1104 ﬁniente,
3299 1040 3501 1095 Roma-

1940 1153 2262 1208 nossemper
2277 1137 2614 1207 aequiparare
2645 1150 2752 1190 non
2778 1149 2955 1204 posse.
2975 1133 3118 1202 Ergo
3147 1132 3202 1186 ﬁt
3223 1137 3282 1185 ut
3300 1128 3498 1200 singuli

1940 1243 2154 1283 menses
2184 1222 2499 1283 Graecorum
2525 1227 2666 1281 inter
2700 1226 2858 1280 binos
2883 1239 3095 1293 semper
3131 1222 3498 1277 Romanorum

1940 1321 2235 1393 ambigant.
2273 1319 2518 1390 Exempli
2553 1318 2728 1389 gratia
2767 1335 2779 1370 :
2821 1315 3239 1372 Hecatombaeon
3294 1321 3499 1383 partem

1939 1412 2108 1480 Junii,
2133 1421 2186 1468 et
2214 1419 2422 1483 partem
2452 1410 2583 1465 Julii
2616 1409 2870 1478 attingit;
2900 1405 3250 1476 Metagitnion
3287 1402 3416 1458 Julii
3445 1409 3500 1456 et

1942 1507 2171 1578 Augusti
2195 1523 2210 1572 ;
2241 1503 2604 1558 Bucdromion
2629 1499 2862 1571 Augusti
2884 1507 2936 1552 et
2953 1495 3307 1566 Septembris.
3333 1493 3499 1548 Simi-

1940 1598 2063 1652 liter
2092 1611 2220 1652 vero
2249 1595 2444 1665 reliqui
2467 1608 2658 1648 omnes
2687 1608 2797 1647 non
2829 1605 2953 1646 raro
2987 1603 3108 1645 sese
3131 1587 3370 1658 praebent
3398 1601 3498 1638 an-

1941 1689 2154 1760 cipites,
2181 1685 2508 1758 quandoque
2530 1686 2692 1741 etiam
2723 1683 2985 1753 aequales,
3023 1689 3084 1735 ut
3106 1679 3189 1733 vel
3220 1676 3501 1746 superiore

1871 1757 1910 1814 B
1941 1757 2085 1836 anno
2115 1757 2300 1835 lunam
2333 1793 2529 1834 novam
2562 1793 2685 1831 cum
2716 1775 2922 1846 Aprilis
2948 1770 3206 1827 Kalendis
3230 1768 3500 1824 solaribus

1940 1873 2174 1942 contigit
2216 1886 2517 1942 emergere.
2549 1868 2737 1939 Opera:
2767 1876 2944 1922 tamen
2972 1865 3204 1936 pretium
3248 1869 3333 1917 est
3364 1861 3497 1916 sim~

1941 1965 2155 2037 pliciter
2180 1979 2211 2018 a
2246 1963 2429 2033 priore
2458 1976 2648 2017 mense
2678 1958 3048 2030 interpretari.
3083 1955 3248 2011 Verbi
3280 1952 3456 2026 gratia
3483 1972 3496 2009 :

1940 2057 2385 2112 Boedromionem
2404 2055 2703 2124 Augustum
2727 2053 2906 2122 potius
2923 2065 3085 2122 quam
3105 2047 3496 2119 Septembrem,

1940 2153 2000 2200 ut
2019 2145 2239 2201 aestivus
2261 2147 2360 2212 sit;
2392 2147 2587 2202 tertius
2612 2145 2757 2200 enim
2792 2152 2875 2200 est
2899 2144 2967 2199 ab
3001 2141 3449 2197 Hecatombaeone
3479 2157 3494 2193 :

1940 2239 1992 2293 in
2025 2253 2154 2309 quo,
2204 2245 2266 2292 ut
2291 2236 2722 2293 demonstratum
2771 2245 2876 2301 est,
2905 2236 3150 2292 aestivum
3206 2233 3498 2290 solstitium

1940 2332 2250 2386 coniicitur.
2289 2330 2433 2385 Nihil
2459 2345 2623 2400 porro
2651 2328 2839 2384 Galeni
2882 2328 3164 2393 intererat,
3203 2325 3270 2381 ad
3307 2325 3500 2381 abietis

1941 2441 2122 2481 semen
2163 2434 2217 2480 et
2251 2423 2704 2494 compositionem
2752 2420 2928 2492 acopi,
2983 2419 3099 2475 sive
3152 2433 3182 2472 a
3242 2422 3502 2488 sequente

1944 2515 2282 2589 September,
2315 2517 2429 2573 sive
2465 2531 2496 2570 a
2525 2513 2864 2586 praecedente
2895 2512 3176 2581 Augustus
3203 2516 3502 2565 verteretur

1942 2608 2032 2663 ille
2055 2609 2434 2679 mysteriorum
2466 2606 2705 2670 mensis;
2734 2603 3034 2673 praesertim
3053 2617 3176 2656 cum
3195 2600 3424 2655 solstitia
3451 2606 3504 2653 et

1941 2698 2266 2768 mquinoctia
2297 2697 2452 2768 162
2505 2695 2727 2750 circiter
2757 2704 3016 2763 quartum
3037 2733 3050 2754 ,
3083 2701 3138 2746 et
3183 2691 3503 2746 vicesimum

1941 2789 2082 2845 diem
2122 2789 2327 2844 mensis
2377 2788 2608 2842 Romani
2659 2787 2728 2840 ab
2771 2785 2916 2840 illius
2965 2783 3150 2839 saeculi
3191 2780 3504 2836 hominibus

1943 2883 2294 2952 signarentur
2327 2899 2341 2934 :
2374 2886 2428 2934 et
2473 2885 2736 2950 praeterea
2769 2875 3176 2946 aequinoctialis
3227 2873 3502 2929 interdum

1945 2973 2085 3029 foret
2109 2971 2496 3035 Boedromion,
2527 2985 2652 3025 cum
2675 2970 2859 3041 plures
2881 2972 3203 3036 supererant
3231 2965 3348 3021 dies
3381 2970 3505 3034 post

1947 3064 2265 3119 solstitium.
2317 3061 2472 3118 Unde
2520 3063 2682 3116 etiam
2732 3061 3053 3116 Aristoteles
3103 3058 3270 3121 dicit,
3320 3074 3340 3108 ‹
3382 3067 3505 3126 post

1944 3163 2223 3210 arcturum
2271 3155 2491 3210 circiter
2548 3152 3036 3216 Boedromionem,
3090 3167 3108 3202 ι
3152 3147 3505 3220 quemadmo-

1943 3247 2070 3300 dum
2103 3255 2293 3299 contra
2326 3252 2550 3314 peracto
2571 3244 2715 3298 circa
2737 3243 3074 3298 desinentem
3093 3238 3503 3294 Hecatomwa-

1941 3353 2064 3392 nem
2095 3335 2332 3391 solstitio
2369 3336 2551 3391 evenit
2578 3335 2880 3389 vindemias
2913 3333 3049 3395 ﬁeri,
3077 3333 3223 3386 circa
3243 3329 3506 3400 incipien-

1943 3438 2050 3480 tem
2085 3425 2514 3497 Pyanepsionem
2540 3443 2555 3478 :
2588 3435 2648 3480 ut
2679 3424 3007 3481 Plutarchus
3037 3423 3300 3478 accidisse
3331 3421 3504 3491 signi-

1945 3520 2094 3580 licat,
2123 3518 2342 3586 quando
2370 3515 2614 3572 Theseus
2635 3533 2664 3572 e
2689 3515 2848 3571 Creta
2881 3515 3062 3571 rediit.
3092 3513 3503 3584 quuinoctium

1943 3610 2088 3662 enim
2122 3607 2298 3662 fuerat
2324 3608 2427 3664 sub
2466 3608 2627 3663 ﬁnem
2672 3608 3146 3663 Mtemacterionis.
3182 3603 3504 3674 Pliniusque

1943 3699 2300 3753 aestimandus
2329 3706 2412 3754 est
2437 3699 2518 3753 sic
2544 3699 2714 3770 loqui,
2745 3714 2855 3754 non
2884 3698 2976 3768 qui
3007 3697 3169 3753 verba
3193 3695 3502 3751 Aristotelis

1942 3788 2366 3858 interpretetur,
2406 3788 2502 3844 sed
2533 3789 2626 3858 qui
2649 3803 2803 3844 suam
2838 3788 2907 3844 de
2935 3773 3160 3858 piscium
3200 3793 3356 3856 partu
3404 3801 3500 3840 ex-

1943 3883 2144 3953 primat
2178 3883 2525 3938 sentcntiam.
2568 3882 2821 3953 Nihilque
2864 3871 3062 3938 mir'um
3108 3889 3212 3946 est,
3253 3881 3299 3937 si
3337 3881 3503 3935 etiam

1942 3973 1998 4026 in
2028 3973 2470 4043 generationibus
2496 3988 2526 4026 a
2553 3973 2837 4044 regionum
2859 3972 3172 4028 diversitate
3204 3971 3378 4026 oritur
3393 3967 3503 4024 dif-

1944 4065 2192 4120 ferentia.
2219 4063 2419 4120 Verum
2450 4065 2584 4119 illud
2616 4073 2854 4130 constat,
2902 4065 3150 4129 multam,
3196 4071 3254 4117 ut
3289 4063 3502 4133 planta-

1943 4171 2088 4216 rum.
2125 4156 2199 4210 ita
2242 4169 2456 4224 quoque
2493 4154 2829 4219 animalium,
2872 4169 2982 4208 non
3027 4153 3083 4206 in
3136 4152 3505 4222 magnitudine

1946 4248 2122 4304 solum
2155 4247 2450 4315 habituque
2465 4244 2764 4314 vegetiore,
2793 4244 2887 4298 sed
2911 4254 2966 4298 et
2985 4244 3039 4297 in
3070 4230 3227 4313 partu
3247 4244 3361 4311 ipsa
3387 4242 3503 4296 loca

1945 4338 2155 4394 ellicere
2204 4337 2588 4400 differentiam,
2623 4343 2683 4389 ut
2728 4337 2834 4389 alia
2890 4335 3088 4400 serius,
3136 4336 3242 4390 alia
3283 4336 3506 4405 gignant

277 4425 460 4490 ἁπλῶς
496 4445 556 4480 τε
605 4427 695 4481 καί
745 4446 818 4498 πη
857 4430 1266 4500 ἑρμηνεύοντες,
1294 4431 1392 4485 οὐκ
1441 4429 1507 4484 ἂν
1546 4431 1839 4505 διαμαρτά-

1947 4431 2232 4486 maturius.
2262 4429 2352 4486 Sic
2379 4432 2542 4501 igitur
2570 4430 2892 4498 simpliciter
2915 4436 2968 4484 ct
2993 4429 3371 4500 quadantenus
3387 4444 3507 4484 ver-

274 4536 456 4590 νοιμεν
484 4518 577 4572 τοῦ
619 4520 818 4574 ἱκανοῦ.

640 4703 777 4770 Περὶ
808 4703 1080 4772 χρήσεως
1109 4705 1227 4758 τῶν
1250 4706 1477 4773 μηνῶν.

344 4795 400 4847 l'.
447 4793 600 4846 Ἐπεὶ
624 4794 669 4847 δ’
704 4793 817 4847 ἔστι
859 4794 957 4864 μὲν
988 4795 1218 4866 χρῆσθαι
1251 4798 1382 4866 μησὶ
1431 4799 1524 4851 καὶ
1563 4798 1703 4851 κατὰ
1742 4800 1842 4868 τὴν

273 4884 423 4953 ἡλίου
457 4885 777 4956 περιφορὰν,
812 4885 888 4950 ὡς
925 4887 1181 4956 Ῥωμαῖοι
1218 4888 1474 4957 ἄγουσιν·
1527 4889 1714 4942 ἔστιδὲ
1749 4891 1842 4942 καὶ

272 4976 370 5047 τὴν
403 4977 504 5046 τῆς
530 4976 775 5048 σελήνης,
803 4978 878 5040 ὡς
919 4978 1188 5048 Ἀθηναῖοι
1220 4976 1352 5050 ἦγον
1375 4995 1392 5011 ο
1426 4981 1651 5053 πότερον
1686 4981 1845 5051 Ἀθη-

273 5070 447 5131 ναίοις
479 5065 733 5138 ἑπόμενοι
768 5069 1100 5140 χρησόμεθα,
1133 5070 1166 5141 ἢ
1205 5072 1515 5141 Ῥωμαίοις,
1545 5074 1842 5142 κατονομά-

275 5158 460 5223 Ceu-.5;
500 5158 597 5228 μὲν
628 5157 704 5222 ὡς
745 5158 1048 5227 Ἀθηναῖοι,
1071 5159 1169 5229 τὴν
1191 5159 1247 5212 δέ
1277 5175 1339 5226 γε
1363 5158 1454 5213 τοῦ
1488 5159 1734 5213 ἐνιαυτοῦ
1765 5162 1844 5222 εἰς

278 5251 454 5320 μῆνας
499 5249 762 5319 διαίρεσιν
813 5250 954 5304 κατά
1008 5249 1182 5304 ταὺτά
1223 5251 1512 5320 Ῥωμαίοις
1570 5252 1839 5316 τιθέντες;

240 5341 504 5411 χΙΙλήθων
549 5341 649 5411 μέν
691 5357 873 5410 φησιν,
923 5342 1004 5396 ὅτι
1059 5341 1200 5395 κατὰ
1234 5341 1395 5410 φύσιν
1441 5343 1504 5413 δὴ
1552 5344 1726 5410 ἄγοιτ’
1779 5343 1842 5396 ἂν

277 5430 393 5494 ἔτος
429 5431 527 5502 μὲν
556 5432 696 5485 κατὰ
722 5431 810 5484 τὸν
842 5432 1011 5502 ἥλιον,
1055 5431 1160 5504 μὴν
1191 5433 1246 5486 δὲ
1283 5433 1423 5488 κατὰ
1449 5434 1546 5503 τὴν
1583 5433 1806 5504 σελήνην
1827 5452 1839 5465 ο

275 5521 362 5576 διὰ
392 5525 444 5576 τί
473 5524 548 5588 δὲ,
573 5524 634 5576 οὑ
663 5524 828 5591 λέγει.
862 5525 1042 5578 ’Ἀλλοι
1081 5525 1136 5578 δέ
1177 5543 1340 5588 τινες,
1371 5527 1462 5578 καὶ
1501 5525 1677 5579 αἰτίαν
1715 5527 1846 5579 ἀπο-

277 5615 526 5679 διδόντες,
569 5616 746 5670 πάντα
787 5617 921 5688 πρὸς
965 5617 1073 5671 τῶν
1116 5618 1378 5687 οὐρανίων
1419 5618 1736 5687 κοσμεῖσθαι
1779 5619 1845 5671 τὲι

277 5706 400 5778 τῇδέ
427 5724 577 5777 φασι.
613 5710 706 5759 καὶ
741 5708 947 5778 μεγάλα
991 5707 1126 5763 εἶναι
1172 5709 1240 5763 τὰ
1285 5710 1381 5780 τῆς
1430 5710 1656 5780 σελήνης
1692 5710 1839 5782 ἔργα.

556 5799 832 5860 Parnm“
865 5801 978 5861 Gn.
1038 5802 1088 5860 Χ
1105 5803 1211 5862 IX.

1947 4529 2144 4585 tentes,
2177 4535 2520 4590 nequaquam
2565 4520 2635 4574 ab
2656 4517 2850 4574 idonea
2888 4519 3250 4590 explicatione
3283 4518 3505 4574 aberra-

1943 4613 2206 4669 verimus.

2463 4701 2542 4756 De
2567 4703 2826 4756 mensium
2857 4718 2976 4758 usu.

2015 4793 2083 4849 Χ.
2119 4792 2222 4848 Sed
2255 4794 2516 4863 quoniam
2549 4793 2832 4849 mensibus
2879 4795 2954 4847 uti
2991 4809 3284 4862 possumus
3317 4794 3399 4848 vel
3438 4794 3506 4846 ad

1946 4888 2079 4942 solis
2100 4895 2330 4949 motuin,
2364 4897 2421 4939 ut
2442 4885 2696 4946 Romani,
2729 4887 2810 4939 vel
2839 4885 2906 4939 ad
2933 4886 3098 4949 lunae,
3125 4895 3183 4940 ut
3213 4887 3509 4942 Athenien-

1946 4992 2075 5032 ses:
2118 4988 2298 5030 utrum
2333 4976 2569 5030 Atticum
2617 4992 2797 5040 usum,
2850 4992 2918 5029 an
2965 4975 3270 5030 Romanum
3314 4990 3507 5046 seque-

1945 5085 2090 5133 mur,
2132 5085 2282 5124 more
2339 5070 2558 5140 quidem
2604 5069 3016 5124 Atheniensium
3069 5069 3503 5131 denominantes,

1945 5163 2074 5218 anni
2096 5177 2226 5217 vero
2251 5162 2305 5216 in
2338 5177 2552 5217 menses
2580 5161 2825 5216 eamdem
2863 5176 2984 5215 cum
3018 5159 3277 5216 Romanis
3301 5161 3508 5215 consti-

1944 5261 2166 5309 tuentes
2197 5253 2562 5309 divisionem?
2595 5252 2822 5309 Plethon
2859 5254 3074 5323 quidem
3112 5254 3277 5309 refert
3307 5262 3504 5308 natura

1945 5358 2066 5398 esse
2109 5352 2506 5412 comparatum,
2544 5351 2602 5394 ut
2649 5342 2714 5396 ad
2765 5343 2932 5396 solem
2964 5343 3263 5396 deducatur
3305 5357 3505 5404 annus,

1946 5435 2152 5488 mensis
2177 5449 2308 5488 vero
2330 5433 2394 5488 ad
2425 5433 2606 5487 lunam
2643 5453 2654 5487 :
2686 5433 2778 5488 sed
2810 5435 3187 5505 quamobrem,
3221 5450 3325 5488 non
3354 5433 3505 5490 dicit.

1946 5524 2147 5579 Verum
2190 5525 2278 5579 alii
2311 5524 2475 5593 hujus
2505 5539 2722 5594 quoque
2751 5525 2880 5579 dicti
2905 5526 3171 5580 rationem
3198 5525 3506 5589 ali'erentes,

1947 5627 2281 5680 asseverant,
2314 5633 2434 5688 quae
2463 5617 2552 5671 hic
2586 5618 2639 5671 in
2669 5620 2830 5673 terris
2868 5626 3018 5683 sunt,
3058 5619 3239 5673 omnia
3273 5633 3302 5672 a
3341 5617 3508 5672 coele-

1949 5711 2124 5768 stibus
2177 5711 2286 5768 illis
2328 5712 2651 5782 corporibus
2707 5713 2970 5779 ordinari,
3003 5727 3338 5782 magnosque
3386 5724 3512 5769 esse

3119 5807 3197 5866 33
