3950 6266
462 303 595 359 1195
1043 318 1061 337 “

1461 299 1554 352 AD
1590 295 1858 352 EUSEBII
1895 292 2290 350 CHRUNICON
2328 297 2689 356 APPENDlX.

3559 298 3701 352 H96

454 423 597 475 luna:
629 419 874 476 enectus.
913 417 1047 474 Nam
1074 418 1277 474 mutari
1323 417 1478 472 aiunt
1505 416 1795 471 manifeste
1824 416 1892 470 ab
1925 415 2016 466 illa

2132 415 2496 470 Ἀλλοιοῦσθαι
2526 418 2629 490 γὰρ
2663 419 2844 487 σαφῶς
2872 419 2941 472 τά
2973 418 3188 487 ἐπίγεια
3235 417 3390 472 πάνθ’
3418 419 3512 472 ὑπ’
3553 418 3706 472 ἐκει-

455 513 736 573 torreslria
761 520 980 577 cuncta,
1015 512 1177 581 idque
1209 518 1376 565 recte.
1418 509 1644 580 Signum
1670 516 1853 562 tamen
1896 505 2018 559 nul-

456 605 566 656 lum
615 612 720 665 est,
757 618 971 657 menses
1019 601 1086 655 ad
1137 603 1352 665 lunam,
1389 615 1497 654 non
1539 599 1606 654 ad
1646 599 1815 653 solem
1860 612 2017 669 agere

455 703 731 765 oportere.
765 693 888 750 Haec
905 695 1049 749 enim
1079 693 1335 748 inferiora
1366 692 1741 762 superioribus
1775 691 1880 746 illis
1901 707 2018 744 mo-

455 785 602 838 tibus
629 799 753 839 esse
801 785 1061 838 continua
1107 798 1216 837 non
1271 782 1482 836 inﬁcias
1525 783 1688 846 imus,
1715 787 1768 835 et
1799 795 2014 834 omnem

454 890 642 930 eorum
661 877 767 928 vim
792 883 845 930 et
875 875 1168 944 potentiam
1205 874 1356 928 illinc
1385 873 1695 944 gubernari,
1729 874 2017 943 ipsumque

455 966 714 1022 decorum
734 966 1117 1038 (quodcunque
1144 965 1287 1036 apud
1314 980 1414 1020 nos
1449 965 1730 1034 decorum)
1753 973 1806 1019 et
1835 979 2013 1018 rerum

455 1059 700 1115 ordinem
753 1075 784 1112 a
837 1074 1071 1130 superna
1112 1059 1204 1112 illa
1251 1066 1446 1112 natura
1492 1058 1828 1124 consistere;
1871 1056 2016 1126 quod

456 1167 586 1208 vero
618 1153 944 1223 indigestum
993 1163 1046 1208 et
1073 1167 1173 1208 suo
1199 1167 1385 1208 errore
1405 1151 1684 1214 indecens,
1717 1151 1770 1205 id
1794 1166 1917 1206 esse
1949 1151 2018 1205 ab

455 1258 518 1297 ea
552 1242 917 1313 (quaeestbic)
943 1242 1188 1296 materia.
1220 1241 1388 1297 Detur
1409 1257 1540 1297 vero
1579 1243 1747 1296 multa
1770 1242 2014 1312 quaedam

457 1349 487 1388 a
519 1335 646 1388 luna
669 1333 888 1388 alterari
916 1333 1244 1402 variarique,
1277 1348 1400 1388 cum
1433 1334 1612 1404 plena,
1641 1349 1764 1388 cum
1791 1331 2016 1386 dimidio

455 1427 588 1481 orbe
614 1440 774 1482 caesa.
800 1441 925 1478 cum
954 1424 1182 1494 gibbosa
1220 1432 1274 1480 et
1307 1425 1567 1495 utrinque
1597 1439 1868 1490 convexa;
1891 1439 2014 1478 cum

456 1518 512 1572 in
539 1532 744 1572 cornua
771 1516 930 1581 ﬂexa,
975 1526 1139 1586 atque
1167 1516 1332 1570 etiam
1373 1515 1440 1570 de
1476 1517 1616 1570 coelo
1651 1516 1768 1586 ipso
1801 1523 1855 1570 et
1900 1531 2017 1568 am-

454 1611 635 1666 biente
658 1625 782 1664 aere
801 1608 1068 1679 judicium
1093 1609 1242 1676 ﬁeri;
1267 1609 1489 1679 hzecque
1506 1609 1789 1663 terrestria
1817 1608 2016 1662 mutari

453 1719 549 1773 per
588 1702 868 1767 semisses,
921 1708 974 1756 et
1010 1701 1376 1771 quadrantes,
1411 1709 1464 1754 et
1509 1707 1690 1756 certas
1745 1699 2012 1769 quasdam

453 1794 626 1864 ipsius
658 1794 923 1850 stationes
960 1813 972 1850 :
1016 1800 1332 1849 nontamen
1372 1794 1578 1848 idcirco
1622 1794 1913 1856 convenit,
1957 1801 2016 1845 nt

452 1887 872 1957 supersedentes
899 1886 1032 1942 solis
1057 1901 1260 1940 annum
1307 1886 1362 1940 in
1404 1901 1619 1940 menses
1652 1885 2012 1956 distinguere,

453 1995 624 2048 eaque
651 1979 918 2033 divisione
947 1979 1048 2044 uti,
1081 1985 1135 2032 et
1167 1976 1234 2030 ad
1274 1977 1458 2031 lunam
1485 1977 1837 2041 divertentes,
1875 1977 2017 2030 ultro

455 2073 753 2136 sponteque
780 2065 1165 2121 dissideamus.
1191 2063 1301 2121 Nec
1328 2067 1473 2120 enim
1509 2068 1808 2122 secundum
1856 2074 2018 2120 natu-

453 2171 570 2210 ram
605 2164 688 2210 est
709 2163 882 2209 totum
923 2155 1024 2210 soli
1052 2155 1359 2226 quadrare;
1389 2165 1572 2226 partes
1620 2166 1798 2211 autem
1836 2157 2015 2221 alteri,

451 2263 614 2321 quam
645 2247 747 2304 soli
770 2247 942 2319 magis
962 2247 1276 2303 convenire.
1305 2247 1438 2301 Nam
1475 2257 1657 2319 partes
1686 2258 1814 2304 sunt
1848 2250 2015 2304 totius

453 2340 604 2406 anni,
640 2340 732 2410 qui
764 2355 979 2396 menses
1003 2340 1381 2402 nominantur,
1413 2339 1499 2394 vel
1521 2340 2019 2410 quomodocunque

455 2431 620 2485 libeat
652 2430 799 2484 illam
830 2430 886 2484 in
911 2429 1197 2486 duodecim
1227 2429 1403 2500 spatia
1429 2429 1626 2485 solaris
1660 2431 2018 2485 revolutionis

455 2521 802 2594 partitionem
847 2521 1140 2592 appellare.
1175 2520 1333 2587 Quod
1376 2521 1521 2576 enim
1572 2536 1738 2602 causa
1787 2531 1871 2575 est
1915 2519 2018 2574 efﬁ-

454 2617 606 2670 ciens
646 2615 832 2680 totius,
870 2614 922 2668 id
962 2620 1110 2669 certe
1151 2612 1387 2684 partium
1436 2613 1746 2668 necessario
1777 2613 2016 2668 υΙΙῙρίιξηε

454 2714 559 2770 est,
598 2719 722 2759 cum
747 2719 812 2759 ex
839 2703 1087 2775 partibus
1122 2712 1296 2758 totum
1327 2711 1644 2774 consurgat,
1667 2712 1721 2758 et
1751 2705 1868 2774 ipso
1901 2712 2017 2758 toto

452 2805 638 2870 partes
671 2796 784 2854 sint
818 2795 1170 2868 generatione
1212 2795 1446 2866 priores.
1495 2793 1592 2850 Est
1638 2801 1818 2849 autem
1855 2795 2016 2849 etiam

456 2889 804 2961 inaequalius,
831 2887 1303 2958 inordinatiusque
1328 2902 1532 2940 annum
1567 2887 1633 2941 ad
1670 2886 1812 2940 lunae
1840 2886 2018 2940 curri-

455 2984 640 3038 cmum
688 2982 888 3038 ducere
921 3000 933 3034 :
966 2978 1111 3051 quod
1146 2979 1237 3049 qui
1280 2979 1354 3033 ita
1407 2986 1594 3050 agunt,
1640 2992 1878 3032 mensem
1912 2979 2020 3034 fre’

2118 525 2232 577 νης.
2283 509 2451 562 Τοῦτο
2503 511 2602 581 μὲν
2651 507 2743 564 οὖν
2795 508 2852 565 εὖ
2898 511 3134 580 λέγεται.
3179 512 3410 580 Σημεῖον
3454 511 3501 564 δ’
3543 511 3704 564 οὐδέν

2117 599 2231 652 ἐστι
2281 601 2376 653 τοῦ
2422 603 2616 673 χρῆναι
2661 604 2814 671 ἄγειν
2855 604 2995 657 κατὰ
3043 603 3292 674 σελήνην,
3326 605 3422 658 καὶ
3457 603 3533 674 μὴ
3574 604 3701 656 καθ’

2114 692 2262 761 ἥλιόν
2291 709 2354 760 γε
2382 695 2507 757 τοὺς
2535 695 2730 765 μῆνας.
2765 697 2972 767 Συνεχῆ
3011 696 3108 767 μὲν
3143 697 3250 766 γάρ
3300 714 3419 759 πως
3454 695 3525 748 τά
3569 696 3701 765 τῇδε

2111 784 2232 843 ταῖς
2263 781 2375 834 ἄνω
2401 786 2593 852 φοραῖς
2630 779 2768 836 εἷναί
2797 801 2975 855 φαμεν
3020 785 3114 837 καὶ
3150 787 3329 855 ἡμεῖς,
3380 785 3474 837 καὶ
3514 786 3700 837 πᾶσαν

2113 871 2291 924 αὐτῶν
2318 873 2414 942 τὴν
2438 873 2664 944 δύναμιν
2695 874 3060 946 κυϐερνᾶσθαι
3098 876 3336 930 ἐκεῖθενο
3369 877 3464 929 καὶ
3486 877 3563 928 ’τὸ
3600 875 3699 945 μὲν

2112 961 2274 1015 καλὸν
2311 962 2472 1029 ἅπαν,
2511 965 2636 1018 ὅσον
2672 965 2736 1020 ἂν
2853 967 3036 1021 ἐνθάδε
3084 967 3266 1031 καλὸν,
3298 969 3392 1021 καὶ
3432 968 3495 1021 τὸ
3533 985 3698 1021 τετα-

2111 1052 2331 1122 γμένον,
2367 1054 2572 1109 ἄνωθεν
2603 1057 2910 1126 ἐγγίνεσθαι
2945 1059 3131 1128 φύσει·
3167 1059 3226 1112 τὸ
3253 1060 3298 1112 δ’
3324 1060 3555 1113 ἄτακτον
3602 1061 3700 1114 καὶ

2113 1145 2546 1217 πεπλανημένον,
2603 1149 2865 1220 ὑπάρχειν
2894 1151 2958 1204 ἐκ
2987 1152 3087 1222 τῆς
3117 1151 3303 1205 ἐνθάδε
3349 1151 3478 1222 ὕλης
3499 1169 3514 1182 ⁸
3557 1154 3702 1205 ἔστω

2113 1233 2170 1285 δὲ
2218 1235 2312 1288 καὶ
2359 1235 2511 1288 πόλλ’
2542 1238 2676 1291 ἄττα
2723 1238 2966 1294 ἀλλοιοῦν
3013 1242 3110 1311 τὴν
3144 1243 3368 1314 σελήνην
3409 1243 3592 1314 πλήρη
3639 1261 3700 1295 τε

2113 1319 2298 1386 οὖσαν,
2329 1327 2423 1378 καὶ
2448 1325 2746 1398 διχότομον,
2779 1330 2872 1381 καὶ⁵
2897 1331 3258 1401 ἀμφίκυρτον,
3287 1333 3383 1385 καὶ⁵
3413 1333 3698 1402 μηνοειδῆ.

2113 1415 2394 1486 κρίνεσθαί
2426 1418 2575 1471 τετὸ
2606 1419 2876 1492 περιέχον,
2916 1422 3009 1474 καὶ
3053 1423 3405 1491 μεταϐάλλειν
3456 1426 3529 1478 τὰ
3570 1427 3700 1496 τῇδε

2114 1506 2254 1560 κατὰ
2297 1508 2639 1581 διαμέτρους,
2680 1514 2772 1566 καὶ
2802 1513 3194 1582 τετραγώνους,
3232 1518 3328 1571 καὶ
3371 1518 3511 1582 ὅλως
3537 1519 3702 1582 ποιάς

2114 1613 2265 1661 τινας
2312 1599 2525 1663 στάσεις
2571 1601 2771 1672 αὐτῆς·
2821 1605 2884 1656 οὐ
2945 1605 3051 1676 μὴν
3097 1606 3154 1660 δὲ
3193 1607 3286 1660 καὶ
3339 1607 3564 1677 εὔλογον
3611 1611 3703 1665 διὰ

2113 1688 2285 1744 ταῦτα
2308 1691 2510 1756 ἐῶντας
2532 1694 2758 1764 διαιρεῖν
2793 1696 2882 1748 τὸν
2911 1696 3004 1750 τοῦ
3029 1697 3178 1768 ἡλίου
3206 1697 3449 1753 ἐνιαυτὸν
3474 1703 3556 1764 εἰς
3591 1703 3700 1772 μῆ-

2116 1797 2232 1845 νας,
2261 1783 2353 1836 καὶ
2391 1784 2644 1854 χρῆσθαι,
2673 1787 3054 1858 ἐτερορῤεπεῖν
3084 1791 3177 1842 ἐπὶ
3204 1792 3302 1863 τὴν
3329 1791 3583 1862 σελήνην,
3607 1795 3701 1846 καὶ

2118 1875 2341 1939 ἐκόντας
2371 1872 2508 1931 εἶναι
2541 1878 2864 1934 διΐστασθαι.
2895 1882 3029 1935 Οὐδὲ
3053 1882 3116 1954 δὴ
3146 1883 3287 1937 κατὰ
3317 1884 3478 1954 φύσιν
3508 1886 3572 1938 τὸ
3603 1887 3702 1955 μὲν

2117 1968 2234 2021 ὅλον
2263 1969 2560 2039 προσήκειν
2594 1970 2670 2040 τῷ
2702 1973 2854 2043 ἡλίῳ,
2885 1972 2953 2026 τὰ
2983 1973 3041 2026 δὲ
3081 1974 3221 2047 μέρη
3253 1977 3425 2048 ἑτέρῳ
3457 1994 3538 2046 τῳ
3567 1978 3702 2047 μᾶλ-

2117 2058 2205 2112 λον
2238 2059 2542 2114 ἐπιϐάλλειν
2587 2061 2620 2131 ἢ
2655 2061 2732 2131 τῷ
2762 2062 2914 2133 ήλίῳ.
2957 2065 3115 2135 Μέρη
3157 2064 3264 2136 γάρ
3294 2065 3387 2119 τοῦ
3423 2065 3548 2118 ὅλου
3595 2069 3704 2120 ἐνι-

2118 2149 2282 2204 αυτοῦ
2329 2153 2377 2203 οἱ
2431 2152 2752 2224 καλούμενοι
2796 2153 2986 2224 μῆνες,
3035 2155 3130 2226 ἢὸ
3167 2173 3219 2210 τι
3266 2157 3467 2228 δήποτε
3513 2160 3703 2212 καλεῖν

2119 2242 2271 2312 φίλον
2301 2242 2391 2296 τὸν
2423 2245 2503 2307 είς
2547 2243 2753 2299 δώδεκα
2799 2246 3062 2318 μερισμὸν
3109 2249 3208 2320 τῆς
3236 2251 3328 2304 τοῦ
3363 2252 3517 2322 ἡλίου
3545 2270 3705 2324 περι-

2119 2337 2309 2407 φορᾶς.
2355 2337 2427 2389 Τὸ
2478 2337 2534 2390 δὲ
2580 2337 2676 2390 τοῦ
2717 2338 2838 2392 ὅλου
2888 2341 3188 2411 ποιητικὸν,
3224 2344 3317 2393 καὶ
3357 2342 3466 2396 τῶν
3517 2345 3704 2414 μερῶν

2117 2429 2280 2481 ταὺτὸ
2312 2429 2590 2500 ποιητικὸν
2638 2429 2698 2494 ἐξ
2747 2431 2993 2502 ἀνάγκης
3039 2433 3206 2487 ἐστίν.
3245 2433 3337 2487 Ἐκ
3369 2435 3479 2488 τῶν
3517 2436 3701 2506 μερῶν

2117 2521 2225 2592 γὰρ
2253 2521 2313 2574 τὸ
2363 2522 2502 2589 ὅλον,
2531 2523 2626 2576 καὶ
2668 2526 2733 2594 τῇ
2781 2525 2988 2593 γενέσει
3034 2526 3274 2597 πρότερα
3318 2527 3414 2581 τοῦ
3462 2529 3589 2582 ὅλου
3632 2529 3702 2583 τὰ

2121 2613 2282 2685 μέρη.
2318 2615 2473 2668 Ἔστι
2501 2616 2556 2668 δὲ
2585 2617 2679 2669 καὶ
2712 2616 3137 2689 ἀνωμαλώτερόν
3174 2637 3234 2673 τε
3277 2622 3370 2674 καὶ
3406 2623 3701 2676 ἀτακτότε-

2119 2723 2211 2776 ρον
2243 2705 2304 2758 τὸ
2335 2707 2473 2779 πρὸς
2501 2707 2597 2778 τὴν
2639 2707 2810 2778 φοράν
2849 2709 2949 2778 τῆς
2980 2709 3206 2781 σελήνης
3232 2711 3415 2780 ἄγειν·
3443 2713 3515 2766 δι’
3548 2715 3579 2766 ὃ
3607 2716 3699 2767 καὶ

2120 2798 2290 2868 συχνὰ
2313 2799 2656 2852 ἐπιϐάλλουσι
2685 2802 2828 2872 μῆνα
2865 2802 2914 2854 οἱ
2949 2801 3118 2866 οὕτως
3151 2803 3394 2870 ἄγοντες,
3429 2805 3529 2859 καὶ
3560 2809 3700 2878 πρά-

2117 2907 2301 2960 γματα
2346 2889 2549 2961 έχουσι,
2604 2892 2670 2944 τὰ
2715 2893 2810 2963 μὲν
2847 2893 3218 2967 δωδεκάμηνα,
3264 2896 3330 2949 τὰ
3353 2898 3410 2950 δὲ
3439 2915 3696 2970 τρισκαι-

2116 2983 2400 3053 δεκάμηνα
2442 2983 2752 3055 ποιούμενοι
2789 2985 2895 3038 τῶν
2927 2987 3080 3040 ἐτῶν.
3110 2988 3316 3043 Οὐκοῦν
3341 2991 3497 3061 παρά
3537 2991 3697 3060 φύσιν

457 3079 689 3142 quenter
722 3072 1003 3137 inserunt;
1036 3083 1136 3125 nec
1164 3083 1355 3140 parum
1392 3069 1594 3123 habent
1633 3069 1858 3141 negotii,
1886 3067 2013 3123 dum

2118 3089 2180 3141 γε
2224 3073 2440 3143 μᾶλλον.
2472 3073 2636 3138 Τάξις
2677 3075 2784 3146 γάρ
2811 3093 2893 3138 τις
2926 3077 2959 3146 ἡ
2994 3075 3172 3145 φύσις,
3209 3078 3302 3131 καὶ
3329 3079 3484 3151 παρὰ
3536 3081 3699 3150 φύσιν

457 3165 596 3219 alios
625 3178 796 3219 annos
826 3163 1093 3217 mensium
1128 3161 1438 3225 duodecim,
1467 3163 1603 3216 alios
1626 3163 1883 3218 tredecim
1911 3160 2016 3216 elli-

456 3256 628 3312 ciunt.
670 3253 856 3325 Itaque
898 3261 1093 3324 praeter
1129 3262 1380 3308 naturam
1433 3254 1650 3324 quidem
1702 3255 1757 3309 id
1810 3255 2014 3323 potius.

456 3349 591 3404 Nam
623 3349 758 3403 ordo
786 3348 1004 3417 quidam
1049 3355 1242 3402 natura
1273 3355 1357 3402 est
1378 3387 1392 3412 ,
1421 3355 1474 3402 et
1515 3355 1710 3417 praeter
1741 3356 2014 3410 naturam,

456 3441 718 3512 quidquid
769 3439 1130 3502 inconditum,
1182 3449 1236 3494 et
1294 3426 1738 3509 incompositum,
1767 3447 1820 3495 et
1869 3440 2016 3509 quod

456 3533 702 3588 ordinem
739 3547 898 3587 suum
929 3547 1037 3584 non
1065 3528 1546 3585 servat.C;eterum
1572 3540 1630 3584 ut
1662 3532 1832 3585 solem
1859 3531 2016 3584 dam-

455 3643 649 3682 nemus
695 3625 1008 3680 inutilitatis
1050 3631 1273 3693 propter
1319 3623 1460 3677 lunae
1516 3625 1648 3688 vim,
1692 3632 1746 3678 et
1783 3640 1844 3678 ea
1895 3638 2018 3693 quae

455 3717 615 3786 vulgo
645 3723 930 3786 apparent,
958 3714 1254 3783 postulatio
1276 3713 1437 3768 nimis
1461 3729 1652 3783 magna
1679 3724 1784 3777 est,
1813 3724 1867 3769 et
1896 3731 2018 3782 quae

456 3808 704 3862 videatur
729 3822 852 3861 esse
880 3806 999 3874 ejus
1023 3805 1114 3874 qui
1147 3820 1205 3859 se
1221 3807 1392 3874 magis
1413 3807 1598 3861 sensui
1625 3821 1783 3874 quam
1820 3809 2016 3861 rationi

456 3897 707 3966 applicet.
749 3895 985 3951 Elfectus
1032 3895 1177 3950 enim
1219 3897 1378 3958 lunae,
1407 3903 1460 3950 et
1493 3911 1656 3965 opera
1688 3911 1717 3948 a
1743 3897 1856 3950 sole
1890 3898 2015 3965 qui-

457 3989 578 4043 dem
617 3989 783 4058 (quod
820 4003 987 4058 prope
1019 3987 1273 4055 dixerim)
1300 3989 1482 4040 omnia
1503 3994 1631 4040 sunt
1657 4004 1671 4038 :
1698 3995 1752 4041 et
1793 3988 1903 4040 haec
1936 3988 2019 4039 in-

458 4080 657 4134 l'eriora
695 4081 836 4136 idem
874 4081 955 4134 sol
989 4080 1256 4149 imprimis
1285 4079 1564 4143 describit,
1603 4079 1939 4142 modulatur,
1966 4090 2018 4134 et

457 4172 513 4224 in
553 4185 836 4224 numerum
882 4170 1243 4239 ordinemque
1281 4169 1496 4239 digerit.
1525 4168 1590 4222 Et
1623 4169 1850 4224 aliorum
1895 4173 2014 4239 qui-

454 4263 574 4316 dem
601 4261 838 4316 siderum
867 4260 1274 4329 temperatiouis
1302 4260 1472 4315 solem
1488 4274 1610 4314 esse
1633 4275 2017 4319 eausam,cum

453 4354 640 4409 multis
669 4354 790 4408 aliis
815 4353 1092 4424 praaclaris
1135 4352 1290 4416 viris,
1323 4359 1437 4404 tum
1479 4352 1559 4406 vel
1591 4352 1826 4406 maxime
1860 4349 2016 4405 Stra-

2117 3165 2224 3218 πᾶν
2253 3165 2313 3216 τὸ
2343 3165 2660 3236 πλημμελές
2688 3185 2748 3220 τε
2800 3170 2893 3222 καὶ
2935 3169 3186 3223 ἄτακτον.
3225 3169 3296 3224 Τὸ
3317 3172 3362 3224 δ’
3392 3173 3698 3245 ἀχρηστίαν

2115 3256 2206 3309 τοῦ
2236 3257 2384 3328 ἡλίου
2415 3258 2842 3325 καταγινώσκειν
2881 3259 2968 3313 διὰ
3011 3261 3108 3332 τὴν
3137 3262 3236 3332 τῆς
3273 3264 3503 3336 σελήνης
3539 3266 3698 3320 δύνα-

2120 3366 2212 3417 μιν
2253 3348 2348 3401 καὶ
2386 3349 2454 3402 τά
2485 3350 2803 3420 φαινόμενα,
2837 3351 3042 3421 αἴτημα
3086 3353 3204 3406 λίαν
3239 3355 3382 3423 μέγα
3430 3358 3572 3421 ἐστὶ,
3605 3359 3698 3412 καὶ

2117 3440 2470 3510 προσέχοντος
2491 3440 2734 3513 αἰσθήσει
2769 3443 2965 3513 μᾶλλον
2999 3443 3172 3497 ἔοικεν
3190 3442 3329 3499 εἶναι
3361 3449 3394 3518 ἢ
3428 3447 3695 3521 λογισμῷ.

2117 3531 2199 3583 Τά
2225 3549 2283 3584 τε
2309 3531 2414 3603 γὰρ
2443 3532 2540 3603 τῆς
2569 3533 2793 3604 σελήνης
2815 3534 2948 3605 ἔργα
2972 3534 3060 3589 διὰ
3085 3537 3173 3589 τὸν
3197 3537 3365 3606 ἥλιον,
3394 3539 3473 3602 ὡς
3499 3542 3694 3606 εἰπεῖν,

2117 3622 2311 3676 ἅπαντ’
2355 3624 2501 3676 ἐστί·
2539 3625 2597 3678 τό
2638 3643 2697 3678 τε
2744 3626 2977 3694 μάλιστα
3018 3629 3255 3699 κοσμοῦν
3292 3631 3359 3684 τά
3408 3633 3560 3702 τῇδε,
3603 3635 3698 3687 καὶ

2120 3713 2398 3784 ῥυθμίζειν,
2433 3715 2524 3768 καὶ
2552 3716 2850 3781 διατάττον,
2885 3718 2913 3768 ὁ
2940 3718 3087 3788 ἥλιός
3115 3723 3250 3774 ἐστι.
3284 3724 3394 3774 Καὶ
3445 3724 3554 3795 μὴν
3605 3727 3697 3779 καὶ

2116 3805 2214 3875 τῆς
2241 3807 2366 3876 περὶ
2393 3808 2516 3869 τοὺς
2536 3807 2726 3870 ἄλλους
2758 3809 2991 3879 ἀστέρας
3020 3812 3314 3884 εὐκρασίας
3345 3816 3518 3868 αἴτιον
3558 3814 3698 3870 εἶναι

2117 3898 2206 3951 τὸν
2241 3899 2390 3969 ἥλιον
2434 3899 2611 3964 ἄλλοις
2646 3918 2705 3953 τε
2753 3900 2860 3954 τῶν
2906 3903 3129 3966 ἐνδόξων
3176 3906 3266 3957 καὶ
3305 3907 3586 3977 Στράϐωνι
3619 3909 3699 3978 τῷ

2119 3991 2425 4062 γεωγράφῳ
2459 3991 2622 4046 δοκεῖ.
2663 3993 3056 4064 Ἐναργέστερα
3092 3995 3272 4065 μέντοι
3308 3996 3374 4049 τὰ
3419 4001 3553 4069 περὶ
3597 4002 3697 4071 τὴν

2122 4081 2347 4152 σελήνην
2377 4082 2735 4153 συμϐαίνοντα
2779 4085 2917 4138 κατά
2949 4085 3233 4156 διαφόρους
3265 4088 3456 4156 φάσεις
3491 4093 3555 4143 ἐκ
3588 4091 3697 4144 τῶν

2121 4172 2256 4241 πρὸς
2286 4172 2375 4224 τὸν
2404 4174 2552 4243 ἥλιον
2582 4175 2932 4227 ἀποστάσεων
2961 4178 3092 4246 ἡμῖν
3130 4177 3364 4248 ἀπαντᾷ.
3398 4181 3548 4233 Ὦστ’
3579 4182 3697 4234 ἐπι-

2118 4265 2357 4335 τηρητέα
2387 4265 2567 4334 μέντοι
2597 4266 2689 4319 καὶ
2720 4267 2869 4319 ταῦτ’
2892 4268 3056 4330 ἐστὶν,
3098 4269 3208 4321 εἴτε
3242 4270 3361 4323 καθ’
3393 4270 3696 4342 ἑϐδομάδας

2119 4355 2227 4407 εἴτε
2268 4354 2388 4408 καθ’
2431 4355 2614 4426 ἕτερον
2643 4357 2788 4427 μῆνα
2837 4357 2982 4410 δοκεί
3027 4359 3356 4429 σεληνιακόν.
3394 4362 3468 4413 Οὐ
3501 4363 3610 4432 μὴν
3640 4364 3696 4415 δὲ

451 4444 582 4499 1)οηί
635 4443 943 4513 geographo
1006 4441 1236 4496 videtur.
1281 4439 1630 4494 Evidentiora
1674 4448 1858 4495 tamen
1895 4455 2016 4495 sese

2125 4447 2218 4500 καὶ
2244 4447 2422 4516 μόνοις
2445 4447 2616 4500 τοῖσδε
2654 4450 2966 4520 χρωμένους
2996 4452 3176 4504 ἐατέον
3206 4453 3333 4515 τοὺς
3387 4453 3509 4506 καθ’
3545 4455 3698 4524 ἥλιον

451 4539 611 4593 nobis
637 4537 890 4600 offerunt,
912 4535 1367 4606 quateontingunt
1385 4533 1534 4586 circa
1567 4533 1774 4596 lunam,
1796 4541 2017 4602 propter

452 4631 764 4686 diﬂ‘erentes
791 4630 910 4698 ejus
935 4629 1170 4699 species,
1198 4643 1262 4682 ex
1293 4626 1461 4681 variis
1488 4626 1621 4680 solis
1651 4626 2020 4696 intercapedi-

450 4724 614 4778 nibus
647 4721 1076 4792 proliciscentes.
1119 4720 1464 4787 Quapropter
1501 4717 1844 4770 observanda
1888 4724 2019 4770 sunt

451 4815 589 4881 haec,
631 4815 744 4868 sive
779 4828 877 4883 per
915 4813 1270 4881 septimanas,
1304 4811 1419 4864 sive
1473 4825 1568 4879 per
1595 4810 1825 4864 alterum
1866 4824 2018 4864 men-

451 4923 565 4962 sem
595 4907 839 4959 lunarem
870 4903 1105 4959 videtur.
1141 4900 1328 4972 Neque
1366 4918 1496 4956 vero
1533 4902 1619 4956 his
1643 4902 1778 4956 solis
1813 4902 2016 4956 utendo

449 4999 658 5055 solares
691 4997 944 5052 deserere
973 5003 1208 5064 oportet,
1242 4995 1335 5064 qui
1362 4994 1472 5050 sint
1503 4995 1661 5065 longe
1691 4995 2016 5064 aequabilio-

447 5106 560 5154 res,
593 5099 646 5144 el.
685 5095 869 5157 partes
916 5094 1221 5156 temporum
1264 5085 1525 5140 divinitus
1561 5085 2014 5152 constitutorum,

447 5183 726 5249 totiusque
759 5179 892 5232 anni
924 5178 1160 5248 propria:
1196 5185 1251 5232 et
1295 5179 1510 5231 nativae.
1561 5178 1879 5233 Secundum
1917 5193 2018 5232 na-

447 5284 625 5328 turam
660 5273 806 5327 enim
851 5271 904 5325 id
955 5271 1277 5340 simpliciter
1323 5281 1449 5325 est:
1493 5269 1934 5340 quandoquidem
1985 5286 2018 5325 a

447 5379 638 5428 causa,
668 5375 721 5420 et
750 5365 951 5437 priore,
1001 5370 1056 5416 et
1109 5364 1287 5433 magis
1327 5365 1664 5418 necessaria.
1698 5364 1854 5430 Quod
1885 5381 2016 5421 vero

447 5469 530 5512 est
556 5474 587 5511 a
618 5458 768 5520 luna,
801 5458 984 5512 notius
1013 5457 1172 5512 nobis
1194 5471 1318 5510 cum
1363 5457 1436 5512 sit
1476 5466 1530 5511 et
1560 5459 1825 5526 apertius,
1868 5461 2014 5514 viam

447 5548 515 5601 ad
539 5565 600 5603 ea
618 5566 746 5618 quae
778 5557 907 5605 sunt
936 5550 1147 5604 notiora
1179 5559 1397 5613 natura,
1429 5559 1482 5604 et
1512 5552 1860 5620 perfectiora,
1894 5568 2014 5607 mu-

447 5641 550 5693 nit.
573 5641 940 5705 Quamobrem
964 5644 1145 5699 Caesar
1173 5651 1533 5713 cognomento
1563 5644 1705 5714 apud
1739 5644 2014 5701 Romanos

450 5729 638 5792 Divus,
682 5731 961 5800 ingressus
992 5731 1134 5786 hanc
1153 5735 1296 5786 viam
1343 5733 1407 5787 ad
1453 5734 1526 5797 id,
1560 5734 1705 5802 quod
1735 5743 1854 5790 erat
1885 5752 2006 5793 cer-

2123 4536 2297 4607 μῆνας
2321 4537 2716 4608 όμαλεστέρους
2737 4539 2894 4602 ὄντας
2924 4539 3071 4612 παρὰ
3106 4538 3259 4604 πολὺ,
3293 4541 3386 4593 καὶ
3415 4543 3559 4612 μέρη
3589 4544 3696 4594 τῶν

2120 4627 2184 4678 ἐκ
2216 4626 2348 4678 Θεοῦ
2374 4625 2551 4698 ὡρῶν,
2588 4628 2682 4680 καὶ
2729 4627 2820 4680 τοῦ
2868 4629 2989 4682 ὅλου
3033 4629 3276 4683 ἐνιαυτοῦ
3302 4632 3479 4684 οἰκεῖά
3511 4649 3570 4684 τε
3605 4635 3695 4684 καὶ

2119 4717 2380 4787 αὐτοφυῆ.
2426 4719 2581 4771 Κατὰ
2622 4719 2781 4786 φύσιν
2814 4719 2921 4790 γὰρ
2965 4719 3106 4772 τοῦθ’
3152 4719 3369 4785 ἁπλῶς·
3406 4721 3566 4794 εἴπερ
3606 4725 3698 4775 καὶ

2119 4808 2177 4873 ἐξ
2209 4809 2404 4872 αἰτίου,
2449 4810 2541 4862 καὶ
2579 4810 2867 4881 προτέρου,
2904 4811 2996 4863 καὶ
3037 4813 3484 4884 άναγκαιοτέρου.
3523 4815 3597 4866 Τὸ
3639 4815 3694 4866 δὲ

2118 4899 2225 4951 ἀπὸ
2250 4900 2348 4969 τῆς
2385 4899 2628 4970 σελήνης,
2677 4899 3094 4972 γνωριμώτερον
3136 4901 3194 4953 ὅν
3232 4903 3363 4973 ἡμῖν
3399 4903 3496 4955 καὶ
3531 4903 3696 4970 σαφές

2121 5007 2327 5062 στερον,
2362 4991 2477 5053 ὁδός
2520 4992 2666 5043 ἐστιν
2691 4993 2782 5046 ἐπὶ
2809 4993 2878 5046 τά
2903 4996 2968 5064 τῇ
3001 4994 3160 5062 φύσει
3203 4993 3600 5064 γνωριμώτερά
3635 5011 3693 5046 τε

2119 5083 2212 5136 καὶ
2255 5081 2574 5154 τελεώτερα.
2614 5085 2691 5136 Δι’
2719 5084 2746 5136 ὅ
2777 5085 2871 5137 καὶ
2909 5088 2955 5137 οἱ
3002 5087 3128 5156 περὶ
3171 5085 3426 5157 Καίσαρα
3454 5087 3551 5140 τὸν
3601 5089 3694 5139 ἐπι

2119 5174 2501 5247 ωνομασμένον
2534 5179 2647 5238 τοῖς
2663 5175 2952 5246 Ῥωμαίοις
2990 5177 3128 5241 θεὸν,
3151 5177 3349 5246 ταύτην
3381 5177 3572 5241 ἰόντες,
3604 5179 3692 5230 ἐπὶ

2115 5269 2533 5340 τάκριϐἐστερον
2563 5268 2854 5339 ἐληλύθασι
2883 5269 3068 5340 μηνῶν
3089 5287 3149 5323 τε
3174 5271 3268 5323 καὶ
3293 5270 3542 5324 ἐνιαυτοῦ
3579 5271 3692 5323 δια-

2116 5359 2320 5424 τάξεως
2355 5361 2501 5435 πέρι.
2533 5362 2595 5414 Οί
2617 5361 2661 5413 δ’
2691 5361 2797 5433 ἄρα
2836 5366 2946 5426 τοῖς
2977 5364 3035 5416 ἐν
3069 5364 3193 5415 ποσὶ
3233 5363 3325 5415 καὶ
3355 5365 3487 5433 ἡμῖν
3533 5380 3694 5432 σαφε-

2119 5452 2328 5523 στέροις
2362 5453 2714 5523 ἐπιμένοντες
2752 5453 2839 5505 διὰ
2877 5453 3063 5516 τέλους
3116 5454 3354 5506 ἐοίκασιν
3396 5453 3457 5506 οὐ
3517 5453 3692 5515 καλῶς

2116 5546 2339 5616 κρίνειν,
2365 5547 2432 5598 τί·
2452 5547 2514 5599 τὸ
2540 5546 2604 5599 δι’
2641 5547 2791 5608 αὑτὸ,
2816 5547 2908 5598 καὶ
2941 5546 2994 5598 τί
3027 5546 3089 5598 τὸ
3113 5545 3178 5598 δι’
3206 5544 3389 5616 ἕτερον
3428 5545 3688 5616 αἱρετέον.

2118 5639 2293 5702 ’Ὁλως
2334 5657 2394 5691 τε
2432 5640 2515 5692 δεῖ
2553 5637 2792 5709 νομίζειν
2829 5638 2895 5690 τά
2927 5637 3150 5708 ὕστερον
3189 5638 3361 5709 χρόνῳ
3394 5637 3592 5708 μακρῷ
3617 5637 3691 5687 δι-

2112 5731 2470 5805 ηκριϐωμένα
2500 5731 2625 5803 περὶ
2667 5730 3012 5803 ἀστρολογίαν
3042 5729 3171 5782 πολύ
3206 5746 3259 5782 τι
3307 5727 3414 5782 τῶν
3453 5728 3689 5799 ἀρχαίων
