3950 6266
259 334 393 390 H97

1211 335 1556 392 THEODORI
1597 333 1804 390 GAZ/E
1859 334 2056 388 LIBER
2099 335 2186 389 DE
2227 335 2586 392 MENSIBUS.

3369 348 3501 404 1198

259 450 568 522 διαφέρειν·
592 449 737 504 -ἀλλὰ
767 449 840 522 μὴ
877 449 1100 513 ἑκόντας
1147 451 1236 503 ὑπ’
1275 451 1560 514 αὐθαδείας
1600 451 1704 521 πρὸ
1731 450 1827 502 τῶι.

1942 450 2051 504 tius
2081 451 2438 518 exaetiusque
2457 452 2524 506 de
2553 453 2680 507 anni
2719 455 3097 528 mensiumque
3123 459 3502 529 dispositioum

253 542 601 612 τελεωτέρων
623 542 693 596 τὰ
724 543 1051 612 ἀτελέστερα
1095 543 1354 604 ἐπαινεῖν,
1384 543 1570 614 ὥσπερ
1598 544 1655 596 ἐν
1688 544 1832 613 γήρα

252 635 323 690 τὰ
350 634 459 688 τῶν
482 635 616 688 νέων
641 639 854 706 φρονεῖν
903 636 980 688 ἔτι
1015 637 1497 707 προαιρουμένους.
1541 635 1694 688 Ἐπεὶ
1741 635 1833 687 καὶ

255 726 492 796 Γαληνὸς
534 728 591 778 ἐν
627 729 738 790 τοῖς
783 727 912 797 περὶ
949 728 1218 797 κρισίμων
1247 725 1469 798 ἡμερῶν
1521 725 1698 794 λόγοις
1743 725 1834 778 τὸν

256 818 502 871 ἐνιαυτὸν
531 819 621 870 ἐπὶ
645 820 764 881 ταῖς
791 818 953 872 πέντε
978 819 1072 871 καὶ
1099 818 1360 890 ἐξήκοντα
1383 819 1475 872 καὶ
1498 819 1835 890 τριακοσίαις

257 909 512 980 ήμέραις,
547 909 890 979 ἐπικείμενον
919 909 1062 979 ἔχειν
1098 926 1150 961 τι
1188 911 1373 980 μόριον
1413 908 1625 980 ἡμέρας
1655 906 1834 978 μεῖζον

257 1002 290 1072 ἢ
323 1001 399 1065 ὡς
425 1001 680 1074 τέταρτον
712 1001 879 1070 λέγει.
914 1003 984 1054 Τὸ
1026 1002 1070 1055 δ’
1103 1003 1162 1054 οὐ
1211 1001 1411 1072 μεῖζον,
1462 1001 1574 1054 ἀλλ’
1619 1000 1834 1053 ἔλαττον

254 1089 414 1156 εἶναι,
443 1097 560 1156 ταῖς
589 1093 812 1164 ὕστερον
842 1094 1226 1164 ἐπιτηρήσεσιν
1270 1091 1519 1164 εὓρηται.
1548 1092 1610 1143 Εἰ
1650 1091 1696 1144 δ’
1728 1091 1835 1161 ἄρα

253 1203 358 1238 που
396 1186 529 1257 μηδέ
574 1187 640 1240 τὰ
685 1187 810 1256 περὶ
853 1185 950 1257 τὴν
978 1185 1127 1254 ἡλίου
1169 1185 1382 1255 κίνησιν
1412 1182 1670 1255 τάκριϐὲς
1700 1199 1834 1234 παν-

250 1277 487 1329 τάπασιν
520 1275 658 1345 ἴσχοι
697 1277 828 1345 ἡμῖν
852 1292 865 1306 ·
901 1273 1015 1327 ἀλλ’
1043 1270 1135 1326 οὖν
1168 1289 1232 1342 γε
1278 1273 1411 1326 πολὺ
1443 1272 1552 1325 τῶν
1581 1273 1709 1342 περὶ
1736 1271 1834 1343 τὴν

253 1367 483 1440 σελήνην
531 1367 872 1440 ἁκριϐέστερ’
917 1367 1053 1431 ἐστὶ,
1098 1367 1191 1420 καὶ
1249 1367 1309 1420 τὸ
1350 1364 1834 1436 πλημμελούμενον

249 1461 760 1532 εὑδιορθωτότερον·
796 1461 849 1513 εῐ
877 1477 939 1528 γε
978 1459 1104 1530 μίαν
1141 1459 1238 1530 μὲν
1287 1457 1375 1512 διὰ
1419 1457 1834 1531 τετραετηρίδος

249 1547 462 1618 ἡμέραν
489 1548 804 1618 ἐμϐόλιμον,
839 1548 968 1618 μίαν
993 1547 1050 1600 δὲ
1080 1547 1262 1618 σχεδὸν
1293 1547 1383 1600 διὰ
1419 1548 1832 1618 διακοσαετηρί-

247 1637 338 1701 δος
393 1637 678 1708 ἐκϐόλιμον
728 1637 1034 1702 ποιεῖσθαι,
1076 1636 1438 1708 ἀποχρώντως
1488 1637 1553 1691 ἂν
1614 1637 1747 1707 ἔχοι,
1799 1637 1832 1707 ἢ

246 1728 446 1784 ὁπόσον
501 1729 566 1783 ἂν
610 1731 698 1784 διὰ
741 1731 993 1784 πλείστου
1031 1731 1079 1782 oi
1125 1731 1405 1800 περιόντες
1451 1731 1536 1783 ἀεὶ
1575 1728 1650 1798 τῷ
1701 1729 1832 1798 χρό-

1941 541 2094 610 163
2127 544 2352 611 propius
2382 544 2637 599 accessit.
2668 545 2771 611 Qui
2807 563 2935 619 ergo
2984 551 3036 604 in
3070 553 3250 605 medio
3287 556 3502 622 positis.

1934 642 1987 684 et
2024 633 2181 684 nobis
2213 634 2682 692 manifestioribus
2710 641 2933 694 assidue
2969 641 3254 707 insistunt,
3290 661 3398 698 non
3433 645 3507 700 vi-

1935 721 2135 774 dentur
2165 733 2312 778 recte
2337 725 2661 794 dignoscere
2686 730 2817 798 quid
2842 746 2938 800 per
2961 746 3018 785 se
3044 740 3098 786 et
3123 736 3252 803 quid
3282 747 3505 804 propter

1936 815 2079 867 aliud
2121 817 2451 872 sumendum
2499 819 2592 874 sil.
2627 820 2915 892 Semelque
2946 825 3265 881 existimare.
3292 835 3503 896 oportet

1937 909 2246 975 astro|0giae
2273 915 2952 983 commentationes,-quze
3000 918 3171 969 multo
3207 928 3331 987 post
3366 929 3502 974 tem-

1936 1013 2070 1066 pore
2092 999 2437 1069 diligentiore
2454 1018 2585 1056 cura
2606 1005 2872 1060 absoluta:
2895 1015 3042 1072 sunt,
3077 1024 3185 1060 non
3213 1024 3402 1078 parum
3437 1008 3504 1064 ab

1935 1091 2176 1160 antiquis
2215 1093 2323 1147 illis
2351 1103 2642 1163 praestare;
2685 1113 2789 1150 non
2825 1107 3005 1153 autem
3037 1116 3147 1168 pra:
3199 1101 3503 1170 pervicacia

1935 1179 2134 1235 decens
2160 1191 2244 1234 est
2267 1184 2669 1252 imperfectiora
2697 1189 3119 1256 perl'ectioribus
3149 1203 3501 1262 anteponere,

1934 1274 2090 1343 quasi
2120 1275 2363 1331 volentes
2387 1277 2441 1330 in
2471 1287 2751 1334 senectute
2780 1281 2958 1335 adhuc
2989 1284 3222 1338 retinere
3259 1287 3504 1354 pueritiae

1937 1365 2190 1436 ineptias.
2229 1367 2458 1433 Quando
2492 1371 2572 1424 vel
2606 1371 2722 1441 ipse
2753 1371 2992 1428 Galenus
3017 1376 3068 1427 in
3107 1376 3262 1432 libris
3294 1377 3360 1432 de
3389 1377 3504 1432 die-

1936 1460 2036 1513 bus
2065 1459 2382 1516 decretoriis
2415 1463 2568 1526 dicit,
2613 1478 2756 1517 anno
2779 1481 2940 1534 supra
2969 1477 3242 1522 trecentos
3267 1477 3321 1522 et
3356 1484 3506 1524 sexa-

1934 1551 2084 1619 ginta
2109 1553 2350 1622 quinque
2377 1553 2495 1610 dies
2514 1595 2527 1617 ,
2561 1557 2889 1625 particulam
2922 1563 3214 1629 quamdam
3244 1563 3504 1616 accedere

1935 1642 2041 1696 diei
2077 1645 2382 1713 quadrante
2416 1648 2700 1715 majorem.
2727 1650 2890 1720 Atqui
2923 1669 3029 1706 non
3069 1655 3330 1722 majorem
3361 1672 3502 1722 esse,

1935 1738 2026 1791 scd
2061 1739 2345 1800 minorem,
2390 1740 2623 1807 posteris
2655 1744 3139 1798 observationibus
3185 1753 3504 1800 annotatum

249 1839 325 1891 νῳ
357 1822 719 1894 ἀστρονομίας
768 1823 1150 1894 ἐμπειρότατοι
1195 1823 1471 1893 κρίνωσιν.
1518 1822 1682 1874 Οὐδὲν
1721 1820 1827 1890 γὰρ

1933 1839 2032 1882 est.
2054 1827 2206 1894 Quod
2234 1829 2277 1883 si
2305 1829 2444 1884 forte
2475 1847 2542 1885 ne
2570 1833 2703 1886 solis
2730 1835 2948 1903 quidem
2986 1847 3166 1890 motus
3202 1837 3344 1891 ratio
3373 1836 3506 1890 satis

245 1915 325 1986 τῷ
381 1916 607 1986 παρόντι
657 1917 1013 1988 προσίσταται
1061 1917 1223 1988 λόγῳ,
1268 1919 1322 1970 εί
1364 1926 1509 1980 τινες
1555 1915 1831 1988 ἀμφισϐη-

247 2009 400 2063 τοῦσι
432 2009 674 2082 περὶτοῦ
707 2011 814 2065 τῶν
841 2011 976 2065 ἐτῶν
1010 2011 1265 2083 πλήθους.
1314 2010 1832 2082 Ἀναμφισϐητήτως

246 2101 358 2172 γὰρ
398 2104 432 2174 ἡ
475 2102 844 2175 ἐπανόρθωσις
889 2104 1040 2158 ἔσται
1098 2103 1188 2158 διὰ
1243 2103 1520 2168 πλείστου,
1565 2103 1712 2166 ὅπως
1763 2101 1830 2156 ἂν

247 2200 368 2267 ἔχῃ.

1939 1917 2099 1972 nobis
2132 1925 2378 1984 constet;
2423 1929 2477 1972 at
2517 1937 2678 1988 quam
2735 1922 2877 1976 lunae
2919 1931 3067 1976 certe
3102 1925 3274 1978 multo
3304 1926 3508 1978 certior

1938 2018 2042 2068 est,
2075 2009 2304 2079 ejusque
2343 2026 2501 2065 error
2551 2013 2744 2078 levior,
2771 2022 2824 2068 et
2859 2016 3040 2070 minus
3074 2017 3249 2070 errori
3279 2017 3507 2086 propiu-

1937 2117 2098 2171 quus.
2138 2099 2418 2171 Siquidem
2452 2104 2588 2159 satis
2627 2115 2712 2161 est
2745 2125 2914 2162 unum
2963 2109 3107 2163 diem
3144 2118 3340 2178 quarto
3370 2124 3508 2178 quo-

1936 2207 2043 2261 que
2087 2207 2232 2246 anno
2281 2191 2623 2262 inlerealari;
2671 2204 2794 2266 post
2841 2213 2969 2253 vero
3019 2198 3285 2254 ducentos
3342 2199 3510 2254 ferme

245 2288 423 2338 aunos
447 2299 617 2338 unum
642 2285 986 2356 exemptilem
1019 2286 1161 2353 ﬁeri,
1186 2289 1271 2344 vel
1295 2302 1458 2358 quam
1489 2286 1652 2355 longo
1677 2280 1942 2352 temporis
2011 2282 2300 2336 intervallo
2347 2284 2707 2352 judicabunt,
2773 2289 2868 2359 qui
2931 2290 3154 2344 assidue
3214 2289 3510 2345 succedent

247 2362 590 2447 0xperientia
618 2380 949 2436 excellentes
972 2385 1298 2436 astronomi.
1333 2380 1520 2451 Neque
1547 2379 1691 2433 enim
1727 2376 2012 2446 praesentis
2046 2386 2127 2429 est
2154 2379 2413 2443 instituti,
2451 2381 2494 2434 si
2523 2381 2723 2448 quibus
2750 2393 3103 2438 controversa
3133 2391 3217 2438 est
3243 2384 3297 2438 in
3320 2382 3422 2436 hac
3450 2395 3509 2436 re

243 2575 371 2644 Ὀτι
392 2588 490 2643 καὶ
515 2589 639 2655 τοῖς
669 2590 884 2660 σοφοῖς
908 2590 1335 2716 ὃὲκεῖβέλτιον
1362 2592 1433 2647 τὰ
1466 2590 1616 2646 κατὰ
1648 2590 1826 2658 ἣλιον

986 2680 1130 2716 retr.

986 2680 1130 2733 γειν.

318 2751 422 2805 IA'.
479 2751 720 2806 Ἐπαινεῖ
743 2753 800 2806 δὲ
831 2753 1198 2825 διαφερόντως
1232 2757 1326 2811 καὶ
1359 2755 1704 2827 Πλούταρχος
1725 2756 1825 2827 τὴν

245 2841 523 2912 Καίσαρος
549 2844 942 2916 ἐπανόρθωσιν,
969 2846 1136 2911 δεινὸς
1165 2846 1240 2899 ῶν
1264 2850 1464 2920 κρῖναι,
1494 2841 1594 2900 ὦδε
1620 2848 1790 2916 λέγων
1807 2863 1820 2878 ⁸

251 2952 270 2984 ι
314 2933 377 2986 Ἦ
404 2933 461 2986 δὲ
491 2934 584 2988 τοῦ
625 2936 981 3008 ἡμερολογίου
1012 2937 1249 3001 διάθεσις
1291 2939 1384 2991 καὶ
1417 2938 1700 3010 διόρθωσις
1724 2938 1823 3009 τῆς

278 2485 515 2525 nuorum
565 2471 879 2526 multitudo.
917 2472 1071 2528 Haud
1118 2473 1282 2528 dubie
1325 2473 1469 2527 enim
1511 2469 1748 2540 plurimo
1801 2467 2066 2536 temporis
2101 2467 2399 2524 interstitio
2442 2473 2844 2541 emendabitur,
2884 2484 3164 2546 utcunque
3196 2493 3256 2532 se
3286 2476 3504 2531 habeat.

1931 2585 2084 2651 Quod
2134 2588 2257 2642 viris
2301 2591 2643 2660 prudentibus
2689 2594 3012 2647 commodius
3057 2595 3261 2648 videtur
3313 2611 3507 2650 annum

2492 2663 2561 2716 ad
2587 2664 2749 2718 solem
2777 2682 2947 2734 agere.

1998 2750 2088 2805 XI.
2131 2751 2382 2824 Impense
2423 2771 2551 2809 vero
2593 2755 2778 2810 laudat
2808 2759 3042 2813 Caesaris
3075 2758 3505 2814 emendationem

1926 2841 2301 2910 Plutarchus,
2367 2849 2649 2916 prmstanti
2714 2849 2796 2903 vir
2851 2849 3084 2918 judicio,
3131 2851 3212 2905 sic
3269 2850 3508 2905 dicens:

1933 2953 1952 2985 ι
1995 2935 2285 2992 Fastorum
2321 2945 2503 2994 autem
2526 2939 2835 3010 dispositio,
2860 2949 2914 2996 et
2959 2943 3344 2997 inconstantiae
3365 2943 3507 2998 illius

246 3025 377 3098 περὶ
415 3027 506 3080 τὸν
551 3028 743 3098 χρόνον
781 3028 1114 3100 ἀνωμαλίας,
1147 3030 1567 3101 φιλοσοφηθεῖσα
1604 3031 1824 3102 χαριέν-

1933 3043 2099 3100 vagze,
2133 3037 2187 3084 et
2218 3031 2440 3086 incertae
2471 3033 2764 3099 correctio,
2789 3035 3065 3103 eleganter
3093 3035 3161 3089 ab
3189 3035 3309 3104 ipso
3338 3035 3509 3103 philo.

244 3135 356 3182 τως
394 3119 486 3172 ὑπ’
523 3119 710 3185 αὑτοῦ,
761 3120 856 3174 καί¹
904 3121 1058 3185 τέλος
1100 3121 1358 3190 λαϐοῦσα,
1394 3123 1822 3196 γλαφυρωτάτην

246 3212 493 3283 παρέσχε
546 3214 755 3284 χρείαν.
816 3232 833 3265 ›
890 3214 1172 3285 Ἡρόδοτος
1222 3216 1280 3270 δέ
1328 3218 1424 3271 καὶ
1482 3217 1824 3290 σοφωτέρους

243 3303 416 3358 οἴεται
445 3321 586 3358 ειναι
615 3305 946 3374 Αἰγυπτίους
987 3307 1277 3380 Ἑλλήνων,
1312 3310 1442 3384 παρ’
1473 3309 1596 3362 ὅσον
1639 3311 1689 3362 oi
1725 3310 1824 3379 μὲν

243 3395 333 3449 διὰ
378 3397 564 3468 τρίτου
605 3397 759 3462 ἔτους
810 3400 1208 3471 ἐπεμϐάλλουσι
1243 3402 1422 3474 μῆνα·
1470 3405 1519 3455 οί
1562 3403 1640 3469 δὲ,
1669 3420 1824 3475 τρια-

245 3487 618 3561 κονθημέρους
678 3491 902 3559 ἄγοντες
953 3493 1081 3555 τοὺς
1137 3493 1333 3564 μῆνας,
1391 3493 1550 3546 πέντε
1612 3494 1824 3565 ἡμέρας

247 3579 545 3648 ἐπάγουσιν
579 3581 684 3634 ἀνὰ
715 3581 944 3635 ἕκαστον
973 3582 1111 3646 ἔτος.
1145 3584 1220 3637 Οὐ
1244 3587 1425 3656 χεῖρον
1456 3585 1512 3638 δὲ
1546 3585 1638 3637 καὶ
1663 3584 1824 3637 πάλιν

245 3670 347 3742 τὴν
383 3671 528 3739 λέξιν
575 3674 740 3728 αὑτοῦ
783 3675 1160 3746 παραθέσθαι·
1197 3694 1216 3726 ι
1263 3677 1489 3744 Ἀγουσι
1531 3675 1586 3728 δὲ
1625 3674 1823 3746 τοσῷδε

247 3760 556 3834 σοφώτερον
582 3764 869 3836 Ἑλλήνων,
896 3765 1019 3837 ἐμοὶ
1040 3765 1268 3828 δοκέειν,
1302 3767 1412 3837 ὅσῳ
1439 3766 1695 3836 ’Έλληνες
1727 3765 1824 3836 μὲν

245 3854 338 3909 διὰ
362 3855 544 3925 τρίτου
564 3856 711 3921 ἔτεος
731 3857 1023 3930 ἐμϐόλιμον
1054 3858 1456 3929 ἐπεμϐάλλουσι
1500 3857 1610 3912 τῶν
1637 3858 1823 3930 ὡρέων

244 3949 424 4002 εἰνεκε
443 3965 458 3980 ·
489 3951 772 4019 Αἰγύπτιοι
802 3951 881 4016 δὲ,
910 3952 1410 4024 τριηκοντημέρους
1441 3951 1660 4020 ἄγοντες
1700 3951 1826 4012 τοὺς

247 4041 493 4096 δυώδεκα
519 4044 715 4114 μῆνας,
742 4044 1008 4114 ἐπάγουσι
1029 4043 1130 4098 ἄνα
1155 4046 1262 4098 πᾶν
1283 4044 1400 4108 ἔτος
1424 4043 1584 4097 πέντε
1615 4043 1826 4114 ἡμέρας

248 4132 428 4205 παρὲξ
449 4135 544 4188 τοῦ
568 4135 826 4207 ἀριθμοῦ.
852 4155 871 4188 ι
905 4136 979 4191 Τὸ
1022 4137 1080 4189 δέ
1125 4135 1626 4207 τριακονθημέρους
1671 4136 1825 4203 ἄγειν

245 4227 372 4292 τοὺς
411 4227 605 4298 μῆνας,
640 4227 780 4282 κατὰ
811 4228 962 4300 ἥλιον
993 4232 1147 4299 ἄγειν
1175 4225 1335 4294 εἶναι,
1381 4228 1530 4298 δηλοῖ
1570 4227 1826 4307 Στράϐων

245 4318 448 4370 οὑτωσὶ
481 4317 651 4388 λέγων
671 4336 684 4349 ·
723 4339 743 4371 ι
782 4320 1096 4390 Αἰγυπτίων
1123 4320 1166 4374 δ’
1194 4320 1310 4373 ἐστὶ
1335 4321 1428 4374 καὶ
1471 4321 1531 4372 τὸ
1561 4319 1659 4383 τὰς
1688 4319 1824 4390 ἡμέ-

250 4425 349 4480 ρας
389 4406 464 4479 μὴ
496 4407 637 4462 κατὰ
671 4409 901 4481 σελήνην
953 4411 1134 4476 ἄγειν,
1168 4408 1304 4463 ἀλλὰ
1340 4411 1482 4464 κατὰ
1510 4409 1682 4480 ἥλιον,
1708 4412 1824 4472 τοῖς

245 4499 734 4574 τριακονθημέροις
799 4501 1010 4556 δώδεκα
1066 4503 1230 4575 μησὶν
1298 4503 1612 4571 ἐπαγόντων
1665 4501 1823 4554 πέντε

246 4595 462 4668 ἡμέρας
491 4597 610 4649 κατ’
651 4595 893 4650 ἐνιαυτὸν
939 4597 1190 4652 ἕκαστον.
1247 4618 1266 4649 ›
1316 4597 1541 4668 Πλήθων
1588 4596 1686 4667 μὲν
1733 4593 1825 4649 οὖν

250 4686 384 4739 πολὺ
407 4686 610 4740 τούτων
646 4687 842 4758 ἀπᾴδει
869 4688 1044 4756 λέγων
1072 4688 1216 4742 κατὰ
1249 4689 1408 4758 φύσιν
1446 4683 1584 4741 εἶναι
1627 4687 1825 4758 μᾶλλον

246 4779 310 4831 τὸ
359 4779 499 4833 κατὰ
548 4779 772 4851 σελήνην
813 4781 966 4850 ἄγειν
1011 4782 1137 4846 τοὺς
1183 4783 1378 4853 μῆνας,
1428 4782 1522 4835 καὶ
1579 4781 1670 4834 τὸν
1727 4781 1825 4851 μὲν

248 4872 496 4927 ἐνιαυτὸν
549 4872 626 4944 τῷ
679 4873 835 4944 ἡλίῳ,
885 4875 1013 4938 τοὺς
1055 4875 1111 4928 δὲ
1151 4876 1324 4946 μῆνας
1364 4873 1580 4929 διαιτῶν
1624 4877 1690 4945 τῇ
1737 4891 1824 4926 σε-

249 4965 406 5038 λήνῃ.

500 5081 634 5147 Πῶς
663 5081 964 5150 χρηστέον
986 5082 1138 5150 μησὶ
1169 5082 1266 5138 καὶ
1301 5081 1572 5147 ἐνιαυτῷ.

319 5173 420 5227 IB’.
475 5173 664 5243 Ἡμεῖς
714 5173 769 5226 δέ
820 5174 1048 5244 ὀνόμασι
1099 5174 1194 5243 μὲν
1247 5176 1360 5238 τοῖς
1390 5175 1697 5245 εἰρημένοις
1731 5176 1825 5228 καὶ

247 5266 399 5334 τάξει
425 5267 743 5338 χρησόμεθα
776 5267 884 5320 τῶν
915 5267 1121 5338 μηνῶν,
1157 5268 1444 5340 πράγμασι
1475 5269 1531 5322 δὲ
1567 5271 1705 5324 κατὰ
1725 5271 1823 5343 τὴν

250 5360 524 5430 Καίσαρος
575 5359 963 5431 ἐπανόρθωσιν,
1089 5359 1360 5432 χρώμενοι
1401 5364 1661 5432 Ῥωμαῖοι
1695 5364 1823 5435 ἄχρι

249 5452 345 5504 καὶ
375 5452 487 5517 νῦν,
518 5447 678 5523 ἦττον
723 5453 922 5523 ἐτέρων
952 5453 1276 5522 σφάλλεσθαι
1305 5455 1434 5526 περὶ
1476 5455 1575 5527 τὴν
1601 5457 1822 5528 ἀνωμα-

248 5541 369 5595 λίαν
417 5541 631 5594 δοκοῦσι
682 5544 945 5613 χιλιοστὸν
1001 5547 1094 5598 καὶ
1143 5546 1594 5599 πεντακοσιοστὸν
1641 5548 1821 5618 ὀλίγου

246 5632 356 5689 δεῖν
383 5634 501 5688 τόδε
538 5634 673 5698 ἔτος.
704 5637 1015 5707 Λαμϐἀνειν
1043 5655 1100 5692 τε
1130 5637 1409 5710 ἀξιοῦμεν,
1444 5643 1495 5694 εἴ
1523 5658 1663 5706 τινες
1691 5646 1822 5714 χρή-

319 5767 385 5798 ⁸⁰’
419 5766 665 5835 Euterpe,
709 5783 765 5822 ιι.
799 5767 851 5823 4.

1928 3119 2152 3188 sopbica
2187 3122 2400 3177 ratione
2442 3124 2734 3192 explicata,
2767 3124 3036 3194 ﬁnemque
3067 3127 3284 3192 sortita,
3311 3126 3512 3196 jucun-

1928 3204 2216 3262 dissimum
2266 3224 2425 3265 usum
2476 3211 2730 3280 praebuit.
2764 3232 2781 3263 ι
2838 3211 3146 3269 Herodotus
3191 3224 3372 3270 autem
3417 3230 3510 3270 sa-

1926 3298 2228 3366 pientiores
2279 3297 2486 3355 Grecis
2542 3303 2823 3357 existimat
2869 3303 3189 3376 :Egyptios,
3238 3317 3508 3377 quatenus

1926 3387 2103 3443 Graeci
2151 3391 2313 3444 tertio
2350 3407 2572 3462 quoque
2610 3409 2756 3448 anno
2794 3410 2962 3449 unum
2996 3412 3242 3451 mensem
3274 3398 3509 3451 interca-

1928 3482 2063 3546 lant,
2102 3481 2344 3552 Egyptii
2410 3500 2540 3539 vero
2587 3486 2870 3542 mensibus
2912 3489 3224 3544 tricenariis
3267 3492 3508 3560 quinque

1928 3579 2048 3632 dies
2073 3579 2372 3646 quotannis
2401 3579 2688 3648 adjiciunt.
2725 3581 2830 3636 Sed
2865 3599 2968 3638 nec
2996 3584 3093 3637 abs
3123 3599 3181 3638 re
3210 3583 3375 3639 fuerit
3407 3602 3508 3639 au-

1927 3669 2099 3724 ctoris
2125 3668 2299 3740 ipsius
2327 3673 2494 3726 verba
2517 3687 2782 3742 reponere
2806 3676 2875 3707 ⁵⁰¹
2905 3695 2920 3729 ;
2947 3693 2967 3725 ι
2990 3675 3192 3745 Agunt,
3225 3676 3422 3746 inquit,
3443 3693 3510 3732 eo

1929 3761 2256 3831 prudentius
2299 3762 2528 3830 Graecis,
2565 3773 2624 3819 ut
2662 3767 2798 3822 mihi
2839 3767 3059 3837 quidem
3094 3768 3333 3832 videtur,
3361 3770 3508 3838 quod

1927 3843 2100 3910 Graeci
2157 3856 2321 3912 tertio
2365 3873 2584 3928 quoque
2637 3873 2784 3913 anno
2828 3875 3072 3916 mensem
3123 3846 3507 3917 intercalarem

1929 3945 2166 4011 faciunt,
2214 3947 2379 4018 idque
2423 3957 2728 4018 temporum
2760 3952 2941 4021 gratia
2977 3971 2989 4006 :
3027 3967 3219 4007 verum
3267 3951 3510 4023 z‘Egyptii

1927 4037 2216 4092 duodecim
2251 4039 2534 4094 mensibus
2571 4040 2795 4110 (quibus
2833 4041 3074 4096 tricenos
3097 4041 3215 4098 dies
3245 4041 3511 4098 adnume-

1928 4128 2072 4200 rant)
2125 4131 2358 4201 singulis
2412 4133 2573 4187 annis
2622 4133 2867 4203 quinque
2923 4133 3041 4189 dies
3099 4135 3434 4190 adsciscunt.
3483 4155 3504 4189 ι

1927 4220 2178 4277 Tricenis
2216 4231 2396 4277 autem
2429 4222 2624 4279 diebus
2656 4241 2872 4280 menses
2903 4233 3112 4290 taxare,
3144 4227 3291 4296 quod
3334 4229 3405 4282 sit
3439 4229 3508 4283 ad

1928 4315 2061 4371 solis
2093 4329 2318 4369 cursum
2352 4330 2534 4385 agere,
2565 4316 2810 4369 ostendit
2844 4315 3040 4370 Strabo
3089 4318 3160 4370 ita
3205 4319 3459 4388 inquiens
3490 4338 3503 4374 :

1935 4424 1952 4456 ι
1989 4403 2369 4476 ίΕεγριὶοινυιη
2424 4421 2552 4460 vero
2593 4415 2678 4462 est
2731 4417 2785 4463 et
2825 4407 2984 4474 illud,
3020 4409 3137 4464 dies
3171 4426 3280 4464 non
3321 4409 3388 4463 ad
3419 4411 3506 4465 Iu-

1927 4513 2074 4562 nam,
2121 4499 2214 4554 sed
2278 4498 2345 4552 ad
2397 4499 2568 4554 solem
2633 4515 2812 4570 agere,
2864 4501 3173 4558 tricenariis
3223 4503 3506 4558 mensibus

1926 4590 2215 4645 duodecim
2251 4592 2493 4662 quinque
2537 4591 2655 4646 dies
2702 4595 3002 4663 quotannis
3045 4595 3440 4665 adjicientium.
3480 4615 3502 4649 ι

1925 4680 2156 4738 Plethon
2188 4683 2355 4754 igitur
2391 4685 2623 4740 multum
2667 4686 2736 4740 ab
2768 4687 2837 4740 iis
2867 4687 3162 4758 discrepat,
3193 4689 3381 4745 dicens
3416 4705 3503 4745 se-

1926 4774 2167 4830 cundum
2231 4783 2485 4830 naturam
2541 4778 2714 4847 magis
2771 4794 2892 4833 esse
2945 4796 3160 4835 menses
3207 4781 3274 4834 ad
3321 4782 3505 4836 lunam

1926 4882 2121 4937 agere;
2158 4883 2363 4923 annum
2397 4868 2618 4939 quidem
2652 4871 2753 4925 soli
2786 4887 2884 4941 pro
2918 4873 3144 4926 arbitrio
3178 4874 3504 4940 attribuens,

1927 4975 2143 5016 menses
2167 4977 2296 5016 vero
2323 4962 2486 5017 lunae.

2139 5077 2414 5142 Quomodo
2442 5077 2694 5132 utendum
2728 5078 2990 5134 mensibus
3022 5090 3069 5133 et
3097 5097 3253 5134 anno.

1995 5169 2112 5225 XII.
2153 5169 2264 5225 Nos
2313 5178 2494 5226 autem
2527 5179 2580 5226 et
2621 5172 2814 5228 ordine
2862 5175 3134 5228 mensium
3180 5185 3233 5230 et
3267 5175 3510 5229 nomini-

1925 5265 2030 5320 bus
2065 5274 2284 5320 utemur
2330 5265 2660 5335 explicatis;
2694 5266 2860 5321 rebus
2906 5281 3036 5320 vero
3075 5267 3230 5336 juxta
3271 5268 3507 5322 Caesaris

1927 5359 2384 5423 emendationem,
2420 5373 2528 5428 qua
2577 5360 2842 5413 hactenus
2885 5367 3102 5415 utentes
3131 5358 3363 5414 Romani
3403 5361 3507 5415 mi-

1927 5464 2032 5502 nus
2062 5449 2290 5519 reliquis
2322 5449 2377 5502 in
2405 5448 2507 5502 hac
2535 5449 2858 5505 confusione
2893 5450 3005 5505 falli
3035 5451 3290 5506 videntur
3321 5471 3334 5506 ε
3378 5451 3496 5506 mil-

1927 5542 2152 5597 lesimus
2206 5552 2261 5597 et
2305 5556 2473 5612 prope
2521 5542 2995 5614 quingentesimus
3035 5544 3147 5614 jam
3193 5545 3282 5599 hic
3328 5560 3507 5604 annus

1927 5645 2030 5691 est.
2066 5633 2252 5705 Neque
2286 5650 2415 5689 vero
2443 5634 2487 5690 si
2523 5635 2654 5706 quid
2693 5650 2723 5688 a
2758 5635 3084 5706 quibusdam
3113 5639 3506 5710 excogitatum,

1972 5802 2144 5816 σπι-νυ

1989 5824 1999 5834 ι
2075 5822 2108 5835 ,1
