3950 6266
460 309 596 366 “99

1514 304 1604 358 AD
1637 301 1915 359 ΕυεΕΒιι
1946 300 2340 356 CHRONICON
2384 300 2745 357 APPENDIX.

3572 306 3716 360 4300

455 435 513 483 ιι
545 426 600 479 in
628 437 970 479 communem
1013 421 1137 476 vitae
1167 421 1456 476 utilitatem
1496 419 1752 472 collatum
1783 426 1886 480 est,
1917 419 2013 472 εἰν(

2133 420 2290 488 σιμόν
2319 437 2370 471 τι
2403 417 2630 490 ἐφεῦρον
2656 418 2733 489 τῷ
2762 417 2882 488 βίῳ,
2917 419 3013 473 ἐάν
3045 437 3101 473 τε
3135 422 3347 474 Λατῖνοι
3374 413 3507 474 ὦσιν
3537 425 3588 476 οἱ
3618 426 3713 477 εὑ-

456 517 657 580 Latini,
697 517 812 570 sive
842 514 1058 570 barbari
1091 515 1200 568 sint
1226 511 1537 581 hujusmodi
1569 509 1900 573 inventores,
1928 511 2026 565 ile-

455 610 744 679 dignamur
791 608 859 660 ab
908 607 976 662 iis
1022 605 1074 658 id
1129 605 1408 660 inventum
1455 601 1715 656 utendum
1755 602 2022 670 accipere,

455 717 756 768 omnesque
809 699 1140 754 domesticos
1199 704 1255 752 et
1313 695 1608 750 familiares
1674 694 2020 756 existimare,

457 795 706 850 homines
757 794 851 864 qui
898 792 1028 856 sint,
1065 802 1120 846 et
1173 790 1417 859 ejusdem
1469 789 1758 842 nobiscum
1817 797 2027 840 natura:

458 887 771 957 participes.
807 885 985 954 iisque
1025 882 1354 937 inventionis
1393 881 1623 950 gratiam
1668 879 1888 940 habere,
1914 893 2022 932 non

455 987 635 1034 autem
683 991 794 1050 prae
851 975 1054 1030 invidia
1103 974 1440 1028 contentiose
1486 971 1676 1034 rixari,
1726 977 1776 1024 et
1831 977 2024 1040 sponte

454 1071 726 1126 deteriora
761 1083 1066 1138 capessere.
1112 1066 1312 1122 Diebus
1351 1066 1535 1134 itaque
1563 1063 1825 1118 trecentis
1865 1077 2022 1116 sexa-

451 1164 600 1235 ginta
635 1162 876 1233 quinque
917 1159 984 1213 ad
1022 1159 1154 1214 solis
1193 1173 1416 1214 cursum
1463 1156 1622 1210 nobis
1662 1155 2022 1209 distribuetur

450 1270 650 1317 annus,
685 1253 868 1307 addita
909 1267 1125 1322 quoque
1159 1251 1285 1304 huic
1327 1265 1556 1304 numero
1590 1248 1854 1318 particula
1886 1261 2022 1316 qua-

452 1351 598 1417 piam
628 1346 733 1400 diei
768 1355 962 1414 quarta
992 1351 1145 1414 parte
1179 1345 1408 1398 minore.
1451 1341 1517 1395 Et
1556 1356 1772 1396 menses
1800 1339 2018 1410 quidem

452 1437 788 1506 complentes
835 1435 1044 1490 dierum
1097 1451 1405 1497 numerum,
1443 1434 1536 1488 alii
1589 1433 1808 1504 triginta
1859 1438 2021 1486 erunt

449 1529 682 1592 dierum,
715 1527 804 1580 alii
848 1541 955 1580 uno
997 1525 1086 1580 die
1125 1527 1512 1588 abundabunt;
1550 1541 1690 1580 unus
1720 1540 1847 1577 vero
1883 1537 2016 1575 con-

450 1620 600 1673 tinuo
631 1616 849 1688 quidem
883 1616 1120 1670 triennio
1161 1615 1376 1672 duobus
1413 1616 1626 1670 deﬁciet
1661 1615 1728 1669 de
1757 1614 2016 1683 triginta;

449 1717 646 1778 quarto
680 1715 859 1760 autem
907 1721 1075 1769 anno,
1111 1722 1221 1760 uno
1252 1706 1341 1760 die
1384 1714 1615 1759 tantum.
1665 1703 2019 1772 Quandoqui-

2134 510 2338 581 ρόντες,
2389 511 2484 564 ἐάν
2525 527 2583 562 τε
2621 509 2884 582 βάρϐαροι
2907 527 2919 539 ·
2954 511 3185 573 οἰκείους
3217 528 3274 563 τε
3316 513 3525 575 πάντας
3554 515 3713 584 νομί-

2133 601 2281 668 ζειν,
2331 603 2648 674 ἀνθρώπους
2697 621 2760 673 γε
2813 603 2992 668 ὄντας,
3039 604 3133 657 καὶ
3180 604 3569 675 μετειληφότας
3612 607 3714 676 τῆς

2132 697 2300 766 αὐτῆς
2332 698 2462 767 ἡμῖν
2510 696 2755 765 φύσεως’
2795 697 2888 750 καὶ
2939 697 3098 768 χάριν
3145 696 3425 766 ὁμολογεῖν
3476 701 3592 760 τοῖς
3622 699 3713 750 εὐ-

2134 784 2336 856 ροῦσιν,
2374 785 2506 838 ἀλλὰ
2559 787 2634 857 μὴ
2685 785 3010 855 φθονοῦντας
3045 787 3266 857 ἐρίζειν,
3304 787 3398 840 καὶ
3450 787 3711 842 ἐθελοκα-

2129 878 2264 930 κεῖν.
2309 877 2568 949 Ἡμέραις
2599 877 2888 948 τοιγαροῦν
2925 877 3266 948 τριακοσίαις
3309 878 3402 931 καὶ
3441 877 3707 949 ἐξήκοντα

2129 967 2224 1020 καὶ
2256 969 2416 1022 πέντε
2465 971 2777 1040 ὁριζόμενος
2821 973 2955 1042 ἡμῖν
3002 971 3029 1022 ὁ
3079 971 3321 1034 ἐνιαυτὸς
3352 970 3525 1033 ἔσται,
3566 971 3709 1024 κατὰ

2125 1062 2224 1130 τῆν
2276 1063 2424 1133 ἡλίου
2464 1064 2732 1134 περίοδον,
2777 1063 3203 1135 προστιθεμένου
3236 1063 3330 1117 τοῦ
3374 1065 3470 1118 καὶ
3511 1063 3708 1134 μορίου

2127 1156 2338 1228 ἡμέρας
2369 1157 2454 1208 ἐπ’
2485 1157 2704 1210 ἔλαττον
2743 1157 2776 1228 ἢ
2808 1157 2882 1220 ὡς
2917 1157 3345 1228 τεταρτημόριον
3378 1156 3456 1225 τῷ
3483 1155 3708 1227 ἀριθμῷ

2123 1249 2279 1320 τῷδε.
2334 1251 2444 1303 Καὶ
2503 1249 2670 1319 μῆνες
2713 1248 3158 1321 συμπληροῦντες
3191 1249 3283 1302 τὸν
3331 1248 3438 1302 τῶν
3481 1250 3708 1320 ἡμερῶν

2125 1338 2354 1410 ἀριθμὸν
2387 1341 2434 1392 oi
2485 1340 2583 1410 μὲν
2621 1341 3100 1412 τριακονθήμεροι,
3132 1343 3181 1394 oi
3207 1341 3265 1394 δὲ
3299 1343 3400 1412 μιᾷ
3429 1341 3710 1412 ὑπερϐάλ·

2124 1429 2306 1494 λοντες
2351 1432 2476 1494 τοὺς
2523 1432 2740 1502 ἑτέρους
2789 1433 3008 1504 ἡμέρα·
3042 1427 3122 1496 εἷς
3169 1433 3226 1485 δὲ
3271 1434 3365 1486 καὶ
3410 1433 3555 1486 δυοῖν
3606 1434 3708 1503 μὲν

2125 1524 2384 1577 ἐλλείπων
2410 1524 2516 1578 τῶν
2548 1523 3027 1596 τριακονθημέρων
3057 1525 3181 1597 ἑξῆς
3211 1525 3378 1598 τριῶν
3408 1526 3569 1588 ἐτῶν,
3609 1529 3710 1598 μιᾷ

2123 1614 2178 1667 δὲ
2215 1613 2292 1684 τῷ
2321 1613 2582 1686 τετάρτῳ.
2630 1613 2800 1667 Ἑπτὰ
2841 1613 2951 1685 γὰρ
2982 1614 3114 1676 οἵδε,
3148 1613 3470 1676 Ποσειδεὼν,
3521 1616 3710 1686 Γαμη-

2123 1705 2271 1772 λιὼν,
2303 1708 2650 1776 Μουνυχιὼν,
2677 1704 3066 1778 Σκιροφοριὼν,
3105 1706 3532 1776 Μεταγειτνιὼν,
3570 1708 3710 1779 Βοη-

449 1800 572 1855 dem
617 1800 671 1854 hi
718 1809 948 1868 septem,
987 1796 1276 1862 Posideon,
1318 1797 1623 1860 Gamelion,
1668 1795 2013 1867 Munychion,

2119 1798 2380 1871 δρομιὼν,
2415 1797 2756 1868 Πυανεψιὼν,
2812 1800 2912 1870 μιᾷ
2962 1798 3329 1870 ὑπερϐαλοῦσι
3375 1799 3506 1862 τοὺς
3548 1816 3706 1870 τρια-

449 1891 840 1963 Scir0phorion
861 1931 875 1954 ,
920 1890 1275 1960 Metagitnion
1298 1929 1312 1952 ,
1364 1888 1721 1943 Boedromion
1747 1928 1760 1951 ,
1809 1887 2020 1959 Pyaue-

447 1986 641 2056 psion,
681 2001 790 2038 uno
836 1985 923 2039 die
949 1983 1210 2039 excedent
1245 1982 1599 2047 tricenarius;
1647 1981 1840 2050 reliqui
1890 1995 2020 2035 vero

447 2077 678 2130 tricenis
705 2057 1054 2137 constabunt,
1085 2081 1446 2143 praeterquam
1479 2071 1887 2142 Elaphebolion.
1920 2071 2018 2125 Hic

447 2166 592 2220 enim
624 2181 720 2234 per
763 2173 876 2218 tres
915 2179 1089 2220 annos
1119 2162 1313 2218 diebus
1347 2173 1469 2217 octo
1499 2171 1554 2218 et
1584 2163 1774 2233 viginti
1807 2163 2020 2217 taxabi-

447 2267 558 2321 tur,
606 2255 701 2312 sed
738 2264 937 2326 quarto
990 2270 1134 2310 anno
1185 2255 1576 2324 undetriginta,
1613 2263 1836 2325 propter
1873 2255 2018 2309 diem

447 2347 846 2402 intercalarem.
869 2344 1042 2399 Porro
1066 2360 1165 2399 cur
1193 2361 1222 2398 a
1247 2344 1461 2400 Caesare
1485 2358 1700 2399 menses
1731 2343 1804 2396 ita
1831 2343 2020 2397 distri-

443 2439 558 2492 buti
587 2440 714 2502 sint,
733 2449 792 2492 ut
815 2438 902 2492 hic
921 2447 1064 2493 esset
1089 2438 1313 2508 triginta
1355 2437 1588 2499 dierum,
1610 2437 1698 2491 ille
1728 2451 1865 2500 non;
1887 2437 2019 2500 huic

444 2545 726 2595 excessus,
753 2532 828 2584 illi
858 2530 1102 2585 delectus
1136 2547 1147 2582 :
1182 2529 1408 2584 alterius
1434 2537 1518 2583 est
1544 2527 2015 2584 considerationis.

954 2642 1030 2696 De
1063 2641 1370 2696 intercalari
1411 2641 1514 2697 die.

512 2758 650 2814 Xlll.
679 2759 914 2812 “ensem
940 2757 1158 2827 quidem
1180 2758 1388 2811 nullum
1413 2771 1654 2826 unquam
1677 2796 1692 2820 ,
1721 2756 1815 2810 sed
1848 2771 2015 2810 unum

441 2849 589 2906 diem
645 2865 742 2920 per
791 2849 1037 2919 singulos
1089 2863 1357 2902 annorum
1400 2847 1786 2918 quaterniones
1833 2862 2019 2900 mense

442 2942 870 3012 Elapheholione
909 2939 1378 3000 intercalabimus,
1407 2937 1866 3008 quemadmodum
1908 2935 2016 2990 Ro-

442 3035 590 3089 mani
623 3033 922 3088 Februario
953 3032 1275 3092 bissextum,
1310 3031 1390 3086 sic
1435 3037 1722 3092 vocantes,
1755 3028 1900 3098 quod
1933 3029 2017 3082 bis

2121 1889 2522 1961 κονθημέρους·
2582 1890 2632 1940 οἱ
2672 1889 2728 1942 δὲ
2776 1887 2952 1942 λοιποὶ
3005 1888 3505 1960 τριακονθήμεροι,
3565 1889 3707 1958 πλὴν

2133 1979 2610 2051 Ἐλαφηϐολιῶνος.
2657 1980 2784 2033 ’Ὀδε
2827 1979 2935 2052 γὰρ
2963 1981 3178 2051 ἡμέρας
3207 1979 3326 2046 ,ἓξει
3360 1980 3537 2034 εἴκοσι
3605 1981 3706 2050 μὲν

2121 2074 2215 2128 καὶ
2243 2073 2386 2128 ὀκτὼ
2432 2071 2560 2142 ἑξῆς
2602 2072 2771 2144 τριῶν
2811 2072 2971 2138 ἐτῶν,
3007 2073 3180 2125 εἴκοσι
3226 2072 3283 2124 δὲ
3315 2073 3410 2124 καὶ
3441 2071 3606 2124 ἐννέα
3629 2073 3708 2142 τῷ

2119 2166 2382 2238 τετάρτῳ,
2429 2166 2518 2219 διὰ
2558 2165 2656 2237 τὴν
2687 2165 3212 2236 παρεμϐαλλομένην
3243 2164 3476 2235 ἡμέραν.
3524 2166 3625 2217 Διὰ
3653 2165 3708 2218 τί

2119 2255 2174 2308 δὲ
2204 2257 2315 2318 τοῖς
2356 2255 2483 2326 περὶ
2517 2254 2756 2325 Καίσαρι
2789 2253 2932 2306 οῦτω
2961 2253 3032 2306 τὰ
3071 2255 3200 2323 περὶ
3231 2253 3329 2316 τὰς
3367 2253 3585 2324 ἡμέρας
3632 2253 3708 2304 δι-

2119 2346 2339 2417 ῄρηται,
2373 2346 2446 2410 ὼς
2473 2346 2614 2400 τονδὶ
2649 2347 2748 2417 μὲν
2783 2345 3246 2417 τριακονθήμερον
3269 2340 3428 2407 εἶναι,
3453 2343 3598 2398 ἀλλὰ
3633 2345 3704 2413 μὴ

2119 2440 2283 2502 τονδὶ,
2304 2439 2445 2493 τονδὶ
2473 2439 2515 2492 δ’
2547 2437 2926 2510 ὑπερϐάλλειν,
2943 2438 3087 2492 τονδὶ
3115 2438 3158 2491 δ’
3185 2437 3480 2500 ἐλλείπειν,
3509 2438 3705 2508 ἑτέρας

2120 2535 2235 2586 ἐστὶ
2264 2533 2510 2604 θεωρίας.

2455 2642 2594 2710 Περὶ
2628 2639 2734 2709 τῆς
2761 2641 3084 2710 ἐμϐολίμου
3115 2639 3360 2709 ἡμέρας.

2188 2757 2286 2810 ΙΓ’.
2319 2757 2478 2828 Μῆνα
2511 2756 2609 2826 μὲν
2634 2751 2726 2808 οὖν
2752 2753 2941 2807 οὐδένα
2964 2752 3382 2822 ὲπεμϐαλοῦμεν
3406 2751 3664 2804 οὐδέποτε
3684 2768 3700 2781 ο

2121 2849 2249 2917 μῖαν
2289 2847 2346 2900 δὲ
2395 2847 2483 2900 διὰ
2540 2845 2952 2917 τετραετηρίδος
3004 2843 3218 2914 ἡμέραν
3264 2842 3342 2912 τῷ
3401 2842 3702 2913 Ἐλαφηεῡ,

2117 2938 2289 3003 λιῶνι,
2327 2937 2577 3008 καθάπερ
2620 2936 2697 3006 τῷ
2721 2934 3070 3008 Φεϐρουαρίῳ
3112 2936 3370 3002 Ῥωμαῖοι
3415 2934 3697 2987 δίσεκτον·

2117 3031 2258 3083 οὕτω
2292 3030 2580 3094 καλοῦντες
2618 3031 2681 3082 ὲκ
2709 3029 2804 3082 τοῦ
2844 3029 2925 3092 δὶς
2954 3029 3050 3101 τὴν
3078 3027 3246 3097 αὐτὴν
3278 3027 3496 3099 ἡμέραν
3537 3043 3700 3099 προσ-

443 3128 620 3197 ipsum
649 3128 791 3180 diem
825 3123 1130 3179 inscribant
1155 3122 1313 3195 164
1337 3131 1548 3178 sextum
1573 3121 1845 3176 Kalendas
1877 3121 2012 3174 Mar-

2119 3123 2345 3195 γράφειν
2380 3123 2544 3192 ἕκτην
2580 3121 2684 3194 πρὸ
2742 3120 3033 3174 Καλενδῶν
3062 3119 3343 3191 Μαρτίων,
3369 3117 3533 3185 δόξαν
3563 3119 3701 3172 οὕτω

441 3220 567 3274 tias.
599 3219 675 3272 Ita
704 3220 846 3273 enim
880 3217 1081 3272 Cresari
1114 3217 1359 3287 Angusto
1394 3215 1570 3269 visum
1611 3223 1714 3268 est.
1745 3212 1856 3268 Nos
1885 3228 2014 3267 vero

442 3312 536 3363 tali
564 3311 826 3363 vocabulo
855 3309 1144 3377 nequimus
1187 3307 1295 3368 uti;
1341 3320 1466 3359 nam
1507 3304 1888 3359 intercalarem
1924 3320 2015 3359 so-

443 3403 553 3456 lum
597 3411 650 3456 et
695 3409 908 3457 sextum
943 3402 1043 3454 rite
1086 3399 1362 3469 appellare
1399 3412 1713 3468 possumus.
1745 3395 2010 3452 Caeterum

441 3495 510 3550 de
555 3495 830 3565 exemptili
887 3492 975 3546 die
1020 3492 1388 3546 consideratio
1435 3489 1782 3558 suscipienda
1826 3495 1930 3552 est,
1961 3496 2014 3542 ct

440 3588 582 3660 quod
614 3587 789 3642 visum
824 3585 985 3639 fuerit
1045 3583 1218 3637 Latini
1251 3582 1572 3636 admonendi
1609 3591 1754 3642 sunt,
1785 3590 1844 3633 ut
1872 3580 2012 3634 idem

440 3678 832 3748 amplexantes,
866 3690 1067 3728 annum
1095 3673 1198 3727 sibi
1227 3673 1524 3740 corrigant.
1570 3667 1660 3723 Sic
1695 3670 1840 3723 enim
1872 3671 2014 3724 inter

441 3785 542 3824 nos
586 3768 893 3822 conveniet.
950 3766 1268 3834 Exemptilis
1327 3765 1472 3818 enim
1525 3761 1631 3815 diei
1679 3761 1791 3830 jam
1852 3762 2013 3829 longo

438 3871 683 3930 tempore
715 3859 860 3912 nulla
891 3859 1102 3911 ratione
1131 3857 1286 3918 inita,
1320 3857 1576 3916 solstitia,
1611 3864 1798 3908 nostra
1831 3864 2008 3920 aetate,

439 3953 610 4006 multo
639 3958 985 4004 antevertunt
1017 3949 1158 4002 diem
1200 3950 1402 4003 mensis
1446 3949 1515 4002 ab
1558 3949 1715 4001 initio
1747 3948 2010 4003 solstitia-

437 4047 543 4100 lem
572 4046 950 4097 constitutum.
988 4040 1077 4094 Sic
1113 4042 1294 4110 itaque
1320 4056 1536 4096 menses
1562 4051 1794 4112 agantur
1827 4042 2006 4105 nobis,

436 4137 714 4192 utentibus
738 4135 1052 4190 nominibus
1084 4135 1321 4190 traditis.

951 4244 1026 4298 De
1068 4245 1194 4299 anni
1231 4245 1510 4314 principio.

508 4360 644 4415 XIV.
677 4360 846 4414 Porro
890 4362 1018 4415 anui
1068 4361 1394 4431 principium
1431 4349 1800 4416 Athenienses
1836 4359 2009 4415 Heca-

2117 3217 2355 3289 Καίσαρι
2388 3215 2660 3286 Σεϐαστῷ.
2706 3216 2892 3286 Ἡμεῖς
2923 3215 2966 3268 δ’
3000 3215 3221 3284 ὀνόματι
3250 3213 3488 3284 χρῆσθαί
3534 3230 3614 3283 τῳ
3641 3213 3700 3264 ού

2115 3309 2342 3380 δεόμεθά
2384 3327 2447 3378 γε
2475 3309 2729 3379 τοιούτῳ·
2774 3306 3068 3378 ἐμϐόλιμον
3099 3306 3206 3378 γὰρ
3246 3306 3404 3377 μόνον
3445 3303 3546 3359 καὶ
3575 3307 3702 3374 ἒνὴν

2116 3401 2539 3473 προσαγορεύειν
2583 3401 2762 3464 καλῶς
2805 3400 2915 3470 ἔχει
2948 3402 3101 3470 ἡμῖν.
3139 3399 3272 3471 Περὶ
3309 3397 3364 3451 δὲ
3395 3397 3502 3467 τῆς
3547 3400 3702 3450 ἐκϐο-

2115 3495 2272 3566 λίμου
2303 3495 2561 3549 σκεπτέον
2614 3495 2708 3548 καὶ
2739 3495 2766 3548 ὃ
2795 3512 2848 3547 τι
2897 3493 2962 3548 ἂν
3009 3494 3138 3566 δοκῇ
3195 3493 3541 3564 παρακαλεῖν
3583 3493 3702 3544 δέον

2115 3592 2208 3644 καὶ
2240 3590 2502 3653 Λατίνους
2530 3589 2689 3642 ταὺτὸ
2714 3586 3033 3658 δεχομένους
3066 3584 3502 3657 ἐπανορθοῦσθαι
3548 3599 3700 3653 σφισι

2113 3681 2204 3734 τὸν
2243 3681 2504 3744 ἐνιαυτὸν,
2546 3680 2631 3732 ἵνα
2669 3677 3067 3748 συμφωνῶμεν.
3111 3675 3433 3746 Ἐκϐολίμου
3473 3675 3586 3745 γάρ
3621 3691 3700 3725 τοι

2114 3773 2326 3846 ἡμέρας
2349 3773 2539 3844 χρόνου
2563 3772 2664 3843 ἤδη
2702 3769 3232 3842 μακροῦδιελθόντος
3264 3767 3340 3839 μὴ
3369 3767 3696 3837 γενομένης.

2114 3865 2248 3918 πολύ
2287 3883 2337 3917 τι
2375 3865 2438 3935 δὴ
2472 3862 2827 3936 προτεροῦσιν
2869 3864 2922 3915 αἱ
2960 3861 3159 3934 τροπαὶ
3194 3861 3276 3929 ἐφ’
3303 3859 3464 3930 ἡμῶν
3502 3859 3601 3922 τῆς
3639 3855 3698 3922 ἐξ

2113 3956 2285 4027 ἀρχῆς
2307 3955 2575 4028 τροπικῆς
2604 3953 2816 4025 ἡμέρας
2844 3970 2905 4022 γε
2941 3952 3035 4006 τοῦ
3070 3951 3256 4023 μηνός.
3285 3951 3440 4004 Οῦτω
3476 3951 3578 4022 μὲν
3608 3948 3696 4003 οὖν

2112 4046 2303 4100 ἀκτέον
2331 4047 2455 4109 τοὺς
2493 4046 2685 4116 μῆνας,
2729 4043 3044 4116 χρωμένους
3086 4042 3313 4111 ὀνόμασι
3353 4043 3470 4104 τοῖς
3500 4040 3690 4093 ἀποδο-

2114 4139 2304 4192 θεῖσιν.

2474 4248 2612 4316 Περὶ
2650 4244 2843 4316 ἀρχῆς
2881 4245 2987 4299 τοῦ
3015 4243 3317 4298 ἐνιαυτοῦ.

2183 4361 2277 4414 lA'.
2332 4361 2529 4432 Ἀρχὴν
2568 4359 2624 4411 δὲ
2655 4357 2748 4411 τοῦ
2788 4356 3037 4411 ἐνιαυτοῦ
3064 4359 3112 4409 οἱ
3159 4355 3257 4425 μὲν
3299 4353 3577 4426 Ἀθηναῖοι
3604 4359 3692 4410 τὶν

436 4456 792 4511 tombaeoncm
823 4455 1253 4523 constituebant,
1285 4454 1351 4509 ab
1378 4456 1568 4511 aestivo
1601 4456 1839 4510 solstitio
1872 4455 2007 4507 inci-

2123 4452 2568 4523 Ἑκατομϐαιῶνα
2600 4447 2734 4521 ἦγον
2777 4449 2943 4520 μῆνα,
2974 4448 3048 4512 ὡς
3093 4448 3355 4500 δέδεικται
3399 4448 3691 4520 πρότερον,

433 4549 666 4617 pientes,
711 4550 853 4603 sicut
901 4558 985 4604 est
1029 4549 1184 4618 prius
1232 4549 1666 4604 demonstratum
1712 4566 1725 4602 ;
1774 4547 2004 4602 Romani

432 4652 562 4692 vero
589 4627 934 4703 Januarium,
976 4638 1299 4693 inchoantes
1344 4638 1412 4693 ab
1457 4638 1707 4692 hiberno.
1753 4639 1817 4692 Et
1859 4649 2008 4692 certe

431 4727 604 4797 magis
650 4727 927 4798 proprium
971 4728 1185 4783 videtur
1227 4743 1350 4784 esse
1391 4728 1743 4798 principium,
1775 4728 2007 4798 jureque

430 4819 536 4872 hoc
568 4816 796 4872 Plellton
823 4818 1028 4874 laudat.
1053 4817 1187 4871 Nam
1210 4818 1326 4888 lege
1347 4827 1401 4874 et
1426 4819 1676 4874 instituto
1708 4819 1830 4875 aliis
1860 4821 2004 4874 aliud

429 4911 561 4964 auni
607 4899 930 4980 principium
985 4912 1310 4977 agentibus,
1356 4921 1551 4965 natura
1602 4912 2006 4981 quodammodo

430 5001 570 5056 idem
617 5009 673 5054 ut
716 5002 788 5054 sit
831 5002 1158 5070 principium
1202 5002 1432 5058 suadere
1491 5002 1703 5056 videtur
1738 5022 1750 5056 :
1785 5003 2006 5072 quando

427 5091 509 5143 sol
538 5091 907 5159 generationis
938 5100 1131 5145 auctor
1156 5093 1296 5145 ultra
1327 5093 1578 5163 progredi
1619 5092 1898 5156 desinens,
1928 5111 2006 5148 re-

427 5178 568 5233 llecti
598 5180 663 5233 ad
696 5197 796 5234 nos
823 5181 1033 5251 incipit.
1059 5191 1113 5237 et
1141 5182 1281 5239 lucis
1310 5192 1469 5253 auget
1498 5195 1733 5255 tempus,
1759 5185 2006 5240 tenebra-

428 5287 546 5326 rum
580 5290 709 5328 vero
742 5276 954 5330 minuit.
988 5274 1154 5331 Recte
1183 5277 1346 5348 igitur
1376 5285 1428 5332 et
1457 5276 1631 5331 Numa
1674 5279 2001 5348 principium

427 5365 737 5434 hujusmodi
766 5367 1030 5425 Romanis
1062 5370 1356 5436 ordinavit,
1390 5388 1514 5426 cum
1559 5374 1711 5442 prius
1747 5371 2000 5428 Martium

425 5472 664 5514 mensem
689 5459 955 5516 Ruinulus
976 5464 1102 5516 anni
1136 5462 1355 5519 fecisset
1381 5464 1618 5518 initium.
1644 5463 1812 5521 Nobis
1837 5466 2003 5536 igitur

426 5547 566 5604 idem
605 5564 726 5608 esto
771 5555 898 5608 anni
942 5555 1289 5626 principium,
1325 5567 1380 5611 et
1429 5574 1603 5613 novus
1638 5561 1765 5613 anni
1796 5561 2001 5615 mensis

423 5641 702 5698 Gamelion
735 5665 746 5698 :
783 5655 841 5698 ut
873 5662 1239 5702 consonemns
1279 5663 1402 5702 cum
1438 5648 1723 5712 Romanis,
1754 5653 1898 5706 sicut
1945 5654 1997 5707 in

422 5736 728 5800 mensibus,
761 5739 833 5790 ita
863 5740 1027 5792 etiam
1058 5739 1112 5792 in
1140 5741 1267 5794 anui
1291 5740 1536 5808 exordio,
1567 5743 1658 5810 qui
1691 5753 1771 5798 est
1802 5743 2002 5799 Janua-

2105 4545 2180 4606 ὼς
2214 4545 2321 4596 ἀπὸ
2352 4541 2570 4612 τροπῶν
2613 4541 2841 4614 θερινῶν
2865 4557 2877 4569 ⁸
2925 4540 3184 4611 Ῥωμαῖοι
3229 4539 3286 4592 δὲ
3317 4538 3410 4592 τὸν
3458 4540 3694 4593 Ἰανουά-

2111 4654 2243 4708 ριον,
2279 4636 2354 4699 ὡς
2385 4636 2491 4690 ἀπὸ
2525 4633 2742 4706 τροπῶν
2774 4632 3122 4705 χειμερινῶν,
3157 4633 3190 4703 ἢ
3238 4631 3303 4702 δὴ
3351 4631 3448 4684 καὶ
3489 4635 3690 4686 οἰκειο-

2106 4731 2239 4802 τέρα
2283 4728 2427 4780 δοκεῖ
2452 4723 2591 4781 εἶναι
2630 4728 2792 4799 ἀρχή.
2825 4726 2935 4779 Καὶ
2968 4719 3026 4778 εὖ
3077 4724 3231 4795 τήνδε
3277 4724 3494 4776 ἐπαινεῖ
3549 4725 3690 4796 Πλή-

2107 4821 2232 4874 θων.
2287 4821 2454 4891 Νόμῳ
2503 4821 2609 4890 γὰρ
2664 4818 2839 4873 ἄλλων
2897 4816 3061 4887 ἄλλην
3109 4814 3203 4868 τοῦ
3246 4815 3400 4878 ἔτους
3445 4817 3689 4886 ἀγόντων

2105 4913 2300 4984 ἀρχὴν,
2331 4913 2490 4981 φύσει
2527 4928 2642 4974 πως
2672 4912 2844 4963 ἔοικεν
2872 4909 3010 4980 αῦτη
3039 4905 3174 4963 οὖσα
3215 4909 3394 4979 ἀρχή·
3427 4910 3595 4980 ἡνίκα
3624 4909 3686 4980 δὴ

2103 5007 2273 5075 ἣλιος.
2316 5007 2344 5058 ὁ
2387 5005 2486 5075 τῆς
2515 5006 2782 5073 γενέσεως
2814 5003 3020 5072 κύριος,
3061 5001 3156 5054 τοῦ
3188 5001 3374 5073 πρόσω
3419 5001 3560 5056 ἰέναι
3594 5001 3687 5072 λή-

2103 5119 2214 5170 γων
2263 5100 2637 5169 ἀνακάμπτειν
2679 5098 2904 5167 ἄρχεται
2954 5095 3028 5158 ὡς
3064 5096 3234 5165 ἡμᾶς,
3293 5096 3389 5149 καὶ
3440 5097 3534 5148 τὸν
3589 5096 3685 5166 μὲν

2103 5192 2196 5246 τοῦ
2229 5192 2404 5262 φωτὸς
2453 5189 2605 5257 αὔξει
2652 5190 2863 5260 χρόνον,
2913 5187 3002 5240 τὸν
3035 5186 3091 5239 δὲ
3122 5185 3213 5240 τοῦ
3261 5188 3488 5250 σκότους
3520 5191 3681 5257 μειοῖ.

2118 5285 2320 5358 ὐρθῶς
2365 5280 2456 5338 οῦν
2487 5284 2580 5336 καὶ
2604 5283 2826 5352 Νουμᾶς
2871 5278 3043 5350 ἀρχὴν
3080 5279 3334 5351 τοιαύτην
3391 5281 3681 5351 Ῥωμαίοις

2102 5379 2315 5448 τέταχε,
2367 5376 2644 5447 Ῥωμύλου
2687 5375 2950 5446 πρότερον
2989 5372 3079 5424 τὸν
3107 5374 3346 5444 Μάρτιον
3379 5373 3678 5446 προτάξειν⁸

2101 5488 2191 5534 τος
2242 5471 2406 5542 μῆνα.
2440 5470 2549 5523 Καὶ
2593 5471 2720 5540 ἡμῖν
2754 5465 2818 5537 δὴ
2863 5467 3004 5537 ἀρχὴ
3043 5465 3181 5537 αῦτη
3214 5465 3388 5531 ἔστω,
3423 5467 3521 5519 καὶ
3565 5467 3677 5529 νέος

2101 5563 2196 5616 τοῦ
2248 5561 2494 5616 ἐνιαυτοῦ
2531 5561 2636 5631 μὴν
2669 5561 2706 5612 Γ
2711 5559 2988 5629 αμηλιῶν⁸
3037 5558 3125 5612 ἵνα
3157 5558 3250 5610 καὶ
3295 5558 3676 5629 συμφωνῶμεν

2115 5657 2418 5726 Ῥωμαίοις,
2446 5655 2634 5724 ὥσπερ
2676 5653 2768 5706 καὶ
2809 5651 2874 5704 τὰ
2920 5651 3046 5722 περὶ
3078 5652 3205 5714 τοὺς
3234 5651 3432 5722 μῆνας,
3483 5654 3578 5705 καὶ
3613 5652 3673 5702 τὰ

2104 5747 2227 5815 περὶ
2265 5746 2362 5818 τὴν
2394 5745 2567 5818 ἀρχὴν
2607 5740 2701 5795 τοῦ
2740 5738 3006 5794 ἐνιαυτοῦ.
3053 5739 3176 5792 ὐδε
3207 5739 3314 5810 γὰρ
3351 5739 3672 5812 Ἰανουάριος
