3950 6266
236 372 367 430 1201
1184 369 1273 432 ΤΗ
1282 377 1532 435 EODOBI
1572 378 1777 436 ΟΛΖιΕ

1900 378 2027 435 BER
2065 379 2154 435 DE
2202 377 2567 438 MENSIBUS.
3346 379 3483 436 1202

231 488 321 568 ῆν.
355 494 469 549 Νῦν
500 494 545 549 δ’
586 497 862 565 Ἕλληνες,
916 498 1091 571 ἀρχὴν
1122 499 1369 554 ὲνιαυτοῦ
1410 518 1467 555 τε
1515 502 1609 556 zeal
1653 500 1798 556 Ἰνδι-

1902 501 2038 558 rius.
2068 499 2225 556 Nunc
2256 515 2386 557 vero
2418 499 2624 555 Graecis
2670 497 2998 569 principium
3042 496 3194 561 anni,
3228 486 3485 552 indictio-

231 586 458 652 κτιῶνος
493 587 803 659 ποιούμενοι
828 590 936 644 ἀπὸ
972 590 1259 662 ἰσημερίας
1287 591 1703 665 φθινοπωρινῆς,
1739 590 1798 645 τὰ

1906 594 2100 665 nisque
2123 593 2409 664 agentibus
2434 593 2502 646 ab
2525 590 2824 647 autumnali
2850 590 3200 660 aequinoctio,
3227 589 3482 645 indictio-

234 679 333 749 μὲν
386 680 515 754 περὶ
573 680 900 736 Ἰνδικτιῶνα
947 681 1116 754 (δηλοῖ
1165 683 1222 736 δὲ
1257 683 1531 754 διάταγμα
1573 683 1798 757 ἡλέξις]

1905 685 1991 741 nis
2032 684 2253 755 quidem
2299 684 2510 739 ratione
2542 681 2834 756 (signiﬁcat
2863 691 3042 737 autem
3086 681 3321 737 edictum
3368 680 3481 733 hanc

232 769 519 840 συνᾴδουσι
565 771 875 842 Ῥωμαίοις,
903 770 974 825 τὰ
1014 772 1071 826 δὲ
1117 774 1247 846 περὶ
1294 773 1385 827 τὸν
1435 774 1675 827 ἐνιαυτὸν
1718 771 1801 827 οῦ.

233 861 425 915 Καίτοι
476 862 848 935 συμφέρεσθαι
895 863 1002 918 ἔδει
1036 866 1132 919 καὶ
1170 864 1361 927 ταῦτα,
1407 866 1579 930 ἄλλως
1622 882 1681 919 τε
1712 865 1805 920 καὶ

229 954 466 1026 Χριστοῦ
490 957 676 1028 νόμοις
701 957 1033 1028 χρωμένους.
1066 959 1140 1010 Οὐ
1163 957 1272 1030 γάρ
1305 954 1459 1028 οἶμαι
1501 958 1805 1030 Ῥωμαίους

229 1045 358 1111 τούς
399 1065 462 1117 γε
495 1048 589 1102 νῦν
636 1048 795 1112 ὄντας
827 1049 914 1103 διά
945 1050 1042 1121 τὴν
1085 1049 1236 1122 ἡλίου
1266 1049 1474 1121 τροπὴν
1505 1050 1724 1121 μᾶλλον,
1767 1049 1801 1122 ἢ

227 1138 290 1193 τδ
316 1140 433 1194 τότε
463 1141 789 1213 γεννηθῆναι
830 1143 1083 1213 Χριστὸν,
1123 1142 1296 1208 οὕτως
1320 1142 1475 1211 ἄγειν
1495 1161 1508 1175 ⁸
1538 1143 1675 1198 ἀλλά
1705 1143 1803 1215 τὴν

231 1234 331 1305 μὲν
370 1232 578 1306 τροπὴν
623 1232 1050 1304 συμϐεϐηκέναι,
1102 1233 1300 1299 αὐτοὺς
1349 1232 1407 1288 δὲ
1443 1232 1541 1305 τὴν
1589 1233 1802 1304 γένεσιν

228 1322 633 1394 πρεσϐεύοντας
666 1322 760 1378 τοῦ
809 1322 966 1388 Θεοῦ,
1103 1323 1278 1394 θέμις,
1318 1322 1490 1395 ἀρχὴν
1535 1323 1803 1379 ποιεῖσθαι

224 1418 326 1489 τὴν
356 1416 672 1489 εἰρημένην.
713 1416 990 1470 Ἐνιαυτοῦ
1030 1416 1128 1487 μὲν
1160 1415 1362 1488 ταύτην
1398 1416 1579 1471 θετέον
1606 1415 1798 1488 ἀρχὴν.

374 1629 504 1699 Πῶς
539 1631 896 1702 ἀριθμητέον
926 1632 1034 1699 τὰς
1065 1631 1170 1687 τοῦ
1197 1631 1386 1702 μηνὸς
1414 1630 1659 1702 ἡμέρας.

295 1743 398 1796 lE'.
442 1741 720 1814 Ἀριθμεϊν
746 1741 805 1796 δὲ
832 1741 930 1806 τάς
962 1743 1128 1815 μηνὸς
1149 1743 1380 1797 ἑκάστου
1414 1744 1630 1817 ἡμέρας
1654 1742 1799 1815 Πλή-

1902 774 2091 841 dictio)
2118 789 2240 828 cum
2274 772 2538 830 Romanis
2581 770 2874 827 concordia
2899 778 3004 836 est,
3038 772 3160 825 anni
3192 786 3319 826 vero
3346 784 3478 824 non.

1902 864 2223 937 Quanquam
2247 874 2302 922 et
2325 865 2392 921 de
2417 866 2505 921 bis
2536 881 2670 921 sane
2695 865 2833 920 inter
2855 864 2976 918 illos
3005 863 3298 918 convenire
3326 876 3483 933 opor-

1903 959 2072 1025 lebat,
2102 958 2401 1029 praesertim
2428 957 2635 1013 Christi
2680 957 2889 1027 legibus
2928 954 3291 1011 communiter
3317 963 3479 1029 uten-

1903 1055 2005 1104 tes.
2033 1026 2220 1120 Neque
2247 1048 2390 1104 enim
2423 1057 2554 1120 puto
2587 1026 2863 1103 Romanos
2892 1047 3055 1116 hujus
3081 1045 3265 1101 saeculi
3305 1026 3480 1115 mang

1903 1150 2123 1212 propter
2150 1141 2469 1219 solstitium,
2501 1156 2662 1210 quam
2697 1137 2842 1210 quod
2871 1146 3000 1192 tunc
3032 1137 3286 1193 Christus
3317 1144 3478 1191 natus

1904 1236 1975 1289 sit
2021 1236 2097 1289 ita
2143 1249 2331 1306 agere;
2366 1234 2460 1290 sed
2495 1241 2609 1289 tum
2649 1233 2944 1289 solstitium
2970 1246 3092 1287 esse
3128 1231 3267 1285 forte
3302 1231 3479 1286 conti-

1902 1327 2047 1395 gisse
2081 1344 2095 1380 :
2133 1325 2282 1395 ipsos
2312 1340 2440 1380 vero
2467 1324 2636 1379 natali
2677 1324 2989 1379 Christiano
3030 1324 3264 1393 primum
3306 1322 3478 1375 hono-

1902 1432 2015 1469 rem
2039 1416 2362 1480 tribuentes,
2386 1422 2444 1469 ut
2471 1415 2553 1470 fas
2573 1425 2677 1479 est,
2696 1413 3011 1485 praedictum
3036 1412 3249 1467 initium
3276 1410 3472 1467 facere.

1900 1507 2042 1563 Anni
2071 1508 2288 1579 quidem
2317 1507 2459 1563 idem
2488 1506 2703 1562 initium
2730 1504 3039 1561 faciendum
3068 1511 3172 1560 est.

2121 1640 2398 1709 Quomodo
2427 1642 2621 1696 mensis
2652 1641 2763 1694 dies
2793 1650 2915 1694 sunt
2944 1637 3276 1693 numerandi.

1972 1754 2086 1811 XV.
2138 1755 2440 1812 Numerare
2488 1771 2621 1812 vero
2667 1754 2935 1825 cujusque
2967 1752 3175 1808 mensis
3206 1751 3323 1807 dies
3355 1749 3475 1804 Ple-

226 1834 358 1887 θωνι
393 1833 491 1905 μὲν
514 1833 663 1888 δοκεῖ
689 1835 769 1897 εἰς
793 1833 1029 1905 τέτταρα
1059 1833 1399 1900 διαιροῦντας
1425 1835 1515 1887 τὸν
1545 1834 1709 1907 μῆνα,
1738 1836 1798 1890 τὸ

1903 1845 2053 1901 thoni
2088 1846 2170 1902 sic
2225 1846 2425 1916 placet,
2456 1852 2519 1899 ut
2555 1845 2957 1916 quadripertito
2994 1855 3236 1897 mensem
3270 1839 3476 1894 dividat

229 1923 326 1994 μὲν
361 1923 667 1993 ἱστάμενον,
718 1922 780 1975 τὸ
829 1922 886 1976 δὲ
939 1922 1155 1993 μεσοῦν,
1197 1923 1259 1975 τὸ
1294 1922 1350 1975 δὲ
1384 1922 1592 1992 φθῖνον,
1640 1924 1701 1978 τὸ
1746 1923 1802 1977 δὲ

224 2016 416 2070 άπιόνο
448 2015 796 2087 λαμϐάνοντι,
822 2016 897 2079 ὡς
925 2014 1090 2080 ἔοικε,
1124 2016 1185 2070 τὸ
1221 2016 1319 2086 μὲν
1354 2018 1503 2087 παρὰ
1539 2017 1804 2073 Πολυδεύ-

224 2123 378 2173 κους,
405 2109 467 2162 τὸ
514 2107 571 2161 δέ
600 2124 654 2161 τι
685 2106 780 2161 zeal
806 2106 955 2178 αὐτῷ
991 2107 1424 2179 καινοτομοῦντι.
1457 2109 1803 2181 Εὑμαρέστε-

225 2215 319 2271 ρον
352 2198 482 2272 γὰρ,
516 2193 691 2269 οἶμαι,
712 2196 1041 2252 διατίθεσθαι
1087 2198 1155 2253 τὰ
1186 2201 1315 2270 περὶ
1357 2198 1456 2265 τὰς
1492 2202 1803 2273 ἱερομηνίας

223 2290 368 2344 οῦτω
407 2290 708 2355 συνέϐαινε,
739 2289 883 2344 καίν’
912 2289 1049 2343 ἄττα
1080 2289 1463 2363 καθισταμένῳ
1493 2291 1643 2363 ίεράο
1672 2293 1802 2364 ἡμῖν

220 2383 278 2437 δὲ
305 2384 609 2457 διαφερέτω
642 2382 812 2455 μηθὲν
839 2379 1164 2453 διαριθμεῖν,
1194 2382 1270 2447 ὡς
1318 2383 1609 2455 Ἀθηναῖοι,
1640 2386 1800 2457 τριχῆ

221 2476 577 2549 διαιροῦντες,
632 2476 696 2531 τὸ
750 2476 848 2548 μὲν
907 2475 1191 2546 ἱστάμενον
1249 2475 1453 2545 ἔλεγον.
1488 2476 1549 2531 τὸ
1599 2478 1656 2532 δὲ
1707 2478 1801 2532 ἐπὶ

220 2570 376 2634 δέκα,
435 2570 497 2623 τὸ
536 2568 594 2623 δὲ
626 2568 831 2641 φθῖνον.
876 2570 1093 2643 Ἐπειδὴ
1128 2571 1224 2625 zeal
1269 2570 1479 2641 συνῳδά
1515 2586 1631 2634 πως
1658 2568 1801 2623 οὕτω

225 2662 427 2733 μᾶλλον
467 2662 753 2732 Ῥωμαίοις
779 2662 927 2716 ἔσται
957 2661 1027 2717 τά
1070 2664 1201 2734 περὶ
1225 2663 1325 2733 τὴν
1355 2661 1617 2733 διαίρεσιν
1646 2663 1796 2734 ἡμῖν.

223 2754 395 2826 Τριχῆ
429 2753 538 2826 γάρ
576 2754 670 2807 zeal
705 2746 850 2809 οὗτοι
894 2754 1247 2828 διαιροῦντες,
1295 2754 1357 2807 τὺ
1394 2754 1493 2824 μὲν
1522 2754 1800 2819 Καλένδας

221 2844 711 2919 προσαγορεύουσι,
732 2847 792 2900 τὸ
816 2847 872 2900 δὲ
898 2846 1110 2912 Νῶνας,
1138 2845 1198 2900 τὸ
1216 2846 1273 2899 δὲ
1298 2844 1501 2910 Εἰδούς.
1538 2844 1799 2918 Ἀριθμη-

219 2937 342 2990 τέον
389 2931 483 2989 οῦν
531 2928 667 2989 ὦδε’
730 2936 1026 3009 νουμηνίαν
1078 2936 1177 3008 μὲν
1226 2937 1325 3008 τὴν
1369 2935 1622 3008 πρώτην,
1677 2930 1798 2990 εἶτα

221 3027 480 3100 δευτέραν
536 3029 846 3099 ἱσταμένου,
894 3028 990 3083 zeal
1038 3027 1248 3101 τρίτην,
1299 3029 1393 3082 zeal
1432 3027 1561 3100 ἑξῆς
1614 3029 1695 3093 εἰς
1738 3027 1798 3082 τὸ

222 3121 413 3192 πρόσω
468 3120 598 3175 ἰόντι
648 3120 775 3192 ἄχρι
829 3119 1089 3191 δεκάτης·
1147 3120 1266 3191 μεθ’
1315 3120 1382 3191 ἢν
1416 3118 1637 3191 πρώτην
1703 3119 1796 3173 ἐπὶ

1904 1937 1957 1990 in
1987 1935 2338 2006 principium,
2370 1935 2631 1999 medium,
2662 1934 3042 2005 praecipitium.
3074 1940 3128 1988 et
3172 1946 3471 1987 recessum.

1903 2026 2071 2097 quue
2118 2026 2313 2097 partim
2359 2041 2389 2080 a
2430 2024 2652 2082 Polluce
2698 2025 2913 2081 videtur
2956 2022 3225 2089 mutuari;
3273 2021 3471 2092 partim

1903 2135 2000 2190 per
2043 2135 2103 2175 se
2151 2117 2557 2190 quodammodo
2588 2112 2954 2173 comminisci.
2986 2118 3064 2171 lta
3102 2115 3269 2181 enim,
3316 2121 3471 2185 puto,

1902 2210 2119 2266 facilius
2148 2209 2227 2264 illi
2261 2217 2380 2264 erat
2422 2223 2552 2264 suas
2604 2208 2771 2263 ferias
2815 2206 3125 2275 disponere,
3155 2219 3296 2259 nova
3323 2219 3471 2273 quae-

1902 2301 2027 2356 dam
2062 2316 2218 2357 sacra
2250 2300 2631 2357 constituenti.
2660 2300 2729 2354 At
2754 2312 2854 2355 nos
2883 2298 3020 2354 nihil
3050 2297 3307 2368 impediat
3333 2311 3474 2367 quo-

1904 2395 2090 2451 minus
2141 2403 2525 2465 supputemus,
2562 2402 2623 2448 ut
2660 2392 3048 2455 Athenienses,
3083 2405 3270 2446 mense
3318 2388 3472 2443 trifa-

1900 2489 2037 2541 riam
2080 2487 2306 2559 partito,
2337 2495 2548 2557 partem
2602 2499 2767 2541 unam
2817 2484 3121 2554 ἱστάμενον,
3158 2481 3211 2537 id
3243 2489 3348 2546 est,
3387 2482 3473 2534 in-

1900 2587 2156 2643 stantem,
2192 2581 2307 2636 sive
2336 2578 2613 2635 ineuntem
2658 2584 2916 2634 vocantes
2943 2597 2955 2632 :
2990 2578 3080 2631 ἐπὶ
3100 2576 3250 2641 δέκα,
3281 2575 3333 2630 id
3363 2582 3469 2641 est,

1900 2686 2065 2740 supra
2094 2669 2282 2727 decem
2312 2670 2539 2726 alteram
2567 2687 2584 2725 :
2612 2669 2861 2723 ultimam
2885 2668 3088 2738 φθῖνον,
3117 2668 3170 2723 id
3198 2675 3302 2734 est,
3334 2681 3472 2739 prae-

1898 2762 2141 2832 cipitem,
2173 2762 2257 2819 vel
2305 2761 2666 2818 desinentem.
2699 2760 3150 2831 Quandoquidem
3178 2759 3295 2815 haec
3325 2773 3470 2829 quo-

1898 2871 2006 2924 que
2052 2852 2250 2908 divisio
2296 2860 2485 2908 nostra
2531 2851 2614 2908 sic
2669 2853 2857 2907 nescio
2898 2849 3172 2921 quomodo
3212 2849 3304 2904 ﬁet
3343 2863 3469 2904 cum

1897 2943 2142 2999 Romana
2191 2943 2605 3002 consonantior.
2662 2943 2727 2999 Hi
2771 2958 3007 3014 namque
3048 2950 3161 2998 tres
3194 2944 3360 2997 etiam
3413 2940 3471 2994 in

1897 3044 2080 3107 partes
2130 3051 2375 3091 mensem
2429 3036 2771 3100 tribuentes,
2820 3034 3115 3101 Kalendas,
3163 3031 3366 3096 Nonas,
3415 3037 3471 3085 et

1897 3125 2024 3184 ldus
2075 3128 2371 3198 appellant.
2422 3126 2516 3183 Sic
2565 3128 2748 3198 itaque
2799 3124 3198 3183 numerandum
3247 3129 3361 3188 est,
3410 3128 3472 3174 ut

220 3211 385 3265 δέκα*
421 3207 538 3265 εἶτα
567 3211 825 3283 δευτέραν
868 3213 960 3266 ἐπὶ
995 3212 1147 3278 δέκα,
1193 3211 1288 3266 zeal
1331 3210 1458 3283 ἑξῆς
1499 3210 1626 3283 ἄχρι
1655 3212 1797 3264 εἰκο-

1900 3214 2194 3271 Neomenia
2225 3214 2392 3287 (quod
2424 3216 2762 3272 novilunium
2795 3213 3090 3287 signiﬁcat)
3123 3211 3330 3268 mensis
3358 3211 3471 3281 pri-

223 3305 373 3376 στῆς.
414 3304 481 3358 Ἥ
511 3303 649 3376 αὑτὴ
682 3304 739 3358 δὲ
764 3303 858 3358 zeal
888 3305 1075 3369 εἰκάς·
1116 3304 1232 3377 μεθ’
1260 3304 1328 3376 ἢν
1359 3303 1646 3374 ἑνδεκάτην
1674 3302 1796 3373 φθίο

220 3414 425 3460 νοντος,
457 3397 490 3469 ἢ
518 3397 771 3469 δεκάτην,
804 3398 838 3469 ἢ
881 3399 1126 3469 ἑννάτην,
1163 3397 1197 3470 ἥ
1243 3396 1456 3469 ὀγδόην,
1484 3397 1561 3460 ὡς
1606 3395 1794 3468 ἔτυχεν

220 3488 359 3560 ἔχων
382 3490 412 3542 ὁ
439 3488 564 3560 μὴν,
589 3489 685 3543 zeal
717 3488 845 3559 ἑξῆς
873 3488 1155 3543 άναλύοντι
1190 3489 1316 3561 ἄχρι
1341 3488 1618 3560 δευτέρας.
1641 3486 1796 3542 Οὕτω

221 3576 328 3651 γάρ
411 3576 683 3650 Ἀθηναῖοι
737 3577 1039 3650 ἡρίθμουν,
1092 3577 1153 3632 ού
1216 3576 1626 3650 προστιθέντες,
1678 3576 1794 3631 ἀλλ’

222 3668 600 3741 ἀφαιροῦντες,
632 3670 728 3724 zeal
753 3668 1075 3733 ἀναλύοντες
1103 3669 1263 3741 μέχρι
1289 3668 1598 3741 τριακάδος,
1623 3669 1798 3722 Σόλω-

221 3774 311 3822 νος
355 3760 708 3832 ἡγησαμένου
754 3760 889 3832 πρὸς
931 3760 999 3816 τὰ
1037 3762 1135 3833 τῆς
1189 3759 1420 3832 σελήνης
1451 3758 1605 3830 φῶτα
1654 3758 1798 3814 οὕτω

225 3848 541 3921 μειούμενα.
575 3852 687 3907 Καὶ
726 3853 1117 3924 Ἀριστοφάνης
1167 3852 1225 3906 δὲ
1272 3854 1301 3905 ὁ
1342 3852 1586 3925 κωμικὸς
1626 3851 1797 3918 οὕτως

221 3941 477 4013 ἀριθμεῖ·

1900 3324 2023 3365 mus
2065 3307 2184 3364 dies
2222 3309 2295 3363 sit
2331 3328 2345 3363 :
2380 3308 2577 3365 deinde
2623 3307 2898 3365 secundus
2948 3303 3229 3366 instantis,
3273 3303 3472 3359 tertius

1900 3399 2180 3461 instantis.
2210 3408 2265 3454 et
2294 3400 2370 3454 ita
2402 3399 2663 3471 deinceps
2691 3414 2867 3471 usque
2896 3397 2964 3453 ad
2995 3396 3265 3452 decimum
3297 3413 3312 3449 :
3345 3401 3472 3465 post
3524 3462 3527 3465 _

1899 3504 2061 3560 quem
2112 3490 2323 3560 primus
2376 3505 2541 3569 supra
2587 3491 2799 3558 decem,
2832 3488 3105 3545 secundus
3153 3498 3319 3555 supra
3368 3482 3469 3538 de-

1900 3594 2043 3642 cem,
2074 3587 2129 3634 et
2159 3580 2239 3633 sic
2266 3595 2363 3651 per
2389 3580 2637 3635 ordinem
2670 3595 2845 3651 usque
2884 3578 2954 3634 ad
3001 3577 3343 3646 vigesimum,
3374 3575 3466 3645 qui

1899 3677 1954 3724 et
1976 3669 2125 3726 eicas
2159 3669 2381 3731 dicitur.
2412 3672 2570 3741 quasi
2613 3673 2951 3728 vicenionem
2985 3669 3137 3725 ausis
3176 3665 3467 3738 appellare.

1897 3761 2026 3817 Post
2067 3779 2228 3833 quem
2266 3762 2589 3820 undecimus
2627 3764 2943 3836 praecipitis,
2976 3762 3063 3818 vel
3090 3760 3357 3821 decimus,
3382 3756 3469 3812 vel

1898 3870 2100 3922 nonus,
2125 3856 2210 3911 vel
2240 3863 2491 3920 octavus,
2525 3871 2623 3927 pro
2651 3857 2857 3912 mensis
2898 3854 3142 3925 cujusvis
3178 3856 3473 3923 superante

1895 3945 2108 4003 dierum
2158 3963 2438 4004 numero:
2474 3956 2529 4004 et
2582 3948 2839 4020 deinceps
2891 3946 3083 4003 ordine
3138 3952 3473 4017 praepostero

223 4033 674 4101 subducendum,
723 4036 937 4092 numeri
985 4037 1203 4105 quidem
1256 4037 1453 4093 seriem
1502 4036 1799 4093 retexendo
1829 4053 2005 4109 usque
2034 4039 2103 4095 ad
2132 4040 2437 4096 secundum
2470 4041 2780 4111 praecipitis.
2850 4040 2928 4094 lta
2962 4040 3107 4096 enim
3171 4034 3469 4091 Athenien-

222 4143 313 4184 ses
361 4132 761 4196 numerabant,
811 4146 921 4187 non
971 4132 1266 4199 addentes,
1323 4133 1419 4189 sed
1470 4131 1802 4200 auferentes,
1862 4137 2310 4208 resolventesque
2356 4153 2533 4209 usque
2578 4137 2646 4192 ad
2685 4138 3024 4193 tricesimum
3056 4136 3250 4192 diem:
3318 4138 3375 4188 et
3416 4127 3470 4183 id

220 4222 443 4293 quidem
476 4222 693 4280 Solonis
725 4224 1003 4287 instituto,
1032 4225 1249 4283 ratione
1297 4227 1439 4283 luna:
1482 4227 1557 4283 ita
1598 4228 1802 4284 sensim
1819 4228 2005 4287 lumen
2035 4246 2195 4287 suum
2226 4232 2546 4288 minuentis.
2571 4233 2637 4286 Et
2679 4234 2784 4287 hoc
2811 4240 2962 4288 certe
3026 4229 3189 4285 modo
3257 4226 3472 4281 Aristo-

226 4315 433 4389 phanes
461 4317 704 4374 comicus
734 4328 994 4391 supputat
1021 4341 1037 4379 :

222 4433 513 4511 [Εμπςηη
529 4436 761 4511 τετρὰς,
803 4438 969 4508 τρίτη
993 4455 1007 4471 ο
1047 4438 1200 4511 μετὰ
1244 4441 1472 4511 ταύτην
1511 4438 1787 4509 δευτέρω

381 4500 462 4572 ἢν
487 4506 601 4576 ἐγὼ
619 4500 887 4578 pellicia
918 4500 1133 4564 σέασὶἶη·
1160 4508 1397 4578 ’ἡμερῶν

222 4575 486 4636 Δέδοικα,
517 4575 698 4643 εὐθὺς
734 4579 859 4633 ἔσθ’
893 4578 1001 4647 ἕνη
1039 4596 1103 4634 τε
1133 4575 1232 4634 καὶ
1267 4575 1394 4635 νέα.

291 4688 447 4742 Μετὰ
474 4687 531 4742 δὲ
573 4689 831 4763 δευτέραν
863 4691 1057 4746 ἀκτέον
1091 4692 1238 4764 ἕνην.
1269 4693 1441 4766 Χρεία
1471 4694 1515 4747 δ’
1541 4693 1669 4764 ἕνης
1702 4692 1798 4746 zeal

224 4777 349 4837 νέας
371 4778 471 4831 ούκ
494 4778 645 4835 ἔσται
675 4782 830 4852 ἡμῖν,
872 4780 1041 4835 διὰτὸ
1077 4783 1151 4854 μὴ
1193 4782 1332 4836 κατὰ
1368 4782 1595 4853 σελήνην
1620 4780 1793 4847 άγειν.

224 4869 392 4942 Ἕνην
431 4869 488 4923 δὲ
532 4871 632 4945 τὴν
675 4872 987 4927 τελευταίαν
1026 4872 1120 4927 τοῦ
1168 4874 1336 4946 μηνὸς
1369 4875 1584 4947 ἡμέραν
1612 4872 1797 4927 καλεῖν

224 4958 317 5012 zeal
366 4959 516 5029 ἡμᾶς
573 4959 769 5016 κωλύει
823 4962 1016 5027 οὐθὲν,
1068 4963 1149 5017 ὃτι
1197 4963 1291 5018 zeal
1337 4964 1434 5018 νέα
1490 4965 1524 5036 ἡ
1580 4961 1795 5035 πρώτη,

222 5049 443 5133 πλείους
477 5067 538 5105 τε
585 5054 641 5106 αἰ
697 5052 974 5122 φθίνοντος
1015 5054 1253 5123 γίνονται
1297 5056 1520 5129 ἡμέραι,
1550 5055 1646 5110 zeal
1685 5054 1796 5111 ἔσθ’

220 5140 309 5193 ὅτε
358 5140 614 5206 ἐλάττους
661 5142 769 5199 τῶν
806 5143 1089 5210 Ἀττικῶν,
1123 5145 1209 5199 διὰ
1241 5146 1303 5200 τὸ
1341 5148 1468 5211 τοὺς
1510 5146 1609 5217 μὲν
1645 5163 1798 5219 τρια-

220 5230 591 5304 κονθημέρους
639 5233 745 5287 τῶν
790 5233 977 5307 μηνῶν
1029 5237 1160 5306 ἡμῖν
1198 5232 1371 5301 εἶναι,
1421 5239 1548 5301 τοὺς
1591 5237 1648 5291 δὲ
1697 5239 1796 5309 μιᾷ

223 5322 584 5394 ὑπερϐάλλειν
604 5323 712 5378 τῶν
741 5324 943 5396 ἑτέρων
965 5326 1167 5398 ἡμέρᾳ,
1195 5327 1287 5380 ἕνα
1323 5326 1378 5380 δὲ
1403 5328 1498 5381 zeal
1530 5328 1674 5381 δυεῖν
1698 5328 1797 5399 μὲν

224 5414 491 5471 ἐλλείπειν
546 5417 653 5470 τῶν
713 5416 1194 5493 τριακονθημέρων
1240 5417 1367 5489 ἑξῆς
1411 5418 1578 5490 τριῶν
1623 5420 1795 5483 ἑτῶν,

226 5508 325 5578 μιᾷ
355 5507 412 5561 δὲ
457 5507 535 5578 τῷ
570 5509 832 5581 τετάρτῳ,
875 5509 951 5574 ὡς
1006 5511 1221 5583 εἴρηται
1274 5528 1557 5584 προτερον.
1604 5511 1666 5565 Ol
1698 5512 1797 5582 μὲν

219 5592 317 5651 οὖν
366 5598 781 5668 ἑνδεκάφθινοι,
837 5602 886 5654 οἰ
939 5601 994 5655 δὲ
1048 5601 1393 5672 δεκάφθινοι,
1462 5596 1542 5665 εἷς
1596 5602 1652 5656 δὲ
1701 5602 1796 5656 καὶ

220 5689 564 5759 ὀκτάφθινος,
604 5690 699 5744 zeal
724 5692 1005 5761 ενάφθινος
1024 5711 1039 5726 ο
1077 5694 1217 5748 ἑπτὰ
1261 5694 1358 5763 μὲν
1388 5693 1497 5765 γὰρ
1528 5693 1658 5759 οἵδε,
1693 5694 1797 5747 Πο-

225 5779 466 5847 σειδεὼν,
517 5781 832 5855 Γαμηλιὼνς
879 5785 1216 5858 Μουνυχιὼν,
1261 5785 1649 5859 Σκιροφοριὼν,
1683 5788 1795 5840 Με-

1902 4435 2155 4501 Quintus,
2188 4434 2375 4491 deinde
2406 4444 2649 4503 quartus,
2683 4433 2902 4503 hincque
2931 4434 3154 4495 tertius;

1825 4507 1872 4564 D
1904 4505 2031 4576 Post
2060 4522 2210 4576 quem
2238 4501 2520 4565 secundus,
2549 4501 2884 4576 omnium,“
2916 4517 3067 4572 quem
3101 4501 3331 4555 maxime

1899 4574 2103 4641 Metuo,
2134 4592 2350 4647 sequens
2386 4585 2464 4629 est
2492 4574 2740 4628 continuo
2766 4581 2909 4626 vetus
2936 4581 2983 4626 et
3015 4587 3196 4625 novus.

1969 4685 2159 4759 itaque
2203 4692 2327 4758 post
2379 4685 2679 4741 secundum
2732 4684 3049 4756 praecipitis,
3094 4684 3253 4739 nobis
3302 4673 3481 4739 collo?

1898 4780 2107 4835 candus
2156 4786 2242 4835 est
2290 4787 2466 4834 vetus.
2509 4775 2645 4832 Nam
2696 4777 2897 4833 veteris
2945 4784 3000 4832 et
3051 4775 3200 4839 novi,
3248 4773 3306 4828 id
3361 4785 3468 4841 est,

1897 4871 2129 4927 extremi
2177 4878 2232 4927 et
2280 4871 2463 4941 primi,
2500 4884 2596 4926 seu
2656 4866 3092 4934 intermenstrui,
3139 4866 3300 4922 nobis
3336 4882 3471 4922 usus

1896 4961 2131 5016 exolevit
2162 4980 2174 5015 :
2202 4960 2348 5031 quod
2382 4977 2491 5015 non
2519 4960 2584 5014 ad
2616 4959 2800 5013 lunam
2838 4963 3083 5027 tempora
3110 4955 3467 5013 deducamus.

1899 5050 2006 5107 Sed
2077 5051 2219 5107 diem
2287 5052 2494 5107 nieiisis
2567 5050 2817 5105 ultimum
2889 5048 3165 5119 appellare
3232 5054 3468 5103 veterem

1896 5145 2023 5214 quid
2073 5159 2173 5199 nos
2227 5150 2391 5209 vetat,
2442 5158 2567 5197 cum
2616 5141 2827 5212 primus
2875 5154 3093 5210 quoque
3146 5153 3323 5193 novus
3368 5135 3472 5192 sit?

1895 5233 2015 5291 Jam
2038 5251 2167 5292 vero
2196 5235 2494 5307 praecipitis
2521 5232 2640 5289 dies
2664 5232 2941 5289 interdum
2969 5232 3156 5301 plures
3183 5229 3469 5293 habemus.

1897 5344 2290 5400 nonnunquam
2344 5328 2633 5400 pauciores
2687 5326 2884 5382 diebus
2943 5323 3158 5379 Atticis.
3213 5322 3474 5388 Quando-

1896 5422 2116 5492 quidem
2174 5436 2391 5477 menses
2437 5419 2530 5473 alii
2575 5419 2843 5473 tricenum
2889 5414 3123 5479 dierum,
3174 5415 3266 5468 alii
3310 5414 3475 5468 trice-

1896 5529 2027 5567 num
2052 5512 2413 5581 singulorum,
2440 5526 2582 5566 unus
2616 5508 2777 5563 modo
2806 5507 3286 5568 duodetricenum,
3311 5503 3474 5558 modo

1897 5602 2337 5662 undetricenum,
2371 5601 2629 5653 nimirum
2660 5606 2860 5669 quarto
2908 5611 3126 5667 quoque
3172 5609 3316 5649 anno
3364 5610 3473 5646 uno

1896 5695 1983 5749 die
2029 5692 2248 5753 addito,
2302 5691 2445 5761 quod
2500 5688 2653 5761 prius
2710 5698 2795 5745 est
2846 5688 3075 5745 dictum.
3131 5685 3474 5755 Quapropter

1900 5800 2115 5841 menses
2170 5783 2258 5839 alii
2325 5783 2394 5838 ab
2453 5780 2703 5838 undecim
2771 5781 2981 5837 dierum
3036 5778 3248 5850 reliquo
3307 5792 3471 5846 supra
