3950 6266
462 361 597 416 1203

1488 364 1575 421 AD
1614 362 1879 422 EUSEBII
1913 366 2307 423 CHRONICON
2348 366 2710 424 APPENDIX.

3570 369 3592 422 l
3601 368 3709 423 τοι

456 481 644 564 viginti
675 494 901 534 numero
924 479 1389 553 Hendecaplithini
1419 496 1704 553 vocentur,
1738 490 1828 542 alii
1855 489 2021 546 Deca-

2122 489 2459 559 ταγειτνεὼν,
2504 489 2867 564 Βοηδρομιὼν,
2900 488 3252 561 Πυανεψιὼν,
3292 487 3484 544 ἕνδεκα
3519 490 3706 557 ἕξουσι

455 559 691 641 pbtbini,
723 570 923 642 quibus
970 573 1155 628 decem
1200 574 1316 631 dies
1361 586 1655 647 supersunt
1687 598 1699 632 :
1731 595 1874 636 unus
1896 595 2026 636 vero

455 662 886 733 Octaphtbinus,
938 672 994 720 et
1042 664 1453 736 Enapbthinus,
1515 670 1601 724 cui
1657 685 1804 725 nunc
1862 682 2021 738 octo,

453 768 603 808 nunc
675 768 868 809 novem
940 765 1201 826 superant
1268 758 1410 812 ultra
1476 758 1689 829 viginti.
1751 759 1818 814 Hi
1880 763 2024 816 enim

459 845 616 916 165
646 855 882 916 septem,
935 847 1202 904 Posidcon
1228 889 1244 911 ,
1290 848 1575 908 Gamelion
1599 892 1614 917 ,
1663 852 2021 926 Munychion,

457 935 882 1006 Seirophorion,
933 938 1327 1011 Metagitnion,
1379 941 1775 1010 Boedromion,
1814 945 2025 1018 Pyane-

457 1029 637 1097 psion,
674 1030 926 1086 undecim
958 1031 1075 1088 dies
1122 1035 1416 1105 prmcipitis
1451 1036 1764 1094 habebunt:
1793 1047 1849 1093 at
1897 1040 2024 1096 reli-

456 1121 551 1189 qui
601 1121 786 1176 decem
839 1129 1072 1186 tantum,
1122 1134 1319 1193 praeter
1371 1125 1874 1197 Elapltebolionem.
1928 1129 2024 1199 qui

454 1212 717 1268 continuo
749 1214 986 1268 triennio
1012 1224 1137 1269 octo
1171 1217 1412 1281 habebit,
1440 1235 1633 1274 novem
1666 1228 1847 1274 autem
1879 1235 2024 1276 anno

456 1315 673 1376 quarto.
712 1306 784 1360 At
819 1307 863 1362 si
898 1306 1024 1376 quis
1058 1308 1284 1377 φθίνειν,
1322 1310 1375 1364 id
1402 1318 1506 1374 est,
1538 1312 1867 1379 prwcipitare
1888 1353 1903 1376 ,
1924 1328 2021 1368 seu

456 1400 724 1464 desinere,
749 1406 804 1454 et
827 1398 1098 1463 ἵστασθαι,
1134 1399 1187 1453 id
1217 1407 1301 1456 est
1321 1441 1336 1463 ,
1367 1401 1565 1455 instare
1595 1403 1709 1457 sive
1734 1403 1872 1458 inire
1894 1418 2021 1473 pro-

456 1488 575 1558 pria
602 1489 741 1543 lunae
774 1503 897 1545 esse
940 1488 1108 1552 dicat,
1143 1491 1324 1545 meme
1362 1492 1654 1561 animoque
1692 1493 2024 1562 complecta-

458 1590 568 1646 tur,
599 1579 746 1650 quod
777 1581 830 1634 in
864 1580 986 1636 aliis
1007 1581 1170 1635 etiam
1200 1582 1575 1652 compluribus
1600 1583 1817 1637 aliunde
1844 1592 2024 1638 trans-

457 1673 604 1727 latus
650 1673 938 1742 improprii
984 1674 1256 1730 sermonis
1305 1689 1440 1728 usus
1491 1674 1679 1742 evicit,
1721 1684 1780 1729 ut
1833 1675 1890 1729 in
1938 1675 2023 1732 his

458 1778 675 1835 quoque
711 1762 895 1819 verbis
929 1759 1233 1834 χαλκεύειν,
1278 1772 1332 1819 et
1364 1766 1639 1836 χορηγεῖν,
1680 1772 1735 1820 et
1765 1765 2023 1840 δημιουρ-

2127 579 2403 649 φθίνοντος
2446 580 2658 652 ἡμέρας
2678 597 2691 610 ·
2717 579 2849 634 δέκα
2877 579 2933 631 δὲ
2965 581 3014 632 oi
3052 579 3248 643 λοιποὶ,
3289 579 3428 651 πλὴν
3469 580 3701 652 Ἐλαφη-

2126 672 2397 736 ϐολιῶνος.
2429 667 2598 736 Οὗτος
2624 672 2731 744 γὰρ
2757 670 2902 725 ὀκτὼ
2935 672 3033 742 μὲν
3075 671 3202 742 ἑξῆς
3233 672 3399 742 τριῶν
3425 671 3587 735 ἐτῶν,
3618 675 3704 725 ὲν-

2125 764 2218 816 νέα
2248 765 2304 817 δὲ
2331 764 2408 835 τῷ
2440 766 2700 836 τετάρτῳ.
2744 764 2851 818 Καὶ
2883 763 2989 835 μὴν
3021 764 3075 816 εἴ
3105 773 3188 827 τις
3230 764 3290 816 τὸ
3334 764 3569 832 φθίνειν,
3609 766 3705 818 καὶ

2125 855 2376 910 ἵστασθαι
2401 857 2530 910 ῐδιον
2555 853 2694 909 εἶναι
2720 856 2867 925 λέγοι
2900 855 3146 926 σελήνης,
3173 855 3535 926 ἐνθυμείσθω,
3566 856 3703 909 διότι

2124 948 2217 1000 καὶ
2248 948 2333 1000 ἐπ’
2351 948 2522 1002 ἄλλων
2540 948 2748 1001 πολλῶν
2764 949 2958 1020 χρῆσις
2976 950 3069 1002 ἀπ’
3093 948 3263 1001 ἄλλων
3292 947 3701 1019 μεταληφθείσα

2123 1039 2463 1109 κεκράτηκεν
2509 1040 2839 1111 ἁκυρόλογος
2857 1057 2871 1070 θ
2909 1035 3016 1094 οἷον
3061 1041 3153 1094 καὶ
3183 1039 3242 1093 τὸ
3270 1039 3579 1110 χαλκεύειν,
3609 1042 3702 1094 καὶ

2123 1133 2399 1200 χορηγεῖν,
2435 1131 2528 1184 καὶ
2574 1131 2944 1204 δημιουργεῖν.
2994 1130 3319 1201 Ὠνομάζετο
3350 1129 3407 1183 δέ
3441 1147 3576 1183 ποτε
3610 1132 3701 1185 καὶ

2125 1220 2318 1290 βυϐλία
2340 1221 2520 1292 μόνον,
2543 1223 2611 1276 τά
2638 1225 2704 1276 ἐκ
2733 1226 2830 1294 τῆς
2858 1223 3052 1293 βύϐλου
3073 1224 3173 1295 τῆς
3197 1225 3254 1276 ἐν
3282 1221 3549 1292 Αἰγύπτῳ
3575 1239 3703 1291 φυο-

2126 1313 2295 1383 μένης
2327 1313 2580 1385 παπύρου
2608 1314 2886 1385 γινόμενα.
2939 1315 3051 1369 Νῦν
3084 1314 3141 1368 δὲ
3173 1331 3269 1368 και
3317 1314 3383 1368 τά
3438 1316 3509 1367 ὲκ
3554 1313 3700 1366 λίνου

2124 1403 2325 1474 ῥάκους
2366 1404 2828 1476 κατεργασθέντος
2871 1406 3152 1477 πιλήματα
3191 1405 3467 1472 διάκολλα,
3513 1406 3573 1458 ὲν
3621 1401 3702 1469 οἷς

2123 1495 2427 1566 γράφομεν,
2461 1496 2699 1568 τούνομα
2732 1497 2842 1568 ἔχει
2865 1498 3040 1551 τοῦτο.
3067 1499 3176 1550 Καὶ
3206 1498 3435 1568 σχοινίον
3462 1496 3703 1568 πρόσθεν

2121 1588 2279 1641 τὸῑὲκ
2312 1588 2525 1658 σχοίνου
2573 1589 2681 1643 τῶν
2724 1590 2909 1644 ἑλείων
2947 1589 3146 1660 φυτοῦ·
3188 1589 3281 1642 νῦν
3322 1589 3382 1643 δὲ
3414 1590 3512 1644 καὶ
3544 1589 3608 1642 τὸ
3638 1590 3703 1643 ἐκ

2121 1677 2265 1733 λίνου
2298 1680 2393 1733 καὶ
2423 1679 2585 1752 ἐρίων
2619 1681 2755 1752 πρὸς
2783 1681 2880 1753 τὴν
2918 1681 3088 1754 αὐτὴν
3128 1680 3315 1752 χρείαν
3357 1679 3703 1751 κλωθόμενον

2124 1770 2352 1841 σχοινίον
2376 1773 2861 1844 προσαγορεύεται.
2887 1772 2997 1826 Καὶ
3021 1772 3281 1844 αὐθέντης
3304 1772 3360 1825 δὲ
3387 1774 3417 1825 ὁ
3441 1771 3704 1843 αὐτόχειρ

457 1858 593 1924 γεῖν,
631 1853 687 1909 id
719 1862 824 1916 est,
850 1856 1069 1919 cudere,
1103 1856 1457 1924 suppeditare,
1497 1871 1791 1922 procreare.
1834 1855 2019 1921 Quon-

2124 1861 2280 1932 μόνον
2307 1861 2524 1930 ἐλέγετο
2556 1863 2743 1917 πάλαι.
2772 1862 2884 1917 Νῦν
2915 1864 2972 1917 δὲ
3001 1864 3095 1916 καὶ
3120 1858 3365 1916 ὁστισοῦν
3392 1864 3589 1925 αἴτιος,
3608 1863 3701 1915 καὶ

456 1950 582 2004 dam
631 1949 791 2003 etiam
824 1946 1012 2017 βυόλία
1061 1948 1238 2002 solum
1286 1948 1631 2012 dicebantur,
1676 1964 1798 2018 quae
1832 1948 2019 2003 tierent

458 2056 523 2098 ex
550 2041 717 2110 junco
749 2054 972 2112 papyro,
1002 2056 1122 2109 qua:
1157 2040 1210 2094 in
1239 2040 1474 2111 Egypto
1498 2040 1835 2110 producitur.
1863 2040 2018 2095 Nunc

459 2147 589 2186 vero
642 2144 706 2186 ex
751 2132 844 2184 lini
893 2132 1200 2200 panniculis
1247 2143 1301 2187 et
1351 2132 1699 2187 linteolorum
1757 2132 2020 2187 ramentis

459 2223 633 2279 versis
664 2223 718 2276 in
748 2221 1043 2293 opiﬁcium,
1071 2225 1393 2293 constipatm
1432 2225 1634 2278 charta:
1666 2224 1937 2294 quaedam,
1966 2231 2019 2278 et

461 2315 846 2385 conglutinata:
875 2314 948 2385 (in
977 2316 1176 2384 quibus
1204 2315 1517 2383 scribimus)
1553 2315 1606 2369 id
1635 2315 1872 2370 nominis
1901 2330 2021 2369 sor-

464 2408 574 2461 titze
613 2411 761 2460 sunt.
794 2402 860 2458 Et
893 2403 1121 2476 σχοινίον
1171 2406 1300 2459 olim
1336 2405 1482 2461 funis
1511 2419 1650 2471 erat,
1696 2422 1763 2461 ex
1794 2406 2020 2461 schoeno

459 2499 632 2568 junco
663 2498 806 2567 (quae
856 2509 918 2552 ex
956 2497 1292 2567 palustribus
1341 2499 1525 2567 planta
1567 2497 1671 2567 est)
1715 2496 2018 2561 confectus,

460 2588 553 2644 sed
582 2600 727 2643 nunc
757 2601 820 2643 ex
851 2589 962 2643 lino
995 2597 1048 2647 et
1079 2588 1220 2643 lanis
1263 2588 1317 2642 in
1343 2589 1593 2643 eumdem
1624 2604 1781 2643 usum
1813 2603 2019 2643 convo-

462 2688 608 2738 lutus
639 2690 1029 2751 contortusqne
1055 2680 1221 2745 funis,
1267 2683 1552 2737 schmnion
1587 2683 1912 2753 appellatur.
1956 2680 2020 2736 Et

463 2786 721 2848 praeterea
764 2774 1025 2844 αὐθέντης
1069 2776 1137 2829 ab
1172 2775 1413 2844 antiquis
1463 2796 1480 2825 ‹
1517 2775 1678 2829 credis
1723 2783 1967 2844 patrator
1997 2795 2016 2827 ι

460 2877 671 2921 tantum
704 2867 1039 2920 vocabatur:
1074 2882 1219 2920 nunc
1249 2882 1377 2921 vero
1409 2867 1660 2937 quisquis
1688 2876 1881 2920 auctor
1913 2874 2018 2930 est,

462 2958 681 3022 artifex,
729 2957 931 3027 opifex,
988 2966 1210 3012 curator
1266 2958 1343 3012 rei
1396 2957 1668 3027 cujusvis,
1734 2958 2020 3013 authenles

461 3057 830 3121 nuncupatur.
886 3048 951 3103 Et
999 3050 1258 3104 nimirum
1307 3049 1436 3105 vicit
1471 3051 1808 3120 invaluitque
1857 3066 2024 3121 supra

2120 1955 2468 2026 δημιουργὸς,
2486 1956 2581 2008 εἴτ’
2614 1951 2707 2009 οὖν
2743 1955 3066 2026 αὐτουργὸς,
3115 1955 3208 2008 καὶ
3235 1956 3535 2026 ἐπιστάτης
3558 1954 3698 2026 πρά-

2121 2064 2331 2117 γματος
2360 2046 2691 2112 οὑτινοσοῦν,
2711 2047 2976 2119 αὐθέντης
3001 2047 3240 2100 καλεῖται
3258 2065 3270 2076 ·
3297 2046 3437 2118 ὑπὲρ
3464 2045 3533 2099 τὰ
3553 2046 3702 2115 χίλια

2120 2137 2184 2210 δὴ
2243 2138 2336 2211 ἔτη
2393 2140 2795 2213 κεκρατηκότος
2849 2138 2941 2192 τοῦ
2999 2139 3205 2192 τοιοῦδε
3260 2138 3696 2209 σημαινομένου’

2122 2230 2331 2302 ἐπειδὴ,
2376 2230 2697 2301 Ῥωμαίοις,
2751 2229 2900 2302 θαμά
2941 2230 3006 2301 δὴ
3050 2229 3361 2302 ὁμιλοῦντες
3396 2228 3698 2300 Ἕλληνες,

2125 2320 2383 2377 συνίδοιεν
2428 2323 2525 2394 τὴν
2569 2322 2834 2394 σφετέραν
2860 2322 3039 2376 αὐτῶν
3080 2322 3261 2394 φωνὴν
3308 2322 3386 2375 ἔτι
3437 2320 3702 2393 δεομένην

2121 2412 2213 2466 τοῦ
2242 2431 2306 2482 γε
2348 2413 2607 2481 ἀνάλογον
2642 2412 2707 2466 ἂν
2751 2411 2828 2482 τῷ
2869 2431 2888 2463 ‹
2911 2406 3077 2483 αῦτορ
3104 2431 3124 2465 ο
3160 2411 3379 2482 ὀνόματι
3412 2410 3524 2463 τῶν
3568 2411 3700 2463 Ῥω-

2125 2502 2299 2574 μαίων
2336 2504 2725 2576 ἀκριϐέστερον
2765 2503 3275 2576 προσοικειουμένου
3306 2503 3425 2564 ταῖς
3459 2502 3693 2573 χρείαις.

2122 2594 2277 2648 Οὕτω
2312 2595 2419 2668 γάρ
2466 2594 2793 2666 βιαζόμενοι,
2851 2594 2926 2658 ὡς
2973 2595 3140 2659 εἰκὸς,
3188 2594 3476 2665 πράγματι
3528 2594 3698 2663 συχνὰ

2120 2688 2306 2756 ἥκοντι
2325 2688 2405 2750 είς
2426 2685 2612 2758 χρείαν
2632 2686 2800 2756 ὄνομα
2822 2682 3104 2757 ἰδιαίτερον
3125 2684 3330 2747 θέσθαι,
3347 2685 3408 2738 τὸ
3429 2684 3694 2755 αὐθέντης

2119 2776 2183 2849 δὴ
2210 2777 2290 2839 είς
2322 2776 2479 2830 τοῦτο
2508 2773 3044 2847 ἀλλοτριονομοῦντες
3089 2775 3496 2846 μετενηνόχασι.
3530 2774 3691 2827 Βασί-

2121 2867 2261 2932 λειος
2291 2865 2383 2921 οῦν
2420 2866 2528 2920 τῶν
2572 2867 2855 2939 ἡμετέρων
2899 2866 3228 2940 ἱεροφαντῶν
3270 2869 3364 2921 ἐπὶ
3409 2866 3691 2920 Ἰουλιανοῦ

2122 2960 2516 3032 αὐτοκράτορος
2559 2955 2846 3029 γενόμενος
2900 2958 3057 3030 ἀνὴρ,
3109 2959 3201 3011 καὶ
3240 2958 3340 3029 τὴν
3380 2958 3568 3029 φωνὴν
3596 2960 3691 3030 οὐχ

2119 3049 2280 3125 ἦττον
2317 3052 2475 3124 ἣτὴν
2511 3052 2748 3105 διάνοιαν
2797 3046 3229 3122 κεκοσμημένος,
3284 3050 3352 3104 τὰ
3394 3050 3492 3104 τοῦ
3548 3051 3691 3105 θείου

462 3142 612 3196 mille
666 3155 839 3195 annos
887 3139 1204 3209 Inujusmodi
1261 3140 1611 3211 significatio,
1666 3148 2018 3212 posteaquam

2122 3143 2261 3198 Πνεύ
2271 3161 2436 3214 ματος
2457 3143 2767 3215 χαρίσματα
2791 3142 2851 3195 οὐ
2880 3140 3281 3213 λειτουργικῶς,
3314 3142 3428 3195 ἀλλ’
3456 3161 3476 3194 ι
3507 3142 3692 3196 αὐθεν-

462 3233 633 3289 Graeci
674 3249 795 3288 cum
832 3232 1094 3289 Romanis
1134 3241 1419 3290 versantes
1457 3244 1818 3305 perceperunt
1864 3250 2020 3290 suam

2122 3235 2289 3300 τικῶς
2319 3254 2336 3285 ι
2366 3233 2609 3304 γίνεσθαι
2641 3235 2811 3303 λέγει.
2837 3232 2949 3288 Καὶ
2989 3228 3237 3298 Συνέσιος
3267 3234 3557 3304 φιλόσοφος
3589 3235 3691 3288 τῶν

464 3325 700 3394 linguam
742 3322 919 3377 adhuc.
949 3323 1194 3394 indigere
1234 3325 1455 3379 nomine
1493 3324 1619 3377 huic
1671 3323 1878 3379 nomini
1921 3324 2022 3378 La-

458 3417 574 3471 tino
608 3435 625 3467 ε
654 3422 845 3468 auctor
873 3434 891 3466 ι
928 3415 1311 3486 respondente,
1337 3415 1480 3486 quod
1512 3417 1769 3486 majorem
1797 3416 2023 3471 haberet

460 3525 594 3564 usus
634 3508 1044 3579 proprietatem.
1092 3501 1169 3562 Ita
1212 3509 1354 3564 enim
1401 3510 1599 3574 coacti,
1632 3519 1692 3564 ut
1723 3510 2022 3565 verisimile

457 3609 560 3665 est,
592 3600 669 3655 rei
699 3599 897 3655 crebro
934 3594 986 3653 in
1037 3616 1197 3655 usum
1231 3601 1502 3657 venientis
1531 3602 1707 3672 magis
1738 3601 2019 3672 proprium

457 3707 653 3747 nomen
680 3693 980 3762 imponere.
1016 3691 1120 3747 hoc
1149 3699 1296 3748 certe
1319 3709 1516 3748 nomen
1547 3694 1838 3749 authentes
1867 3692 1922 3748 in
1954 3692 2023 3746 il-

455 3784 550 3839 lud
581 3788 1038 3849 transmutarunt,
1071 3784 1352 3840 imitantes
1386 3786 1621 3841 alienam
1650 3785 1842 3854 legem.
1875 3782 2024 3839 Basi-

455 3876 563 3930 lius
618 3876 803 3945 itaque
852 3892 995 3930 unus
1050 3891 1081 3930 e
1113 3878 1319 3932 nostris
1365 3876 1738 3946 pontiﬁcibus,
1775 3883 2022 3946 tempore

455 3965 801 4036 imperatoris
829 3963 1054 4025 Juliani,
1099 3967 1185 4019 vir
1228 3982 1339 4021 non
1378 3966 1559 4021 minus
1589 3965 1809 4036 eloquio
1854 3981 2018 4036 quam

453 4062 568 4116 acri
594 4060 929 4133 cogitatione
958 4061 1239 4131 prmditus,
1271 4061 1415 4116 dona
1458 4059 1696 4130 Spiritus
1728 4061 1903 4116 sancti
1932 4058 2019 4113 di-

452 4155 528 4210 cit
561 4169 672 4209 non
706 4153 823 4209 ﬁeri
866 4169 964 4225 per
999 4153 1386 4220 ministerium,
1432 4154 1528 4209 sed
1565 4173 1584 4205 ι
1611 4154 1964 4208 authentice:
1996 4171 2014 4204 ι

454 4239 507 4303 id
542 4254 648 4311 εει,
678 4263 788 4302 non
821 4258 853 4301 a
877 4248 1132 4301 ministro
1164 4247 1305 4309 dari,
1333 4246 1429 4302 sed
1457 4248 1525 4301 ab
1550 4256 1798 4301 auctore.
1823 4243 1891 4301 Et
1920 4244 2022 4317 Sy-

454 4343 644 4399 nesius
689 4341 1048 4413 philosophus
1096 4341 1501 4396 eruditissimus
1561 4340 1655 4410 qui
1704 4338 1809 4394 fuit
1856 4339 2020 4409 paulo

455 4443 578 4509 post
623 4433 934 4490 Theodosio
983 4433 1323 4505 imperante,
1378 4433 1728 4503 interrogans
1783 4432 2020 4502 patriar-

2121 3328 2461 3396 λογιωτάτων
2489 3324 2680 3398 μικρὸν
2711 3325 2936 3396 ὕστερον
2962 3325 3055 3378 ἐπὶ
3097 3319 3398 3389 Θεοδοσίου,
3425 3325 3690 3380 πυνθανό-

2126 3438 2283 3491 μενος
2334 3420 2671 3492 πατριάρχου
2723 3417 3004 3488 Θεοφίλου,
3040 3420 3089 3470 εί
3131 3418 3234 3489 χρὴ
3282 3416 3526 3488 νομίζειν
3575 3418 3689 3471 ἐπί-

2124 3530 2323 3567 σκοπον
2357 3511 2701 3583 Ἀλέξανδρόν
2733 3529 2874 3575 τινα,
2901 3511 3342 3583 χειροτονηθέντα
3370 3507 3477 3564 ὐπὸ
3518 3512 3693 3565 Ἰωάν-

2120 3624 2210 3660 νου
2247 3606 2340 3659 τοῦ
2376 3605 2513 3677 μετὰ
2534 3604 2702 3659 ταῦτα
2739 3604 3082 3676 νομισθέντος
3111 3604 3284 3672 ἁγίου,
3309 3604 3402 3657 καὶ
3429 3605 3691 3674 ἐπονομα-

2124 3698 2337 3760 σθέντος
2374 3697 2777 3768 Χρυσοπόμου,
2811 3696 2930 3750 τότε
2973 3695 3060 3749 διά
3092 3713 3215 3775 τινα
3261 3695 3550 3766 συμϐᾶσαν
3582 3697 3681 3749 δια-

2122 3790 2296 3862 φορὰν
2353 3789 2446 3843 καὶ
2505 3789 2692 3842 στάσιν
2749 3787 2858 3842 τῶν
2921 3786 3254 3859 Ἐκκλησιῶν
3308 3788 3691 3859 ἀφωρισμένον

2120 3878 2309 3954 γνώμῃ
2370 3883 2648 3954 συνοδικῇ,
2707 3877 2798 3935 ὧδ’
2839 3881 3121 3953 ἐπιφέρει·
3164 3899 3181 3932 ι
3206 3881 3348 3952 Πρὸς
3393 3879 3423 3932 ὃ
3470 3864 3555 3934 δεῖ
3597 3881 3690 3951 τὴν

2120 3974 2408 4027 αὐθεντίαν
2450 3974 2546 4045 τῆς
2597 3971 2957 4042 ἀποστολικῆς
3007 3972 3256 4043 διαδοχῆς
3295 3972 3691 4044 ἀποκρίνασθαι

2121 4064 2306 4128 ἁπλῶς
2347 4067 2439 4118 καὶ¹
2488 4044 2693 4135 σαφῶς.
2740 4085 2758 4116 ι
2807 4065 2878 4117 Οὐ
2918 4063 3024 4135 μὴν
3069 4062 3204 4117 ἀλλὰ
3249 4065 3345 4117 καὶ
3393 4044 3686 4134 Ῥωμαῖοι,

2120 4158 2196 4222 ὡς
2238 4158 2579 4229 Πλούταρχος
2617 4154 2836 4229 ἱστορεῖ,
2869 4158 2969 4228 τὴν
3014 4159 3095 4219 εἰς
3136 4157 3261 4227 τρία
3305 4155 3570 4226 διαίρεσιν
3600 4153 3690 4209 τοῦ

2124 4248 2291 4319 μηνὸς
2333 4247 2466 4319 πρὸς
2508 4246 2607 4311 τὰς
2665 4247 2925 4318 μεγίστας
2968 4251 3119 4321 τρεῖς
3160 4247 3422 4319 διαφορὰς
3462 4250 3562 4318 τῆς
3610 4264 3692 4299 σε-

2120 4341 2287 4414 λήνης
2338 4341 2660 4411 τυγχάνουσι
2718 4341 2978 4411 πρότερον
3044 4340 3432 4411 πεποιηκότες
3490 4338 3691 4394 Καλέν-

2119 4434 2215 4496 δας
2258 4433 2359 4503 μὲν
2399 4433 2499 4502 τὴν
2548 4432 2840 4504 νουμηνίαν
2890 4431 3252 4496 καλέσαντες,
3298 4433 3381 4485 ὅτι
3430 4432 3565 4504 περὶ
3598 4431 3691 4502 τὴν

456 4530 612 4584 cbam
645 4520 1029 4598 Theophilum.
1063 4542 1132 4581 an
1161 4535 1411 4597 oporteat
1430 4525 1802 4580 Alexandrum
1829 4538 2020 4594 quem-

2123 4525 2338 4578 σύνοδον
2381 4520 2515 4577 οὖσα
2545 4523 2656 4576 τόθ’
2692 4525 2725 4593 ἡ
2776 4523 2970 4596 σελήνη
3025 4522 3213 4595 ὥσπερ
3248 4521 3495 4593 λέληθεν,
3523 4521 3694 4575 ἐπιλε-

456 4621 581 4675 dam
618 4620 937 4675 existimare
965 4620 1307 4689 episc0pum,
1336 4619 1392 4671 in
1438 4616 1821 4688 episcoporum
1866 4614 2019 4669 ordi-

458 4726 579 4765 nem
616 4711 933 4780 adoptatum
962 4709 1032 4765 ab
1061 4709 1293 4773 Joanne,
1328 4710 1422 4780 qui
1455 4715 1642 4778 postea
1684 4706 1827 4762 inter
1863 4705 2020 4762 divos

458 4802 684 4865 relatus,
734 4806 788 4855 et
837 4800 1265 4872 Chrysostomus
1310 4799 1732 4870 cognominatus
1771 4805 1894 4854 est:
1926 4798 2021 4854 sed

456 4905 586 4947 tunc
632 4898 855 4963 propter
908 4891 1201 4962 quamdam
1246 4891 1645 4947 contentionem
1695 4897 1749 4946 et
1800 4880 2026 4945 seditio;

456 5000 578 5041 nem
625 4985 696 5039 ab
742 4983 1005 5040 Ecclesiis
1055 4984 1122 5039 de
1169 4982 1388 5038 concilii
1444 4983 1716 5038 sententia
1761 4981 2023 5038 exclusus

455 5085 574 5134 erat
600 5095 612 5130 :
639 5078 719 5132 sic
751 5074 915 5130 infert
944 5095 956 5129 :
994 5095 1012 5126 ι
1044 5075 1124 5130 Ad
1146 5074 1292 5145 quod
1325 5090 1462 5144 opus
1491 5081 1575 5128 est
1603 5073 1964 5130 authentiam.
1998 5092 2016 5125 ι

458 5166 508 5225 id
538 5176 644 5232 est,
678 5188 697 5220 (
728 5168 1115 5223 auctoritatem
1152 5167 1525 5223 successionis
1550 5167 1865 5237 apostolicae
1890 5165 2021 5220 sim-

458 5261 689 5332 pliciter.
735 5269 787 5315 et
839 5265 1024 5330 aperte
1081 5259 1408 5314 sententiam
1465 5256 1626 5313 ferre.
1660 5278 1677 5310 ι
1732 5257 2022 5312 Enimvero

457 5354 620 5406 etiam
652 5350 906 5416 Romani,
936 5359 995 5404 ut
1032 5351 1226 5405 scribit
1249 5350 1600 5417 Plutarchus,
1640 5350 1785 5403 illam
1817 5350 2023 5409 mensis

456 5446 783 5502 divisionem
823 5440 1155 5514 tripertitam
1201 5444 1267 5498 ad
1296 5454 1415 5501 tres
1448 5446 1715 5500 maximas
1746 5444 1889 5503 lunae
1915 5441 2024 5496 ἀί(-

455 5535 715 5592 ferentias
748 5539 1019 5600 iecerunt,
1055 5536 1327 5591 Kalendas
1369 5536 1706 5590 novilunium
1742 5535 2022 5605 appelian-

458 5639 560 5691 tes,
592 5629 737 5698 quod
766 5639 883 5684 tum
919 5630 1052 5685 luna
1092 5632 1147 5686 in
1193 5631 1344 5686 coitu
1379 5631 1681 5688 exsistens.
1724 5629 1881 5698 quasi
1927 5643 2021 5682 oc-

458 5719 604 5771 culta
657 5720 730 5772 sit
779 5721 997 5787 penitus
1047 5720 1258 5776 defecta
1309 5721 1519 5776 lumine
1548 5739 1559 5776 ;
1592 5721 1771 5774 «clam
1804 5742 1820 5770 ι
1874 5720 2019 5774 enim

458 5808 721 5862 Romanis
766 5810 997 5865 latenter
1040 5808 1333 5882 signiﬁcat,
1385 5814 1528 5868 unde
1572 5812 1842 5868 Kalendas
1888 5812 2017 5866 dicit

2122 4618 2368 4681 λοιπότος
2398 4617 2463 4688 δὴ
2495 4616 2773 4681 παντελῶς
2812 4614 2904 4671 τοῦ
2941 4616 3141 4686 φωτός·
3195 4615 3255 4669 τὸ
3292 4615 3402 4687 γάρ
3430 4634 3449 4665 ι
3485 4614 3635 4684 κλὰμ
3669 4633 3686 4664 ι

2134 4706 2513 4781 Ῥωμαίοιςτὸ
2540 4704 2713 4778 λάθρα
2749 4705 3107 4775 διασημαίνει,
3140 4705 3262 4759 ὅθεν
3293 4703 3391 4767 τὰς
3417 4703 3693 4765 Καλένδας

2123 4799 2432 4871 ὠνομάσθαι
2476 4800 2628 4870 φησί.
2663 4797 2854 4861 Νὼνας
2882 4795 2958 4861 δὲ,
2990 4798 3116 4850 ὅταν
3143 4794 3457 4865 καταφανὴς
3480 4794 3693 4860 πρῶτον

2123 4891 2217 4946 ἐπὶ
2239 4892 2456 4963 δυσμῶν
2476 4892 2690 4963 γίνηται
2722 4889 2815 4943 νέα
2832 4906 2844 4919 ’
2872 4889 3057 4952 Εἰδοὺς
3082 4887 3157 4951 δὲ,
3188 4889 3335 4950 ὅταν,
3360 4884 3692 4960 πανσέληνος

2123 4983 2278 5049 οὖσα,
2312 4981 2652 5057 εὐειδεστέρα
2693 4979 2790 5053 τὴν
2834 4982 2954 5052 ὄψιν
3092 4979 3227 5033 Ἀλλ’
3257 4979 3405 5050 ὅμως
3433 4977 3688 5049 ὕστερον·

2126 5077 2323 5137 καίτοι.
2354 5076 2473 5130 καθ’
2504 5075 2654 5146 ἥλιον
2692 5072 2915 5144 ἄγοντες
2953 5073 3080 5136 τοὺς
3126 5072 3318 5142 μῆνας,
3347 5069 3552 5139 ὁμοίως
3579 5066 3691 5138 ὁρί-

2125 5171 2307 5234 ζοντες
2337 5169 2425 5222 τὸν
2456 5167 2665 5239 χρόνον.
2700 5164 2993 5229 Καλένδας,
3020 5161 3115 5218 καὶ
3139 5162 3351 5226 Νώνας,
3382 5160 3476 5214 καὶ
3508 5160 3694 5221 Εἰδοὺς

2124 5261 2203 5314 ἔτι
2238 5258 2511 5321 καλοῦσιν,
2569 5260 2794 5332 ὀνόμασι
2853 5263 3261 5330 καταχρώμενοι
3303 5251 3382 5319 οἷς
3430 5254 3692 5327 πρότερον

2123 5354 2345 5421 ἄγοντες
2389 5353 2529 5406 κατὰ
2583 5353 2809 5423 σελήνην
2862 5350 3099 5421 ἐχρῶντο
3144 5347 3363 5420 κυρίως.
3410 5345 3583 5404 Οὐθὲν
3629 5345 3690 5412 δὴ

2123 5446 2318 5499 ἄτοπον
2351 5445 2460 5498 οὐδ’
2495 5442 2645 5516 ἡμῖν,
2693 5446 2741 5496 εί
2790 5445 3071 5512 ἱστάμενον
3125 5436 3404 5509 λέγοιμεν,
3443 5437 3540 5490 καὶ
3577 5434 3692 5504 φθί-

2122 5555 2302 5597 νοντα,
2337 5538 2411 5607 μὴ
2445 5538 2587 5591 κατὰ
2616 5538 2843 5608 σελήνην
2877 5536 2974 5595 ἔτι,
3018 5530 3156 5589 ἀλλὰ
3184 5532 3325 5586 κατὰ
3348 5531 3501 5602 ἥλιον
3531 5534 3689 5598 ἆγον-

2121 5646 2230 5691 τες.
2274 5631 2555 5698 Ἀνάλογον
2599 5630 2778 5683 τοίνυν
2825 5632 2955 5700 ἡμῖν
2995 5629 3104 5694 ἕξει
3143 5626 3406 5695 νουμηνία
3444 5625 3543 5695 μὲν
3577 5624 3689 5685 ταῖς

2123 5720 2437 5784 Καλένδαις,
2474 5721 2534 5775 τὸ
2579 5722 2633 5773 δὲ
2692 5722 2974 5790 ἱστάμενον
3018 5720 3095 5789 τῷ
3147 5720 3254 5789 πρὸ
3284 5717 3508 5780 Νωνῶν,
3550 5713 3683 5767 τὸδὲ

2124 5809 2211 5861 ἐπὶ
2242 5810 2369 5865 δέκα
2407 5811 2480 5881 τῷ
2511 5812 2612 5885 προ
2643 5808 2832 5877 Είδῶν,
2862 5813 2919 5866 τὸ
2947 5811 2999 5865 δὲ
3034 5811 3215 5882 φθῖνον
3248 5809 3323 5882 τῷ
3345 5808 3449 5879 πρὸ
3482 5808 3685 5862 Καλεν-
