3950 6266
261 325 400 383 1205
1216 334 1563 392 THEODORI
1605 335 1812 392 (ἶΑΖᾸΞ

1961 337 2058 391 ,Εῐὶ
2097 337 2186 392 DE
2232 338 2279 392 Μ
2290 338 2374 392 EN
2381 338 2531 396 SlBl)
2542 340 2599 394 S.
3381 343 3521 401 1206

255 445 382 499 δῶν.
428 447 517 512 Ὠς
543 447 588 502 δ’
615 451 749 521 ἡμῖν
773 451 957 504 οὐκέτι
987 452 1257 523 χρήσιμος
1283 452 1378 524 ἕνη
1409 455 1502 507 καὶ
1531 453 1646 516 νέα,
1671 454 1815 508 οὕτω

2028 455 2268 524 pellalas.
2314 454 2498 512 Nonas
2527 464 2732 523 auiam,
2769 459 2991 529 quando
3032 459 3266 530 primum
3319 460 3386 512 ad
3423 476 3518 514 oc-
3583 459 3588 465 ’

252 541 375 594 οὐδὲ
412 542 704 610 Ῥωμαίοις
750 543 810 596 τὸ
855 543 1263 614 Ίντερλούνιον·
1303 544 1400 616 τὴν
1450 545 1558 617 γὰρ
1606 546 1812 616 ἡμέραν

1960 565 2133 603 :asum
2164 549 2465 619 conspicua
2502 565 2642 604 nova
2678 549 2754 603 ﬁt.
2785 550 2933 610 ldus.
2966 551 3186 622 quando
3211 551 3322 621 jam
3361 551 3520 620 pleno

252 630 322 708 ἦς
353 633 415 690 τὸ
441 636 537 708 μὲν
565 635 642 707 τῷ
665 637 880 708 λήγοντι
909 638 1060 709 μηνὶ,
1083 639 1142 693 τὸ
1169 639 1225 692 δὲ
1258 639 1334 709 τῷ
1359 639 1644 710 ἀρχομένῳ
1670 657 1810 712 προσ

1960 641 2073 696 )rbe
2104 640 2273 698 facies
2306 641 2602 696 formosior
2645 642 3007 711 conspicitur.
3062 642 3170 697 Sed
3199 652 3382 697 tamen
3425 658 3520 712 po-

254 730 380 802 ήκει
428 730 568 784 κατὰ
619 731 866 802 σελήνην,
903 732 1159 802 Ῥωμαῖοι
1190 731 1334 785 οὕτω
1365 732 1614 786 καλοῦσι.
1654 732 1814 786 Ταῦτι

1956 741 2058 790 ιιοιι
2109 733 2296 795 etiam,
2331 735 2582 804 quamvis
2635 749 2852 791 menses
2899 734 2967 788 ad
3012 734 3184 789 solem
3223 733 3516 798 deducant,

259 820 359 890 μὲν
390 819 453 892 δὴ
475 819 617 873 οὕτω
651 820 1038 892 λαμϐανόμενα
1078 817 1135 875 εὖ
1167 821 1232 875 ἂν
1263 821 1394 892 ἕχοι.
1438 822 1551 875 Οὐκ
1583 821 1648 875 ἂν
1680 823 1819 890 ἁφαιι

1953 840 2155 895 ;οιιιριιε
2219 825 2473 880 similiter
2523 825 2860 890 dividentes,
2927 823 3241 890 Kalendas,
3294 823 3513 889 Nonas,

259 913 433 983 ρεῖται
469 911 513 964 δ’
542 913 570 964 ὁ
604 911 758 980 λόγος
787 912 907 965 οὐδὲ
954 911 1168 976 ἰδιώτας
1200 913 1298 984 τὴν
1348 912 1456 966 τῶν
1494 914 1715 985 ἡμερῶν
1741 913 1819 984 τῆς

1953 918 2105 982 ldus,
2165 917 2463 972 etiamnum
2518 925 2750 984 vocant,
2811 917 3126 974 nominibus
3175 917 3513 973 abutentes:

254 1007 486 1079 σελήνης
517 1008 740 1077 γνῶσιν,
768 1011 962 1062 ὁπόσαι
997 1011 1277 1064 ἑκάστοτε.
1310 1010 1450 1063 Πολὺ
1482 1011 1588 1084 γάρ
1615 1028 1667 1063 τι
1699 1027 1814 1081 συμη

2061 1025 2140 1065 ius
2186 1018 2346 1064 antea
2380 1009 2448 1064 ad
2483 1009 2627 1063 luna:
2667 1023 2890 1063 cur-sum
2929 1008 3147 1078 proprie
3197 1007 3515 1062 utebantur.
3609 1053 3621 1062 .

251 1098 508 1153 ϐάλλεται
531 1101 609 1164 εἰς
634 1100 780 1154 τοῦθ’
803 1104 836 1172 ἡ
860 1101 966 1154 τῶν
990 1101 1213 1173 ἡμερῶν
1238 1101 1332 1154 τοῦ
1355 1100 1476 1156 καθ’
1493 1101 1643 1171 ἥλιον
1673 1102 1810 1173 μηνὸ

1957 1097 2061 1152 Non
2095 1098 2260 1168 igitur
2291 1097 2588 1152 absurdum
2616 1096 2802 1161 fuerit,
2835 1097 2880 1152 si
2914 1113 3014 1153 nos
3047 1113 3267 1167 quoque
3299 1097 3517 1152 instan-

248 1193 457 1264 εἷδησις
480 1209 494 1224 ο
524 1195 615 1247 καὶ
649 1195 828 1266 ῥᾴδιον
864 1195 1204 1267 προστιθέντι
1242 1197 1361 1260 ταῖς
1399 1197 1665 1259 ὲπακταῖς
1694 1195 1808 1266 εὑρε

1959 1205 2049 1245 .em
2093 1197 2146 1245 et
2191 1189 2525 1260 praecipitem
2575 1187 2896 1253 dixerimus,
2957 1206 3065 1244 non
3112 1191 3180 1244 ad
3217 1190 3360 1245 luna:
3393 1205 3519 1244 nm-

253 1305 411 1343 σκειν
432 1288 522 1342 τὸν
562 1289 812 1362 ἀριθμόν,
850 1291 923 1343 Τὸ
953 1290 996 1343 δ’
1034 1291 1261 1361 ἀκριϐὲς
1295 1292 1393 1344 οὐκ
1424 1289 1754 1360 ἀπαιτητέον
1784 1291 1808 1341 ὲ

1953 1284 2112 1354 plius,
2141 1283 2235 1338 scd
2265 1282 2332 1337 ad
2362 1283 2494 1337 solis
2528 1282 2868 1336 curriculum
2901 1290 3144 1352 tempora
3179 1283 3513 1352 digerentcs.

247 1383 482 1448 τούτοις.
524 1383 789 1436 Ἐπακταὶ
821 1385 904 1453 ἐφ’
941 1377 985 1452 ᾧ
1015 1391 1061 1438 α’
1105 1384 1336 1454 ἀριθμὸς
1379 1383 1601 1455 ἡμερῶν
1647 1385 1807 1451 ἐπαγ(

1956 1376 2307 1447 Proportione
2357 1375 2544 1444 itaque
2579 1372 2721 1443 apud
2773 1389 2873 1429 nos
2912 1373 3265 1445 respondebit
3297 1389 3516 1429 nemne-

252 1473 432 1546 μένων
482 1475 708 1546 ἡλιακοῦ
773 1477 977 1548 μηνὸς,
1035 1479 1119 1547 ἐφ’
1155 1471 1198 1545 ᾧ
1239 1478 1305 1547 β’.
1349 1478 1604 1551 Ἀριθμὸς
1656 1476 1810 1549 μηνῶ

1957 1469 2032 1523 mia
2069 1466 2329 1522 Kalendis
2358 1463 2653 1530 Romanis;
2693 1465 2910 1520 instans
2943 1479 3095 1532 vero,
3133 1473 3186 1519 et
3226 1479 3392 1535 supra
3423 1464 3517 1519 de-

249 1569 612 1639 ὲπαγομένων
645 1570 916 1634 ἐνιαυτοῦ,
957 1571 1066 1624 ἀπὸ
1103 1570 1484 1641 Μουνυχιῶνος
1511 1570 1809 1641 ἀρχομένου

1957 1574 2082 1622 :em,
2117 1565 2171 1613 et
2199 1571 2465 1628 praeceps,
2501 1571 2599 1611 seu
2630 1555 2910 1621 desinens,
2945 1557 3051 1612 illis
3081 1556 3299 1610 dicendi
3338 1555 3517 1611 modis

248 1660 336 1729 ἐφ’
369 1653 414 1729 ᾧ
445 1668 514 1730 γ’.
551 1661 836 1732 Γινόμενος
877 1662 1108 1734 ἀριθμὸς
1154 1665 1219 1716 ὲκ
1258 1663 1367 1716 τῶν
1401 1669 1469 1727 a',
1507 1664 1572 1732 β’,
1615 1671 1663 1730 γ’
1704 1666 1806 1734 ὁμο

1958 1651 2173 1714 Latinis,
2209 1648 2580 1728 ante.Nonas,
2609 1657 2737 1704 ante
2767 1648 2915 1712 ldus,
2952 1659 3078 1704 ante
3109 1647 3400 1705 Kalendas.
3445 1648 3518 1703 Ut

247 1753 582 1824 ληφθέντων,
613 1755 697 1824 ἐφ’
726 1748 771 1823 ᾧ
817 1755 879 1808 δ’.
911 1756 1222 1828 ’Υπερέχων
1263 1755 1372 1810 τῶν
1405 1757 1718 1827 τριάκοντα,
1752 1757 1807 1826 ἐς

1959 1759 2074 1799 »νει-ο
2107 1744 2267 1800 nobis
2297 1761 2406 1799 non
2439 1744 2677 1814 amplius
2708 1757 2844 1800 usus
2872 1744 3099 1800 extremi
3139 1752 3195 1797 et
3229 1743 3413 1812 primi,
3439 1743 3519 1796 sic

248 1822 397 1914 {Iret
443 1822 714 1918 ’Υπεροχὴ
747 1822 835 1915 ἐφ’
866 1841 910 1916 ᾧ
955 1846 1021 1910 ζ’.
1048 1822 1297 1920 ,Σέλήνης
1343 1822 1568 1920 ήμέρῶν
1609 1822 1808 1920 saepe;

1958 1852 2010 1891 te
2041 1834 2304 1891 Romanis
2346 1836 2565 1906 quidem
2605 1837 2926 1901 interlunii;
2962 1836 3105 1891 diem
3146 1835 3291 1890 enim
3333 1833 3518 1902 (cujus

247 1939 627 2010 ἐπαγομένων,
657 1941 741 2010 ἐφ’
842 1946 912 2010 η’.
943 1939 1016 1994 Τὸ
1045 1940 1108 2011 δὴ
1147 1940 1190 1993 δ’
1219 1940 1369 1994 ἔσται
1401 1943 1513 1994 ἴσον
1534 1940 1612 2012 τῷ
1645 1947 1714 2012 η’,
1745 1941 1807 1995 ea:

1953 1946 2071 1999 pars
2112 1929 2385 1984 desinenti
2422 1931 2620 1995 mensi,
2659 1943 2790 2000 pars
2817 1929 3102 1998 incipienti
3135 1927 3398 1997 competit
3425 1942 3513 1981 sc—

251 2030 327 2099 μὴ
356 2030 416 2082 τὸ
447 2037 488 2082 ε’
522 2030 742 2103 ὑπάρχῃ
781 2031 858 2103 τῷ
886 2031 950 2086 δ’.
993 2032 1120 2085 Ἐὰν
1157 2033 1203 2086 δ’
1239 2033 1479 2106 ὑπάρχῃ,
1517 2033 1578 2084 τὸ
1612 2034 1653 2097 ζ’
1687 2033 1811 2087 έστα

1959 2023 2180 2079 :undum
2215 2023 2422 2092 lunam)
2460 2021 2690 2076 Romani
2732 2024 2804 2076 ita
2836 2032 3055 2077 vocant.
3091 2020 3213 2074 llaec
3249 2021 3412 2090 igitur
3439 2019 3519 2074 sic

249 2119 365 2172 ἴσον
392 2119 470 2191 τῷ
496 2119 557 2173 δ’.
599 2119 673 2172 Τὸ
712 2120 768 2173 δὲ
799 2127 848 2174 α’
885 2119 1114 2191 ληπτέον
1139 2121 1238 2174 ὅτι
1277 2119 1442 2173 ἐστίν.
1483 2119 1686 2173 Ἱκανὸν
1731 2119 1809 2186 γὰη

1959 2122 2168 2184 recepta
2212 2114 2352 2170 bene
2404 2115 2628 2185 quidem
2689 2114 2943 2170 habeant.
2998 2111 3184 2184 Neque
3237 2127 3368 2166 vero
3430 2111 3519 2165 hic

247 2211 324 2274 ὼς
361 2211 497 2282 πρὸς
525 2211 652 2274 τοὺς
672 2211 898 2276 πολλοὺς
926 2211 986 2265 τὸ
1008 2213 1036 2265 ὃ
1059 2229 1131 2268 τι.
1162 2213 1315 2265 Ἔστι
1344 2213 1389 2265 δ’
1418 2211 1527 2283 ἄρα
1547 2211 1719 2266 εἴκοσι
1745 2230 1807 2266 κα

1960 2221 2127 2261 sermo
2157 2208 2336 2278 privat
2369 2208 2558 2271 rudes,
2587 2215 2642 2262 et
2671 2207 2875 2264 idiotas
2907 2206 3120 2262 dierum
3152 2207 3294 2260 lunae
3331 2203 3520 2276 cogni-

247 2302 394 2356 ὀκτὼ
421 2301 513 2355 τοῦ
542 2302 636 2356 νῦν
665 2305 929 2376 παρόντος
955 2303 1258 2377 ὴραρχικοῦ
1288 2303 1460 2368 ἔτους.
1495 2303 1807 2368 Ἐπαυξέσθι

1957 2301 2110 2357 ηἰοηθ.
2145 2309 2408 2371 quotnam
2433 2301 2648 2356 scilicet
2680 2299 2926 2370 quotidie
2955 2299 3086 2354 sint.
3122 2297 3349 2353 Multum
3373 2297 3517 2352 enim

247 2395 307 2448 δὲ
335 2395 456 2449 καθ’
504 2397 733 2452 ἕκαστον
781 2397 899 2462 ἔτος
946 2398 1244 2469 ἠραρχικὸν
1285 2396 1576 2468 προσθέσει
1617 2397 1726 2451 τῶν
1757 2397 1807 2450 ἓν

1961 2393 2008 2447 ul
2038 2394 2090 2448 id
2120 2394 2382 2450 conducit
2405 2394 2620 2450 dierum
2653 2393 2853 2450 solaris
2884 2393 3092 2449 mensis
3123 2391 3351 2460 peritia;
3389 2389 3521 2443 l‘aei-

248 2485 402 2540 δεκα.
441 2488 551 2540 Καὶ
575 2488 795 2542 ἐπειδὰν
827 2488 934 2541 τῶν
963 2489 1254 2559 τριάκοντα
1289 2490 1553 2561 ὑπερέχῃ,
1601 2489 1808 2560 εἰλήφθι

1958 2485 2161 2556 iusque
2201 2494 2286 2542 est
2317 2501 2412 2542 eos
2453 2486 2574 2542 dies
2625 2487 2836 2556 epactis
2887 2485 3170 2556 adjicienti
3200 2481 3518 2552 huiusmodi

249 2578 282 2646 ἡ
313 2577 556 2648 ὑπεροχὴ
590 2585 656 2631 α’.
694 2579 802 2630 Καὶ
833 2576 975 2630 οὕτω
1003 2577 1066 2648 δὴ
1104 2576 1393 2642 ὲπαύξοντι
1427 2579 1536 2632 αἰεὶ
1565 2579 1659 2632 καί
1701 2580 1809 2651 λαμ

1967 2595 2188 2634 unarem
2218 2594 2508 2634 numerum
2538 2579 2804 2634 invenire.
2853 2579 3035 2649 Atque
3069 2579 3158 2633 hic
3186 2594 3293 2633 non
3337 2575 3521 2648 requi-

251 2669 467 2722 ϐάνοντι
510 2669 740 2740 ληπτέον
773 2671 835 2724 τὸ
872 2677 942 2726 a'.
989 2671 1292 2742 Πρόσθεσις
1339 2672 1422 2742 ἐφ’
1457 2664 1502 2739 ᾧ
1543 2670 1608 2724 θ’.
1649 2671 1811 2742 Ἑτέρα

1957 2673 2112 2728 renda
2142 2673 2362 2728 subtilis
2382 2682 2685 2742 exactaque
2719 2673 3024 2744 diligentia.
3057 2670 3273 2742 Epactze
3305 2670 3416 2726 sint
3438 2669 3517 2735 A;

252 2762 497 2834 ὑπεροχὴ
530 2763 614 2830 ἐφ’
651 2757 696 2831 ᾧ
744 2761 794 2815 ι’.
839 2763 1289 2835 Προσληφθέντος
1325 2765 1388 2825 δὴ
1437 2764 1529 2817 τοῦ
1573 2764 1616 2817 θ’
1651 2764 1730 2834 τῷ
1768 2771 1812 2817 a‘

1961 2781 2209 2822 numerus
2242 2765 2455 2820 dierum
2481 2767 2680 2821 solaris
2711 2765 2917 2821 mensis
2951 2765 3196 2820 seriatim
3230 2763 3521 2817 continua-

254 2855 406 2909 ἔσται
435 2857 497 2909 τὸ
527 2862 596 2919 α’,
619 2857 694 2920 ὼς
727 2857 883 2912 ἐννέα
926 2857 1018 2910 τοῦ
1055 2858 1299 2921 ἐπιόντος
1323 2856 1628 2928 ἠραρχικοῦ
1654 2857 1804 2920 ἔτους

1961 2874 2127 2913 ,nrum
2162 2860 2235 2915 sit
2265 2859 2346 2924 B;
2389 2875 2654 2915 numerus
2694 2859 2963 2915 mensium
3015 2857 3143 2910 anni
3178 2869 3521 2924 consequen-

253 2951 346 3002 καὶ
376 2948 538 3003 πάλιν
597 2949 1054 3021 προσληφθέντος,
1094 2949 1245 3002 ἔσται
1283 2949 1358 3013 ὼς
1403 2949 1574 3002 εἴκοσι
1619 2947 1711 3001 τοῦ
1747 2951 1813 3016 ἐφ

1959 2952 2082 3005 .ium
2115 2966 2144 3004 a
2186 2949 2381 3006 Martio
2410 2952 2630 3021 quidem
2682 2951 2998 3022 incipientis
3037 2950 3111 3015 (ἐς
3152 2947 3423 3003 conﬂatus
3452 2961 3519 3000 ex

254 3042 380 3112 εξῆς
432 3044 616 3106 ἔτους·
662 3039 875 3106 εἷταώς
927 3043 1022 3113 μία
1072 3042 1166 3096 τοῦ
1210 3042 1348 3113 μετὰ
1383 3041 1572 3095 ταῦτα.
1617 3042 1689 3094 Τὸ
1731 3042 1814 3113 γὰι

1961 3042 2009 3105 ι,
2042 3041 2104 3104 Β,
2135 3041 2176 3095 C
2212 3057 2498 3104 numerus,
2549 3043 2622 3096 sit
2661 3041 2736 3108 D;
2787 3059 3052 3098 numerus
3101 3041 3376 3095 excedens
3419 3039 3521 3091 tri-

257 3141 284 3185 ι’
315 3134 380 3204 δὴ
412 3133 487 3198 ὡς
519 3135 636 3205 μία.
685 3135 796 3188 Καὶ
839 3134 1011 3198 οὕτως
1040 3135 1126 3187 ἀεί
1145 3150 1158 3163 °
1192 3132 1755 3204 ὲπιστημονικώτερον
1783 3133 1817 3185 δὲ

1960 3133 2094 3202 ginta
2127 3133 2199 3188 sit
2229 3132 2306 3200 E;
2335 3149 2599 3189 excessus
2630 3135 2718 3189 ille
2747 3143 2970 3190 vocetur
3001 3132 3074 3199 F;
3108 3146 3372 3187 numerus
3406 3130 3520 3184 die-

253 3213 376 3274 ὧδε.
1192 3219 1194 3221 ’
1866 3218 1906 3274 C
1944 3239 2063 3277 rum
2110 3225 2254 3280 luna:
2297 3227 2758 3296 consequentium
2811 3229 2881 3282 sit
2923 3225 2990 3282 ϐ.
3027 3225 3298 3280 (Συειθτυω
3346 3222 3389 3275 D
3420 3221 3525 3278 erit

253 3319 434 3386 qualis
461 3318 527 3387 G,
567 3320 675 3374 nisi
713 3319 754 3372 E
803 3319 876 3376 sit
925 3318 986 3374 D.
1043 3317 1200 3385 Quod
1257 3319 1303 3375 si
1352 3321 1445 3383 sit,
1479 3320 1521 3374 F
1586 3321 1692 3376 erit
1756 3322 1934 3392 qualis
1997 3320 2060 3374 Ι).
2097 3322 2144 3375 A
2181 3338 2328 3384 vero,
2368 3324 2421 3377 id
2465 3333 2551 3379 est
2595 3332 2915 3395 epactarum
2957 3338 3196 3387 summa,
3265 3335 3526 3391 quaecun-

253 3425 360 3486 que
394 3414 488 3475 sit,
525 3411 790 3466 sumenda
824 3421 928 3469 est.
965 3415 1174 3469 Suﬂieit
1198 3416 1344 3470 enim
1376 3417 1542 3487 vulgo
1597 3416 1689 3470 illa
1744 3433 2088 3487 quaecunque
2127 3419 2220 3472 sit.
2257 3417 2397 3472 Sunt
2464 3420 2650 3490 itaque
2698 3420 2894 3490 viginti
2939 3428 3066 3475 octo
3113 3427 3320 3489 epacta:
3379 3431 3520 3487 prae-

255 3507 428 3561 sentis
475 3507 604 3562 anni
646 3523 676 3560 a
716 3522 844 3562 vere
891 3508 1226 3578 incipientis.
1268 3507 1470 3564 Verum
1509 3517 1817 3578 augeantur
1865 3526 1962 3578 per
1986 3510 2235 3579 singulos
2266 3525 2442 3566 annos
2478 3513 2733 3567 similiter
2780 3529 2809 3566 a
2843 3527 2968 3567 vere
3010 3513 3358 3569 inchoantes.
3419 3509 3523 3563 ad-

254 3603 462 3656 ditione
497 3598 771 3654 undecim.
811 3599 874 3653 Et
911 3600 1132 3670 quando
1174 3601 1260 3654 hic
1303 3616 1569 3656 numerus
1601 3601 1824 3668 triginta
1875 3601 2198 3669 excesserit,
2229 3611 2482 3656 sumatur
2512 3604 2602 3659 ille
2648 3619 2914 3660 excessus
2949 3607 3014 3658 A.
3055 3603 3120 3657 Et
3159 3605 3239 3658 sic
3306 3617 3523 3672 semper

255 3697 476 3768 augenti
514 3705 568 3752 et
635 3697 927 3766 accipienti
976 3697 1302 3752 sumendum
1362 3703 1447 3752 est.
1510 3697 1575 3749 A.
1625 3695 1748 3750 Fiat
1815 3696 2026 3750 additio
2073 3695 2138 3751 Η.
2194 3697 2350 3753 Alter
2398 3713 2661 3754 excessus
2708 3701 2780 3756 sit
2821 3701 2864 3770 l,
2911 3700 3190 3755 additione
3236 3698 3301 3763 ll,
3360 3697 3525 3753 simul

257 3799 473 3862 sumpta
522 3807 645 3846 cum
679 3791 746 3857 A,
782 3792 834 3846 id
889 3796 994 3856 est,
1046 3807 1171 3846 cum
1217 3792 1409 3862 viginti
1461 3799 1586 3846 octo
1629 3791 1839 3862 epactis
1881 3794 2166 3862 prmsentis
2211 3794 2340 3848 anni
2396 3793 2475 3860 A,
2509 3811 2838 3852 excrcscens
2883 3811 3095 3851 summa
3147 3796 3252 3850 erit
3313 3793 3525 3850 dierum

259 3899 450 3938 novem
484 3885 766 3954 sequentis
805 3886 932 3938 anni
964 3899 994 3939 a
1024 3901 1152 3939 vere
1183 3885 1482 3940 inchoativi
1514 3905 1524 3939 :
1556 3894 1608 3942 et
1636 3901 1834 3942 rursus
1874 3887 2018 3942 facta
2051 3889 2350 3958 additioue,
2389 3871 2553 3945 erunt
2580 3891 2771 3962 viginti
2808 3892 2967 3962 166
3026 3900 3232 3961 epacta:
3294 3903 3528 3958 sequen-

257 3979 330 4034 tis
382 3977 544 4043 anni;
592 3976 790 4033 deinde
840 3992 948 4032 una
1000 3986 1190 4048 epacta
1231 3980 1360 4032 anni
1409 3979 1504 4050 qui
1547 3981 1824 4035 succedet.
1874 3980 2078 4037 lenim
2108 3999 2370 4040 excessus
2399 3985 2676 4040 secundus
2711 4001 2818 4039 uua
2850 3987 3120 4040 duntaxat
3175 3994 3365 4054 epacta
3421 3993 3524 4039 est.

259 4073 324 4127 Et
361 4075 434 4128 ita
461 4073 684 4129 assidue
711 4074 836 4141 ﬁat;
877 4075 1108 4144 peritius
1140 4090 1271 4129 vero
1297 4075 1398 4131 sic.

685 4190 939 4258 Εὗρεσις
974 4189 1095 4243 τῶν
1121 4191 1414 4246 ἐπακτῶν.

2427 4187 2668 4242 Iuventio
2690 4196 3015 4257 epactarum.

331 4306 445 4372 ις’.
465 4304 753 4377 Διῃρήσθω
797 4305 948 4376 παρὰ
980 4305 1333 4359 ὲνεακαίδεκα
1359 4307 1426 4360 τὰ
1447 4307 1553 4359 ἀπὸ
1575 4307 1837 4375 γενέσεως
1875 4301 1880 4304 ’

2018 4298 2157 4354 XVI.
2203 4299 2528 4353 Dividantur
2561 4298 2688 4351 anni
2716 4313 2746 4350 a
2772 4297 2939 4351 natali
2969 4296 3285 4352 Christiano
3309 4314 3404 4368 per
3431 4313 3527 4354 no-

260 4396 352 4449 τοῦ
393 4395 528 4450 Θεοῦ
571 4395 890 4467 ἀπαγόμενα
929 4397 1046 4466 ἐτη,
1079 4397 1474 4469 προσκειμένου
1505 4399 1714 4462 τούτοις
1746 4400 1820 4452 κα

1969 4395 2269 4461 νοηιᾱθοίιη,
2302 4393 2389 4448 his
2430 4408 2540 4446 uno
2586 4392 2760 4446 altero
2797 4405 2939 4444 anno
2980 4390 3144 4444 etiam
3183 4391 3391 4448 addito.
3433 4393 3529 4446 Su-

261 4490 379 4553 ὲνὸς
419 4487 500 4542 ἔτι
543 4487 730 4558 ἐτέρου
777 4487 950 4552 ἔτους.
1008 4489 1366 4561 Εἰλήφθωσαν
1395 4490 1452 4543 δὲ
1482 4492 1538 4542 αἱ
1577 4491 1716 4562 ὑπὲρ
1743 4492 1821 4545 τὰ.

1969 4497 2170 4541 nantur
2198 4500 2327 4540 vero
2364 4484 2504 4548 dies,
2539 4483 2634 4553 qui
2665 4498 2729 4537 ex
2771 4497 2834 4536 ea
2865 4481 3138 4536 divisione
3170 4482 3311 4552 (quae
3339 4485 3397 4536 lit
3431 4499 3529 4552 per

261 4577 714 4642 ἐνεακαιδεκάδας
748 4579 1162 4651 περιττεύουσαι
1190 4581 1411 4652 ἡμέραι,
1449 4582 1542 4634 καὶ
1569 4582 1821 4636 πολυπλα

1971 4577 2350 4648 iovemdecim)
2412 4583 2744 4646 supererunt
2790 4594 2804 4630 :
2843 4582 2899 4630 et
2943 4574 3384 4643 multiplicentur
3433 4591 3531 4644 per

265 4671 646 4742 σιασθήτωσαν
696 4672 789 4725 ἐπὶ
837 4672 930 4726 τὸν
988 4673 1212 4726 ἕνδεκα*
1254 4671 1372 4727 εἶτα
1415 4675 1825 4746 διαιρεθήτωσαπ

1970 4669 2228 4736 undecim,
2253 4667 2451 4724 deinde
2477 4667 2794 4722 dividantur
2824 4681 2922 4735 per
2967 4665 3212 4736 triginta.
3247 4663 3350 4731 Qui
3381 4675 3530 4720 certe

264 4765 420 4836 παρὰ
477 4765 788 4836 τριάκοντα.
842 4767 907 4818 Αἰ
958 4763 1068 4836 γὰρ
1129 4766 1270 4838 ὑπὲρ
1311 4767 1409 4830 τὰς
1454 4768 1824 4839 τριακοντάδα.

1971 4776 2117 4832 ηψπ-ιι
2172 4760 2484 4816 tricesitnas
2541 4759 2826 4820 illas-,dies
2871 4757 3256 4821 remanebunt,
3313 4768 3442 4812 sunt
3485 4757 3531 4811 Α

264 4856 736 4922 πλεονάζουσαιτὸ
762 4863 810 4911 α’
852 4859 908 4910 αἱ
943 4859 1179 4912 ἐπακταί
1207 4861 1364 4913 εἰσιν.
1392 4853 1536 4923 Οἷον,
1568 4859 1712 4929 χίλια
1749 4860 1824 4929 μὲε

1973 4862 2174 4924 :pactae.
2204 4851 2367 4908 Verbi
2392 4851 2591 4922 gratia,
2618 4867 2765 4904 nunc
2797 4866 2826 4904 a
2858 4849 3026 4905 natali
3062 4850 3380 4906 Christiano
3403 4861 3533 4906 sunt

263 4951 358 5004 καὶ
386 4949 714 5020 τετρακόσια
748 4951 842 5004 καὶ
884 4950 1250 5022 ἑϐδομήκοντα
1288 4949 1382 5003 νῦν
1422 4949 1491 5003 τὰ
1519 4951 1627 5003 ἀπὸ
1653 4951 1822 5019 Θεογο

1973 4945 2100 5000 nille
2131 4943 2521 5014 quadringenti
2548 4941 2899 5012 septuaginta
2928 4940 3081 4994 anni.
3111 4940 3423 5011 Adjiciatur
3446 4941 3533 4995 his

265 5042 382 5104 νίας
409 5040 533 5112 ἔτη.
570 5039 923 5110 Προσκείσθω
955 5039 1011 5092 δὲ
1040 5040 1249 5102 τούτοις
1295 5041 1390 5093 καὶ
1426 5040 1504 5093 έν.
1541 5040 1825 5112 Διαιρεθένε

1975 5053 2112 5092 inus.
2165 5035 2262 5091 His
2295 5051 2426 5106 ergo
2465 5050 2563 5105 per
2607 5033 2984 5088 novemdecim
3021 5033 3358 5094 distributis.
3410 5049 3535 5088 cer-

265 5153 372 5188 των
413 5134 477 5206 δὴ
524 5133 729 5186 τούτων
759 5132 909 5204 παρὰ
958 5131 1343 5186 ἐνεακαίδεκα.
1386 5131 1544 5200 δῆλον
1585 5133 1667 5184 ὅτι
1705 5130 1825 5183 ὀκτὸ

1977 5147 2065 5185 um
2097 5138 2182 5185 est
2226 5139 2353 5182 octo
2396 5143 2679 5197 superare.
2716 5125 2965 5195 Sumptis
3006 5142 3136 5180 vero
3165 5126 3256 5180 his
3294 5133 3440 5189 oeto,
3481 5136 3534 5182 et

263 5227 318 5277 ai
356 5223 768 5287 πλεονάζουσαι.
815 5222 1138 5292 Ληφθεισῶν
1175 5223 1231 5274 δὲ
1273 5222 1380 5273 τῶν
1425 5221 1570 5274 ὀκτὼ
1621 5221 1712 5274 ἐπὶ
1757 5223 1823 5274 τὸ·

1975 5235 2046 5274 ter
2083 5217 2336 5272 undecim
2385 5216 2785 5287 multiplicatis,
2815 5216 2911 5286 qui
2941 5215 3232 5270 conﬁcitur
3271 5216 3397 5270 inde
3433 5233 3535 5271 nu-

264 5314 478 5378 ἓνδεκα,
515 5314 846 5384 ὀγδοήκοντα
875 5315 968 5367 καὶ
999 5312 1142 5365 ὀκτὼ
1174 5313 1384 5381 γίνεται
1422 5314 1481 5366 τὸ
1515 5315 1579 5366 ἐκ
1620 5313 1824 5366 τούτων

1975 5326 2160 5375 nerus,
2192 5310 2440 5364 continet
2463 5309 2745 5380 octoginta
2777 5318 2922 5364 octo.
2960 5307 3078 5363 Hoc
3104 5323 3326 5364 rursum
3357 5309 3535 5364 diviso

263 5407 639 5479 Διαιρεθέντος
669 5406 712 5460 δ’
742 5403 806 5461 αῦ
833 5405 1020 5459 τούτου
1055 5407 1134 5469 εἰς
1161 5405 1569 5477 τριακοντάδας,
1600 5405 1660 5459 τὸ
1687 5407 1818 5460 πλεο

1972 5420 2048 5460 ter
2077 5405 2323 5475 triginta,
2359 5418 2662 5458 excurrens
2692 5417 2906 5457 summa
2936 5402 3084 5472 capit
3107 5402 3532 5472 duodetriginta.

264 5501 427 5564 νάζον
456 5499 607 5554 ἔσται
637 5500 809 5553 εἴκοσι
838 5500 932 5553 καὶ
967 5499 1131 5552 ὀκτώ.
1163 5498 1334 5552 Τοῦτο
1370 5499 1416 5551 δ’
1456 5495 1524 5568 ἦν
1553 5504 1600 5551 α’
1629 5498 1722 5551 τοῦ
1754 5499 1824 5554 νῦ·

1977 5500 2008 5552 d
2050 5506 2232 5552 autem
2276 5506 2364 5552 est
2392 5496 2437 5550 A
2472 5505 2665 5566 epacta
2711 5495 2999 5564 praesentis
3045 5496 3174 5548 anni
3209 5515 3221 5547 :
3255 5496 3536 5560 similique

264 5592 536 5665 παρόντος
569 5592 817 5646 ἐνιαυτοῦ
835 5609 848 5623 ·
882 5591 1143 5661 ἀνάλογον
1170 5592 1227 5646 δὲ
1255 5593 1349 5645 καὶ
1377 5592 1439 5645 τὸ
1467 5591 1648 5644 λοιπὸν
1677 5592 1783 5644 αἰεὶ
1811 5596 1824 5645 1'

1965 5590 2164 5644 ratione
2195 5590 2248 5643 in
2290 5596 2571 5659 posterum
2617 5588 2722 5642 erit
2771 5597 3090 5656 epaclarum
3123 5587 3387 5642 inventio.
3435 5587 3525 5642 Sic

265 5684 481 5755 εῦρεσις
507 5684 659 5738 ἔσται
685 5683 782 5737 τοῦ
810 5691 880 5737 α’.
919 5683 1087 5737 Πάλιν
1121 5685 1186 5755 δὴ
1227 5685 1319 5736 καὶ
1357 5682 1498 5735 οὕτω
1532 5681 1766 5735 λαϐόντα
1790 5684 1825 5734 τί

1979 5684 2126 5751 gitur
2149 5682 2346 5743 iterum
2382 5682 2619 5750 sumptis
2645 5681 2875 5750 epactis,
2899 5679 2942 5731 A
2969 5679 3200 5741 scilicet,
3237 5679 3537 5750 adjiciatur

268 5786 336 5841 a’,
365 5777 689 5848 προσθετέον
717 5776 864 5848 αὐτῷ
888 5778 947 5830 τὸ
975 5777 1018 5846 β’
1055 5777 1146 5831 καὶ
1174 5784 1241 5845 γ’·
1301 5777 1359 5829 τό
1398 5793 1452 5828 τε
1491 5774 1702 5827 σύνολον
1723 5775 1780 5826 τὸ
1809 5775 1828 5826 ὃ

1974 5785 2011 5828 :t
2046 5773 2102 5839 Β,
2141 5772 2284 5840 etC,
2317 5779 2430 5827 tum
2457 5772 2498 5825 D
2528 5792 2538 5827 :
2574 5789 2785 5829 summa
2836 5789 2900 5828 ex
2937 5773 3001 5826 iis
3037 5771 3268 5840 conﬂata
3307 5772 3534 5828 dicenda
