3950 6266
433 318 570 377 1207

1445 328 1538 383 AD
1576 326 1846 387 EUSEBII
1871 328 2267 390 CHBONICON
2293 332 2655 393 APPENDIX.

3547 343 3690 401 ιεοε

426 446 509 491 est
547 434 613 499 G,
647 432 751 489 nisi
781 437 1080 493 excesserit
1120 439 1366 512 triginta.
1413 441 1549 498 Nam
1596 446 1643 501 si
1674 448 1986 513 excesserit,

2102 452 2295 522 ῥητέον
2321 449 2461 510 εἶναι
2490 454 2554 508 τὸ
2583 462 2653 528 η’,
2687 454 2785 511 ἐὰν
2830 457 2905 529 μὴ
2938 458 3182 535 ὑπερέχῃ
3217 459 3324 514 τῶν
3361 459 3687 533 τριάκοντα.

428 528 516 581 hic
566 543 826 584 excessus
883 532 990 584 erit
1045 531 1333 591 dicendus.
1380 535 1567 607 Neque
1616 555 1748 593 vero
1805 542 1999 596 horum

427 619 722 689 quidquam
743 619 899 678 festis
918 622 1114 681 diebus
1140 627 1531 698 impedimento
1545 639 1649 686 est.
1670 633 1830 688 Anno
1854 635 1998 689 enim

425 718 542 764 toto
565 712 620 764 in
653 710 792 767 duas
813 719 868 767 ct
888 716 1282 787 quinquaginta
1317 720 1653 789 septimanas
1677 723 1997 788 distributo,

425 817 491 855 ex
515 809 756 871 quatuor
793 807 1118 873 septimanis
1145 810 1345 879 singuli
1375 827 1591 868 menses
1624 828 1652 866 a
1682 816 1841 887 nol-.is
1865 832 2000 870 con-

425 894 803 958 stituerentur,
834 904 890 950 et
916 906 1115 967 praeter
1154 899 1204 952 id
1239 903 1449 955 numeri
1481 911 1720 973 quatuor
1746 905 1865 961 dies
1896 907 1998 960 ha-

426 985 631 1040 bebunt
682 988 1095 1051 sanctissimos,
1153 991 1400 1062 singulos
1446 1010 1544 1064 per
1596 998 1993 1063 septimanam:

426 1077 532 1131 nisi
567 1078 612 1132 si
650 1076 787 1134 forte
830 1088 1234 1138 antevertenles
1284 1084 1449 1155 aliqui
1499 1102 1526 1140 a
1582 1086 1867 1145 Dominico
1908 1091 1998 1147 die

424 1172 708 1243 incipiant,
743 1174 825 1228 vel
860 1173 1072 1229 tardius
1115 1177 1433 1235 incedentes
1460 1179 1603 1235 intra
1642 1184 1875 1237 mediam
1907 1198 1986 1240 se-

423 1266 865 1336 ptiman:-m.'At
915 1268 1122 1323 mensis
1177 1267 1455 1327 Plethonis
1514 1288 1611 1328 sex
1658 1273 1828 1329 festos
1875 1276 1994 1333 dies

426 1360 739 1424 continens,
769 1358 941 1415 aufert
981 1362 1104 1431 plus
1130 1361 1285 1431 justo
1315 1366 1749 1420 necessariorum
1783 1367 1990 1424 civitati

422 1464 668 1519 operum.
706 1448 934 1520 lgnavos
979 1451 1125 1506 enim
1158 1459 1320 1522 atque
1356 1454 1558 1509 inertes
1605 1469 1728 1509 esse
1765 1470 1994 1513 necesse

420 1549 505 1595 est
531 1556 646 1603 eos,
682 1542 778 1611 qui
819 1541 956 1596 festa
1012 1543 1243 1611 agitant.
1291 1541 1356 1594 Et
1405 1544 1565 1598 simul
1613 1553 1725 1600 tres
1762 1544 1879 1600 dies
1911 1544 1993 1600 fe-

421 1641 536 1687 stos
575 1647 697 1688 esse
728 1631 985 1702 deinceps
1009 1648 1074 1687 ex
1107 1632 1388 1688 Plethonis
1418 1634 1764 1690 institutione
1797 1651 1995 1693 usuve-

418 1724 502 1779 nit
535 1742 547 1779 :
577 1724 783 1780 mensis
827 1725 1047 1795 quidem
1104 1726 1352 1779 ultimum
1385 1725 1569 1796 (quem
1604 1735 1845 1783 veterem
1883 1745 1987 1784 vo-

2117 543 2241 599 Ἐὰν
2269 544 2312 598 δ’
2343 547 2606 622 ὑπερέχῃ,
2635 548 2733 622 τὴν
2767 548 3041 622 ὑπεροχὴν
3078 546 3217 606 εἶναι
3238 551 3479 608 λεκτέον.
3526 556 3687 611 Ἀλλὰ

2104 633 2211 705 μὴν
2240 634 2361 688 οὐδὲ
2390 638 2508 701 ταῖς
2542 638 2880 710 ἱερομηνίαις
2910 640 3162 712 ἐμποδὼν
3199 643 3526 698 καθίσταται
3559 646 3687 701 τού-

2098 742 2207 779 των
2236 727 2412 782 οὐθέν.
2444 729 2549 783 Τοῦ
2581 730 2691 804 γὰρ
2720 732 2842 786 ὅλου
2894 734 3144 789 ἐνιαυτοῦ
3187 736 3566 809 διαιρουμένου
3603 741 3680 804 εἱς

2100 820 2436 890 πεντήκοντα
2471 824 2564 877 καὶ
2611 821 2702 878 δύο
2745 826 3000 892 ἐπτάδας,
3050 829 3115 882 ὲκ
3157 831 3435 905 τεττάρων
3472 832 3537 904 δὴ
3589 835 3682 887 καὶ

2098 910 2230 982 ἡμῖν
2267 913 2374 969 τῶν
2429 916 2614 987 μηνῶν
2657 918 2881 984 ἕκαστος
2927 920 3078 975 ἔσται
3121 923 3387 990 ἐπτάδων,
3435 925 3542 991 ἔξω
3571 927 3683 978 τῶν

2097 1003 2486 1079 ὑπεραρίθμων
2531 1027 2595 1079 γε
2644 1012 2906 1084 ἡμερῶν·
2957 1014 3052 1069 καὶ
3107 1015 3370 1089 τέτταρας
3421 1018 3534 1085 ἔξει
3580 1019 3680 1083 τὰς

2098 1098 2405 1167 ἁγιωτάτας
2436 1102 2544 1156 τῶν
2584 1105 2908 1177 ἱερομηνιῶν
2945 1107 3012 1161 δι’
3060 1108 3295 1181 ἑϐδόμης
3338 1110 3499 1181 μίαν·
3537 1109 3679 1182 πλὴν

2095 1193 2144 1244 εἱ
2182 1190 2292 1262 ἄρα
2319 1192 2428 1247 ἀπὸ
2462 1196 2658 1268 κυρίας
2687 1197 2906 1270 ἄρχοιτο
2936 1201 3236 1273 προτερῶν,
3277 1202 3310 1272 ἢ
3351 1202 3555 1274 μεταξὺ
3578 1203 3681 1274 τῆς

2095 1282 2324 1346 έπτάδος
2352 1299 2454 1337 που
2483 1285 2744 1358 ὑστερῶν.
2787 1290 2883 1357 Ἓξ
2908 1291 2965 1345 δὲ
3005 1292 3034 1344 ὁ
3076 1292 3169 1346 τοῦ
3196 1293 3483 1364 Πλήθωνος
3513 1294 3675 1365 ἔχων,

2094 1373 2255 1429 πλέον
2303 1394 2355 1430 τι
2410 1377 2505 1431 τοῦ
2563 1379 2773 1445 δέοντος
2833 1384 3147 1455 ἀφαιρεῖται
3194 1384 3302 1438 τῶν
3361 1387 3677 1455 ἀναγκαίων

2092 1464 2267 1537 ἔργων
2295 1471 2359 1540 τῇ
2392 1470 2563 1524 πόλει.
2608 1473 2824 1545 Ἀργεῖν
2863 1473 2975 1546 γὰρ
3014 1475 3224 1547 ἀνάγκη
3270 1476 3398 1541 τοὺς
3443 1476 3678 1545 ἄγοντας

2094 1557 2429 1630 ἱερομηνίαν.
2468 1563 2578 1616 Καὶ
2608 1562 2725 1634 ἅμα
2751 1568 2900 1636 τρεῖς
2939 1566 3137 1637 ἐφεξῆς
3177 1566 3496 1639 ἱερομηνίας
3533 1584 3676 1637 συμο

2091 1644 2263 1700 ϐαίνει
2298 1651 2601 1704 ποιεῖσθαι’
2655 1652 2783 1724 ἕνην
2826 1653 2925 1727 μὲν
2971 1655 3271 1710 Πλούτωνι·
3315 1655 3446 1727 ἔνην
3483 1656 3543 1709 δὲ
3583 1657 3680 1710 καὶ

2092 1738 2217 1793 νέαν
2246 1742 2339 1796 ἐπὶ
2374 1746 2439 1815 τῇ
2470 1742 2676 1799 ἑαυτῶν
2700 1745 3015 1816 ἐπισκέψειο
3047 1746 3338 1819 νουμηνίαν
3363 1748 3421 1801 δὲ
3458 1747 3538 1818 τῷ
3569 1747 3676 1802 Διί.

417 1817 526 1887 cat)
549 1814 767 1871 Plutoni
804 1835 817 1870 :
848 1824 1086 1872 veterem
1120 1826 1174 1873 et
1216 1833 1441 1882 novum,
1464 1817 1516 1874 id
1557 1829 1663 1881 est,
1693 1820 1986 1876 intermen-

2094 1831 2263 1886 Τοῦτο
2292 1833 2350 1888 δὲ
2380 1800 2686 1908 προσκορὲς
2705 1835 2771 1890 ἂν
2799 1837 2884 1908 εἴη
2910 1800 3417 1909 ρῦτωσύιίϐαῖνον.
3449 1800 3679 1892 Βέλτ

418 1919 631 1964 struum
656 1910 743 1965 sui
778 1910 1050 1981 cujusque
1079 1912 1439 1982 recognitioni
1467 1931 1481 1967 :
1519 1914 1861 1968 novilunium
1893 1930 1993 1969 au-

419 2008 525 2055 tem
572 1998 713 2056 Iovi.
764 1999 966 2055 Verum
1015 2001 1068 2056 id
1117 2003 1189 2055 ita
1240 2004 1461 2058 evenire
1506 2003 1848 2060 fastidiosum
1896 2007 1988 2061 sit.

420 2093 605 2163 Itaque
634 2110 730 2163 per
764 2093 1225 2149 intermissionem
1259 2111 1418 2166 agere
1450 2095 1659 2167 (eorum
1693 2099 1838 2151 enim
1869 2114 1992 2169 quae

418 2187 708 2243 intervallo
745 2185 902 2248 ﬁunt,
927 2187 973 2241 si
1001 2187 1243 2255 jucunda
1269 2187 1489 2257 quidem
1519 2198 1669 2251 sunt,
1691 2190 1991 2259 jucundior

415 2286 502 2334 est
551 2294 747 2333 sensus
788 2279 918 2333 :sin
970 2287 1153 2332 autem
1206 2278 1460 2339 molesta,
1505 2278 1889 2348 tolerabilior),
1934 2287 1990 2335 et

417 2382 580 2440 quam
649 2369 1019 2441 paucissimas
1078 2368 1244 2425 ferias
1305 2370 1585 2426 celebrare
1639 2371 1836 2427 melius
1895 2371 1986 2428 sit.

420 2460 596 2516 Unum
651 2461 798 2516 enim
859 2460 965 2516 hoc
1014 2461 1178 2516 civile
1225 2460 1538 2517 institutum
1594 2461 1987 2532 perniciosum,

417 2550 619 2605 multas
654 2549 865 2605 scilicet
900 2564 1061 2619 agere
1089 2568 1102 2605 :
1129 2565 1194 2605 ac
1224 2550 1441 2621 signum
1478 2556 1562 2606 est
1605 2564 1714 2605 non
1747 2553 1988 2620 pietatis,

415 2642 511 2697 sed
544 2643 865 2713 voluptatis.
908 2640 1178 2697 Caeterum
1219 2642 1315 2709 qui
1363 2640 1483 2696 dies
1528 2642 1704 2697 forent
1745 2644 1990 2699 celebres

415 2733 722 2805 feriatique,
757 2732 1009 2788 Pletlioni
1046 2732 1266 2803 quidem
1303 2749 1412 2788 non
1454 2741 1572 2789 erat
1612 2733 1871 2790 indecens
1909 2750 1992 2789 re-

414 2842 663 2891 censere,
700 2832 761 2880 ut
790 2825 882 2896 qui
917 2826 1057 2881 alios
1087 2826 1205 2882 dies
1229 2824 1421 2891 festos,
1452 2841 1615 2897 quam
1647 2827 1741 2896 qui
1773 2843 1803 2882 a
1829 2827 1989 2884 nobis

412 2916 618 2985 recepti
646 2916 780 2982 sint,
807 2915 1130 2971 constituat.
1161 2914 1331 2971 Nobis
1361 2932 1489 2972 vero
1517 2916 1573 2970 id
1599 2917 1826 2974 minime
1850 2932 1989 2989 opus

411 3018 497 3066 est
526 3030 540 3065 :
568 3024 692 3066 cum
724 3009 794 3064 de
818 3008 903 3063 his
931 3008 986 3062 in
1012 3009 1305 3079 prasentia
1343 3024 1527 3064 sermo
1554 3018 1845 3080 susceptus
1875 3025 1987 3065 non

2090 1919 2184 1978 οὖν
2209 1924 2579 1991 διαλείποντας
2617 1929 2773 1997 ἄγειν
2819 1931 2947 2001 (τῶν
2981 1932 3091 2002 γὰρ
3151 1932 3216 1984 ὲκ
3243 1930 3675 2001 διαλειμμάτων,

2091 2014 2262 2085 ἡδέων
2309 2014 2408 2086 μὲν
2451 2016 2639 2083 ὄντων,
2684 2010 2847 2089 ἡδίων
2885 2022 2919 2091 ἡ
2974 2020 3245 2092 αἴσθησις,
3289 2021 3554 2093 λυπηρῶν
3596 2021 3673 2087 δὲ,

2090 2105 2540 2177 εὐφορητοτέραο)
2566 2106 2753 2176 ὀλίγας
2780 2126 2838 2162 τε
2865 2109 2939 2175 ὡς
2974 2110 3053 2164 ἔνι
3102 2111 3334 2181 μάλιστα
3365 2111 3525 2179 ἄγειν
3558 2111 3677 2182 ἑορ-

2091 2196 2188 2260 τάς
2208 2213 2220 2228 ’
2261 2196 2320 2250 ἓν
2350 2197 2458 2271 γὰρ
2483 2199 2590 2253 τῶν
2621 2201 2841 2271 φαύλων
2891 2202 3297 2273 πολιτευμάτων
3336 2202 3455 2256 ἐστὶ
3497 2202 3593 2255 καὶ
3618 2201 3676 2255 ’ὠ

2091 2289 2290 2355 πολλὰς
2321 2293 2474 2361 ἄγειν
2498 2309 2510 2322 ·
2544 2295 2638 2348 καὶ
2665 2296 2889 2365 σημεῖον
2923 2296 2985 2351 οὐ
3025 2294 3351 2360 θεοσεϐείας,
3388 2294 3528 2349 ἀλλά
3550 2312 3675 2366 τρυ-

2090 2380 2196 2451 φῆς
2233 2381 2370 2435 ἐστι.
2422 2382 2581 2447 Τίνες
2625 2383 2670 2436 δ’
2708 2381 2775 2436 ἂν
2819 2384 3009 2456 εἴησαν
3044 2384 3376 2459 ἱερομηνίαι,
3424 2383 3672 2451 Πλήθωνι

2093 2473 2192 2543 μὲν
2224 2473 2465 2545 ἥρμοττε
2499 2475 2686 2543 φάναι,
2704 2475 2780 2539 ὡς
2806 2475 2868 2548 δή
2898 2493 3051 2540 τινας
3084 2477 3275 2548 ἐτέρας
3294 2475 3404 2529 τῶν
3430 2477 3567 2546 ἡμῖν
3591 2490 3675 2528 νο-

2093 2562 2397 2637 μιζομένων
2430 2566 2843 2638 νομοθετοῦντι·
2885 2571 3018 2641 ἡμῖν
3049 2569 3106 2623 δὲ
3135 2570 3336 2639 ἥκιστα
3362 2568 3465 2632 δεῖ,
3500 2567 3673 2631 ἄλλως

2087 2674 2148 2709 τε
2173 2659 2266 2711 καὶ
2315 2658 2390 2731 μὴ
2438 2660 2566 2732 περὶ
2592 2660 2782 2715 τούτου
2831 2662 2927 2717 νῦν
2965 2664 3116 2726 ὄντος
3153 2662 3247 2716 τοῦ
3284 2661 3469 2730 λόγου.
3506 2661 3673 2730 Δῆλον

2087 2749 2197 2821 γὰρ
2238 2750 2320 2804 ὅτι
2356 2750 2456 2816 τὰς
2498 2754 2856 2825 νομιζομένας
2894 2755 3159 2827 τέτταρας
3196 2754 3307 2821 ἔξει
3338 2755 3448 2809 τῶν
3488 2754 3675 2826 μηνῶν

2088 2839 2316 2904 ἕκαστος
2359 2842 2479 2914 Θεῷ
2521 2845 2600 2916 τῷ
2644 2846 2793 2918 αὐτῷ
2821 2847 3133 2902 ἀναστάντι.
3168 2850 3425 2918 Ἀμεινον
3451 2848 3565 2917 γὰρ
3595 2848 3672 2911 εἱς

2096 2932 2303 2987 ἐλάττω
2331 2934 2407 2998 ὡς
2434 2934 2501 2989 ἂν
2532 2936 2767 3006 μάλιστα
2857 2942 3132 3011 συναιρεῖν
3154 2937 3223 2993 τά
3249 2939 3381 3008 περὶ
3405 2936 3469 2991 τὸ
3496 2937 3668 2991 Θεῖον.

2089 3022 2167 3094 Τῇ
2202 3023 2246 3076 δ’
2278 3024 2435 3096 ἡμῶν
2465 3026 2647 3095 αὐτῶν
2682 3029 2968 3101 ἐπισκέψει
3008 3029 3322 3102 ἱερομηνίαν
3357 3029 3543 3102 ὁρίσαι
3569 3028 3671 3081 ἀνά

413 3103 505 3157 sit.
549 3099 686 3155 Nam
734 3111 943 3156 certum
996 3110 1104 3162 est,
1140 3099 1365 3154 Christo
1411 3101 1719 3172 resurgenti
1761 3103 1986 3161 rituales

2090 3116 2316 3172 ἕκαστον
2342 3119 2507 3190 μῆνα,
2537 3122 2631 3175 καὶ
2659 3122 2805 3191 ἅπαξ
2837 3099 2932 3177 τοῦ
2974 3099 3142 3195 μηνὸς
3188 3099 3479 3190 έπίσκειιμιν
3506 3121 3670 3173 ποιεῖ-

408 3201 464 3248 et
489 3192 764 3264 legitimos
793 3199 1030 3261 quatuor
1063 3190 1180 3247 dies
1219 3207 1461 3246 mensem
1499 3166 1796 3262 quemlibet
1824 3194 1984 3251 habi-

2095 3211 2217 3265 σθαι
2244 3166 2805 3287 τῶνιῄαιῖέιλιπνραγμένωνὋ
2830 3166 3092 3287 ἡμῖνῗῶς
3114 3166 3267 3280 ὶξιοῖ
3296 3166 3550 3287 Πλίῖθων,
3576 3213 3669 3284 οὐχ

410 3293 616 3340 turum.
651 3282 1006 3339 Commodius
1032 3283 1198 3347 enim,
1225 3299 1388 3353 quam
1415 3300 1712 3355 possumus
1757 3289 1985 3344 minimo

411 3392 499 3433 res
527 3375 742 3431 divinas
768 3373 1115 3429 contrahere.
1144 3372 1215 3427 At
1247 3372 1392 3428 diem
1425 3373 1628 3430 festum
1661 3377 1821 3432 nobis
1852 3378 1986 3449 ipsis

409 3467 721 3539 spectandis
771 3467 1004 3538 singulis
1054 3465 1341 3522 mensibus
1387 3468 1890 3537 praescribendum,
1931 3479 1986 3527 et

407 3575 591 3617 rerum
633 3574 664 3614 a
703 3558 864 3614 nobis
901 3567 1244 3629 patratarum
1292 3559 1687 3630 inspectionem
1728 3563 1897 3618 semel
1930 3564 1985 3620 in

406 3668 596 3710 mense
640 3651 965 3717 faciendam,
1013 3658 1074 3707 ut
1108 3661 1296 3709 censet
1336 3651 1587 3720 Plethon,
1634 3670 1736 3711 nos
1764 3657 1983 3727 quidem

404 3760 686 3816 negamus.
730 3741 931 3800 Verum
962 3743 1109 3814 pium
1139 3751 1501 3815 sanctumque
1532 3745 1606 3801 sit
1634 3745 1686 3800 id
1713 3745 1981 3816 quotidie,

404 3836 605 3893 nedum
635 3836 807 3900 feriis,
838 3838 1088 3900 actitare,
1119 3844 1282 3892 nocte
1303 3836 1518 3893 scilicet
1546 3853 1576 3892 a
1604 3853 1799 3894 somno
1835 3837 1985 3894 solli-

404 3928 594 3993 eienti,
631 3935 686 3982 et
714 3927 821 3982 cibi
854 3928 1215 3983 concoctione
1247 3927 1444 3997 prima,
1479 3928 1768 3984 nobiscum
1812 3946 1983 4002 repu-

405 4027 604 4084 tantes,
643 4018 903 4089 quidnam
937 4019 1140 4089 piaculi
1171 4019 1349 4088 pridie
1381 4019 1682 4077 admissum
1714 4023 1810 4086 sit,
1834 4025 1982 4095 quod

403 4111 682 4182 expiatum
721 4112 788 4166 iri
818 4118 1068 4182 oporteat
1096 4112 1361 4184 postridie
1386 4133 1399 4169 :
1426 4123 1543 4170 tum
1574 4115 1680 4169 hoc
1705 4116 1887 4171 statim
1914 4120 1984 4175 ab

2090 3305 2251 3374 ἡμεῖς
2283 3303 2348 3372 γέ
2387 3321 2567 3374 φαμεν
2588 3322 2603 3336 ο
2660 3306 2798 3361 ἀλλά
2832 3306 2956 3360 καθ’
2984 3306 3200 3378 ἡμέραν
3240 3305 3481 3376 ἑκάστην
3520 3303 3672 3357 τοῦτο

2092 3396 2364 3451 ποιεῖσθαι
2387 3398 2514 3453 ἄνευ
2547 3399 2882 3471 ἱερομηνίας,
2913 3399 3132 3469 νύκτωρ
3162 3398 3257 3452 ἐπὶ
3296 3395 3451 3468 ὕπνῳ
3483 3394 3669 3466 ἱκανῷ,

2092 3488 2188 3542 καὶ
2217 3493 2424 3563 τροφῆς
2451 3490 2615 3561 πέψει
2653 3494 2718 3563 τῇ
2753 3491 2947 3566 πρώτῃ
2986 3489 3475 3561 ἀναλογιζομένους
3505 3488 3558 3543 τί
3581 3488 3669 3559 6f]-

2092 3597 2224 3634 ποτε
2254 3582 2596 3654 πεπραχότες
2620 3585 2686 3654 τῇ
2716 3583 3020 3655 προτεραίᾳ
3061 3582 3259 3654 ἐσμέν·
3286 3581 3390 3637 κάν
3416 3598 3472 3634 τι
3507 3576 3542 3655 ᾗ
3573 3594 3667 3632 πε-

2092 3672 2582 3745 πλημμελημένον,
2618 3674 2788 3728 ἔωθεν
2828 3675 3011 3740 εὐθὺς,
3155 3675 3322 3736 ὅσιον,
3358 3671 3668 3746 ἐπανορθω-

2094 3764 2367 3835 σαμένων,
2406 3766 2602 3834 λογίων
2647 3766 2953 3838 ἀκροᾶσθαι
3005 3765 3373 3839 καθαρτικῶν,
3430 3765 3529 3819 καὶ
3576 3766 3667 3818 έπ-

2090 3852 2262 3918 ὁπτας
2289 3854 2399 3909 τῶν
2438 3857 2758 3925 ἁγιωτάτων
2790 3857 2950 3930 ἱερῶν
2995 3858 3339 3929 γενομένους.
3386 3857 3589 3910 Ἐνίοτε
3613 3854 3667 3908 δὲ

2094 3945 2260 4016 μοίρᾳ
2286 3945 2462 4017 ἀγαθῇ
2484 3946 2575 3999 καὶ
2594 3946 2688 4001 τοῦ
2717 3946 2955 4019 θύματος
2980 3948 3371 4018 γευσαμένους,
3396 3951 3486 4003 ἐπ’
3512 3947 3665 4019 ἔργον

2091 4037 2419 4107 πορεύεσθαι
2444 4039 2552 4092 ἀπὸ
2572 4039 2828 4111 τοιαύτης
2858 4040 3052 4112 ἀρχῆς.
3083 4040 3242 4097 Ἀλλὰ
3268 4041 3398 4113 περὶ
3423 4039 3528 4111 μὲν
3549 4037 3664 4095 τού-

2088 4143 2196 4179 των
2223 4129 2282 4181 ὲν
2315 4128 2512 4209 ἄλλοις.

404 4219 602 4260 aurora
630 4214 899 4270 correcto,
932 4207 1158 4277 purifica
1194 4205 1604 4278 piaculariaque
1632 4192 1864 4263 oracula
1915 4217 2266 4282 auscultare,
2328 4204 2611 4292 fastosque
2659 4222 3135 4279 sanctissimorum
3194 4237 3480 4280 sacrorum
3545 4236 3661 4292 spe-

403 4307 662 4362 ctatores,
703 4306 759 4354 et
821 4298 980 4357 bonis
1025 4301 1297 4357 interdum
1337 4301 1533 4358 avibus
1575 4303 1670 4357 illo
1714 4305 2008 4374 sacrificio,
2076 4313 2472 4387 sanctiﬁcaque
2521 4318 2703 4372 hostia
2747 4316 3013 4381 delibata,
3053 4333 3085 4372 a
3130 4316 3224 4372 tali
3281 4315 3556 4388 principio
3597 4315 3661 4370 ad

401 4406 598 4464 operas
626 4399 847 4449 nostras
879 4392 1048 4449 abire.
1083 4392 1190 4450 Sed
1221 4394 1289 4450 de
1317 4394 1403 4451 his
1432 4395 1589 4452 alias.

583 4536 858 4603 Quomodo
873 4539 1180 4608 septimanw
1199 4525 1311 4596 dies
1330 4550 1453 4596 sunt
1474 4543 1805 4603 numerandi.

466 4646 637 4705 XVII.
677 4649 831 4706 Licet
858 4668 990 4708 vero
1021 4653 1343 4723 septimanae
1373 4654 1492 4711 dies
1535 4671 1850 4721 numerare,
1890 4660 1978 4715 vel

404 4748 463 4797 ut
500 4741 673 4798 Gnaei
704 4743 869 4813 hujus
916 4746 1116 4807 astatis.
1163 4749 1399 4816 primum
1439 4747 1583 4801 dicm
1635 4747 1976 4806 Dominicum

401 4841 662 4891 vocantes
693 4855 704 4890 :
735 4836 1037 4893 secundum
1068 4853 1220 4900 vero.
1255 4838 1307 4893 id
1348 4839 1493 4909 quod
1533 4855 1718 4895 revera
1753 4850 1859 4906 est,
1892 4860 1981 4900 se-

401 4927 640 4981 cundum
695 4944 709 4981 :
753 4927 949 4982 deinde
1003 4929 1266 4993 tertium,
1328 4939 1585 5000 quartum
1614 4975 1629 4997 ,
1681 4934 1931 5006 quintum
1959 4972 1976 4998 ,

402 5027 635 5083 sextum,
665 5019 953 5089 septimum
981 5037 995 5074 :
1026 5024 1114 5074 vel
1146 5030 1201 5073 ut
1230 5011 1393 5077 hodie
1413 5021 1642 5077 Romani
1676 5025 1976 5081 secundum

402 5109 588 5164 stellas
619 5110 912 5175 erraticas,
958 5118 1083 5182 post
1115 5110 1456 5167 Dominicum
1498 5115 1641 5169 lunae
1678 5116 1821 5170 diem
1866 5125 1979 5172 sta-

400 5201 640 5263 tuentes,
669 5203 867 5257 deinde
915 5202 1126 5265 Martis.
1158 5203 1225 5257 ad
1259 5204 1373 5259 haec
1405 5203 1681 5270 Mercurii,
1718 5217 1976 5276 praeterea

400 5284 571 5357 lovis,
602 5303 788 5364 postea
824 5293 1071 5359 Veneris,
1111 5296 1329 5351 demum
1357 5292 1602 5352 Saturni.
1636 5298 1978 5357 Parasceven

402 5386 542 5440 enim
579 5387 722 5443 diem
756 5399 970 5444 sextum
1014 5390 1309 5461 appellare,
1345 5399 1399 5445 et
1431 5391 1723 5462 septimum
1765 5392 1976 5449 Sabbu-

403 5482 540 5541 tum,
576 5479 628 5533 id
660 5481 801 5550 apud
828 5496 950 5546 nos,
985 5490 1045 5537 ut
1069 5482 1308 5547 videtur,
1334 5485 1538 5539 nullam
1576 5486 1843 5543 rationem
1877 5490 1977 5543 ha-

412 5570 519 5636 bet,
546 5571 640 5627 sed
669 5574 810 5643 apud
844 5573 1064 5632 Iudaeos
1095 5576 1328 5633 fortasse
1354 5596 1366 5632 :
1395 5578 1654 5633 nimirum
1685 5589 1813 5637 ante
1842 5581 1977 5638 Sab-

404 5661 591 5717 batum
640 5663 762 5722 illos
800 5677 1118 5735 apparatum
1157 5667 1337 5725 facere
1374 5676 1613 5739 oportet,
1650 5679 1709 5724 ut
1740 5672 1832 5743 qui
1884 5690 1975 5729 su-

406 5748 729 5819 perstitiosa
752 5754 985 5822 quadam
1013 5755 1273 5827 religione
1300 5758 1571 5826 obstricti,
1607 5760 1742 5815 nihil
1775 5766 1976 5835 negotii

2015 4562 2059 4618 ι)
2177 4549 2309 4616 Πῶς
2339 4550 2694 4620 ἀριθμητέον
2720 4552 2824 4618 τὰς
2852 4549 2963 4619 τῆς
2990 4551 3316 4623 ἑϐδομάδος
3347 4553 3599 4623 ἡμέρας.

2154 4661 2250 4718 ΙΖ’.
2306 4664 2572 4735 ’Υπάρχει
2621 4664 2678 4718 δὲ
2717 4666 2809 4718 καὶ
2868 4666 2967 4729 τὰς
3026 4666 3126 4737 τῆς
3177 4665 3407 4730 ἑπτάδος
3454 4665 3663 4738 ἡμέρας

2079 4754 2335 4825 ἀριθμεῖν
2366 4756 2485 4827 ἦτοι
2518 4755 2593 4821 ὡς
2646 4758 2696 4809 οἱ
2737 4756 2831 4810 νῦν
2856 4756 3138 4829 Ἕλληνες,
3166 4757 3265 4829 τὴν
3300 4758 3399 4828 μὲν
3444 4758 3664 4830 πρώτην

2082 4845 2281 4916 κυρίαν
2311 4846 2630 4911 καλοῦντας,
2664 4848 2763 4918 τὴν
2803 4847 2861 4901 δὲ
2888 4847 3169 4917 δευτέραν,
3201 4848 3346 4902 τοῦτ’
3381 4848 3518 4903 αὐτὸ
3552 4849 3663 4902 δευ-

2083 4938 2285 5010 τέραν·
2318 4934 2437 4993 εἶτα
2470 4939 2680 5012 τρίτην,
2736 4940 2989 5011 τετράδα,
3025 4941 3302 5012 πέμπτην,
3345 4940 3536 5010 ἕκτην,
3580 4936 3663 4995 ιο-

2083 5027 2288 5100 δόμην⁸
2321 5028 2354 5101 ἢ
2385 5028 2462 5094 ὡς
2506 5032 2556 5083 οἱ
2602 5030 2698 5084 νῦν
2737 5031 2998 5100 Ῥωμαῖοι
3036 5029 3178 5083 κατὰ
3216 5031 3344 5094 τοὺς
3390 5029 3665 5101 πλάνητας

2081 5121 2192 5173 τῶν
2224 5116 2490 5194 ἀστέρων,
2526 5122 2662 5193 μετά
2687 5121 2786 5194 τὴν
2812 5122 3005 5194 κυρίαν
3031 5123 3261 5194 σελήνης
3283 5122 3522 5194 ἡμέραν,
3550 5116 3665 5177 εἶτα

2085 5214 2300 5284 Ἀρεος,
2334 5212 2453 5269 εἶτα
2489 5213 2693 5286 Ἑρμοῦ
2718 5255 2733 5279 ,
2769 5209 2887 5267 εἶτα
2937 5213 3094 5277 Διὸς,
3142 5209 3262 5268 εἶτα
3312 5215 3662 5286 Ἀφροδίτης,

2077 5301 2196 5359 εἶτα
2221 5307 2452 5375 Κρόνου.
2478 5303 2552 5360 Τὸ
2582 5306 2639 5361 δὲ
2661 5305 3019 5379 Παρασκευὴν
3048 5306 3146 5377 μὲν
3170 5307 3269 5378 τὴν
3300 5306 3495 5378 ἕκτην,
3524 5307 3664 5361 Σάδο

2084 5398 2248 5452 ϐάτον
2274 5398 2330 5452 δὲ
2366 5397 2651 5470 ὀνομάζειν
2684 5399 2781 5469 τὴν
2816 5398 3070 5471 ἑϐδόμην,
3104 5398 3207 5452 οὐκ
3232 5397 3367 5470 ἔχει,
3395 5399 3476 5464 ὠς
3501 5399 3664 5461 ἔοικε,

2084 5482 2241 5559 λόγον
2269 5492 2400 5562 ἡμῖν
2424 5508 2437 5522 ·
2476 5489 2611 5546 ἀλλὰ
2672 5490 2947 5555 Ἰουδαίοις
3004 5490 3134 5554 ἴσως
3158 5506 3171 5520 ·
3222 5491 3666 5562 παρεσκευάσθαι

2084 5582 2192 5653 γάρ
2223 5584 2466 5647 ἐκείνους
2492 5583 2599 5656 πρὸ
2632 5582 2727 5637 τοῦ
2756 5582 3036 5638 Σαϐϐάτου
3076 5582 3176 5647 δεῖ,
3206 5581 3283 5646 ὡς
3321 5582 3386 5654 δὴ
3435 5581 3665 5655 μηθενὸς

2085 5677 2246 5746 ἔργον
2290 5677 2631 5746 ἁπτομένους
2672 5676 2778 5730 ὑπὸ
2819 5675 3240 5746 δεισιδαιμονίας
3283 5677 3349 5747 τῇ
3380 5674 3661 5747 ὑστεραίᾳ.

2099 5767 2258 5836 Ἡμῖν
2284 5766 2337 5819 δὲ
2363 5767 2518 5821 οὐθὲν
2557 5768 2655 5821 δεῖ.
2698 5765 2837 5821 Οὔτε
2879 5766 2989 5840 γὰρ
3034 5770 3098 5838 τῇ
3149 5766 3351 5838 ἑϐδόμῃ
3384 5766 3661 5839 ἀργοῦμιν
