3950 6266
261 349 400 416 4209

1241 362 1591 421 ΤΙΙΕΟΒΟΒί
1631 366 1836 422 ϐΑΖιΕ
1874 365 2075 420 LIBER
2114 365 2201 421 DE
2241 363 2608 420 MENSIBUS.

3364 361 3504 417 1210

261 481 440 550 ἡμεῖς,
491 480 556 550 τῇ
603 477 906 550 καλουμένῃ
940 479 1213 534 Σάϐϐατον
1249 483 1549 546 Ἰουδαίοις·
1593 483 1728 536 ἀλλὰ
1769 488 1834 556 τῇ

1939 485 2139 539 obeant
2179 484 2462 554 postridie.
2505 481 2706 537 Verum
2744 481 2796 534 id
2843 490 3026 535 nostra
3070 479 3203 533 nihil
3255 479 3501 534 interest.

265 571 478 644 πρώτῃ,
506 572 670 642 κυρίᾳ
699 573 830 642 ήμῖν
859 571 993 645 οὔσῃ
1023 573 1119 624 καὶ
1151 573 1432 644 ἱερομηνίᾳ
1459 576 1677 645 Χριστῴ
1706 576 1836 628 ἀνα-

265 664 484 716 στάντι·
539 661 652 716 οὔθ’
701 663 873 726 οὕτως
921 664 1198 734 ἀργοῦμεν
1248 667 1468 734 ἄγοντες
1515 667 1722 738 ἑορτὴν,
1760 668 1834 731 ῶς

266 753 403 825 μηδὲ
430 753 628 825 ὲῇσαί
663 771 738 817 τι,
774 755 867 808 καὶ
910 754 1186 825 τράπεζαν
1230 755 1568 826 παραθέσθαι
1616 756 1836 826 θεμιτὸν

264 845 433 901 εἶναι’
466 847 602 900 ἀλλὰ
637 848 747 900 δεῖν
782 847 1219 917 παρεσκευάσθαι
1261 849 1367 900 πᾶν
1408 851 1472 918 τῇ
1514 847 1833 919 προτεραίᾳ.

266 938 478 992 Οὐκοῦν
503 937 628 990 οὔτε
661 956 712 990 τι
745 940 1036 1010 χρήσιμον,
1071 938 1181 992 οὔτ’
1207 939 1379 1003 ἄλλως
1404 939 1674 1010 εὔσχημον
1705 942 1836 1011 ἡμῖν

263 1031 335 1084 τά
372 1030 638 1084 Ἰουδαίων
692 1030 864 1083 ταῦτα
917 1031 1154 1101 ὀνόματα
1205 1034 1285 1094 εἰς
1331 1031 1728 1102 καταρίθμησίν
1773 1047 1836 1100 γε

263 1122 558 1192 ἑϐδομάδος
591 1123 688 1192 τῆς
733 1121 1004 1193 ἡμετέρας
1036 1122 1349 1192 λαμόάνειν.
1399 1123 1531 1176 Ούδὲ
1564 1123 1626 1193 δὴ
1655 1122 1748 1176 καὶ
1777 1122 1838 1175 τὸ

263 1213 541 1266 Σάδὸατον
565 1209 657 1266 οὖν
677 1213 874 1282 ὁμοίως
896 1213 1008 1283 ἔχει
1029 1213 1106 1284 τῷ
1135 1215 1358 1267 Ὠσαννᾶ
1385 1215 1476 1266 καὶ
1494 1213 1571 1284 τῷ
1591 1212 1834 1267 Σαϐαὼθ·

264 1305 410 1375 άπερ
440 1304 647 1372 ἔκφυλα
683 1303 779 1374 μὲν
807 1304 900 1356 καὶ
927 1303 1097 1357 ταῦτα
1117 1321 1131 1334 ·
1161 1306 1508 1373 ὲπιφωνεῖται
1535 1303 1579 1356 δ’
1609 1305 1756 1374 ὅμως
1780 1304 1838 1356 ὲν

260 1398 384 1459 ταῖς
429 1394 743 1466 ίεροποιίαις
792 1395 1048 1447 ἑκάστοτε
1097 1395 1246 1466 παρά
1295 1393 1402 1447 τῶν
1450 1393 1693 1465 ζακόρων
1739 1396 1837 1447 ὲπ-

264 1485 520 1553 άναγκες.
544 1485 622 1538 Τά
648 1486 744 1555 μὲν
767 1485 876 1556 γὰρ
901 1485 1249 1556 ὲξωσιωμένα
1263 1487 1326 1556 δὴ
1351 1490 1462 1549 τοῖς
1484 1487 1836 1558 κυριωτάτοις

263 1578 358 1629 καὶ
396 1577 672 1646 μεγίστοις
696 1576 802 1629 τῶν
832 1576 990 1646 ἱερῶν
1016 1576 1144 1630 ὄντα
1174 1578 1312 1632 κατά
1337 1595 1389 1630 τι
1418 1577 1728 1648 ἀπόρρητον
1763 1578 1837 1650 μὴ

261 1668 322 1719 οὐ
357 1663 628 1740 θεμιτὸνῇ
663 1667 1058 1738 παραλλάττειν
1083 1683 1098 1698 ο
1126 1666 1184 1719 τὸ
1211 1666 1266 1719 δὲ
1306 1667 1716 1737 περιειργάσθαι
1747 1668 1839 1721 κα)⁵

267 1761 538 1831 μηδεμίαν
567 1762 689 1832 ἔχον
715 1761 958 1832 ἀνάγκην
999 1759 1292 1824 Ἰουδαΐζει.
1322 1760 1507 1829 Ἡμεῖς
1540 1759 1636 1829 μὲν
1661 1759 1838 1812 τοίνυν

1937 576 2122 646 Neque
2165 577 2309 631 enim
2355 577 2585 645 septimo
2623 574 2710 628 die
2758 574 2826 627 ab
2857 573 3003 627 omni
3043 587 3206 641 Opere
3243 569 3505 625 feriamur

1935 668 2159 731 inertes,
2189 668 2282 737 qui
2311 668 2428 722 dies
2459 681 2486 720 a
2512 665 2711 721 Judaais
2752 663 3047 718 Sabbalum
3083 679 3112 716 a
3142 664 3324 732 quiete
3356 678 3501 716 nun-

1936 767 2199 827 cupatur;
2229 758 2322 813 sed
2357 759 2475 828 ipso
2506 758 2594 812 die
2614 758 2810 828 primo,
2843 756 2934 825 qui
2960 755 3117 809 nobis
3141 763 3224 809 est
3259 754 3504 808 Domini-

1936 865 2060 915 cus,
2112 865 2378 920 sacerque
2423 849 2533 904 Deo
2590 849 2916 918 resurgenti.
2953 846 3140 916 Neque
3194 855 3373 900 tamen
3419 847 3503 901 sic

1935 943 2191 1001 otiamur.
2233 951 2292 995 ut
2318 942 2400 996 vel
2435 943 2658 1004 elixare,
2699 941 2783 994 vel
2825 954 3065 993 mensam
3100 947 3344 992 sternere
3379 937 3509 990 reli-

1937 1035 2026 1105 gio
2057 1035 2128 1089 sit
2149 1074 2162 1094 ,
2195 1049 2482 1103 opera-que
2513 1033 2578 1087 sit
2610 1032 2840 1102 pretium
2884 1030 3064 1084 omnia
3091 1029 3264 1100 pridie
3299 1044 3507 1099 praepa-

1935 1139 2052 1180 rata
2085 1125 2304 1180 habere.
2338 1125 2477 1195 Ergo
2510 1140 2611 1179 nec
2639 1125 2789 1188 utile,
2823 1139 2923 1178 nec
2952 1123 3154 1191 alioqui
3188 1121 3502 1182 honestum,

1937 1213 2051 1268 haec
2081 1213 2388 1269 Iudaeorum
2439 1215 2654 1267 nomina
2688 1215 2740 1267 in
2781 1221 2982 1268 nostra
3033 1212 3351 1280 septimana
3391 1210 3507 1264 cal-

1937 1306 2120 1359 culum
2151 1319 2449 1360 assumere.
2483 1304 2590 1359 Nec
2622 1305 2764 1359 enim
2791 1305 2871 1360 sic
2903 1321 2960 1359 se
2992 1305 3153 1358 habet
3180 1302 3503 1366 Sabbatnm,

1936 1403 1999 1450 ut
2029 1397 2185 1467 167
2215 1397 2472 1452 Hosanna
2502 1407 2555 1451 et
2599 1395 2834 1452 Sabaoth
2860 1416 2872 1451 :
2901 1411 3023 1464 quae
3073 1396 3246 1448 aliena
3283 1395 3504 1464 quidem

1937 1503 2060 1542 cum
2093 1495 2147 1542 et
2174 1488 2288 1558 ipsa
2317 1489 2448 1551 sint,
2491 1497 2669 1542 tamen
2695 1489 2748 1541 in
2775 1488 2918 1540 hunc
2946 1501 3120 1555 usque
3153 1486 3294 1540 diem
3323 1485 3378 1538 in
3414 1499 3506 1538 sa-

1937 1577 2162 1632 crificiis
2201 1578 2592 1634 acclamatione
2634 1576 2908 1630 communi
2941 1575 3010 1628 ab
3046 1575 3180 1643 ipsis
3220 1587 3503 1628 sacrorum

1938 1671 2212 1726 ministris
2234 1672 2546 1726 necessario
2571 1677 2922 1741 usurpantur.
2954 1667 3085 1733 Quae
3103 1667 3246 1720 enim
3273 1681 3303 1719 a
3331 1665 3506 1718 maxi-

1939 1757 2044 1813 mis
2065 1759 2413 1828 pontificibus
2445 1759 2678 1828 alicujus
2700 1757 2885 1811 arcani
2914 1755 3090 1824 gratia
3117 1755 3328 1810 sancita
3354 1762 3506 1820 sunt,

264 1849 394 1918 περὶ
435 1849 617 1919 μηνῶν
664 1865 723 1900 τε
772 1849 865 1902 καὶ
913 1847 1133 1920 ἡμερῶν
1157 1887 1172 1913 ,
1218 1848 1313 1901 καὶ
1362 1845 1605 1900 ἐνιαυτοῦ
1629 1887 1645 1912 ,
1694 1845 1834 1901 οὕτω

1938 1848 2091 1904 nefas
2136 1850 2208 1904 sit
2259 1851 2568 1906 immutare.
2632 1848 3022 1918 Superstitiose
3066 1859 3200 1900 vero
3242 1855 3293 1901 et
3347 1844 3508 1900 anxie

265 1939 498 2010 χρῆσθαι
525 1937 754 2009 μάλιστα
781 1938 932 2003 ἀξιοῦ
941 1956 1058 2008 μεν.

1937 1956 2116 2014 agere,
2147 1943 2292 2014 quod
2331 1945 2544 1998 nullum
2569 1959 2750 2008 usum,
2783 1951 3179 2013 cogentemque
3211 1940 3509 1996 necessita-

264 2043 373 2089 tem
406 2035 607 2089 habet:
639 2033 692 2087 id
724 2032 1314 2089 redoletJudaismum.
1340 2031 1452 2088 Nos
1488 2033 1654 2104 igitur
1711 2036 2019 2104 mensibus,
2053 2038 2251 2096 diebus
2304 2047 2358 2095 et
2408 2053 2554 2094 anno
2617 2039 2698 2094 sic
2739 2038 2818 2092 uti
2859 2038 3092 2092 maxime
3126 2037 3348 2108 dignum
3405 2048 3507 2105 pu-

265 2140 466 2184 tamus.

311 2223 444 2290 Πῶς
473 2223 569 2277 δεῖ
589 2222 754 2293 ἄγειν
783 2221 922 2289 τοὺς
955 2223 1212 2292 χρόνους
1237 2223 1366 2277 κατ’
1407 2222 1768 2292 Ἀθηναίους.

333 2378 440 2430 ιΗν.
476 2377 538 2430 Εἰ
566 2377 621 2429 δέ
649 2395 727 2448 τῳ
758 2377 1004 2448 διαφέροι
1032 2379 1184 2448 ἄγειν
1213 2378 1287 2443 ὠς
1326 2379 1618 2450 Ἀθηναῖοι,
1645 2384 1710 2452 τῇ
1737 2381 1834 2450 μὲν

263 2468 412 2532 τάξει
440 2471 699 2540 χρήσεται
725 2469 788 2541 δὴ
821 2472 886 2540 τῇ
918 2469 1302 2544 ὲπιδειχθείσῃ,
1333 2471 1386 2523 εἴ
1414 2489 1468 2524 τι
1501 2474 1529 2525 ό
1563 2471 1717 2541 λόγος
1747 2472 1835 2526 ὅδε

262 2562 480 2630 διαιρεῖ·
507 2563 678 2632 ἀρχὴν
699 2562 754 2614 δὲ
772 2562 937 2628 τάξας
958 2561 1052 2614 τοῦ
1074 2563 1227 2626 ἔτους
1247 2563 1344 2627 τὰς
1369 2562 1584 2634 θερινὰς
1605 2565 1831 2636 τροπὰς,

262 2653 400 2722 ὀριεῖ
425 2651 534 2703 τῶν
562 2652 746 2722 μηνῶν
779 2653 902 2716 τοὺς
933 2653 1032 2724 μὲν
1061 2653 1556 2725 τριακονθημέρους
1577 2657 1670 2708 καὶ
1699 2655 1834 2727 πλή-

264 2761 398 2814 ρεις,
449 2744 575 2807 τοὺς
614 2745 668 2798 δὲ
708 2747 805 2815 μιᾷ
842 2745 949 2798 τῶν
1001 2745 1202 2817 ἐτέρων
1259 2745 1608 2816 λειπομένους
1652 2748 1836 2819 ήμέρᾳ.

263 2835 490 2900 ἐναλλάξ
517 2838 644 2908 παρ’
672 2835 788 2900 ἕνα,
827 2837 1163 2907 ὡςήμίσεώς
1211 2855 1313 2890 που
1365 2838 1630 2902 ἐνδέοντος
1683 2841 1831 2910 μιᾶς,

264 2927 473 2997 πρὺςτὸ
509 2927 968 2998 τριακονθήμερον
1013 2923 1148 2980 εἶναι
1186 2927 1278 2981 τὸν
1317 2929 1415 2999 τῆς
1465 2927 1690 2998 σελήνης
1731 2946 1836 2999 μη-

263 3020 430 3070 νιαίον
464 3019 671 3089 χρόνον.
711 3016 856 3088 ’Λριθ
868 3019 1094 3088 μήσεται
1122 3018 1178 3070 δὲ
1206 3017 1304 3080 τὰς
1331 3018 1540 3088 ἡμέρας
1581 3017 1708 3088 ἄχρι
1734 3018 1835 3087 τῆς

1928 2222 2202 2290 Quomodo
2245 2222 2532 2278 secundum
2574 2220 2910 2276 Athenienses
2956 2218 3160 2291 agenda
3201 2228 3324 2274 sunt
3372 2229 3506 2275 tem-

2637 2309 2789 2362 pora.

1999 2380 2184 2437 XV’lll.
2222 2383 2378 2450 Quod
2414 2383 2461 2440 si
2495 2383 2654 2452 cujus
2695 2384 2986 2438 interesset
3014 2379 3315 2437 secundum
3339 2381 3507 2440 Athe-

1928 2475 2148 2531 nienses
2187 2491 2366 2546 agere,
2395 2475 2589 2532 ordine
2621 2475 2840 2546 quidem
2873 2483 3058 2530 utetur
3087 2475 3503 2529 demonstrato:

1929 2565 1977 2620 si
2011 2567 2139 2636 quid
2168 2566 2376 2621 ordinis
2406 2566 2656 2636 priesenti
2697 2579 2950 2620 sermone
2977 2563 3259 2618 consecuti
3290 2578 3504 2619 sumus.

1928 2652 2130 2708 Verum
2164 2666 2446 2726 postquam
2472 2656 2540 2710 ab
2563 2657 2752 2710 aestivo
2806 2655 3045 2709 solstitio
3111 2654 3241 2707 anni
3302 2653 3508 2724 princi-

1934 2747 2082 2818 pium
2113 2748 2466 2810 ordinaverit,
2497 2748 2765 2802 mensium
2793 2746 3067 2802 describet
3097 2747 3235 2800 alios
3265 2747 3508 2800 tricena-

1933 2839 2048 2894 rios
2074 2848 2127 2894 et
2161 2841 2369 2909 plenos,
2412 2839 2550 2892 alios
2606 2853 2733 2893 vero
2763 2853 2872 2891 uno
2913 2838 3001 2892 die
3034 2838 3214 2892 minus
3261 2837 3384 2892 aliis
3427 2837 3508 2890 al-

1935 2930 2108 2986 ternis
2145 2929 2357 2983 vicibus
2406 2942 2634 2992 censos;
2699 2925 2853 2996 quasi
2907 2925 3193 2979 deficiente
3219 2924 3326 2977 diei
3357 2931 3504 2978 certe

1935 3019 2180 3081 dimidio,
2238 3026 2296 3072 ut
2353 3027 2691 3072 menstruum
2733 3016 2872 3068 lunae
2897 3024 3109 3084 tempus
3141 3013 3212 3068 sit
3239 3013 3508 3086 tricenum

263 3107 531 3175 εἰκοστῆς,
581 3105 639 3158 ὃν
689 3107 897 3176 εἴρηται
947 3107 1166 3177 τρόπον·
1211 3105 1345 3176 μετὰ
1384 3105 1440 3159 δὲ
1477 3105 1698 3176 ταύτην,
1749 3105 1833 3158 δε-

1936 3112 2165 3168 dierum.
2200 3109 2594 3180 Supputabitur
2631 3116 2809 3162 autem
2840 3106 3050 3160 dierum
3081 3107 3243 3168 ratio,
3279 3120 3388 3174 quo
3416 3119 3512 3159 su-

264 3197 433 3266 κάτην
467 3196 761 3266 φθίνοντος,
798 3196 845 3248 εί
877 3195 1084 3267 πλήρης
1121 3198 1148 3248 ὀ
1180 3197 1305 3266 μήν·
1346 3191 1463 3249 εἶτα
1497 3197 1710 3267 ἐνάτην,
1739 3196 1832 3248 καὶ

264 3288 390 3360 ἑξῆς
435 3287 787 3360 ἀναστρέψων
829 3287 956 3358 ἄχρι
1001 3287 1272 3359 δευτέρας
1321 3288 1438 3359 μεθ’
1475 3289 1540 3358 ἣν
1577 3289 1702 3357 ἕνην
1739 3288 1832 3341 καὶ

263 3383 407 3436 νέαν.
444 3381 508 3432 Et
541 3379 717 3442 κοῖλος
745 3381 772 3433 ὁ
801 3380 927 3448 μὴν,
958 3379 1150 3450 ἐνάτην
1175 3379 1472 3447 φθίνοντος.
1507 3379 1599 3432 καὶ
1624 3379 1748 3447 ἑξῆς
1773 3378 1832 3431 τὸ

264 3472 546 3540 ἀνάλογον,
573 3471 647 3534 ὡς
666 3471 761 3524 καὶ
789 3469 1123 3538 Πολυδεύκης
1146 3470 1384 3542 ἀριθμεῖο
1413 3471 1508 3540 ούχ
1535 3470 1733 3533 ἱκανῶς
1754 3470 1829 3533 δὲ,

264 3564 396 3617 διότι
419 3563 598 3618 κοίλου
626 3564 787 3634 μόνου
812 3561 1099 3629 καταλέγει
1125 3561 1355 3632 ἡμέρας.
1387 3561 1608 3632 Πλήθων
1628 3561 1683 3613 δὲ
1706 3561 1831 3632 ἕνην

267 3655 368 3726 μὲν
396 3655 493 3726 τὴν
514 3655 760 3726 εἰκοστὴν
790 3655 1004 3724 ἐνάτην,
1037 3653 1162 3724 ἕνην
1191 3653 1245 3706 δὲ
1277 3655 1368 3705 καὶ
1393 3652 1518 3706 νέαν
1549 3653 1645 3724 τὴν
1678 3668 1832 3722 τρια-

266 3747 466 3816 κοστὴν
498 3746 688 3815 λέγων,
728 3745 878 3798 οὐδὲν
917 3745 1121 3816 ἀπᾷδον
1149 3743 1305 3814 ἡμῶν
1337 3761 1488 3814 φησι,
1517 3744 1579 3796 τό
1613 3759 1673 3811 γε
1706 3743 1834 3814 περὶ

264 3841 325 3893 τὸ
358 3841 608 3910 πρᾶγμα.
647 3839 748 3889 Ἢν
784 3836 890 3907 γὰρ
926 3836 1183 3907 δευτέραν
1218 3833 1492 3905 φθίνοντος
1521 3835 1678 3905 ἡμεῖς
1712 3835 1833 3905 ἀρι-

267 3929 533 4000 θμοῦμεν,
570 3930 696 3998 ἕνην
735 3927 906 3990 καλεῖ,
945 3928 1012 3979 ἵν’
1043 3927 1170 3990 ἴσως
1201 3926 1346 3998 αὐτῷ
1382 3925 1662 3997 ἱερομηνία
1701 3921 1834 3979 οὖσα

264 4022 342 4094 τῷ
378 4021 682 4082 Πλούτωνι,
722 4019 944 4073 αὐτόθεν
983 4019 1046 4090 δὴ
1089 4019 1196 4071 κάκ
1239 4018 1338 4088 τῆς
1376 4017 1742 4089 προσηγορίας
1774 4017 1834 4070 τδ

267 4115 464 4187 σεμνὸν
498 4115 596 4187 ἔχῃ
624 4114 717 4168 καὶ
747 4112 1026 4185 τραγικόν.
1051 4115 1139 4164 Δεῖ
1170 4111 1278 4182 γάρ
1302 4111 1393 4164 καί
1425 4128 1566 4174 τινος
1594 4110 1832 4164 τοιούτου

265 4212 378 4272 τοῖς
409 4207 535 4276 περὶ
577 4205 644 4258 τὰ
685 4206 804 4259 ὅσια
839 4203 1400 4275 πραγματευομένοις.
1447 4201 1736 4273 Πειρατέον
1778 4202 1835 4254 δὲ

267 4299 407 4355 κατά
435 4299 661 4367 σελήνην
685 4295 935 4367 ἀριθμεῖν
958 4295 1054 4359 τὰς
1077 4295 1308 4366 ἡμέρας.
1349 4295 1499 4347 Ἐπεὶ
1529 4296 1622 4346 καὶ
1646 4294 1706 4347 τὸ
1726 4292 1833 4346 τῶν

268 4390 452 4463 μηνῶν
486 4391 608 4451 τοὺς
638 4389 736 4458 μὲν
765 4365 1010 4458 πλήρεις,
1042 4387 1165 4446 τοὺς
1191 4385 1247 4438 δὲ
1278 4385 1486 4448 κοίλους
1516 4383 1829 4455 λαμϐάνειν,

263 4443 416 4536 ista
447 4443 714 4549 βούλεται.
743 4443 1071 4548 οὐχ”ικοὶνδν
1097 4443 1174 4531 δέ·
1207 4476 1340 4530 ἀλλὰ
1373 4475 1452 4529 δεῖ
1467 4443 1699 4530 ’ποακαι
1717 4443 1828 4529 ἀλλλ
1863 4443 1905 4498 D

264 4573 399 4628 ἄττα
437 4569 917 4641 πραγματεύεσθαι
959 4569 1148 4638 συχνὰ,
1177 4570 1226 4622 εἰ
1259 4567 1438 4639 μέλλοι
1475 4567 1738 4632 σώζεσθαι
1773 4567 1833 4621 τὸ

264 4667 544 4736 ὁμόλογονι
589 4662 822 4734 χαλεπὸν
867 4661 923 4714 δὲ
968 4660 1058 4714 διὰ
1093 4661 1190 4730 τὴν
1237 4659 1434 4730 πολλὴν
1479 4659 1577 4731 τῆς
1605 4660 1834 4732 σελήνης

266 4757 510 4824 ἀταξίαν.
561 4759 636 4809 Δι’
670 4756 806 4825 ὅπερ
851 4753 959 4806 οὐδ’
1012 4753 1281 4824 Ἀθηναῖοι
1326 4753 1600 4823 φαίνονται
1641 4769 1835 4824 κατορα

265 4852 501 4913 θοῦντες·
527 4849 600 4912 ὠς
623 4847 736 4900 ἔστι
759 4845 1134 4917 τεκμήρασθαι
1164 4846 1254 4897 καὶ
1282 4845 1339 4910 ἐξ
1361 4838 1432 4897 ὦν
1456 4844 1519 4914 δὴ
1541 4847 1568 4898 ὁ
1595 4843 1835 4914 κωμικὸς

266 4945 412 4997 ποιεῖ
435 4942 532 5012 τὴν
564 4941 791 5010 σελήνην
819 4937 1118 5008 θυμαίνειν,
1155 4938 1236 4990 ὅτι
1263 4936 1413 4989 οὐδὲν
1441 4935 1582 4988 κατά
1610 4936 1834 5006 σελήνην

262 5037 396 5110 ἦγον
430 5037 527 5100 τὰς
561 5035 773 5107 ἡμέρας
820 5034 1088 5103 Ἀθηναῖοι
1125 5032 1317 5103 ὀρθῶς,
1358 5031 1471 5084 ἀλλ’
1511 5029 1621 5084 ἄνω
1652 5047 1708 5083 τε
1741 5027 1834 5082 καὶ

265 5132 415 5184 κάτω
447 5126 818 5180 ὲκυδοιδόπων·
843 5124 982 5178 οὕτω
1010 5123 1117 5194 γὰρ
1146 5123 1406 5195 κέχρηται
1428 5124 1491 5192 τῇ
1520 5121 1682 5187 λέξει.
1706 5119 1832 5171 Πειδ

269 5220 460 5292 ρατέον
499 5219 679 5290 μέντοι
715 5216 854 5270 κατά
883 5215 944 5269 τὸ
970 5214 1191 5268 δυνατὸν
1231 5211 1591 5283 διορθοῦσθαι,
1621 5208 1836 5281 χρωμέ-

263 5329 387 5375 νους
414 5314 526 5374 τοῖς
560 5308 972 5382 έμπειροτάτοις
1009 5307 1097 5360 ἀεὶ
1126 5304 1236 5359 τῶν
1267 5304 1666 5377 ἀστρολογικῶν
1697 5303 1832 5356 θεω-

267 5423 334 5478 ρη
343 5406 529 5476 μάτων
559 5403 898 5474 συμϐούλοις.

1933 3205 2238 3278 pradictum
2262 3210 2344 3258 est
2378 3201 2564 3262 modo,
2598 3215 2768 3270 usque
2804 3200 2870 3253 ad
2900 3199 3216 3254 vicesimum
3255 3216 3270 3252 :
3310 3213 3512 3252 secuno

1932 3301 2060 3354 dum
2092 3312 2276 3367 quem,
2313 3296 2358 3350 si
2393 3295 2597 3350 mensis
2654 3300 2738 3348 est
2776 3293 2988 3362 plenus,
3036 3291 3187 3346 dices
3239 3291 3511 3346 decimum

1931 3389 2248 3462 praecipitis,
2291 3387 2485 3441 deinde
2519 3400 2745 3449 nonum,
2797 3391 2852 3439 et
2903 3384 2978 3437 ita
3031 3382 3287 3453 deinceps
3319 3383 3512 3437 ordine

1933 3489 2265 3552 praepostero
2297 3493 2468 3547 usque
2491 3477 2558 3531 ad
2589 3475 2888 3532 secundum
2933 3493 2946 3528 :
2980 3481 3102 3544 post
3131 3490 3290 3542 quem
3329 3480 3512 3528 extre-

1933 3591 2079 3628 mum
2105 3572 2362 3642 primum,
2399 3587 2494 3626 seu
2523 3581 2756 3623 veterem
2781 3575 2834 3623 et
2865 3583 3083 3622 novum.
3117 3567 3186 3620 At
3215 3566 3259 3620 si
3297 3563 3508 3620 mensis

1934 3682 2103 3722 cavus
2136 3665 2228 3725 sit.
2263 3679 2464 3717 nonum
2489 3662 2794 3717 desinentis
2823 3668 2948 3732 post
2975 3660 3294 3714 vicesimum
3331 3658 3509 3723 dices,

1933 3767 1987 3812 et
2008 3755 2169 3810 simili
2210 3753 2472 3820 deinceps
2505 3754 2735 3814 ratione,
2767 3758 2825 3804 ut
2856 3750 3018 3804 etiam
3049 3747 3238 3802 Pollux
3281 3761 3510 3800 enume-

1935 3859 2042 3912 rat,
2073 3847 2166 3902 sed
2201 3862 2307 3900 non
2336 3843 2665 3900 sufﬁcienter
2700 3841 2941 3910 quidem,
2972 3847 3030 3892 ut
3057 3839 3149 3908 qui
3179 3836 3351 3892 solius
3387 3835 3510 3890 cavi

1934 3940 2051 3994 dies
2084 3944 2388 3992 recenseat.
2422 3933 2648 3988 Plethon
2675 3947 2804 3984 vero
2834 3931 3153 3984 vicesimum
3189 3941 3396 3981 nonum
3415 3937 3512 3980 ve-

1933 4036 2104 4083 terem
2141 4027 2442 4096 appellans,
2475 4035 2526 4077 et
2561 4023 2895 4076 tricesimum
2927 4028 3163 4076 veterem
3202 4027 3256 4074 et
3283 4032 3508 4084 novum,

1937 4120 2076 4174 nihil
2105 4120 2289 4183 nobis,
2349 4125 2612 4188 quantum
2649 4117 2714 4170 ad
2753 4117 2890 4170 hanc
2944 4129 3080 4174 rem,
3109 4112 3393 4167 dissonum
3426 4109 3512 4164 af-

1934 4211 2058 4266 fert.
2087 4209 2238 4264 Diem
2278 4209 2444 4272 enim,
2487 4226 2646 4279 quem
2682 4207 2979 4264 secundum
3029 4205 3324 4274 prmcipitis
3373 4202 3513 4258 dici-

1933 4317 2079 4368 mus,
2119 4301 2208 4356 ille
2264 4310 2501 4355 veterem
2558 4299 2810 4369 appellat,
2844 4307 2902 4351 ut
2957 4297 3095 4351 forte
3158 4309 3373 4349 sacrum
3403 4293 3511 4363 ipsi

1935 4390 2157 4446 Plutoni
2209 4388 2744 4447 exsistentent.Na|n
2793 4403 2859 4441 ex
2909 4385 3223 4455 hujusmodi
3267 4383 3509 4454 appella-

1939 4486 2092 4540 tione
2113 4484 2297 4539 nescio
2329 4483 2458 4553 quid
2500 4497 2684 4554 grave,
2718 4480 3135 4550 superciliosum
3163 4485 3217 4533 et
3247 4477 3509 4546 tragicum

1937 4592 2049 4648 prae
2077 4591 2134 4631 se
2165 4575 2269 4630 fert
2303 4591 2316 4626 :
2343 4589 2464 4644 quae
2495 4590 2583 4629 res
2612 4573 2856 4644 apprime
2881 4587 3018 4641 opus
3045 4580 3130 4626 est
3159 4570 3226 4623 iis
3274 4568 3366 4638 qui
3398 4575 3513 4620 tra-

1938 4670 2156 4725 ctandis
2198 4670 2370 4723 sacris
2403 4666 2780 4721 vehementius
2835 4671 3189 4732 occupantur.
3223 4659 3513 4714 Enimvero

1940 4757 2360 4829 periclitandum
2388 4766 2472 4812 est
2495 4757 2560 4810 ad
2580 4757 2762 4810 lunam
2794 4755 2910 4808 dies
2944 4766 3253 4807 numerare.
3285 4747 3514 4815 Quando

1939 4852 2102 4905 etiam
2144 4849 2196 4903 id
2250 4849 2351 4903 sibi
2385 4849 2500 4902 vult
2552 4863 2614 4902 ea
2663 4848 2930 4901 mensium
2989 4841 3328 4916 constitutio,
3387 4853 3514 4894 cum

1938 4943 2081 5012 pleni
2131 4943 2246 5003 alii,
2281 4942 2371 4994 alii
2408 4940 2524 4993 cavi
2555 4946 2866 4994 sumuntur.
2903 4935 3010 4990 Sed
3046 4949 3153 4990 non
3184 4931 3378 4988 sulllcit
3423 4938 3511 4984 ta-

1937 5046 2085 5085 men.
2115 5028 2394 5099 Siquidem
2436 5036 2490 5082 et
2509 5028 2610 5081 alia
2645 5027 2888 5096 quaedam
2932 5025 3125 5080 crebro
3157 5021 3512 5077 commentari

1938 5129 2175 5190 oportet,
2219 5122 2263 5175 si
2307 5119 2721 5174 consonantiam
2769 5118 3240 5188 aaqnalitatemque
3297 5125 3514 5167 servare

1938 5215 2170 5270 velimus
2203 5230 2216 5265 :
2250 5214 2300 5267 id
2324 5213 2465 5282 quod
2501 5221 2720 5282 propter
2742 5227 2849 5266 non
2877 5225 3094 5279 parvam
3150 5209 3290 5262 luna:
3321 5201 3514 5258 confu-

1942 5305 2152 5360 sionem
2183 5312 2268 5360 est
2303 5304 2538 5359 diﬂicile.
2582 5303 2701 5369 Quo
2733 5303 2812 5364 fit,
2843 5309 2904 5356 ut
2945 5314 3120 5369 neque
3151 5295 3512 5352 Athenienses

1939 5397 2227 5451 videantur
2268 5405 2417 5450 recte
2449 5403 2611 5466 atque
2649 5395 2839 5449 ordine
2897 5389 3210 5463 procedere,
3254 5394 3313 5440 ut
3351 5400 3413 5440 ex
3445 5397 3512 5438 eo

264 5501 564 5570 conjectari
631 5506 733 5564 est,
773 5497 919 5569 quod
981 5496 1224 5552 comicus
1283 5495 1471 5549 lunam
1541 5491 1670 5548 facit
1731 5491 1800 5546 iis
1845 5506 2190 5558 succensere,
2223 5491 2367 5562 quod
2410 5506 2518 5545 non
2558 5497 2704 5544 recte
2737 5489 2803 5544 ad
2834 5502 2990 5542 suum
3050 5485 3221 5555 ipsius
3263 5480 3512 5537 curricua

264 5597 377 5652 ium
409 5606 653 5666 tempora
691 5593 1006 5665 dirigerent,
1025 5591 1120 5648 sed
1148 5590 1287 5647 infra
1319 5605 1484 5661 supra
1529 5587 1950 5653 confunderent;
1982 5587 2064 5643 sic
2121 5587 2268 5641 enim
2327 5587 2418 5641 ille
2473 5579 2741 5655 loquitur.
2794 5580 3190 5652 Experiendum
3213 5585 3393 5631 tamen
3427 5578 3512 5628 est

263 5693 558 5749 emendare
599 5705 698 5762 pro
769 5690 936 5756 virili,
989 5689 1191 5747 utendo
1256 5687 1477 5744 assidue
1531 5684 1883 5756 peritissimis
1951 5682 2260 5752 astrologiae
2332 5681 2762 5752 speculationum
2822 5683 3322 5749 praeceptorumque
3377 5681 3514 5724 Conv

263 5794 290 5843 ι
316 5782 503 5836 ιῑιιιιὶῖο.
