3950 6266
433 323 529 382 ﬁt
542 326 565 383 ι

885 441 963 498 De
990 452 1161 499 meme
1198 446 1562 505 intercalario.

507 532 645 587 XIX.
681 535 749 588 Et
777 549 965 591 mense
985 538 1203 608 quidem
1235 541 1587 597 intercalario
1616 542 1812 602 Atticis
1852 548 2012 607 annis

431 623 599 679 etiam
628 641 768 697 opus
787 638 892 692 est,
934 631 1013 683 uti
1054 633 1208 700 prius
1251 634 1666 704 explicavimus,
1698 648 1757 694 ut
1801 656 2016 700 menses

435 725 787 787 perseverent
810 722 1146 791 temporibus
1169 727 1491 782 concordes.
1521 727 1875 788 lnserendum
1912 735 2017 789 ita-

435 825 542 878 que
573 809 989 881 Scir0phorioui
1030 819 1227 880 mensi,
1260 817 1352 887 qui
1384 820 1677 888 respondet
1708 822 1868 892 Maio,
1900 826 2017 883 dies

434 901 682 970 triginta.
714 902 1016 974 Testesque
1072 906 1234 976 hujus
1298 909 1375 963 rei
1415 908 1725 969 Macrobius
1779 918 2017 986 scriptor

446 988 727 1046 Romanus
752 999 805 1045 et
836 991 1163 1050 Herodotus.
1193 994 1328 1050 Nam
1382 997 1472 1053 ille
1505 999 1560 1053 in
1615 1000 2012 1073 Saturnalibus,

435 1081 566 1136 dum
612 1081 968 1155 Glaucippum
1011 1086 1064 1139 in
1100 1092 1509 1148 commentariis
1536 1094 1603 1150 de
1648 1098 1821 1154 sacris
1848 1099 2017 1155 Athe-

434 1172 709 1228 niensium
758 1174 1167 1244 interpretatur,
1234 1177 1370 1234 dicit
1415 1182 1775 1242 Atheuienses
1824 1188 2016 1246 ultimo

436 1269 614 1321 mensi
644 1266 771 1320 anni
805 1267 1111 1336 superﬂuos
1140 1269 1260 1327 dies
1289 1273 1545 1343 injicere;
1586 1280 1735 1348 atqui
1788 1281 2015 1340 ultimus

434 1366 521 1412 est
558 1355 971 1428 Sciropborion.
1028 1359 1266 1418 Rursum
1314 1364 1616 1425 Herodotus
1648 1371 2014 1430 intercalatio-

435 1468 560 1507 nem
595 1468 717 1509 esse
766 1453 977 1511 dierum
1033 1455 1302 1512 tricenum
1334 1461 1548 1517 abu-nde
1577 1464 1890 1522 manifestat
1927 1469 2014 1525 his

434 1545 652 1600 verbis:
675 1564 694 1597 ‹
725 1543 881 1611 Quod
916 1547 963 1601 si
993 1550 1156 1614 volet,
1181 1551 1381 1623 inquit,
1414 1554 1643 1609 alterum
1673 1571 1873 1612 annum
1891 1574 2013 1615 esse

431 1653 595 1709 quam
623 1639 877 1705 alterum,
916 1656 1026 1696 uno
1052 1658 1238 1699 mense
1260 1646 1544 1715 majorem,
1576 1657 1635 1703 ιιι
1662 1658 1906 1721 tempora
1926 1669 2014 1708 CO-

433 1728 556 1783 dem
583 1739 891 1800 opportune
926 1743 1236 1800 recurrant,
1265 1753 1480 1794 menses
1516 1741 1732 1810 quidem
1776 1743 2002 1800 interca-

1483 329 1575 384 ΑΙ)
1616 330 1883 388 EUSEBII
1921 335 2313 394 CHRONICON
2342 337 2702 395 APPENDIX.

2042 464 2091 519 Δ

3536 430 3539 433 Α
3562 339 3702 417 ms

2536 459 2675 527 Περὶ
2702 458 2911 528 ἐμϐολί
2906 475 3025 528 μου
3053 461 3245 527 μηνός

2187 548 2290 602 ΙΘ’.
2327 549 2436 603 Καὶ
2470 550 2568 620 μέν
2605 550 2669 622 δὴ
2703 550 2798 603 καὶ
2837 550 3007 621 μηνὸς
3050 549 3346 621 ἐμϐολίμου
3371 550 3563 621 δεήσει
3588 552 3698 608 τοῖς

2130 639 2392 703 Ἀττικοῖς
2437 640 2602 704 ἔτεσι,
2649 640 2902 711 καθάπερ
2944 639 3160 711 εἴρηται
3202 640 3490 711 πρότερον,
3540 640 3609 693 ἵν’
3646 642 3695 694 σί

2119 732 2284 802 μῆνες
2309 732 2694 802 συμϐαίνοντες
2713 733 2995 787 διατελῶσι
3018 735 3142 796 ταῖς
3165 732 3356 804 ὥραις.
3381 733 3693 805 Ἐπεμϐλη-

2113 823 2234 875 τέον
2255 822 2299 875 δ’
2321 822 2428 893 ἄρα
2453 824 2545 876 ἐπὶ
2565 824 2953 895 Σκιροφοριῶνι
2984 824 3116 896 μηνὶ
3138 825 3432 895 τριάκοντα
3451 825 3692 896 ἡμέρας.

2114 911 2406 983 Μάρτυρες
2446 913 2504 967 δὲ
2547 913 2751 969 τούτων
2784 914 3099 986 Μακρόϐιος
3142 915 3410 986 Ῥωμαῖος
3450 934 3699 988 συγγρα-

2114 1006 2246 1073 φεὺς
2266 1005 2358 1058 καὶ
2375 1005 2674 1076 Ἡρόδοτος·
2696 1008 2725 1060 ὁ
2753 1006 2851 1078 μὲν
2871 1006 3044 1075 λέγων
3070 1009 3128 1062 ἐν
3152 1010 3264 1070 τοῖς
3287 1008 3566 1075 Κρονίοις
3590 1008 3697 1061 τῶν

2116 1100 2583 1172 συγγραμμάτων,
2641 1100 3180 1171 μεθερμηνευόμενος
3231 1098 3589 1155 Γλαύκιππον
3638 1101 3697 1153 ἐν

2113 1193 2224 1253 τοῖς
2276 1191 2404 1262 περὶ
2449 1190 2557 1244 τῶν
2597 1190 2879 1264 Ἀθήνῃσιν
2918 1190 3078 1262 ἱερῶν
3120 1191 3214 1244 καὶ
3240 1190 3403 1244 ὁσίων
3440 1191 3695 1262 ὑπομνή-

2116 1297 2273 1348 μασι,
2310 1280 2475 1350 φάναι
2514 1280 2827 1351 Ἀθηναίους
2852 1280 2949 1344 τάς
2973 1280 3230 1353 περιττὰς
3256 1281 3472 1352 ἡμέρας
3500 1281 3584 1352 τῷ
3606 1299 3698 1335 τε·

2113 1371 2345 1444 λευταίῳ
2377 1372 2739 1443 ἐπεμϐάλλειν
2787 1375 2919 1444 μηνὶ
2946 1373 3042 1427 τοῦ
3077 1374 3345 1429 ἐνιαυτοῦ·
3382 1374 3700 1436 τελευταῖος

2112 1462 2169 1516 δέ
2198 1463 2566 1537 Σκιροφοριὼν
2593 1462 2679 1536 ἦν·
2702 1468 2731 1519 ὁ
2746 1466 2805 1519 δὲ
2829 1462 2896 1520 αὖ
2919 1468 2984 1519 ἐκ
3010 1465 3214 1520 τούτων
3236 1466 3521 1536 διασαφῶν
3545 1483 3700 1538 τρια-

2114 1555 2450 1627 κονθήμερον
2478 1557 2570 1610 τδν
2598 1557 2892 1630 ἐμϐόλιμον
2921 1553 3080 1612 εἶναι·
3115 1577 3133 1610 ι
3168 1559 3230 1611 Ei
3259 1558 3316 1612 δὲ
3348 1558 3412 1630 δὴ
3440 1558 3699 1629 ἐθελήσει

2112 1646 2207 1701 τοῦ
2242 1648 2287 1700 θ’
2317 1649 2501 1720 ἓτερον
2530 1648 2641 1702 τῶν
2673 1649 2838 1703 ἐτέων
2872 1649 3004 1720 μηνὶ
3034 1649 3380 1721 μακρότερον
3413 1648 3692 1717 γίνεσθαι,

2116 1739 2201 1792 ἵνα
2214 1738 2277 1810 δὴ
2300 1742 2354 1793 αἱ
2378 1734 2517 1812 ὧραι
2540 1739 2875 1812 συμϐαίνωσι
2904 1739 3332 1812 παραγινόμεναι
3352 1741 3434 1802 είς
3456 1739 3522 1792 τὸ
3547 1739 3690 1805 δέον,

433 1817 554 1872 lurii
582 1819 802 1890 triginta
830 1821 1072 1891 quinque
1107 1824 1242 1878 fiunt
1272 1841 1368 1895 per
1406 1842 1580 1884 annos
1638 1834 2005 1902 septuaginta,

2118 1831 2279 1902 μῆνες
2313 1833 2411 1903 μὲν
2444 1832 2595 1905 παρὰ
2641 1832 2709 1886 τὰ
2745 1833 3115 1903 ἐϐδομήκοντα
3152 1830 3275 1884 ἔτεα
3309 1833 3359 1884 οἱ
3403 1831 3696 1903 ἐμϐόλιμοι

431 1910 549 1966 dies
576 1925 705 1967 vero
732 1927 799 1967 ex
837 1913 925 1968 his
962 1916 1243 1973 mensibus
1285 1919 1430 1975 mille
1461 1928 1516 1976 et
1541 1923 1956 1996 quinquaginta.
1984 1947 2003 1979 ι

505 2085 684 2153 Quoto
721 2096 1139 2162 aute'nquoque
1160 2109 1304 2149 anno
1357 2096 1786 2155 intercalandum
1821 2101 1913 2168 sit,
1962 2103 2010 2158 si

431 2179 558 2248 quis
581 2178 855 2235 Herodoto
907 2183 1065 2238 fidem
1122 2184 1427 2241 habendam
1487 2197 1660 2259 putat,
1721 2207 1788 2246 ex
1839 2209 2012 2265 nuper

432 2274 705 2344 appositis
736 2275 882 2344 quod
906 2276 1101 2347 quierit
1126 2293 1342 2333 sumere
1365 2287 1566 2349 potest.
1598 2283 1841 2340 Alternis
1864 2287 2009 2341 enim

433 2363 910 2420 intercalationem
980 2367 1097 2422 fieri
1134 2368 1396 2436 declarat,
1432 2371 1561 2427 dum
1618 2375 1751 2430 dicit
1780 2379 2009 2433 alterum

431 2471 499 2510 ex
539 2457 752 2514 duobus
798 2459 958 2514 annis
1007 2461 1124 2515 ﬁeri
1176 2462 1349 2519 altero
1400 2464 1732 2537 longiorem,
1789 2478 1845 2526 et
1881 2472 2011 2528 dum

430 2549 676 2618 quinque
702 2557 758 2605 et
791 2551 1012 2623 triginta
1039 2569 1256 2610 menses
1277 2556 1657 2618 intercalarios
1672 2578 1769 2632 per
1796 2573 2015 2636 septua-

432 2639 581 2705 ginta
614 2655 788 2696 annos
811 2654 1119 2699 enumerat.
1144 2643 1203 2699 ld
1253 2648 1399 2717 quod
1430 2648 1616 2707 forsan
1644 2654 1823 2710 adhuc
1872 2656 2014 2712 indi-

433 2741 524 2800 get
551 2732 1013 2799 consideratione,
1043 2752 1282 2806 quonam
1326 2749 1486 2809 pacto
1512 2759 1609 2813 per
1642 2746 1885 2805 alternos
1912 2765 2013 2805 au-

431 2836 536 2877 nos
576 2821 916 2878 intercalatis
953 2823 1147 2881 diebus
1194 2828 1421 2897 triginta
1466 2833 1746 2904 contingat
1799 2851 2014 2892 menses

430 2913 849 2981 tempestatibus
876 2922 1208 2983 competere.
1240 2917 1471 2983 Quando
1498 2938 1631 2978 sane
1657 2932 1861 2982 temere
1920 2944 2016 2999 per

432 3002 587 3070 plura
612 3002 722 3068 fiat,
753 3004 900 3073 quod
931 3005 1049 3061 ﬁeri
1075 3007 1252 3076 possit
1283 3024 1379 3079 per
1399 3013 1689 3081 pauciora;
1740 3019 1886 3088 atqui
1917 3034 2017 3089 per

431 3095 688 3164 pauciora
720 3096 834 3160 ﬁat,
860 3096 907 3151 si
934 3106 1132 3167 quarto
1160 3113 1379 3170 quoque
1408 3117 1552 3158 anno
1608 3104 1810 3162 factum
1863 3125 2016 3181 teque

434 3192 587 3240 recte
609 3187 829 3242 habeat.
858 3186 1106 3258 Sumptis
1135 3191 1356 3261 quidem
1387 3196 1690 3262 mensibus,
1740 3207 1797 3254 ut
1828 3202 2016 3257 retuli-

432 3282 656 3339 mus,et
698 3275 1038 3334 intercalatis
1075 3281 1270 3339 diebus
1329 3285 1552 3355 triginta
1613 3298 1740 3358 post
1792 3294 2011 3348 tertium

432 3385 707 3441 quemque
727 3384 951 3439 annum,
972 3373 1074 3428 hoc
1089 3382 1174 3431 est
1199 3375 1486 3432 intervallo
1496 3377 1728 3435 duorum
1745 3398 2015 3441 annorum

433 3462 902 3520 intercalationem
932 3465 1067 3532 fieri,
1091 3469 1198 3525 nisi
1220 3471 1267 3525 si
1283 3471 1352 3525 ab
1381 3471 1484 3527 hoc
1530 3472 1842 3530 inchoativa
1872 3492 2012 3546 quo-

434 3553 578 3623 piam
606 3554 696 3609 die
724 3555 1001 3611 solstitiali
1032 3572 1213 3614 annus
1239 3560 1486 3630 incipiat.
1520 3559 1661 3616 Sunt
1714 3572 1896 3619 autem
1928 3565 2014 3619 in-

434 3646 675 3701 choativi
706 3648 1049 3714 solstitiales,
1074 3651 1304 3720 primus,
1339 3652 1635 3718 secundus,
1664 3657 1878 3722 tertius,
1900 3658 2018 3712 uni-

435 3753 608 3792 versae
634 3737 999 3808 perfectaeque
1024 3741 1255 3809 periodi.
1316 3741 1532 3800 Primus
1569 3746 1790 3815 quidem
1852 3748 2014 3818 primi

436 3843 703 3885 annorum
738 3831 1048 3898 undenarii,
1079 3842 1133 3887 et
1164 3834 1497 3905 imperfectae
1533 3838 1779 3907 periodi;
1820 3855 2018 3896 secun-

437 3918 539 3974 dus
562 3934 694 3974 vero
716 3921 941 3975 secundi
964 3923 1274 3989 undenarii,
1295 3933 1350 3979 et
1390 3926 1718 3995 imperfectae
1766 3928 2014 3998 periodi;

438 4012 632 4067 tertius
671 4021 851 4068 autem
909 4016 1185 4085 sequentis
1234 4018 1501 4072 octonarii
1561 4019 1771 4088 justum
1826 4038 2018 4077 nume-

438 4117 558 4157 rum
607 4104 876 4161 universaa
921 4107 1281 4176 perfectaeque
1336 4108 1497 4178 168
1527 4109 1734 4178 periodi
1786 4111 2017 4181 implen-

437 4203 528 4257 tis.
560 4200 696 4256 Nam
723 4202 825 4257 hoc
848 4218 1020 4274 genus
1063 4204 1351 4270 curriculi,
1386 4212 1445 4259 ut
1479 4205 1639 4276 pleua
1683 4206 1738 4261 in
1789 4207 1874 4263 bis
1923 4208 2018 4265 fiat

437 4310 706 4350 annorum
746 4298 1033 4362 revolutio,
1060 4300 1365 4354 ternarium
1410 4300 1565 4355 illum
1599 4315 1866 4355 annorum
1893 4317 2016 4372 gra-

436 4388 568 4442 dum
597 4390 823 4459 expetit.
862 4389 1034 4444 Porro
1084 4389 1287 4445 accidit
1319 4391 1455 4445 nihil
1486 4391 1680 4447 ultimo
1730 4408 1875 4447 anno
1923 4412 2018 4450 su-

2109 1923 2346 1992 γίνονται
2382 1926 2673 1996 τριάκοντα
2715 1924 2899 1985 πέντε,
2934 1923 3140 1994 ἡμέραι
3174 1922 3233 1976 δέ
3265 1924 3331 1977 ἐκ
3359 1923 3471 1978 τῶν
3507 1925 3698 1996 μηνῶν

2108 2014 2312 2069 τούτων
2344 2016 2512 2087 χίλιαι
2537 2017 2630 2069 καὶ⁸
2661 2017 3017 2085 πεντήκοντα.
3056 2033 3074 2066 ι

2180 2108 2258 2158 Δι’
2285 2107 2480 2160 ὁπόσου
2513 2107 2571 2160 δὲ
2599 2106 2789 2178 χρόνου
2815 2104 3276 2175 ἐπεμϐλητέον,εί
3302 2121 3388 2169 τις
3420 2103 3696 2178 Ἡροδότῳ

2111 2197 2392 2252 πείθεσθαι
2420 2197 2579 2265 ἀξιοῖ,
2613 2197 2837 2251 αὐτόθεν
2859 2198 2923 2250 ἐκ
2943 2196 3052 2250 τῶν
3081 2194 3174 2250 νῦν
3193 2195 3257 2267 δὴ
3275 2195 3696 2268 παρατεθέντων

2112 2288 2224 2360 ἔχει
2246 2289 2428 2343 λαϐεῖν
2451 2290 2514 2343 τὸ
2540 2288 2888 2360 ζητούμενον.
2927 2287 3185 2353 Ἐναλλὰξ
3204 2289 3312 2361 γάρ
3333 2306 3417 2343 τοι
3443 2290 3696 2363 παρήἔνα

2110 2381 2357 2451 γίνεσθαι
2375 2383 2464 2436 τὸν
2484 2382 2813 2453 ἐμϐολισμὸν
2835 2380 2987 2452 δηλοῖ
3005 2381 3100 2435 τοῦ
3121 2381 3167 2434 θ’
3187 2382 3274 2434 ἐτε
3282 2400 3374 2453 ρον
3398 2382 3511 2436 τῶν
3528 2383 3694 2437 ἐτέων

2110 2472 2304 2541 λέγων,
2319 2473 2412 2526 καὶ
2424 2471 2877 2545 τριακονταπέντε
2894 2471 3070 2543 μῆνας
3083 2471 3412 2543 ἐμϐολίμους
3426 2471 3540 2525 τῶν
3557 2471 3697 2526 ἐϐδο-

2116 2565 2358 2637 μήκοντα
2381 2564 2517 2618 ἐτῶν
2540 2564 2808 2636 ἀριθμῶν.
2826 2565 2895 2617 Ἢ
2911 2563 3070 2616 τοῦτο
3098 2563 3195 2634 μὲν
3220 2563 3348 2627 ἴσως
3375 2563 3551 2617 δεῖται
3573 2564 3696 2616 σκέ-

2112 2656 2278 2727 ψεως,
2303 2655 2420 2721 πῶς
2441 2656 2528 2719 ἂν,
2547 2656 2759 2728 θατέρῳ
2775 2656 2860 2710 ἀεὶ
2876 2655 2983 2709 τῶν
3011 2656 3149 2710 ἐτῶν
3173 2657 3269 2710 ἐπε
3278 2655 3691 2728 μϐαλλομένων.

2113 2749 2406 2820 τριάκοντα
2434 2748 2676 2821 ἡμερῶν,
2711 2747 2997 2818 συμϐαίνοι
3024 2749 3155 2812 τοὺς
3193 2747 3371 2818 μῆνας
3406 2747 3694 2818 ὁμολογεῖν

2113 2842 2232 2902 ταῖς
2255 2838 2424 2910 ὥραις
2448 2838 2553 2893 ἀεί·
2576 2837 2701 2890 ἐπεὶ
2723 2836 2780 2889 δὲ
2808 2837 2984 2909 μάτην
3002 2835 3069 2890 ἂν
3089 2837 3291 2906 γίνοιτο
3316 2836 3406 2890 διὰ
3431 2836 3694 2891 πλειόνων

2114 2931 2174 2984 τὸ
2191 2930 2257 2984 δι’
2285 2930 2589 2984 ἐλασσόνων
2615 2930 2913 3001 δυνάμενον
2932 2928 3199 3000 γίνεσθαι·
3223 2928 3430 2997 γίνοιτο
3448 2928 3505 2982 ιδ’
3533 2929 3601 2983 ἂν
3625 2930 3692 2984 δι’

2116 3022 2436 3085 ἐλασσόνων,
2467 3023 2517 3074 εί
2548 3021 2639 3075 διὰ
2667 3021 2930 3092 τετάρτου
2967 3018 3141 3092 ταύτῃ
3183 3020 3471 3091 γινόμενον
3517 3016 3579 3074 εῦ
3629 3021 3693 3074 ἂν

2118 3114 2247 3185 ἔχοι·
2292 3113 2604 3184 ληφθέντων
2657 3113 2755 3184 μὲν
2803 3111 2912 3166 τῶν
2968 3111 3153 3185 μηνῶν
3200 3112 3322 3166 καθ’
3365 3112 3402 3167 ά
3454 3114 3689 3185 είρηται,

2118 3208 2215 3259 ἐπε
2224 3205 2608 3277 μϐαλλομένων
2632 3206 2690 3260 δὲ
2714 3204 3005 3276 τριάκοντα
3030 3205 3251 3277 ἡμερῶν
3282 3205 3360 3276 τῷ
3382 3204 3557 3277 τρίτῳ
3587 3205 3692 3259 ἔτει

2114 3298 2222 3362 ἀεὶ,
2245 3297 2401 3352 τοῦτο
2421 3297 2466 3351 δ’
2496 3298 2613 3351 ἐστὶ
2642 3296 2793 3367 παρὰ
2822 3295 2915 3349 δύο
2942 3295 3189 3364 γίνεσθαι
3219 3297 3309 3349 τὸν
3336 3295 3688 3366 ἐμϐολισμόν·

2115 3387 2253 3459 πλὴν
2278 3389 2325 3440 εί
2351 3386 2460 3459 ἄρα
2482 3385 2589 3440 ἀπό
2616 3402 2762 3449 τινος
2783 3385 2891 3439 τῶν
2919 3385 3162 3457 άρχικῶν
3181 3384 3456 3458 τροπικῶν
3472 3384 3694 3457 ἡμερῶν

2115 3481 2338 3554 ἄρχεται
2370 3481 2399 3534 ὁ
2432 3479 2697 3543 ἐνιαυτός.
2748 3471 2920 3532 Abt-at
2967 3479 3013 3533 δ’
3048 3479 3156 3533 εἰσὶ
3194 3477 3410 3550 πρώτη,
3444 3478 3693 3550 δευτέρα,

2114 3575 2294 3647 τρίτη,
2324 3573 2425 3643 τῆς
2447 3572 2575 3643 ὅλης
2600 3571 2692 3626 καὶ
2723 3570 3044 3635 αὐτοτελοῦς
3072 3570 3344 3642 περιόδου·
3372 3569 3571 3641 πρώτη
3601 3570 3695 3639 μὲν

2114 3662 2214 3732 τῆς
2246 3659 2468 3733 πρώτης
2496 3659 2777 3724 ἑνδεκάδος
2798 3660 2893 3714 καὶ
2916 3658 3142 3723 ἀτελοῦς
3164 3659 3435 3733 περιόδου·
3465 3659 3695 3731 δευτέρα

2115 3753 2172 3807 δὲ
2190 3752 2287 3821 τῆς
2306 3751 2563 3823 δευτέρας
2583 3751 2864 3816 ἑνδεκάδος
2885 3751 2981 3805 καὶ
3000 3749 3223 3815 ἀτελοῦς
3243 3751 3520 3821 περιόδου·
3538 3750 3692 3822 τρίτη

2115 3843 2173 3896 δὲ
2191 3843 2288 3912 τῆς
2309 3841 2437 3912 ἐξῆς
2456 3842 2681 3906 όκτάδος
2707 3841 3132 3914 συμπληρούσης
3153 3842 3252 3914 τὴν
3267 3841 3394 3911 ὅλην
3408 3858 3467 3894 τε
3487 3842 3584 3895 καὶ
3599 3841 3693 3893 αὑ-

2116 3934 2306 4005 τοτελῆ
2337 3932 2600 4004 περίοδον.
2630 3934 2884 3989 Βούλεται
2903 3935 3000 4005 μὲν
3016 3935 3123 4006 γὰρ
3148 3936 3181 4005 ὴ
3202 3933 3390 4003 ἔφοδος
3414 3933 3557 3987 κάπὶ
3581 3931 3693 3985 τού-

2116 4044 2224 4080 των
2255 4027 2356 4098 τὴν
2390 4026 2602 4100 τριάδα·
2647 4027 2933 4098 συμϐαίνει
2964 4027 3023 4081 δὲ
3054 4025 3392 4099 περιττεύειν
3423 4026 3600 4097 μηθὲν
3622 4026 3693 4097 τῷ

2116 4119 2410 4191 τελευταίῳ
2430 4119 2559 4172 ἔτει·
2589 4119 2702 4174 ἀλλ’
2730 4120 2850 4191 ἦτοι
2878 4119 3162 4183 ἐλλείπειν,
3191 4118 3267 4181 ὡς
3295 4118 3387 4170 ἐπὶ
3415 4116 3518 4187 τῆς
3548 4115 3691 4188 πρώ-

2116 4230 2216 4284 της
2247 4211 2526 4275 ἑνδεκάδος
2563 4213 2659 4266 καὶ
2691 4212 2792 4282 τῆς
2830 4211 3108 4285 δευτέρας,
3143 4212 3175 4283 ἢ
3223 4211 3449 4275 ἰσάζειν,
3497 4211 3576 4274 ὡς
3611 4211 3694 4264 ἐπὶ

2117 4305 2215 4375 τῆς
2256 4303 2382 4375 eam
2422 4321 2487 4373 γε
2519 4304 2766 4368 ὁκτάδος.
2811 4305 2888 4357 Δι’
2926 4305 3064 4376 ὅπερ
3094 4303 3308 4373 ἀνάγκη
3349 4301 3428 4373 τῷ
3470 4300 3613 4371 μετὰ
3639 4300 3695 4353 τὸ
3748 4334 3758 4347 ι

2119 4396 2346 4469 ἀρχικὸν
2374 4396 2535 4460 εὐθὺς
2562 4396 2671 4450 ἔτει
2702 4397 2929 4465 ἐπάγειν
2956 4398 3055 4460 τὰς
3081 4394 3360 4468 περιττάς.
3393 4395 3486 4446 Δεῖ
3519 4392 3695 4464 μέντοι

439 4480 737 4549 perfluere;
767 4482 861 4538 sed
896 4484 980 4539 vel
1011 4483 1268 4550 deﬁcere,
1301 4492 1363 4537 ut
1392 4485 1445 4538 in
1470 4484 1650 4554 primo
1678 4493 1733 4539 et
1775 4487 2013 4542 secundo

2121 4486 2214 4540 καί
2240 4503 2384 4549 τινος
2420 4486 2612 4558 ἐτέρας
2646 4486 2966 4559 προσθήκης
2996 4487 3085 4540 διὰ
3112 4485 3181 4539 τὰ
3212 4484 3574 4555 ἐπιτρέχοντα
3600 4482 3695 4555 μό-

438 4572 778 4642 undenario;
834 4575 917 4630 vel
965 4591 1206 4645 aequare,
1267 4584 1327 4630 ut
1376 4575 1433 4629 in
1482 4584 1744 4645 sequente
1789 4577 2010 4647 quidem

2124 4594 2234 4648 ρια,
2264 4577 2400 4648 εἴγε
2427 4578 2638 4651 ἡμέρας
2670 4577 2906 4631 ἐλλείπει
2941 4580 3072 4650 μιᾶς
3099 4595 3202 4630 που
3229 4575 3317 4630 διὰ
3344 4574 3694 4649 τετραετηρί-

438 4664 742 4722 octonario.
790 4665 1134 4736 Quapropter
1186 4681 1411 4722 necesse
1452 4676 1535 4722 est
1605 4666 1866 4721 continuo
1929 4668 2007 4721 illi

2118 4669 2224 4735 δος.
2271 4669 2713 4743 Ἀναπληρωτέον
2745 4669 2800 4723 δέ
2827 4668 2971 4723 κατὰ
2999 4669 3164 4741 μέρος
3185 4660 3309 4721 ὧδε.

437 4771 602 4825 anno,
627 4761 717 4830 qui
765 4761 1027 4818 initialem
1061 4761 1286 4832 excipit,
1319 4761 1438 4817 dies
1498 4763 1844 4819 abundantes
1875 4764 2131 4833 adjicere.
2158 4765 2344 4820 Altera
2418 4772 2599 4820 tamen
2656 4764 2936 4820 additione
2998 4765 3162 4820 etiam
3225 4780 3366 4836 opus
3406 4770 3514 4825 est,
3570 4773 3692 4831 pro-

436 4863 559 4924 pter
578 4862 959 4909 excurrentem
1019 4854 1344 4925 particulam
1394 4870 1407 4906 :
1448 4855 1721 4925 siquidem
1766 4863 1965 4926 quarto
2012 4873 2232 4930 quoque
2270 4873 2415 4914 anno
2439 4859 2558 4914 dies
2599 4873 2743 4914 unus
2796 4857 2971 4914 deest.
3026 4856 3325 4931 Repleatur
3369 4859 3560 4928 itaque
3607 4870 3697 4924 per

435 4947 586 5002 vices
626 4946 730 5001 hoc
757 4946 941 5001 modo.

510 5038 618 5095 Fac
668 5055 791 5096 esse
855 5038 1353 5096 Hecatombteonis
1381 5039 1668 5096 neomenia
1722 5039 2013 5096 solstitium

2200 5034 2539 5089 Ὑποκείσθω
2578 5031 3051 5105 Ἑκατομϐαιῶνος
3075 5032 3341 5105 νουμηνία
3362 5033 3465 5105 τὴν
3492 5035 3697 5107 τροπὴν

435 5134 617 5204 primo
645 5147 791 5188 anno
815 5150 829 5187 :
859 5139 1122 5203 sequente
1160 5129 1408 5202 profecto
1437 5131 1543 5186 erit
1568 5130 1892 5187 duodecimo
1927 5131 2013 5186 die

2118 5124 2254 5182 εἶναι
2278 5126 2357 5199 τῷ
2388 5125 2598 5205 πρώτῳ,
2613 5126 2742 5180 ἔτει·
2773 5124 2969 5181 οὐκοῦν
2993 5125 3071 5197 τῷ
3091 5126 3329 5198 δευτέρῳ
3351 5125 3586 5198 δευτέρα
3610 5128 3697 5182 ἐπὶ

438 5225 943 5293 Hecatombaaonis;
965 5225 1126 5295 eique
1155 5223 1342 5279 addito
1396 5224 1770 5290 intercalario,
1799 5223 2013 5294 ipsique

2118 5219 2267 5273 δέκα.
2301 5218 2489 5290 Τούτῳ
2518 5218 2560 5271 δ”
2589 5218 2919 5288 ἐπαχθέντος
2962 5217 3057 5272 τοῦ
3097 5217 3428 5289 ἐμϐολίμου,
3475 5219 3614 5273 αὐτό
3643 5236 3697 5272 τε

441 5319 876 5389 supplementum
933 5318 1242 5372 confectum
1287 5325 1393 5381 est,
1443 5322 1498 5370 et
1552 5314 1800 5386 sequenti
1846 5329 2012 5378 anno,

439 5418 572 5480 puta
603 5409 784 5474 tertio,
812 5408 1107 5464 solstitium
1132 5407 1349 5464 exsistit
1371 5407 1634 5463 vicesimo
1663 5407 1906 5463 secundo
1924 5406 2014 5462 die

442 5500 647 5555 mensis
712 5499 1071 5563 intercalarii,
1118 5508 1174 5554 et
1216 5497 1476 5569 superﬂui
1526 5506 1656 5554 sunt
1684 5498 1804 5555 dies
1846 5507 2010 5564 octo;

442 5592 590 5661 atqui
611 5591 861 5648 undecim
890 5593 1200 5663 cportebat.
1226 5592 1412 5659 Itaque
1434 5592 1488 5645 in
1511 5603 1766 5662 quartum
1800 5592 2013 5647 instan-

440 5683 517 5738 tis
568 5679 1037 5737 Hecatomhaeonis
1093 5682 1389 5737 solstitiqu
1421 5694 1619 5751 quarto
1668 5698 1811 5738 anno
1842 5684 2015 5749 redit;

442 5771 641 5830 deinde
662 5773 716 5826 in
750 5772 1020 5827 decimum
1053 5774 1304 5842 quintum
1364 5790 1508 5829 anno
1557 5775 1932 5845 consequenti,
1965 5776 2017 5829 in

2122 5313 2602 5384 συμπεπλήρωται,
2649 5313 2743 5365 καὶ
2785 5312 2819 5383 ἡ
2862 5311 3037 5384 τροπὴ
3065 5311 3224 5383 ὀγδόῃ
3263 5310 3359 5364 τοῦ
3400 5311 3697 5384 ἐμϐολίμου

2116 5406 2394 5476 φθίνοντος
2428 5406 2663 5477 ὑπάρχει
2703 5403 2781 5476 τῷ
2824 5404 3053 5469 ἐπιόντι,
3102 5405 3198 5458 καὶ
3234 5405 3491 5474 περιτταὶ
3535 5403 3692 5457 ὀκτώ·

2114 5496 2286 5550 δεῖδὲ
2328 5496 2539 5550 ἕνδεκα.
2585 5495 2793 5550 Οὐκοῦν
2830 5497 2911 5560 εἰς
2955 5496 3221 5566 τετάρτην
3263 5494 3559 5565 ἱσταμένου
3605 5491 3695 5546 τοῦ

2127 5587 2603 5660 Ἑκατομϐαιῶνος
2636 5588 2901 5659 ἐπανήκει
2926 5586 3004 5658 τῷ
3030 5587 3157 5657 ἑξῆς
3182 5589 3216 5657 ὴ
3247 5587 3444 5658 τροπή·
3473 5581 3595 5640 εἶτα
3621 5587 3695 5648 εἰς

2121 5684 2378 5754 πέμπτην
2411 5683 2504 5735 ἐπὶ
2534 5681 2666 5735 δέκα
2694 5679 2772 5751 τῷ
2802 5678 3044 5751 ἐχομένῳ
3072 5679 3304 5749 πρόεισι.
3342 5677 3515 5731 Τοῦτο
3554 5678 3600 5730 δ’
3630 5672 3691 5730 αὖ

2122 5772 2417 5843 ἐμϐολάζον
2466 5773 2545 5834 εἰς
2599 5769 2855 5840 πέμπτην
2909 5767 3002 5822 τοῦ
3060 5767 3354 5838 ἐμϐολίμου
3420 5765 3699 5835 φθίνοντος
