3950 6266
329 346 466 405 ﬁl?)

1306 340 1659 399 THEODORI
1697 341 1903 396 GAZIE
1940 340 2144 396 LIBER
2186 341 2276 397 DE
2313 342 2683 401 MENSIBUS.

3439 349 3577 419 tm

324 464 616 535 καθίστησι
660 463 761 535 τὴν
805 463 1011 535 τροπὴν
1065 462 1143 534 τῷ
1192 463 1434 525 ἐπιόντι,
1490 462 1582 514 καὶ
1638 458 1887 531 περιττὰς

1997 476 2107 529 quo
2132 460 2544 518 intercalatione
2574 462 2716 518 facta
2737 463 2934 534 quinto
2956 472 3011 521 et
3039 465 3299 522 vicesimo
3321 465 3408 521 die
3423 481 3577 521 men~

322 558 505 614 πέντε.
541 558 702 610 Ὥστε
753 555 813 609 τὸ
863 554 1059 626 ἐφεξῆς
1110 556 1175 626 δὴ
1218 555 1423 627 ἐϐδόμῃ
1474 552 1760 624 ἱσταμένου
1805 550 1899 605 τοῦ

332 649 803 721 Ἑκατομϐαιῶνος
851 647 1166 721 τροπιάσει,
1203 649 1299 702 καὶ
1337 646 1499 721 ὀγδόῃ
1539 647 1633 700 ἐπὶ
1668 644 1800 699 δέκα
1842 636 1901 698 τὸ

321 744 441 813 μετ’
477 743 631 797 αὐτό.
671 739 874 797 Τούτου
906 740 963 793 δὲ
1000 740 1161 793 πάλιν
1206 738 1618 810 ὲμϐολάζοντος,
1659 741 1692 809 ἡ
1726 735 1900 810 τροπὴ

314 834 546 905 δευτέρᾳ
580 832 671 887 τοῦ
720 831 1017 904 ἐμϐολίμου
1059 832 1337 902 φθίνοντος
1375 831 1525 884 ἔσται
1561 831 1640 902 τῷ
1670 830 1897 895 ἐπιόντι,

318 927 416 981 καὶ
468 925 720 997 περιτταὶ
772 924 883 977 δύο.
941 923 1031 996 Τῷ
1076 926 1183 997 ἄρα
1231 923 1358 992 ἑξῆς
1400 925 1480 987 εἰς
1524 924 1757 994 δεκάτην
1803 922 1898 976 τοῦ

325 1015 801 1090 Ἑκατομϐαιῶνος
838 1015 1186 1087 περιΐσταται
1218 1017 1253 1087 ἡ
1294 1014 1493 1087 τροπὴ,
1538 1016 1635 1068 καὶ
1684 1014 1762 1085 τῷ
1804 1016 1898 1068 ἐπὶ

313 1110 490 1181 τούτῳ
523 1112 604 1173 είς
634 1109 864 1180 δεκάτην
897 1107 961 1179 δὴ
995 1107 1294 1177 φθίνοντος.
1335 1107 1498 1160 Τουτὶ
1524 1107 1568 1160 δ’
1599 1107 1898 1178 ὲμϐολάζον

313 1202 621 1256 τελευταῖον
653 1202 752 1271 τῆς
782 1198 1004 1272 πρώτης
1034 1200 1331 1264 ἑνδεκάδος,
1360 1201 1441 1262 είς
1462 1199 1721 1269 δευτέραν
1749 1201 1899 1252 ἱστα-

314 1293 480 1365 μένου
505 1292 598 1345 τοῦ
631 1291 1102 1363 Ἑκατομϐαιῶνος
1123 1287 1522 1360 ἀποκαθίστησι
1546 1287 1644 1360 τὴν
1665 1289 1894 1360 τροπὴν,

313 1384 575 1458 περιττὴν
608 1383 705 1455 μὲν
746 1381 1014 1455 μηδεμίαν
1042 1380 1352 1443 ὑπολείπον,
1392 1380 1517 1450 μιᾶς
1567 1378 1613 1430 δ’
1645 1378 1726 1431 ἔτι
1756 1376 1895 1433 δέον.

310 1476 462 1549 Αὕτη
500 1476 598 1549 μὲν
626 1473 720 1531 οὖν
753 1473 944 1547 πρώτη
979 1472 1223 1537 ένδεκάς,
1251 1472 1345 1525 καὶ
1374 1469 1619 1541 περίοδος
1652 1470 1710 1523 ὲν
1741 1468 1896 1540 μέρει

309 1570 408 1624 καὶ
435 1568 661 1640 ἀτελὴς,
698 1565 972 1637 ἀρχομένη
1005 1565 1103 1636 μὲν
1132 1563 1241 1618 ἀπὸ
1273 1561 1569 1632 νουμηνίας
1600 1559 1694 1613 τοῦ
1739 1560 1898 1612 Ἐκα-

310 1660 671 1732 τομϐαιῶνος,
717 1657 1023 1712 τελευτῶσα
1058 1656 1117 1710 δὲ
1154 1657 1235 1719 είς
1279 1654 1536 1726 δευτέραν
1584 1651 1893 1723 ἱσταμένου,

307 1753 377 1807 δι’
410 1752 640 1816 ἑπτάδος
672 1749 955 1819 ίθαγενοῦς
995 1747 1197 1821 δηλαδὴ
1239 1745 1610 1819 βοηθουμένης
1641 1742 1896 1816 τετράδος

309 1844 683 1916 ὲμϐολιμαίων
710 1818 864 1897 ὲτῶνο
895 1818 1125 1913 δευτέρα
1154 1818 1210 1893 δὲ
1236 1818 1397 1910 ὀμοία
1426 1841 1507 1902 είς
1529 1838 1719 1911 τρίτην
1742 1838 1894 1890 ἱστα-
1926 1818 1966 1873 Β

314 1938 476 2008 μένου
524 1934 925 2003 ἀποκαθίστησι
970 1934 1068 2005 τὴν
1110 1933 1343 2004 τροπήνο
1384 1930 1574 2001 τρίτην
1610 1928 1653 1982 δ’
1697 1929 1894 1999 ἔχουσα

309 2030 463 2096 τάξιν
505 2028 693 2092 ὀκτάς,
738 2027 943 2099 ὁμοίως
988 2023 1371 2095 ὲφοδευομένη,
1421 2022 1621 2094 πληροῖ
1658 2022 1759 2092 τὴν
1795 2021 1895 2091 τῆς

307 2123 436 2192 ὅλης
482 2120 575 2175 καὶ
627 2118 949 2182 αὐτοτελοῦς
1001 2116 1252 2188 περιόδου
1294 2115 1763 2178 ἀποκατάστασιν,
1812 2115 1894 2177 είς

308 2214 606 2286 νουμηνίαν
654 2210 1068 2267 ἀποκαθιστᾶσα
1108 2208 1203 2263 τοῦ
1244 2206 1737 2279 Ἑκατομϐαιῶνος.
1783 2205 1891 2259 Καὶ

308 2309 397 2363 ἀεὶ
434 2306 609 2371 οὕτως
656 2306 1074 2377 περιϊστάμεναι
1121 2304 1177 2357 αἱ
1216 2302 1435 2373 τροπαὶ,
1474 2299 1747 2371 ὁμολόγως
1780 2301 1890 2363 τοῖς

310 2403 478 2473 μησὶν
505 2400 710 2468 ἕξουσι,
753 2397 1191 2472 προστιθεμένων
1228 2395 1324 2450 καὶ
1354 2395 1460 2448 τῶν
1496 2393 1891 2465 ἐπιτρεχόντων

311 2495 536 2566 μορίων,
568 2494 717 2556 ὅπως
748 2492 814 2545 ἂν
847 2491 1068 2562 ἄμεινον
1101 2489 1230 2560 δοκῇ
1258 2486 1624 2560 προστιθέναι.
1655 2485 1890 2555 Θεωρεί-

309 2586 422 2639 σθω
450 2585 506 2638 δὲ
528 2584 700 2639 ταῦτα
720 2584 857 2637 κάπὶ
886 2583 984 2654 τῆς
1013 2580 1325 2652 ὲκτεθείσης
1349 2579 1676 2652 διαγραφῆς.
1705 2578 1889 2633 Ταῦτα

310 2677 411 2748 μὲν
440 2679 506 2731 ὲκ
540 2676 743 2729 τούτων
791 2673 1123 2747 θεωρείσθω,
1167 2673 1274 2744 ὅτῳ
1324 2671 1601 2744 ἐπιμελές⁸
1645 2672 1695 2724 εί
1726 2670 1783 2725 δέ
1810 2688 1889 2742 τῳ

309 2770 462 2840 φίλον
500 2771 591 2822 καὶ
633 2767 772 2822 κατά
810 2767 1075 2837 Πλήθωνα
1118 2766 1347 2837 διαιρεῖν
1385 2781 1444 2818 τε
1486 2764 1581 2818 καὶ
1611 2762 1885 2834 ἀριθμεῖν,

307 2861 418 2915 οὐδ’
444 2859 592 2932 αὑτῷ
610 2877 665 2912 τι
692 2857 890 2913 κωλύει
918 2856 1149 2929 χρῆσθαι
1170 2859 1236 2928 τῇ
1258 2855 1406 2920 τάξει
1429 2873 1489 2908 τε
1513 2855 1605 2908 καὶ
1623 2855 1887 2926 ὀνομασίᾳ

307 2953 416 3006 τῶν
449 2951 633 3024 μηνῶν
668 2954 735 3023 τῇ
772 2949 1114 3020 ἁποδοθείσῃ.
1149 2949 1267 3002 Κάν
1296 2947 1524 3020 Πλήθων
1551 2946 1693 3001 οὕτω
1720 2948 1887 3001 διονο-

311 3045 495 3119 μάζων
524 3047 654 3116 περὶ
681 3043 864 3116 μηνῶν
884 3043 1144 3115 ἔγραφεν,
1167 3044 1216 3095 εί
1240 3043 1368 3113 παρ’
1395 3041 1555 3093 ἄλλου
1583 3040 1764 3093 λαϐεῖν
1786 3041 1885 3112 τὴν

308 3141 444 3213 πρὸς
472 3138 735 3210 ἀλλήλους
772 3133 1019 3201 σύνταξιν
1050 3135 1160 3189 τῶν
1192 3135 1378 3207 μηνῶν
1409 3133 1551 3205 εἶχεν
1580 3134 1772 3205 ὀρθῶς·
1798 3135 1887 3187 ob-

308 3232 397 3284 θὲν
425 3229 534 3284 γὰο
558 3228 706 3284 αύτῷ
735 3225 857 3282 οὔτε
884 3228 984 3284 τὰς
1017 3227 1352 3284 ἱερομηνίας,
1377 3225 1500 3279 οὔτε
1525 3225 1630 3279 τῶν
1664 3225 1886 3284 ἡμερῶν

1992 3134 2179 3195 buere,
2210 3138 2266 3187 et
2294 3145 2606 3195 numerare,
2638 3133 2776 3187 nihil
2835 3133 2988 3186 illum
3042 3133 3321 3202 impediat,
3354 3133 3565 3202 quomi-

1990 3244 2095 3284 nus
2114 3235 2169 3283 et
2201 3225 2396 3282 ordine
2423 3232 2632 3284 utatur.
2663 3234 2719 3281 et
2743 3225 3028 3281 nominum
3056 3224 3268 3279 ratione
3311 3233 3442 3279 ante
3468 3240 3565 3280 ex-

2615 3265 2632 3291 9

306 3232 397 3284 θὲν
425 3229 534 3302 γὰρ
558 3228 706 3300 αὐτῷ
735 3225 857 3282 οὔτε
884 3228 984 3291 τὰς
1017 3227 1352 3299 ἱερομηνίας,
1377 3225 1500 3279 οὔτε
1525 3225 1630 3279 τῶν
1664 3225 1886 3297 ἡμερῶν

304 3323 403 3394 τὴν
448 3321 850 3393 καταρίθμησιν
900 3319 1206 3389 ἐλυμαίνετ’
1248 3317 1315 3372 ἂν
1351 3319 1386 3389 ἧ
1433 3335 1496 3386 γε
1548 3318 1656 3371 τῶν
1703 3319 1886 3390 μηνῶν

304 3415 586 3486 ὀνομασία,
611 3414 687 3478 ὡς
728 3413 998 3481 Ἀθηναῖοι
1034 3406 1189 3481 ἦγον*
1220 3410 1295 3463 ἐῶ
1322 3409 1520 3477 λέγειν.
1552 3409 1626 3473 ὼς
1653 3411 1746 3462 καὶ
1768 3410 1887 3462 ἐσέ-

311 3526 505 3581 μνυνεν
531 3506 596 3560 ἂν
622 3505 818 3576 κομιδῇ
847 3502 1219 3573 ἐπικοσμοῦσα
1246 3502 1309 3555 τὺ
1334 3503 1585 3573 γράμμα,
1612 3500 1725 3555 Νῦν
1739 3501 1782 3554 δ’
1800 3502 1886 3555 ὅδε

302 3602 364 3654 τὸ
388 3601 485 3672 μὲν
502 3600 698 3655 ἀτοπον
725 3600 858 3669 ἡμῖν
881 3595 983 3667 τῆς
1012 3596 1249 3666 ἐκφορᾶς
1276 3593 1385 3647 τῶν
1421 3593 1742 3664 Ῥωμαῖκῶν
1769 3593 1886 3646 ὀνο-

309 3694 491 3764 μάτων
532 3691 772 3761 φεύγων,
815 3686 1140 3756 Ἰανουάριον
1167 3685 1261 3739 καὶ
1287 3685 1668 3756 Φεϐρουάριον.
1694 3684 1789 3737 καὶ
1816 3683 1885 3736 τὰ

301 3783 526 3837 τοιαῦτα
565 3783 665 3835 οὐκ
696 3780 970 3851 ὀνομάζει·
1014 3776 1233 3848 ἀπορῶν
1262 3777 1320 3829 δὲ
1348 3775 1445 3847 τὴν
1485 3774 1735 3842 σύνταξιν
1774 3774 1883 3829 τῶν

315 3872 659 3944 Ἑλληνικῶν,
687 3873 782 3926 καὶ
811 3870 872 3924 τὸ
899 3869 1026 3941 περὶ
1052 3868 1150 3939 τὴν
1173 3867 1397 3940 ζήτησιν
1420 3865 1763 3938 ταλαίπωρον
1790 3866 1882 3918 εὐ-

307 3965 657 4036 λαϐούμενος,
692 3964 783 4017 ἐπὶ
806 3962 869 4015 τὸ
901 3962 1188 4033 πρόχειρον
1228 3959 1482 4031 τρέπεται
1508 3958 1603 4012 τοῦ
1626 3958 1879 4030 ἀριθμοῦ.

2000 554 2080 609 sis
2107 554 2438 610 intercalarii
2468 556 2719 626 sequenti
2743 571 2910 622 anno,
2943 558 3152 614 scilicet
3181 567 3357 624 sexto,
3390 559 3576 615 solsti-

2001 645 2134 700 tium
2158 648 2480 710 collocatur,
2513 657 2568 703 et
2604 647 2949 719 superﬂuunt
3003 650 3264 720 quinque.
3320 651 3574 721 Quapro-

1997 747 2120 808 pter
2181 756 2359 796 anuus
2412 742 2676 811 septimus
2743 757 2980 812 sequens
3056 745 3286 813 septimo
3332 745 3575 800 ineuntis

1998 828 2465 888 Heeatombaeonis
2495 833 2791 889 solstitium
2814 842 3055 904 peraget,
3074 846 3127 890 et
3151 833 3364 891 decimo
3380 848 3574 892 octavo

1997 939 2176 980 annus
2199 932 2446 981 octavus.
2490 925 2604 982 Hoc
2633 942 2854 982 rursum
2887 926 3201 982 intercalari
3253 926 3419 991 fasto,
3462 928 3573 984 sol-

1997 1018 2204 1073 stitium
2238 1018 2343 1073 erit
2365 1017 2630 1074 vicesimo
2656 1034 2801 1073 nono
2833 1017 2923 1073 die
2979 1021 3186 1076 mensis
3238 1018 3572 1075 intercalarii

1996 1124 2140 1163 anno
2170 1117 2456 1179 sequente,
2487 1117 2541 1164 et
2565 1110 2683 1164 dies
2723 1111 3065 1166 abundantes
3091 1110 3222 1165 duo.
3254 1109 3414 1165 Anno
3442 1126 3572 1166 vero

1995 1201 2252 1267 decimo,
2308 1203 2362 1256 in
2429 1202 2705 1257 decimum
2746 1202 3213 1258 llecatombaeonis
3277 1202 3571 1259 solstitium

1996 1293 2391 1364 circumagitur
2424 1312 2436 1347 :
2465 1302 2517 1349 et
2550 1295 2800 1363 proximo
2844 1295 2900 1349 in
2935 1295 3259 1351 vicesimum
3307 1296 3569 1366 primum,

1995 1384 2090 1455 qui
2121 1384 2299 1440 iactus
2330 1386 2675 1443 intercalaris
2719 1388 2948 1443 ultimus
3005 1388 3226 1458 quidem
3266 1389 3424 1459 primi
3468 1405 3573 1443 ιιι)-

1995 1476 2226 1540 denarii,
2278 1478 2332 1532 in
2372 1480 2683 1534 secundum
2747 1478 3217 1537 Hecatombteonis
3267 1481 3570 1538 solstitium

1995 1557 2257 1633 restituit,
2285 1570 2491 1624 nullum
2529 1570 2862 1655 superﬂuum
2893 1572 3228 1643 relinquens,
3258 1573 3354 1629 sed
3391 1572 3569 1627 adhuc

1996 1664 2084 1719 die
2110 1679 2221 1719 uno
2251 1663 2520 1735 indigens.
2556 1664 2857 1736 lpseigitur
2888 1666 3106 1737 primus
3125 1666 3478 1733 undenar’ius,
3515 1680 3570 1722 et

1996 1756 2347 1826 particularis
2378 1756 2656 1826 periodus,
2687 1765 2742 1812 et
2772 1757 3116 1828 imperfecta,
3151 1759 3424 1829 incipiens
3449 1760 3575 1829 qui-

1993 1846 2116 1902 dem
2153 1862 2182 1900 a
2216 1847 2499 1902 novilunio
2536 1846 3027 1912 Hecatombaeonis,
3058 1850 3147 1905 die
3171 1866 3297 1905 vero
3327 1851 3572 1907 secundo

1995 1938 2241 2008 ejusdem
2269 1937 2488 2005 ﬁniens,
2520 1954 2617 2009 per
2637 1947 2843 2009 septem
2893 1940 3105 1995 scilicet
3136 1954 3310 1995 annos
3346 1947 3571 1994 natura-

1995 2030 2095 2095 les,
2120 2030 2427 2101 Opitulante
2455 2030 2862 2086 intercalarium
2888 2046 3155 2086 annorum
3182 2032 3566 2103 quaternisue.

1996 2122 2283 2179 Secundus
2307 2130 2566 2193 praeterea
2606 2123 2943 2180 undenarius
2999 2124 3253 2179 similiter
3310 2125 3364 2178 in
3421 2124 3565 2179 diem

1994 2213 2216 2270 tertium
2246 2212 2717 2270 Hecatombaronis
2748 2215 3043 2271 solstitium
3076 2215 3275 2286 rejicit,
3308 2223 3363 2269 at
3405 2215 3569 2270 tertio

1993 2305 2118 2362 loco
2143 2307 2460 2363 octonarius
2505 2307 2964 2379 positus,pariter
3006 2308 3297 2371 decursus,
3357 2307 3568 2378 perlicit

1994 2398 2441 2469 illam_universze
2462 2398 2823 2470 perfectaeque
2854 2399 3064 2471 periodi
3087 2399 3304 2470 plenam
3355 2400 3566 2457 insum-

1990 2491 2282 2556 ntionem,
2313 2489 2611 2547 solstitium
2641 2492 2697 2548 in
2724 2492 3070 2547 ncomeniam
3098 2490 3568 2549 Hecatomhacnis

1991 2583 2311 2639 restituens.
2336 2582 2401 2638 Et
2424 2582 2506 2639 sic
2536 2598 2753 2654 semper
2788 2584 3123 2639 circumacta
3156 2584 3399 2640 solstitia
3439 2600 3564 2639 eum

1992 2674 2273 2730 mensibus
2304 2683 2644 2746 congruent,
2680 2674 2884 2730 additis
2935 2675 3099 2731 etiam
3156 2676 3447 2745 particulis
3471 2691 3567 2731 ex-

1991 2768 2339 2823 currentibus
2372 2783 2533 2839 quam
2565 2766 3018 2823 commodissime
3046 2766 3173 2822 addi
3204 2783 3368 2838 posse
3416 2768 3567 2825 vide~

1989 2859 2216 2915 buntur.
2242 2857 2414 2915 Porro
2435 2858 2836 2914 consideranda
2866 2859 2983 2914 hac
3037 2867 3166 2915 sunt
3194 2859 3358 2915 etiam
3387 2860 3445 2914 in
3472 2876 3568 2915 ex-

1991 2955 2169 3020 posita
2207 2946 2625 3022 'descriptaque
2679 2952 2900 3019 tabella,
2937 2952 2983 3007 si
3040 2952 3131 3006 cui
3185 2952 3238 3007 id
3287 2967 3435 3007 curae
3457 2961 3563 3010 est.

1991 3039 2147 3107 Quod
2177 3040 2351 3096 sicui
2404 3041 2583 3111 placet
2646 3041 2949 3118 secundum
2996 3038 3312 3095 Pletbonem
3378 3038 3568 3094 distri-

1992 3134 2179 3195 buere,
2210 3138 2266 3187 et
2294 3145 2606 3195 numerare,
2638 3131 2776 3187 nihil
2835 3132 2988 3186 illum
3042 3130 3321 3202 impediat,
3354 3131 3568 3202 quomi-

1992 3322 2212 3393 plicata.
2257 3320 2438 3390 Atque
2468 3321 2633 3376 etiam
2688 3319 2917 3375 Pletbon
2979 3317 3083 3372 bac
3124 3318 3568 3373 denominatione

1993 3428 2126 3470 usus
2165 3420 2332 3476 esset,
2354 3428 2478 3467 cum
2511 3413 2580 3468 de
2611 3412 2894 3469 mensibus
2925 3411 3211 3477 scriberet,
3239 3411 3285 3466 si
3316 3418 3464 3466 recte
3495 3410 3568 3466 τι»

1992 3505 2099 3559 alio
2125 3505 2360 3560 mutuari
2381 3504 2523 3559 hanc
2550 3514 2795 3560 mutuam
2825 3505 3094 3561 mensium
3132 3504 3328 3560 seriem
3356 3505 3565 3574 potuis-

1993 3606 2095 3653 set.
2123 3595 2311 3666 Neque
2345 3597 2491 3653 enim
2522 3596 2625 3666 ipsi
2657 3612 2789 3653 suas
2821 3595 3008 3661 ferias,
3055 3595 3377 3665 dierumque
3426 3611 3563 3650 enu-

1989 3689 2349 3744 merationem
2380 3688 2766 3744 labefactasset
2792 3688 3095 3743 Atticorum
3137 3688 3409 3742 mensium
3462 3701 3563 3741 no-

1989 3780 2326 3836 menelatura
2351 3799 2366 3834 :
2393 3788 2453 3835 ut
2483 3780 2703 3837 interim
2734 3786 2968 3843 taceam,
3000 3786 3269 3850 quantum
3321 3778 3560 3848 dignita-

1988 3871 2062 3925 tis
2080 3878 2135 3926 et
2163 3870 2472 3942 splendoris
2521 3869 2815 3937 attulisset,
2845 3870 3046 3924 librum
3082 3869 3259 3939 ipsum
3318 3867 3559 3940 scriptu-

1987 3978 2215 4033 ramque
2243 3964 2460 4019 abunde
2486 3977 2786 4019 exornans.
2818 3961 2977 4018 Nunc
3005 3978 3134 4018 vero
3156 3962 3246 4018 ille
3269 3961 3560 4016 absurdam

303 4060 465 4115 nobis
497 4057 864 4112 Romanorum
889 4056 1155 4111 mensium
1191 4054 1617 4108 enuntiationem
1648 4052 1942 4124 refugiens.
1984 4072 2088 4112 nec
2116 4055 2459 4123 Ianuarium,
2501 4070 2601 4111 nec
2626 4053 3010 4120 Februarium,
3047 4069 3149 4110 nec
3188 4053 3427 4123 reliquos
3459 4067 3560 4107 no-

302 4150 473 4205 minat
500 4168 514 4203 :
546 4147 721 4218 deque
758 4145 1068 4202 Graecorum
1099 4146 1368 4202 mensium
1391 4145 1582 4202 ordine
1606 4144 2037 4214 dubitabundus,
2068 4158 2122 4206 et
2152 4149 2355 4206 laboris
2386 4146 2748 4219 investigandi
2780 4145 3041 4218 fugitans,
3086 4146 3155 4203 ad
3182 4145 3397 4201 numeri
3424 4143 3561 4200 faci-

299 4244 503 4299 iitatcm
527 4242 832 4299 divertitur.

699 4335 837 4404 Περὶ
864 4334 1058 4405 ἀρχῆς
1083 4334 1193 4404 τῆς
1220 4332 1466 4404 ἡμέρας.

370 4431 456 4483 K'.
509 4428 754 4500 Ἡμέρας
778 4427 822 4480 δ’
854 4427 1027 4500 ἀρχὴν
1065 4427 1348 4498 (συγγενὲς
1371 4427 1480 4498 γὰρ
1511 4427 1591 4498 τῷ
1617 4428 1745 4500 περὶ
1776 4445 1880 4499 μη-

2515 4328 2594 4383 De
2620 4328 2883 4398 principio
2901 4325 3028 4382 diei.

2053 4419 2174 4475 XX.
2201 4418 2540 4488 Principium
2575 4432 2704 4472 vero
2734 4416 2842 4471 diei
2889 4410 3359 4487 (quandoquidem
3419 4424 3558 4482 pra:-

302 4520 409 4574 νῶν
439 4499 590 4592 λόγῳ
606 4499 700 4574 καὶ
728 4519 903 4591 τοῦτο)
939 4519 1208 4592 Ἀθηναῖοι
1238 4519 1333 4590 μὲν
1360 4520 1454 4589 ἀφ’
1482 4520 1632 4591 ἡλίου
1658 4499 1878 4591 δυσμῶν

1990 4516 2120 4573 senti
2145 4514 2214 4570 de
2256 4512 2543 4569 mensibus
2572 4510 2812 4567 sermoni
2858 4508 2912 4563 id
2965 4521 3183 4579 quoque
3240 4519 3556 4577 germanum

299 4609 457 4684 ἦγον,
484 4613 584 4684 τὴν
613 4612 786 4666 νύκτα
810 4614 877 4683 τῇ
917 4613 1033 4684 μετ’
1085 4612 1254 4682 αὐτὴν
1303 4610 1482 4683 ἡμέρᾳ
1517 4610 1874 4682 λογιζόμενοι,

301 4705 398 4758 καὶ
434 4704 527 4758 τὸν
574 4704 777 4774 μεταξὺ
821 4702 1010 4772 γρεατ)
1057 4702 1219 4774 μέχρι
1264 4701 1374 4755 τῶν
1415 4703 1616 4774 ἑτέρων
1659 4700 1877 4771 δυσμῶν

303 4793 437 4863 μίαν
465 4791 739 4863 τιθέμενοι
773 4792 1002 4862 ημέραν,
1053 4791 1128 4855 is;
1164 4786 1334 4855 Αὖλος
1384 4791 1668 4862 Ῥωμαίων
1699 4791 1878 4860 λόγιος

302 4884 530 4957 Μάρκον
554 4884 784 4955 Βάρωνα
806 4884 1244 4955 ἀναγεγραφέναι
1275 4883 1428 4953 φησί·
1462 4884 1722 4954 Ῥωμαῖοι
1749 4883 1807 4937 δὲ
1828 4884 1878 4937 οἱ

308 4980 405 5051 μὲν
435 4980 653 5050 ἀρχαῖοι
682 4976 791 5033 ἀπὸ
816 4976 994 5049 μέσων
1013 4976 1220 5029 νυκτῶν
1241 4976 1489 5048 ἦρχοντο,
1511 4969 1592 5038 οἷς
1614 4974 1710 5028 καὶ
1733 4973 1878 5046 Πλή-

304 5074 413 5127 οων
445 5073 710 5144 ἑπόμενος
743 5069 916 5142 ἀρχὴν
943 5069 1195 5139 τοιαύτην
1221 5069 1475 5121 ποιεῖταιο
1505 5068 1557 5120 οἱ
1585 5063 1680 5122 νῦν
1704 5066 1761 5120 δὲ
1785 5066 1876 5135 ἀφ’

308 5167 458 5236 ηλίου
485 5166 796 5237 ἀνίσχοντος
827 5166 1038 5233 ἄγουσι·
1079 5161 1474 5234 παραπλησίως
1505 5161 1562 5214 δὲ
1588 5151 1682 5215 καὶ
1707 5161 1757 5213 οἱ
1785 5158 1879 5213 νῦν

308 5256 586 5326 Ἕλληνες.
606 5255 796 5310 Καίτοι
820 5252 1124 5308 τούναντίον
1147 5250 1314 5322 ὲχρῆν
1346 5249 1665 5320 σύμπαντας
1679 5246 1803 5311 τούς
1816 5263 1879 5315 γε

306 5349 416 5402 ἀπὸ
453 5348 691 5421 Χριστοῦ
723 5346 1016 5410 ποιεῖσθαι,
1050 5335 1440 5415 χαριζομένους
1468 5340 1545 5411 τῷ
1578 5339 1875 5413 ἀρχηγέτῃ.

306 5440 463 5494 υῦτω
482 5440 591 5512 γὰρ
627 5442 785 5512 μόνον
820 5439 970 5493 ἔσται
999 5438 1242 5509 τριταῖον
1275 5433 1571 5489 ἀναϐιῶναι
1602 5433 1765 5486 αὐτὸν
1794 5450 1881 5486 τε-

307 5532 536 5597 θνεῶτα,
570 5532 665 5586 ἐὰν
688 5534 722 5605 ἡ
750 5533 847 5603 τῆς
868 5531 1080 5603 ἡμέρας
1112 5528 1254 5600 ἀρχὴ
1278 5526 1620 5600 λαμϐάνηται
1647 5528 1764 5597 ἤτοι
1786 5526 1878 5580 ἀπ’

312 5624 488 5692 ἄκρας
516 5623 741 5691 νυκτὸς,
773 5623 849 5687 ὡς
890 5621 1162 5692 Ἀθηναῖοι
1188 5616 1343 5691 ἦγον,
1376 5619 1410 5690 ἢ
1439 5618 1547 5671 ἀπὸ
1577 5618 1767 5688 μέσης,
1804 5618 1879 5681 ὡς

315 5713 599 5788 Ῥωμαῖοι.
641 5717 874 5788 Πότερον
919 5716 996 5780 δὲ,
1039 5714 1101 5768 ού
1143 5714 1324 5785 ῥᾴδιον
1369 5712 1771 5783 ἀποφήνασθαι.
1818 5715 1880 5766 Οἱ

315 5810 411 5876 μὲν
435 5809 541 5882 γὰρ
568 5810 692 5881 περὶ
715 5808 802 5864 τὸν
823 5806 1003 5863 Ἄθων
1025 5806 1259 5876 θεολόγοι
1290 5823 1426 5861 κατσ
1452 5804 1620 5877 μέσην
1640 5804 1879 5877 ἀκριϐῶς

1976 4608 2080 4680 est)
2110 4605 2474 4661 Athenienses
2508 4618 2538 4658 a
2566 4601 2699 4659 solis
2746 4615 2949 4655 occasu
3011 4597 3408 4662 observabant,
3456 4610 3557 4651 no-

1975 4709 2116 4757 otem
2134 4698 2240 4754 diei
2263 4695 2512 4766 sequenti
2543 4693 2905 4756 aseribentes,
2948 4700 3003 4748 et
3032 4706 3196 4747 omne
3232 4690 3289 4744 in
3316 4688 3556 4745 medium

1979 4801 2195 4860 tempus
2234 4788 2303 4844 ad
2337 4789 2569 4843 alterum
2600 4784 2944 4840 occidentem
2975 4796 3145 4837 unum
3176 4780 3321 4835 diem
3349 4779 3558 4836 consti-

1977 4892 2218 4949 tuentes,
2247 4889 2306 4936 ut
2324 4880 2499 4936 Aulus
2527 4877 2755 4942 Gellius,
2783 4876 3014 4932 Latinus
3047 4881 3240 4929 auctor
3284 4888 3393 4928 non
3438 4873 3556 4928 ine-

1977 4989 2125 5049 ptus,
2162 4976 2402 5029 Marcum
2444 4971 2746 5026 Varronem
2786 4969 3009 5039 scriptis
3048 4966 3338 5022 mandasse
3368 4965 3551 5021 tradit.

1976 5070 2045 5125 At
2069 5068 2298 5123 Romani
2326 5064 2530 5135 priscis
2560 5062 2902 5131 temporibus
2933 5076 2965 5114 a
2993 5060 3171 5115 media
3201 5058 3424 5125 quidem
3458 5073 3556 5113 no-

1977 5171 2062 5218 cte
2094 5158 2426 5215 inchoabant
2458 5175 2472 5210 :
2501 5170 2642 5211 auos
2666 5153 2890 5208 Pletbon
2927 5152 3146 5206 imitans
3176 5150 3316 5205 idem
3343 5147 3550 5218 princi-

1976 5255 2126 5326 pium
2174 5250 2328 5305 facit.
2359 5251 2514 5303 Nunc
2562 5260 2693 5301 vero
2724 5245 2792 5299 ab
2834 5244 3045 5299 oriente
3098 5242 3213 5297 sole
3246 5242 3552 5311 inceptant,

1978 5344 2276 5414 itidemque
2308 5339 2504 5397 Graeci.
2527 5336 2852 5407 Quanquam
2883 5343 3072 5390 contra
3097 5332 3564 5403 oportebatChri-.

1978 5437 2188 5493 stiauos
2211 5448 2401 5489 omnes
2430 5430 2629 5493 facere,
2671 5428 2724 5484 id
2757 5426 3011 5496 obsequii
3042 5441 3145 5481 suo
3172 5424 3413 5495 Principi
3455 5440 3552 5479 ex-

1977 5529 2248 5584 hibentes.
2271 5523 2363 5579 Sic
2391 5525 2534 5579 enim
2568 5522 2744 5578 solum
2778 5517 3052 5575 constabit
3095 5517 3244 5571 illum
3272 5524 3546 5571 mortuum

1977 5621 2141 5676 tertio
2167 5618 2258 5674 die
2286 5617 2569 5681 revixisse,
2606 5617 2653 5670 si
2678 5616 2817 5669 vela
2851 5627 3064 5668 summa
3100 5617 3278 5672 nocte,
3312 5617 3373 5664 nt
3406 5610 3546 5665 sole-

1978 5712 2110 5768 bant
2130 5709 2491 5764 Atbcnienses
2510 5749 2525 5775 ,
2556 5708 2638 5763 vel
2690 5722 2719 5760 a
2746 5705 2945 5771 media,
2972 5712 3033 5757 ut
3074 5702 3325 5762 Romani.
3391 5701 3547 5773 prin-

1982 5804 2185 5876 cipium
2205 5801 2309 5860 diei
2341 5810 2610 5859 sumatur.
2638 5797 2828 5855 L’trum
2858 5811 2986 5853 vero
3014 5796 3217 5866 potius,
3257 5793 3405 5851 dictu
3434 5805 3543 5847 ncn
