  <div class='ocr_page' id='page_1' title='image "/cluster/home/n/w/nwhite01/storage/ocr_20150623/19/mdp.39015061293422/615.png"; bbox 0 0 3950 6266; ppageno 0'>
   <div class='ocr_carea' id='block_1_1' title="bbox 436 349 574 410">
    <p class='ocr_par' dir='ltr' id='par_1_1' title="bbox 436 349 574 410">
     <span class='ocr_line' id='line_1_1' title="bbox 436 349 574 410; baseline 0.043 -6"><span class='ocrx_word' id='word_1_1' title='bbox 436 349 574 410; x_wconf 66' lang='grc' dir='ltr'><strong>12ίὸ</strong></span> 
     </span>
    </p>
   </div>
   <div class='ocr_carea' id='block_1_2' title="bbox 1486 349 2726 410">
    <p class='ocr_par' dir='ltr' id='par_1_2' title="bbox 1486 349 2726 410">
     <span class='ocr_line' id='line_1_2' title="bbox 1486 349 2726 410; baseline 0.002 -3"><span class='ocrx_word' id='word_1_2' title='bbox 1486 351 1576 407; x_wconf 76' lang='lat' dir='ltr'><strong>AD</strong></span> <span class='ocrx_word' id='word_1_3' title='bbox 1625 349 1895 407; x_wconf 80' lang='lat' dir='ltr'><strong>EUSEBll</strong></span> <span class='ocrx_word' id='word_1_4' title='bbox 1932 349 2327 408; x_wconf 78' lang='lat' dir='ltr'><strong>CHRONICON</strong></span> <span class='ocrx_word' id='word_1_5' title='bbox 2365 351 2726 410; x_wconf 77' lang='lat' dir='ltr'><strong>APPENDIX.</strong></span> 
     </span>
    </p>
   </div>
   <div class='ocr_carea' id='block_1_3' title="bbox 3542 351 3671 405">
    <p class='ocr_par' dir='ltr' id='par_1_3' title="bbox 3542 351 3671 405">
     <span class='ocr_line' id='line_1_3' title="bbox 3542 351 3671 405; baseline -0.016 -1"><span class='ocrx_word' id='word_1_6' title='bbox 3542 351 3671 405; x_wconf 74' lang='lat' dir='ltr'><strong>l2l6</strong></span> 
     </span>
    </p>
   </div>
   <div class='ocr_carea' id='block_1_4' title="bbox 434 450 2017 543">
    <p class='ocr_par' dir='ltr' id='par_1_4' title="bbox 434 450 2005 540">
     <span class='ocr_line' id='line_1_4' title="bbox 434 450 2005 540; baseline -0.001 -15"><span class='ocrx_word' id='word_1_7' title='bbox 434 479 520 526; x_wconf 88' lang='lat' dir='ltr'><strong>est</strong></span> <span class='ocrx_word' id='word_1_8' title='bbox 556 468 738 525; x_wconf 78' lang='lat' dir='ltr'><strong>facile.</strong></span> <span class='ocrx_word' id='word_1_9' title='bbox 765 466 901 523; x_wconf 86' lang='lat' dir='ltr'><strong>Nam</strong></span> <span class='ocrx_word' id='word_1_10' title='bbox 935 467 1193 540; x_wconf 81' lang='lat' dir='ltr'><strong>theologi,</strong></span> <span class='ocrx_word' id='word_1_11' title='bbox 1228 450 1323 539; x_wconf 87' lang='lat' dir='ltr'><strong>qui</strong></span> <span class='ocrx_word' id='word_1_12' title='bbox 1349 470 1608 525; x_wconf 91' lang='lat' dir='ltr'><strong>accolunt</strong></span> <span class='ocrx_word' id='word_1_13' title='bbox 1630 469 1813 523; x_wconf 80' lang='lat' dir='ltr'><strong>Athon</strong></span> <span class='ocrx_word' id='word_1_14' title='bbox 1849 484 2005 523; x_wconf 16' lang='lat' dir='ltr'><strong>mont-</strong></span> 
     </span>
    </p>
   </div>
   <div class='ocr_carea' id='block_1_5' title="bbox 2121 450 3677 543">
    <p class='ocr_par' dir='ltr' id='par_1_5' title="bbox 2121 468 3677 543">
     <span class='ocr_line' id='line_1_5' title="bbox 2121 468 3677 543; baseline 0 -19"><span class='ocrx_word' id='word_1_15' title='bbox 2121 471 2275 525; x_wconf 65' lang='lat' dir='ltr'><strong>nixu</strong></span> <span class='ocrx_word' id='word_1_16' title='bbox 2317 471 2570 541; x_wconf 88' lang='grc' dir='ltr'>γενέσθαι</span> <span class='ocrx_word' id='word_1_17' title='bbox 2606 472 2706 543; x_wconf 80' lang='grc' dir='ltr'>τὴν</span> <span class='ocrx_word' id='word_1_18' title='bbox 2736 471 3030 525; x_wconf 78' lang='grc' dir='ltr'>ἀναϐίωσιν</span> <span class='ocrx_word' id='word_1_19' title='bbox 3065 468 3404 540; x_wconf 70' lang='grc' dir='ltr'>ἐξηγοῦνται,</span> <span class='ocrx_word' id='word_1_20' title='bbox 3449 469 3548 523; x_wconf 77' lang='grc' dir='ltr'>καὶ</span> <span class='ocrx_word' id='word_1_21' title='bbox 3570 468 3677 524; x_wconf 82' lang='grc' dir='ltr'><strong>τῶν</strong></span> 
     </span>
    </p>
   </div>
   <div class='ocr_carea' id='block_1_6' title="bbox 436 559 2003 624">
    <p class='ocr_par' dir='ltr' id='par_1_6' title="bbox 436 559 2003 624">
     <span class='ocr_line' id='line_1_6' title="bbox 436 559 2003 624; baseline 0.002 -9"><span class='ocrx_word' id='word_1_22' title='bbox 436 571 567 624; x_wconf 67' lang='lat' dir='ltr'><strong>tam,</strong></span> <span class='ocrx_word' id='word_1_23' title='bbox 602 561 730 617; x_wconf 89' lang='lat' dir='ltr'><strong>totis</strong></span> <span class='ocrx_word' id='word_1_24' title='bbox 765 559 974 616; x_wconf 86' lang='lat' dir='ltr'><strong>viribus</strong></span> <span class='ocrx_word' id='word_1_25' title='bbox 1005 560 1339 615; x_wconf 87' lang='lat' dir='ltr'><strong>contendunt</strong></span> <span class='ocrx_word' id='word_1_26' title='bbox 1384 562 1602 617; x_wconf 80' lang='lat' dir='ltr'><strong>circiter</strong></span> <span class='ocrx_word' id='word_1_27' title='bbox 1653 561 1833 617; x_wconf 87' lang='lat' dir='ltr'><strong>noctis</strong></span> <span class='ocrx_word' id='word_1_28' title='bbox 1888 576 2003 618; x_wconf 84' lang='lat' dir='ltr'><strong>me-</strong></span> 
     </span>
    </p>
   </div>
   <div class='ocr_carea' id='block_1_7' title="bbox 435 650 2007 719">
    <p class='ocr_par' dir='ltr' id='par_1_7' title="bbox 435 650 2007 719">
     <span class='ocr_line' id='line_1_7' title="bbox 435 650 2007 719; baseline -0.001 -11"><span class='ocrx_word' id='word_1_29' title='bbox 435 655 586 708; x_wconf 91' lang='lat' dir='ltr'><strong>dium</strong></span> <span class='ocrx_word' id='word_1_30' title='bbox 614 653 1071 708; x_wconf 80' lang='lat' dir='ltr'><strong>resurrectionem</strong></span> <span class='ocrx_word' id='word_1_31' title='bbox 1107 650 1302 706; x_wconf 84' lang='lat' dir='ltr'><strong>laetam</strong></span> <span class='ocrx_word' id='word_1_32' title='bbox 1333 667 1490 719; x_wconf 86' lang='lat' dir='ltr'><strong>esse;</strong></span> <span class='ocrx_word' id='word_1_33' title='bbox 1524 661 1578 707; x_wconf 91' lang='lat' dir='ltr'><strong>et</strong></span> <span class='ocrx_word' id='word_1_34' title='bbox 1603 667 1760 708; x_wconf 88' lang='lat' dir='ltr'><strong>sacra</strong></span> <span class='ocrx_word' id='word_1_35' title='bbox 1797 653 1885 706; x_wconf 87' lang='lat' dir='ltr'><strong>illa</strong></span> <span class='ocrx_word' id='word_1_36' title='bbox 1912 668 2007 707; x_wconf 84' lang='lat' dir='ltr'><strong>an-</strong></span> 
     </span>
    </p>
   </div>
   <div class='ocr_carea' id='block_1_8' title="bbox 440 744 2007 812">
    <p class='ocr_par' dir='ltr' id='par_1_8' title="bbox 440 744 2007 812">
     <span class='ocr_line' id='line_1_8' title="bbox 440 744 2007 812; baseline -0.001 -13"><span class='ocrx_word' id='word_1_37' title='bbox 440 747 690 800; x_wconf 87' lang='lat' dir='ltr'><strong>telucana</strong></span> <span class='ocrx_word' id='word_1_38' title='bbox 727 746 778 798; x_wconf 91' lang='lat' dir='ltr'><strong>in</strong></span> <span class='ocrx_word' id='word_1_39' title='bbox 801 745 921 812; x_wconf 86' lang='lat' dir='ltr'><strong>ejus</strong></span> <span class='ocrx_word' id='word_1_40' title='bbox 950 744 1027 799; x_wconf 91' lang='lat' dir='ltr'><strong>rei</strong></span> <span class='ocrx_word' id='word_1_41' title='bbox 1067 745 1381 799; x_wconf 83' lang='lat' dir='ltr'><strong>memoriam</strong></span> <span class='ocrx_word' id='word_1_42' title='bbox 1406 759 1437 798; x_wconf 88' lang='lat' dir='ltr'><strong>a</strong></span> <span class='ocrx_word' id='word_1_43' title='bbox 1470 745 1648 800; x_wconf 82' lang='lat' dir='ltr'><strong>media</strong></span> <span class='ocrx_word' id='word_1_44' title='bbox 1679 751 1838 798; x_wconf 89' lang='lat' dir='ltr'><strong>nocte</strong></span> <span class='ocrx_word' id='word_1_45' title='bbox 1866 744 2007 798; x_wconf 85' lang='lat' dir='ltr'><strong>inci-</strong></span> 
     </span>
    </p>
   </div>
   <div class='ocr_carea' id='block_1_9' title="bbox 441 836 2006 909">
    <p class='ocr_par' dir='ltr' id='par_1_9' title="bbox 441 836 2006 909">
     <span class='ocr_line' id='line_1_9' title="bbox 441 836 2006 909; baseline -0.001 -18"><span class='ocrx_word' id='word_1_46' title='bbox 441 839 616 909; x_wconf 89' lang='lat' dir='ltr'><strong>piunt.</strong></span> <span class='ocrx_word' id='word_1_47' title='bbox 641 839 883 904; x_wconf 80' lang='lat' dir='ltr'><strong>Quorum</strong></span> <span class='ocrx_word' id='word_1_48' title='bbox 932 838 1071 892; x_wconf 82' lang='lat' dir='ltr'><strong>ratio</strong></span> <span class='ocrx_word' id='word_1_49' title='bbox 1134 838 1241 891; x_wconf 87' lang='lat' dir='ltr'><strong>hoc</strong></span> <span class='ocrx_word' id='word_1_50' title='bbox 1278 837 1474 903; x_wconf 80' lang='lat' dir='ltr'><strong>habet,</strong></span> <span class='ocrx_word' id='word_1_51' title='bbox 1531 836 1674 907; x_wconf 91' lang='lat' dir='ltr'><strong>quod</strong></span> <span class='ocrx_word' id='word_1_52' title='bbox 1716 838 2006 906; x_wconf 70' lang='lat' dir='ltr'><strong>contigerit</strong></span> 
     </span>
    </p>
   </div>
   <div class='ocr_carea' id='block_1_10' title="bbox 442 929 2005 1000">
    <p class='ocr_par' dir='ltr' id='par_1_10' title="bbox 442 929 2005 1000">
     <span class='ocr_line' id='line_1_10' title="bbox 442 929 2005 1000; baseline -0.002 -16"><span class='ocrx_word' id='word_1_53' title='bbox 442 932 699 985; x_wconf 85' lang='lat' dir='ltr'><strong>mulieres</strong></span> <span class='ocrx_word' id='word_1_54' title='bbox 732 932 1003 1000; x_wconf 80' lang='lat' dir='ltr'><strong>profundo</strong></span> <span class='ocrx_word' id='word_1_55' title='bbox 1030 931 1249 1000; x_wconf 83' lang='lat' dir='ltr'><strong>quidem</strong></span> <span class='ocrx_word' id='word_1_56' title='bbox 1297 929 1537 983; x_wconf 89' lang='lat' dir='ltr'><strong>diluculo</strong></span> <span class='ocrx_word' id='word_1_57' title='bbox 1567 929 1634 983; x_wconf 89' lang='lat' dir='ltr'><strong>ad</strong></span> <span class='ocrx_word' id='word_1_58' title='bbox 1684 943 2005 982; x_wconf 89' lang='lat' dir='ltr'><strong>monumen-</strong></span> 
     </span>
    </p>
   </div>
   <div class='ocr_carea' id='block_1_11' title="bbox 445 1020 2009 1092">
    <p class='ocr_par' dir='ltr' id='par_1_11' title="bbox 445 1020 2009 1092">
     <span class='ocr_line' id='line_1_11' title="bbox 445 1020 2009 1092; baseline -0.001 -16"><span class='ocrx_word' id='word_1_59' title='bbox 445 1030 559 1076; x_wconf 88' lang='lat' dir='ltr'><strong>tum</strong></span> <span class='ocrx_word' id='word_1_60' title='bbox 616 1023 912 1092; x_wconf 79' lang='lat' dir='ltr'><strong>profectas,</strong></span> <span class='ocrx_word' id='word_1_61' title='bbox 970 1030 1028 1076; x_wconf 89' lang='lat' dir='ltr'><strong>ut</strong></span> <span class='ocrx_word' id='word_1_62' title='bbox 1081 1022 1466 1091; x_wconf 69' lang='lat' dir='ltr'><strong>exsequiarum</strong></span> <span class='ocrx_word' id='word_1_63' title='bbox 1522 1021 1670 1090; x_wconf 89' lang='lat' dir='ltr'><strong>justa</strong></span> <span class='ocrx_word' id='word_1_64' title='bbox 1729 1020 1796 1074; x_wconf 87' lang='lat' dir='ltr'><strong>de</strong></span> <span class='ocrx_word' id='word_1_65' title='bbox 1858 1035 2009 1075; x_wconf 88' lang='lat' dir='ltr'><strong>more</strong></span> 
     </span>
    </p>
   </div>
   <div class='ocr_carea' id='block_1_12' title="bbox 444 1109 2007 1185">
    <p class='ocr_par' dir='ltr' id='par_1_12' title="bbox 444 1109 2007 1185">
     <span class='ocr_line' id='line_1_12' title="bbox 444 1109 2007 1185; baseline -0.003 -17"><span class='ocrx_word' id='word_1_66' title='bbox 444 1125 786 1185; x_wconf 82' lang='lat' dir='ltr'><strong>peragerent,</strong></span> <span class='ocrx_word' id='word_1_67' title='bbox 813 1111 1128 1168; x_wconf 81' lang='lat' dir='ltr'><strong>defunctum</strong></span> <span class='ocrx_word' id='word_1_68' title='bbox 1166 1128 1273 1167; x_wconf 93' lang='lat' dir='ltr'><strong>non</strong></span> <span class='ocrx_word' id='word_1_69' title='bbox 1306 1113 1602 1170; x_wconf 83' lang='lat' dir='ltr'><strong>invenisse.</strong></span> <span class='ocrx_word' id='word_1_70' title='bbox 1636 1121 1696 1165; x_wconf 92' lang='lat' dir='ltr'><strong>ut</strong></span> <span class='ocrx_word' id='word_1_71' title='bbox 1738 1109 1915 1163; x_wconf 87' lang='lat' dir='ltr'><strong>Lucas</strong></span> <span class='ocrx_word' id='word_1_72' title='bbox 1952 1109 2007 1163; x_wconf 88' lang='lat' dir='ltr'><strong>in</strong></span> 
     </span>
    </p>
   </div>
   <div class='ocr_carea' id='block_1_13' title="bbox 442 1201 2006 1277">
    <p class='ocr_par' dir='ltr' id='par_1_13' title="bbox 442 1201 2006 1277">
     <span class='ocr_line' id='line_1_13' title="bbox 442 1201 2006 1277; baseline -0.005 -15"><span class='ocrx_word' id='word_1_73' title='bbox 442 1222 549 1262; x_wconf 85' lang='lat' dir='ltr'><strong>suo</strong></span> <span class='ocrx_word' id='word_1_74' title='bbox 590 1206 882 1277; x_wconf 82' lang='lat' dir='ltr'><strong>Evangelio</strong></span> <span class='ocrx_word' id='word_1_75' title='bbox 923 1205 1261 1276; x_wconf 84' lang='lat' dir='ltr'><strong>perscripsit.</strong></span> <span class='ocrx_word' id='word_1_76' title='bbox 1300 1203 1435 1259; x_wconf 88' lang='lat' dir='ltr'><strong>Illud</strong></span> <span class='ocrx_word' id='word_1_77' title='bbox 1475 1205 1619 1258; x_wconf 91' lang='lat' dir='ltr'><strong>enim</strong></span> <span class='ocrx_word' id='word_1_78' title='bbox 1677 1201 2006 1272; x_wconf 81' lang='lat' dir='ltr'><strong>profundum</strong></span> 
     </span>
    </p>
   </div>
   <div class='ocr_carea' id='block_1_14' title="bbox 442 1289 2011 1367">
    <p class='ocr_par' dir='ltr' id='par_1_14' title="bbox 442 1289 2011 1367">
     <span class='ocr_line' id='line_1_14' title="bbox 442 1289 2011 1367; baseline -0.006 -15"><span class='ocrx_word' id='word_1_79' title='bbox 442 1298 748 1353; x_wconf 87' lang='lat' dir='ltr'><strong>diluculum</strong></span> <span class='ocrx_word' id='word_1_80' title='bbox 774 1297 1080 1367; x_wconf 82' lang='lat' dir='ltr'><strong>proximum</strong></span> <span class='ocrx_word' id='word_1_81' title='bbox 1117 1306 1334 1365; x_wconf 84' lang='lat' dir='ltr'><strong>tempus</strong></span> <span class='ocrx_word' id='word_1_82' title='bbox 1371 1295 1562 1349; x_wconf 77' lang='lat' dir='ltr'><strong>mediae</strong></span> <span class='ocrx_word' id='word_1_83' title='bbox 1613 1293 1759 1347; x_wconf 89' lang='lat' dir='ltr'><strong>nocti</strong></span> <span class='ocrx_word' id='word_1_84' title='bbox 1809 1289 2011 1361; x_wconf 78' lang='lat' dir='ltr'><strong>signin-</strong></span> 
     </span>
    </p>
   </div>
   <div class='ocr_carea' id='block_1_15' title="bbox 447 1380 2010 1453">
    <p class='ocr_par' dir='ltr' id='par_1_15' title="bbox 447 1380 2010 1453">
     <span class='ocr_line' id='line_1_15' title="bbox 447 1380 2010 1453; baseline -0.006 -12"><span class='ocrx_word' id='word_1_85' title='bbox 447 1404 574 1444; x_wconf 84' lang='lat' dir='ltr'><strong>rare</strong></span> <span class='ocrx_word' id='word_1_86' title='bbox 598 1383 933 1443; x_wconf 75' lang='lat' dir='ltr'><strong>ex&#39;istimant.</strong></span> <span class='ocrx_word' id='word_1_87' title='bbox 964 1385 1141 1441; x_wconf 88' lang='lat' dir='ltr'><strong>Simul</strong></span> <span class='ocrx_word' id='word_1_88' title='bbox 1173 1402 1302 1441; x_wconf 89' lang='lat' dir='ltr'><strong>vero</strong></span> <span class='ocrx_word' id='word_1_89' title='bbox 1344 1385 1426 1440; x_wconf 89' lang='lat' dir='ltr'><strong>sic</strong></span> <span class='ocrx_word' id='word_1_90' title='bbox 1464 1399 1682 1453; x_wconf 91' lang='lat' dir='ltr'><strong>quoque</strong></span> <span class='ocrx_word' id='word_1_91' title='bbox 1742 1382 1867 1452; x_wconf 89' lang='lat' dir='ltr'><strong>plus</strong></span> <span class='ocrx_word' id='word_1_92' title='bbox 1909 1380 2010 1432; x_wconf 86' lang='lat' dir='ltr'><strong>ali-</strong></span> 
     </span>
    </p>
   </div>
   <div class='ocr_carea' id='block_1_16' title="bbox 442 1472 2012 1553">
    <p class='ocr_par' dir='ltr' id='par_1_16' title="bbox 442 1472 2012 1553">
     <span class='ocr_line' id='line_1_16' title="bbox 442 1472 2012 1553; baseline -0.006 -16"><span class='ocrx_word' id='word_1_93' title='bbox 442 1490 654 1553; x_wconf 78' lang='lat' dir='ltr'><strong>quanto</strong></span> <span class='ocrx_word' id='word_1_94' title='bbox 681 1481 825 1536; x_wconf 83' lang='lat' dir='ltr'><strong>tertii</strong></span> <span class='ocrx_word' id='word_1_95' title='bbox 849 1480 957 1535; x_wconf 89' lang='lat' dir='ltr'><strong>diei</strong></span> <span class='ocrx_word' id='word_1_96' title='bbox 980 1481 1344 1534; x_wconf 76' lang='lat' dir='ltr'><strong>contineatur.</strong></span> <span class='ocrx_word' id='word_1_97' title='bbox 1382 1477 1643 1545; x_wconf 81' lang='lat' dir='ltr'><strong>lstudque</strong></span> <span class='ocrx_word' id='word_1_98' title='bbox 1674 1474 1797 1545; x_wconf 90' lang='lat' dir='ltr'><strong>plus</strong></span> <span class='ocrx_word' id='word_1_99' title='bbox 1851 1472 2012 1543; x_wconf 81' lang='lat'><strong>169</strong></span> 
     </span>
    </p>
   </div>
   <div class='ocr_carea' id='block_1_17' title="bbox 449 1562 2008 1643">
    <p class='ocr_par' dir='ltr' id='par_1_17' title="bbox 449 1562 2008 1643">
     <span class='ocr_line' id='line_1_17' title="bbox 449 1562 2008 1643; baseline -0.006 -16"><span class='ocrx_word' id='word_1_100' title='bbox 449 1576 663 1643; x_wconf 87' lang='lat' dir='ltr'><strong>signum</strong></span> <span class='ocrx_word' id='word_1_101' title='bbox 680 1571 987 1628; x_wconf 87' lang='lat' dir='ltr'><strong>evidentius</strong></span> <span class='ocrx_word' id='word_1_102' title='bbox 1018 1578 1102 1626; x_wconf 87' lang='lat' dir='ltr'><strong>est</strong></span> <span class='ocrx_word' id='word_1_103' title='bbox 1142 1570 1314 1640; x_wconf 89' lang='lat' dir='ltr'><strong>ipsius</strong></span> <span class='ocrx_word' id='word_1_104' title='bbox 1350 1568 1562 1623; x_wconf 88' lang='lat' dir='ltr'><strong>dierum</strong></span> <span class='ocrx_word' id='word_1_105' title='bbox 1591 1564 1877 1620; x_wconf 89' lang='lat' dir='ltr'><strong>teruionis.</strong></span> <span class='ocrx_word' id='word_1_106' title='bbox 1904 1562 2008 1617; x_wconf 88' lang='lat' dir='ltr'><strong>Sed</strong></span> 
     </span>
    </p>
   </div>
   <div class='ocr_carea' id='block_1_18' title="bbox 445 1654 2012 1733">
    <p class='ocr_par' dir='ltr' id='par_1_18' title="bbox 445 1654 2012 1733">
     <span class='ocr_line' id='line_1_18' title="bbox 445 1654 2012 1733; baseline -0.005 -15"><span class='ocrx_word' id='word_1_107' title='bbox 445 1681 513 1718; x_wconf 80' lang='lat' dir='ltr'><strong>ex</strong></span> <span class='ocrx_word' id='word_1_108' title='bbox 545 1664 693 1718; x_wconf 83' lang='lat' dir='ltr'><strong>Italis</strong></span> <span class='ocrx_word' id='word_1_109' title='bbox 745 1662 977 1717; x_wconf 73' lang='lat' dir='ltr'><strong>Romani</strong></span> <span class='ocrx_word' id='word_1_110' title='bbox 1021 1669 1144 1733; x_wconf 90' lang='lat' dir='ltr'><strong>post</strong></span> <span class='ocrx_word' id='word_1_111' title='bbox 1198 1660 1429 1717; x_wconf 85' lang='lat' dir='ltr'><strong>mediam</strong></span> <span class='ocrx_word' id='word_1_112' title='bbox 1468 1666 1680 1713; x_wconf 88' lang='lat' dir='ltr'><strong>noctem</strong></span> <span class='ocrx_word' id='word_1_113' title='bbox 1727 1655 1781 1710; x_wconf 91' lang='lat' dir='ltr'><strong>id</strong></span> <span class='ocrx_word' id='word_1_114' title='bbox 1844 1654 2012 1710; x_wconf 82' lang='lat' dir='ltr'><strong>fuisse</strong></span> 
     </span>
    </p>
   </div>
   <div class='ocr_carea' id='block_1_19' title="bbox 447 1750 2013 1824">
    <p class='ocr_par' dir='ltr' id='par_1_19' title="bbox 447 1750 2013 1824">
     <span class='ocr_line' id='line_1_19' title="bbox 447 1750 2013 1824; baseline -0.005 -16"><span class='ocrx_word' id='word_1_115' title='bbox 447 1757 619 1818; x_wconf 83' lang='lat' dir='ltr'><strong>aiunt,</strong></span> <span class='ocrx_word' id='word_1_116' title='bbox 649 1764 704 1810; x_wconf 88' lang='lat' dir='ltr'><strong>et</strong></span> <span class='ocrx_word' id='word_1_117' title='bbox 734 1753 1064 1824; x_wconf 76' lang='lat' dir='ltr'><strong>profundum</strong></span> <span class='ocrx_word' id='word_1_118' title='bbox 1118 1751 1250 1807; x_wconf 88' lang='lat' dir='ltr'><strong>illttd</strong></span> <span class='ocrx_word' id='word_1_119' title='bbox 1298 1752 1379 1806; x_wconf 77' lang='lat' dir='ltr'><strong>sic</strong></span> <span class='ocrx_word' id='word_1_120' title='bbox 1405 1750 1733 1819; x_wconf 73' lang='lat' dir='ltr'><strong>intelligunt,</strong></span> <span class='ocrx_word' id='word_1_121' title='bbox 1766 1754 1825 1800; x_wconf 90' lang='lat' dir='ltr'><strong>ut</strong></span> <span class='ocrx_word' id='word_1_122' title='bbox 1852 1761 1879 1798; x_wconf 88' lang='lat' dir='ltr'><strong>a</strong></span> <span class='ocrx_word' id='word_1_123' title='bbox 1913 1761 2013 1800; x_wconf 89' lang='lat' dir='ltr'><strong>no-</strong></span> 
     </span>
    </p>
   </div>
   <div class='ocr_carea' id='block_1_20' title="bbox 2106 555 3693 635">
    <p class='ocr_par' dir='ltr' id='par_1_20' title="bbox 2106 555 3693 635">
     <span class='ocr_line' id='line_1_20' title="bbox 2106 555 3693 635; baseline -0.004 -18"><span class='ocrx_word' id='word_1_124' title='bbox 2106 563 2480 617; x_wconf 85' lang='grc' dir='ltr'>άναστατικῶν</span> <span class='ocrx_word' id='word_1_125' title='bbox 2517 564 2771 634; x_wconf 79' lang='grc' dir='ltr'><strong>ἄρχονται</strong></span> <span class='ocrx_word' id='word_1_126' title='bbox 2806 561 3006 635; x_wconf 78' lang='grc' dir='ltr'><strong>ὀργίων</strong></span> <span class='ocrx_word' id='word_1_127' title='bbox 3041 562 3199 625; x_wconf 77' lang='grc' dir='ltr'>εὐθὺς</span> <span class='ocrx_word' id='word_1_128' title='bbox 3237 561 3343 615; x_wconf 83' lang='grc' dir='ltr'>ἀπὸ</span> <span class='ocrx_word' id='word_1_129' title='bbox 3376 561 3560 631; x_wconf 86' lang='grc' dir='ltr'>μέσων</span> <span class='ocrx_word' id='word_1_130' title='bbox 3591 555 3693 613; x_wconf 63' lang='lat' dir='ltr'><strong>vti-3.</strong></span> 
     </span>
    </p>
   </div>
   <div class='ocr_carea' id='block_1_21' title="bbox 2107 648 3696 721">
    <p class='ocr_par' dir='ltr' id='par_1_21' title="bbox 2107 648 3696 721">
     <span class='ocr_line' id='line_1_21' title="bbox 2107 648 3696 721; baseline -0.003 -15"><span class='ocrx_word' id='word_1_131' title='bbox 2107 652 2273 706; x_wconf 89' lang='grc' dir='ltr'><strong>κτῶν.</strong></span> <span class='ocrx_word' id='word_1_132' title='bbox 2308 653 2477 721; x_wconf 86' lang='grc' dir='ltr'>Λόγος</span> <span class='ocrx_word' id='word_1_133' title='bbox 2509 652 2552 705; x_wconf 84' lang='grc' dir='ltr'><strong>δ’</strong></span> <span class='ocrx_word' id='word_1_134' title='bbox 2576 652 2775 716; x_wconf 79' lang='grc' dir='ltr'>αὐτῶν,</span> <span class='ocrx_word' id='word_1_135' title='bbox 2814 652 2896 705; x_wconf 84' lang='grc' dir='ltr'>ὅτι</span> <span class='ocrx_word' id='word_1_136' title='bbox 2922 651 3022 714; x_wconf 78' lang='grc' dir='ltr'>τὰς</span> <span class='ocrx_word' id='word_1_137' title='bbox 3054 653 3133 715; x_wconf 82' lang='grc' dir='ltr'><strong>είς</strong></span> <span class='ocrx_word' id='word_1_138' title='bbox 3167 649 3229 703; x_wconf 87' lang='grc' dir='ltr'><strong>τὸ</strong></span> <span class='ocrx_word' id='word_1_139' title='bbox 3266 650 3456 721; x_wconf 80' lang='grc' dir='ltr'>μνῆμα</span> <span class='ocrx_word' id='word_1_140' title='bbox 3484 648 3696 716; x_wconf 66' lang='grc' dir='ltr'>ἀφικοο“</span> 
     </span>
    </p>
   </div>
   <div class='ocr_carea' id='block_1_22' title="bbox 2113 738 3678 816">
    <p class='ocr_par' dir='ltr' id='par_1_22' title="bbox 2113 738 3678 816">
     <span class='ocr_line' id='line_1_22' title="bbox 2113 738 3678 816; baseline -0.004 -17"><span class='ocrx_word' id='word_1_141' title='bbox 2113 745 2281 816; x_wconf 81' lang='grc' dir='ltr'><strong>μένας</strong></span> <span class='ocrx_word' id='word_1_142' title='bbox 2299 747 2562 813; x_wconf 86' lang='grc' dir='ltr'>γυναῖκας</span> <span class='ocrx_word' id='word_1_143' title='bbox 2582 743 2985 816; x_wconf 77' lang='grc' dir='ltr'>ὲπαμείψασθαι</span> <span class='ocrx_word' id='word_1_144' title='bbox 3010 742 3078 796; x_wconf 82' lang='grc' dir='ltr'>τὰ</span> <span class='ocrx_word' id='word_1_145' title='bbox 3100 742 3460 813; x_wconf 71' lang='grc' dir='ltr'><strong>νενομισμένα</strong></span> <span class='ocrx_word' id='word_1_146' title='bbox 3482 738 3678 810; x_wconf 76' lang='grc' dir='ltr'>ὸρθρου</span> 
     </span>
    </p>
   </div>
   <div class='ocr_carea' id='block_1_23' title="bbox 2113 831 3679 908">
    <p class='ocr_par' dir='ltr' id='par_1_23' title="bbox 2113 831 3679 908">
     <span class='ocr_line' id='line_1_23' title="bbox 2113 831 3679 908; baseline -0.003 -20"><span class='ocrx_word' id='word_1_147' title='bbox 2113 836 2210 907; x_wconf 83' lang='grc' dir='ltr'><strong>μὲν</strong></span> <span class='ocrx_word' id='word_1_148' title='bbox 2240 836 2319 889; x_wconf 83' lang='grc' dir='ltr'>ἔτι</span> <span class='ocrx_word' id='word_1_149' title='bbox 2357 835 2549 906; x_wconf 87' lang='grc' dir='ltr'>βαθέος</span> <span class='ocrx_word' id='word_1_150' title='bbox 2596 834 3017 908; x_wconf 77' lang='grc' dir='ltr'><strong>παραγενέσθαι,</strong></span> <span class='ocrx_word' id='word_1_151' title='bbox 3062 835 3135 906; x_wconf 83' lang='grc' dir='ltr'>μὴ</span> <span class='ocrx_word' id='word_1_152' title='bbox 3164 835 3458 905; x_wconf 76' lang='grc' dir='ltr'><strong>εὑρηκέναι</strong></span> <span class='ocrx_word' id='word_1_153' title='bbox 3502 832 3562 885; x_wconf 79' lang='grc' dir='ltr'><strong>δὲ</strong></span> <span class='ocrx_word' id='word_1_154' title='bbox 3593 831 3679 884; x_wconf 87' lang='grc' dir='ltr'><strong>τὸν</strong></span> 
     </span>
    </p>
   </div>
   <div class='ocr_carea' id='block_1_24' title="bbox 2110 925 3680 1001">
    <p class='ocr_par' dir='ltr' id='par_1_24' title="bbox 2110 925 3680 1001">
     <span class='ocr_line' id='line_1_24' title="bbox 2110 925 3680 1001; baseline -0.002 -20"><span class='ocrx_word' id='word_1_155' title='bbox 2110 930 2321 999; x_wconf 86' lang='grc' dir='ltr'>νεκρὸν,</span> <span class='ocrx_word' id='word_1_156' title='bbox 2348 930 2397 983; x_wconf 83' lang='grc' dir='ltr'>οι</span> <span class='ocrx_word' id='word_1_157' title='bbox 2428 930 2555 1001; x_wconf 70' lang='grc' dir='ltr'>περὶ</span> <span class='ocrx_word' id='word_1_158' title='bbox 2581 930 2791 982; x_wconf 83' lang='grc' dir='ltr'>Λουκᾶν</span> <span class='ocrx_word' id='word_1_159' title='bbox 2819 928 2926 981; x_wconf 83' lang='grc' dir='ltr'><strong>τῶν</strong></span> <span class='ocrx_word' id='word_1_160' title='bbox 2958 926 3356 995; x_wconf 82' lang='grc' dir='ltr'>εὐαγγελιστῶν</span> <span class='ocrx_word' id='word_1_161' title='bbox 3390 925 3680 996; x_wconf 76' lang='grc' dir='ltr'>γεγράφαο</span> 
     </span>
    </p>
   </div>
   <div class='ocr_carea' id='block_1_25' title="bbox 2114 1017 3683 1095">
    <p class='ocr_par' dir='ltr' id='par_1_25' title="bbox 2114 1017 3683 1095">
     <span class='ocr_line' id='line_1_25' title="bbox 2114 1017 3683 1095; baseline -0.003 -21"><span class='ocrx_word' id='word_1_162' title='bbox 2114 1039 2197 1075; x_wconf 90' lang='grc' dir='ltr'>σιν</span> <span class='ocrx_word' id='word_1_163' title='bbox 2242 1022 2597 1095; x_wconf 81' lang='grc' dir='ltr'><strong>ἱστοροῦντες.</strong></span> <span class='ocrx_word' id='word_1_164' title='bbox 2642 1021 2715 1075; x_wconf 82' lang='grc' dir='ltr'><strong>Τὸ</strong></span> <span class='ocrx_word' id='word_1_165' title='bbox 2746 1021 2851 1090; x_wconf 86' lang='grc' dir='ltr'>γὰρ</span> <span class='ocrx_word' id='word_1_166' title='bbox 2879 1020 2972 1074; x_wconf 76' lang='grc' dir='ltr'><strong>τοῦ</strong></span> <span class='ocrx_word' id='word_1_167' title='bbox 3003 1020 3200 1092; x_wconf 78' lang='grc' dir='ltr'>ὄρθρου</span> <span class='ocrx_word' id='word_1_168' title='bbox 3238 1019 3374 1091; x_wconf 78' lang='grc' dir='ltr'>βαθὺ</span> <span class='ocrx_word' id='word_1_169' title='bbox 3414 1019 3479 1073; x_wconf 87' lang='grc' dir='ltr'><strong>τὸ</strong></span> <span class='ocrx_word' id='word_1_170' title='bbox 3518 1017 3683 1086; x_wconf 78' lang='grc' dir='ltr'>ἐγγύς</span> 
     </span>
    </p>
   </div>
   <div class='ocr_carea' id='block_1_26' title="bbox 2113 1111 3686 1185">
    <p class='ocr_par' dir='ltr' id='par_1_26' title="bbox 2113 1111 3686 1185">
     <span class='ocr_line' id='line_1_26' title="bbox 2113 1111 3686 1185; baseline -0.002 -19"><span class='ocrx_word' id='word_1_171' title='bbox 2113 1131 2213 1166; x_wconf 86' lang='grc' dir='ltr'><strong>που</strong></span> <span class='ocrx_word' id='word_1_172' title='bbox 2237 1115 2334 1185; x_wconf 85' lang='grc' dir='ltr'><strong>τῆς</strong></span> <span class='ocrx_word' id='word_1_173' title='bbox 2363 1114 2533 1185; x_wconf 83' lang='grc' dir='ltr'>μέσης</span> <span class='ocrx_word' id='word_1_174' title='bbox 2553 1116 2744 1177; x_wconf 84' lang='grc' dir='ltr'>νυκτὸς</span> <span class='ocrx_word' id='word_1_175' title='bbox 2767 1112 2991 1185; x_wconf 84' lang='grc' dir='ltr'><strong>μηνύειν</strong></span> <span class='ocrx_word' id='word_1_176' title='bbox 3012 1112 3506 1183; x_wconf 84' lang='grc' dir='ltr'>ὑπολαμϐάνουσιν.</span> <span class='ocrx_word' id='word_1_177' title='bbox 3532 1111 3686 1181; x_wconf 79' lang='grc' dir='ltr'>Ἀμα</span> 
     </span>
    </p>
   </div>
   <div class='ocr_carea' id='block_1_27' title="bbox 2112 1201 3688 1276">
    <p class='ocr_par' dir='ltr' id='par_1_27' title="bbox 2112 1201 3688 1276">
     <span class='ocr_line' id='line_1_27' title="bbox 2112 1201 3688 1276; baseline -0.003 -19"><span class='ocrx_word' id='word_1_178' title='bbox 2112 1205 2169 1257; x_wconf 83' lang='grc' dir='ltr'><strong>δὲ</strong></span> <span class='ocrx_word' id='word_1_179' title='bbox 2197 1206 2291 1258; x_wconf 86' lang='grc' dir='ltr'><strong>καί</strong></span> <span class='ocrx_word' id='word_1_180' title='bbox 2322 1223 2374 1259; x_wconf 86' lang='grc' dir='ltr'><strong>τι</strong></span> <span class='ocrx_word' id='word_1_181' title='bbox 2413 1205 2575 1258; x_wconf 80' lang='grc' dir='ltr'><strong>πλέον</strong></span> <span class='ocrx_word' id='word_1_182' title='bbox 2616 1204 3024 1276; x_wconf 79' lang='grc' dir='ltr'>ὲπιλαμϐάνοιτ’</span> <span class='ocrx_word' id='word_1_183' title='bbox 3063 1203 3130 1257; x_wconf 82' lang='grc' dir='ltr'><strong>ἂν</strong></span> <span class='ocrx_word' id='word_1_184' title='bbox 3166 1203 3309 1257; x_wconf 76' lang='grc' dir='ltr'>οὕτω</span> <span class='ocrx_word' id='word_1_185' title='bbox 3350 1204 3449 1274; x_wconf 76' lang='grc' dir='ltr'>τῆς</span> <span class='ocrx_word' id='word_1_186' title='bbox 3492 1201 3688 1273; x_wconf 78' lang='grc' dir='ltr'>τρίτης</span> 
     </span>
    </p>
   </div>
   <div class='ocr_carea' id='block_1_28' title="bbox 2113 1294 3689 1369">
    <p class='ocr_par' dir='ltr' id='par_1_28' title="bbox 2113 1294 3689 1369">
     <span class='ocr_line' id='line_1_28' title="bbox 2113 1294 3689 1369; baseline -0.003 -20"><span class='ocrx_word' id='word_1_187' title='bbox 2113 1297 2343 1368; x_wconf 81' lang='grc' dir='ltr'>ἡμέρας.</span> <span class='ocrx_word' id='word_1_188' title='bbox 2377 1297 2450 1350; x_wconf 91' lang='grc' dir='ltr'>Τὸ</span> <span class='ocrx_word' id='word_1_189' title='bbox 2477 1297 2534 1350; x_wconf 79' lang='grc' dir='ltr'><strong>δὲ</strong></span> <span class='ocrx_word' id='word_1_190' title='bbox 2561 1296 2741 1360; x_wconf 80' lang='grc' dir='ltr'><strong>πλέον,</strong></span> <span class='ocrx_word' id='word_1_191' title='bbox 2780 1299 3003 1369; x_wconf 86' lang='grc' dir='ltr'>σημεῖον</span> <span class='ocrx_word' id='word_1_192' title='bbox 3034 1296 3099 1367; x_wconf 85' lang='grc' dir='ltr'><strong>δὴ</strong></span> <span class='ocrx_word' id='word_1_193' title='bbox 3137 1295 3238 1366; x_wconf 82' lang='grc' dir='ltr'>τῆς</span> <span class='ocrx_word' id='word_1_194' title='bbox 3274 1294 3498 1367; x_wconf 78' lang='grc' dir='ltr'>τριάδος</span> <span class='ocrx_word' id='word_1_195' title='bbox 3540 1294 3689 1346; x_wconf 75' lang='grc' dir='ltr'>ἐστὶν</span> 
     </span>
    </p>
   </div>
   <div class='ocr_carea' id='block_1_29' title="bbox 2113 1386 3689 1460">
    <p class='ocr_par' dir='ltr' id='par_1_29' title="bbox 2113 1386 3689 1460">
     <span class='ocr_line' id='line_1_29' title="bbox 2113 1386 3689 1460; baseline -0.001 -20"><span class='ocrx_word' id='word_1_196' title='bbox 2113 1388 2523 1460; x_wconf 76' lang='grc' dir='ltr'>ἐναργέστερον.</span> <span class='ocrx_word' id='word_1_197' title='bbox 2547 1388 2666 1442; x_wconf 85' lang='grc' dir='ltr'><strong>Τῶν</strong></span> <span class='ocrx_word' id='word_1_198' title='bbox 2697 1388 2743 1442; x_wconf 81' lang='grc' dir='ltr'><strong>δ’</strong></span> <span class='ocrx_word' id='word_1_199' title='bbox 2776 1388 3090 1445; x_wconf 83' lang='grc' dir='ltr'>Ἰταλιωτῶν</span> <span class='ocrx_word' id='word_1_200' title='bbox 3114 1390 3161 1442; x_wconf 80' lang='grc' dir='ltr'><strong>οἱ</strong></span> <span class='ocrx_word' id='word_1_201' title='bbox 3188 1389 3314 1460; x_wconf 70' lang='grc' dir='ltr'>περὶ</span> <span class='ocrx_word' id='word_1_202' title='bbox 3334 1389 3433 1457; x_wconf 73' lang='grc' dir='ltr'>τὴν</span> <span class='ocrx_word' id='word_1_203' title='bbox 3468 1386 3689 1456; x_wconf 82' lang='grc' dir='ltr'><strong>Ῥώμην</strong></span> 
     </span>
    </p>
   </div>
   <div class='ocr_carea' id='block_1_30' title="bbox 2118 1479 3690 1551">
    <p class='ocr_par' dir='ltr' id='par_1_30' title="bbox 2118 1479 3690 1551">
     <span class='ocr_line' id='line_1_30' title="bbox 2118 1479 3690 1551; baseline -0.001 -19"><span class='ocrx_word' id='word_1_204' title='bbox 2118 1479 2256 1550; x_wconf 84' lang='grc' dir='ltr'>μετὰ</span> <span class='ocrx_word' id='word_1_205' title='bbox 2277 1480 2446 1551; x_wconf 82' lang='grc' dir='ltr'><strong>μέσην</strong></span> <span class='ocrx_word' id='word_1_206' title='bbox 2468 1498 2571 1534; x_wconf 87' lang='grc' dir='ltr'><strong>που</strong></span> <span class='ocrx_word' id='word_1_207' title='bbox 2596 1479 2764 1535; x_wconf 91' lang='grc' dir='ltr'>νύκτα</span> <span class='ocrx_word' id='word_1_208' title='bbox 2791 1482 2944 1550; x_wconf 72' lang='grc' dir='ltr'>φασὶ,</span> <span class='ocrx_word' id='word_1_209' title='bbox 2979 1482 3075 1536; x_wconf 69' lang='grc' dir='ltr'>καὶ</span> <span class='ocrx_word' id='word_1_210' title='bbox 3102 1480 3163 1534; x_wconf 87' lang='grc' dir='ltr'><strong>τὸ</strong></span> <span class='ocrx_word' id='word_1_211' title='bbox 3181 1480 3334 1551; x_wconf 79' lang='grc' dir='ltr'>βαθὺ,</span> <span class='ocrx_word' id='word_1_212' title='bbox 3358 1479 3690 1550; x_wconf 71' lang='grc' dir='ltr'>ἀφιστάντες</span> 
     </span>
    </p>
   </div>
   <div class='ocr_carea' id='block_1_31' title="bbox 2118 1571 3691 1645">
    <p class='ocr_par' dir='ltr' id='par_1_31' title="bbox 2118 1571 3691 1645">
     <span class='ocr_line' id='line_1_31' title="bbox 2118 1571 3691 1645; baseline 0.001 -21"><span class='ocrx_word' id='word_1_213' title='bbox 2118 1571 2314 1637; x_wconf 81' lang='grc' dir='ltr'>ἱκανῶς</span> <span class='ocrx_word' id='word_1_214' title='bbox 2355 1572 2448 1626; x_wconf 83' lang='grc' dir='ltr'><strong>τοῦ</strong></span> <span class='ocrx_word' id='word_1_215' title='bbox 2498 1573 2684 1645; x_wconf 84' lang='grc' dir='ltr'><strong>μέσου,</strong></span> <span class='ocrx_word' id='word_1_216' title='bbox 2724 1573 2998 1628; x_wconf 86' lang='grc' dir='ltr'>ἀκούουσι.</span> <span class='ocrx_word' id='word_1_217' title='bbox 3047 1573 3288 1644; x_wconf 83' lang='grc' dir='ltr'>Μηδενὸς</span> <span class='ocrx_word' id='word_1_218' title='bbox 3331 1573 3376 1626; x_wconf 88' lang='grc' dir='ltr'><strong>δ’</strong></span> <span class='ocrx_word' id='word_1_219' title='bbox 3424 1573 3539 1643; x_wconf 82' lang='grc' dir='ltr'>ἄρα</span> <span class='ocrx_word' id='word_1_220' title='bbox 3584 1571 3691 1625; x_wconf 83' lang='grc' dir='ltr'><strong>τῶν</strong></span> 
     </span>
    </p>
   </div>
   <div class='ocr_carea' id='block_1_32' title="bbox 2119 1663 3691 1737">
    <p class='ocr_par' dir='ltr' id='par_1_32' title="bbox 2119 1663 3691 1737">
     <span class='ocr_line' id='line_1_32' title="bbox 2119 1663 3691 1737; baseline 0.001 -21"><span class='ocrx_word' id='word_1_221' title='bbox 2119 1664 2480 1737; x_wconf 84' lang='grc' dir='ltr'><strong>συγγραφέων</strong></span> <span class='ocrx_word' id='word_1_222' title='bbox 2517 1665 2941 1735; x_wconf 77' lang='grc' dir='ltr'>ἀποσαφοῦντος,</span> <span class='ocrx_word' id='word_1_223' title='bbox 2976 1664 3136 1718; x_wconf 85' lang='grc' dir='ltr'>ὁπότε</span> <span class='ocrx_word' id='word_1_224' title='bbox 3162 1665 3263 1735; x_wconf 84' lang='grc' dir='ltr'>τῆς</span> <span class='ocrx_word' id='word_1_225' title='bbox 3293 1665 3489 1728; x_wconf 85' lang='grc' dir='ltr'>νυκτὸς</span> <span class='ocrx_word' id='word_1_226' title='bbox 3509 1665 3539 1716; x_wconf 85' lang='grc' dir='ltr'><strong>ὁ</strong></span> <span class='ocrx_word' id='word_1_227' title='bbox 3559 1663 3691 1727; x_wconf 84' lang='grc' dir='ltr'>Θεὸς</span> 
     </span>
    </p>
   </div>
   <div class='ocr_carea' id='block_1_33' title="bbox 2117 1757 3691 1831">
    <p class='ocr_par' dir='ltr' id='par_1_33' title="bbox 2117 1757 3691 1831">
     <span class='ocr_line' id='line_1_33' title="bbox 2117 1757 3691 1831; baseline 0.001 -21"><span class='ocrx_word' id='word_1_228' title='bbox 2117 1757 2380 1830; x_wconf 84' lang='grc' dir='ltr'>ὰναϐιῴη,</span> <span class='ocrx_word' id='word_1_229' title='bbox 2408 1757 2551 1812; x_wconf 75' lang='grc' dir='ltr'>ἔοικε</span> <span class='ocrx_word' id='word_1_230' title='bbox 2577 1758 2674 1830; x_wconf 86' lang='grc' dir='ltr'><strong>μὲν</strong></span> <span class='ocrx_word' id='word_1_231' title='bbox 2700 1758 3116 1831; x_wconf 83' lang='grc' dir='ltr'>ἁσφαλεστέρως</span> <span class='ocrx_word' id='word_1_232' title='bbox 3137 1758 3203 1813; x_wconf 82' lang='grc' dir='ltr'><strong>ἂν</strong></span> <span class='ocrx_word' id='word_1_233' title='bbox 3224 1758 3389 1830; x_wconf 73' lang='grc' dir='ltr'>ἔχειν,</span> <span class='ocrx_word' id='word_1_234' title='bbox 3406 1758 3461 1811; x_wconf 82' lang='grc' dir='ltr'>εῐ</span> <span class='ocrx_word' id='word_1_235' title='bbox 3482 1774 3571 1821; x_wconf 89' lang='grc' dir='ltr'><strong>τις</strong></span> <span class='ocrx_word' id='word_1_236' title='bbox 3597 1759 3691 1811; x_wconf 79' lang='grc' dir='ltr'><strong>ἀπ’</strong></span> 
     </span>
    </p>
   </div>
   <div class='ocr_carea' id='block_1_34' title="bbox 446 1836 2017 1924">
    <p class='ocr_par' dir='ltr' id='par_1_34' title="bbox 446 1836 2017 1908">
     <span class='ocr_line' id='line_1_34' title="bbox 446 1836 2017 1908; baseline -0.006 -8"><span class='ocrx_word' id='word_1_237' title='bbox 446 1849 552 1902; x_wconf 83' lang='lat' dir='ltr'><strong>etis</strong></span> <span class='ocrx_word' id='word_1_238' title='bbox 586 1846 764 1902; x_wconf 89' lang='lat' dir='ltr'><strong>medio</strong></span> <span class='ocrx_word' id='word_1_239' title='bbox 789 1845 1118 1903; x_wconf 87' lang='lat' dir='ltr'><strong>sullicienter</strong></span> <span class='ocrx_word' id='word_1_240' title='bbox 1143 1843 1423 1898; x_wconf 86' lang='lat' dir='ltr'><strong>dirimant.</strong></span> <span class='ocrx_word' id='word_1_241' title='bbox 1465 1840 1600 1895; x_wconf 88' lang='lat' dir='ltr'><strong>Cum</strong></span> <span class='ocrx_word' id='word_1_242' title='bbox 1650 1852 1781 1908; x_wconf 83' lang='lat' dir='ltr'><strong>ergo</strong></span> <span class='ocrx_word' id='word_1_243' title='bbox 1831 1836 2017 1891; x_wconf 88' lang='lat' dir='ltr'><strong>nullus</strong></span> 
     </span>
    </p>
   </div>
   <div class='ocr_carea' id='block_1_35' title="bbox 2121 1836 3690 1924">
    <p class='ocr_par' dir='ltr' id='par_1_35' title="bbox 2121 1847 3690 1924">
     <span class='ocr_line' id='line_1_35' title="bbox 2121 1847 3690 1924; baseline -0.002 -21"><span class='ocrx_word' id='word_1_244' title='bbox 2121 1850 2292 1920; x_wconf 82' lang='grc' dir='ltr'>άκρας</span> <span class='ocrx_word' id='word_1_245' title='bbox 2315 1850 2508 1914; x_wconf 86' lang='grc' dir='ltr'>νυκτὸς</span> <span class='ocrx_word' id='word_1_246' title='bbox 2530 1851 2731 1905; x_wconf 87' lang='grc' dir='ltr'>τιθεῖτο</span> <span class='ocrx_word' id='word_1_247' title='bbox 2751 1851 2848 1923; x_wconf 77' lang='grc' dir='ltr'><strong>τὴν</strong></span> <span class='ocrx_word' id='word_1_248' title='bbox 2866 1853 2964 1922; x_wconf 84' lang='grc' dir='ltr'>τῆς</span> <span class='ocrx_word' id='word_1_249' title='bbox 2990 1851 3200 1924; x_wconf 76' lang='grc' dir='ltr'>ἡμέρας</span> <span class='ocrx_word' id='word_1_250' title='bbox 3223 1852 3419 1921; x_wconf 78' lang='grc' dir='ltr'>ἀρχήν.</span> <span class='ocrx_word' id='word_1_251' title='bbox 3446 1850 3521 1902; x_wconf 86' lang='grc' dir='ltr'>Συ</span> <span class='ocrx_word' id='word_1_252' title='bbox 3531 1847 3690 1920; x_wconf 77' lang='grc' dir='ltr'>μϐαίο</span> 
     </span>
    </p>
   </div>
   <div class='ocr_carea' id='block_1_36' title="bbox 448 1931 2016 2011">
    <p class='ocr_par' dir='ltr' id='par_1_36' title="bbox 448 1931 2016 2011">
     <span class='ocr_line' id='line_1_36' title="bbox 448 1931 2016 2011; baseline -0.005 -18"><span class='ocrx_word' id='word_1_253' title='bbox 448 1938 726 2011; x_wconf 76' lang='lat' dir='ltr'><strong>Evangelii</strong></span> <span class='ocrx_word' id='word_1_254' title='bbox 762 1940 995 2008; x_wconf 84' lang='lat' dir='ltr'><strong>scriptor</strong></span> <span class='ocrx_word' id='word_1_255' title='bbox 1015 1938 1228 1999; x_wconf 71' lang='lat' dir='ltr'><strong>doceat,</strong></span> <span class='ocrx_word' id='word_1_256' title='bbox 1270 1952 1377 2006; x_wconf 89' lang='lat' dir='ltr'><strong>qua</strong></span> <span class='ocrx_word' id='word_1_257' title='bbox 1430 1940 1587 2003; x_wconf 80' lang='lat' dir='ltr'><strong>parte</strong></span> <span class='ocrx_word' id='word_1_258' title='bbox 1635 1933 1814 1988; x_wconf 90' lang='lat' dir='ltr'><strong>noctis</strong></span> <span class='ocrx_word' id='word_1_259' title='bbox 1861 1931 2016 1986; x_wconf 84' lang='lat' dir='ltr'><strong>Chri-</strong></span> 
     </span>
    </p>
   </div>
   <div class='ocr_carea' id='block_1_37' title="bbox 450 2021 2014 2094">
    <p class='ocr_par' dir='ltr' id='par_1_37' title="bbox 450 2021 2014 2094">
     <span class='ocr_line' id='line_1_37' title="bbox 450 2021 2014 2094; baseline -0.008 -10"><span class='ocrx_word' id='word_1_260' title='bbox 450 2039 570 2084; x_wconf 87' lang='lat' dir='ltr'><strong>stus</strong></span> <span class='ocrx_word' id='word_1_261' title='bbox 590 2030 908 2090; x_wconf 76' lang='lat' dir='ltr'><strong>surrexerit,</strong></span> <span class='ocrx_word' id='word_1_262' title='bbox 942 2027 1115 2080; x_wconf 84' lang='lat' dir='ltr'><strong>tutius</strong></span> <span class='ocrx_word' id='word_1_263' title='bbox 1142 2024 1358 2094; x_wconf 81' lang='lat' dir='ltr'><strong>quidem</strong></span> <span class='ocrx_word' id='word_1_264' title='bbox 1388 2023 1620 2084; x_wconf 89' lang='lat' dir='ltr'><strong>videtur,</strong></span> <span class='ocrx_word' id='word_1_265' title='bbox 1653 2021 1699 2077; x_wconf 89' lang='lat' dir='ltr'><strong>si</strong></span> <span class='ocrx_word' id='word_1_266' title='bbox 1730 2022 1854 2090; x_wconf 88' lang='lat' dir='ltr'><strong>quis</strong></span> <span class='ocrx_word' id='word_1_267' title='bbox 1881 2035 2014 2074; x_wconf 85' lang='lat' dir='ltr'><strong>con-</strong></span> 
     </span>
    </p>
   </div>
   <div class='ocr_carea' id='block_1_38' title="bbox 449 2110 2073 2193">
    <p class='ocr_par' dir='ltr' id='par_1_38' title="bbox 449 2110 2073 2193">
     <span class='ocr_line' id='line_1_38' title="bbox 449 2110 2073 2193; baseline -0.007 -18"><span class='ocrx_word' id='word_1_268' title='bbox 449 2121 643 2176; x_wconf 86' lang='lat' dir='ltr'><strong>stituat</strong></span> <span class='ocrx_word' id='word_1_269' title='bbox 664 2136 695 2174; x_wconf 89' lang='lat' dir='ltr'><strong>a</strong></span> <span class='ocrx_word' id='word_1_270' title='bbox 723 2135 937 2174; x_wconf 88' lang='lat' dir='ltr'><strong>summa</strong></span> <span class='ocrx_word' id='word_1_271' title='bbox 964 2124 1127 2171; x_wconf 84' lang='lat' dir='ltr'><strong>nocte</strong></span> <span class='ocrx_word' id='word_1_272' title='bbox 1153 2115 1261 2170; x_wconf 90' lang='lat' dir='ltr'><strong>diei</strong></span> <span class='ocrx_word' id='word_1_273' title='bbox 1309 2114 1658 2185; x_wconf 87' lang='lat' dir='ltr'><strong>principimn.</strong></span> <span class='ocrx_word' id='word_1_274' title='bbox 1690 2111 1825 2166; x_wconf 84' lang='lat' dir='ltr'><strong>Nam</strong></span> <span class='ocrx_word' id='word_1_275' title='bbox 1870 2110 2015 2181; x_wconf 90' lang='lat' dir='ltr'><strong>quod</strong></span> <span class='ocrx_word' id='word_1_276' title='bbox 2066 2187 2073 2193; x_wconf 22' lang='grc'><strong><em>1</em></strong></span> 
     </span>
    </p>
   </div>
   <div class='ocr_carea' id='block_1_39' title="bbox 446 2204 2011 2287">
    <p class='ocr_par' dir='ltr' id='par_1_39' title="bbox 446 2204 2011 2287">
     <span class='ocr_line' id='line_1_39' title="bbox 446 2204 2011 2287; baseline -0.007 -21"><span class='ocrx_word' id='word_1_277' title='bbox 446 2210 683 2266; x_wconf 87' lang='lat' dir='ltr'><strong>mediam</strong></span> <span class='ocrx_word' id='word_1_278' title='bbox 732 2217 947 2265; x_wconf 90' lang='lat' dir='ltr'><strong>noctem</strong></span> <span class='ocrx_word' id='word_1_279' title='bbox 994 2206 1369 2287; x_wconf 73' lang='lat' dir='ltr'><strong>subsequitur,</strong></span> <span class='ocrx_word' id='word_1_280' title='bbox 1419 2205 1628 2259; x_wconf 87' lang='lat' dir='ltr'><strong>accedit</strong></span> <span class='ocrx_word' id='word_1_281' title='bbox 1677 2204 1751 2257; x_wconf 90' lang='lat' dir='ltr'><strong>illi</strong></span> <span class='ocrx_word' id='word_1_282' title='bbox 1791 2218 1888 2273; x_wconf 89' lang='lat' dir='ltr'><strong>pro</strong></span> <span class='ocrx_word' id='word_1_283' title='bbox 1914 2218 2011 2256; x_wconf 85' lang='lat' dir='ltr'><strong>au-</strong></span> 
     </span>
    </p>
   </div>
   <div class='ocr_carea' id='block_1_40' title="bbox 450 2294 2013 2368">
    <p class='ocr_par' dir='ltr' id='par_1_40' title="bbox 450 2294 2013 2368">
     <span class='ocr_line' id='line_1_40' title="bbox 450 2294 2013 2368; baseline -0.006 -11"><span class='ocrx_word' id='word_1_284' title='bbox 450 2305 650 2358; x_wconf 82' lang='lat' dir='ltr'><strong>ctario.</strong></span> <span class='ocrx_word' id='word_1_285' title='bbox 693 2301 900 2368; x_wconf 79' lang='lat' dir='ltr'><strong>Quibus</strong></span> <span class='ocrx_word' id='word_1_286' title='bbox 932 2315 1062 2354; x_wconf 90' lang='lat' dir='ltr'><strong>vero</strong></span> <span class='ocrx_word' id='word_1_287' title='bbox 1096 2299 1151 2352; x_wconf 91' lang='lat' dir='ltr'><strong>in</strong></span> <span class='ocrx_word' id='word_1_288' title='bbox 1181 2299 1283 2351; x_wconf 91' lang='lat' dir='ltr'><strong>hoc</strong></span> <span class='ocrx_word' id='word_1_289' title='bbox 1329 2295 1506 2351; x_wconf 91' lang='lat' dir='ltr'><strong>solum</strong></span> <span class='ocrx_word' id='word_1_290' title='bbox 1567 2295 1710 2349; x_wconf 85' lang='lat' dir='ltr'><strong>ratio</strong></span> <span class='ocrx_word' id='word_1_291' title='bbox 1746 2294 1851 2349; x_wconf 90' lang='lat' dir='ltr'><strong>sita</strong></span> <span class='ocrx_word' id='word_1_292' title='bbox 1895 2300 2013 2357; x_wconf 91' lang='lat' dir='ltr'><strong>est,</strong></span> 
     </span>
    </p>
   </div>
   <div class='ocr_carea' id='block_1_41' title="bbox 451 2370 2015 2462">
    <p class='ocr_par' dir='ltr' id='par_1_41' title="bbox 451 2370 2015 2462">
     <span class='ocr_line' id='line_1_41' title="bbox 451 2370 2015 2462; baseline -0.006 -13"><span class='ocrx_word' id='word_1_293' title='bbox 451 2410 558 2449; x_wconf 89' lang='lat' dir='ltr'><strong>non</strong></span> <span class='ocrx_word' id='word_1_294' title='bbox 591 2394 764 2462; x_wconf 82' lang='lat' dir='ltr'><strong>major</strong></span> <span class='ocrx_word' id='word_1_295' title='bbox 785 2403 869 2448; x_wconf 90' lang='lat' dir='ltr'><strong>est</strong></span> <span class='ocrx_word' id='word_1_296' title='bbox 900 2390 1096 2444; x_wconf 83' lang='lat' dir='ltr'><strong>ﬁducia</strong></span> <span class='ocrx_word' id='word_1_297' title='bbox 1120 2386 1268 2458; x_wconf 87' lang='lat' dir='ltr'><strong>quod</strong></span> <span class='ocrx_word' id='word_1_298' title='bbox 1292 2387 1481 2441; x_wconf 86' lang='lat' dir='ltr'><strong>volunt</strong></span> <span class='ocrx_word' id='word_1_299' title='bbox 1504 2370 1829 2458; x_wconf 79' lang='lat' dir='ltr'><strong>assequendi</strong></span> <span class='ocrx_word' id='word_1_300' title='bbox 1852 2398 2015 2454; x_wconf 85' lang='lat' dir='ltr'><strong>quam</strong></span> 
     </span>
    </p>
   </div>
   <div class='ocr_carea' id='block_1_42' title="bbox 442 2469 2019 2557">
    <p class='ocr_par' dir='ltr' id='par_1_42' title="bbox 442 2469 2019 2557">
     <span class='ocr_line' id='line_1_42' title="bbox 442 2469 2019 2557; baseline -0.006 -20"><span class='ocrx_word' id='word_1_301' title='bbox 442 2485 757 2557; x_wconf 80' lang='lat' dir='ltr'><strong>periculum</strong></span> <span class='ocrx_word' id='word_1_302' title='bbox 789 2483 857 2537; x_wconf 90' lang='lat' dir='ltr'><strong>ab</strong></span> <span class='ocrx_word' id='word_1_303' title='bbox 886 2469 949 2536; x_wconf 75' lang='lat' dir='ltr'><strong>eo</strong></span> <span class='ocrx_word' id='word_1_304' title='bbox 976 2477 1288 2535; x_wconf 86' lang='lat' dir='ltr'><strong>aberrandi.</strong></span> <span class='ocrx_word' id='word_1_305' title='bbox 1342 2476 1453 2532; x_wconf 87' lang='lat' dir='ltr'><strong>[los</strong></span> <span class='ocrx_word' id='word_1_306' title='bbox 1493 2477 1640 2531; x_wconf 90' lang='lat' dir='ltr'><strong>enim</strong></span> <span class='ocrx_word' id='word_1_307' title='bbox 1696 2474 1813 2529; x_wconf 85' lang='lat' dir='ltr'><strong>vice</strong></span> <span class='ocrx_word' id='word_1_308' title='bbox 1860 2489 2019 2528; x_wconf 82' lang='lat' dir='ltr'><strong>versa</strong></span> 
     </span>
    </p>
   </div>
   <div class='ocr_carea' id='block_1_43' title="bbox 451 2565 2019 2638">
    <p class='ocr_par' dir='ltr' id='par_1_43' title="bbox 451 2565 2019 2638">
     <span class='ocr_line' id='line_1_43' title="bbox 451 2565 2019 2638; baseline -0.008 -9"><span class='ocrx_word' id='word_1_309' title='bbox 451 2575 556 2629; x_wconf 85' lang='lat' dir='ltr'><strong>hoc</strong></span> <span class='ocrx_word' id='word_1_310' title='bbox 598 2572 987 2629; x_wconf 90' lang='lat' dir='ltr'><strong>inconveniens</strong></span> <span class='ocrx_word' id='word_1_311' title='bbox 1044 2576 1324 2638; x_wconf 86' lang='lat' dir='ltr'><strong>sequetur,</strong></span> <span class='ocrx_word' id='word_1_312' title='bbox 1356 2567 1487 2621; x_wconf 89' lang='lat' dir='ltr'><strong>dum</strong></span> <span class='ocrx_word' id='word_1_313' title='bbox 1540 2565 1770 2635; x_wconf 88' lang='lat' dir='ltr'><strong>primam</strong></span> <span class='ocrx_word' id='word_1_314' title='bbox 1806 2571 2019 2618; x_wconf 83' lang='lat' dir='ltr'><strong>noctem</strong></span> 
     </span>
    </p>
   </div>
   <div class='ocr_carea' id='block_1_44' title="bbox 374 2656 2017 2737">
    <p class='ocr_par' dir='ltr' id='par_1_44' title="bbox 374 2656 2017 2737">
     <span class='ocr_line' id='line_1_44' title="bbox 374 2656 2017 2737; baseline -0.01 -10"><span class='ocrx_word' id='word_1_315' title='bbox 374 2724 381 2727; x_wconf 92' lang='lat'>_</span> <span class='ocrx_word' id='word_1_316' title='bbox 448 2667 556 2722; x_wconf 88' lang='lat' dir='ltr'><strong>diei</strong></span> <span class='ocrx_word' id='word_1_317' title='bbox 588 2666 916 2737; x_wconf 79' lang='lat' dir='ltr'><strong>principium</strong></span> <span class='ocrx_word' id='word_1_318' title='bbox 951 2674 1191 2734; x_wconf 88' lang='lat' dir='ltr'><strong>ponunt;</strong></span> <span class='ocrx_word' id='word_1_319' title='bbox 1222 2660 1367 2732; x_wconf 90' lang='lat' dir='ltr'><strong>quod</strong></span> <span class='ocrx_word' id='word_1_320' title='bbox 1412 2674 1537 2714; x_wconf 90' lang='lat' dir='ltr'><strong>cum</strong></span> <span class='ocrx_word' id='word_1_321' title='bbox 1590 2658 1914 2728; x_wconf 87' lang='lat' dir='ltr'><strong>permissum</strong></span> <span class='ocrx_word' id='word_1_322' title='bbox 1938 2656 2017 2710; x_wconf 89' lang='lat' dir='ltr'><strong>.sit</strong></span> 
     </span>
    </p>
   </div>
   <div class='ocr_carea' id='block_1_45' title="bbox 450 2749 2017 2824">
    <p class='ocr_par' dir='ltr' id='par_1_45' title="bbox 450 2749 2017 2824">
     <span class='ocr_line' id='line_1_45' title="bbox 450 2749 2017 2824; baseline -0.006 -14"><span class='ocrx_word' id='word_1_323' title='bbox 450 2759 711 2812; x_wconf 85' lang='lat' dir='ltr'><strong>carnibus</strong></span> <span class='ocrx_word' id='word_1_324' title='bbox 736 2757 882 2811; x_wconf 83' lang='lat' dir='ltr'><strong>vesci</strong></span> <span class='ocrx_word' id='word_1_325' title='bbox 909 2756 1195 2824; x_wconf 85' lang='lat' dir='ltr'><strong>postridie,</strong></span> <span class='ocrx_word' id='word_1_326' title='bbox 1229 2753 1281 2807; x_wconf 88' lang='lat' dir='ltr'><strong>id</strong></span> <span class='ocrx_word' id='word_1_327' title='bbox 1312 2751 1531 2821; x_wconf 89' lang='lat' dir='ltr'><strong>quidem</strong></span> <span class='ocrx_word' id='word_1_328' title='bbox 1556 2749 2017 2804; x_wconf 88' lang='lat' dir='ltr'><strong>licebitasumma</strong></span> 
     </span>
    </p>
   </div>
   <div class='ocr_carea' id='block_1_46' title="bbox 451 2840 2015 2920">
    <p class='ocr_par' dir='ltr' id='par_1_46' title="bbox 451 2840 2015 2920">
     <span class='ocr_line' id='line_1_46' title="bbox 451 2840 2015 2920; baseline -0.006 -18"><span class='ocrx_word' id='word_1_329' title='bbox 451 2848 789 2920; x_wconf 72' lang='lat' dir='ltr'><strong>prmeedente</strong></span> <span class='ocrx_word' id='word_1_330' title='bbox 819 2857 1023 2903; x_wconf 88' lang='lat' dir='ltr'><strong>nocte:</strong></span> <span class='ocrx_word' id='word_1_331' title='bbox 1063 2854 1255 2901; x_wconf 82' lang='lat' dir='ltr'><strong>contra</strong></span> <span class='ocrx_word' id='word_1_332' title='bbox 1303 2858 1432 2898; x_wconf 77' lang='lat' dir='ltr'><strong>vero</strong></span> <span class='ocrx_word' id='word_1_333' title='bbox 1485 2856 1609 2896; x_wconf 92' lang='lat' dir='ltr'><strong>cum</strong></span> <span class='ocrx_word' id='word_1_334' title='bbox 1666 2840 1739 2896; x_wconf 87' lang='lat' dir='ltr'><strong>sit</strong></span> <span class='ocrx_word' id='word_1_335' title='bbox 1786 2841 2015 2893; x_wconf 84' lang='lat' dir='ltr'><strong>vetitum</strong></span> 
     </span>
    </p>
   </div>
   <div class='ocr_carea' id='block_1_47' title="bbox 447 2936 2018 2998">
    <p class='ocr_par' dir='ltr' id='par_1_47' title="bbox 447 2936 2018 2998">
     <span class='ocr_line' id='line_1_47' title="bbox 447 2936 2018 2998; baseline -0.006 -3"><span class='ocrx_word' id='word_1_336' title='bbox 447 2942 638 2995; x_wconf 84' lang='lat' dir='ltr'><strong>eadem</strong></span> <span class='ocrx_word' id='word_1_337' title='bbox 672 2940 761 2994; x_wconf 91' lang='lat' dir='ltr'><strong>die</strong></span> <span class='ocrx_word' id='word_1_338' title='bbox 780 2954 990 2993; x_wconf 70' lang='lat' dir='ltr'><strong>coenam</strong></span> <span class='ocrx_word' id='word_1_339' title='bbox 1026 2940 1093 2993; x_wconf 89' lang='lat' dir='ltr'><strong>de</strong></span> <span class='ocrx_word' id='word_1_340' title='bbox 1120 2936 1381 2992; x_wconf 78' lang='lat' dir='ltr'><strong>carnibus</strong></span> <span class='ocrx_word' id='word_1_341' title='bbox 1417 2948 1655 2998; x_wconf 89' lang='lat' dir='ltr'><strong>sumere,</strong></span> <span class='ocrx_word' id='word_1_342' title='bbox 1684 2948 1793 2987; x_wconf 83' lang='lat' dir='ltr'><strong>nun</strong></span> <span class='ocrx_word' id='word_1_343' title='bbox 1819 2946 2018 2986; x_wconf 91' lang='lat' dir='ltr'><strong>conce-</strong></span> 
     </span>
    </p>
   </div>
   <div class='ocr_carea' id='block_1_48' title="bbox 366 3012 2019 3099">
    <p class='ocr_par' dir='ltr' id='par_1_48' title="bbox 366 3012 2019 3099">
     <span class='ocr_line' id='line_1_48' title="bbox 366 3012 2019 3099; baseline -0.004 -14"><span class='ocrx_word' id='word_1_344' title='bbox 366 3031 373 3036; x_wconf 86' lang='grc'><em>’</em></span> <span class='ocrx_word' id='word_1_345' title='bbox 451 3034 615 3087; x_wconf 85' lang='lat' dir='ltr'><strong>detur</strong></span> <span class='ocrx_word' id='word_1_346' title='bbox 649 3034 839 3089; x_wconf 89' lang='lat' dir='ltr'><strong>eadem</strong></span> <span class='ocrx_word' id='word_1_347' title='bbox 865 3041 1041 3087; x_wconf 90' lang='lat' dir='ltr'><strong>nocte.</strong></span> <span class='ocrx_word' id='word_1_348' title='bbox 1074 3012 1186 3085; x_wconf 76' lang='lat' dir='ltr'><strong>Hac</strong></span> <span class='ocrx_word' id='word_1_349' title='bbox 1220 3030 1387 3099; x_wconf 81' lang='lat' dir='ltr'><strong>igitur</strong></span> <span class='ocrx_word' id='word_1_350' title='bbox 1419 3030 1487 3083; x_wconf 90' lang='lat' dir='ltr'><strong>de</strong></span> <span class='ocrx_word' id='word_1_351' title='bbox 1542 3042 1602 3082; x_wconf 90' lang='lat' dir='ltr'><strong>re</strong></span> <span class='ocrx_word' id='word_1_352' title='bbox 1647 3027 1841 3081; x_wconf 88' lang='lat' dir='ltr'><strong>melius</strong></span> <span class='ocrx_word' id='word_1_353' title='bbox 1893 3025 2019 3079; x_wconf 89' lang='lat' dir='ltr'><strong>dili-</strong></span> 
     </span>
    </p>
   </div>
   <div class='ocr_carea' id='block_1_49' title="bbox 451 3120 2018 3196">
    <p class='ocr_par' dir='ltr' id='par_1_49' title="bbox 451 3120 2018 3196">
     <span class='ocr_line' id='line_1_49' title="bbox 451 3120 2018 3196; baseline -0.005 -15"><span class='ocrx_word' id='word_1_354' title='bbox 451 3143 486 3196; x_wconf 71' lang='grc' dir='ltr'><strong>ε</strong></span> <span class='ocrx_word' id='word_1_355' title='bbox 521 3127 779 3196; x_wconf 89' lang='lat' dir='ltr'><strong>ntiusque</strong></span> <span class='ocrx_word' id='word_1_356' title='bbox 801 3126 980 3181; x_wconf 83' lang='lat' dir='ltr'><strong>denuo</strong></span> <span class='ocrx_word' id='word_1_357' title='bbox 1000 3135 1081 3181; x_wconf 88' lang='lat' dir='ltr'><strong>est</strong></span> <span class='ocrx_word' id='word_1_358' title='bbox 1109 3122 1565 3180; x_wconf 87' lang='lat' dir='ltr'><strong>considerandum</strong></span> <span class='ocrx_word' id='word_1_359' title='bbox 1598 3142 1611 3177; x_wconf 90' lang='lat'><strong>:</strong></span> <span class='ocrx_word' id='word_1_360' title='bbox 1643 3120 2018 3177; x_wconf 89' lang='lat' dir='ltr'><strong>commodum-</strong></span> 
     </span>
    </p>
   </div>
   <div class='ocr_carea' id='block_1_50' title="bbox 2118 1936 3691 2015">
    <p class='ocr_par' dir='ltr' id='par_1_50' title="bbox 2118 1936 3691 2015">
     <span class='ocr_line' id='line_1_50' title="bbox 2118 1936 3691 2015; baseline 0.008 -22"><span class='ocrx_word' id='word_1_361' title='bbox 2118 1958 2195 1993; x_wconf 88' lang='grc' dir='ltr'><strong>νει</strong></span> <span class='ocrx_word' id='word_1_362' title='bbox 2223 1942 2331 2013; x_wconf 80' lang='grc' dir='ltr'><strong>γὰρ</strong></span> <span class='ocrx_word' id='word_1_363' title='bbox 2363 1942 2512 2013; x_wconf 79' lang='grc' dir='ltr'>αὐτῷ</span> <span class='ocrx_word' id='word_1_364' title='bbox 2544 1942 2603 2009; x_wconf 82' lang='grc' dir='ltr'>ἐξ</span> <span class='ocrx_word' id='word_1_365' title='bbox 2636 1943 2930 2014; x_wconf 82' lang='grc' dir='ltr'>ὲπιμέτρου</span> <span class='ocrx_word' id='word_1_366' title='bbox 2967 1942 3028 1997; x_wconf 90' lang='grc' dir='ltr'><strong>τὸ</strong></span> <span class='ocrx_word' id='word_1_367' title='bbox 3060 1942 3197 2014; x_wconf 82' lang='grc' dir='ltr'>μετὰ</span> <span class='ocrx_word' id='word_1_368' title='bbox 3222 1944 3318 2015; x_wconf 78' lang='grc' dir='ltr'><strong>τὴν</strong></span> <span class='ocrx_word' id='word_1_369' title='bbox 3356 1942 3557 2013; x_wconf 81' lang='grc' dir='ltr'>μέσην.</span> <span class='ocrx_word' id='word_1_370' title='bbox 3598 1936 3691 2005; x_wconf 72' lang='grc' dir='ltr'><strong>Οἷς</strong></span> 
     </span>
    </p>
   </div>
   <div class='ocr_carea' id='block_1_51' title="bbox 2116 2028 3691 2104">
    <p class='ocr_par' dir='ltr' id='par_1_51' title="bbox 2116 2028 3691 2104">
     <span class='ocr_line' id='line_1_51' title="bbox 2116 2028 3691 2104; baseline 0.002 -22"><span class='ocrx_word' id='word_1_371' title='bbox 2116 2028 2163 2082; x_wconf 77' lang='grc' dir='ltr'>δ’</span> <span class='ocrx_word' id='word_1_372' title='bbox 2198 2032 2290 2084; x_wconf 74' lang='grc' dir='ltr'><strong>ἐπὶ</strong></span> <span class='ocrx_word' id='word_1_373' title='bbox 2332 2031 2506 2102; x_wconf 84' lang='grc' dir='ltr'>τούτῳ</span> <span class='ocrx_word' id='word_1_374' title='bbox 2544 2032 2702 2102; x_wconf 86' lang='grc' dir='ltr'><strong>μόνον</strong></span> <span class='ocrx_word' id='word_1_375' title='bbox 2746 2034 2774 2086; x_wconf 83' lang='grc' dir='ltr'>ὁ</span> <span class='ocrx_word' id='word_1_376' title='bbox 2811 2032 2968 2101; x_wconf 82' lang='grc' dir='ltr'><strong>λόγος</strong></span> <span class='ocrx_word' id='word_1_377' title='bbox 3005 2031 3255 2104; x_wconf 85' lang='grc' dir='ltr'>βέϐηκεν,</span> <span class='ocrx_word' id='word_1_378' title='bbox 3295 2032 3355 2085; x_wconf 86' lang='grc' dir='ltr'><strong>ού</strong></span> <span class='ocrx_word' id='word_1_379' title='bbox 3403 2031 3611 2104; x_wconf 80' lang='grc' dir='ltr'>μᾶλλόν</span> <span class='ocrx_word' id='word_1_380' title='bbox 3638 2049 3691 2085; x_wconf 86' lang='grc' dir='ltr'><strong>τι</strong></span> 
     </span>
    </p>
   </div>
   <div class='ocr_carea' id='block_1_52' title="bbox 2120 2119 3689 2195">
    <p class='ocr_par' dir='ltr' id='par_1_52' title="bbox 2120 2119 3689 2195">
     <span class='ocr_line' id='line_1_52' title="bbox 2120 2119 3689 2195; baseline 0.003 -22"><span class='ocrx_word' id='word_1_381' title='bbox 2120 2119 2321 2193; x_wconf 67' lang='grc' dir='ltr'>θάρρος</span> <span class='ocrx_word' id='word_1_382' title='bbox 2376 2122 2776 2192; x_wconf 70' lang='grc' dir='ltr'>ἐπιτυγχάνειν,</span> <span class='ocrx_word' id='word_1_383' title='bbox 2832 2121 2866 2195; x_wconf 80' lang='grc' dir='ltr'>ἦ</span> <span class='ocrx_word' id='word_1_384' title='bbox 2923 2123 3166 2176; x_wconf 86' lang='grc' dir='ltr'>κίνδυνον</span> <span class='ocrx_word' id='word_1_385' title='bbox 3225 2123 3689 2193; x_wconf 84' lang='grc' dir='ltr'>παραναστατείν.</span> 
     </span>
    </p>
   </div>
   <div class='ocr_carea' id='block_1_53' title="bbox 2120 2210 3691 2287">
    <p class='ocr_par' dir='ltr' id='par_1_53' title="bbox 2120 2210 3691 2287">
     <span class='ocr_line' id='line_1_53' title="bbox 2120 2210 3691 2287; baseline 0.001 -22"><span class='ocrx_word' id='word_1_386' title='bbox 2120 2214 2352 2266; x_wconf 76' lang='grc' dir='ltr'>’Ἄτοπον</span> <span class='ocrx_word' id='word_1_387' title='bbox 2407 2214 2654 2285; x_wconf 83' lang='grc' dir='ltr'>μέντοιγε</span> <span class='ocrx_word' id='word_1_388' title='bbox 2696 2214 2881 2287; x_wconf 70' lang='grc' dir='ltr'>ἕτερον</span> <span class='ocrx_word' id='word_1_389' title='bbox 2917 2210 2982 2269; x_wconf 78' lang='grc' dir='ltr'><strong>αὗ</strong></span> <span class='ocrx_word' id='word_1_390' title='bbox 3025 2213 3377 2285; x_wconf 79' lang='grc' dir='ltr'>ἀκολουθήσει</span> <span class='ocrx_word' id='word_1_391' title='bbox 3437 2212 3691 2284; x_wconf 84' lang='grc' dir='ltr'>θεμένοις</span> 
     </span>
    </p>
   </div>
   <div class='ocr_carea' id='block_1_54' title="bbox 2114 2302 3689 2377">
    <p class='ocr_par' dir='ltr' id='par_1_54' title="bbox 2114 2302 3689 2377">
     <span class='ocr_line' id='line_1_54' title="bbox 2114 2302 3689 2377; baseline 0.001 -21"><span class='ocrx_word' id='word_1_392' title='bbox 2114 2303 2411 2375; x_wconf 82' lang='grc' dir='ltr'>άκρόνυχον</span> <span class='ocrx_word' id='word_1_393' title='bbox 2449 2304 2547 2375; x_wconf 82' lang='grc' dir='ltr'>τὴν</span> <span class='ocrx_word' id='word_1_394' title='bbox 2587 2304 2779 2377; x_wconf 82' lang='grc' dir='ltr'>ἀρχὴν,</span> <span class='ocrx_word' id='word_1_395' title='bbox 2822 2306 2903 2368; x_wconf 84' lang='grc' dir='ltr'>τὸ,</span> <span class='ocrx_word' id='word_1_396' title='bbox 2947 2309 3013 2377; x_wconf 82' lang='grc' dir='ltr'>τῇ</span> <span class='ocrx_word' id='word_1_397' title='bbox 3061 2306 3322 2377; x_wconf 78' lang='grc' dir='ltr'>ὑστεραίᾳ</span> <span class='ocrx_word' id='word_1_398' title='bbox 3358 2305 3598 2376; x_wconf 86' lang='grc' dir='ltr'>νόμιμον</span> <span class='ocrx_word' id='word_1_399' title='bbox 3633 2302 3689 2358; x_wconf 78' lang='grc' dir='ltr'>ὂν</span> 
     </span>
    </p>
   </div>
   <div class='ocr_carea' id='block_1_55' title="bbox 2116 2393 3689 2469">
    <p class='ocr_par' dir='ltr' id='par_1_55' title="bbox 2116 2393 3689 2469">
     <span class='ocr_line' id='line_1_55' title="bbox 2116 2393 3689 2469; baseline 0.004 -24"><span class='ocrx_word' id='word_1_400' title='bbox 2116 2393 2313 2448; x_wconf 78' lang='grc' dir='ltr'>ἐσθίειν</span> <span class='ocrx_word' id='word_1_401' title='bbox 2356 2394 2551 2467; x_wconf 84' lang='grc' dir='ltr'>κρεῶν,</span> <span class='ocrx_word' id='word_1_402' title='bbox 2604 2395 2803 2462; x_wconf 77' lang='grc' dir='ltr'>ἐξεῖναι</span> <span class='ocrx_word' id='word_1_403' title='bbox 2845 2401 3187 2469; x_wconf 81' lang='grc' dir='ltr'>κρεωφαγεῖν</span> <span class='ocrx_word' id='word_1_404' title='bbox 3231 2398 3324 2451; x_wconf 86' lang='grc' dir='ltr'><strong>ἀπ’</strong></span> <span class='ocrx_word' id='word_1_405' title='bbox 3371 2397 3553 2469; x_wconf 80' lang='grc' dir='ltr'>ἄκρας</span> <span class='ocrx_word' id='word_1_406' title='bbox 3594 2396 3689 2466; x_wconf 81' lang='grc' dir='ltr'>τῆς</span> 
     </span>
    </p>
   </div>
   <div class='ocr_carea' id='block_1_56' title="bbox 2118 2482 3687 2560">
    <p class='ocr_par' dir='ltr' id='par_1_56' title="bbox 2118 2482 3687 2560">
     <span class='ocr_line' id='line_1_56' title="bbox 2118 2482 3687 2560; baseline 0.003 -24"><span class='ocrx_word' id='word_1_407' title='bbox 2118 2484 2428 2556; x_wconf 79' lang='grc' dir='ltr'><strong>ἡγουμένης</strong></span> <span class='ocrx_word' id='word_1_408' title='bbox 2451 2486 2662 2551; x_wconf 71' lang='grc' dir='ltr'>νυκτόςο</span> <span class='ocrx_word' id='word_1_409' title='bbox 2700 2487 2795 2541; x_wconf 75' lang='grc' dir='ltr'><strong>καὶ</strong></span> <span class='ocrx_word' id='word_1_410' title='bbox 2824 2488 2984 2541; x_wconf 79' lang='grc' dir='ltr'>πάλιν</span> <span class='ocrx_word' id='word_1_411' title='bbox 3011 2487 3455 2560; x_wconf 83' lang='grc' dir='ltr'>ἀπηγορευμένον</span> <span class='ocrx_word' id='word_1_412' title='bbox 3490 2482 3585 2550; x_wconf 75' lang='grc' dir='ltr'><strong>αὖ,</strong></span> <span class='ocrx_word' id='word_1_413' title='bbox 3618 2487 3687 2556; x_wconf 69' lang='grc' dir='ltr'><strong>μὶ·</strong></span> 
     </span>
    </p>
   </div>
   <div class='ocr_carea' id='block_1_57' title="bbox 2121 2577 3685 2652">
    <p class='ocr_par' dir='ltr' id='par_1_57' title="bbox 2121 2577 3685 2652">
     <span class='ocr_line' id='line_1_57' title="bbox 2121 2577 3685 2652; baseline 0.001 -22"><span class='ocrx_word' id='word_1_414' title='bbox 2121 2577 2319 2643; x_wconf 66' lang='grc' dir='ltr'>ἐξεῖναι</span> <span class='ocrx_word' id='word_1_415' title='bbox 2347 2578 2559 2631; x_wconf 88' lang='grc' dir='ltr'>δεῖπνον</span> <span class='ocrx_word' id='word_1_416' title='bbox 2590 2580 2656 2633; x_wconf 82' lang='grc' dir='ltr'>ὲκ</span> <span class='ocrx_word' id='word_1_417' title='bbox 2682 2581 2909 2652; x_wconf 84' lang='grc' dir='ltr'>κρέατος</span> <span class='ocrx_word' id='word_1_418' title='bbox 2938 2580 3037 2651; x_wconf 78' lang='grc' dir='ltr'>τῆς</span> <span class='ocrx_word' id='word_1_419' title='bbox 3064 2583 3233 2651; x_wconf 83' lang='grc' dir='ltr'>αὐτῆς</span> <span class='ocrx_word' id='word_1_420' title='bbox 3258 2580 3463 2650; x_wconf 84' lang='grc' dir='ltr'>ταύτης</span> <span class='ocrx_word' id='word_1_421' title='bbox 3500 2577 3685 2640; x_wconf 73' lang='grc' dir='ltr'>νυκτός</span> 
     </span>
    </p>
   </div>
   <div class='ocr_carea' id='block_1_58' title="bbox 2120 2666 3675 2742">
    <p class='ocr_par' dir='ltr' id='par_1_58' title="bbox 2120 2666 3675 2742">
     <span class='ocr_line' id='line_1_58' title="bbox 2120 2666 3675 2742; baseline 0.001 -24"><span class='ocrx_word' id='word_1_422' title='bbox 2120 2682 2183 2735; x_wconf 91' lang='grc' dir='ltr'><strong>γε</strong></span> <span class='ocrx_word' id='word_1_423' title='bbox 2203 2666 2436 2720; x_wconf 79' lang='grc' dir='ltr'>ἑλέσθαι.</span> <span class='ocrx_word' id='word_1_424' title='bbox 2463 2669 2599 2740; x_wconf 75' lang='grc' dir='ltr'>Περὶ</span> <span class='ocrx_word' id='word_1_425' title='bbox 2622 2670 2810 2723; x_wconf 86' lang='grc' dir='ltr'>τούτου</span> <span class='ocrx_word' id='word_1_426' title='bbox 2837 2670 2934 2742; x_wconf 83' lang='grc' dir='ltr'><strong>μὲν</strong></span> <span class='ocrx_word' id='word_1_427' title='bbox 2953 2668 3046 2724; x_wconf 80' lang='grc' dir='ltr'><strong>οὖν</strong></span> <span class='ocrx_word' id='word_1_428' title='bbox 3068 2670 3308 2734; x_wconf 77' lang='grc' dir='ltr'>εἰσαῦθις</span> <span class='ocrx_word' id='word_1_429' title='bbox 3332 2667 3675 2723; x_wconf 50' lang='grc' dir='ltr'>ἐπισκεπτέοι</span> 
     </span>
    </p>
   </div>
   <div class='ocr_carea' id='block_1_59' title="bbox 2116 2758 3664 2834">
    <p class='ocr_par' dir='ltr' id='par_1_59' title="bbox 2116 2758 3664 2834">
     <span class='ocr_line' id='line_1_59' title="bbox 2116 2758 3664 2834; baseline 0.002 -24"><span class='ocrx_word' id='word_1_430' title='bbox 2116 2758 2237 2825; x_wconf 71' lang='grc' dir='ltr'>ἐστὶ</span> <span class='ocrx_word' id='word_1_431' title='bbox 2268 2758 2496 2829; x_wconf 85' lang='grc' dir='ltr'>βέλτιον,</span> <span class='ocrx_word' id='word_1_432' title='bbox 2524 2761 2619 2814; x_wconf 77' lang='grc' dir='ltr'>καὶ</span> <span class='ocrx_word' id='word_1_433' title='bbox 2644 2763 2770 2824; x_wconf 81' lang='grc' dir='ltr'>τοὺς</span> <span class='ocrx_word' id='word_1_434' title='bbox 2794 2762 2924 2834; x_wconf 76' lang='grc' dir='ltr'>περὶ</span> <span class='ocrx_word' id='word_1_435' title='bbox 2949 2761 3120 2816; x_wconf 85' lang='grc' dir='ltr'>ταῦτα</span> <span class='ocrx_word' id='word_1_436' title='bbox 3145 2763 3349 2826; x_wconf 81' lang='grc' dir='ltr'>δεινοὺς</span> <span class='ocrx_word' id='word_1_437' title='bbox 3377 2760 3664 2834; x_wconf 81' lang='grc' dir='ltr'>παρακαλέ</span> 
     </span>
    </p>
   </div>
   <div class='ocr_carea' id='block_1_60' title="bbox 2125 2849 3690 2925">
    <p class='ocr_par' dir='ltr' id='par_1_60' title="bbox 2125 2849 3690 2925">
     <span class='ocr_line' id='line_1_60' title="bbox 2125 2849 3690 2925; baseline 0.001 -24"><span class='ocrx_word' id='word_1_438' title='bbox 2125 2865 2322 2913; x_wconf 85' lang='grc' dir='ltr'>σαντας</span> <span class='ocrx_word' id='word_1_439' title='bbox 2355 2849 2882 2921; x_wconf 84' lang='grc' dir='ltr'>συμϐουλεύσασθαι,</span> <span class='ocrx_word' id='word_1_440' title='bbox 2930 2852 3110 2917; x_wconf 86' lang='grc' dir='ltr'>καλῶς</span> <span class='ocrx_word' id='word_1_441' title='bbox 3150 2852 3284 2925; x_wconf 80' lang='grc' dir='ltr'>ἔχει.</span> <span class='ocrx_word' id='word_1_442' title='bbox 3320 2854 3412 2906; x_wconf 85' lang='grc' dir='ltr'><strong>Δεῖ</strong></span> <span class='ocrx_word' id='word_1_443' title='bbox 3444 2853 3557 2922; x_wconf 82' lang='grc' dir='ltr'><strong>γὰρ</strong></span> <span class='ocrx_word' id='word_1_444' title='bbox 3592 2850 3690 2922; x_wconf 81' lang='grc' dir='ltr'>τὴν</span> 
     </span>
    </p>
   </div>
   <div class='ocr_carea' id='block_1_61' title="bbox 2125 2942 3684 3018">
    <p class='ocr_par' dir='ltr' id='par_1_61' title="bbox 2125 2942 3684 3018">
     <span class='ocr_line' id='line_1_61' title="bbox 2125 2942 3684 3018; baseline 0.001 -23"><span class='ocrx_word' id='word_1_445' title='bbox 2125 2942 2313 3012; x_wconf 70' lang='grc' dir='ltr'>σκέψιν</span> <span class='ocrx_word' id='word_1_446' title='bbox 2350 2943 2491 2997; x_wconf 73' lang='grc' dir='ltr'>οὕτω</span> <span class='ocrx_word' id='word_1_447' title='bbox 2524 2945 2817 3010; x_wconf 82' lang='grc' dir='ltr'>ποιεῖσθαι,</span> <span class='ocrx_word' id='word_1_448' title='bbox 2851 2946 2927 3009; x_wconf 84' lang='grc' dir='ltr'>ὼς</span> <span class='ocrx_word' id='word_1_449' title='bbox 2966 2946 3100 3017; x_wconf 85' lang='grc' dir='ltr'>μήτε</span> <span class='ocrx_word' id='word_1_450' title='bbox 3140 2946 3458 3018; x_wconf 86' lang='grc' dir='ltr'>συμϐαίνειν</span> <span class='ocrx_word' id='word_1_451' title='bbox 3497 2948 3561 2999; x_wconf 84' lang='grc' dir='ltr'>ἐκ</span> <span class='ocrx_word' id='word_1_452' title='bbox 3596 2943 3684 2998; x_wconf 74' lang='grc' dir='ltr'><strong>τοῦ</strong></span> 
     </span>
    </p>
   </div>
   <div class='ocr_carea' id='block_1_62' title="bbox 2122 3032 3689 3109">
    <p class='ocr_par' dir='ltr' id='par_1_62' title="bbox 2122 3032 3689 3109">
     <span class='ocr_line' id='line_1_62' title="bbox 2122 3032 3689 3109; baseline 0.002 -23"><span class='ocrx_word' id='word_1_453' title='bbox 2122 3032 2280 3103; x_wconf 85' lang='grc' dir='ltr'>λόγου</span> <span class='ocrx_word' id='word_1_454' title='bbox 2309 3034 2549 3088; x_wconf 74' lang='grc' dir='ltr'>ἐναντίον</span> <span class='ocrx_word' id='word_1_455' title='bbox 2568 3039 2681 3099; x_wconf 89' lang='grc' dir='ltr'>τοῖς</span> <span class='ocrx_word' id='word_1_456' title='bbox 2702 3036 2868 3101; x_wconf 81' lang='grc' dir='ltr'>ὁσίοις</span> <span class='ocrx_word' id='word_1_457' title='bbox 2900 3038 3086 3109; x_wconf 83' lang='grc' dir='ltr'><strong>μηθὲν,</strong></span> <span class='ocrx_word' id='word_1_458' title='bbox 3117 3037 3329 3105; x_wconf 78' lang='grc' dir='ltr'>εὐαγῶς</span> <span class='ocrx_word' id='word_1_459' title='bbox 3353 3053 3413 3090; x_wconf 88' lang='grc' dir='ltr'><strong>τε</strong></span> <span class='ocrx_word' id='word_1_460' title='bbox 3433 3037 3534 3108; x_wconf 77' lang='grc' dir='ltr'>τῆς</span> <span class='ocrx_word' id='word_1_461' title='bbox 3561 3038 3689 3109; x_wconf 77' lang='grc' dir='ltr'><strong>ἠμέ-</strong></span> 
     </span>
    </p>
   </div>
   <div class='ocr_carea' id='block_1_63' title="bbox 2125 3125 3026 3201">
    <p class='ocr_par' dir='ltr' id='par_1_63' title="bbox 2125 3125 3026 3201">
     <span class='ocr_line' id='line_1_63' title="bbox 2125 3125 3026 3201; baseline 0.006 -24"><span class='ocrx_word' id='word_1_462' title='bbox 2125 3141 2223 3196; x_wconf 87' lang='grc' dir='ltr'><strong>ρας</strong></span> <span class='ocrx_word' id='word_1_463' title='bbox 2253 3125 2543 3196; x_wconf 85' lang='grc' dir='ltr'>κατάρχειν</span> <span class='ocrx_word' id='word_1_464' title='bbox 2561 3126 2657 3180; x_wconf 81' lang='grc' dir='ltr'>τοῦ</span> <span class='ocrx_word' id='word_1_465' title='bbox 2683 3126 2813 3182; x_wconf 80' lang='grc' dir='ltr'>Θεοῦ</span> <span class='ocrx_word' id='word_1_466' title='bbox 2847 3129 3026 3201; x_wconf 81' lang='grc' dir='ltr'>χάριν.</span> 
     </span>
    </p>
   </div>
   <div class='ocr_carea' id='block_1_64' title="bbox 452 3214 3685 3291">
    <p class='ocr_par' dir='ltr' id='par_1_64' title="bbox 452 3214 3685 3291">
     <span class='ocr_line' id='line_1_64' title="bbox 452 3214 3685 3291; baseline 0.002 -23"><span class='ocrx_word' id='word_1_467' title='bbox 452 3233 560 3286; x_wconf 87' lang='lat' dir='ltr'><strong>que</strong></span> <span class='ocrx_word' id='word_1_468' title='bbox 589 3217 750 3272; x_wconf 79' lang='lat' dir='ltr'><strong>fuerit</strong></span> <span class='ocrx_word' id='word_1_469' title='bbox 816 3216 1007 3271; x_wconf 88' lang='lat' dir='ltr'><strong>harum</strong></span> <span class='ocrx_word' id='word_1_470' title='bbox 1071 3232 1255 3271; x_wconf 87' lang='lat' dir='ltr'><strong>rerum</strong></span> <span class='ocrx_word' id='word_1_471' title='bbox 1329 3216 1535 3287; x_wconf 88' lang='lat' dir='ltr'><strong>peritos</strong></span> <span class='ocrx_word' id='word_1_472' title='bbox 1606 3228 1801 3283; x_wconf 83' lang='lat' dir='ltr'><strong>rogare</strong></span> <span class='ocrx_word' id='word_1_473' title='bbox 1857 3219 1913 3267; x_wconf 86' lang='lat' dir='ltr'><strong>et</strong></span> <span class='ocrx_word' id='word_1_474' title='bbox 1955 3216 2262 3271; x_wconf 82' lang='lat' dir='ltr'><strong>consulere.</strong></span> <span class='ocrx_word' id='word_1_475' title='bbox 2311 3214 2437 3271; x_wconf 71' lang='lat' dir='ltr'><strong>Haec</strong></span> <span class='ocrx_word' id='word_1_476' title='bbox 2489 3232 2725 3289; x_wconf 87' lang='lat' dir='ltr'><strong>namque</strong></span> <span class='ocrx_word' id='word_1_477' title='bbox 2783 3220 2859 3275; x_wconf 89' lang='lat' dir='ltr'><strong>ita</strong></span> <span class='ocrx_word' id='word_1_478' title='bbox 2912 3222 3247 3277; x_wconf 87' lang='lat' dir='ltr'><strong>considerari</strong></span> <span class='ocrx_word' id='word_1_479' title='bbox 3301 3221 3685 3291; x_wconf 78' lang='lat' dir='ltr'><strong>observarique</strong></span> 
     </span>
    </p>
   </div>
   <div class='ocr_carea' id='block_1_65' title="bbox 452 3306 3687 3388">
    <p class='ocr_par' dir='ltr' id='par_1_65' title="bbox 452 3306 3687 3388">
     <span class='ocr_line' id='line_1_65' title="bbox 452 3306 3687 3388; baseline 0.002 -23"><span class='ocrx_word' id='word_1_480' title='bbox 452 3320 688 3381; x_wconf 80' lang='lat' dir='ltr'><strong>oportet,</strong></span> <span class='ocrx_word' id='word_1_481' title='bbox 723 3319 782 3367; x_wconf 91' lang='lat' dir='ltr'><strong>ut</strong></span> <span class='ocrx_word' id='word_1_482' title='bbox 803 3327 867 3366; x_wconf 76' lang='lat' dir='ltr'><strong>ex</strong></span> <span class='ocrx_word' id='word_1_483' title='bbox 902 3326 1153 3366; x_wconf 88' lang='lat' dir='ltr'><strong>sermone</strong></span> <span class='ocrx_word' id='word_1_484' title='bbox 1185 3310 1319 3365; x_wconf 88' lang='lat' dir='ltr'><strong>nihil</strong></span> <span class='ocrx_word' id='word_1_485' title='bbox 1345 3308 1645 3381; x_wconf 82' lang='lat' dir='ltr'><strong>quidquam</strong></span> <span class='ocrx_word' id='word_1_486' title='bbox 1669 3306 1843 3364; x_wconf 88' lang='lat' dir='ltr'><strong>sacris</strong></span> <span class='ocrx_word' id='word_1_487' title='bbox 1883 3310 2223 3365; x_wconf 86' lang='lat' dir='ltr'><strong>contrarium</strong></span> <span class='ocrx_word' id='word_1_488' title='bbox 2245 3311 2491 3379; x_wconf 86' lang='lat' dir='ltr'><strong>eveniat,</strong></span> <span class='ocrx_word' id='word_1_489' title='bbox 2524 3311 2780 3384; x_wconf 87' lang='lat' dir='ltr'><strong>diemque</strong></span> <span class='ocrx_word' id='word_1_490' title='bbox 2802 3313 2890 3386; x_wconf 89' lang='lat' dir='ltr'><strong>pie</strong></span> <span class='ocrx_word' id='word_1_491' title='bbox 2950 3331 3014 3372; x_wconf 88' lang='lat' dir='ltr'><strong>ac</strong></span> <span class='ocrx_word' id='word_1_492' title='bbox 3074 3327 3265 3373; x_wconf 85' lang='lat' dir='ltr'><strong>sancte</strong></span> <span class='ocrx_word' id='word_1_493' title='bbox 3320 3317 3376 3371; x_wconf 91' lang='lat' dir='ltr'><strong>in</strong></span> <span class='ocrx_word' id='word_1_494' title='bbox 3438 3315 3536 3372; x_wconf 77' lang='lat' dir='ltr'><strong>Dei</strong></span> <span class='ocrx_word' id='word_1_495' title='bbox 3574 3332 3687 3388; x_wconf 83' lang='lat' dir='ltr'><strong>gra-</strong></span> 
     </span>
    </p>
   </div>
   <div class='ocr_carea' id='block_1_66' title="bbox 453 3403 980 3474">
    <p class='ocr_par' dir='ltr' id='par_1_66' title="bbox 453 3403 980 3474">
     <span class='ocr_line' id='line_1_66' title="bbox 453 3403 980 3474; baseline -0.006 -14"><span class='ocrx_word' id='word_1_496' title='bbox 453 3404 586 3460; x_wconf 82' lang='lat' dir='ltr'><strong>tiam</strong></span> <span class='ocrx_word' id='word_1_497' title='bbox 614 3403 980 3474; x_wconf 79' lang='lat' dir='ltr'><strong>suspicemur.</strong></span> 
     </span>
    </p>
   </div>
   <div class='ocr_carea' id='block_1_67' title="bbox 775 3514 1697 3584">
    <p class='ocr_par' dir='ltr' id='par_1_67' title="bbox 775 3514 1697 3584">
     <span class='ocr_line' id='line_1_67' title="bbox 775 3514 1697 3584; baseline -0.001 -13"><span class='ocrx_word' id='word_1_498' title='bbox 775 3515 920 3572; x_wconf 84' lang='lat' dir='ltr'><strong>Unde</strong></span> <span class='ocrx_word' id='word_1_499' title='bbox 939 3514 1267 3570; x_wconf 79' lang='lat' dir='ltr'><strong>numeranda</strong></span> <span class='ocrx_word' id='word_1_500' title='bbox 1298 3524 1420 3569; x_wconf 76' lang='lat' dir='ltr'><strong>sunt</strong></span> <span class='ocrx_word' id='word_1_501' title='bbox 1447 3523 1697 3584; x_wconf 80' lang='lat' dir='ltr'><strong>tempora.</strong></span> 
     </span>
    </p>
   </div>
   <div class='ocr_carea' id='block_1_68' title="bbox 526 3606 2026 3665">
    <p class='ocr_par' dir='ltr' id='par_1_68' title="bbox 526 3606 2026 3665">
     <span class='ocr_line' id='line_1_68' title="bbox 526 3606 2026 3665; baseline -0.002 -1"><span class='ocrx_word' id='word_1_502' title='bbox 526 3609 669 3665; x_wconf 77' lang='lat' dir='ltr'><strong>XXI.</strong></span> <span class='ocrx_word' id='word_1_503' title='bbox 703 3608 992 3664; x_wconf 86' lang='lat' dir='ltr'><strong>Enimvero</strong></span> <span class='ocrx_word' id='word_1_504' title='bbox 1041 3608 1202 3662; x_wconf 86' lang='lat' dir='ltr'><strong>etiam</strong></span> <span class='ocrx_word' id='word_1_505' title='bbox 1231 3606 1313 3660; x_wconf 82' lang='lat' dir='ltr'><strong>las</strong></span> <span class='ocrx_word' id='word_1_506' title='bbox 1346 3616 1428 3661; x_wconf 86' lang='lat' dir='ltr'><strong>est</strong></span> <span class='ocrx_word' id='word_1_507' title='bbox 1450 3622 1479 3661; x_wconf 94' lang='lat' dir='ltr'><strong>a</strong></span> <span class='ocrx_word' id='word_1_508' title='bbox 1507 3609 1671 3661; x_wconf 84' lang='lat' dir='ltr'><strong>natali</strong></span> <span class='ocrx_word' id='word_1_509' title='bbox 1717 3606 2026 3664; x_wconf 79' lang='lat' dir='ltr'><strong>Christiano</strong></span> 
     </span>
    </p>
   </div>
   <div class='ocr_carea' id='block_1_69' title="bbox 457 3696 2024 3772">
    <p class='ocr_par' dir='ltr' id='par_1_69' title="bbox 457 3696 2024 3772">
     <span class='ocr_line' id='line_1_69' title="bbox 457 3696 2024 3772; baseline -0.001 -16"><span class='ocrx_word' id='word_1_510' title='bbox 457 3710 702 3772; x_wconf 89' lang='lat' dir='ltr'><strong>tempora</strong></span> <span class='ocrx_word' id='word_1_511' title='bbox 730 3708 1050 3772; x_wconf 85' lang='lat' dir='ltr'><strong>supputare.</strong></span> <span class='ocrx_word' id='word_1_512' title='bbox 1089 3714 1198 3753; x_wconf 93' lang='lat' dir='ltr'><strong>non</strong></span> <span class='ocrx_word' id='word_1_513' title='bbox 1227 3707 1286 3752; x_wconf 92' lang='lat' dir='ltr'><strong>ut</strong></span> <span class='ocrx_word' id='word_1_514' title='bbox 1306 3696 1481 3753; x_wconf 69' lang='lat' dir='ltr'><strong>Graeci</strong></span> <span class='ocrx_word' id='word_1_515' title='bbox 1511 3714 1542 3753; x_wconf 88' lang='lat' dir='ltr'><strong>a</strong></span> <span class='ocrx_word' id='word_1_516' title='bbox 1574 3700 1763 3754; x_wconf 90' lang='lat' dir='ltr'><strong>mundi</strong></span> <span class='ocrx_word' id='word_1_517' title='bbox 1793 3700 2024 3771; x_wconf 84' lang='lat' dir='ltr'><strong>origine,</strong></span> 
     </span>
    </p>
   </div>
   <div class='ocr_carea' id='block_1_70' title="bbox 459 3789 2027 3862">
    <p class='ocr_par' dir='ltr' id='par_1_70' title="bbox 459 3789 2027 3862">
     <span class='ocr_line' id='line_1_70' title="bbox 459 3789 2027 3862; baseline -0.002 -15"><span class='ocrx_word' id='word_1_518' title='bbox 459 3808 606 3847; x_wconf 88' lang='lat' dir='ltr'><strong>nunc</strong></span> <span class='ocrx_word' id='word_1_519' title='bbox 628 3808 828 3847; x_wconf 88' lang='lat' dir='ltr'><strong>annum</strong></span> <span class='ocrx_word' id='word_1_520' title='bbox 856 3789 1410 3862; x_wconf 82' lang='lat' dir='ltr'><strong>noniugentesimum,</strong></span> <span class='ocrx_word' id='word_1_521' title='bbox 1444 3797 1697 3844; x_wconf 86' lang='lat' dir='ltr'><strong>octavum</strong></span> <span class='ocrx_word' id='word_1_522' title='bbox 1736 3800 1791 3845; x_wconf 89' lang='lat' dir='ltr'><strong>et</strong></span> <span class='ocrx_word' id='word_1_523' title='bbox 1806 3799 2027 3860; x_wconf 85' lang='lat' dir='ltr'><strong>septua-</strong></span> 
     </span>
    </p>
   </div>
   <div class='ocr_carea' id='block_1_71' title="bbox 460 3879 2023 3951">
    <p class='ocr_par' dir='ltr' id='par_1_71' title="bbox 460 3879 2023 3951">
     <span class='ocr_line' id='line_1_71' title="bbox 460 3879 2023 3951; baseline 0.002 -20"><span class='ocrx_word' id='word_1_524' title='bbox 460 3881 727 3951; x_wconf 72' lang='lat' dir='ltr'><strong>gesimum</strong></span> <span class='ocrx_word' id='word_1_525' title='bbox 787 3887 1135 3935; x_wconf 87' lang='lat' dir='ltr'><strong>numerantes</strong></span> <span class='ocrx_word' id='word_1_526' title='bbox 1193 3892 1358 3948; x_wconf 85' lang='lat' dir='ltr'><strong>supra</strong></span> <span class='ocrx_word' id='word_1_527' title='bbox 1426 3880 1606 3934; x_wconf 78' lang='lat' dir='ltr'><strong>sexies</strong></span> <span class='ocrx_word' id='word_1_528' title='bbox 1656 3879 2023 3935; x_wconf 88' lang='lat' dir='ltr'><strong>millesimum.</strong></span> 
     </span>
    </p>
   </div>
   <div class='ocr_carea' id='block_1_72' title="bbox 459 3969 2025 4042">
    <p class='ocr_par' dir='ltr' id='par_1_72' title="bbox 459 3969 2025 4042">
     <span class='ocr_line' id='line_1_72' title="bbox 459 3969 2025 4042; baseline -0.002 -13"><span class='ocrx_word' id='word_1_529' title='bbox 459 3970 748 4042; x_wconf 73' lang='lat' dir='ltr'><strong>Prnplietis</strong></span> <span class='ocrx_word' id='word_1_530' title='bbox 770 3971 985 4039; x_wconf 84' lang='lat' dir='ltr'><strong>quidem</strong></span> <span class='ocrx_word' id='word_1_531' title='bbox 1018 3970 1097 4025; x_wconf 89' lang='lat' dir='ltr'><strong>sic</strong></span> <span class='ocrx_word' id='word_1_532' title='bbox 1126 3969 1360 4023; x_wconf 81' lang='lat' dir='ltr'><strong>fortasse</strong></span> <span class='ocrx_word' id='word_1_533' title='bbox 1401 3970 1596 4025; x_wconf 85' lang='lat' dir='ltr'><strong>licebat</strong></span> <span class='ocrx_word' id='word_1_534' title='bbox 1621 3988 1637 4036; x_wconf 88' lang='lat'><strong>;</strong></span> <span class='ocrx_word' id='word_1_535' title='bbox 1695 3987 1880 4026; x_wconf 89' lang='lat' dir='ltr'><strong>verum</strong></span> <span class='ocrx_word' id='word_1_536' title='bbox 1910 3989 2025 4027; x_wconf 88' lang='lat' dir='ltr'><strong>me-</strong></span> 
     </span>
    </p>
   </div>
   <div class='ocr_carea' id='block_1_73' title="bbox 462 4062 2024 4133">
    <p class='ocr_par' dir='ltr' id='par_1_73' title="bbox 462 4062 2024 4133">
     <span class='ocr_line' id='line_1_73' title="bbox 462 4062 2024 4133; baseline -0.001 -14"><span class='ocrx_word' id='word_1_537' title='bbox 462 4066 567 4119; x_wconf 85' lang='lat' dir='ltr'><strong>lius</strong></span> <span class='ocrx_word' id='word_1_538' title='bbox 588 4076 671 4119; x_wconf 88' lang='lat' dir='ltr'><strong>est</strong></span> <span class='ocrx_word' id='word_1_539' title='bbox 695 4062 898 4118; x_wconf 87' lang='lat' dir='ltr'><strong>Christi</strong></span> <span class='ocrx_word' id='word_1_540' title='bbox 921 4063 1159 4118; x_wconf 86' lang='lat' dir='ltr'><strong>cultores</strong></span> <span class='ocrx_word' id='word_1_541' title='bbox 1188 4063 1256 4118; x_wconf 88' lang='lat' dir='ltr'><strong>ab</strong></span> <span class='ocrx_word' id='word_1_542' title='bbox 1275 4064 1368 4117; x_wconf 93' lang='lat' dir='ltr'><strong>illo</strong></span> <span class='ocrx_word' id='word_1_543' title='bbox 1397 4063 1655 4133; x_wconf 87' lang='lat' dir='ltr'><strong>incipere.</strong></span> <span class='ocrx_word' id='word_1_544' title='bbox 1679 4062 1833 4130; x_wconf 84' lang='lat' dir='ltr'><strong>Quod</strong></span> <span class='ocrx_word' id='word_1_545' title='bbox 1861 4064 2024 4118; x_wconf 85' lang='lat' dir='ltr'><strong>etiam</strong></span> 
     </span>
    </p>
   </div>
   <div class='ocr_carea' id='block_1_74' title="bbox 461 4153 2023 4226">
    <p class='ocr_par' dir='ltr' id='par_1_74' title="bbox 461 4153 2023 4226">
     <span class='ocr_line' id='line_1_74' title="bbox 461 4153 2023 4226; baseline 0 -19"><span class='ocrx_word' id='word_1_546' title='bbox 461 4163 628 4226; x_wconf 79' lang='lat' dir='ltr'><strong>agunt</strong></span> <span class='ocrx_word' id='word_1_547' title='bbox 652 4153 900 4217; x_wconf 83' lang='lat' dir='ltr'><strong>Romani,</strong></span> <span class='ocrx_word' id='word_1_548' title='bbox 939 4154 1101 4223; x_wconf 79' lang='lat' dir='ltr'><strong>hujus</strong></span> <span class='ocrx_word' id='word_1_549' title='bbox 1125 4155 1223 4209; x_wconf 71' lang='lat' dir='ltr'><strong>aevi</strong></span> <span class='ocrx_word' id='word_1_550' title='bbox 1272 4154 1616 4209; x_wconf 86' lang='lat' dir='ltr'><strong>millesimum</strong></span> <span class='ocrx_word' id='word_1_551' title='bbox 1656 4155 2023 4224; x_wconf 85' lang='lat' dir='ltr'><strong>quadringen-</strong></span> 
     </span>
    </p>
   </div>
   <div class='ocr_carea' id='block_1_75' title="bbox 461 4247 2026 4317">
    <p class='ocr_par' dir='ltr' id='par_1_75' title="bbox 461 4247 2026 4317">
     <span class='ocr_line' id='line_1_75' title="bbox 461 4247 2026 4317; baseline -0.003 -14"><span class='ocrx_word' id='word_1_552' title='bbox 461 4249 714 4303; x_wconf 82' lang='lat' dir='ltr'><strong>tesimum</strong></span> <span class='ocrx_word' id='word_1_553' title='bbox 743 4255 798 4301; x_wconf 92' lang='lat' dir='ltr'><strong>et</strong></span> <span class='ocrx_word' id='word_1_554' title='bbox 822 4247 1275 4317; x_wconf 77' lang='lat' dir='ltr'><strong>septuagesimum</strong></span> <span class='ocrx_word' id='word_1_555' title='bbox 1305 4255 1621 4316; x_wconf 66' lang='lat' dir='ltr'><strong>praesentem</strong></span> <span class='ocrx_word' id='word_1_556' title='bbox 1645 4260 1846 4298; x_wconf 87' lang='lat' dir='ltr'><strong>annum</strong></span> <span class='ocrx_word' id='word_1_557' title='bbox 1877 4260 2026 4299; x_wconf 87' lang='lat' dir='ltr'><strong>com-</strong></span> 
     </span>
    </p>
   </div>
   <div class='ocr_carea' id='block_1_76' title="bbox 463 4337 2025 4412">
    <p class='ocr_par' dir='ltr' id='par_1_76' title="bbox 463 4337 2025 4412">
     <span class='ocr_line' id='line_1_76' title="bbox 463 4337 2025 4412; baseline -0.001 -19"><span class='ocrx_word' id='word_1_558' title='bbox 463 4349 736 4412; x_wconf 84' lang='lat' dir='ltr'><strong>putantes,</strong></span> <span class='ocrx_word' id='word_1_559' title='bbox 776 4354 1084 4409; x_wconf 84' lang='lat' dir='ltr'><strong>quanquam</strong></span> <span class='ocrx_word' id='word_1_560' title='bbox 1117 4339 1282 4409; x_wconf 84' lang='lat' dir='ltr'><strong>prisci</strong></span> <span class='ocrx_word' id='word_1_561' title='bbox 1313 4339 1389 4392; x_wconf 94' lang='lat' dir='ltr'><strong>illi</strong></span> <span class='ocrx_word' id='word_1_562' title='bbox 1422 4339 1488 4394; x_wconf 85' lang='lat' dir='ltr'><strong>ab</strong></span> <span class='ocrx_word' id='word_1_563' title='bbox 1519 4339 1651 4392; x_wconf 92' lang='lat' dir='ltr'><strong>urbe</strong></span> <span class='ocrx_word' id='word_1_564' title='bbox 1681 4337 1896 4391; x_wconf 90' lang='lat' dir='ltr'><strong>condita</strong></span> <span class='ocrx_word' id='word_1_565' title='bbox 1922 4353 2025 4392; x_wconf 85' lang='lat' dir='ltr'><strong>nu-</strong></span> 
     </span>
    </p>
   </div>
   <div class='ocr_carea' id='block_1_77' title="bbox 464 4431 2023 4503">
    <p class='ocr_par' dir='ltr' id='par_1_77' title="bbox 464 4431 2023 4503">
     <span class='ocr_line' id='line_1_77' title="bbox 464 4431 2023 4503; baseline -0.003 -13"><span class='ocrx_word' id='word_1_566' title='bbox 464 4436 766 4496; x_wconf 87' lang='lat' dir='ltr'><strong>merabant,</strong></span> <span class='ocrx_word' id='word_1_567' title='bbox 829 4433 1285 4503; x_wconf 88' lang='lat' dir='ltr'><strong>quemadmodum</strong></span> <span class='ocrx_word' id='word_1_568' title='bbox 1347 4432 1709 4487; x_wconf 83' lang='lat' dir='ltr'><strong>Athenienses</strong></span> <span class='ocrx_word' id='word_1_569' title='bbox 1764 4447 1798 4484; x_wconf 93' lang='lat' dir='ltr'><strong>a</strong></span> <span class='ocrx_word' id='word_1_570' title='bbox 1848 4431 2023 4502; x_wconf 88' lang='lat' dir='ltr'><strong>prima</strong></span> 
     </span>
    </p>
   </div>
   <div class='ocr_carea' id='block_1_78' title="bbox 458 4519 1613 4593">
    <p class='ocr_par' dir='ltr' id='par_1_78' title="bbox 458 4519 1613 4593">
     <span class='ocr_line' id='line_1_78' title="bbox 458 4519 1613 4593; baseline -0.003 -16"><span class='ocrx_word' id='word_1_571' title='bbox 458 4521 776 4593; x_wconf 81' lang='lat' dir='ltr'><strong>Olympiade</strong></span> <span class='ocrx_word' id='word_1_572' title='bbox 804 4538 819 4587; x_wconf 89' lang='lat'><strong>;</strong></span> <span class='ocrx_word' id='word_1_573' title='bbox 853 4521 945 4575; x_wconf 89' lang='lat' dir='ltr'><strong>alii</strong></span> <span class='ocrx_word' id='word_1_574' title='bbox 981 4536 1107 4576; x_wconf 89' lang='lat' dir='ltr'><strong>vero</strong></span> <span class='ocrx_word' id='word_1_575' title='bbox 1129 4537 1158 4575; x_wconf 89' lang='lat' dir='ltr'><strong>a</strong></span> <span class='ocrx_word' id='word_1_576' title='bbox 1190 4522 1331 4576; x_wconf 86' lang='lat' dir='ltr'><strong>bello</strong></span> <span class='ocrx_word' id='word_1_577' title='bbox 1357 4519 1613 4588; x_wconf 84' lang='lat' dir='ltr'><strong>Trojano.</strong></span> 
     </span>
    </p>
   </div>
   <div class='ocr_carea' id='block_1_79' title="bbox 535 4612 2025 4682">
    <p class='ocr_par' dir='ltr' id='par_1_79' title="bbox 535 4612 2025 4682">
     <span class='ocr_line' id='line_1_79' title="bbox 535 4612 2025 4682; baseline 0.001 -13"><span class='ocrx_word' id='word_1_578' title='bbox 535 4616 608 4670; x_wconf 89' lang='lat' dir='ltr'><strong>De</strong></span> <span class='ocrx_word' id='word_1_579' title='bbox 625 4613 903 4669; x_wconf 85' lang='lat' dir='ltr'><strong>mensibus</strong></span> <span class='ocrx_word' id='word_1_580' title='bbox 936 4614 1103 4682; x_wconf 85' lang='lat' dir='ltr'><strong>igitur</strong></span> <span class='ocrx_word' id='word_1_581' title='bbox 1125 4613 1238 4668; x_wconf 80' lang='lat' dir='ltr'><strong>haec</strong></span> <span class='ocrx_word' id='word_1_582' title='bbox 1268 4614 1536 4681; x_wconf 87' lang='lat' dir='ltr'><strong>descripta</strong></span> <span class='ocrx_word' id='word_1_583' title='bbox 1568 4620 1749 4678; x_wconf 90' lang='lat' dir='ltr'><strong>sunto,</strong></span> <span class='ocrx_word' id='word_1_584' title='bbox 1783 4612 1850 4667; x_wconf 87' lang='lat' dir='ltr'><strong>ad</strong></span> <span class='ocrx_word' id='word_1_585' title='bbox 1878 4629 2025 4670; x_wconf 84' lang='lat' dir='ltr'><strong>eme-</strong></span> 
     </span>
    </p>
   </div>
   <div class='ocr_carea' id='block_1_80' title="bbox 460 4705 2022 4777">
    <p class='ocr_par' dir='ltr' id='par_1_80' title="bbox 460 4705 2022 4777">
     <span class='ocr_line' id='line_1_80' title="bbox 460 4705 2022 4777; baseline -0.003 -12"><span class='ocrx_word' id='word_1_586' title='bbox 460 4709 681 4764; x_wconf 83' lang='lat' dir='ltr'><strong>rendam</strong></span> <span class='ocrx_word' id='word_1_587' title='bbox 716 4707 1146 4777; x_wconf 81' lang='lat' dir='ltr'><strong>antiquariorum</strong></span> <span class='ocrx_word' id='word_1_588' title='bbox 1169 4705 1605 4773; x_wconf 82' lang='lat' dir='ltr'><strong>disertorumque</strong></span> <span class='ocrx_word' id='word_1_589' title='bbox 1638 4705 1876 4759; x_wconf 77' lang='lat' dir='ltr'><strong>virorum</strong></span> <span class='ocrx_word' id='word_1_590' title='bbox 1920 4705 2022 4761; x_wconf 86' lang='lat' dir='ltr'><strong>hoc</strong></span> 
     </span>
    </p>
   </div>
   <div class='ocr_carea' id='block_1_81' title="bbox 460 4795 2020 4873">
    <p class='ocr_par' dir='ltr' id='par_1_81' title="bbox 460 4795 2020 4873">
     <span class='ocr_line' id='line_1_81' title="bbox 460 4795 2020 4873; baseline -0.004 -16"><span class='ocrx_word' id='word_1_591' title='bbox 460 4802 776 4873; x_wconf 83' lang='lat' dir='ltr'><strong>obsequiolo</strong></span> <span class='ocrx_word' id='word_1_592' title='bbox 803 4802 1031 4872; x_wconf 83' lang='lat' dir='ltr'><strong>gratiam</strong></span> <span class='ocrx_word' id='word_1_593' title='bbox 1065 4815 1078 4851; x_wconf 92' lang='lat'>:</span> <span class='ocrx_word' id='word_1_594' title='bbox 1121 4797 1167 4852; x_wconf 91' lang='lat' dir='ltr'><strong>si</strong></span> <span class='ocrx_word' id='word_1_595' title='bbox 1194 4798 1322 4867; x_wconf 90' lang='lat' dir='ltr'><strong>quid</strong></span> <span class='ocrx_word' id='word_1_596' title='bbox 1352 4799 1580 4851; x_wconf 80' lang='lat' dir='ltr'><strong>lortasse</strong></span> <span class='ocrx_word' id='word_1_597' title='bbox 1602 4795 1718 4864; x_wconf 82' lang='lat' dir='ltr'><strong>spei</strong></span> <span class='ocrx_word' id='word_1_598' title='bbox 1746 4804 1830 4851; x_wconf 90' lang='lat' dir='ltr'><strong>est</strong></span> <span class='ocrx_word' id='word_1_599' title='bbox 1871 4795 2020 4852; x_wconf 67' lang='lat' dir='ltr'><strong>Grae-</strong></span> 
     </span>
    </p>
   </div>
   <div class='ocr_carea' id='block_1_82' title="bbox 2372 3512 3423 3587">
    <p class='ocr_par' dir='ltr' id='par_1_82' title="bbox 2372 3512 3423 3587">
     <span class='ocr_line' id='line_1_82' title="bbox 2372 3512 3423 3587; baseline 0.007 -20"><span class='ocrx_word' id='word_1_600' title='bbox 2372 3512 2554 3567; x_wconf 78' lang='grc' dir='ltr'>Ὀθεν</span> <span class='ocrx_word' id='word_1_601' title='bbox 2576 3515 2932 3584; x_wconf 74' lang='grc' dir='ltr'>ἀριθμητέον</span> <span class='ocrx_word' id='word_1_602' title='bbox 2966 3517 3108 3584; x_wconf 83' lang='grc' dir='ltr'>τοὺς</span> <span class='ocrx_word' id='word_1_603' title='bbox 3143 3519 3423 3587; x_wconf 77' lang='grc' dir='ltr'>χρόνους.</span> 
     </span>
    </p>
   </div>
   <div class='ocr_carea' id='block_1_83' title="bbox 2193 3600 3686 3679">
    <p class='ocr_par' dir='ltr' id='par_1_83' title="bbox 2193 3600 3686 3679">
     <span class='ocr_line' id='line_1_83' title="bbox 2193 3600 3686 3679; baseline 0.005 -24"><span class='ocrx_word' id='word_1_604' title='bbox 2193 3600 2322 3657; x_wconf 81' lang='lat' dir='ltr'><strong>KA&#39;.</strong></span> <span class='ocrx_word' id='word_1_605' title='bbox 2362 3604 2545 3657; x_wconf 87' lang='grc' dir='ltr'>Ὄσιον</span> <span class='ocrx_word' id='word_1_606' title='bbox 2577 3602 2635 3656; x_wconf 78' lang='grc' dir='ltr'><strong>δὲ</strong></span> <span class='ocrx_word' id='word_1_607' title='bbox 2691 3604 2783 3658; x_wconf 77' lang='grc' dir='ltr'>καὶ</span> <span class='ocrx_word' id='word_1_608' title='bbox 2824 3605 2951 3669; x_wconf 75' lang='grc' dir='ltr'>τοὺς</span> <span class='ocrx_word' id='word_1_609' title='bbox 3003 3605 3228 3678; x_wconf 84' lang='grc' dir='ltr'>χρόνους</span> <span class='ocrx_word' id='word_1_610' title='bbox 3272 3607 3527 3679; x_wconf 83' lang='grc' dir='ltr'>ἀριθμεῖν</span> <span class='ocrx_word' id='word_1_611' title='bbox 3582 3609 3686 3662; x_wconf 82' lang='grc' dir='ltr'>ἀπὸ</span> 
     </span>
    </p>
   </div>
   <div class='ocr_carea' id='block_1_84' title="bbox 2123 3695 3686 3772">
    <p class='ocr_par' dir='ltr' id='par_1_84' title="bbox 2123 3695 3686 3772">
     <span class='ocr_line' id='line_1_84' title="bbox 2123 3695 3686 3772; baseline 0.006 -25"><span class='ocrx_word' id='word_1_612' title='bbox 2123 3695 2348 3767; x_wconf 78' lang='grc' dir='ltr'>γενετῆς</span> <span class='ocrx_word' id='word_1_613' title='bbox 2374 3696 2467 3750; x_wconf 76' lang='grc' dir='ltr'><strong>τοῦ</strong></span> <span class='ocrx_word' id='word_1_614' title='bbox 2501 3696 2666 3752; x_wconf 71' lang='grc' dir='ltr'>αὑτοῦ</span> <span class='ocrx_word' id='word_1_615' title='bbox 2710 3697 2875 3752; x_wconf 81' lang='grc' dir='ltr'><strong>Θεοῦ·</strong></span> <span class='ocrx_word' id='word_1_616' title='bbox 2907 3697 3040 3753; x_wconf 84' lang='grc' dir='ltr'>ἀλλὰ</span> <span class='ocrx_word' id='word_1_617' title='bbox 3076 3701 3174 3772; x_wconf 82' lang='grc' dir='ltr'><strong>μὴ,</strong></span> <span class='ocrx_word' id='word_1_618' title='bbox 3207 3701 3283 3765; x_wconf 79' lang='grc' dir='ltr'>ὡς</span> <span class='ocrx_word' id='word_1_619' title='bbox 3331 3703 3381 3755; x_wconf 79' lang='lat' dir='ltr'><strong>oi</strong></span> <span class='ocrx_word' id='word_1_620' title='bbox 3429 3702 3525 3756; x_wconf 80' lang='grc' dir='ltr'><strong>νῦν</strong></span> <span class='ocrx_word' id='word_1_621' title='bbox 3562 3705 3686 3757; x_wconf 74' lang='grc' dir='ltr'><strong>Ἕλο</strong></span> 
     </span>
    </p>
   </div>
   <div class='ocr_carea' id='block_1_85' title="bbox 2123 3783 3685 3863">
    <p class='ocr_par' dir='ltr' id='par_1_85' title="bbox 2123 3783 3685 3863">
     <span class='ocr_line' id='line_1_85' title="bbox 2123 3783 3685 3863; baseline 0.006 -23"><span class='ocrx_word' id='word_1_622' title='bbox 2123 3783 2301 3859; x_wconf 86' lang='grc' dir='ltr'>ληνες,</span> <span class='ocrx_word' id='word_1_623' title='bbox 2340 3788 2448 3842; x_wconf 85' lang='grc' dir='ltr'><strong>άπὸ</strong></span> <span class='ocrx_word' id='word_1_624' title='bbox 2469 3788 2673 3859; x_wconf 83' lang='grc' dir='ltr'>κόσμου</span> <span class='ocrx_word' id='word_1_625' title='bbox 2705 3791 2988 3860; x_wconf 85' lang='grc' dir='ltr'>γενέσεως,</span> <span class='ocrx_word' id='word_1_626' title='bbox 3018 3791 3472 3863; x_wconf 77' lang='grc' dir='ltr'>ἑξακισχιλιοστὸν</span> <span class='ocrx_word' id='word_1_627' title='bbox 3501 3796 3685 3849; x_wconf 65' lang='lat' dir='ltr'><strong>ivno-</strong></span> 
     </span>
    </p>
   </div>
   <div class='ocr_carea' id='block_1_86' title="bbox 2125 3880 3687 3958">
    <p class='ocr_par' dir='ltr' id='par_1_86' title="bbox 2125 3880 3687 3958">
     <span class='ocr_line' id='line_1_86' title="bbox 2125 3880 3687 3958; baseline 0.004 -25"><span class='ocrx_word' id='word_1_628' title='bbox 2125 3881 2334 3934; x_wconf 87' lang='grc' dir='ltr'>σιοστὸν</span> <span class='ocrx_word' id='word_1_629' title='bbox 2365 3880 2759 3953; x_wconf 78' lang='grc' dir='ltr'>ἑϐδομηκοστὸν</span> <span class='ocrx_word' id='word_1_630' title='bbox 2782 3884 2965 3953; x_wconf 73' lang='grc' dir='ltr'>ὄγδοον</span> <span class='ocrx_word' id='word_1_631' title='bbox 2995 3884 3113 3938; x_wconf 85' lang='grc' dir='ltr'>τόδε</span> <span class='ocrx_word' id='word_1_632' title='bbox 3144 3885 3261 3948; x_wconf 74' lang='grc' dir='ltr'>ἔτος</span> <span class='ocrx_word' id='word_1_633' title='bbox 3290 3886 3687 3958; x_wconf 86' lang='grc' dir='ltr'>καταριθμοῦν-</span> 
     </span>
    </p>
   </div>
   <div class='ocr_carea' id='block_1_87' title="bbox 2121 3975 3683 4049">
    <p class='ocr_par' dir='ltr' id='par_1_87' title="bbox 2121 3975 3683 4049">
     <span class='ocr_line' id='line_1_87' title="bbox 2121 3975 3683 4049; baseline 0.004 -22"><span class='ocrx_word' id='word_1_634' title='bbox 2121 3990 2230 4038; x_wconf 88' lang='grc' dir='ltr'>τες.</span> <span class='ocrx_word' id='word_1_635' title='bbox 2264 3975 2563 4047; x_wconf 80' lang='grc' dir='ltr'>Προφητῶν</span> <span class='ocrx_word' id='word_1_636' title='bbox 2594 3976 2692 4047; x_wconf 81' lang='grc' dir='ltr'><strong>μὲν</strong></span> <span class='ocrx_word' id='word_1_637' title='bbox 2716 3976 2826 4048; x_wconf 84' lang='grc' dir='ltr'><strong>γὰρ</strong></span> <span class='ocrx_word' id='word_1_638' title='bbox 2852 3978 2979 4040; x_wconf 85' lang='grc' dir='ltr'>ἴσως</span> <span class='ocrx_word' id='word_1_639' title='bbox 3008 3977 3102 4030; x_wconf 77' lang='grc' dir='ltr'>καὶ</span> <span class='ocrx_word' id='word_1_640' title='bbox 3124 3975 3298 4031; x_wconf 81' lang='grc' dir='ltr'>ταῦτα</span> <span class='ocrx_word' id='word_1_641' title='bbox 3315 3995 3331 4009; x_wconf 88' lang='grc'><strong>·</strong></span> <span class='ocrx_word' id='word_1_642' title='bbox 3360 3978 3586 4049; x_wconf 71' lang='grc' dir='ltr'>ἄμεινον</span> <span class='ocrx_word' id='word_1_643' title='bbox 3610 3978 3683 4044; x_wconf 76' lang='grc' dir='ltr'><strong>δὲ.</strong></span> 
     </span>
    </p>
   </div>
   <div class='ocr_carea' id='block_1_88' title="bbox 2122 4068 3685 4144">
    <p class='ocr_par' dir='ltr' id='par_1_88' title="bbox 2122 4068 3685 4144">
     <span class='ocr_line' id='line_1_88' title="bbox 2122 4068 3685 4144; baseline 0.003 -23"><span class='ocrx_word' id='word_1_644' title='bbox 2122 4068 2395 4139; x_wconf 85' lang='grc' dir='ltr'>τιμῶντας</span> <span class='ocrx_word' id='word_1_645' title='bbox 2437 4070 2691 4140; x_wconf 84' lang='grc' dir='ltr'>Χριστὸν.</span> <span class='ocrx_word' id='word_1_646' title='bbox 2719 4069 2812 4123; x_wconf 81' lang='grc' dir='ltr'><strong>ἀπ’</strong></span> <span class='ocrx_word' id='word_1_647' title='bbox 2856 4068 3019 4123; x_wconf 80' lang='grc' dir='ltr'>αὐτοῦ</span> <span class='ocrx_word' id='word_1_648' title='bbox 3052 4068 3335 4141; x_wconf 76' lang='grc' dir='ltr'>ἄρχεσθαι,</span> <span class='ocrx_word' id='word_1_649' title='bbox 3359 4071 3613 4144; x_wconf 86' lang='grc' dir='ltr'>καθάπερ</span> <span class='ocrx_word' id='word_1_650' title='bbox 3638 4073 3685 4126; x_wconf 75' lang='lat' dir='ltr'><strong>oi</strong></span> 
     </span>
    </p>
   </div>
   <div class='ocr_carea' id='block_1_89' title="bbox 2122 4161 3685 4235">
    <p class='ocr_par' dir='ltr' id='par_1_89' title="bbox 2122 4161 3685 4235">
     <span class='ocr_line' id='line_1_89' title="bbox 2122 4161 3685 4235; baseline 0.003 -22"><span class='ocrx_word' id='word_1_651' title='bbox 2122 4161 2217 4215; x_wconf 84' lang='grc' dir='ltr'><strong>νῦν</strong></span> <span class='ocrx_word' id='word_1_652' title='bbox 2238 4162 2388 4226; x_wconf 77' lang='grc' dir='ltr'>ὄντες</span> <span class='ocrx_word' id='word_1_653' title='bbox 2421 4163 2679 4234; x_wconf 85' lang='grc' dir='ltr'>Ῥωμαῖοι</span> <span class='ocrx_word' id='word_1_654' title='bbox 2713 4161 2924 4230; x_wconf 75' lang='grc' dir='ltr'>ἄγουσι,</span> <span class='ocrx_word' id='word_1_655' title='bbox 2955 4161 3218 4232; x_wconf 89' lang='grc' dir='ltr'>χιλιοστὸν</span> <span class='ocrx_word' id='word_1_656' title='bbox 3245 4164 3685 4235; x_wconf 75' lang='grc' dir='ltr'>τετρακοσιοστὸν</span> 
     </span>
    </p>
   </div>
   <div class='ocr_carea' id='block_1_90' title="bbox 2122 4252 3685 4324">
    <p class='ocr_par' dir='ltr' id='par_1_90' title="bbox 2122 4252 3685 4324">
     <span class='ocr_line' id='line_1_90' title="bbox 2122 4252 3685 4324; baseline 0.002 -18"><span class='ocrx_word' id='word_1_657' title='bbox 2122 4253 2516 4324; x_wconf 78' lang='grc' dir='ltr'>ἑϐδομηκοστὸν</span> <span class='ocrx_word' id='word_1_658' title='bbox 2567 4253 2684 4307; x_wconf 87' lang='grc' dir='ltr'>τόδε</span> <span class='ocrx_word' id='word_1_659' title='bbox 2720 4252 3165 4324; x_wconf 81' lang='grc' dir='ltr'>διαριθμούμενοι</span> <span class='ocrx_word' id='word_1_660' title='bbox 3192 4253 3339 4318; x_wconf 81' lang='grc' dir='ltr'>ἔτος·</span> <span class='ocrx_word' id='word_1_661' title='bbox 3373 4256 3556 4309; x_wconf 86' lang='grc' dir='ltr'>καίτοι</span> <span class='ocrx_word' id='word_1_662' title='bbox 3582 4256 3685 4309; x_wconf 82' lang='grc' dir='ltr'><strong>τῶν</strong></span> 
     </span>
    </p>
   </div>
   <div class='ocr_carea' id='block_1_91' title="bbox 2122 4342 3681 4417">
    <p class='ocr_par' dir='ltr' id='par_1_91' title="bbox 2122 4342 3681 4417">
     <span class='ocr_line' id='line_1_91' title="bbox 2122 4342 3681 4417; baseline 0.001 -18"><span class='ocrx_word' id='word_1_663' title='bbox 2122 4345 2287 4399; x_wconf 84' lang='grc' dir='ltr'>πάλαι</span> <span class='ocrx_word' id='word_1_664' title='bbox 2319 4347 2601 4415; x_wconf 87' lang='grc' dir='ltr'>Ῥωμαίων</span> <span class='ocrx_word' id='word_1_665' title='bbox 2626 4345 2733 4399; x_wconf 82' lang='grc' dir='ltr'>ἀπὸ</span> <span class='ocrx_word' id='word_1_666' title='bbox 2765 4344 2996 4408; x_wconf 84' lang='grc' dir='ltr'>κτίσεως</span> <span class='ocrx_word' id='word_1_667' title='bbox 3028 4342 3244 4417; x_wconf 85' lang='grc' dir='ltr'>Ῥώμης</span> <span class='ocrx_word' id='word_1_668' title='bbox 3276 4346 3681 4416; x_wconf 84' lang='grc' dir='ltr'>ἀριθμούντων·</span> 
     </span>
    </p>
   </div>
   <div class='ocr_carea' id='block_1_92' title="bbox 2120 4435 3686 4509">
    <p class='ocr_par' dir='ltr' id='par_1_92' title="bbox 2120 4435 3686 4509">
     <span class='ocr_line' id='line_1_92' title="bbox 2120 4435 3686 4509; baseline 0.001 -19"><span class='ocrx_word' id='word_1_669' title='bbox 2120 4436 2308 4508; x_wconf 81' lang='grc' dir='ltr'>ὥσπερ</span> <span class='ocrx_word' id='word_1_670' title='bbox 2338 4436 2605 4508; x_wconf 82' lang='grc' dir='ltr'>Ἀθηναῖοι</span> <span class='ocrx_word' id='word_1_671' title='bbox 2639 4436 2736 4506; x_wconf 85' lang='grc' dir='ltr'><strong>μὲν</strong></span> <span class='ocrx_word' id='word_1_672' title='bbox 2751 4437 2858 4489; x_wconf 85' lang='grc' dir='ltr'>ἀπὸ</span> <span class='ocrx_word' id='word_1_673' title='bbox 2890 4435 3247 4507; x_wconf 84' lang='grc' dir='ltr'>Ὀλυμπιάδος</span> <span class='ocrx_word' id='word_1_674' title='bbox 3276 4436 3520 4509; x_wconf 79' lang='grc' dir='ltr'>πρώτης,</span> <span class='ocrx_word' id='word_1_675' title='bbox 3544 4437 3686 4494; x_wconf 76' lang='grc' dir='ltr'>ἄλλοι</span> 
     </span>
    </p>
   </div>
   <div class='ocr_carea' id='block_1_93' title="bbox 2120 4526 2765 4599">
    <p class='ocr_par' dir='ltr' id='par_1_93' title="bbox 2120 4526 2765 4599">
     <span class='ocr_line' id='line_1_93' title="bbox 2120 4526 2765 4599; baseline -0.003 -17"><span class='ocrx_word' id='word_1_676' title='bbox 2120 4528 2177 4582; x_wconf 83' lang='grc' dir='ltr'><strong>δὲ</strong></span> <span class='ocrx_word' id='word_1_677' title='bbox 2213 4527 2320 4581; x_wconf 84' lang='grc' dir='ltr'><strong>άπὸ</strong></span> <span class='ocrx_word' id='word_1_678' title='bbox 2343 4527 2451 4581; x_wconf 87' lang='grc' dir='ltr'><strong>τῶν</strong></span> <span class='ocrx_word' id='word_1_679' title='bbox 2484 4526 2765 4599; x_wconf 86' lang='grc' dir='ltr'>Τρωῖκῶν.</span> 
     </span>
    </p>
   </div>
   <div class='ocr_carea' id='block_1_94' title="bbox 2191 4614 3685 4690">
    <p class='ocr_par' dir='ltr' id='par_1_94' title="bbox 2191 4614 3685 4690">
     <span class='ocr_line' id='line_1_94' title="bbox 2191 4614 3685 4690; baseline 0.002 -20"><span class='ocrx_word' id='word_1_680' title='bbox 2191 4618 2325 4690; x_wconf 79' lang='grc' dir='ltr'>Περὶ</span> <span class='ocrx_word' id='word_1_681' title='bbox 2373 4618 2469 4689; x_wconf 80' lang='grc' dir='ltr'><strong>μὲν</strong></span> <span class='ocrx_word' id='word_1_682' title='bbox 2514 4614 2607 4671; x_wconf 82' lang='grc' dir='ltr'><strong>οὖν</strong></span> <span class='ocrx_word' id='word_1_683' title='bbox 2641 4616 2748 4671; x_wconf 88' lang='grc' dir='ltr'><strong>τῶν</strong></span> <span class='ocrx_word' id='word_1_684' title='bbox 2789 4616 2983 4688; x_wconf 84' lang='grc' dir='ltr'>,μηνῶν</span> <span class='ocrx_word' id='word_1_685' title='bbox 3036 4618 3206 4690; x_wconf 84' lang='grc' dir='ltr'>ταύτῃ</span> <span class='ocrx_word' id='word_1_686' title='bbox 3262 4617 3538 4689; x_wconf 79' lang='grc' dir='ltr'>διωρίσθω</span> <span class='ocrx_word' id='word_1_687' title='bbox 3581 4620 3685 4675; x_wconf 86' lang='grc' dir='ltr'><strong>τῶν</strong></span> 
     </span>
    </p>
   </div>
   <div class='ocr_carea' id='block_1_95' title="bbox 2120 4706 3686 4779">
    <p class='ocr_par' dir='ltr' id='par_1_95' title="bbox 2120 4706 3686 4779">
     <span class='ocr_line' id='line_1_95' title="bbox 2120 4706 3686 4779; baseline 0.003 -19"><span class='ocrx_word' id='word_1_688' title='bbox 2120 4706 2314 4775; x_wconf 88' lang='grc' dir='ltr'>λογίων</span> <span class='ocrx_word' id='word_1_689' title='bbox 2342 4706 2499 4778; x_wconf 85' lang='grc' dir='ltr'>χάριν</span> <span class='ocrx_word' id='word_1_690' title='bbox 2532 4707 2739 4779; x_wconf 81' lang='grc' dir='ltr'>ἀνδρῶν</span> <span class='ocrx_word' id='word_1_691' title='bbox 2755 4722 2768 4735; x_wconf 70' lang='grc' dir='ltr'><strong><em>ο</em></strong></span> <span class='ocrx_word' id='word_1_692' title='bbox 2792 4707 2952 4770; x_wconf 79' lang='grc' dir='ltr'>εἴτις</span> <span class='ocrx_word' id='word_1_693' title='bbox 2974 4708 3081 4772; x_wconf 75' lang='grc' dir='ltr'>ἄρα</span> <span class='ocrx_word' id='word_1_694' title='bbox 3103 4707 3254 4771; x_wconf 73' lang='grc' dir='ltr'>ἐλπὶς</span> <span class='ocrx_word' id='word_1_695' title='bbox 3276 4708 3558 4763; x_wconf 85' lang='grc' dir='ltr'>διάλεκτον</span> <span class='ocrx_word' id='word_1_696' title='bbox 3581 4715 3686 4775; x_wconf 86' lang='grc' dir='ltr'>τοῖς</span> 
     </span>
    </p>
   </div>
   <div class='ocr_carea' id='block_1_96' title="bbox 2121 4796 3687 4873">
    <p class='ocr_par' dir='ltr' id='par_1_96' title="bbox 2121 4796 3687 4873">
     <span class='ocr_line' id='line_1_96' title="bbox 2121 4796 3687 4873; baseline 0.003 -24"><span class='ocrx_word' id='word_1_697' title='bbox 2121 4797 2511 4867; x_wconf 77' lang='grc' dir='ltr'>ἐπιγινομένοις</span> <span class='ocrx_word' id='word_1_698' title='bbox 2531 4796 2748 4850; x_wconf 75' lang='grc' dir='ltr'>ἔσεσθαι</span> <span class='ocrx_word' id='word_1_699' title='bbox 2791 4797 3135 4870; x_wconf 81' lang='grc' dir='ltr'>Ἑλληνικήν·</span> <span class='ocrx_word' id='word_1_700' title='bbox 3176 4799 3310 4853; x_wconf 77' lang='grc' dir='ltr'>ἀλλὰ</span> <span class='ocrx_word' id='word_1_701' title='bbox 3343 4801 3442 4873; x_wconf 81' lang='grc' dir='ltr'><strong>μὴ.</strong></span> <span class='ocrx_word' id='word_1_702' title='bbox 3479 4801 3558 4866; x_wconf 84' lang='grc' dir='ltr'>ὡς</span> <span class='ocrx_word' id='word_1_703' title='bbox 3597 4802 3687 4857; x_wconf 76' lang='grc' dir='ltr'>άλ-</span> 
     </span>
    </p>
   </div>
   <div class='ocr_carea' id='block_1_97' title="bbox 457 4870 2017 4965">
    <p class='ocr_par' dir='ltr' id='par_1_97' title="bbox 457 4870 2017 4965">
     <span class='ocr_line' id='line_1_97' title="bbox 457 4870 2017 4965; baseline -0.012 -16"><span class='ocrx_word' id='word_1_704' title='bbox 457 4913 574 4950; x_wconf 77' lang='lat' dir='ltr'><strong>eam</strong></span> <span class='ocrx_word' id='word_1_705' title='bbox 605 4870 862 4965; x_wconf 79' lang='lat' dir='ltr'><strong>linguam,</strong></span> <span class='ocrx_word' id='word_1_706' title='bbox 896 4891 1122 4961; x_wconf 89' lang='lat' dir='ltr'><strong>ejusque</strong></span> <span class='ocrx_word' id='word_1_707' title='bbox 1152 4888 1390 4945; x_wconf 83' lang='lat' dir='ltr'><strong>studium</strong></span> <span class='ocrx_word' id='word_1_708' title='bbox 1441 4887 1682 4956; x_wconf 89' lang='lat' dir='ltr'><strong>adusque</strong></span> <span class='ocrx_word' id='word_1_709' title='bbox 1735 4888 2017 4957; x_wconf 65' lang='lat' dir='ltr'><strong>poster-ila.</strong></span> 
     </span>
    </p>
   </div>
   <div class='ocr_carea' id='block_1_98' title="bbox 2121 4870 3686 4965">
    <p class='ocr_par' dir='ltr' id='par_1_98' title="bbox 2124 4870 3686 4959">
     <span class='ocr_line' id='line_1_98' title="bbox 2124 4870 3686 4959; baseline 0.003 -16"><span class='ocrx_word' id='word_1_710' title='bbox 2124 4889 2230 4943; x_wconf 84' lang='grc' dir='ltr'><strong>λων</strong></span> <span class='ocrx_word' id='word_1_711' title='bbox 2263 4886 2431 4942; x_wconf 84' lang='grc' dir='ltr'>πάλαι</span> <span class='ocrx_word' id='word_1_712' title='bbox 2463 4887 2650 4951; x_wconf 73' lang='grc' dir='ltr'>ἐθνῶν,</span> <span class='ocrx_word' id='word_1_713' title='bbox 2674 4887 2769 4940; x_wconf 74' lang='grc' dir='ltr'>καὶ</span> <span class='ocrx_word' id='word_1_714' title='bbox 2794 4887 2886 4940; x_wconf 79' lang='grc' dir='ltr'>τοῦ</span> <span class='ocrx_word' id='word_1_715' title='bbox 2922 4888 3233 4958; x_wconf 82' lang='grc' dir='ltr'>Ἑλληνικοῦ</span> <span class='ocrx_word' id='word_1_716' title='bbox 3262 4889 3355 4944; x_wconf 82' lang='grc' dir='ltr'><strong>νῦν</strong></span> <span class='ocrx_word' id='word_1_717' title='bbox 3598 4894 3686 4948; x_wconf 78' lang='grc' dir='ltr'>καὶ</span> 
     </span>
    </p>
   </div>
   <div class='ocr_carea' id='block_1_99' title="bbox 458 4980 2021 5050">
    <p class='ocr_par' dir='ltr' id='par_1_99' title="bbox 458 4980 2021 5050">
     <span class='ocr_line' id='line_1_99' title="bbox 458 4980 2021 5050; baseline -0.01 -6"><span class='ocrx_word' id='word_1_718' title='bbox 458 4998 562 5044; x_wconf 81' lang='lat' dir='ltr'><strong>tem</strong></span> <span class='ocrx_word' id='word_1_719' title='bbox 590 4987 704 5042; x_wconf 76' lang='lat' dir='ltr'><strong>fore</strong></span> <span class='ocrx_word' id='word_1_720' title='bbox 742 5002 755 5038; x_wconf 91' lang='lat'><strong>:</strong></span> <span class='ocrx_word' id='word_1_721' title='bbox 786 5001 895 5039; x_wconf 92' lang='lat' dir='ltr'><strong>non</strong></span> <span class='ocrx_word' id='word_1_722' title='bbox 926 4992 1127 5044; x_wconf 89' lang='lat' dir='ltr'><strong>autem,</strong></span> <span class='ocrx_word' id='word_1_723' title='bbox 1161 4991 1222 5036; x_wconf 91' lang='lat' dir='ltr'><strong>ut</strong></span> <span class='ocrx_word' id='word_1_724' title='bbox 1277 4980 1504 5033; x_wconf 87' lang='lat' dir='ltr'><strong>aliarum</strong></span> <span class='ocrx_word' id='word_1_725' title='bbox 1563 4980 1831 5049; x_wconf 89' lang='lat' dir='ltr'><strong>quondam</strong></span> <span class='ocrx_word' id='word_1_726' title='bbox 1893 4996 2021 5050; x_wconf 80' lang='lat' dir='ltr'><strong>gen-</strong></span> 
     </span>
    </p>
   </div>
   <div class='ocr_carea' id='block_1_100' title="bbox 2124 4973 3350 5049">
    <p class='ocr_par' dir='ltr' id='par_1_100' title="bbox 2124 4973 3350 5049">
     <span class='ocr_line' id='line_1_100' title="bbox 2124 4973 3350 5049; baseline 0.002 -18"><span class='ocrx_word' id='word_1_727' title='bbox 2124 4979 2314 5048; x_wconf 87' lang='grc' dir='ltr'>γένους</span> <span class='ocrx_word' id='word_1_728' title='bbox 2345 4975 2438 5030; x_wconf 84' lang='grc' dir='ltr'>καὶ</span> <span class='ocrx_word' id='word_1_729' title='bbox 2471 4975 2628 5046; x_wconf 82' lang='grc' dir='ltr'>λόγου</span> <span class='ocrx_word' id='word_1_730' title='bbox 2653 4975 2907 5049; x_wconf 82' lang='grc' dir='ltr'>τελευτὴν</span> <span class='ocrx_word' id='word_1_731' title='bbox 2935 4977 3167 5049; x_wconf 82' lang='grc' dir='ltr'>εἵμαρτο</span> <span class='ocrx_word' id='word_1_732' title='bbox 3194 4973 3350 5036; x_wconf 74' lang='grc' dir='ltr'>εἶναι.</span> 
     </span>
    </p>
   </div>
   <div class='ocr_carea' id='block_1_101' title="bbox 457 5067 2866 5148">
    <p class='ocr_par' dir='ltr' id='par_1_101' title="bbox 457 5067 2866 5148">
     <span class='ocr_line' id='line_1_101' title="bbox 457 5067 2866 5148; baseline -0.005 -12"><span class='ocrx_word' id='word_1_733' title='bbox 457 5085 611 5141; x_wconf 86' lang='lat' dir='ltr'><strong>tium.</strong></span> <span class='ocrx_word' id='word_1_734' title='bbox 639 5077 811 5134; x_wconf 82' lang='lat' dir='ltr'><strong>Graeci</strong></span> <span class='ocrx_word' id='word_1_735' title='bbox 835 5090 1051 5148; x_wconf 90' lang='lat' dir='ltr'><strong>quoque</strong></span> <span class='ocrx_word' id='word_1_736' title='bbox 1074 5088 1222 5129; x_wconf 90' lang='lat' dir='ltr'><strong>nunc</strong></span> <span class='ocrx_word' id='word_1_737' title='bbox 1255 5073 1422 5128; x_wconf 87' lang='lat' dir='ltr'><strong>totius</strong></span> <span class='ocrx_word' id='word_1_738' title='bbox 1449 5078 1504 5126; x_wconf 83' lang='lat' dir='ltr'><strong>et</strong></span> <span class='ocrx_word' id='word_1_739' title='bbox 1529 5071 1764 5142; x_wconf 78' lang='lat' dir='ltr'><strong>generis,</strong></span> <span class='ocrx_word' id='word_1_740' title='bbox 1796 5080 1848 5127; x_wconf 82' lang='lat' dir='ltr'><strong>rt</strong></span> <span class='ocrx_word' id='word_1_741' title='bbox 1893 5073 2162 5129; x_wconf 86' lang='lat' dir='ltr'><strong>sermonis</strong></span> <span class='ocrx_word' id='word_1_742' title='bbox 2185 5073 2342 5127; x_wconf 84' lang='lat' dir='ltr'><strong>linem</strong></span> <span class='ocrx_word' id='word_1_743' title='bbox 2366 5085 2488 5126; x_wconf 89' lang='lat' dir='ltr'><strong>esse</strong></span> <span class='ocrx_word' id='word_1_744' title='bbox 2520 5070 2573 5124; x_wconf 90' lang='lat' dir='ltr'><strong>in</strong></span> <span class='ocrx_word' id='word_1_745' title='bbox 2606 5067 2734 5124; x_wconf 81' lang='lat' dir='ltr'><strong>latis</strong></span> <span class='ocrx_word' id='word_1_746' title='bbox 2765 5078 2866 5124; x_wconf 89' lang='lat' dir='ltr'><strong>est.</strong></span> 
     </span>
    </p>
   </div>
   <div class='ocr_carea' id='block_1_102' title="bbox 883 5186 1595 5243">
    <p class='ocr_par' dir='ltr' id='par_1_102' title="bbox 883 5186 1595 5243">
     <span class='ocr_line' id='line_1_102' title="bbox 883 5186 1595 5243; baseline -0.006 0"><span class='ocrx_word' id='word_1_747' title='bbox 883 5192 1052 5243; x_wconf 78' lang='lat' dir='ltr'><strong>Testes</strong></span> <span class='ocrx_word' id='word_1_748' title='bbox 1070 5189 1123 5243; x_wconf 76' lang='lat' dir='ltr'><strong>in</strong></span> <span class='ocrx_word' id='word_1_749' title='bbox 1139 5189 1235 5242; x_wconf 82' lang='lat' dir='ltr'><strong>hoc</strong></span> <span class='ocrx_word' id='word_1_750' title='bbox 1272 5187 1407 5241; x_wconf 79' lang='lat' dir='ltr'><strong>libro</strong></span> <span class='ocrx_word' id='word_1_751' title='bbox 1428 5186 1595 5241; x_wconf 82' lang='lat' dir='ltr'><strong>citati.</strong></span> 
     </span>
    </p>
   </div>
   <div class='ocr_carea' id='block_1_103' title="bbox 731 5279 983 5336">
    <p class='ocr_par' dir='ltr' id='par_1_103' title="bbox 731 5279 983 5336">
     <span class='ocr_line' id='line_1_103' title="bbox 731 5279 983 5336; baseline 0.004 -1"><span class='ocrx_word' id='word_1_752' title='bbox 731 5279 983 5336; x_wconf 86' lang='lat' dir='ltr'><strong>Basilius.</strong></span> 
     </span>
    </p>
   </div>
   <div class='ocr_carea' id='block_1_104' title="bbox 736 5350 944 5406">
    <p class='ocr_par' dir='ltr' id='par_1_104' title="bbox 736 5350 944 5406">
     <span class='ocr_line' id='line_1_104' title="bbox 736 5350 944 5406; baseline -0.005 -1"><span class='ocrx_word' id='word_1_753' title='bbox 736 5350 944 5406; x_wconf 85' lang='lat' dir='ltr'><strong>Plelho.</strong></span> 
     </span>
    </p>
   </div>
   <div class='ocr_carea' id='block_1_105' title="bbox 734 5419 1236 5477">
    <p class='ocr_par' dir='ltr' id='par_1_105' title="bbox 734 5419 1236 5477">
     <span class='ocr_line' id='line_1_105' title="bbox 734 5419 1236 5477; baseline 0 -2"><span class='ocrx_word' id='word_1_754' title='bbox 734 5423 907 5475; x_wconf 82' lang='lat' dir='ltr'><strong>Aulus</strong></span> <span class='ocrx_word' id='word_1_755' title='bbox 941 5419 1236 5477; x_wconf 77' lang='lat' dir='ltr'><strong>Romanus.</strong></span> 
     </span>
    </p>
   </div>
   <div class='ocr_carea' id='block_1_106' title="bbox 734 5492 1075 5548">
    <p class='ocr_par' dir='ltr' id='par_1_106' title="bbox 734 5492 1075 5548">
     <span class='ocr_line' id='line_1_106' title="bbox 734 5492 1075 5548; baseline 0.009 -3"><span class='ocrx_word' id='word_1_756' title='bbox 734 5492 1075 5548; x_wconf 69' lang='lat' dir='ltr'><strong>Aristt&#39;teles.</strong></span> 
     </span>
    </p>
   </div>
   <div class='ocr_carea' id='block_1_107' title="bbox 737 5559 993 5615">
    <p class='ocr_par' dir='ltr' id='par_1_107' title="bbox 737 5559 993 5615">
     <span class='ocr_line' id='line_1_107' title="bbox 737 5559 993 5615; baseline 0.004 -3"><span class='ocrx_word' id='word_1_757' title='bbox 737 5559 993 5615; x_wconf 81' lang='lat' dir='ltr'><strong>Galenus.</strong></span> 
     </span>
    </p>
   </div>
   <div class='ocr_carea' id='block_1_108' title="bbox 739 5628 1357 5688">
    <p class='ocr_par' dir='ltr' id='par_1_108' title="bbox 739 5628 1357 5688">
     <span class='ocr_line' id='line_1_108' title="bbox 739 5628 1357 5688; baseline 0.013 -8"><span class='ocrx_word' id='word_1_758' title='bbox 739 5629 1042 5685; x_wconf 79' lang='lat' dir='ltr'><strong>Macrobius</strong></span> <span class='ocrx_word' id='word_1_759' title='bbox 1060 5628 1357 5688; x_wconf 84' lang='lat' dir='ltr'><strong>Romanus.</strong></span> 
     </span>
    </p>
   </div>
   <div class='ocr_carea' id='block_1_109' title="bbox 739 5698 1162 5768">
    <p class='ocr_par' dir='ltr' id='par_1_109' title="bbox 739 5698 1162 5768">
     <span class='ocr_line' id='line_1_109' title="bbox 739 5698 1162 5768; baseline 0.002 -17"><span class='ocrx_word' id='word_1_760' title='bbox 739 5698 1162 5768; x_wconf 74' lang='lat' dir='ltr'><strong>Theophrastus.</strong></span> 
     </span>
    </p>
   </div>
   <div class='ocr_carea' id='block_1_110' title="bbox 749 5767 1149 5825">
    <p class='ocr_par' dir='ltr' id='par_1_110' title="bbox 749 5767 1149 5825">
     <span class='ocr_line' id='line_1_110' title="bbox 749 5767 1149 5825; baseline 0.01 -6"><span class='ocrx_word' id='word_1_761' title='bbox 749 5767 1149 5825; x_wconf 74' lang='lat' dir='ltr'><strong>Demosthenes.</strong></span> 
     </span>
    </p>
   </div>
   <div class='ocr_carea' id='block_1_111' title="bbox 2608 5181 3194 5259">
    <p class='ocr_par' dir='ltr' id='par_1_111' title="bbox 2608 5181 3194 5259">
     <span class='ocr_line' id='line_1_111' title="bbox 2608 5181 3194 5259; baseline 0.002 -18"><span class='ocrx_word' id='word_1_762' title='bbox 2608 5181 2913 5254; x_wconf 80' lang='grc' dir='ltr'>Μάρτυρες</span> <span class='ocrx_word' id='word_1_763' title='bbox 2935 5186 3018 5254; x_wconf 79' lang='grc' dir='ltr'>τῷ</span> <span class='ocrx_word' id='word_1_764' title='bbox 3039 5188 3194 5259; x_wconf 65' lang='grc' dir='ltr'>λόγι’</span> 
     </span>
    </p>
   </div>
   <div class='ocr_carea' id='block_1_112' title="bbox 2406 5278 2699 5342">
    <p class='ocr_par' dir='ltr' id='par_1_112' title="bbox 2406 5278 2699 5342">
     <span class='ocr_line' id='line_1_112' title="bbox 2406 5278 2699 5342; baseline 0.007 -12"><span class='ocrx_word' id='word_1_765' title='bbox 2406 5278 2699 5342; x_wconf 82' lang='grc' dir='ltr'>Βασίλειος.</span> 
     </span>
    </p>
   </div>
   <div class='ocr_carea' id='block_1_113' title="bbox 2403 5348 2643 5418">
    <p class='ocr_par' dir='ltr' id='par_1_113' title="bbox 2403 5348 2643 5418">
     <span class='ocr_line' id='line_1_113' title="bbox 2403 5348 2643 5418; baseline 0 -16"><span class='ocrx_word' id='word_1_766' title='bbox 2403 5348 2643 5418; x_wconf 75' lang='grc' dir='ltr'>Πλήθων.</span> 
     </span>
    </p>
   </div>
   <div class='ocr_carea' id='block_1_114' title="bbox 2403 5416 2892 5490">
    <p class='ocr_par' dir='ltr' id='par_1_114' title="bbox 2403 5416 2892 5490">
     <span class='ocr_line' id='line_1_114' title="bbox 2403 5416 2892 5490; baseline 0.008 -18"><span class='ocrx_word' id='word_1_767' title='bbox 2403 5416 2570 5483; x_wconf 81' lang='grc' dir='ltr'>Αὖλος</span> <span class='ocrx_word' id='word_1_768' title='bbox 2612 5419 2892 5490; x_wconf 82' lang='grc' dir='ltr'>Ῥωμαῖος.</span> 
     </span>
    </p>
   </div>
   <div class='ocr_carea' id='block_1_115' title="bbox 2416 5489 2807 5561">
    <p class='ocr_par' dir='ltr' id='par_1_115' title="bbox 2416 5489 2807 5561">
     <span class='ocr_line' id='line_1_115' title="bbox 2416 5489 2807 5561; baseline 0.01 -20"><span class='ocrx_word' id='word_1_769' title='bbox 2416 5489 2807 5561; x_wconf 74' lang='grc' dir='ltr'>Ἀριστοτέλης.</span> 
     </span>
    </p>
   </div>
   <div class='ocr_carea' id='block_1_116' title="bbox 2403 5508 2656 5626">
    <p class='ocr_par' dir='ltr' id='par_1_116' title="bbox 2403 5508 2656 5626">
     <span class='ocr_line' id='line_1_116' title="bbox 2421 5508 2656 5543; baseline 0.009 -2"><span class='ocrx_word' id='word_1_770' title='bbox 2421 5508 2473 5541; x_wconf 73' lang='grc' dir='ltr'>Ἀ</span> <span class='ocrx_word' id='word_1_771' title='bbox 2515 5508 2656 5543; x_wconf 83' lang='grc' dir='ltr'>ιστοτ</span> 
     </span>
     <span class='ocr_line' id='line_1_117' title="bbox 2403 5508 2656 5626; baseline 0.008 -15"><span class='ocrx_word' id='word_1_772' title='bbox 2403 5508 2656 5626; x_wconf 52' lang='grc' dir='ltr'><strong>Γαςηνός.</strong></span> 
     </span>
    </p>
   </div>
   <div class='ocr_carea' id='block_1_117' title="bbox 2406 5629 3032 5703">
    <p class='ocr_par' dir='ltr' id='par_1_117' title="bbox 2406 5629 3032 5703">
     <span class='ocr_line' id='line_1_118' title="bbox 2406 5629 3032 5703; baseline 0.008 -21"><span class='ocrx_word' id='word_1_773' title='bbox 2406 5632 2532 5703; x_wconf 61' lang='lat' dir='ltr'><strong>Max</strong></span> <span class='ocrx_word' id='word_1_774' title='bbox 2540 5630 2714 5700; x_wconf 82' lang='grc' dir='ltr'>ρόϐιος</span> <span class='ocrx_word' id='word_1_775' title='bbox 2747 5629 3032 5703; x_wconf 72' lang='grc' dir='ltr'>Ῥωμαίος.</span> 
     </span>
    </p>
   </div>
   <div class='ocr_carea' id='block_1_118' title="bbox 2403 5700 2755 5772">
    <p class='ocr_par' dir='ltr' id='par_1_118' title="bbox 2403 5700 2755 5772">
     <span class='ocr_line' id='line_1_119' title="bbox 2403 5700 2755 5772; baseline 0.006 -20"><span class='ocrx_word' id='word_1_776' title='bbox 2403 5700 2540 5768; x_wconf 85' lang='grc' dir='ltr'>Θεόφ</span> <span class='ocrx_word' id='word_1_777' title='bbox 2548 5716 2755 5772; x_wconf 78' lang='grc' dir='ltr'>ραστος.</span> 
     </span>
    </p>
   </div>
   <div class='ocr_carea' id='block_1_119' title="bbox 2402 5770 2763 5843">
    <p class='ocr_par' dir='ltr' id='par_1_119' title="bbox 2402 5770 2763 5843">
     <span class='ocr_line' id='line_1_120' title="bbox 2402 5770 2763 5843; baseline 0.011 -21"><span class='ocrx_word' id='word_1_778' title='bbox 2402 5770 2763 5843; x_wconf 74' lang='grc' dir='ltr'>Δημοσθένης.</span> 
     </span>
    </p>
   </div>
  </div>
