3950 6266
269 311 398 366 ιεει

1112 313 1168 368 S.
1211 311 1456 367 MAXIM!
1497 310 1855 366 MARTYRIS
1893 309 2270 368 COMPUTUS
2307 309 2751 367 ECCLESIAST.

3370 315 3392 370 1
3402 315 3508 370 9.22

271 425 330 478 Ti
366 423 435 478 τὸ
486 425 804 489 κανόνων,
847 424 944 477 καὶ
996 425 1052 476 τί
1093 423 1348 492 περιέχει
1393 426 1431 492 ἠ
1477 424 1690 477 τούτου
1730 424 1836 476 δύ-

1944 423 2096 491 171
2117 453 2143 462 -
2167 423 2324 493 172
2356 421 2670 492 Cujasmodi
2699 424 2766 476 sit
2791 423 3126 489 latcrculum,
3166 435 3216 478 et
3269 445 3386 498 qua:
3427 431 3506 484 vis

952 529 1151 583 ναμις,

337 651 409 704 B'.
427 649 489 702 Ἠ
505 648 657 702 τοῦδε
670 649 763 702 τοῦ
783 649 1137 722 προκειμένου
1171 649 1442 720 ὑφήγησις
1469 647 1562 702 τοῦ
1584 649 1828 702 κανονίου

261 741 451 794 τοῦτον
479 741 588 811 ἔχει
622 741 710 794 τὸν
745 742 961 812 τρόπον.
991 740 1260 812 Τριπλοῦν
1289 739 1448 792 τοῦτο
1474 741 1828 810 καθέστηκεν,

262 830 338 894 ὡς
362 831 616 903 περιέχον
647 831 704 883 ὲν
744 831 919 902 ἐαυτῷ
954 832 1052 902 τήν
1082 848 1140 883 τε
1182 831 1292 884 τῶν
1321 831 1490 898 άγίων
1531 831 1830 903 παρείσϐα-

265 939 351 974 σιν
390 921 650 993 νηστειῶν
671 924 774 976 καὶ
817 923 917 993 τὴν
958 921 1556 993 τεσσαρεσκαιδεκάτην
1585 922 1678 975 τοῦ
1709 923 1830 976 καθ’

275 1012 560 1083 Ἐϐραίους
585 1011 798 1083 πρώτου
820 1011 1005 1082 μηνὸς.
1042 1011 1185 1080 λέγω
1217 1011 1280 1082 δὴ
1303 1011 1396 1064 τοῦ
1431 1011 1631 1064 Νισάν·
1659 1013 1738 1074 είς
1765 1013 1832 1082 ἢν

262 1104 324 1156 τὸ
353 1103 473 1157 κατ’
514 1104 710 1166 αὐτοὺς
742 1104 931 1174 Πάσχα
954 1102 1214 1155 τελεῖται*
1243 1102 1337 1156 κα).
1368 1104 1466 1174 τὴν
1487 1103 1716 1172 δεκάτην
1738 1101 1829 1154 τοῦ

264 1191 493 1262 ἑϐδόμου
528 1191 729 1263 μηνὸς,
763 1193 928 1263 ήγουν
982 1191 1076 1245 τοῦ
1115 1192 1314 1264 Θερσίο
1361 1192 1482 1246 καθ’
1510 1193 1577 1264 ἣν
1611 1193 1641 1244 ὁ
1673 1193 1831 1263 ἀρχι-

262 1289 423 1358 ερεὺς
455 1287 514 1340 τὸ
534 1287 759 1340 παλαιὸν
780 1287 879 1358 τὴν
907 1287 986 1350 είς
1016 1286 1087 1341 τὰ
1111 1287 1276 1356 Ἅγια
1307 1286 1414 1339 τῶν
1437 1285 1605 1355 ἁγίων
1624 1284 1829 1338 εἴσοδον

261 1379 516 1431 ἐποιεῖτο.
553 1379 661 1430 Καὶ
681 1377 794 1430 ἐστι
823 1377 923 1448 τῆς
958 1378 1055 1449 μὲν
1082 1377 1492 1449 παρεισϐάσεως
1529 1377 1638 1430 τῶν
1664 1377 1832 1446 ἁγίων

260 1469 525 1540 νηστειῶν
556 1472 588 1541 ὴ
637 1470 930 1541 σημείωσις
967 1468 1026 1534 ἐξ
1061 1467 1355 1539 εὐωνύμων
1399 1468 1493 1522 τοῦ
1526 1467 1689 1522 αὐτοῦ
1730 1485 1830 1521 κα-

261 1561 438 1614 νονίου
459 1561 906 1632 διαγεγραμμένη
923 1578 938 1591 ι
971 1562 1004 1632 ἡ
1031 1560 1087 1612 δὲ
1113 1557 1680 1630 τεσσαρεσκαιδεκάτη
1736 1557 1830 1610 τοῦ

263 1652 387 1706 καθ’
431 1653 714 1726 Ἐϐραίους
753 1651 968 1725 πρώτου
997 1652 1188 1723 μηνὸς
1223 1653 1287 1705 ὲκ
1335 1651 1524 1718 δεξιῶν
1567 1650 1832 1718 σύνεγγυς

261 1745 356 1798 τοῦ
403 1745 545 1799 κατὰ
603 1745 764 1816 μέσον
808 1743 1258 1815 ἐγγεγραμμένου
1308 1741 1534 1813 τροχοῦο
1587 1742 1724 1813 μετὰ
1775 1741 1831 1795 δὲ

2602 515 2672 566 sit
2706 515 2874 571 illius.

2005 648 2070 704 ll.
2111 648 2381 718 Propositi
2443 651 2669 704 canonis
2701 650 2968 720 expositio
3009 652 3074 706 ad
3105 652 3248 707 hunc
3285 655 3504 710 modum

1936 756 1996 795 se
2031 741 2215 794 habet.
2249 739 2345 794 Est
2375 740 2464 794 ille
2493 739 2701 795 divisus
2733 741 3022 796 trifariam.
3057 741 3312 798 Continet
3344 746 3489 799 enim

1937 831 2218 886 introitum
2245 845 2528 885 sacrorum
2557 830 2891 901 jejuniorum
2915 850 2928 898 ;
2949 841 3201 901 quartam
3233 836 3502 889 decimam

1939 923 2099 992 primi
2131 923 2336 978 mensis
2368 923 2670 977 secundum
2703 921 2978 988 llebra-os,
3023 925 3125 978 hoc
3171 937 3254 981 est
3285 926 3451 981 Nisan
3485 947 3497 980 :

1937 1018 1991 1070 in
2017 1031 2181 1086 quam
2210 1015 2423 1070 Pascha
2455 1015 2674 1068 illorum
2710 1015 2900 1069 incidit
2925 1035 2938 1071 :
2965 1034 3063 1071 nec
3099 1034 3207 1071 non
3231 1018 3501 1073 decimam

1936 1107 2152 1179 septimi
2174 1106 2403 1171 mensis,
2445 1107 2694 1162 videlicet
2721 1106 2914 1162 Thersi
2947 1127 2960 1157 :
2997 1125 3100 1178 qua
3139 1125 3386 1165 summus
3412 1123 3504 1168 sa-

1939 1200 2133 1254 cerdos
2160 1199 2290 1254 olim
2322 1197 2520 1253 Sancta
2543 1206 2857 1252 sanctorum
2883 1198 3085 1252 adibat.
3118 1199 3289 1255 Porro
3315 1202 3506 1256 intro-

1937 1290 2046 1346 itus
2076 1303 2357 1345 sacrorum
2378 1288 2711 1357 jejuniorum
2741 1290 2952 1342 notatio
2977 1291 3043 1342 ad
3072 1291 3350 1346 sinistram
3377 1307 3502 1362 par-

1935 1392 2080 1452 ptem
2103 1381 2330 1436 canonis
2360 1380 2632 1450 descripta
2684 1387 2810 1444 est;
2854 1387 3046 1450 quarta
3099 1381 3310 1434 decima
3369 1399 3502 1437 vero

1937 1472 2094 1542 primi
2135 1471 2339 1525 mensis
2377 1469 2587 1523 Judaici
2630 1469 2697 1522 ad
2741 1469 3030 1531 dextram,
3092 1485 3261 1539 prope
3305 1469 3504 1524 inscri-

1937 1573 2082 1634 ptam
2109 1564 2163 1616 in
2190 1562 2368 1616 medio
2402 1571 2596 1614 rotam.
2622 1561 2754 1615 Post
2780 1562 2918 1614 hanc
2945 1561 3126 1614 statim
3152 1561 3219 1613 ad
3254 1560 3500 1615 dextram

1935 1655 2109 1726 magis
2148 1653 2362 1708 accedit
2394 1653 2505 1719 illa,
2538 1668 2699 1722 quam
2733 1652 2993 1718 diximus,
3024 1652 3235 1705 decima
3264 1653 3380 1706 dies
3414 1666 3502 1706 se—

1935 1748 2088 1819 ptimi
2117 1746 2348 1810 mensis,
2383 1745 2519 1800 adeo
2555 1753 2614 1798 ut
2657 1745 2795 1798 nihil
2822 1759 2852 1796 a
2879 1744 3106 1798 sinistra
3140 1750 3336 1812 praeter
3358 1743 3504 1811 jeju-

261 1835 468 1909 ταύτην
533 1837 694 1901 εὐθὺς
754 1835 1072 1907 δεξιώτερον
1131 1835 1165 1906 ή
1227 1834 1478 1904 λεχθεῖσα
1507 1833 1705 1903 δεκάτη
1741 1833 1834 1887 τοῦ

1940 1842 2154 1896 niorum
2198 1839 2482 1894 introitum
2524 1837 2857 1907 descriptum
2899 1837 3191 1900 habeatur;
3235 1851 3265 1888 a
3310 1838 3503 1889 dextra

263 1925 491 1998 ἑϐδόμου
530 1929 729 1999 μηνός⁸
778 1926 853 1990 ὡς
887 1922 1024 1978 εἶναι
1066 1924 1236 1995 μόνην
1287 1925 1344 1990 ἐξ
1387 1924 1690 1996 ἀριστερῶν
1722 1917 1832 1996 ’τὴν

261 2020 360 2088 τῆς
391 2019 803 2089 παρεισϐἁσεως
841 2017 1182 2087 διαγραφήν·
1221 2018 1285 2070 ἐκ
1331 2015 1522 2082 δεξιῶν
1557 2016 1615 2070 δὲ
1655 2018 1835 2086 ἀμφο-

262 2109 436 2180 τέρων
491 2110 591 2181 τῆς
639 2109 1232 2181 τεσσαρεσκαιδεκάτης
1279 2110 1424 2180 φημὶ
1473 2107 1568 2162 τοῦ
1613 2108 1832 2182 πρώτου

1939 1943 2072 1983 vero
2114 1938 2268 1998 parte
2299 1935 2592 1996 utrumque
2635 1927 2727 1988 sit,
2765 1937 2959 1995 quarta
3002 1927 3212 1980 decima
3247 1926 3503 1979 nimirum

1938 2018 2099 2089 primi
2129 2017 2333 2072 mensis
2365 2024 2420 2070 et
2457 2009 2666 2072 decima
2709 2017 2946 2086 septimi.
2977 2015 3168 2070 Totius
3198 2024 3378 2070 autem
3409 2015 3504 2070 de-

1938 2111 2257 2182 scriptionis
2288 2110 2437 2165 illius
2469 2110 2552 2165 vis
2584 2119 2667 2165 est
2694 2111 2987 2180 ejusmodi.

266 2203 434 2274 μηνὸς
465 2203 557 2256 καὶ
603 2203 702 2274 τῆς
743 2201 972 2272 δεκάτης
1011 2199 1106 2253 τοῦ
1161 2198 1388 2271 ἑϐδόμου
1439 2199 1624 2271 μηνός.
1674 2199 1795 2252 Τῶν
1830 2198 1888 2253 δὲ
1923 2199 2523 2272 διαγεγραμμένωνιὲν
2577 2201 2716 2266 ὅλοις
2749 2205 2783 2273 ή
2855 2203 3084 2276 δύναμις
3132 2205 3269 2276 αὕτη
3341 2199 3502 2256 καθέ-

263 2306 486 2362 στηκεν.

571 2445 665 2512 Τίς
696 2446 735 2515 ἡ
766 2445 836 2510 ἐξ
863 2446 1182 2516 εὐωνύμων
1209 2443 1522 2514 διαγραφή.

330 2579 404 2632 1'".
435 2579 524 2633 Ἐν
545 2579 643 2650 μὲν
657 2579 734 2650 τῷ
749 2581 1010 2651 εὐωνύμῳ
1029 2580 1258 2652 κανονίῳ
1273 2582 1328 2634 ὲν
1346 2578 1544 2652 πρώτῳ
1562 2578 1724 2650 στίχῳ
1740 2580 1827 2632 αὐ·

259 2671 351 2724 τοῦ
373 2671 548 2742 ὀρθῶς
564 2671 875 2742 καθιέμενοι
896 2674 943 2725 οί
978 2673 1118 2726 ἑπτά
1140 2672 1424 2744 ἐμϐόλιμοι
1457 2672 1622 2743 μῆνές
1654 2674 1790 2725 εἰσιν
1808 2689 1824 2704 ο

261 2765 318 2816 ὲν
347 2764 406 2816 δὲ
432 2763 510 2834 τῷ
542 2764 585 2835 β’
615 2764 782 2834 στίχῳ
803 2763 870 2817 τά
896 2763 958 2816 ιϐ’
987 2765 1084 2835 τῆς
1114 2764 1338 2836 σελήνης
1363 2763 1478 2834 ἔτη,
1504 2764 1611 2817 ἀπὸ
1636 2764 1699 2817 ιϐ’
1726 2763 1826 2835 τὴν

261 2855 434 2926 ἀρχὴν
462 2855 680 2927 ἔχοντα’
713 2855 809 2908 καὶ
839 2855 1010 2920 οὕτως
1034 2856 1121 2909 διὰ
1163 2854 1401 2927 πρώτου,
1429 2856 1522 2909 καὶ
1553 2855 1824 2925 δευτέρου,

262 2947 355 3000 καὶ
393 2945 502 2999 τῶν
547 2945 783 3017 καθεξῆς
833 2949 911 3010 είς
954 2946 1014 2999 τὸ
1055 2946 1516 3000 ὀκτωκαιδέκατον
1560 2945 1823 3017 λήγοντα·

263 3040 320 3091 ἐν
341 3037 509 3108 τρίτῳ
544 3039 710 3109 στίχῳ
759 3040 813 3092 αἱ
841 3038 949 3092 τῶν
997 3039 1095 3109 τῆς
1119 3039 1344 3110 σελήνης
1374 3037 1510 3092 ἐτῶν
1557 3038 1788 3091 ὲπακταί
1808 3054 1821 3068 ·

263 3131 321 3181 ἐν
347 3129 592 3200 τετάρτῳ
627 3128 792 3200 στίχῳ
828 3131 877 3182 oi
919 3130 1217 3201 Ῥωμαῖκοὶ
1259 3131 1447 3201 μῆνες,
1505 3130 1827 3202 Ἰανουάριος

2041 2438 2182 2505 Quid
2211 2438 2310 2492 sibi
2339 2439 2461 2493 velit
2488 2438 2686 2494 tabella
2718 2440 2786 2492 ad
2813 2442 3086 2496 sinistram
3112 2443 3388 2514 inscripta.

2002 2573 2088 2628 lll.
2126 2575 2184 2630 In
2207 2575 2434 2631 sinistro
2464 2575 2748 2636 laterculo.
2789 2578 3016 2648 ejusque
3051 2580 3225 2650 primo
3252 2598 3415 2638 versu
3441 2583 3498 2639 in

1932 2668 2201 2724 directum
2230 2669 2597 2724 descendente
2647 2679 2852 2740 septem
2884 2679 3011 2726 sunt
3037 2673 3315 2728 embolimi
3347 2690 3499 2731 men-

1934 2777 2043 2817 ses.
2091 2762 2146 2815 ln
2178 2761 2420 2816 secundo
2465 2778 2649 2826 versu,
2697 2779 2787 2816 xIx
2818 2762 3039 2819 lunares
3076 2766 3247 2832 anni;
3277 2766 3437 2822 initio
3465 2783 3497 2822 a

1935 2866 2078 2904 nono
2121 2850 2332 2904 decimo
2366 2849 2511 2904 facto
2545 2869 2557 2904 :
2594 2850 2736 2904 unde
2772 2851 2838 2904 ad
2882 2852 3138 2920 primum,
3170 2855 3494 2919 secundum,

1933 2957 1997 2996 ac
2026 2949 2256 2998 caeteros
2311 2943 2505 2998 ordine
2533 2958 2859 3019 progressus
2903 2945 3108 3001 desinit
3149 2947 3205 3000 in
3243 2956 3499 3003 octavum

1932 3031 2242 3096 decimum;
2276 3031 2439 3086 tertio
2469 3047 2632 3086 versu
2663 3033 2934 3086 lunarium
2983 3050 3254 3090 annorum
3293 3048 3499 3108 epactze

1931 3123 2310 3189 continentur;
2354 3129 2573 3192 quarto,
2606 3120 2838 3176 Romani
2879 3139 3094 3181 menses
3129 3126 3259 3190 duo,
3293 3126 3499 3182 Janua-

260 3221 356 3272 καὶ
403 3221 798 3292 Φεϐρουάριοςο
851 3223 910 3274 ἐν
956 3221 1192 3292 πέμπτῳ
1243 3221 1408 3292 στίχῳ
1468 3223 1524 3274 αἱ
1571 3225 1825 3274 ποσταῖαι

1938 3215 2047 3269 rius
2072 3223 2125 3269 et
2152 3213 2518 3280 Februarius;
2568 3216 2793 3286 quintus
2827 3219 3096 3274 mensium
3131 3229 3326 3289 quotas
3351 3223 3502 3276 exhi-

259 3311 440 3364 αὐτῶν
485 3311 592 3364 τῶν
645 3311 858 3384 μηνῶν,
899 3314 978 3376 είς
1021 3312 1088 3374 ἃς
1120 3312 1404 3382 συμϐαίνει
1443 3312 1686 3381 γίνεσθαι
1728 3313 1826 3382 τὴν

1938 3309 2037 3371 bet,
2089 3307 2143 3359 in
2188 3322 2326 3376 quas
2367 3307 2721 3377 Carnisprivii
2775 3308 2971 3364 festum
2998 3286 3250 3380 ,incidit;
3307 3324 3499 3369 sextus

258 3405 676 3476 ἀποκρεώσιμον
718 3407 940 3477 ὲορτήψ
971 3407 1027 3457 ὲν
1061 3405 1204 3474 ἕκτῳ
1247 3405 1413 3474 στίχῳ
1445 3406 1502 3456 αἱ
1537 3403 1826 3474 προσϐεταὶ

258 3499 485 3571 ἡμέραι,
540 3498 626 3551 διὰ
663 3497 887 3570 σηρικοῦ
928 3497 1331 3568 γεγραμμέναι.
1374 3496 1485 3549 Καὶ
1525 3496 1697 3548 ταῦτα
1728 3494 1826 3564 μὲν

261 3588 322 3654 ἐξ
343 3588 660 3662 εὐωνύμιων.

615 3725 709 3789 Τίς
741 3723 779 3790 ἠ
809 3722 877 3775 ἐκ
911 3719 1124 3786 δεξιῶν
1157 3718 1472 3790 διαγραφή.

329 3839 400 3889 Δ’.
453 3837 548 3889 Ἐκ
578 3835 764 3902 δεξιῶν
784 3835 840 3888 δὲ
869 3837 926 3888 ὲν
951 3832 1150 3905 πρώτῳ
1176 3833 1342 3902 στίχῳ
1366 3830 1436 3884 τὰ
1463 3829 1726 3902 εἰρημένα
1763 3829 1827 3882 ιϐ’

257 3927 358 3998 τῆς
392 3929 616 3998 σελήνης
641 3927 757 3998 ἔτη,
780 3926 888 3980 ἀπὸ
917 3925 1134 3997 πρώτου
1164 3925 1284 3977 καθ’
1313 3923 1500 3995 εἱρμὸν
1528 3923 1824 3995 ἀρχόμενα,

262 4021 357 4072 καὶ
388 4019 476 4071 διὰ
508 4017 602 4071 τοῦ
637 4018 910 4089 δευτέρου,
945 4018 1038 4070 καὶ
1067 4017 1272 4085 τρίτου,
1309 4015 1403 4069 καὶ
1435 4014 1544 4068 τῶν
1591 4011 1828 4083 καθεξῆς

261 4115 341 4174 εἰς
363 4111 454 4164 τὸν
500 4109 565 4162 ιϐ’
592 4109 827 4180 λήγοντα
847 4127 860 4139 ·
897 4109 955 4162 ὲν
983 4107 1218 4178 δευτέρῳ
1251 4107 1416 4176 στίχῳ
1445 4107 1494 4158 οἱ
1533 4106 1828 4176 Ῥωμαῖκοὶ

263 4205 450 4275 μῆνες,
483 4202 849 4273 Σεπτέμϐριος
877 4201 971 4256 καὶ
996 4198 1352 4270 Ὀκτώϐριοςο
1389 4200 1446 4251 ὲν
1473 4197 1638 4269 τρίτῳ
1662 4195 1828 4266 στίχῳ

260 4299 313 4349 αἱ
344 4296 548 4348 τούτων
584 4291 693 4347 τῶν
748 4292 931 4364 μηνῶν
981 4293 1256 4354 ποσταῖαι,
1290 4291 1370 4354 εἰς
1398 4289 1463 4353 ἃς
1506 4290 1694 4343 πίπτει
1732 4287 1825 4340 τοῦ

260 4387 484 4457 ἑϐδόμου
532 4385 652 4440 καθ’
696 4384 976 4456 Ἐϐραίους
1020 4382 1188 4454 μηνὸς
1221 4383 1255 4453 ή
1302 4381 1498 4452 δεκάτη
1544 4383 1664 4434 κατ’
1710 4380 1828 4443 ἔτος

259 4479 486 4531 ἕκαστον
505 4493 518 4506 ο
550 4477 608 4531 ὲν
630 4476 873 4546 τετάρτῳ
896 4472 1062 4544 στίχῳ
1090 4473 1147 4524 αί
1173 4471 1467 4542 προσθεταὶ
1494 4471 1716 4542 ἡμέραι,
1739 4469 1827 4523 διὰ

262 4571 490 4642 σηρικοῦ
537 4569 956 4640 γεγραμμέναιο
1006 4569 1064 4620 ὲν
1098 4567 1332 4636 πέμπτῳ
1380 4565 1546 4634 στίχῳ
1585 4566 1634 4617 οἱ
1690 4563 1826 4615 Ῥω-

1925 3411 2118 3450 versus
2156 3397 2436 3450 addititios
2477 3397 2617 3460 dies,
2657 3399 2771 3451 sive
2803 3399 3084 3467 regulares
3125 3402 3370 3456 continet
3411 3419 3500 3458 se-

1926 3487 2042 3540 rico
2076 3487 2300 3557 scripto.
2338 3487 2463 3543 Ηιιξο
2488 3489 2554 3542 ad
2585 3490 2871 3545 sinistram
2897 3489 3190 3548 habentur.

1925 3711 2066 3778 Quid
2104 3711 2172 3765 ad
2197 3713 2439 3767 dextram
2471 3725 2602 3769 rota:
2627 3725 2833 3786 partem
2855 3719 2973 3772 sita:
2998 3717 3182 3772 tabula
3206 3720 3345 3790 signi
3352 3720 3493 3788 licet.

1995 3822 2084 3878 IV.
2122 3823 2331 3879 Dextraa
2369 3825 2568 3880 tabula:
2606 3827 2818 3896 primus
2863 3843 3055 3882 versus
3096 3828 3503 3894 novemderim,.

1927 3921 1986 3966 ut
2017 3914 2154 3977 dixi,
2181 3930 2358 3969 annus
2383 3916 2523 3970 lunae
2561 3918 2967 3988 complectitur,
3011 3918 3106 3988 qui
3133 3933 3162 3973 a
3191 3919 3367 3989 primo
3402 3933 3498 3989 per

1927 4006 2250 4071 secundum,
2291 4006 2536 4071 tertium,
2569 4023 2632 4062 ac
2668 4009 2910 4080 reliquos
2945 4011 3138 4066 ordine
3171 4010 3494 4081 procedunt,

1925 4105 2090 4168 atque
2123 4097 2180 4150 in
2207 4097 2478 4152 decimum
2504 4113 2708 4152 nonum
2744 4100 3033 4167 desinunt;
3071 4101 3344 4156 secundus
3375 4117 3496 4156 ver-

1926 4207 2022 4245 sus
2059 4189 2335 4244 Romanos
2373 4203 2589 4245 menses
2632 4191 2794 4246 habet
2837 4191 3214 4262 Septembrem
3245 4201 3300 4247 et
3331 4192 3497 4248 Octo-

1927 4283 2110 4349 brem;
2171 4282 2228 4336 in
2267 4281 2428 4336 tertio
2462 4283 2582 4336 dies
2627 4291 2757 4337 sunt
2804 4283 3094 4348 mensium,
3137 4284 3191 4338 in
3225 4300 3361 4354 quas
3392 4283 3498 4338 l'le-

1926 4374 2097 4429 braici
2145 4374 2350 4429 mensis
2395 4375 2613 4445 septimi
2648 4375 2858 4429 decima
2889 4376 3187 4446 quotannis
3224 4375 3493 4442 incurrit;

1927 4466 1984 4520 in
2015 4473 2213 4536 quarto
2253 4467 2533 4536 regulares
2579 4465 2756 4521 serico
2800 4466 3024 4536 scripti;
3071 4467 3124 4521 in
3163 4468 3356 4538 quinto
3387 4466 3494 4522 Ro—

1927 4557 2074 4609 mani
2105 4571 2319 4610 menses
2359 4555 2585 4612 Martius
2612 4562 2665 4610 et
2705 4554 2944 4624 Aprilis;
2983 4556 3038 4610 in
3089 4565 3244 4612 sexto
3277 4573 3497 4612 eorum-

262 4665 449 4736 μαῖκοὶ
480 4663 666 4734 μῆνες,
687 4663 930 4735 Μάρτιος
953 4660 1048 4713 καὶ
1080 4659 1354 4731 Ἀπρίλιος
1370 4675 1384 4688 ο
1409 4659 1468 4710 ὲν
1489 4658 1632 4728 ἕκτῳ
1659 4657 1825 4728 στίχῳ

1938 4647 2048 4701 dem
2079 4646 2346 4701 mensium
2387 4646 2526 4710 dies,
2563 4646 2762 4716 quibus
2803 4647 2964 4716 primi
3007 4649 3215 4702 mensis
3245 4647 3494 4702 Hebraici

259 4756 313 4808 αί
344 4754 549 4807 τούτων
599 4754 873 4815 ποσταῖαι,
922 4750 1046 4804 καθ’
1092 4750 1160 4813 ἃς
1202 4749 1410 4818 γίνεται
1457 4747 1553 4800 τοῦ
1609 4747 1824 4820 πρώτου

259 4848 380 4901 καθ’
409 4845 690 4917 Ἐϐραίους
716 4844 883 4916 μηνὸς
913 4845 948 4914 ἡ
980 4841 1543 4914 τεσσαρεσκαιδεκάτη
1571 4843 1690 4894 κατ’
1710 4841 1828 4906 ἔτος

259 4940 518 4992 ἕκαστον⁹
548 4940 604 4990 ὲν
638 4937 848 5007 ἑϐδόμῳ
883 4935 1050 5005 στίχῳ
1077 4936 1134 4988 al.
1167 4932 1460 5005 προσϐεταὶ
1495 4932 1656 4987 πάλιν
1691 4933 1826 5004 ἠμέ-

261 5049 386 5102 ραι,
437 5026 904 5099 διαγεγραμμέναι
953 5024 1061 5078 ἀπὸ
1104 5023 1352 5096 σηρικοῦ.
1401 5021 1586 5078 Ταῦτα
1625 5024 1720 5076 καὶ
1770 5024 1826 5074 ὲν

259 5125 371 5184 τοῖς
396 5120 607 5186 δεξιοῖς.

495 5257 588 5322 Τίς
615 5257 654 5323 ἡ
685 5255 790 5308 τοῦ
810 5253 1004 5324 μέσου
1029 5250 1246 5321 τροχοῦ
1277 5249 1568 5321 amr-Da???

331 5389 407 5444 E'.
454 5389 512 5441 Ὀ
535 5388 591 5440 δὲ
617 5386 819 5442 τούτων
844 5385 1004 5456 μέσος
1029 5383 1218 5455 τροχὸς
1244 5381 1337 5434 τοῦ
1369 5381 1520 5453 ἡλίου
1557 5379 1824 5450 καθέστη-

261 5500 377 5544 κεν,
408 5481 552 5533 ἔνδον
579 5480 676 5550 μὲν
709 5476 902 5530 ἑαυτοῦ
927 5474 996 5528 τὰ
1026 5473 1165 5527 ἑπτὰ
1191 5474 1414 5527 δίσεκτα
1446 5472 1586 5526 κατὰ
1613 5472 1824 5525 διαστο-

260 5574 358 5645 λὴν
403 5572 509 5625 ἀπὸ
577 5569 852 5639 τεσσάρων
903 5569 983 5631 είς
1025 5567 1265 5636 τέσσαρα
1311 5563 1407 5635 ἔτη
1449 5564 1823 5635 κεκτημένος·

268 5666 404 5735 μετὰ
449 5664 505 5716 δὲ
548 5663 617 5715 τά
658 5661 898 5723 δίσεκτα,
955 5656 1116 5719 εὐθὺς
1172 5654 1312 5708 κατὰ
1358 5655 1574 5726 πρῶτον
1617 5656 1820 5726 στίχον,

262 5757 427 5828 ήγουν
457 5753 674 5816 κύκλον,
705 5749 772 5804 τὰ
821 5755 903 5818 κη’
967 5745 1060 5800 τοῦ
1101 5746 1250 5817 ἡλίου
1293 5743 1417 5815 ἐτη,
1452 5742 1560 5798 ἀπὸ
1605 5743 1821 5814 πρώτου

1927 4745 2125 4807 quarta
2155 4737 2364 4792 decima
2393 4738 2690 4808 quotannis
2721 4737 3014 4806 tribuitur;
3047 4738 3310 4808 septimus
3343 4737 3497 4792 deni-

1926 4844 2032 4898 que
2081 4843 2271 4884 versns
2308 4828 2586 4882 addititios
2637 4828 2776 4891 dies,
2821 4829 2936 4883 sive
2965 4830 3245 4898 regulares
3300 4842 3495 4889 rogus

1926 4913 2168 4970 ostendit
2193 4915 2371 4969 serico
2403 4915 2730 4985 descriptos.
2764 4915 2889 4972 Haac
2917 4917 2986 4971 ad
3017 4918 3266 4973 dextram
3305 4919 3498 4974 inscri-

1927 5013 2019 5075 pta
2047 5004 2231 5058 tabula
2262 5004 2666 5075 complectitur.

2139 5231 2279 5298 Quid
2307 5232 2362 5285 in
2394 5231 2566 5286 medio
2595 5231 2856 5299 descripta
2886 5241 3004 5284 rota
3026 5232 3312 5286 contineat.

2003 5368 2059 5423 V.
2107 5367 2280 5424 Media
2304 5369 2627 5423 tabellarum
2651 5376 2766 5422 rota
2794 5367 2893 5422 soli
2921 5367 3200 5422 tribuitur.
3231 5366 3407 5436 Hujus
3440 5368 3495 5422 in

1929 5463 2190 5517 interiore
2213 5478 2339 5517 area
2373 5469 2580 5531 septem
2619 5460 2901 5514 hisextiles
2931 5467 3079 5525 sunt,
3122 5462 3317 5531 quinto
3359 5476 3496 5530 quo-

1932 5570 2038 5624 que
2068 5569 2211 5608 anno
2261 5554 2444 5624 positi.
2497 5551 2628 5608 Post
2683 5553 2964 5608 biscxtiles
3014 5554 3068 5608 in
3101 5555 3277 5623 primo
3309 5571 3493 5618 versu,

1932 5647 2046 5700 sive
2093 5645 2318 5710 circulo,
2356 5644 2482 5697 anni
2531 5644 2664 5699 solis
2699 5659 2890 5705 xxvut,
2933 5645 3163 5714 primus,
3198 5645 3490 5704 secundus.

1929 5747 1981 5794 et
2010 5738 2082 5792 ita
2123 5736 2379 5806 deinceps
2410 5750 2584 5806 usque
2639 5735 2706 5789 ad
2752 5734 3072 5791 vicesimum
3111 5747 3364 5794 octavum
3395 5752 3492 5795 ex-
