  <div class='ocr_page' id='page_1' title='image "/cluster/home/n/w/nwhite01/storage/ocr_20150623/19/mdp.39015061293422/619.png"; bbox 0 0 3950 6266; ppageno 0'>
   <div class='ocr_carea' id='block_1_1' title="bbox 342 276 576 349">
    <p class='ocr_par' dir='ltr' id='par_1_1' title="bbox 342 276 576 349">
     <span class='ocr_line' id='line_1_1' title="bbox 342 276 576 349; baseline 0 -2"><span class='ocrx_word' id='word_1_1' title='bbox 342 276 369 285; x_wconf 84' lang='grc'><em>”</em></span> <span class='ocrx_word' id='word_1_2' title='bbox 433 293 576 349; x_wconf 67' lang='grc' dir='ltr'>ιεεσ</span> 
     </span>
    </p>
   </div>
   <div class='ocr_carea' id='block_1_2' title="bbox 1479 286 2712 349">
    <p class='ocr_par' dir='ltr' id='par_1_2' title="bbox 1479 286 2712 349">
     <span class='ocr_line' id='line_1_2' title="bbox 1479 286 2712 349; baseline 0.002 -2"><span class='ocrx_word' id='word_1_3' title='bbox 1479 291 1570 347; x_wconf 78' lang='grc' dir='ltr'><strong>Δί)</strong></span> <span class='ocrx_word' id='word_1_4' title='bbox 1607 288 1876 348; x_wconf 81' lang='lat' dir='ltr'><strong>EUSEBII</strong></span> <span class='ocrx_word' id='word_1_5' title='bbox 1913 286 2309 347; x_wconf 77' lang='lat' dir='ltr'><strong>CHRONICON</strong></span> <span class='ocrx_word' id='word_1_6' title='bbox 2347 287 2712 349; x_wconf 76' lang='lat' dir='ltr'><strong>APPENDIX.</strong></span> 
     </span>
    </p>
   </div>
   <div class='ocr_carea' id='block_1_3' title="bbox 3560 286 3696 344">
    <p class='ocr_par' dir='ltr' id='par_1_3' title="bbox 3560 286 3696 344">
     <span class='ocr_line' id='line_1_3' title="bbox 3560 286 3696 344; baseline 0 -1"><span class='ocrx_word' id='word_1_7' title='bbox 3560 286 3696 344; x_wconf 63' lang='lat'><strong>1224</strong></span> 
     </span>
    </p>
   </div>
   <div class='ocr_carea' id='block_1_4' title="bbox 432 402 2007 479">
    <p class='ocr_par' dir='ltr' id='par_1_4' title="bbox 432 406 2007 479">
     <span class='ocr_line' id='line_1_4' title="bbox 432 406 2007 479; baseline -0.001 -18"><span class='ocrx_word' id='word_1_8' title='bbox 432 408 739 479; x_wconf 85' lang='lat' dir='ltr'><strong>plicantur;</strong></span> <span class='ocrx_word' id='word_1_9' title='bbox 775 406 1053 464; x_wconf 88' lang='lat' dir='ltr'><strong>secundus</strong></span> <span class='ocrx_word' id='word_1_10' title='bbox 1101 423 1319 473; x_wconf 80' lang='lat' dir='ltr'><strong>versus,</strong></span> <span class='ocrx_word' id='word_1_11' title='bbox 1353 408 1471 464; x_wconf 84' lang='lat' dir='ltr'><strong>sive</strong></span> <span class='ocrx_word' id='word_1_12' title='bbox 1499 409 1745 464; x_wconf 79' lang='lat' dir='ltr'><strong>circulus</strong></span> <span class='ocrx_word' id='word_1_13' title='bbox 1778 417 1908 462; x_wconf 91' lang='lat' dir='ltr'><strong>octo</strong></span> <span class='ocrx_word' id='word_1_14' title='bbox 1955 413 2007 460; x_wconf 93' lang='lat' dir='ltr'><strong>et</strong></span> 
     </span>
    </p>
   </div>
   <div class='ocr_carea' id='block_1_5' title="bbox 2112 402 3694 479">
    <p class='ocr_par' dir='ltr' id='par_1_5' title="bbox 2112 402 3694 478">
     <span class='ocr_line' id='line_1_5' title="bbox 2112 402 3694 478; baseline -0.001 -21"><span class='ocrx_word' id='word_1_15' title='bbox 2112 403 2232 459; x_wconf 77' lang='grc' dir='ltr'>καθ’</span> <span class='ocrx_word' id='word_1_16' title='bbox 2272 405 2461 478; x_wconf 74' lang='grc' dir='ltr'>εἱρμὸν</span> <span class='ocrx_word' id='word_1_17' title='bbox 2490 405 2584 460; x_wconf 74' lang='grc' dir='ltr'><strong>καὶ</strong></span> <span class='ocrx_word' id='word_1_18' title='bbox 2615 402 2867 474; x_wconf 76' lang='grc' dir='ltr'><strong>δευτέρου</strong></span> <span class='ocrx_word' id='word_1_19' title='bbox 2912 403 3075 475; x_wconf 79' lang='grc' dir='ltr'>μέχρι</span> <span class='ocrx_word' id='word_1_20' title='bbox 3117 402 3186 458; x_wconf 77' lang='grc' dir='ltr'><strong>τὰ</strong></span> <span class='ocrx_word' id='word_1_21' title='bbox 3234 409 3321 475; x_wconf 86' lang='grc' dir='ltr'>κη’</span> <span class='ocrx_word' id='word_1_22' title='bbox 3350 402 3694 476; x_wconf 82' lang='grc' dir='ltr'>διαγεγραμ-</span> 
     </span>
    </p>
   </div>
   <div class='ocr_carea' id='block_1_6' title="bbox 432 496 2015 569">
    <p class='ocr_par' dir='ltr' id='par_1_6' title="bbox 432 496 2015 569">
     <span class='ocr_line' id='line_1_6' title="bbox 432 496 2015 569; baseline 0.001 -20"><span class='ocrx_word' id='word_1_23' title='bbox 432 496 623 567; x_wconf 76' lang='lat' dir='ltr'><strong>viginti</strong></span> <span class='ocrx_word' id='word_1_24' title='bbox 656 510 924 560; x_wconf 78' lang='lat' dir='ltr'><strong>annorum</strong></span> <span class='ocrx_word' id='word_1_25' title='bbox 959 507 1186 567; x_wconf 88' lang='lat' dir='ltr'><strong>epactas</strong></span> <span class='ocrx_word' id='word_1_26' title='bbox 1229 499 1455 569; x_wconf 70' lang='lat' dir='ltr'><strong>praebet,</strong></span> <span class='ocrx_word' id='word_1_27' title='bbox 1500 505 1662 568; x_wconf 87' lang='lat' dir='ltr'><strong>prout</strong></span> <span class='ocrx_word' id='word_1_28' title='bbox 1705 512 1852 553; x_wconf 88' lang='lat' dir='ltr'><strong>anno</strong></span> <span class='ocrx_word' id='word_1_29' title='bbox 1894 497 2015 552; x_wconf 90' lang='lat' dir='ltr'><strong>cui-</strong></span> 
     </span>
    </p>
   </div>
   <div class='ocr_carea' id='block_1_7' title="bbox 430 587 1552 659">
    <p class='ocr_par' dir='ltr' id='par_1_7' title="bbox 430 587 1552 659">
     <span class='ocr_line' id='line_1_7' title="bbox 430 587 1552 659; baseline 0.004 -18"><span class='ocrx_word' id='word_1_30' title='bbox 430 601 539 659; x_wconf 87' lang='lat' dir='ltr'><strong>que</strong></span> <span class='ocrx_word' id='word_1_31' title='bbox 575 599 904 659; x_wconf 72' lang='lat' dir='ltr'><strong>congruunt.</strong></span> <span class='ocrx_word' id='word_1_32' title='bbox 947 587 1074 645; x_wconf 76' lang='lat' dir='ltr'><strong>Haec</strong></span> <span class='ocrx_word' id='word_1_33' title='bbox 1100 590 1169 646; x_wconf 86' lang='lat' dir='ltr'><strong>de</strong></span> <span class='ocrx_word' id='word_1_34' title='bbox 1196 589 1376 646; x_wconf 87' lang='lat' dir='ltr'><strong>media</strong></span> <span class='ocrx_word' id='word_1_35' title='bbox 1407 598 1552 646; x_wconf 90' lang='lat' dir='ltr'><strong>rota.</strong></span> 
     </span>
    </p>
   </div>
   <div class='ocr_carea' id='block_1_8' title="bbox 433 873 1990 947">
    <p class='ocr_par' dir='ltr' id='par_1_8' title="bbox 433 873 1990 947">
     <span class='ocr_line' id='line_1_8' title="bbox 433 873 1990 947; baseline 0.001 -16"><span class='ocrx_word' id='word_1_36' title='bbox 433 873 544 931; x_wconf 80' lang='lat' dir='ltr'><strong>Cur</strong></span> <span class='ocrx_word' id='word_1_37' title='bbox 568 876 635 932; x_wconf 81' lang='lat' dir='ltr'><strong>ab</strong></span> <span class='ocrx_word' id='word_1_38' title='bbox 679 894 818 933; x_wconf 83' lang='lat' dir='ltr'><strong>anno</strong></span> <span class='ocrx_word' id='word_1_39' title='bbox 848 877 989 934; x_wconf 67' lang='lat' dir='ltr'><strong>tunc</strong></span> <span class='ocrx_word' id='word_1_40' title='bbox 1038 895 1152 941; x_wconf 74' lang='grc' dir='ltr'>ιικ,</span> <span class='ocrx_word' id='word_1_41' title='bbox 1211 897 1313 935; x_wconf 79' lang='lat' dir='ltr'><strong>non</strong></span> <span class='ocrx_word' id='word_1_42' title='bbox 1356 896 1387 931; x_wconf 89' lang='lat' dir='ltr'><strong><em>a</em></strong></span> <span class='ocrx_word' id='word_1_43' title='bbox 1423 880 1593 947; x_wconf 84' lang='lat' dir='ltr'><strong>primo</strong></span> <span class='ocrx_word' id='word_1_44' title='bbox 1625 878 1819 935; x_wconf 80' lang='lat' dir='ltr'><strong>tabella</strong></span> <span class='ocrx_word' id='word_1_45' title='bbox 1861 878 1990 933; x_wconf 73' lang='lat' dir='ltr'><strong>sini-</strong></span> 
     </span>
    </p>
   </div>
   <div class='ocr_carea' id='block_1_9' title="bbox 938 951 1498 1005">
    <p class='ocr_par' dir='ltr' id='par_1_9' title="bbox 938 951 1498 1005">
     <span class='ocr_line' id='line_1_9' title="bbox 938 951 1498 1005; baseline 0.004 -2"><span class='ocrx_word' id='word_1_46' title='bbox 938 960 1051 1004; x_wconf 70' lang='lat' dir='ltr'><strong>atra</strong></span> <span class='ocrx_word' id='word_1_47' title='bbox 1076 951 1237 1004; x_wconf 83' lang='lat' dir='ltr'><strong>ducat</strong></span> <span class='ocrx_word' id='word_1_48' title='bbox 1266 952 1498 1005; x_wconf 77' lang='lat' dir='ltr'><strong>initium.</strong></span> 
     </span>
    </p>
   </div>
   <div class='ocr_carea' id='block_1_10' title="bbox 503 1060 2009 1134">
    <p class='ocr_par' dir='ltr' id='par_1_10' title="bbox 503 1060 2009 1134">
     <span class='ocr_line' id='line_1_10' title="bbox 503 1060 2009 1134; baseline -0.001 -16"><span class='ocrx_word' id='word_1_49' title='bbox 503 1060 592 1118; x_wconf 77' lang='grc' dir='ltr'><strong>Ἦ.</strong></span> <span class='ocrx_word' id='word_1_50' title='bbox 631 1061 746 1118; x_wconf 88' lang='lat' dir='ltr'><strong>Cur</strong></span> <span class='ocrx_word' id='word_1_51' title='bbox 793 1072 975 1120; x_wconf 88' lang='lat' dir='ltr'><strong>autem</strong></span> <span class='ocrx_word' id='word_1_52' title='bbox 1031 1079 1143 1119; x_wconf 90' lang='lat' dir='ltr'><strong>non</strong></span> <span class='ocrx_word' id='word_1_53' title='bbox 1208 1079 1240 1118; x_wconf 91' lang='lat' dir='ltr'><strong>a</strong></span> <span class='ocrx_word' id='word_1_54' title='bbox 1280 1064 1457 1134; x_wconf 89' lang='lat' dir='ltr'><strong>primo</strong></span> <span class='ocrx_word' id='word_1_55' title='bbox 1498 1063 1713 1118; x_wconf 89' lang='lat' dir='ltr'><strong>initium</strong></span> <span class='ocrx_word' id='word_1_56' title='bbox 1774 1060 2009 1117; x_wconf 80' lang='lat' dir='ltr'><strong>habeant</strong></span> 
     </span>
    </p>
   </div>
   <div class='ocr_carea' id='block_1_11' title="bbox 429 1156 2011 1228">
    <p class='ocr_par' dir='ltr' id='par_1_11' title="bbox 429 1156 2011 1228">
     <span class='ocr_line' id='line_1_11' title="bbox 429 1156 2011 1228; baseline -0.001 -15"><span class='ocrx_word' id='word_1_57' title='bbox 429 1158 561 1216; x_wconf 76' lang='lat' dir='ltr'><strong>anni</strong></span> <span class='ocrx_word' id='word_1_58' title='bbox 595 1157 819 1213; x_wconf 85' lang='lat' dir='ltr'><strong>lunares</strong></span> <span class='ocrx_word' id='word_1_59' title='bbox 842 1157 908 1213; x_wconf 90' lang='lat' dir='ltr'><strong>ad</strong></span> <span class='ocrx_word' id='word_1_60' title='bbox 943 1157 1225 1215; x_wconf 74' lang='lat' dir='ltr'><strong>sinistram</strong></span> <span class='ocrx_word' id='word_1_61' title='bbox 1250 1157 1526 1228; x_wconf 83' lang='lat' dir='ltr'><strong>inscripti,</strong></span> <span class='ocrx_word' id='word_1_62' title='bbox 1563 1156 1656 1211; x_wconf 90' lang='lat' dir='ltr'><strong>sed</strong></span> <span class='ocrx_word' id='word_1_63' title='bbox 1683 1172 1713 1210; x_wconf 89' lang='lat' dir='ltr'><strong>a</strong></span> <span class='ocrx_word' id='word_1_64' title='bbox 1743 1171 1892 1211; x_wconf 88' lang='lat' dir='ltr'><strong>nono</strong></span> <span class='ocrx_word' id='word_1_65' title='bbox 1915 1156 2011 1211; x_wconf 88' lang='lat' dir='ltr'><strong>de-</strong></span> 
     </span>
    </p>
   </div>
   <div class='ocr_carea' id='block_1_12' title="bbox 429 1247 2011 1320">
    <p class='ocr_par' dir='ltr' id='par_1_12' title="bbox 429 1247 2011 1320">
     <span class='ocr_line' id='line_1_12' title="bbox 429 1247 2011 1320; baseline -0.001 -16"><span class='ocrx_word' id='word_1_66' title='bbox 429 1247 595 1313; x_wconf 86' lang='lat' dir='ltr'><strong>cimo,</strong></span> <span class='ocrx_word' id='word_1_67' title='bbox 641 1262 706 1302; x_wconf 86' lang='lat' dir='ltr'><strong>ac</strong></span> <span class='ocrx_word' id='word_1_68' title='bbox 730 1247 929 1305; x_wconf 90' lang='lat' dir='ltr'><strong>deinde</strong></span> <span class='ocrx_word' id='word_1_69' title='bbox 962 1249 1194 1320; x_wconf 86' lang='lat' dir='ltr'><strong>primus.</strong></span> <span class='ocrx_word' id='word_1_70' title='bbox 1221 1249 1517 1312; x_wconf 86' lang='lat' dir='ltr'><strong>secundus,</strong></span> <span class='ocrx_word' id='word_1_71' title='bbox 1553 1257 1608 1304; x_wconf 93' lang='lat' dir='ltr'><strong>et</strong></span> <span class='ocrx_word' id='word_1_72' title='bbox 1636 1249 1833 1319; x_wconf 88' lang='lat' dir='ltr'><strong>reliqui</strong></span> <span class='ocrx_word' id='word_1_73' title='bbox 1885 1248 2011 1304; x_wconf 88' lang='lat' dir='ltr'><strong>sub-</strong></span> 
     </span>
    </p>
   </div>
   <div class='ocr_carea' id='block_1_13' title="bbox 424 1338 2008 1412">
    <p class='ocr_par' dir='ltr' id='par_1_13' title="bbox 424 1338 2008 1412">
     <span class='ocr_line' id='line_1_13' title="bbox 424 1338 2008 1412; baseline 0.001 -18"><span class='ocrx_word' id='word_1_74' title='bbox 424 1338 712 1410; x_wconf 79' lang='lat' dir='ltr'><strong>iiciantur,</strong></span> <span class='ocrx_word' id='word_1_75' title='bbox 736 1355 904 1397; x_wconf 88' lang='lat' dir='ltr'><strong>causa</strong></span> <span class='ocrx_word' id='word_1_76' title='bbox 932 1349 1017 1397; x_wconf 90' lang='lat' dir='ltr'><strong>est</strong></span> <span class='ocrx_word' id='word_1_77' title='bbox 1040 1341 1336 1412; x_wconf 87' lang='lat' dir='ltr'><strong>ejusmodi.</strong></span> <span class='ocrx_word' id='word_1_78' title='bbox 1388 1342 1563 1412; x_wconf 92' lang='lat' dir='ltr'><strong>Caput</strong></span> <span class='ocrx_word' id='word_1_79' title='bbox 1587 1341 1921 1412; x_wconf 79' lang='lat' dir='ltr'><strong>jejuniorum</strong></span> <span class='ocrx_word' id='word_1_80' title='bbox 1952 1341 2008 1396; x_wconf 91' lang='lat' dir='ltr'><strong>in</strong></span> 
     </span>
    </p>
   </div>
   <div class='ocr_carea' id='block_1_14' title="bbox 425 1433 2007 1504">
    <p class='ocr_par' dir='ltr' id='par_1_14' title="bbox 425 1433 2007 1504">
     <span class='ocr_line' id='line_1_14' title="bbox 425 1433 2007 1504; baseline 0.001 -16"><span class='ocrx_word' id='word_1_81' title='bbox 425 1433 729 1504; x_wconf 79' lang='lat' dir='ltr'><strong>penultimo</strong></span> <span class='ocrx_word' id='word_1_82' title='bbox 761 1448 974 1498; x_wconf 87' lang='lat' dir='ltr'><strong>mense,</strong></span> <span class='ocrx_word' id='word_1_83' title='bbox 1006 1433 1112 1490; x_wconf 83' lang='lat' dir='ltr'><strong>hoc</strong></span> <span class='ocrx_word' id='word_1_84' title='bbox 1159 1442 1248 1490; x_wconf 88' lang='lat' dir='ltr'><strong>est</strong></span> <span class='ocrx_word' id='word_1_85' title='bbox 1273 1435 1567 1490; x_wconf 90' lang='lat' dir='ltr'><strong>undecimo</strong></span> <span class='ocrx_word' id='word_1_86' title='bbox 1605 1434 1839 1490; x_wconf 74' lang='lat' dir='ltr'><strong>labentis</strong></span> <span class='ocrx_word' id='word_1_87' title='bbox 1879 1436 2007 1489; x_wconf 88' lang='lat' dir='ltr'><strong>anni</strong></span> 
     </span>
    </p>
   </div>
   <div class='ocr_carea' id='block_1_15' title="bbox 425 1521 2007 1594">
    <p class='ocr_par' dir='ltr' id='par_1_15' title="bbox 425 1521 2007 1594">
     <span class='ocr_line' id='line_1_15' title="bbox 425 1521 2007 1594; baseline 0 -17"><span class='ocrx_word' id='word_1_88' title='bbox 425 1530 691 1593; x_wconf 87' lang='lat' dir='ltr'><strong>perpetuo</strong></span> <span class='ocrx_word' id='word_1_89' title='bbox 724 1523 1013 1594; x_wconf 77' lang='lat' dir='ltr'><strong>contingit,</strong></span> <span class='ocrx_word' id='word_1_90' title='bbox 1045 1525 1124 1578; x_wconf 88' lang='lat' dir='ltr'><strong>uti</strong></span> <span class='ocrx_word' id='word_1_91' title='bbox 1175 1521 1442 1580; x_wconf 88' lang='lat' dir='ltr'><strong>Paschale</strong></span> <span class='ocrx_word' id='word_1_92' title='bbox 1497 1522 1698 1579; x_wconf 82' lang='lat' dir='ltr'><strong>festum</strong></span> <span class='ocrx_word' id='word_1_93' title='bbox 1740 1522 1796 1576; x_wconf 92' lang='lat' dir='ltr'><strong>in</strong></span> <span class='ocrx_word' id='word_1_94' title='bbox 1829 1523 2007 1593; x_wconf 86' lang='lat' dir='ltr'><strong>primo</strong></span> 
     </span>
    </p>
   </div>
   <div class='ocr_carea' id='block_1_16' title="bbox 424 1614 2008 1685">
    <p class='ocr_par' dir='ltr' id='par_1_16' title="bbox 424 1614 2008 1685">
     <span class='ocr_line' id='line_1_16' title="bbox 424 1614 2008 1685; baseline -0.003 -12"><span class='ocrx_word' id='word_1_95' title='bbox 424 1616 799 1673; x_wconf 84' lang='lat' dir='ltr'><strong>succedentis.</strong></span> <span class='ocrx_word' id='word_1_96' title='bbox 833 1614 1014 1682; x_wconf 85' lang='lat' dir='ltr'><strong>Quare</strong></span> <span class='ocrx_word' id='word_1_97' title='bbox 1054 1631 1181 1671; x_wconf 88' lang='lat' dir='ltr'><strong>cum</strong></span> <span class='ocrx_word' id='word_1_98' title='bbox 1219 1616 1360 1673; x_wconf 86' lang='lat' dir='ltr'><strong>duos</strong></span> <span class='ocrx_word' id='word_1_99' title='bbox 1407 1630 1582 1671; x_wconf 87' lang='lat' dir='ltr'><strong>annos</strong></span> <span class='ocrx_word' id='word_1_100' title='bbox 1616 1622 1889 1685; x_wconf 86' lang='lat' dir='ltr'><strong>occupent</strong></span> <span class='ocrx_word' id='word_1_101' title='bbox 1917 1629 2008 1670; x_wconf 88' lang='lat' dir='ltr'><strong>sa-</strong></span> 
     </span>
    </p>
   </div>
   <div class='ocr_carea' id='block_1_17' title="bbox 422 1707 2006 1781">
    <p class='ocr_par' dir='ltr' id='par_1_17' title="bbox 422 1707 2006 1781">
     <span class='ocr_line' id='line_1_17' title="bbox 422 1707 2006 1781; baseline -0.004 -14"><span class='ocrx_word' id='word_1_102' title='bbox 422 1709 857 1781; x_wconf 85' lang='lat' dir='ltr'><strong>crijejuniorum</strong></span> <span class='ocrx_word' id='word_1_103' title='bbox 879 1710 1019 1773; x_wconf 87' lang='lat' dir='ltr'><strong>dies,</strong></span> <span class='ocrx_word' id='word_1_104' title='bbox 1057 1710 1147 1766; x_wconf 85' lang='lat' dir='ltr'><strong>vel</strong></span> <span class='ocrx_word' id='word_1_105' title='bbox 1182 1710 1364 1780; x_wconf 83' lang='lat' dir='ltr'><strong>potius</strong></span> <span class='ocrx_word' id='word_1_106' title='bbox 1395 1724 1428 1763; x_wconf 90' lang='lat' dir='ltr'><strong>a</strong></span> <span class='ocrx_word' id='word_1_107' title='bbox 1465 1708 1682 1763; x_wconf 86' lang='lat' dir='ltr'><strong>duobus</strong></span> <span class='ocrx_word' id='word_1_108' title='bbox 1717 1707 1821 1778; x_wconf 82' lang='lat' dir='ltr'><strong>ipsi</strong></span> <span class='ocrx_word' id='word_1_109' title='bbox 1853 1721 2006 1762; x_wconf 89' lang='lat' dir='ltr'><strong>com-</strong></span> 
     </span>
    </p>
   </div>
   <div class='ocr_carea' id='block_1_18' title="bbox 422 1792 2007 1872">
    <p class='ocr_par' dir='ltr' id='par_1_18' title="bbox 422 1792 2007 1872">
     <span class='ocr_line' id='line_1_18' title="bbox 422 1792 2007 1872; baseline -0.001 -16"><span class='ocrx_word' id='word_1_110' title='bbox 422 1801 858 1872; x_wconf 76' lang='lat' dir='ltr'><strong>prehendantur,</strong></span> <span class='ocrx_word' id='word_1_111' title='bbox 890 1802 963 1854; x_wconf 92' lang='lat' dir='ltr'><strong>ita</strong></span> <span class='ocrx_word' id='word_1_112' title='bbox 1001 1808 1060 1855; x_wconf 88' lang='lat' dir='ltr'><strong>ut</strong></span> <span class='ocrx_word' id='word_1_113' title='bbox 1094 1800 1313 1855; x_wconf 90' lang='lat' dir='ltr'><strong>initium</strong></span> <span class='ocrx_word' id='word_1_114' title='bbox 1342 1801 1559 1855; x_wconf 93' lang='lat' dir='ltr'><strong>illorum</strong></span> <span class='ocrx_word' id='word_1_115' title='bbox 1597 1798 1667 1854; x_wconf 90' lang='lat' dir='ltr'><strong>ab</strong></span> <span class='ocrx_word' id='word_1_116' title='bbox 1698 1813 1843 1854; x_wconf 84' lang='lat' dir='ltr'><strong>anno</strong></span> <span class='ocrx_word' id='word_1_117' title='bbox 1879 1792 2007 1854; x_wconf 81' lang='lat' dir='ltr'><strong>cur-</strong></span> 
     </span>
    </p>
   </div>
   <div class='ocr_carea' id='block_1_19' title="bbox 423 1889 2010 1963">
    <p class='ocr_par' dir='ltr' id='par_1_19' title="bbox 423 1889 2010 1963">
     <span class='ocr_line' id='line_1_19' title="bbox 423 1889 2010 1963; baseline -0.001 -16"><span class='ocrx_word' id='word_1_118' title='bbox 423 1900 581 1949; x_wconf 88' lang='lat' dir='ltr'><strong>rente</strong></span> <span class='ocrx_word' id='word_1_119' title='bbox 604 1894 747 1947; x_wconf 73' lang='lat' dir='ltr'><strong>lunae</strong></span> <span class='ocrx_word' id='word_1_120' title='bbox 776 1891 1044 1963; x_wconf 76' lang='lat' dir='ltr'><strong>pendeat;</strong></span> <span class='ocrx_word' id='word_1_121' title='bbox 1078 1890 1203 1947; x_wconf 84' lang='lat' dir='ltr'><strong>linis</strong></span> <span class='ocrx_word' id='word_1_122' title='bbox 1226 1897 1408 1947; x_wconf 90' lang='lat' dir='ltr'><strong>autem</strong></span> <span class='ocrx_word' id='word_1_123' title='bbox 1442 1890 1511 1946; x_wconf 90' lang='lat' dir='ltr'><strong>ab</strong></span> <span class='ocrx_word' id='word_1_124' title='bbox 1535 1905 1601 1947; x_wconf 92' lang='lat' dir='ltr'><strong>eo</strong></span> <span class='ocrx_word' id='word_1_125' title='bbox 1632 1889 1727 1960; x_wconf 87' lang='lat' dir='ltr'><strong>qui</strong></span> <span class='ocrx_word' id='word_1_126' title='bbox 1759 1889 2010 1961; x_wconf 80' lang='lat' dir='ltr'><strong>proxime</strong></span> 
     </span>
    </p>
   </div>
   <div class='ocr_carea' id='block_1_20' title="bbox 423 1981 2008 2055">
    <p class='ocr_par' dir='ltr' id='par_1_20' title="bbox 423 1981 2008 2055">
     <span class='ocr_line' id='line_1_20' title="bbox 423 1981 2008 2055; baseline -0.002 -15"><span class='ocrx_word' id='word_1_127' title='bbox 423 1983 698 2055; x_wconf 75' lang='lat' dir='ltr'><strong>sequitur,</strong></span> <span class='ocrx_word' id='word_1_128' title='bbox 728 1998 955 2039; x_wconf 87' lang='lat' dir='ltr'><strong>necesse</strong></span> <span class='ocrx_word' id='word_1_129' title='bbox 972 1991 1056 2038; x_wconf 90' lang='lat' dir='ltr'><strong>est</strong></span> <span class='ocrx_word' id='word_1_130' title='bbox 1075 1992 1132 2036; x_wconf 90' lang='lat' dir='ltr'><strong>ut</strong></span> <span class='ocrx_word' id='word_1_131' title='bbox 1153 1981 1493 2053; x_wconf 87' lang='lat' dir='ltr'><strong>jejuniorum</strong></span> <span class='ocrx_word' id='word_1_132' title='bbox 1524 1981 1742 2036; x_wconf 89' lang='lat' dir='ltr'><strong>initium</strong></span> <span class='ocrx_word' id='word_1_133' title='bbox 1767 1996 1830 2037; x_wconf 84' lang='lat' dir='ltr'><strong>ex</strong></span> <span class='ocrx_word' id='word_1_134' title='bbox 1859 1996 2008 2037; x_wconf 88' lang='lat' dir='ltr'><strong>anno</strong></span> 
     </span>
    </p>
   </div>
   <div class='ocr_carea' id='block_1_21' title="bbox 423 2070 2005 2143">
    <p class='ocr_par' dir='ltr' id='par_1_21' title="bbox 423 2070 2005 2143">
     <span class='ocr_line' id='line_1_21' title="bbox 423 2070 2005 2143; baseline 0.001 -17"><span class='ocrx_word' id='word_1_135' title='bbox 423 2070 643 2126; x_wconf 87' lang='lat' dir='ltr'><strong>decimo</strong></span> <span class='ocrx_word' id='word_1_136' title='bbox 675 2086 820 2126; x_wconf 92' lang='lat' dir='ltr'><strong>nono</strong></span> <span class='ocrx_word' id='word_1_137' title='bbox 865 2072 1177 2140; x_wconf 80' lang='lat' dir='ltr'><strong>metiamur,</strong></span> <span class='ocrx_word' id='word_1_138' title='bbox 1209 2071 1428 2143; x_wconf 83' lang='lat' dir='ltr'><strong>quando</strong></span> <span class='ocrx_word' id='word_1_139' title='bbox 1488 2072 1729 2127; x_wconf 88' lang='lat' dir='ltr'><strong>salutare</strong></span> <span class='ocrx_word' id='word_1_140' title='bbox 1789 2071 2005 2128; x_wconf 88' lang='lat' dir='ltr'><strong>Pascha</strong></span> 
     </span>
    </p>
   </div>
   <div class='ocr_carea' id='block_1_22' title="bbox 422 2163 2002 2236">
    <p class='ocr_par' dir='ltr' id='par_1_22' title="bbox 422 2163 2002 2236">
     <span class='ocr_line' id='line_1_22' title="bbox 422 2163 2002 2236; baseline 0.001 -17"><span class='ocrx_word' id='word_1_141' title='bbox 422 2180 570 2220; x_wconf 89' lang='lat' dir='ltr'><strong>anno</strong></span> <span class='ocrx_word' id='word_1_142' title='bbox 597 2165 741 2220; x_wconf 72' lang='lat' dir='ltr'><strong>luna:</strong></span> <span class='ocrx_word' id='word_1_143' title='bbox 765 2165 942 2236; x_wconf 89' lang='lat' dir='ltr'><strong>primo</strong></span> <span class='ocrx_word' id='word_1_144' title='bbox 969 2165 1299 2221; x_wconf 82' lang='lat' dir='ltr'><strong>celebratur.</strong></span> <span class='ocrx_word' id='word_1_145' title='bbox 1339 2163 1431 2218; x_wconf 87' lang='lat' dir='ltr'><strong>Sic</strong></span> <span class='ocrx_word' id='word_1_146' title='bbox 1452 2179 1519 2219; x_wconf 80' lang='lat' dir='ltr'><strong>ex</strong></span> <span class='ocrx_word' id='word_1_147' title='bbox 1541 2179 1688 2219; x_wconf 89' lang='lat' dir='ltr'><strong>anno</strong></span> <span class='ocrx_word' id='word_1_148' title='bbox 1726 2166 1902 2234; x_wconf 88' lang='lat' dir='ltr'><strong>primo</strong></span> <span class='ocrx_word' id='word_1_149' title='bbox 1923 2165 2002 2235; x_wconf 85' lang='lat' dir='ltr'><strong>je-</strong></span> 
     </span>
    </p>
   </div>
   <div class='ocr_carea' id='block_1_23' title="bbox 418 2256 2008 2328">
    <p class='ocr_par' dir='ltr' id='par_1_23' title="bbox 418 2256 2008 2328">
     <span class='ocr_line' id='line_1_23' title="bbox 418 2256 2008 2328; baseline 0.003 -18"><span class='ocrx_word' id='word_1_150' title='bbox 418 2257 703 2327; x_wconf 86' lang='lat' dir='ltr'><strong>juniorum</strong></span> <span class='ocrx_word' id='word_1_151' title='bbox 737 2266 902 2327; x_wconf 89' lang='lat' dir='ltr'><strong>caput</strong></span> <span class='ocrx_word' id='word_1_152' title='bbox 934 2256 1214 2328; x_wconf 83' lang='lat' dir='ltr'><strong>dirigitur,</strong></span> <span class='ocrx_word' id='word_1_153' title='bbox 1263 2257 1481 2327; x_wconf 88' lang='lat' dir='ltr'><strong>quoties</strong></span> <span class='ocrx_word' id='word_1_154' title='bbox 1519 2256 1716 2313; x_wconf 82' lang='lat' dir='ltr'><strong>festum</strong></span> <span class='ocrx_word' id='word_1_155' title='bbox 1744 2257 2008 2314; x_wconf 80' lang='lat' dir='ltr'><strong>Resurre-</strong></span> 
     </span>
    </p>
   </div>
   <div class='ocr_carea' id='block_1_24' title="bbox 418 2346 2005 2414">
    <p class='ocr_par' dir='ltr' id='par_1_24' title="bbox 418 2346 2005 2414">
     <span class='ocr_line' id='line_1_24' title="bbox 418 2346 2005 2414; baseline 0 -11"><span class='ocrx_word' id='word_1_156' title='bbox 418 2348 623 2404; x_wconf 86' lang='lat' dir='ltr'><strong>ctionis</strong></span> <span class='ocrx_word' id='word_1_157' title='bbox 664 2349 722 2403; x_wconf 90' lang='lat' dir='ltr'><strong>in</strong></span> <span class='ocrx_word' id='word_1_158' title='bbox 759 2348 1062 2403; x_wconf 83' lang='lat' dir='ltr'><strong>secundum</strong></span> <span class='ocrx_word' id='word_1_159' title='bbox 1093 2346 1319 2414; x_wconf 88' lang='lat' dir='ltr'><strong>incidit;</strong></span> <span class='ocrx_word' id='word_1_160' title='bbox 1360 2355 1416 2402; x_wconf 89' lang='lat' dir='ltr'><strong>et</strong></span> <span class='ocrx_word' id='word_1_161' title='bbox 1463 2362 1531 2403; x_wconf 77' lang='lat' dir='ltr'><strong>ex</strong></span> <span class='ocrx_word' id='word_1_162' title='bbox 1564 2347 1830 2413; x_wconf 78' lang='lat' dir='ltr'><strong>secundo,</strong></span> <span class='ocrx_word' id='word_1_163' title='bbox 1878 2363 2005 2403; x_wconf 92' lang='lat' dir='ltr'><strong>cum</strong></span> 
     </span>
    </p>
   </div>
   <div class='ocr_carea' id='block_1_25' title="bbox 421 2438 2006 2510">
    <p class='ocr_par' dir='ltr' id='par_1_25' title="bbox 421 2438 2006 2510">
     <span class='ocr_line' id='line_1_25' title="bbox 421 2438 2006 2510; baseline 0.001 -15"><span class='ocrx_word' id='word_1_164' title='bbox 421 2440 478 2495; x_wconf 87' lang='lat' dir='ltr'><strong>in</strong></span> <span class='ocrx_word' id='word_1_165' title='bbox 523 2441 745 2495; x_wconf 89' lang='lat' dir='ltr'><strong>tertimn</strong></span> <span class='ocrx_word' id='word_1_166' title='bbox 787 2438 974 2504; x_wconf 84' lang='lat' dir='ltr'><strong>cadit,</strong></span> <span class='ocrx_word' id='word_1_167' title='bbox 1034 2448 1089 2495; x_wconf 90' lang='lat' dir='ltr'><strong>et</strong></span> <span class='ocrx_word' id='word_1_168' title='bbox 1129 2439 1200 2495; x_wconf 90' lang='lat' dir='ltr'><strong>ab</strong></span> <span class='ocrx_word' id='word_1_169' title='bbox 1255 2440 1360 2495; x_wconf 87' lang='lat' dir='ltr'><strong>hoc</strong></span> <span class='ocrx_word' id='word_1_170' title='bbox 1410 2454 1625 2503; x_wconf 79' lang='lat' dir='ltr'><strong>rursus,</strong></span> <span class='ocrx_word' id='word_1_171' title='bbox 1681 2440 1903 2510; x_wconf 91' lang='lat' dir='ltr'><strong>quando</strong></span> <span class='ocrx_word' id='word_1_172' title='bbox 1948 2441 2006 2496; x_wconf 90' lang='lat' dir='ltr'><strong>in</strong></span> 
     </span>
    </p>
   </div>
   <div class='ocr_carea' id='block_1_26' title="bbox 418 2532 2006 2603">
    <p class='ocr_par' dir='ltr' id='par_1_26' title="bbox 418 2532 2006 2603">
     <span class='ocr_line' id='line_1_26' title="bbox 418 2532 2006 2603; baseline 0.001 -17"><span class='ocrx_word' id='word_1_173' title='bbox 418 2540 679 2603; x_wconf 85' lang='lat' dir='ltr'><strong>quartum</strong></span> <span class='ocrx_word' id='word_1_174' title='bbox 712 2532 947 2587; x_wconf 87' lang='lat' dir='ltr'><strong>incurrit</strong></span> <span class='ocrx_word' id='word_1_175' title='bbox 979 2550 992 2587; x_wconf 91' lang='lat'><strong>:</strong></span> <span class='ocrx_word' id='word_1_176' title='bbox 1041 2540 1209 2603; x_wconf 86' lang='lat' dir='ltr'><strong>atque</strong></span> <span class='ocrx_word' id='word_1_177' title='bbox 1248 2532 1321 2587; x_wconf 87' lang='lat' dir='ltr'><strong>ita</strong></span> <span class='ocrx_word' id='word_1_178' title='bbox 1343 2548 1531 2603; x_wconf 83' lang='lat' dir='ltr'><strong>porro.</strong></span> <span class='ocrx_word' id='word_1_179' title='bbox 1583 2532 1664 2587; x_wconf 88' lang='lat' dir='ltr'><strong>Ad</strong></span> <span class='ocrx_word' id='word_1_180' title='bbox 1697 2532 1845 2588; x_wconf 85' lang='lat' dir='ltr'><strong>hunc</strong></span> <span class='ocrx_word' id='word_1_181' title='bbox 1886 2547 2006 2587; x_wconf 89' lang='lat' dir='ltr'><strong>mo-</strong></span> 
     </span>
    </p>
   </div>
   <div class='ocr_carea' id='block_1_27' title="bbox 418 2621 2005 2679">
    <p class='ocr_par' dir='ltr' id='par_1_27' title="bbox 418 2621 2005 2679">
     <span class='ocr_line' id='line_1_27' title="bbox 418 2621 2005 2679; baseline -0.001 0"><span class='ocrx_word' id='word_1_182' title='bbox 418 2622 551 2679; x_wconf 85' lang='lat' dir='ltr'><strong>dum</strong></span> <span class='ocrx_word' id='word_1_183' title='bbox 581 2638 640 2679; x_wconf 90' lang='lat' dir='ltr'><strong>se</strong></span> <span class='ocrx_word' id='word_1_184' title='bbox 674 2623 835 2679; x_wconf 85' lang='lat' dir='ltr'><strong>habet</strong></span> <span class='ocrx_word' id='word_1_185' title='bbox 873 2621 1146 2677; x_wconf 86' lang='lat' dir='ltr'><strong>lunarium</strong></span> <span class='ocrx_word' id='word_1_186' title='bbox 1182 2622 1252 2677; x_wconf 87' lang='lat' dir='ltr'><strong>ad</strong></span> <span class='ocrx_word' id='word_1_187' title='bbox 1289 2622 1572 2679; x_wconf 82' lang='lat' dir='ltr'><strong>sinistram</strong></span> <span class='ocrx_word' id='word_1_188' title='bbox 1601 2636 1871 2678; x_wconf 89' lang='lat' dir='ltr'><strong>annorum</strong></span> <span class='ocrx_word' id='word_1_189' title='bbox 1906 2621 2005 2678; x_wconf 85' lang='lat' dir='ltr'><strong>de-</strong></span> 
     </span>
    </p>
   </div>
   <div class='ocr_carea' id='block_1_28' title="bbox 420 2717 673 2787">
    <p class='ocr_par' dir='ltr' id='par_1_28' title="bbox 420 2717 673 2787">
     <span class='ocr_line' id='line_1_28' title="bbox 420 2717 673 2787; baseline -0.02 -12"><span class='ocrx_word' id='word_1_190' title='bbox 420 2717 673 2787; x_wconf 80' lang='lat' dir='ltr'><strong>scriptio.</strong></span> 
     </span>
    </p>
   </div>
   <div class='ocr_carea' id='block_1_29' title="bbox 427 2916 1999 2989">
    <p class='ocr_par' dir='ltr' id='par_1_29' title="bbox 427 2916 1999 2989">
     <span class='ocr_line' id='line_1_29' title="bbox 427 2916 1999 2989; baseline -0.004 -10"><span class='ocrx_word' id='word_1_191' title='bbox 427 2917 584 2989; x_wconf 71' lang='lat'><strong>173</strong></span> <span class='ocrx_word' id='word_1_192' title='bbox 620 2916 851 2984; x_wconf 74' lang='lat' dir='ltr'><strong>Quinam</strong></span> <span class='ocrx_word' id='word_1_193' title='bbox 878 2917 984 2971; x_wconf 76' lang='lat' dir='ltr'><strong>sint</strong></span> <span class='ocrx_word' id='word_1_194' title='bbox 1008 2916 1295 2983; x_wconf 77' lang='lat' dir='ltr'><strong>embolimi,</strong></span> <span class='ocrx_word' id='word_1_195' title='bbox 1325 2926 1371 2971; x_wconf 81' lang='lat' dir='ltr'><strong>et</strong></span> <span class='ocrx_word' id='word_1_196' title='bbox 1398 2933 1516 2988; x_wconf 71' lang='lat' dir='ltr'><strong>qua!</strong></span> <span class='ocrx_word' id='word_1_197' title='bbox 1542 2917 1756 2973; x_wconf 75' lang='lat' dir='ltr'><strong>lunares</strong></span> <span class='ocrx_word' id='word_1_198' title='bbox 1777 2924 1999 2988; x_wconf 77' lang='lat' dir='ltr'><strong>epacta&#39;.</strong></span> 
     </span>
    </p>
   </div>
   <div class='ocr_carea' id='block_1_30' title="bbox 2119 495 3698 569">
    <p class='ocr_par' dir='ltr' id='par_1_30' title="bbox 2119 495 3698 569">
     <span class='ocr_line' id='line_1_30' title="bbox 2119 495 3698 569; baseline 0 -19"><span class='ocrx_word' id='word_1_199' title='bbox 2119 498 2290 569; x_wconf 75' lang='grc' dir='ltr'>μέναο</span> <span class='ocrx_word' id='word_1_200' title='bbox 2348 498 2489 552; x_wconf 81' lang='grc' dir='ltr'><strong>κατὰ</strong></span> <span class='ocrx_word' id='word_1_201' title='bbox 2537 498 2628 551; x_wconf 91' lang='grc' dir='ltr'><strong>τὸν</strong></span> <span class='ocrx_word' id='word_1_202' title='bbox 2672 498 2924 569; x_wconf 86' lang='grc' dir='ltr'>δεύτερον</span> <span class='ocrx_word' id='word_1_203' title='bbox 2969 497 3153 568; x_wconf 81' lang='grc' dir='ltr'>στίχον</span> <span class='ocrx_word' id='word_1_204' title='bbox 3200 496 3294 549; x_wconf 82' lang='grc' dir='ltr'>καὶ</span> <span class='ocrx_word' id='word_1_205' title='bbox 3347 495 3554 550; x_wconf 78' lang='grc' dir='ltr'><strong>κύκλον</strong></span> <span class='ocrx_word' id='word_1_206' title='bbox 3600 497 3698 561; x_wconf 71' lang='grc' dir='ltr'><strong>τὰς</strong></span> 
     </span>
    </p>
   </div>
   <div class='ocr_carea' id='block_1_31' title="bbox 2114 589 3696 662">
    <p class='ocr_par' dir='ltr' id='par_1_31' title="bbox 2114 589 3696 662">
     <span class='ocr_line' id='line_1_31' title="bbox 2114 589 3696 662; baseline 0.001 -19"><span class='ocrx_word' id='word_1_207' title='bbox 2114 589 2294 644; x_wconf 77' lang='grc' dir='ltr'>αὐτῶν</span> <span class='ocrx_word' id='word_1_208' title='bbox 2322 590 2428 645; x_wconf 90' lang='grc' dir='ltr'><strong>τῶν</strong></span> <span class='ocrx_word' id='word_1_209' title='bbox 2452 599 2538 662; x_wconf 86' lang='grc' dir='ltr'>κη’</span> <span class='ocrx_word' id='word_1_210' title='bbox 2570 591 2706 645; x_wconf 81' lang='grc' dir='ltr'>ἐτῶν</span> <span class='ocrx_word' id='word_1_211' title='bbox 2745 591 3010 655; x_wconf 78' lang='grc' dir='ltr'>ὲπακτὰς,</span> <span class='ocrx_word' id='word_1_212' title='bbox 3042 591 3128 660; x_wconf 74' lang='grc' dir='ltr'><strong>ἐφ’</strong></span> <span class='ocrx_word' id='word_1_213' title='bbox 3155 590 3387 644; x_wconf 81' lang='grc' dir='ltr'><strong>ἑκάστου</strong></span> <span class='ocrx_word' id='word_1_214' title='bbox 3412 589 3572 654; x_wconf 88' lang='grc' dir='ltr'><strong>ἔτους</strong></span> <span class='ocrx_word' id='word_1_215' title='bbox 3600 590 3696 656; x_wconf 79' lang='grc' dir='ltr'><strong>τὰς</strong></span> 
     </span>
    </p>
   </div>
   <div class='ocr_carea' id='block_1_32' title="bbox 2116 682 3698 759">
    <p class='ocr_par' dir='ltr' id='par_1_32' title="bbox 2116 682 3698 759">
     <span class='ocr_line' id='line_1_32' title="bbox 2116 682 3698 759; baseline 0.001 -23"><span class='ocrx_word' id='word_1_216' title='bbox 2116 683 2457 755; x_wconf 79' lang='grc' dir='ltr'><strong>προσφόρους</strong></span> <span class='ocrx_word' id='word_1_217' title='bbox 2498 684 2775 754; x_wconf 81' lang='grc' dir='ltr'><strong>ἀναλόγως</strong></span> <span class='ocrx_word' id='word_1_218' title='bbox 2816 684 3327 759; x_wconf 73' lang='grc' dir='ltr'>ἐπιγεγραμμένας.</span> <span class='ocrx_word' id='word_1_219' title='bbox 3375 682 3571 738; x_wconf 79' lang='grc' dir='ltr'>Ταῦτα</span> <span class='ocrx_word' id='word_1_220' title='bbox 3606 685 3698 738; x_wconf 79' lang='grc' dir='ltr'><strong>καὶ</strong></span> 
     </span>
    </p>
   </div>
   <div class='ocr_carea' id='block_1_33' title="bbox 2114 774 2809 847">
    <p class='ocr_par' dir='ltr' id='par_1_33' title="bbox 2114 774 2809 847">
     <span class='ocr_line' id='line_1_33' title="bbox 2114 774 2809 847; baseline 0.007 -21"><span class='ocrx_word' id='word_1_221' title='bbox 2114 774 2238 846; x_wconf 71' lang='grc' dir='ltr'>περὶ</span> <span class='ocrx_word' id='word_1_222' title='bbox 2271 774 2364 828; x_wconf 78' lang='grc' dir='ltr'>τοῦ</span> <span class='ocrx_word' id='word_1_223' title='bbox 2397 774 2562 846; x_wconf 83' lang='grc' dir='ltr'>μέσου</span> <span class='ocrx_word' id='word_1_224' title='bbox 2591 775 2809 847; x_wconf 83' lang='grc' dir='ltr'>τροχοῦ.</span> 
     </span>
    </p>
   </div>
   <div class='ocr_carea' id='block_1_34' title="bbox 2118 889 3699 973">
    <p class='ocr_par' dir='ltr' id='par_1_34' title="bbox 2118 889 3699 973">
     <span class='ocr_line' id='line_1_34' title="bbox 2118 889 3699 973; baseline 0.003 -30"><span class='ocrx_word' id='word_1_225' title='bbox 2118 889 2215 956; x_wconf 85' lang='grc' dir='ltr'>Τίς</span> <span class='ocrx_word' id='word_1_226' title='bbox 2230 890 2275 922; x_wconf 82' lang='grc'><strong>⁷⁸</strong></span> <span class='ocrx_word' id='word_1_227' title='bbox 2295 890 2335 957; x_wconf 77' lang='grc' dir='ltr'><em>ἠ</em></span> <span class='ocrx_word' id='word_1_228' title='bbox 2367 890 2487 973; x_wconf 59' lang='grc' dir='ltr'><strong>ἀπὸ</strong></span> <span class='ocrx_word' id='word_1_229' title='bbox 2608 890 2730 973; x_wconf 66' lang='grc' dir='ltr'><strong>τῆς</strong></span> <span class='ocrx_word' id='word_1_230' title='bbox 2750 892 3019 973; x_wconf 64' lang='grc' dir='ltr'>σελήιςης</span> <span class='ocrx_word' id='word_1_231' title='bbox 3044 892 3239 973; x_wconf 65' lang='grc' dir='ltr'>ἔξους,</span> <span class='ocrx_word' id='word_1_232' title='bbox 3266 893 3405 973; x_wconf 77' lang='lat' dir='ltr'><strong>_d.1.1‘</strong></span> <span class='ocrx_word' id='word_1_233' title='bbox 3431 894 3551 947; x_wconf 83' lang='grc' dir='ltr'><strong>οὐκ</strong></span> <span class='ocrx_word' id='word_1_234' title='bbox 3577 892 3699 948; x_wconf 71' lang='grc' dir='ltr'><strong>ἀπὸ</strong></span> 
     </span>
    </p>
   </div>
   <div class='ocr_carea' id='block_1_35' title="bbox 2306 960 3488 1034">
    <p class='ocr_par' dir='ltr' id='par_1_35' title="bbox 2306 960 3488 1034">
     <span class='ocr_line' id='line_1_35' title="bbox 2306 960 3488 1034; baseline 0.003 -20"><span class='ocrx_word' id='word_1_235' title='bbox 2306 960 2540 1030; x_wconf 80' lang='grc' dir='ltr'><strong>πρώτης</strong></span> <span class='ocrx_word' id='word_1_236' title='bbox 2560 963 2630 1016; x_wconf 83' lang='grc' dir='ltr'><strong>ἐν</strong></span> <span class='ocrx_word' id='word_1_237' title='bbox 2656 961 2737 1029; x_wconf 86' lang='grc' dir='ltr'><strong>τῷ</strong></span> <span class='ocrx_word' id='word_1_238' title='bbox 2763 960 3046 1034; x_wconf 76' lang='grc' dir='ltr'><strong>εὐωνύμῳ</strong></span> <span class='ocrx_word' id='word_1_239' title='bbox 3071 962 3488 1034; x_wconf 71' lang='grc' dir='ltr'><strong>διαγράμματι.</strong></span> 
     </span>
    </p>
   </div>
   <div class='ocr_carea' id='block_1_36' title="bbox 2182 1074 3698 1148">
    <p class='ocr_par' dir='ltr' id='par_1_36' title="bbox 2182 1074 3698 1148">
     <span class='ocr_line' id='line_1_36' title="bbox 2182 1074 3698 1148; baseline 0.001 -20"><span class='ocrx_word' id='word_1_240' title='bbox 2182 1075 2274 1141; x_wconf 66' lang='grc' dir='ltr'><strong>(τ’.</strong></span> <span class='ocrx_word' id='word_1_241' title='bbox 2312 1074 2377 1127; x_wconf 86' lang='grc' dir='ltr'><strong>Ἦ</strong></span> <span class='ocrx_word' id='word_1_242' title='bbox 2403 1074 2461 1129; x_wconf 82' lang='grc' dir='ltr'>δὲ</span> <span class='ocrx_word' id='word_1_243' title='bbox 2491 1074 2641 1129; x_wconf 77' lang='grc' dir='ltr'>αἰτία</span> <span class='ocrx_word' id='word_1_244' title='bbox 2673 1074 2794 1129; x_wconf 84' lang='grc' dir='ltr'>καθ’</span> <span class='ocrx_word' id='word_1_245' title='bbox 2824 1076 2892 1148; x_wconf 67' lang='grc' dir='ltr'>ἢν</span> <span class='ocrx_word' id='word_1_246' title='bbox 2938 1074 3040 1130; x_wconf 79' lang='grc' dir='ltr'><strong>οὐκ</strong></span> <span class='ocrx_word' id='word_1_247' title='bbox 3075 1075 3184 1129; x_wconf 83' lang='grc' dir='ltr'>ἀπὸ</span> <span class='ocrx_word' id='word_1_248' title='bbox 3215 1074 3435 1148; x_wconf 81' lang='grc' dir='ltr'>πρώτου</span> <span class='ocrx_word' id='word_1_249' title='bbox 3462 1075 3623 1140; x_wconf 87' lang='grc' dir='ltr'><strong>ἔτους</strong></span> <span class='ocrx_word' id='word_1_250' title='bbox 3663 1077 3698 1148; x_wconf 81' lang='grc' dir='ltr'><strong>ή</strong></span> 
     </span>
    </p>
   </div>
   <div class='ocr_carea' id='block_1_37' title="bbox 2110 1164 3697 1239">
    <p class='ocr_par' dir='ltr' id='par_1_37' title="bbox 2110 1164 3697 1239">
     <span class='ocr_line' id='line_1_37' title="bbox 2110 1164 3697 1239; baseline 0.003 -21"><span class='ocrx_word' id='word_1_251' title='bbox 2110 1164 2363 1238; x_wconf 80' lang='grc' dir='ltr'>ὲγγραφὴ</span> <span class='ocrx_word' id='word_1_252' title='bbox 2392 1165 2501 1219; x_wconf 83' lang='grc' dir='ltr'><strong>τῶν</strong></span> <span class='ocrx_word' id='word_1_253' title='bbox 2532 1168 2632 1238; x_wconf 83' lang='grc' dir='ltr'><strong>τῆς</strong></span> <span class='ocrx_word' id='word_1_254' title='bbox 2660 1167 2893 1239; x_wconf 80' lang='grc' dir='ltr'><strong>σελήνης</strong></span> <span class='ocrx_word' id='word_1_255' title='bbox 2919 1166 3057 1220; x_wconf 77' lang='grc' dir='ltr'>ἐτῶν</span> <span class='ocrx_word' id='word_1_256' title='bbox 3080 1164 3141 1232; x_wconf 76' lang='grc' dir='ltr'>ἐξ</span> <span class='ocrx_word' id='word_1_257' title='bbox 3172 1166 3468 1239; x_wconf 83' lang='grc' dir='ltr'><strong>εὐωνύμων</strong></span> <span class='ocrx_word' id='word_1_258' title='bbox 3494 1167 3697 1237; x_wconf 80' lang='grc' dir='ltr'><strong>ὲτάτη,</strong></span> 
     </span>
    </p>
   </div>
   <div class='ocr_carea' id='block_1_38' title="bbox 2109 1257 3700 1333">
    <p class='ocr_par' dir='ltr' id='par_1_38' title="bbox 2109 1257 3700 1333">
     <span class='ocr_line' id='line_1_38' title="bbox 2109 1257 3700 1333; baseline 0.003 -21"><span class='ocrx_word' id='word_1_259' title='bbox 2109 1259 2243 1313; x_wconf 78' lang='grc' dir='ltr'>ἀλλὰ</span> <span class='ocrx_word' id='word_1_260' title='bbox 2277 1260 2386 1314; x_wconf 83' lang='grc' dir='ltr'>ἀπὸ</span> <span class='ocrx_word' id='word_1_261' title='bbox 2419 1257 2507 1326; x_wconf 79' lang='grc' dir='ltr'><strong>ιϐ’,</strong></span> <span class='ocrx_word' id='word_1_262' title='bbox 2540 1260 2636 1314; x_wconf 70' lang='grc' dir='ltr'>καὶ</span> <span class='ocrx_word' id='word_1_263' title='bbox 2672 1259 2846 1324; x_wconf 73' lang='grc' dir='ltr'>οὕτως</span> <span class='ocrx_word' id='word_1_264' title='bbox 2874 1259 3114 1333; x_wconf 80' lang='grc' dir='ltr'><strong>πρώτου,</strong></span> <span class='ocrx_word' id='word_1_265' title='bbox 3156 1261 3250 1315; x_wconf 78' lang='grc' dir='ltr'><strong>καὶ</strong></span> <span class='ocrx_word' id='word_1_266' title='bbox 3287 1260 3572 1331; x_wconf 83' lang='grc' dir='ltr'><strong>δευτέρου,</strong></span> <span class='ocrx_word' id='word_1_267' title='bbox 3604 1263 3700 1316; x_wconf 78' lang='grc' dir='ltr'>καὶ</span> 
     </span>
    </p>
   </div>
   <div class='ocr_carea' id='block_1_39' title="bbox 2107 1347 3700 1424">
    <p class='ocr_par' dir='ltr' id='par_1_39' title="bbox 2107 1347 3700 1424">
     <span class='ocr_line' id='line_1_39' title="bbox 2107 1347 3700 1424; baseline 0.002 -21"><span class='ocrx_word' id='word_1_268' title='bbox 2107 1349 2215 1404; x_wconf 88' lang='grc' dir='ltr'><strong>τῶν</strong></span> <span class='ocrx_word' id='word_1_269' title='bbox 2270 1347 2545 1422; x_wconf 80' lang='grc' dir='ltr'><strong>καθεξῆς,</strong></span> <span class='ocrx_word' id='word_1_270' title='bbox 2593 1351 2732 1423; x_wconf 74' lang='grc' dir='ltr'>αὕτη</span> <span class='ocrx_word' id='word_1_271' title='bbox 2779 1352 2946 1409; x_wconf 75' lang='grc' dir='ltr'>ἐστίν.</span> <span class='ocrx_word' id='word_1_272' title='bbox 2996 1353 3063 1407; x_wconf 83' lang='grc' dir='ltr'>Ἡ</span> <span class='ocrx_word' id='word_1_273' title='bbox 3108 1353 3473 1424; x_wconf 76' lang='grc' dir='ltr'>παρείσόασις</span> <span class='ocrx_word' id='word_1_274' title='bbox 3514 1354 3576 1405; x_wconf 79' lang='grc' dir='ltr'>ὲν</span> <span class='ocrx_word' id='word_1_275' title='bbox 3620 1351 3700 1423; x_wconf 77' lang='grc' dir='ltr'><strong>τῷ</strong></span> 
     </span>
    </p>
   </div>
   <div class='ocr_carea' id='block_1_40' title="bbox 2108 1441 3701 1515">
    <p class='ocr_par' dir='ltr' id='par_1_40' title="bbox 2108 1441 3701 1515">
     <span class='ocr_line' id='line_1_40' title="bbox 2108 1441 3701 1515; baseline 0.003 -22"><span class='ocrx_word' id='word_1_276' title='bbox 2108 1441 2450 1513; x_wconf 82' lang='grc' dir='ltr'>προτελεύτῳ</span> <span class='ocrx_word' id='word_1_277' title='bbox 2483 1442 2634 1514; x_wconf 76' lang='grc' dir='ltr'>μηνὶ,</span> <span class='ocrx_word' id='word_1_278' title='bbox 2655 1442 2934 1497; x_wconf 82' lang='grc' dir='ltr'><strong>τουτέστιν</strong></span> <span class='ocrx_word' id='word_1_279' title='bbox 2960 1443 3232 1515; x_wconf 75' lang='grc' dir='ltr'><strong>ἑνδεκάτῳ</strong></span> <span class='ocrx_word' id='word_1_280' title='bbox 3261 1442 3357 1498; x_wconf 78' lang='grc' dir='ltr'><strong>τοῦ</strong></span> <span class='ocrx_word' id='word_1_281' title='bbox 3392 1443 3701 1507; x_wconf 70' lang='grc' dir='ltr'><strong>ἐνεστῶτος</strong></span> 
     </span>
    </p>
   </div>
   <div class='ocr_carea' id='block_1_41' title="bbox 2106 1530 3697 1605">
    <p class='ocr_par' dir='ltr' id='par_1_41' title="bbox 2106 1530 3697 1605">
     <span class='ocr_line' id='line_1_41' title="bbox 2106 1530 3697 1605; baseline 0.003 -21"><span class='ocrx_word' id='word_1_282' title='bbox 2106 1531 2316 1599; x_wconf 67' lang='grc' dir='ltr'>γίνεται</span> <span class='ocrx_word' id='word_1_283' title='bbox 2340 1530 2496 1595; x_wconf 89' lang='grc' dir='ltr'><strong>ἔτους</strong></span> <span class='ocrx_word' id='word_1_284' title='bbox 2535 1532 2654 1586; x_wconf 71' lang='grc' dir='ltr'>ἀεί’</span> <span class='ocrx_word' id='word_1_285' title='bbox 2693 1532 2944 1605; x_wconf 83' lang='grc' dir='ltr'>καθάπερ</span> <span class='ocrx_word' id='word_1_286' title='bbox 2973 1534 3069 1588; x_wconf 74' lang='grc' dir='ltr'>καὶ</span> <span class='ocrx_word' id='word_1_287' title='bbox 3105 1536 3138 1605; x_wconf 84' lang='grc' dir='ltr'><strong>ή</strong></span> <span class='ocrx_word' id='word_1_288' title='bbox 3176 1534 3485 1605; x_wconf 61' lang='grc' dir='ltr'>Πασλάλιος</span> <span class='ocrx_word' id='word_1_289' title='bbox 3527 1535 3697 1605; x_wconf 79' lang='grc' dir='ltr'>ἑορτὴ</span> 
     </span>
    </p>
   </div>
   <div class='ocr_carea' id='block_1_42' title="bbox 2107 1621 3698 1698">
    <p class='ocr_par' dir='ltr' id='par_1_42' title="bbox 2107 1621 3698 1698">
     <span class='ocr_line' id='line_1_42' title="bbox 2107 1621 3698 1698; baseline 0.003 -22"><span class='ocrx_word' id='word_1_290' title='bbox 2107 1624 2165 1676; x_wconf 84' lang='grc' dir='ltr'>ὲν</span> <span class='ocrx_word' id='word_1_291' title='bbox 2188 1621 2265 1694; x_wconf 79' lang='grc' dir='ltr'><strong>τῷ</strong></span> <span class='ocrx_word' id='word_1_292' title='bbox 2292 1621 2494 1694; x_wconf 83' lang='grc' dir='ltr'>πρώτῳ</span> <span class='ocrx_word' id='word_1_293' title='bbox 2523 1622 2618 1677; x_wconf 76' lang='grc' dir='ltr'>τοῦ</span> <span class='ocrx_word' id='word_1_294' title='bbox 2642 1624 2866 1678; x_wconf 74' lang='grc' dir='ltr'><strong>εἰσιέναι</strong></span> <span class='ocrx_word' id='word_1_295' title='bbox 2898 1624 3203 1695; x_wconf 79' lang='grc' dir='ltr'>μέλλοντος.</span> <span class='ocrx_word' id='word_1_296' title='bbox 3238 1626 3458 1698; x_wconf 82' lang='grc' dir='ltr'>Ἐπειδὴ</span> <span class='ocrx_word' id='word_1_297' title='bbox 3494 1621 3596 1681; x_wconf 77' lang='grc' dir='ltr'>οὖν</span> <span class='ocrx_word' id='word_1_298' title='bbox 3625 1627 3698 1682; x_wconf 76' lang='grc' dir='ltr'><strong>τὰ</strong></span> 
     </span>
    </p>
   </div>
   <div class='ocr_carea' id='block_1_43' title="bbox 2106 1710 3697 1789">
    <p class='ocr_par' dir='ltr' id='par_1_43' title="bbox 2106 1710 3697 1789">
     <span class='ocr_line' id='line_1_43' title="bbox 2106 1710 3697 1789; baseline 0.004 -24"><span class='ocrx_word' id='word_1_299' title='bbox 2106 1710 2199 1766; x_wconf 82' lang='grc' dir='ltr'>δύο</span> <span class='ocrx_word' id='word_1_300' title='bbox 2231 1712 2620 1784; x_wconf 75' lang='grc' dir='ltr'>μεσολαϐοῦσιν</span> <span class='ocrx_word' id='word_1_301' title='bbox 2645 1713 2740 1785; x_wconf 84' lang='grc' dir='ltr'><strong>ἔτη</strong></span> <span class='ocrx_word' id='word_1_302' title='bbox 2771 1716 2830 1768; x_wconf 85' lang='grc' dir='ltr'>αἱ</span> <span class='ocrx_word' id='word_1_303' title='bbox 2865 1714 3017 1784; x_wconf 75' lang='grc' dir='ltr'>ἅγιαι</span> <span class='ocrx_word' id='word_1_304' title='bbox 3042 1714 3150 1770; x_wconf 87' lang='grc' dir='ltr'><strong>τῶν</strong></span> <span class='ocrx_word' id='word_1_305' title='bbox 3170 1715 3434 1789; x_wconf 78' lang='grc' dir='ltr'>νηστειῶν</span> <span class='ocrx_word' id='word_1_306' title='bbox 3459 1717 3697 1789; x_wconf 75' lang='grc' dir='ltr'>ἡμέραι.</span> 
     </span>
    </p>
   </div>
   <div class='ocr_carea' id='block_1_44' title="bbox 2113 1802 3698 1879">
    <p class='ocr_par' dir='ltr' id='par_1_44' title="bbox 2113 1802 3698 1879">
     <span class='ocr_line' id='line_1_44' title="bbox 2113 1802 3698 1879; baseline 0.004 -24"><span class='ocrx_word' id='word_1_307' title='bbox 2113 1803 2311 1874; x_wconf 75' lang='grc' dir='ltr'>μᾶλλον</span> <span class='ocrx_word' id='word_1_308' title='bbox 2358 1803 2417 1858; x_wconf 79' lang='grc' dir='ltr'>δὲ</span> <span class='ocrx_word' id='word_1_309' title='bbox 2468 1804 2605 1876; x_wconf 80' lang='grc' dir='ltr'>πρὸς</span> <span class='ocrx_word' id='word_1_310' title='bbox 2647 1805 2829 1859; x_wconf 82' lang='grc' dir='ltr'>αὐτῶν</span> <span class='ocrx_word' id='word_1_311' title='bbox 2862 1802 3019 1862; x_wconf 72' lang='grc' dir='ltr'>αὗται</span> <span class='ocrx_word' id='word_1_312' title='bbox 3059 1807 3525 1879; x_wconf 73' lang='grc' dir='ltr'>συλλαμϐάνονται</span> <span class='ocrx_word' id='word_1_313' title='bbox 3543 1826 3559 1839; x_wconf 90' lang='grc'><strong>·</strong></span> <span class='ocrx_word' id='word_1_314' title='bbox 3603 1810 3698 1862; x_wconf 76' lang='grc' dir='ltr'>καὶ</span> 
     </span>
    </p>
   </div>
   <div class='ocr_carea' id='block_1_45' title="bbox 2106 1893 3697 1969">
    <p class='ocr_par' dir='ltr' id='par_1_45' title="bbox 2106 1893 3697 1969">
     <span class='ocr_line' id='line_1_45' title="bbox 2106 1893 3697 1969; baseline 0.005 -23"><span class='ocrx_word' id='word_1_315' title='bbox 2106 1893 2176 1947; x_wconf 85' lang='grc' dir='ltr'>τὰ</span> <span class='ocrx_word' id='word_1_316' title='bbox 2193 1894 2240 1926; x_wconf 78' lang='grc'>⁸⁸</span> <span class='ocrx_word' id='word_1_317' title='bbox 2265 1893 2363 1965; x_wconf 81' lang='grc' dir='ltr'>μὲν</span> <span class='ocrx_word' id='word_1_318' title='bbox 2386 1894 2486 1965; x_wconf 83' lang='grc' dir='ltr'>τὴν</span> <span class='ocrx_word' id='word_1_319' title='bbox 2524 1895 2728 1950; x_wconf 72' lang='grc' dir='ltr'>οἰκείαν</span> <span class='ocrx_word' id='word_1_320' title='bbox 2750 1895 2923 1969; x_wconf 81' lang='grc' dir='ltr'>ἀρχὴν</span> <span class='ocrx_word' id='word_1_321' title='bbox 2952 1898 3256 1969; x_wconf 78' lang='grc' dir='ltr'>ὴρτημέναι</span> <span class='ocrx_word' id='word_1_322' title='bbox 3279 1898 3374 1953; x_wconf 90' lang='grc' dir='ltr'><strong>τοῦ</strong></span> <span class='ocrx_word' id='word_1_323' title='bbox 3396 1900 3697 1965; x_wconf 76' lang='grc' dir='ltr'><strong>ἐνεστῶτος</strong></span> 
     </span>
    </p>
   </div>
   <div class='ocr_carea' id='block_1_46' title="bbox 2106 1985 3692 2059">
    <p class='ocr_par' dir='ltr' id='par_1_46' title="bbox 2106 1985 3692 2059">
     <span class='ocr_line' id='line_1_46' title="bbox 2106 1985 3692 2059; baseline 0.005 -19"><span class='ocrx_word' id='word_1_324' title='bbox 2106 1985 2206 2057; x_wconf 84' lang='grc' dir='ltr'><strong>τῆς</strong></span> <span class='ocrx_word' id='word_1_325' title='bbox 2226 1986 2450 2059; x_wconf 81' lang='grc' dir='ltr'><strong>σελήνης</strong></span> <span class='ocrx_word' id='word_1_326' title='bbox 2470 1987 2643 2054; x_wconf 77' lang='grc' dir='ltr'><strong>ἔτους,</strong></span> <span class='ocrx_word' id='word_1_327' title='bbox 2670 1990 2812 2044; x_wconf 81' lang='grc' dir='ltr'>κατὰ</span> <span class='ocrx_word' id='word_1_328' title='bbox 2831 1991 2888 2045; x_wconf 77' lang='grc' dir='ltr'>δὲ</span> <span class='ocrx_word' id='word_1_329' title='bbox 2911 1989 2973 2044; x_wconf 89' lang='grc' dir='ltr'>τὸ</span> <span class='ocrx_word' id='word_1_330' title='bbox 2990 1990 3142 2055; x_wconf 81' lang='grc' dir='ltr'><strong>τέλος</strong></span> <span class='ocrx_word' id='word_1_331' title='bbox 3161 1986 3315 2055; x_wconf 80' lang='grc' dir='ltr'>αὖθις</span> <span class='ocrx_word' id='word_1_332' title='bbox 3339 1992 3434 2046; x_wconf 78' lang='grc' dir='ltr'><strong>τοῦ</strong></span> <span class='ocrx_word' id='word_1_333' title='bbox 3463 1993 3692 2048; x_wconf 74' lang='grc' dir='ltr'>εἰσιέναι</span> 
     </span>
    </p>
   </div>
   <div class='ocr_carea' id='block_1_47' title="bbox 2110 2078 3696 2153">
    <p class='ocr_par' dir='ltr' id='par_1_47' title="bbox 2110 2078 3696 2153">
     <span class='ocr_line' id='line_1_47' title="bbox 2110 2078 3696 2153; baseline 0.006 -22"><span class='ocrx_word' id='word_1_334' title='bbox 2110 2078 2395 2150; x_wconf 84' lang='grc' dir='ltr'>μέλλοντος</span> <span class='ocrx_word' id='word_1_335' title='bbox 2414 2097 2427 2110; x_wconf 92' lang='grc'><strong>·</strong></span> <span class='ocrx_word' id='word_1_336' title='bbox 2461 2082 2675 2153; x_wconf 80' lang='grc' dir='ltr'><strong>ἀνάγκη</strong></span> <span class='ocrx_word' id='word_1_337' title='bbox 2702 2083 2919 2147; x_wconf 81' lang='grc' dir='ltr'>πάντως</span> <span class='ocrx_word' id='word_1_338' title='bbox 2945 2083 3054 2137; x_wconf 85' lang='grc' dir='ltr'>ἀπὸ</span> <span class='ocrx_word' id='word_1_339' title='bbox 3073 2084 3567 2139; x_wconf 79' lang='grc' dir='ltr'>ὲννεακαιδεκὰτου</span> <span class='ocrx_word' id='word_1_340' title='bbox 3594 2103 3696 2140; x_wconf 81' lang='grc' dir='ltr'>κα-</span> 
     </span>
    </p>
   </div>
   <div class='ocr_carea' id='block_1_48' title="bbox 2107 2172 3696 2248">
    <p class='ocr_par' dir='ltr' id='par_1_48' title="bbox 2107 2172 3696 2248">
     <span class='ocr_line' id='line_1_48' title="bbox 2107 2172 3696 2248; baseline 0.004 -23"><span class='ocrx_word' id='word_1_341' title='bbox 2107 2172 2407 2235; x_wconf 80' lang='grc' dir='ltr'>νονίζεσθαι</span> <span class='ocrx_word' id='word_1_342' title='bbox 2451 2172 2606 2239; x_wconf 90' lang='grc' dir='ltr'><strong>ἔτους</strong></span> <span class='ocrx_word' id='word_1_343' title='bbox 2652 2175 2753 2248; x_wconf 85' lang='grc' dir='ltr'>τὴν</span> <span class='ocrx_word' id='word_1_344' title='bbox 2800 2175 2975 2248; x_wconf 83' lang='grc' dir='ltr'>ἀρχὴν</span> <span class='ocrx_word' id='word_1_345' title='bbox 3020 2174 3128 2230; x_wconf 92' lang='grc' dir='ltr'><strong>τῶν</strong></span> <span class='ocrx_word' id='word_1_346' title='bbox 3158 2174 3455 2248; x_wconf 83' lang='grc' dir='ltr'>νηστειῶν,</span> <span class='ocrx_word' id='word_1_347' title='bbox 3496 2178 3588 2232; x_wconf 78' lang='grc' dir='ltr'><strong>ὅτε</strong></span> <span class='ocrx_word' id='word_1_348' title='bbox 3635 2178 3696 2232; x_wconf 87' lang='grc' dir='ltr'>τὸ</span> 
     </span>
    </p>
   </div>
   <div class='ocr_carea' id='block_1_49' title="bbox 2109 2265 3695 2340">
    <p class='ocr_par' dir='ltr' id='par_1_49' title="bbox 2109 2265 3695 2340">
     <span class='ocr_line' id='line_1_49' title="bbox 2109 2265 3695 2340; baseline 0.004 -24"><span class='ocrx_word' id='word_1_349' title='bbox 2109 2265 2375 2336; x_wconf 88' lang='grc' dir='ltr'>σωτήριον</span> <span class='ocrx_word' id='word_1_350' title='bbox 2420 2266 2614 2338; x_wconf 86' lang='grc' dir='ltr'>Πάσχα</span> <span class='ocrx_word' id='word_1_351' title='bbox 2660 2268 2718 2320; x_wconf 82' lang='grc' dir='ltr'>ὲν</span> <span class='ocrx_word' id='word_1_352' title='bbox 2752 2266 2955 2339; x_wconf 83' lang='grc' dir='ltr'>πρώτῳ</span> <span class='ocrx_word' id='word_1_353' title='bbox 2984 2267 3084 2339; x_wconf 83' lang='grc' dir='ltr'><strong>τῆς</strong></span> <span class='ocrx_word' id='word_1_354' title='bbox 3137 2267 3366 2340; x_wconf 77' lang='grc' dir='ltr'><strong>σελήνης</strong></span> <span class='ocrx_word' id='word_1_355' title='bbox 3413 2267 3527 2321; x_wconf 83' lang='grc' dir='ltr'>ἔτει</span> <span class='ocrx_word' id='word_1_356' title='bbox 3574 2270 3695 2322; x_wconf 82' lang='grc' dir='ltr'>ὲπι-</span> 
     </span>
    </p>
   </div>
   <div class='ocr_carea' id='block_1_50' title="bbox 2104 2356 3695 2432">
    <p class='ocr_par' dir='ltr' id='par_1_50' title="bbox 2104 2356 3695 2432">
     <span class='ocr_line' id='line_1_50' title="bbox 2104 2356 3695 2432; baseline 0.002 -22"><span class='ocrx_word' id='word_1_357' title='bbox 2104 2357 2361 2412; x_wconf 81' lang='grc' dir='ltr'>τελεῖται.</span> <span class='ocrx_word' id='word_1_358' title='bbox 2390 2356 2546 2411; x_wconf 77' lang='grc' dir='ltr'>Οὕτω</span> <span class='ocrx_word' id='word_1_359' title='bbox 2581 2358 2639 2412; x_wconf 82' lang='grc' dir='ltr'>δὲ</span> <span class='ocrx_word' id='word_1_360' title='bbox 2670 2358 2764 2412; x_wconf 75' lang='grc' dir='ltr'><strong>καὶ</strong></span> <span class='ocrx_word' id='word_1_361' title='bbox 2791 2358 2904 2412; x_wconf 85' lang='grc' dir='ltr'>ἀπὸ</span> <span class='ocrx_word' id='word_1_362' title='bbox 2949 2358 3164 2432; x_wconf 83' lang='grc' dir='ltr'>πρώτου</span> <span class='ocrx_word' id='word_1_363' title='bbox 3193 2358 3292 2430; x_wconf 81' lang='grc' dir='ltr'><strong>τήν</strong></span> <span class='ocrx_word' id='word_1_364' title='bbox 3323 2359 3695 2430; x_wconf 75' lang='grc' dir='ltr'>παρείσϐασιν</span> 
     </span>
    </p>
   </div>
   <div class='ocr_carea' id='block_1_51' title="bbox 2106 2447 3693 2522">
    <p class='ocr_par' dir='ltr' id='par_1_51' title="bbox 2106 2447 3693 2522">
     <span class='ocr_line' id='line_1_51' title="bbox 2106 2447 3693 2522; baseline 0.002 -22"><span class='ocrx_word' id='word_1_365' title='bbox 2106 2447 2289 2513; x_wconf 80' lang='grc' dir='ltr'>πάλιν,</span> <span class='ocrx_word' id='word_1_366' title='bbox 2322 2448 2472 2520; x_wconf 85' lang='grc' dir='ltr'>ὃτεή</span> <span class='ocrx_word' id='word_1_367' title='bbox 2521 2449 2890 2521; x_wconf 79' lang='grc' dir='ltr'>ἁναστάσιμος</span> <span class='ocrx_word' id='word_1_368' title='bbox 2934 2450 3097 2522; x_wconf 79' lang='grc' dir='ltr'><strong>ἑορτὴ</strong></span> <span class='ocrx_word' id='word_1_369' title='bbox 3141 2450 3199 2504; x_wconf 81' lang='grc' dir='ltr'>ὲν</span> <span class='ocrx_word' id='word_1_370' title='bbox 3234 2450 3272 2521; x_wconf 86' lang='grc' dir='ltr'><strong>β·</strong></span> <span class='ocrx_word' id='word_1_371' title='bbox 3315 2451 3460 2519; x_wconf 68' lang='grc' dir='ltr'>γίνεαι</span> <span class='ocrx_word' id='word_1_372' title='bbox 3476 2465 3565 2504; x_wconf 67' lang='grc' dir='ltr'>αι’</span> <span class='ocrx_word' id='word_1_373' title='bbox 3601 2452 3693 2505; x_wconf 68' lang='grc' dir='ltr'>καὶ.</span> 
     </span>
    </p>
   </div>
   <div class='ocr_carea' id='block_1_52' title="bbox 2106 2540 3697 2615">
    <p class='ocr_par' dir='ltr' id='par_1_52' title="bbox 2106 2540 3697 2615">
     <span class='ocr_line' id='line_1_52' title="bbox 2106 2540 3697 2615; baseline 0 -20"><span class='ocrx_word' id='word_1_374' title='bbox 2106 2541 2215 2596; x_wconf 86' lang='grc' dir='ltr'>ἀπὸ</span> <span class='ocrx_word' id='word_1_375' title='bbox 2251 2540 2318 2613; x_wconf 83' lang='grc' dir='ltr'><strong>β’,</strong></span> <span class='ocrx_word' id='word_1_376' title='bbox 2363 2541 2453 2596; x_wconf 83' lang='grc' dir='ltr'><strong>ὅτε</strong></span> <span class='ocrx_word' id='word_1_377' title='bbox 2484 2542 2545 2595; x_wconf 82' lang='grc' dir='ltr'>ὲν</span> <span class='ocrx_word' id='word_1_378' title='bbox 2585 2540 2663 2614; x_wconf 83' lang='grc' dir='ltr'><strong>τῷ</strong></span> <span class='ocrx_word' id='word_1_379' title='bbox 2712 2542 2880 2615; x_wconf 81' lang='grc' dir='ltr'><strong>τρίτῳ</strong></span> <span class='ocrx_word' id='word_1_380' title='bbox 2902 2558 2917 2573; x_wconf 78' lang='grc' dir='ltr'><strong><em>ο</em></strong></span> <span class='ocrx_word' id='word_1_381' title='bbox 2954 2543 3051 2597; x_wconf 77' lang='grc' dir='ltr'>καὶ</span> <span class='ocrx_word' id='word_1_382' title='bbox 3090 2542 3198 2597; x_wconf 80' lang='grc' dir='ltr'>ἀπὸ</span> <span class='ocrx_word' id='word_1_383' title='bbox 3236 2542 3450 2608; x_wconf 84' lang='grc' dir='ltr'><strong>τούτου,</strong></span> <span class='ocrx_word' id='word_1_384' title='bbox 3501 2543 3595 2597; x_wconf 83' lang='grc' dir='ltr'>ὅτε</span> <span class='ocrx_word' id='word_1_385' title='bbox 3637 2544 3697 2596; x_wconf 72' lang='grc' dir='ltr'>ἐν</span> 
     </span>
    </p>
   </div>
   <div class='ocr_carea' id='block_1_53' title="bbox 2104 2627 3696 2707">
    <p class='ocr_par' dir='ltr' id='par_1_53' title="bbox 2104 2627 3696 2707">
     <span class='ocr_line' id='line_1_53' title="bbox 2104 2627 3696 2707; baseline 0.002 -22"><span class='ocrx_word' id='word_1_386' title='bbox 2104 2631 2381 2704; x_wconf 79' lang='grc' dir='ltr'>τετάρτῳο</span> <span class='ocrx_word' id='word_1_387' title='bbox 2431 2633 2528 2686; x_wconf 76' lang='grc' dir='ltr'>καὶ</span> <span class='ocrx_word' id='word_1_388' title='bbox 2591 2632 2781 2696; x_wconf 84' lang='grc' dir='ltr'>ἁπλῶς</span> <span class='ocrx_word' id='word_1_389' title='bbox 2840 2633 3004 2707; x_wconf 82' lang='grc' dir='ltr'>μέχρι</span> <span class='ocrx_word' id='word_1_390' title='bbox 3048 2634 3255 2699; x_wconf 84' lang='grc' dir='ltr'><strong>τέλους.</strong></span> <span class='ocrx_word' id='word_1_391' title='bbox 3303 2627 3475 2699; x_wconf 77' lang='grc' dir='ltr'>Οὗτος</span> <span class='ocrx_word' id='word_1_392' title='bbox 3520 2630 3617 2691; x_wconf 79' lang='grc' dir='ltr'>οὖν</span> <span class='ocrx_word' id='word_1_393' title='bbox 3665 2636 3696 2688; x_wconf 78' lang='grc' dir='ltr'><strong>ὁ</strong></span> 
     </span>
    </p>
   </div>
   <div class='ocr_carea' id='block_1_54' title="bbox 2104 2724 3695 2799">
    <p class='ocr_par' dir='ltr' id='par_1_54' title="bbox 2104 2724 3695 2799">
     <span class='ocr_line' id='line_1_54' title="bbox 2104 2724 3695 2799; baseline 0 -21"><span class='ocrx_word' id='word_1_394' title='bbox 2104 2725 2203 2797; x_wconf 82' lang='grc' dir='ltr'><strong>τῆς</strong></span> <span class='ocrx_word' id='word_1_395' title='bbox 2229 2724 2536 2796; x_wconf 82' lang='grc' dir='ltr'>διαγραφῆς</span> <span class='ocrx_word' id='word_1_396' title='bbox 2582 2724 2741 2794; x_wconf 88' lang='grc' dir='ltr'>λόγος</span> <span class='ocrx_word' id='word_1_397' title='bbox 2767 2725 2876 2780; x_wconf 90' lang='grc' dir='ltr'><strong>τῶν</strong></span> <span class='ocrx_word' id='word_1_398' title='bbox 2911 2724 3013 2797; x_wconf 83' lang='grc' dir='ltr'><strong>τῆς</strong></span> <span class='ocrx_word' id='word_1_399' title='bbox 3051 2725 3281 2799; x_wconf 83' lang='grc' dir='ltr'>σελήνης</span> <span class='ocrx_word' id='word_1_400' title='bbox 3303 2725 3363 2793; x_wconf 75' lang='grc' dir='ltr'>εξ</span> <span class='ocrx_word' id='word_1_401' title='bbox 3390 2725 3695 2797; x_wconf 78' lang='grc' dir='ltr'>εὐωνύμων</span> 
     </span>
    </p>
   </div>
   <div class='ocr_carea' id='block_1_55' title="bbox 2106 2815 2265 2872">
    <p class='ocr_par' dir='ltr' id='par_1_55' title="bbox 2106 2815 2265 2872">
     <span class='ocr_line' id='line_1_55' title="bbox 2106 2815 2265 2872; baseline 0.019 -3"><span class='ocrx_word' id='word_1_402' title='bbox 2106 2815 2265 2872; x_wconf 74' lang='grc' dir='ltr'>ἐτῶν.</span> 
     </span>
    </p>
   </div>
   <div class='ocr_carea' id='block_1_56' title="bbox 2111 2932 3694 3072">
    <p class='ocr_par' dir='ltr' id='par_1_56' title="bbox 2111 2932 3694 3072">
     <span class='ocr_line' id='line_1_56' title="bbox 2111 2932 3694 3072; baseline 0.004 -87"><span class='ocrx_word' id='word_1_403' title='bbox 2111 2932 2276 2998; x_wconf 83' lang='grc' dir='ltr'>Τίνες</span> <span class='ocrx_word' id='word_1_404' title='bbox 2334 2936 2390 2987; x_wconf 81' lang='grc' dir='ltr'>οἱ</span> <span class='ocrx_word' id='word_1_405' title='bbox 2433 2932 2735 3003; x_wconf 73' lang='grc' dir='ltr'>ἐμϐόλιμοι</span> <span class='ocrx_word' id='word_1_406' title='bbox 2751 2973 2766 2999; x_wconf 90' lang='grc'><em>,</em></span> <span class='ocrx_word' id='word_1_407' title='bbox 2806 2932 2912 3072; x_wconf 44' lang='lat' dir='ltr'><strong>x3115</strong></span> <span class='ocrx_word' id='word_1_408' title='bbox 2947 2932 3109 3000; x_wconf 79' lang='grc' dir='ltr'>τίνες</span> <span class='ocrx_word' id='word_1_409' title='bbox 3159 2934 3225 2990; x_wconf 78' lang='lat' dir='ltr'><strong>al</strong></span> <span class='ocrx_word' id='word_1_410' title='bbox 3275 2934 3531 2991; x_wconf 67' lang='grc' dir='ltr'>ὲπσκταί</span> <span class='ocrx_word' id='word_1_411' title='bbox 3584 2934 3694 3004; x_wconf 79' lang='grc' dir='ltr'><strong>τῆς</strong></span> 
     </span>
     <span class='ocr_line' id='line_1_57' title="bbox 2756 3020 3049 3070; baseline -0.003 -12"><span class='ocrx_word' id='word_1_412' title='bbox 2756 3020 2830 3058; x_wconf 86' lang='grc' dir='ltr'><strong>σε</strong></span> <span class='ocrx_word' id='word_1_413' title='bbox 2916 3020 3049 3070; x_wconf 70' lang='lat' dir='ltr'><strong>mc.</strong></span> 
     </span>
    </p>
   </div>
   <div class='ocr_carea' id='block_1_57' title="bbox 2756 3020 3049 3070">
    <p class='ocr_par' dir='ltr' id='par_1_57' title="bbox 2756 3020 3049 3070">
     <span class='ocr_line' id='line_1_58' title="bbox 2756 3020 3049 3070; baseline 0 -13"><span class='ocrx_word' id='word_1_414' title='bbox 2756 3020 3049 3070; x_wconf 66' lang='lat' dir='ltr'><strong>trum-nc.</strong></span> 
     </span>
    </p>
   </div>
   <div class='ocr_carea' id='block_1_58' title="bbox 499 3094 2007 3170">
    <p class='ocr_par' dir='ltr' id='par_1_58' title="bbox 499 3095 2002 3170">
     <span class='ocr_line' id='line_1_59' title="bbox 499 3095 2002 3170; baseline 0.003 -20"><span class='ocrx_word' id='word_1_415' title='bbox 499 3096 607 3151; x_wconf 85' lang='lat' dir='ltr'><strong>VII.</strong></span> <span class='ocrx_word' id='word_1_416' title='bbox 659 3095 881 3167; x_wconf 85' lang='lat' dir='ltr'><strong>Septem</strong></span> <span class='ocrx_word' id='word_1_417' title='bbox 921 3112 1141 3154; x_wconf 86' lang='lat' dir='ltr'><strong>menses</strong></span> <span class='ocrx_word' id='word_1_418' title='bbox 1202 3098 1561 3154; x_wconf 86' lang='lat' dir='ltr'><strong>intercalares</strong></span> <span class='ocrx_word' id='word_1_419' title='bbox 1610 3113 1677 3157; x_wconf 74' lang='lat' dir='ltr'><strong>ex</strong></span> <span class='ocrx_word' id='word_1_420' title='bbox 1732 3098 1800 3154; x_wconf 85' lang='lat' dir='ltr'><strong>iis</strong></span> <span class='ocrx_word' id='word_1_421' title='bbox 1862 3112 2002 3170; x_wconf 86' lang='lat' dir='ltr'><strong>quas</strong></span> 
     </span>
    </p>
   </div>
   <div class='ocr_carea' id='block_1_59' title="bbox 2112 3094 3693 3170">
    <p class='ocr_par' dir='ltr' id='par_1_59' title="bbox 2174 3094 3693 3170">
     <span class='ocr_line' id='line_1_60' title="bbox 2174 3094 3693 3170; baseline 0.005 -22"><span class='ocrx_word' id='word_1_422' title='bbox 2174 3096 2251 3148; x_wconf 91' lang='lat' dir='ltr'><strong>Z&#39;.</strong></span> <span class='ocrx_word' id='word_1_423' title='bbox 2279 3096 2342 3148; x_wconf 86' lang='grc' dir='ltr'><strong>Οἱ</strong></span> <span class='ocrx_word' id='word_1_424' title='bbox 2380 3094 2436 3149; x_wconf 73' lang='grc' dir='ltr'>δὲ</span> <span class='ocrx_word' id='word_1_425' title='bbox 2465 3095 2607 3150; x_wconf 82' lang='grc' dir='ltr'>ἑπτὰ</span> <span class='ocrx_word' id='word_1_426' title='bbox 2644 3095 2930 3169; x_wconf 74' lang='grc' dir='ltr'>ἐμϐόλιμοι</span> <span class='ocrx_word' id='word_1_427' title='bbox 2966 3096 3135 3168; x_wconf 80' lang='grc' dir='ltr'>μῆνες</span> <span class='ocrx_word' id='word_1_428' title='bbox 3156 3096 3223 3151; x_wconf 81' lang='grc' dir='ltr'><strong>ὲκ</strong></span> <span class='ocrx_word' id='word_1_429' title='bbox 3251 3096 3359 3151; x_wconf 87' lang='grc' dir='ltr'>τῶν</span> <span class='ocrx_word' id='word_1_430' title='bbox 3380 3096 3693 3170; x_wconf 67' lang='grc' dir='ltr'>λεγομένων</span> 
     </span>
    </p>
   </div>
   <div class='ocr_carea' id='block_1_60' title="bbox 422 3189 1997 3262">
    <p class='ocr_par' dir='ltr' id='par_1_60' title="bbox 422 3189 1997 3262">
     <span class='ocr_line' id='line_1_61' title="bbox 422 3189 1997 3262; baseline -0.001 -14"><span class='ocrx_word' id='word_1_431' title='bbox 422 3198 647 3262; x_wconf 86' lang='lat' dir='ltr'><strong>epactas</strong></span> <span class='ocrx_word' id='word_1_432' title='bbox 668 3189 815 3245; x_wconf 69' lang='lat' dir='ltr'><strong>luna:</strong></span> <span class='ocrx_word' id='word_1_433' title='bbox 844 3189 1103 3256; x_wconf 84' lang='lat' dir='ltr'><strong>dicimus,</strong></span> <span class='ocrx_word' id='word_1_434' title='bbox 1124 3190 1457 3260; x_wconf 77' lang='lat' dir='ltr'><strong>colliguntur</strong></span> <span class='ocrx_word' id='word_1_435' title='bbox 1486 3197 1610 3260; x_wconf 90' lang='lat' dir='ltr'><strong>post</strong></span> <span class='ocrx_word' id='word_1_436' title='bbox 1637 3190 1776 3246; x_wconf 81' lang='lat' dir='ltr'><strong>duos</strong></span> <span class='ocrx_word' id='word_1_437' title='bbox 1801 3205 1997 3256; x_wconf 86' lang='lat' dir='ltr'><strong>annos,</strong></span> 
     </span>
    </p>
   </div>
   <div class='ocr_carea' id='block_1_61' title="bbox 423 3280 2000 3354">
    <p class='ocr_par' dir='ltr' id='par_1_61' title="bbox 423 3280 2000 3354">
     <span class='ocr_line' id='line_1_62' title="bbox 423 3280 2000 3354; baseline 0.003 -19"><span class='ocrx_word' id='word_1_438' title='bbox 423 3284 509 3340; x_wconf 68' lang='lat' dir='ltr'><strong>vel</strong></span> <span class='ocrx_word' id='word_1_439' title='bbox 545 3295 677 3348; x_wconf 85' lang='lat' dir='ltr'><strong>tres,</strong></span> <span class='ocrx_word' id='word_1_440' title='bbox 707 3282 929 3354; x_wconf 79' lang='lat' dir='ltr'><strong>quando</strong></span> <span class='ocrx_word' id='word_1_441' title='bbox 957 3280 1024 3336; x_wconf 83' lang='lat' dir='ltr'><strong>ad</strong></span> <span class='ocrx_word' id='word_1_442' title='bbox 1063 3282 1418 3338; x_wconf 89' lang='lat' dir='ltr'><strong>tricenarium</strong></span> <span class='ocrx_word' id='word_1_443' title='bbox 1459 3282 1670 3337; x_wconf 87' lang='lat' dir='ltr'><strong>dierum</strong></span> <span class='ocrx_word' id='word_1_444' title='bbox 1710 3298 2000 3339; x_wconf 83' lang='lat' dir='ltr'><strong>numerum</strong></span> 
     </span>
    </p>
   </div>
   <div class='ocr_carea' id='block_1_62' title="bbox 419 3372 2001 3447">
    <p class='ocr_par' dir='ltr' id='par_1_62' title="bbox 419 3372 2001 3447">
     <span class='ocr_line' id='line_1_63' title="bbox 419 3372 2001 3447; baseline 0 -17"><span class='ocrx_word' id='word_1_445' title='bbox 419 3375 774 3447; x_wconf 76' lang='lat' dir='ltr'><strong>perveniunt.</strong></span> <span class='ocrx_word' id='word_1_446' title='bbox 804 3372 1023 3444; x_wconf 73' lang='lat' dir='ltr'><strong>Epactae</strong></span> <span class='ocrx_word' id='word_1_447' title='bbox 1058 3388 1226 3445; x_wconf 91' lang='lat' dir='ltr'><strong>porro</strong></span> <span class='ocrx_word' id='word_1_448' title='bbox 1264 3388 1329 3430; x_wconf 79' lang='lat' dir='ltr'><strong>ex</strong></span> <span class='ocrx_word' id='word_1_449' title='bbox 1361 3372 1575 3429; x_wconf 78' lang='lat' dir='ltr'><strong>defectu</strong></span> <span class='ocrx_word' id='word_1_450' title='bbox 1612 3373 1823 3429; x_wconf 88' lang='lat' dir='ltr'><strong>lunaris</strong></span> <span class='ocrx_word' id='word_1_451' title='bbox 1872 3376 2001 3430; x_wconf 89' lang='lat' dir='ltr'><strong>anni</strong></span> 
     </span>
    </p>
   </div>
   <div class='ocr_carea' id='block_1_63' title="bbox 424 3464 2004 3523">
    <p class='ocr_par' dir='ltr' id='par_1_63' title="bbox 424 3464 2004 3523">
     <span class='ocr_line' id='line_1_64' title="bbox 424 3464 2004 3523; baseline 0.001 -2"><span class='ocrx_word' id='word_1_452' title='bbox 424 3466 491 3522; x_wconf 85' lang='lat' dir='ltr'><strong>ad</strong></span> <span class='ocrx_word' id='word_1_453' title='bbox 525 3468 759 3523; x_wconf 78' lang='lat' dir='ltr'><strong>solerem</strong></span> <span class='ocrx_word' id='word_1_454' title='bbox 795 3467 1068 3522; x_wconf 86' lang='lat' dir='ltr'><strong>oriuntur.</strong></span> <span class='ocrx_word' id='word_1_455' title='bbox 1118 3464 1254 3520; x_wconf 83' lang='lat' dir='ltr'><strong>Nam</strong></span> <span class='ocrx_word' id='word_1_456' title='bbox 1300 3466 1496 3522; x_wconf 89' lang='lat' dir='ltr'><strong>solaris</strong></span> <span class='ocrx_word' id='word_1_457' title='bbox 1545 3465 1740 3521; x_wconf 90' lang='lat' dir='ltr'><strong>diebus</strong></span> <span class='ocrx_word' id='word_1_458' title='bbox 1776 3474 2004 3523; x_wconf 85' lang='lat' dir='ltr'><strong>constat</strong></span> 
     </span>
    </p>
   </div>
   <div class='ocr_carea' id='block_1_64' title="bbox 423 3556 1999 3629">
    <p class='ocr_par' dir='ltr' id='par_1_64' title="bbox 423 3556 1999 3629">
     <span class='ocr_line' id='line_1_65' title="bbox 423 3556 1999 3629; baseline -0.002 -14"><span class='ocrx_word' id='word_1_459' title='bbox 423 3574 666 3627; x_wconf 69' lang='lat' dir='ltr'><strong>ccc:th;</strong></span> <span class='ocrx_word' id='word_1_460' title='bbox 714 3559 926 3615; x_wconf 84' lang='lat' dir='ltr'><strong>lunaris</strong></span> <span class='ocrx_word' id='word_1_461' title='bbox 971 3573 1178 3614; x_wconf 81' lang='lat' dir='ltr'><strong>cccuv.</strong></span> <span class='ocrx_word' id='word_1_462' title='bbox 1226 3556 1383 3615; x_wconf 90' lang='lat' dir='ltr'><strong>Unde</strong></span> <span class='ocrx_word' id='word_1_463' title='bbox 1428 3558 1710 3629; x_wconf 84' lang='lat' dir='ltr'><strong>proprium</strong></span> <span class='ocrx_word' id='word_1_464' title='bbox 1755 3574 1999 3614; x_wconf 86' lang='lat' dir='ltr'><strong>mensem</strong></span> 
     </span>
    </p>
   </div>
   <div class='ocr_carea' id='block_1_65' title="bbox 423 3639 2003 3718">
    <p class='ocr_par' dir='ltr' id='par_1_65' title="bbox 423 3639 2003 3718">
     <span class='ocr_line' id='line_1_66' title="bbox 423 3639 2003 3718; baseline -0.004 -7"><span class='ocrx_word' id='word_1_465' title='bbox 423 3655 587 3711; x_wconf 81' lang='lat' dir='ltr'><strong>habet</strong></span> <span class='ocrx_word' id='word_1_466' title='bbox 624 3639 837 3709; x_wconf 85' lang='lat' dir='ltr'><strong>dierum</strong></span> <span class='ocrx_word' id='word_1_467' title='bbox 878 3669 1032 3718; x_wconf 76' lang='lat' dir='ltr'><strong>xm,</strong></span> <span class='ocrx_word' id='word_1_468' title='bbox 1086 3666 1151 3706; x_wconf 90' lang='lat' dir='ltr'><strong>ac</strong></span> <span class='ocrx_word' id='word_1_469' title='bbox 1206 3651 1474 3707; x_wconf 87' lang='lat' dir='ltr'><strong>semissis.</strong></span> <span class='ocrx_word' id='word_1_470' title='bbox 1520 3650 1590 3704; x_wconf 84' lang='lat' dir='ltr'><strong>At</strong></span> <span class='ocrx_word' id='word_1_471' title='bbox 1638 3666 1816 3707; x_wconf 90' lang='lat' dir='ltr'><strong>annus</strong></span> <span class='ocrx_word' id='word_1_472' title='bbox 1861 3651 2003 3706; x_wconf 70' lang='lat' dir='ltr'><strong>lunae</strong></span> 
     </span>
    </p>
   </div>
   <div class='ocr_carea' id='block_1_66' title="bbox 421 3742 2002 3819">
    <p class='ocr_par' dir='ltr' id='par_1_66' title="bbox 421 3742 2002 3819">
     <span class='ocr_line' id='line_1_67' title="bbox 421 3742 2002 3819; baseline 0.001 -23"><span class='ocrx_word' id='word_1_473' title='bbox 421 3747 654 3819; x_wconf 79' lang='lat' dir='ltr'><strong>quilibet</strong></span> <span class='ocrx_word' id='word_1_474' title='bbox 686 3760 795 3800; x_wconf 91' lang='lat' dir='ltr'><strong>uno</strong></span> <span class='ocrx_word' id='word_1_475' title='bbox 825 3744 1009 3815; x_wconf 83' lang='lat' dir='ltr'><strong>aliquo</strong></span> <span class='ocrx_word' id='word_1_476' title='bbox 1047 3743 1115 3798; x_wconf 88' lang='lat' dir='ltr'><strong>de</strong></span> <span class='ocrx_word' id='word_1_477' title='bbox 1146 3742 1569 3797; x_wconf 85' lang='lat' dir='ltr'><strong>intercalaribus</strong></span> <span class='ocrx_word' id='word_1_478' title='bbox 1597 3743 1839 3813; x_wconf 90' lang='lat' dir='ltr'><strong>septenis</strong></span> <span class='ocrx_word' id='word_1_479' title='bbox 1862 3757 2002 3813; x_wconf 66' lang='lat' dir='ltr'><strong>prae-</strong></span> 
     </span>
    </p>
   </div>
   <div class='ocr_carea' id='block_1_67' title="bbox 423 3824 1999 3902">
    <p class='ocr_par' dir='ltr' id='par_1_67' title="bbox 423 3824 1999 3902">
     <span class='ocr_line' id='line_1_68' title="bbox 423 3824 1999 3902; baseline -0.004 -7"><span class='ocrx_word' id='word_1_480' title='bbox 423 3839 592 3902; x_wconf 88' lang='lat' dir='ltr'><strong>ditus,</strong></span> <span class='ocrx_word' id='word_1_481' title='bbox 633 3837 896 3893; x_wconf 74' lang='lat' dir='ltr'><strong>tredecim</strong></span> <span class='ocrx_word' id='word_1_482' title='bbox 938 3836 1165 3891; x_wconf 89' lang='lat' dir='ltr'><strong>omnino</strong></span> <span class='ocrx_word' id='word_1_483' title='bbox 1218 3850 1437 3890; x_wconf 80' lang='lat' dir='ltr'><strong>menses</strong></span> <span class='ocrx_word' id='word_1_484' title='bbox 1486 3834 1689 3900; x_wconf 81' lang='lat' dir='ltr'><strong>habet;</strong></span> <span class='ocrx_word' id='word_1_485' title='bbox 1739 3835 1876 3890; x_wconf 89' lang='lat' dir='ltr'><strong>adeo</strong></span> <span class='ocrx_word' id='word_1_486' title='bbox 1940 3824 1999 3889; x_wconf 81' lang='lat' dir='ltr'><strong>ut</strong></span> 
     </span>
    </p>
   </div>
   <div class='ocr_carea' id='block_1_68' title="bbox 426 3928 1998 3999">
    <p class='ocr_par' dir='ltr' id='par_1_68' title="bbox 426 3928 1998 3999">
     <span class='ocr_line' id='line_1_69' title="bbox 426 3928 1998 3999; baseline -0.004 -13"><span class='ocrx_word' id='word_1_487' title='bbox 426 3931 495 3986; x_wconf 87' lang='lat' dir='ltr'><strong>ad</strong></span> <span class='ocrx_word' id='word_1_488' title='bbox 538 3930 821 3986; x_wconf 80' lang='lat' dir='ltr'><strong>duodenos</strong></span> <span class='ocrx_word' id='word_1_489' title='bbox 869 3930 1095 3985; x_wconf 84' lang='lat' dir='ltr'><strong>ultimus</strong></span> <span class='ocrx_word' id='word_1_490' title='bbox 1141 3928 1245 3984; x_wconf 89' lang='lat' dir='ltr'><strong>iste</strong></span> <span class='ocrx_word' id='word_1_491' title='bbox 1285 3943 1385 3999; x_wconf 91' lang='lat' dir='ltr'><strong>pro</strong></span> <span class='ocrx_word' id='word_1_492' title='bbox 1426 3943 1514 3993; x_wconf 90' lang='lat' dir='ltr'><strong>eo,</strong></span> <span class='ocrx_word' id='word_1_493' title='bbox 1567 3943 1629 3982; x_wconf 90' lang='lat' dir='ltr'><strong>ac</strong></span> <span class='ocrx_word' id='word_1_494' title='bbox 1665 3928 1998 3994; x_wconf 87' lang='lat' dir='ltr'><strong>nominatur,</strong></span> 
     </span>
    </p>
   </div>
   <div class='ocr_carea' id='block_1_69' title="bbox 425 4017 2004 4089">
    <p class='ocr_par' dir='ltr' id='par_1_69' title="bbox 425 4017 2004 4089">
     <span class='ocr_line' id='line_1_70' title="bbox 425 4017 2004 4089; baseline 0 -14"><span class='ocrx_word' id='word_1_495' title='bbox 425 4020 770 4076; x_wconf 84' lang='lat' dir='ltr'><strong>intercalaris</strong></span> <span class='ocrx_word' id='word_1_496' title='bbox 813 4019 1082 4088; x_wconf 87' lang='lat' dir='ltr'><strong>accedat;</strong></span> <span class='ocrx_word' id='word_1_497' title='bbox 1133 4027 1423 4089; x_wconf 86' lang='lat' dir='ltr'><strong>propterea</strong></span> <span class='ocrx_word' id='word_1_498' title='bbox 1475 4032 1588 4072; x_wconf 91' lang='lat' dir='ltr'><strong>non</strong></span> <span class='ocrx_word' id='word_1_499' title='bbox 1642 4018 1823 4073; x_wconf 88' lang='lat' dir='ltr'><strong>solum</strong></span> <span class='ocrx_word' id='word_1_500' title='bbox 1884 4017 2004 4075; x_wconf 91' lang='lat' dir='ltr'><strong>dies</strong></span> 
     </span>
    </p>
   </div>
   <div class='ocr_carea' id='block_1_70' title="bbox 424 4113 2004 4187">
    <p class='ocr_par' dir='ltr' id='par_1_70' title="bbox 424 4113 2004 4187">
     <span class='ocr_line' id='line_1_71' title="bbox 424 4113 2004 4187; baseline -0.003 -14"><span class='ocrx_word' id='word_1_501' title='bbox 424 4116 643 4187; x_wconf 80' lang='lat' dir='ltr'><strong>colligat</strong></span> <span class='ocrx_word' id='word_1_502' title='bbox 698 4130 925 4181; x_wconf 76' lang='lat' dir='ltr'><strong>cccuv,</strong></span> <span class='ocrx_word' id='word_1_503' title='bbox 986 4114 1062 4168; x_wconf 93' lang='lat' dir='ltr'><strong>uti</strong></span> <span class='ocrx_word' id='word_1_504' title='bbox 1116 4114 1298 4169; x_wconf 73' lang='lat' dir='ltr'><strong>cmteri</strong></span> <span class='ocrx_word' id='word_1_505' title='bbox 1362 4114 1582 4169; x_wconf 90' lang='lat' dir='ltr'><strong>lunares</strong></span> <span class='ocrx_word' id='word_1_506' title='bbox 1645 4113 1776 4168; x_wconf 92' lang='lat' dir='ltr'><strong>anni</strong></span> <span class='ocrx_word' id='word_1_507' title='bbox 1836 4133 1849 4169; x_wconf 93' lang='lat'><strong>:</strong></span> <span class='ocrx_word' id='word_1_508' title='bbox 1908 4114 2004 4169; x_wconf 89' lang='lat' dir='ltr'><strong>sed</strong></span> 
     </span>
    </p>
   </div>
   <div class='ocr_carea' id='block_1_71' title="bbox 423 4205 2004 4277">
    <p class='ocr_par' dir='ltr' id='par_1_71' title="bbox 423 4205 2004 4277">
     <span class='ocr_line' id='line_1_72' title="bbox 423 4205 2004 4277; baseline -0.002 -13"><span class='ocrx_word' id='word_1_509' title='bbox 423 4222 749 4272; x_wconf 73' lang='lat' dir='ltr'><strong>cccuxxtv,</strong></span> <span class='ocrx_word' id='word_1_510' title='bbox 802 4207 1075 4263; x_wconf 90' lang='lat' dir='ltr'><strong>tricenum</strong></span> <span class='ocrx_word' id='word_1_511' title='bbox 1119 4205 1331 4262; x_wconf 87' lang='lat' dir='ltr'><strong>dierum</strong></span> <span class='ocrx_word' id='word_1_512' title='bbox 1384 4220 1572 4261; x_wconf 90' lang='lat' dir='ltr'><strong>mense</strong></span> <span class='ocrx_word' id='word_1_513' title='bbox 1620 4205 1846 4277; x_wconf 88' lang='lat' dir='ltr'><strong>insuper</strong></span> <span class='ocrx_word' id='word_1_514' title='bbox 1903 4206 2004 4261; x_wconf 90' lang='lat' dir='ltr'><strong>ad-</strong></span> 
     </span>
    </p>
   </div>
   <div class='ocr_carea' id='block_1_72' title="bbox 423 4301 558 4358">
    <p class='ocr_par' dir='ltr' id='par_1_72' title="bbox 423 4301 558 4358">
     <span class='ocr_line' id='line_1_73' title="bbox 423 4301 558 4358; baseline -0.007 0"><span class='ocrx_word' id='word_1_515' title='bbox 423 4301 558 4358; x_wconf 85' lang='lat' dir='ltr'><strong>dito.</strong></span> 
     </span>
    </p>
   </div>
   <div class='ocr_carea' id='block_1_73' title="bbox 426 4411 2001 4483">
    <p class='ocr_par' dir='ltr' id='par_1_73' title="bbox 426 4411 2001 4483">
     <span class='ocr_line' id='line_1_74' title="bbox 426 4411 2001 4483; baseline -0.003 -11"><span class='ocrx_word' id='word_1_516' title='bbox 426 4414 504 4472; x_wconf 78' lang='lat' dir='ltr'><strong>De</strong></span> <span class='ocrx_word' id='word_1_517' title='bbox 546 4414 783 4471; x_wconf 75' lang='lat' dir='ltr'><strong>Hebrtcis</strong></span> <span class='ocrx_word' id='word_1_518' title='bbox 834 4413 1120 4476; x_wconf 80' lang='lat' dir='ltr'><strong>mensibus,</strong></span> <span class='ocrx_word' id='word_1_519' title='bbox 1175 4412 1267 4483; x_wconf 86' lang='lat' dir='ltr'><strong>qui</strong></span> <span class='ocrx_word' id='word_1_520' title='bbox 1317 4411 1386 4466; x_wconf 85' lang='lat' dir='ltr'><strong>ad</strong></span> <span class='ocrx_word' id='word_1_521' title='bbox 1443 4413 1720 4467; x_wconf 76' lang='lat' dir='ltr'><strong>sinistram</strong></span> <span class='ocrx_word' id='word_1_522' title='bbox 1785 4411 2001 4468; x_wconf 71' lang='lat' dir='ltr'><strong>canonis</strong></span> 
     </span>
    </p>
   </div>
   <div class='ocr_carea' id='block_1_74' title="bbox 494 4470 2082 4557">
    <p class='ocr_par' dir='ltr' id='par_1_74' title="bbox 494 4470 2082 4557">
     <span class='ocr_line' id='line_1_75' title="bbox 494 4470 2082 4557; baseline -0.002 -18"><span class='ocrx_word' id='word_1_523' title='bbox 494 4470 699 4557; x_wconf 79' lang='lat' dir='ltr'><strong>partem</strong></span> <span class='ocrx_word' id='word_1_524' title='bbox 725 4487 982 4540; x_wconf 79' lang='lat' dir='ltr'><strong>observati</strong></span> <span class='ocrx_word' id='word_1_525' title='bbox 1014 4470 1157 4557; x_wconf 64' lang='lat' dir='ltr'><strong>sunt,</strong></span> <span class='ocrx_word' id='word_1_526' title='bbox 1180 4470 1229 4537; x_wconf 73' lang='grc' dir='ltr'>ἐι</span> <span class='ocrx_word' id='word_1_527' title='bbox 1250 4485 1483 4554; x_wconf 78' lang='lat' dir='ltr'><strong>ipsorum</strong></span> <span class='ocrx_word' id='word_1_528' title='bbox 1514 4494 1671 4555; x_wconf 83' lang='lat' dir='ltr'><strong>quoto</strong></span> <span class='ocrx_word' id='word_1_529' title='bbox 1698 4483 1802 4548; x_wconf 86' lang='lat' dir='ltr'><strong>die,</strong></span> <span class='ocrx_word' id='word_1_530' title='bbox 1820 4483 2006 4553; x_wconf 32' lang='lat' dir='ltr'><strong>.cujus-</strong></span> <span class='ocrx_word' id='word_1_531' title='bbox 2033 4470 2082 4531; x_wconf 83' lang='grc' dir='ltr'><strong>Ι)</strong></span> 
     </span>
    </p>
   </div>
   <div class='ocr_carea' id='block_1_75' title="bbox 2060 4544 3556 4615">
    <p class='ocr_par' dir='ltr' id='par_1_75' title="bbox 2060 4544 3556 4615">
     <span class='ocr_line' id='line_1_76' title="bbox 2060 4544 3556 4615; baseline -0.003 -11"><span class='ocrx_word' id='word_1_532' title='bbox 2060 4558 2068 4567; x_wconf 84' lang='grc'><em>’</em></span> <span class='ocrx_word' id='word_1_533' title='bbox 2173 4549 2417 4615; x_wconf 79' lang='grc' dir='ltr'>σταίας·</span> <span class='ocrx_word' id='word_1_534' title='bbox 2444 4544 2614 4614; x_wconf 70' lang='grc' dir='ltr'>τινες</span> <span class='ocrx_word' id='word_1_535' title='bbox 2639 4544 2886 4612; x_wconf 69' lang='grc' dir='ltr'>τέεὶσι,</span> <span class='ocrx_word' id='word_1_536' title='bbox 2918 4548 3015 4601; x_wconf 75' lang='grc' dir='ltr'><strong>καί</strong></span> <span class='ocrx_word' id='word_1_537' title='bbox 3038 4546 3139 4601; x_wconf 84' lang='grc' dir='ltr'>διὰ</span> <span class='ocrx_word' id='word_1_538' title='bbox 3172 4546 3230 4599; x_wconf 85' lang='grc' dir='ltr'>τι</span> <span class='ocrx_word' id='word_1_539' title='bbox 3258 4544 3556 4614; x_wconf 72' lang='grc' dir='ltr'>διάφοροι.</span> 
     </span>
    </p>
   </div>
   <div class='ocr_carea' id='block_1_76' title="bbox 498 4555 1324 4625">
    <p class='ocr_par' dir='ltr' id='par_1_76' title="bbox 498 4555 1324 4625">
     <span class='ocr_line' id='line_1_77' title="bbox 498 4555 1324 4625; baseline -0.007 -14"><span class='ocrx_word' id='word_1_540' title='bbox 498 4555 643 4611; x_wconf 76' lang='lat' dir='ltr'><strong>modi</strong></span> <span class='ocrx_word' id='word_1_541' title='bbox 676 4564 799 4610; x_wconf 74' lang='lat' dir='ltr'><strong>sunt</strong></span> <span class='ocrx_word' id='word_1_542' title='bbox 831 4566 880 4610; x_wconf 83' lang='lat' dir='ltr'><strong>et</strong></span> <span class='ocrx_word' id='word_1_543' title='bbox 912 4570 1076 4625; x_wconf 83' lang='lat' dir='ltr'><strong>quare</strong></span> <span class='ocrx_word' id='word_1_544' title='bbox 1108 4555 1324 4608; x_wconf 63' lang='lat' dir='ltr'><strong>diversi.</strong></span> 
     </span>
    </p>
   </div>
   <div class='ocr_carea' id='block_1_77' title="bbox 495 4665 2007 4738">
    <p class='ocr_par' dir='ltr' id='par_1_77' title="bbox 495 4665 2007 4738">
     <span class='ocr_line' id='line_1_78' title="bbox 495 4665 2007 4738; baseline -0.003 -16"><span class='ocrx_word' id='word_1_545' title='bbox 495 4665 635 4722; x_wconf 72' lang='lat' dir='ltr'>VIII.</span> <span class='ocrx_word' id='word_1_546' title='bbox 665 4665 806 4722; x_wconf 77' lang='lat' dir='ltr'><strong>Hinc</strong></span> <span class='ocrx_word' id='word_1_547' title='bbox 847 4667 1011 4738; x_wconf 81' lang='lat' dir='ltr'><strong>igitur</strong></span> <span class='ocrx_word' id='word_1_548' title='bbox 1060 4666 1392 4736; x_wconf 89' lang='lat' dir='ltr'><strong>pcnultimus</strong></span> <span class='ocrx_word' id='word_1_549' title='bbox 1437 4665 1648 4722; x_wconf 89' lang='lat' dir='ltr'><strong>lunaris</strong></span> <span class='ocrx_word' id='word_1_550' title='bbox 1687 4665 1835 4721; x_wconf 87' lang='lat' dir='ltr'><strong>illius</strong></span> <span class='ocrx_word' id='word_1_551' title='bbox 1876 4665 2007 4719; x_wconf 86' lang='lat' dir='ltr'><strong>anni</strong></span> 
     </span>
    </p>
   </div>
   <div class='ocr_carea' id='block_1_78' title="bbox 425 4759 2009 4828">
    <p class='ocr_par' dir='ltr' id='par_1_78' title="bbox 425 4759 2009 4828">
     <span class='ocr_line' id='line_1_79' title="bbox 425 4759 2009 4828; baseline -0.002 -13"><span class='ocrx_word' id='word_1_552' title='bbox 425 4760 637 4816; x_wconf 87' lang='lat' dir='ltr'><strong>mensis</strong></span> <span class='ocrx_word' id='word_1_553' title='bbox 673 4775 783 4815; x_wconf 87' lang='lat' dir='ltr'><strong>non</strong></span> <span class='ocrx_word' id='word_1_554' title='bbox 813 4759 1136 4813; x_wconf 89' lang='lat' dir='ltr'><strong>undecimus</strong></span> <span class='ocrx_word' id='word_1_555' title='bbox 1164 4766 1270 4821; x_wconf 84' lang='lat' dir='ltr'><strong>est,</strong></span> <span class='ocrx_word' id='word_1_556' title='bbox 1298 4759 1396 4813; x_wconf 88' lang='lat' dir='ltr'><strong>sed</strong></span> <span class='ocrx_word' id='word_1_557' title='bbox 1423 4759 1801 4823; x_wconf 86' lang='lat' dir='ltr'><strong>duodecimus,</strong></span> <span class='ocrx_word' id='word_1_558' title='bbox 1837 4771 1866 4811; x_wconf 88' lang='lat' dir='ltr'><strong>a</strong></span> <span class='ocrx_word' id='word_1_559' title='bbox 1899 4773 2009 4828; x_wconf 88' lang='lat' dir='ltr'><strong>quo</strong></span> 
     </span>
    </p>
   </div>
   <div class='ocr_carea' id='block_1_79' title="bbox 426 4848 2005 4920">
    <p class='ocr_par' dir='ltr' id='par_1_79' title="bbox 426 4848 2005 4920">
     <span class='ocr_line' id='line_1_80' title="bbox 426 4848 2005 4920; baseline -0.004 -12"><span class='ocrx_word' id='word_1_560' title='bbox 426 4860 746 4908; x_wconf 87' lang='lat' dir='ltr'><strong>sanctorum</strong></span> <span class='ocrx_word' id='word_1_561' title='bbox 773 4849 1109 4920; x_wconf 73' lang='lat' dir='ltr'><strong>ieiuniorum</strong></span> <span class='ocrx_word' id='word_1_562' title='bbox 1145 4849 1427 4903; x_wconf 88' lang='lat' dir='ltr'><strong>introitum</strong></span> <span class='ocrx_word' id='word_1_563' title='bbox 1465 4850 1590 4918; x_wconf 88' lang='lat' dir='ltr'><strong>jure</strong></span> <span class='ocrx_word' id='word_1_564' title='bbox 1621 4849 1898 4912; x_wconf 89' lang='lat' dir='ltr'><strong>metimur,</strong></span> <span class='ocrx_word' id='word_1_565' title='bbox 1934 4848 2005 4903; x_wconf 91' lang='lat' dir='ltr'><strong>ob</strong></span> 
     </span>
    </p>
   </div>
   <div class='ocr_carea' id='block_1_80' title="bbox 427 4940 2007 5011">
    <p class='ocr_par' dir='ltr' id='par_1_80' title="bbox 427 4940 2007 5011">
     <span class='ocr_line' id='line_1_81' title="bbox 427 4940 2007 5011; baseline -0.001 -12"><span class='ocrx_word' id='word_1_566' title='bbox 427 4958 713 4999; x_wconf 75' lang='lat' dir='ltr'><strong>excessum</strong></span> <span class='ocrx_word' id='word_1_567' title='bbox 752 4943 958 4997; x_wconf 87' lang='lat' dir='ltr'><strong>mensis</strong></span> <span class='ocrx_word' id='word_1_568' title='bbox 999 4942 1179 5003; x_wconf 84' lang='lat' dir='ltr'><strong>unius.</strong></span> <span class='ocrx_word' id='word_1_569' title='bbox 1221 4941 1311 5011; x_wconf 83' lang='lat' dir='ltr'><strong>qui</strong></span> <span class='ocrx_word' id='word_1_570' title='bbox 1343 4942 1412 4995; x_wconf 89' lang='lat' dir='ltr'><strong>ab</strong></span> <span class='ocrx_word' id='word_1_571' title='bbox 1459 4941 1751 4995; x_wconf 90' lang='lat' dir='ltr'><strong>undecimo</strong></span> <span class='ocrx_word' id='word_1_572' title='bbox 1783 4940 2007 4997; x_wconf 89' lang='lat' dir='ltr'><strong>illorum</strong></span> 
     </span>
    </p>
   </div>
   <div class='ocr_carea' id='block_1_81' title="bbox 428 5033 2014 5103">
    <p class='ocr_par' dir='ltr' id='par_1_81' title="bbox 428 5033 2014 5103">
     <span class='ocr_line' id='line_1_82' title="bbox 428 5033 2014 5103; baseline -0.003 -11"><span class='ocrx_word' id='word_1_573' title='bbox 428 5034 867 5092; x_wconf 81' lang='lat' dir='ltr'><strong>observationem</strong></span> <span class='ocrx_word' id='word_1_574' title='bbox 921 5033 1173 5103; x_wconf 78' lang='lat' dir='ltr'><strong>progredi</strong></span> <span class='ocrx_word' id='word_1_575' title='bbox 1228 5040 1393 5098; x_wconf 83' lang='lat' dir='ltr'><strong>vetat,</strong></span> <span class='ocrx_word' id='word_1_576' title='bbox 1447 5042 1504 5086; x_wconf 87' lang='lat' dir='ltr'><strong>ut</strong></span> <span class='ocrx_word' id='word_1_577' title='bbox 1554 5049 1623 5088; x_wconf 93' lang='lat' dir='ltr'><strong>ne</strong></span> <span class='ocrx_word' id='word_1_578' title='bbox 1672 5033 1856 5102; x_wconf 87' lang='lat' dir='ltr'><strong>plures</strong></span> <span class='ocrx_word' id='word_1_579' title='bbox 1913 5051 2014 5088; x_wconf 92' lang='lat' dir='ltr'><strong>nu-</strong></span> 
     </span>
    </p>
   </div>
   <div class='ocr_carea' id='block_1_82' title="bbox 430 5124 2009 5196">
    <p class='ocr_par' dir='ltr' id='par_1_82' title="bbox 430 5124 2009 5196">
     <span class='ocr_line' id='line_1_83' title="bbox 430 5124 2009 5196; baseline -0.003 -14"><span class='ocrx_word' id='word_1_580' title='bbox 430 5143 603 5193; x_wconf 89' lang='lat' dir='ltr'><strong>mero,</strong></span> <span class='ocrx_word' id='word_1_581' title='bbox 653 5141 813 5196; x_wconf 81' lang='lat' dir='ltr'><strong>quam</strong></span> <span class='ocrx_word' id='word_1_582' title='bbox 870 5141 1056 5180; x_wconf 82' lang='lat' dir='ltr'><strong>revera</strong></span> <span class='ocrx_word' id='word_1_583' title='bbox 1115 5125 1245 5187; x_wconf 84' lang='lat' dir='ltr'><strong>sint,</strong></span> <span class='ocrx_word' id='word_1_584' title='bbox 1304 5124 1422 5179; x_wconf 82' lang='lat' dir='ltr'><strong>dies</strong></span> <span class='ocrx_word' id='word_1_585' title='bbox 1464 5124 1570 5178; x_wconf 85' lang='lat' dir='ltr'><strong>illis</strong></span> <span class='ocrx_word' id='word_1_586' title='bbox 1612 5124 1950 5192; x_wconf 62' lang='lat' dir='ltr'><strong>imputantur</strong></span> <span class='ocrx_word' id='word_1_587' title='bbox 1995 5142 2009 5178; x_wconf 87' lang='lat'><strong>:</strong></span> 
     </span>
    </p>
   </div>
   <div class='ocr_carea' id='block_1_83' title="bbox 430 5214 2016 5284">
    <p class='ocr_par' dir='ltr' id='par_1_83' title="bbox 430 5214 2016 5284">
     <span class='ocr_line' id='line_1_84' title="bbox 430 5214 2016 5284; baseline -0.003 -11"><span class='ocrx_word' id='word_1_588' title='bbox 430 5218 575 5274; x_wconf 82' lang='lat' dir='ltr'><strong>unde</strong></span> <span class='ocrx_word' id='word_1_589' title='bbox 611 5217 884 5273; x_wconf 89' lang='lat' dir='ltr'><strong>calculum</strong></span> <span class='ocrx_word' id='word_1_590' title='bbox 931 5214 1365 5272; x_wconf 86' lang='lat' dir='ltr'><strong>subduccntibus</strong></span> <span class='ocrx_word' id='word_1_591' title='bbox 1406 5229 1564 5270; x_wconf 91' lang='lat' dir='ltr'><strong>error</strong></span> <span class='ocrx_word' id='word_1_592' title='bbox 1610 5214 1861 5284; x_wconf 85' lang='lat' dir='ltr'><strong>obrepat.</strong></span> <span class='ocrx_word' id='word_1_593' title='bbox 1902 5216 2016 5268; x_wconf 64' lang='lat' dir='ltr'><strong>Cae-</strong></span> 
     </span>
    </p>
   </div>
   <div class='ocr_carea' id='block_1_84' title="bbox 431 5308 2005 5380">
    <p class='ocr_par' dir='ltr' id='par_1_84' title="bbox 431 5308 2005 5380">
     <span class='ocr_line' id='line_1_85' title="bbox 431 5308 2005 5380; baseline -0.002 -15"><span class='ocrx_word' id='word_1_594' title='bbox 431 5320 610 5367; x_wconf 87' lang='lat' dir='ltr'><strong>terum</strong></span> <span class='ocrx_word' id='word_1_595' title='bbox 649 5311 704 5365; x_wconf 91' lang='lat' dir='ltr'><strong>in</strong></span> <span class='ocrx_word' id='word_1_596' title='bbox 750 5319 981 5380; x_wconf 84' lang='lat' dir='ltr'><strong>utroque</strong></span> <span class='ocrx_word' id='word_1_597' title='bbox 1025 5324 1231 5373; x_wconf 83' lang='lat' dir='ltr'><strong>mense,</strong></span> <span class='ocrx_word' id='word_1_598' title='bbox 1297 5308 1605 5370; x_wconf 81' lang='lat' dir='ltr'><strong>undecimo,</strong></span> <span class='ocrx_word' id='word_1_599' title='bbox 1666 5308 1910 5378; x_wconf 80' lang='lat' dir='ltr'><strong>inquam,</strong></span> <span class='ocrx_word' id='word_1_600' title='bbox 1951 5319 2005 5362; x_wconf 90' lang='lat' dir='ltr'><strong>et</strong></span> 
     </span>
    </p>
   </div>
   <div class='ocr_carea' id='block_1_85' title="bbox 432 5402 2004 5468">
    <p class='ocr_par' dir='ltr' id='par_1_85' title="bbox 432 5402 2004 5468">
     <span class='ocr_line' id='line_1_86' title="bbox 432 5402 2004 5468; baseline -0.003 -10"><span class='ocrx_word' id='word_1_601' title='bbox 432 5402 779 5468; x_wconf 86' lang='lat' dir='ltr'><strong>duodecimo,</strong></span> <span class='ocrx_word' id='word_1_602' title='bbox 810 5403 877 5457; x_wconf 92' lang='lat' dir='ltr'><strong>ad</strong></span> <span class='ocrx_word' id='word_1_603' title='bbox 910 5403 1197 5457; x_wconf 88' lang='lat' dir='ltr'><strong>sinistrum</strong></span> <span class='ocrx_word' id='word_1_604' title='bbox 1236 5403 1377 5457; x_wconf 89' lang='lat' dir='ltr'><strong>latus</strong></span> <span class='ocrx_word' id='word_1_605' title='bbox 1408 5404 1638 5455; x_wconf 86' lang='lat' dir='ltr'><strong>canonis</strong></span> <span class='ocrx_word' id='word_1_606' title='bbox 1667 5417 1776 5453; x_wconf 89' lang='lat' dir='ltr'><strong>non</strong></span> <span class='ocrx_word' id='word_1_607' title='bbox 1813 5403 2004 5456; x_wconf 87' lang='lat' dir='ltr'><strong>eadem</strong></span> 
     </span>
    </p>
   </div>
   <div class='ocr_carea' id='block_1_86' title="bbox 432 5496 2007 5566">
    <p class='ocr_par' dir='ltr' id='par_1_86' title="bbox 432 5496 2007 5566">
     <span class='ocr_line' id='line_1_87' title="bbox 432 5496 2007 5566; baseline -0.001 -17"><span class='ocrx_word' id='word_1_608' title='bbox 432 5505 599 5566; x_wconf 87' lang='lat' dir='ltr'><strong>quota</strong></span> <span class='ocrx_word' id='word_1_609' title='bbox 640 5496 758 5550; x_wconf 90' lang='lat' dir='ltr'><strong>dies</strong></span> <span class='ocrx_word' id='word_1_610' title='bbox 787 5496 1082 5549; x_wconf 88' lang='lat' dir='ltr'><strong>ascribitur</strong></span> <span class='ocrx_word' id='word_1_611' title='bbox 1111 5512 1142 5551; x_wconf 92' lang='lat' dir='ltr'><strong>e</strong></span> <span class='ocrx_word' id='word_1_612' title='bbox 1184 5496 1404 5565; x_wconf 79' lang='lat' dir='ltr'><strong>regione</strong></span> <span class='ocrx_word' id='word_1_613' title='bbox 1437 5496 1804 5547; x_wconf 74' lang='lat' dir='ltr'><strong>lionmndrum</strong></span> <span class='ocrx_word' id='word_1_614' title='bbox 1850 5510 2007 5548; x_wconf 75' lang='lat' dir='ltr'><strong>men~</strong></span> 
     </span>
    </p>
   </div>
   <div class='ocr_carea' id='block_1_87' title="bbox 432 5582 2008 5653">
    <p class='ocr_par' dir='ltr' id='par_1_87' title="bbox 432 5582 2008 5653">
     <span class='ocr_line' id='line_1_88' title="bbox 432 5582 2008 5653; baseline -0.002 -12"><span class='ocrx_word' id='word_1_615' title='bbox 432 5582 577 5641; x_wconf 78' lang='lat' dir='ltr'><strong>sium</strong></span> <span class='ocrx_word' id='word_1_616' title='bbox 615 5601 630 5638; x_wconf 90' lang='lat'><strong>:</strong></span> <span class='ocrx_word' id='word_1_617' title='bbox 676 5583 1135 5652; x_wconf 86' lang='lat' dir='ltr'><strong>quemadmodum</strong></span> <span class='ocrx_word' id='word_1_618' title='bbox 1178 5584 1233 5637; x_wconf 88' lang='lat' dir='ltr'><strong>in</strong></span> <span class='ocrx_word' id='word_1_619' title='bbox 1264 5583 1457 5638; x_wconf 79' lang='lat' dir='ltr'><strong>dextra</strong></span> <span class='ocrx_word' id='word_1_620' title='bbox 1500 5595 1658 5653; x_wconf 87' lang='lat' dir='ltr'><strong>parte</strong></span> <span class='ocrx_word' id='word_1_621' title='bbox 1694 5582 1787 5636; x_wconf 88' lang='lat' dir='ltr'><strong>uni</strong></span> <span class='ocrx_word' id='word_1_622' title='bbox 1832 5584 2008 5638; x_wconf 81' lang='lat' dir='ltr'><strong>mensi</strong></span> 
     </span>
    </p>
   </div>
   <div class='ocr_carea' id='block_1_88' title="bbox 505 5738 1323 5809">
    <p class='ocr_par' dir='ltr' id='par_1_88' title="bbox 505 5738 1323 5809">
     <span class='ocr_line' id='line_1_89' title="bbox 505 5738 1323 5809; baseline -0.002 -14"><span class='ocrx_word' id='word_1_623' title='bbox 505 5741 555 5775; x_wconf 83' lang='grc'><strong>⁸⁸</strong></span> <span class='ocrx_word' id='word_1_624' title='bbox 581 5739 735 5794; x_wconf 78' lang='lat' dir='ltr'><strong>Deest</strong></span> <span class='ocrx_word' id='word_1_625' title='bbox 766 5741 932 5793; x_wconf 81' lang='grc' dir='ltr'>αἰτία.</span> <span class='ocrx_word' id='word_1_626' title='bbox 1007 5743 1053 5772; x_wconf 77' lang='grc'><strong>⁸⁸</strong></span> <span class='ocrx_word' id='word_1_627' title='bbox 1089 5741 1131 5809; x_wconf 78' lang='lat' dir='ltr'><strong>f.</strong></span> <span class='ocrx_word' id='word_1_628' title='bbox 1164 5738 1323 5793; x_wconf 78' lang='grc' dir='ltr'>κατὰ.</span> 
     </span>
    </p>
   </div>
   <div class='ocr_carea' id='block_1_89' title="bbox 2108 3186 3691 3266">
    <p class='ocr_par' dir='ltr' id='par_1_89' title="bbox 2108 3186 3691 3266">
     <span class='ocr_line' id='line_1_90' title="bbox 2108 3186 3691 3266; baseline 0.003 -26"><span class='ocrx_word' id='word_1_629' title='bbox 2108 3186 2364 3241; x_wconf 80' lang='grc' dir='ltr'>ὲπακτῶν</span> <span class='ocrx_word' id='word_1_630' title='bbox 2413 3188 2513 3260; x_wconf 86' lang='grc' dir='ltr'><strong>τῆς</strong></span> <span class='ocrx_word' id='word_1_631' title='bbox 2565 3187 2796 3260; x_wconf 90' lang='grc' dir='ltr'>σελήνης</span> <span class='ocrx_word' id='word_1_632' title='bbox 2826 3186 3171 3260; x_wconf 80' lang='grc' dir='ltr'>ἁθροίζονται</span> <span class='ocrx_word' id='word_1_633' title='bbox 3223 3189 3364 3244; x_wconf 74' lang='grc' dir='ltr'>κατὰ</span> <span class='ocrx_word' id='word_1_634' title='bbox 3406 3190 3612 3248; x_wconf 76' lang='grc' dir='ltr'>διετίαν</span> <span class='ocrx_word' id='word_1_635' title='bbox 3656 3196 3691 3266; x_wconf 71' lang='grc' dir='ltr'><strong>ἢ</strong></span> 
     </span>
    </p>
   </div>
   <div class='ocr_carea' id='block_1_90' title="bbox 2108 3278 3694 3353">
    <p class='ocr_par' dir='ltr' id='par_1_90' title="bbox 2108 3278 3694 3353">
     <span class='ocr_line' id='line_1_91' title="bbox 2108 3278 3694 3353; baseline 0.004 -22"><span class='ocrx_word' id='word_1_636' title='bbox 2108 3278 2345 3348; x_wconf 75' lang='grc' dir='ltr'>τριετίαν</span> <span class='ocrx_word' id='word_1_637' title='bbox 2391 3278 2624 3352; x_wconf 85' lang='grc' dir='ltr'>ἀριθμὸν</span> <span class='ocrx_word' id='word_1_638' title='bbox 2663 3279 2708 3333; x_wconf 86' lang='grc' dir='ltr'>λ’</span> <span class='ocrx_word' id='word_1_639' title='bbox 2762 3278 2988 3352; x_wconf 78' lang='grc' dir='ltr'>ἡμερῶν</span> <span class='ocrx_word' id='word_1_640' title='bbox 3042 3279 3463 3353; x_wconf 79' lang='grc' dir='ltr'>ἐκπληροῦντες.</span> <span class='ocrx_word' id='word_1_641' title='bbox 3517 3284 3590 3336; x_wconf 78' lang='lat' dir='ltr'><strong>Ai</strong></span> <span class='ocrx_word' id='word_1_642' title='bbox 3638 3285 3694 3338; x_wconf 74' lang='grc' dir='ltr'>δὲ</span> 
     </span>
    </p>
   </div>
   <div class='ocr_carea' id='block_1_91' title="bbox 2108 3368 3695 3443">
    <p class='ocr_par' dir='ltr' id='par_1_91' title="bbox 2108 3368 3695 3443">
     <span class='ocr_line' id='line_1_92' title="bbox 2108 3368 3695 3443; baseline 0.004 -20"><span class='ocrx_word' id='word_1_643' title='bbox 2108 3370 2346 3424; x_wconf 75' lang='grc' dir='ltr'>ὲπακταὶ</span> <span class='ocrx_word' id='word_1_644' title='bbox 2371 3369 2460 3423; x_wconf 78' lang='grc' dir='ltr'><strong>διὰ</strong></span> <span class='ocrx_word' id='word_1_645' title='bbox 2495 3371 2595 3440; x_wconf 82' lang='grc' dir='ltr'><strong>τὴν</strong></span> <span class='ocrx_word' id='word_1_646' title='bbox 2634 3368 2873 3440; x_wconf 77' lang='grc' dir='ltr'>ἔκλειψιν</span> <span class='ocrx_word' id='word_1_647' title='bbox 2920 3369 3151 3424; x_wconf 78' lang='grc' dir='ltr'>δίδονται</span> <span class='ocrx_word' id='word_1_648' title='bbox 3183 3369 3279 3423; x_wconf 81' lang='grc' dir='ltr'><strong>τοῦ</strong></span> <span class='ocrx_word' id='word_1_649' title='bbox 3316 3370 3416 3442; x_wconf 83' lang='grc' dir='ltr'><strong>τῆς</strong></span> <span class='ocrx_word' id='word_1_650' title='bbox 3463 3370 3695 3443; x_wconf 76' lang='grc' dir='ltr'>εελήνης</span> 
     </span>
    </p>
   </div>
   <div class='ocr_carea' id='block_1_92' title="bbox 2110 3461 3694 3535">
    <p class='ocr_par' dir='ltr' id='par_1_92' title="bbox 2110 3461 3694 3535">
     <span class='ocr_line' id='line_1_93' title="bbox 2110 3461 3694 3535; baseline 0.002 -20"><span class='ocrx_word' id='word_1_651' title='bbox 2110 3461 2262 3527; x_wconf 87' lang='grc' dir='ltr'><strong>ἔτους</strong></span> <span class='ocrx_word' id='word_1_652' title='bbox 2291 3462 2425 3534; x_wconf 86' lang='grc' dir='ltr'>πρὸς</span> <span class='ocrx_word' id='word_1_653' title='bbox 2453 3461 2516 3516; x_wconf 91' lang='grc' dir='ltr'><strong>τὸ</strong></span> <span class='ocrx_word' id='word_1_654' title='bbox 2551 3461 2777 3533; x_wconf 78' lang='grc' dir='ltr'>ἡλιακὸν</span> <span class='ocrx_word' id='word_1_655' title='bbox 2808 3461 2947 3526; x_wconf 87' lang='grc' dir='ltr'><strong>ἔτος.</strong></span> <span class='ocrx_word' id='word_1_656' title='bbox 2990 3461 3207 3534; x_wconf 74' lang='grc' dir='ltr'>Ἐπειδὴ</span> <span class='ocrx_word' id='word_1_657' title='bbox 3230 3462 3293 3516; x_wconf 88' lang='grc' dir='ltr'><strong>τὸ</strong></span> <span class='ocrx_word' id='word_1_658' title='bbox 3333 3463 3433 3534; x_wconf 81' lang='grc' dir='ltr'>μὲν</span> <span class='ocrx_word' id='word_1_659' title='bbox 3468 3463 3694 3535; x_wconf 78' lang='grc' dir='ltr'>ἡλιακὸν</span> 
     </span>
    </p>
   </div>
   <div class='ocr_carea' id='block_1_93' title="bbox 2109 3552 3692 3625">
    <p class='ocr_par' dir='ltr' id='par_1_93' title="bbox 2109 3552 3692 3625">
     <span class='ocr_line' id='line_1_94' title="bbox 2109 3552 3692 3625; baseline 0.003 -19"><span class='ocrx_word' id='word_1_660' title='bbox 2109 3552 2215 3619; x_wconf 82' lang='grc' dir='ltr'><strong>τξε¹</strong></span> <span class='ocrx_word' id='word_1_661' title='bbox 2254 3553 2589 3624; x_wconf 82' lang='grc' dir='ltr'>καθέστηκεν</span> <span class='ocrx_word' id='word_1_662' title='bbox 2646 3553 2893 3625; x_wconf 83' lang='grc' dir='ltr'>ἡμερῶν,</span> <span class='ocrx_word' id='word_1_663' title='bbox 2945 3554 3088 3608; x_wconf 78' lang='grc' dir='ltr'>τὸδὲ</span> <span class='ocrx_word' id='word_1_664' title='bbox 3135 3554 3234 3625; x_wconf 84' lang='grc' dir='ltr'><strong>τῆς</strong></span> <span class='ocrx_word' id='word_1_665' title='bbox 3290 3554 3523 3625; x_wconf 83' lang='grc' dir='ltr'>σελήνης</span> <span class='ocrx_word' id='word_1_666' title='bbox 3564 3556 3692 3611; x_wconf 74' lang='grc' dir='ltr'>τνδ’.</span> 
     </span>
    </p>
   </div>
   <div class='ocr_carea' id='block_1_94' title="bbox 2113 3640 3696 3715">
    <p class='ocr_par' dir='ltr' id='par_1_94' title="bbox 2113 3640 3696 3715">
     <span class='ocr_line' id='line_1_95' title="bbox 2113 3640 3696 3715; baseline 0 -17"><span class='ocrx_word' id='word_1_667' title='bbox 2113 3643 2275 3698; x_wconf 88' lang='grc' dir='ltr'>Ὅθεν</span> <span class='ocrx_word' id='word_1_668' title='bbox 2327 3644 2424 3699; x_wconf 72' lang='grc' dir='ltr'><strong>καὶ</strong></span> <span class='ocrx_word' id='word_1_669' title='bbox 2470 3644 2563 3697; x_wconf 91' lang='grc' dir='ltr'>τὸν</span> <span class='ocrx_word' id='word_1_670' title='bbox 2613 3645 2814 3697; x_wconf 71' lang='grc' dir='ltr'>οἰκεῖον</span> <span class='ocrx_word' id='word_1_671' title='bbox 2865 3643 3010 3714; x_wconf 84' lang='grc' dir='ltr'>μῆνα</span> <span class='ocrx_word' id='word_1_672' title='bbox 3056 3640 3138 3696; x_wconf 84' lang='grc' dir='ltr'>κθ⁹</span> <span class='ocrx_word' id='word_1_673' title='bbox 3179 3642 3407 3714; x_wconf 76' lang='grc' dir='ltr'>ἡμίσεος</span> <span class='ocrx_word' id='word_1_674' title='bbox 3465 3643 3696 3715; x_wconf 78' lang='grc' dir='ltr'>ἡμερῶν</span> 
     </span>
    </p>
   </div>
   <div class='ocr_carea' id='block_1_95' title="bbox 2111 3734 3696 3810">
    <p class='ocr_par' dir='ltr' id='par_1_95' title="bbox 2111 3734 3696 3810">
     <span class='ocr_line' id='line_1_96' title="bbox 2111 3734 3696 3810; baseline -0.003 -18"><span class='ocrx_word' id='word_1_675' title='bbox 2111 3738 2391 3810; x_wconf 84' lang='grc' dir='ltr'>κέκτηται.</span> <span class='ocrx_word' id='word_1_676' title='bbox 2434 3738 2547 3792; x_wconf 76' lang='grc' dir='ltr'>Πᾶν</span> <span class='ocrx_word' id='word_1_677' title='bbox 2577 3736 2635 3790; x_wconf 84' lang='grc' dir='ltr'>δὲ</span> <span class='ocrx_word' id='word_1_678' title='bbox 2668 3736 2899 3807; x_wconf 85' lang='grc' dir='ltr'>σελήνης</span> <span class='ocrx_word' id='word_1_679' title='bbox 2931 3735 3079 3800; x_wconf 85' lang='grc' dir='ltr'>ἔτος,</span> <span class='ocrx_word' id='word_1_680' title='bbox 3119 3734 3407 3806; x_wconf 86' lang='grc' dir='ltr'>δεχόμενον</span> <span class='ocrx_word' id='word_1_681' title='bbox 3446 3734 3545 3788; x_wconf 72' lang='grc' dir='ltr'>ἕνα</span> <span class='ocrx_word' id='word_1_682' title='bbox 3584 3734 3696 3788; x_wconf 86' lang='grc' dir='ltr'>τῶν</span> 
     </span>
    </p>
   </div>
   <div class='ocr_carea' id='block_1_96' title="bbox 2112 3825 3696 3902">
    <p class='ocr_par' dir='ltr' id='par_1_96' title="bbox 2112 3825 3696 3902">
     <span class='ocr_line' id='line_1_97' title="bbox 2112 3825 3696 3902; baseline -0.003 -20"><span class='ocrx_word' id='word_1_683' title='bbox 2112 3829 2424 3902; x_wconf 80' lang='grc' dir='ltr'>ἐμϐολίμων</span> <span class='ocrx_word' id='word_1_684' title='bbox 2466 3826 2673 3900; x_wconf 84' lang='grc' dir='ltr'>μηνῶν,</span> <span class='ocrx_word' id='word_1_685' title='bbox 2710 3826 3012 3899; x_wconf 84' lang='grc' dir='ltr'>δεκατριῶν</span> <span class='ocrx_word' id='word_1_686' title='bbox 3043 3827 3249 3896; x_wconf 84' lang='grc' dir='ltr'>γίνεται</span> <span class='ocrx_word' id='word_1_687' title='bbox 3280 3825 3523 3889; x_wconf 80' lang='grc' dir='ltr'>πάντως,</span> <span class='ocrx_word' id='word_1_688' title='bbox 3556 3825 3696 3897; x_wconf 83' lang='grc' dir='ltr'>πρὸς</span> 
     </span>
    </p>
   </div>
   <div class='ocr_carea' id='block_1_97' title="bbox 2109 3917 3696 3991">
    <p class='ocr_par' dir='ltr' id='par_1_97' title="bbox 2109 3917 3696 3991">
     <span class='ocr_line' id='line_1_98' title="bbox 2109 3917 3696 3991; baseline -0.003 -17"><span class='ocrx_word' id='word_1_689' title='bbox 2109 3924 2229 3984; x_wconf 87' lang='grc' dir='ltr'>ταῖς</span> <span class='ocrx_word' id='word_1_690' title='bbox 2295 3919 2616 3973; x_wconf 80' lang='grc' dir='ltr'>δυοκαίδεκα</span> <span class='ocrx_word' id='word_1_691' title='bbox 2662 3917 2849 3973; x_wconf 84' lang='grc' dir='ltr'><strong>τοῦτον</strong></span> <span class='ocrx_word' id='word_1_692' title='bbox 2900 3917 3238 3991; x_wconf 84' lang='grc' dir='ltr'>φερωνύμως</span> <span class='ocrx_word' id='word_1_693' title='bbox 3274 3917 3696 3989; x_wconf 69' lang='grc' dir='ltr'><strong>Δἐμϐαλλόμενον</strong></span> 
     </span>
    </p>
   </div>
   <div class='ocr_carea' id='block_1_98' title="bbox 2112 4006 3695 4080">
    <p class='ocr_par' dir='ltr' id='par_1_98' title="bbox 2112 4006 3695 4080">
     <span class='ocr_line' id='line_1_99' title="bbox 2112 4006 3695 4080; baseline -0.003 -16"><span class='ocrx_word' id='word_1_694' title='bbox 2112 4009 2259 4080; x_wconf 77' lang='grc' dir='ltr'><strong>ἔχον·</strong></span> <span class='ocrx_word' id='word_1_695' title='bbox 2305 4008 2382 4071; x_wconf 86' lang='grc' dir='ltr'><strong>ὡς</strong></span> <span class='ocrx_word' id='word_1_696' title='bbox 2415 4007 2764 4080; x_wconf 80' lang='grc' dir='ltr'>εὑρίσκεσθαι</span> <span class='ocrx_word' id='word_1_697' title='bbox 2801 4007 2988 4062; x_wconf 89' lang='grc' dir='ltr'>λοιπὸν</span> <span class='ocrx_word' id='word_1_698' title='bbox 3020 4007 3096 4080; x_wconf 83' lang='grc' dir='ltr'>μὴ</span> <span class='ocrx_word' id='word_1_699' title='bbox 3139 4007 3299 4079; x_wconf 86' lang='grc' dir='ltr'>μόνον</span> <span class='ocrx_word' id='word_1_700' title='bbox 3329 4006 3431 4061; x_wconf 86' lang='grc' dir='ltr'>τνδ¹</span> <span class='ocrx_word' id='word_1_701' title='bbox 3468 4006 3695 4079; x_wconf 76' lang='grc' dir='ltr'>ἡμερῶν</span> 
     </span>
    </p>
   </div>
   <div class='ocr_carea' id='block_1_99' title="bbox 2112 4097 3694 4173">
    <p class='ocr_par' dir='ltr' id='par_1_99' title="bbox 2112 4097 3694 4173">
     <span class='ocr_line' id='line_1_100' title="bbox 2112 4097 3694 4173; baseline -0.003 -16"><span class='ocrx_word' id='word_1_702' title='bbox 2112 4101 2253 4158; x_wconf 78' lang='grc' dir='ltr'>κατὰ</span> <span class='ocrx_word' id='word_1_703' title='bbox 2280 4101 2347 4155; x_wconf 85' lang='grc' dir='ltr'><strong>τὰ</strong></span> <span class='ocrx_word' id='word_1_704' title='bbox 2377 4101 2540 4155; x_wconf 83' lang='grc' dir='ltr'>λοιπὰ</span> <span class='ocrx_word' id='word_1_705' title='bbox 2567 4101 2666 4172; x_wconf 85' lang='grc' dir='ltr'><strong>τῆς</strong></span> <span class='ocrx_word' id='word_1_706' title='bbox 2693 4100 2920 4173; x_wconf 86' lang='grc' dir='ltr'>σελήνης</span> <span class='ocrx_word' id='word_1_707' title='bbox 2955 4099 3072 4171; x_wconf 87' lang='grc' dir='ltr'><strong>ἔτη,</strong></span> <span class='ocrx_word' id='word_1_708' title='bbox 3114 4098 3252 4154; x_wconf 79' lang='grc' dir='ltr'>ἀλλὰ</span> <span class='ocrx_word' id='word_1_709' title='bbox 3277 4097 3396 4153; x_wconf 74' lang='grc' dir='ltr'>τπδ’</span> <span class='ocrx_word' id='word_1_710' title='bbox 3426 4101 3498 4172; x_wconf 77' lang='grc' dir='ltr'><strong>τῇ</strong></span> <span class='ocrx_word' id='word_1_711' title='bbox 3528 4115 3694 4171; x_wconf 80' lang='grc' dir='ltr'>προσ-</span> 
     </span>
    </p>
   </div>
   <div class='ocr_carea' id='block_1_100' title="bbox 2114 4194 3273 4271">
    <p class='ocr_par' dir='ltr' id='par_1_100' title="bbox 2114 4194 3273 4271">
     <span class='ocr_line' id='line_1_101' title="bbox 2114 4194 3273 4271; baseline -0.004 -16"><span class='ocrx_word' id='word_1_712' title='bbox 2114 4200 2258 4255; x_wconf 79' lang='grc' dir='ltr'>θέσει</span> <span class='ocrx_word' id='word_1_713' title='bbox 2293 4200 2387 4254; x_wconf 76' lang='grc' dir='ltr'><strong>τοῦ</strong></span> <span class='ocrx_word' id='word_1_714' title='bbox 2420 4198 2715 4271; x_wconf 75' lang='grc' dir='ltr'>ἐμϐολίμου</span> <span class='ocrx_word' id='word_1_715' title='bbox 2755 4198 2924 4270; x_wconf 88' lang='grc' dir='ltr'>μηνὸς</span> <span class='ocrx_word' id='word_1_716' title='bbox 2951 4197 2996 4251; x_wconf 84' lang='grc' dir='ltr'>λ’</span> <span class='ocrx_word' id='word_1_717' title='bbox 3033 4194 3273 4269; x_wconf 79' lang='grc' dir='ltr'>ἡμερῶν.</span> 
     </span>
    </p>
   </div>
   <div class='ocr_carea' id='block_1_101' title="bbox 2113 4401 3695 4477">
    <p class='ocr_par' dir='ltr' id='par_1_101' title="bbox 2113 4401 3695 4477">
     <span class='ocr_line' id='line_1_102' title="bbox 2113 4401 3695 4477; baseline -0.006 -14"><span class='ocrx_word' id='word_1_718' title='bbox 2113 4407 2254 4477; x_wconf 76' lang='grc' dir='ltr'>Περὶ</span> <span class='ocrx_word' id='word_1_719' title='bbox 2290 4404 2411 4461; x_wconf 81' lang='grc' dir='ltr'>τῶν</span> <span class='ocrx_word' id='word_1_720' title='bbox 2431 4405 2502 4471; x_wconf 80' lang='grc' dir='ltr'><strong>ἐξ</strong></span> <span class='ocrx_word' id='word_1_721' title='bbox 2540 4405 2873 4477; x_wconf 19' lang='grc' dir='ltr'>εὐᾲωγύμωιί</span> <span class='ocrx_word' id='word_1_722' title='bbox 2902 4405 3009 4475; x_wconf 84' lang='grc' dir='ltr'>τοῦ</span> <span class='ocrx_word' id='word_1_723' title='bbox 3053 4403 3339 4477; x_wconf 62' lang='grc' dir='ltr'>κακοτείου</span> <span class='ocrx_word' id='word_1_724' title='bbox 3376 4401 3695 4477; x_wconf 68' lang='grc' dir='ltr'>τετηρημέ-</span> 
     </span>
    </p>
   </div>
   <div class='ocr_carea' id='block_1_102' title="bbox 2174 4472 3697 4546">
    <p class='ocr_par' dir='ltr' id='par_1_102' title="bbox 2174 4472 3697 4546">
     <span class='ocr_line' id='line_1_103' title="bbox 2174 4472 3697 4546; baseline -0.004 -13"><span class='ocrx_word' id='word_1_725' title='bbox 2174 4472 2300 4533; x_wconf 54' lang='lat' dir='ltr'><strong>iam</strong></span> <span class='ocrx_word' id='word_1_726' title='bbox 2349 4475 2670 4545; x_wconf 74' lang='grc' dir='ltr'>Ἑϐραϊκῶν</span> <span class='ocrx_word' id='word_1_727' title='bbox 2711 4472 2981 4546; x_wconf 40' lang='grc' dir='ltr'><strong>,ἀφίημί</strong></span> <span class='ocrx_word' id='word_1_728' title='bbox 3025 4476 3123 4530; x_wconf 76' lang='grc' dir='ltr'>καὶ</span> <span class='ocrx_word' id='word_1_729' title='bbox 3176 4472 3289 4546; x_wconf 79' lang='grc' dir='ltr'>τῆς</span> <span class='ocrx_word' id='word_1_730' title='bbox 3342 4473 3548 4546; x_wconf 75' lang='grc' dir='ltr'>αὐτῶν</span> <span class='ocrx_word' id='word_1_731' title='bbox 3590 4472 3697 4528; x_wconf 64' lang='grc' dir='ltr'>πο-</span> 
     </span>
    </p>
   </div>
   <div class='ocr_carea' id='block_1_103' title="bbox 2176 4655 3694 4732">
    <p class='ocr_par' dir='ltr' id='par_1_103' title="bbox 2176 4655 3694 4732">
     <span class='ocr_line' id='line_1_104' title="bbox 2176 4655 3694 4732; baseline -0.006 -15"><span class='ocrx_word' id='word_1_732' title='bbox 2176 4665 2259 4717; x_wconf 82' lang='lat' dir='ltr'><strong>H’.</strong></span> <span class='ocrx_word' id='word_1_733' title='bbox 2306 4660 2588 4716; x_wconf 78' lang='grc' dir='ltr'>Ἐντεῦθεν</span> <span class='ocrx_word' id='word_1_734' title='bbox 2608 4656 2702 4714; x_wconf 76' lang='grc' dir='ltr'><strong>οὖν</strong></span> <span class='ocrx_word' id='word_1_735' title='bbox 2722 4661 2816 4714; x_wconf 75' lang='grc' dir='ltr'>καὶ</span> <span class='ocrx_word' id='word_1_736' title='bbox 2835 4659 3251 4732; x_wconf 85' lang='grc' dir='ltr'>προτελευταῖον</span> <span class='ocrx_word' id='word_1_737' title='bbox 3282 4659 3427 4729; x_wconf 72' lang='grc' dir='ltr'>μῆνα</span> <span class='ocrx_word' id='word_1_738' title='bbox 3468 4656 3563 4710; x_wconf 81' lang='grc' dir='ltr'>τὸν</span> <span class='ocrx_word' id='word_1_739' title='bbox 3590 4655 3694 4728; x_wconf 85' lang='grc' dir='ltr'><strong>πρὸ</strong></span> 
     </span>
    </p>
   </div>
   <div class='ocr_carea' id='block_1_104' title="bbox 2106 4748 3695 4819">
    <p class='ocr_par' dir='ltr' id='par_1_104' title="bbox 2106 4748 3695 4819">
     <span class='ocr_line' id='line_1_105' title="bbox 2106 4748 3695 4819; baseline -0.008 -9"><span class='ocrx_word' id='word_1_740' title='bbox 2106 4755 2203 4811; x_wconf 80' lang='grc' dir='ltr'><strong>τοῦ</strong></span> <span class='ocrx_word' id='word_1_741' title='bbox 2228 4756 2432 4819; x_wconf 77' lang='grc' dir='ltr'>τέλους,</span> <span class='ocrx_word' id='word_1_742' title='bbox 2455 4754 2517 4807; x_wconf 76' lang='grc' dir='ltr'><strong>οὐ</strong></span> <span class='ocrx_word' id='word_1_743' title='bbox 2546 4752 2639 4805; x_wconf 91' lang='grc' dir='ltr'><strong>τὸν</strong></span> <span class='ocrx_word' id='word_1_744' title='bbox 2667 4752 2970 4815; x_wconf 78' lang='grc' dir='ltr'>ἑνδέκατον,</span> <span class='ocrx_word' id='word_1_745' title='bbox 2993 4750 3126 4805; x_wconf 84' lang='grc' dir='ltr'>ἀλλὰ</span> <span class='ocrx_word' id='word_1_746' title='bbox 3153 4750 3246 4803; x_wconf 87' lang='grc' dir='ltr'><strong>τὸν</strong></span> <span class='ocrx_word' id='word_1_747' title='bbox 3278 4748 3695 4803; x_wconf 82' lang='grc' dir='ltr'>δυοκαιδέκατον</span> 
     </span>
    </p>
   </div>
   <div class='ocr_carea' id='block_1_105' title="bbox 2109 4831 3697 4914">
    <p class='ocr_par' dir='ltr' id='par_1_105' title="bbox 2109 4831 3697 4914">
     <span class='ocr_line' id='line_1_106' title="bbox 2109 4831 3697 4914; baseline -0.007 -13"><span class='ocrx_word' id='word_1_748' title='bbox 2109 4847 2170 4902; x_wconf 89' lang='grc' dir='ltr'>τὸ</span> <span class='ocrx_word' id='word_1_749' title='bbox 2198 4844 2408 4900; x_wconf 81' lang='grc' dir='ltr'>τοιοῦτο</span> <span class='ocrx_word' id='word_1_750' title='bbox 2439 4844 2538 4914; x_wconf 78' lang='grc' dir='ltr'><strong>τῆς</strong></span> <span class='ocrx_word' id='word_1_751' title='bbox 2575 4842 2806 4913; x_wconf 79' lang='grc' dir='ltr'>σελήνης</span> <span class='ocrx_word' id='word_1_752' title='bbox 2828 4842 3090 4913; x_wconf 76' lang='grc' dir='ltr'>κέκτηται</span> <span class='ocrx_word' id='word_1_753' title='bbox 3133 4840 3281 4904; x_wconf 73' lang='grc' dir='ltr'><strong>ἔτοςο</strong></span> <span class='ocrx_word' id='word_1_754' title='bbox 3319 4838 3380 4904; x_wconf 76' lang='grc' dir='ltr'><strong>ἐξ</strong></span> <span class='ocrx_word' id='word_1_755' title='bbox 3404 4831 3468 4892; x_wconf 79' lang='grc' dir='ltr'><strong>οὗ</strong></span> <span class='ocrx_word' id='word_1_756' title='bbox 3528 4855 3697 4911; x_wconf 79' lang='grc' dir='ltr'>προσ-</span> 
     </span>
    </p>
   </div>
   <div class='ocr_carea' id='block_1_106' title="bbox 2107 4930 3695 5014">
    <p class='ocr_par' dir='ltr' id='par_1_106' title="bbox 2107 4930 3695 5014">
     <span class='ocr_line' id='line_1_107' title="bbox 2107 4930 3695 5014; baseline -0.009 -18"><span class='ocrx_word' id='word_1_757' title='bbox 2107 4941 2352 5014; x_wconf 84' lang='grc' dir='ltr'>ηκόντως</span> <span class='ocrx_word' id='word_1_758' title='bbox 2378 4939 2470 4993; x_wconf 75' lang='grc' dir='ltr'>καὶ</span> <span class='ocrx_word' id='word_1_759' title='bbox 2502 4940 2535 5009; x_wconf 90' lang='grc' dir='ltr'><strong>ή</strong></span> <span class='ocrx_word' id='word_1_760' title='bbox 2570 4935 2934 5007; x_wconf 77' lang='grc' dir='ltr'>παρείσῦασις</span> <span class='ocrx_word' id='word_1_761' title='bbox 2960 4933 3068 4987; x_wconf 90' lang='grc' dir='ltr'><strong>τῶν</strong></span> <span class='ocrx_word' id='word_1_762' title='bbox 3095 4933 3265 5001; x_wconf 86' lang='grc' dir='ltr'>ἁγίων</span> <span class='ocrx_word' id='word_1_763' title='bbox 3297 4930 3563 5002; x_wconf 82' lang='grc' dir='ltr'>νηστειῶν</span> <span class='ocrx_word' id='word_1_764' title='bbox 3596 4946 3695 4983; x_wconf 79' lang='grc' dir='ltr'>κα·</span> 
     </span>
    </p>
   </div>
   <div class='ocr_carea' id='block_1_107' title="bbox 2109 5023 3696 5101">
    <p class='ocr_par' dir='ltr' id='par_1_107' title="bbox 2109 5023 3696 5101">
     <span class='ocr_line' id='line_1_108' title="bbox 2109 5023 3696 5101; baseline -0.009 -11"><span class='ocrx_word' id='word_1_765' title='bbox 2109 5033 2375 5098; x_wconf 73' lang='grc' dir='ltr'>νονίζεται</span> <span class='ocrx_word' id='word_1_766' title='bbox 2425 5032 2491 5085; x_wconf 84' lang='grc' dir='ltr'><strong>δι’</strong></span> <span class='ocrx_word' id='word_1_767' title='bbox 2525 5031 2693 5101; x_wconf 74' lang='grc' dir='ltr'>αὐτὴν</span> <span class='ocrx_word' id='word_1_768' title='bbox 2737 5027 2832 5082; x_wconf 77' lang='grc' dir='ltr'>τοῦ</span> <span class='ocrx_word' id='word_1_769' title='bbox 2882 5027 3050 5098; x_wconf 76' lang='grc' dir='ltr'>μηνὸς</span> <span class='ocrx_word' id='word_1_770' title='bbox 3075 5025 3173 5095; x_wconf 70' lang='grc' dir='ltr'><strong>τὴν</strong></span> <span class='ocrx_word' id='word_1_771' title='bbox 3206 5023 3549 5095; x_wconf 78' lang='grc' dir='ltr'>περισσείαν,</span> <span class='ocrx_word' id='word_1_772' title='bbox 3587 5039 3696 5076; x_wconf 76' lang='grc' dir='ltr'>κω·</span> 
     </span>
    </p>
   </div>
   <div class='ocr_carea' id='block_1_108' title="bbox 2109 5113 3697 5193">
    <p class='ocr_par' dir='ltr' id='par_1_108' title="bbox 2109 5113 3697 5193">
     <span class='ocr_line' id='line_1_109' title="bbox 2109 5113 3697 5193; baseline -0.01 -13"><span class='ocrx_word' id='word_1_773' title='bbox 2109 5126 2342 5180; x_wconf 82' lang='grc' dir='ltr'>λύουσαν</span> <span class='ocrx_word' id='word_1_774' title='bbox 2375 5124 2472 5193; x_wconf 68' lang='grc' dir='ltr'><strong>τὴν</strong></span> <span class='ocrx_word' id='word_1_775' title='bbox 2502 5123 2607 5176; x_wconf 76' lang='grc' dir='ltr'>ἀπὸ</span> <span class='ocrx_word' id='word_1_776' title='bbox 2630 5121 2913 5175; x_wconf 72' lang='grc' dir='ltr'>ἑνδεκάτου</span> <span class='ocrx_word' id='word_1_777' title='bbox 2951 5115 3206 5188; x_wconf 79' lang='grc' dir='ltr'>γενέσθαι</span> <span class='ocrx_word' id='word_1_778' title='bbox 3253 5115 3419 5186; x_wconf 81' lang='grc' dir='ltr'>μηνὸς</span> <span class='ocrx_word' id='word_1_779' title='bbox 3449 5113 3697 5185; x_wconf 79' lang='grc' dir='ltr'>παρατή-</span> 
     </span>
    </p>
   </div>
   <div class='ocr_carea' id='block_1_109' title="bbox 2113 5204 3696 5292">
    <p class='ocr_par' dir='ltr' id='par_1_109' title="bbox 2113 5204 3696 5292">
     <span class='ocr_line' id='line_1_110' title="bbox 2113 5204 3696 5292; baseline -0.009 -21"><span class='ocrx_word' id='word_1_780' title='bbox 2113 5235 2304 5292; x_wconf 75' lang='grc' dir='ltr'>ρησινο</span> <span class='ocrx_word' id='word_1_781' title='bbox 2344 5216 2419 5282; x_wconf 82' lang='grc' dir='ltr'><strong>ὡς</strong></span> <span class='ocrx_word' id='word_1_782' title='bbox 2464 5216 2600 5288; x_wconf 86' lang='grc' dir='ltr'>μήτε</span> <span class='ocrx_word' id='word_1_783' title='bbox 2638 5214 2854 5276; x_wconf 82' lang='grc' dir='ltr'>πλείους</span> <span class='ocrx_word' id='word_1_784' title='bbox 2955 5204 3030 5264; x_wconf 77' lang='grc' dir='ltr'>ὧν</span> <span class='ocrx_word' id='word_1_785' title='bbox 3069 5207 3376 5280; x_wconf 76' lang='grc' dir='ltr'>ὑπάρχουσι</span> <span class='ocrx_word' id='word_1_786' title='bbox 3418 5207 3562 5259; x_wconf 68' lang='grc' dir='ltr'>κατὰ</span> <span class='ocrx_word' id='word_1_787' title='bbox 3609 5204 3696 5257; x_wconf 83' lang='grc' dir='ltr'><strong>τὸν</strong></span> 
     </span>
    </p>
   </div>
   <div class='ocr_carea' id='block_1_110' title="bbox 2112 5295 3695 5381">
    <p class='ocr_par' dir='ltr' id='par_1_110' title="bbox 2112 5295 3695 5381">
     <span class='ocr_line' id='line_1_111' title="bbox 2112 5295 3695 5381; baseline -0.011 -19"><span class='ocrx_word' id='word_1_788' title='bbox 2112 5309 2341 5381; x_wconf 85' lang='grc' dir='ltr'>ἀριθμὸν</span> <span class='ocrx_word' id='word_1_789' title='bbox 2373 5307 2468 5369; x_wconf 73' lang='grc' dir='ltr'><strong>τὰς</strong></span> <span class='ocrx_word' id='word_1_790' title='bbox 2501 5304 2677 5360; x_wconf 76' lang='grc' dir='ltr'>αὐτῶν</span> <span class='ocrx_word' id='word_1_791' title='bbox 2718 5303 2930 5375; x_wconf 74' lang='grc' dir='ltr'>ἡμέρας</span> <span class='ocrx_word' id='word_1_792' title='bbox 2973 5300 3327 5373; x_wconf 67' lang='grc' dir='ltr'>ψηφίζεσθαι,</span> <span class='ocrx_word' id='word_1_793' title='bbox 3356 5299 3465 5351; x_wconf 80' lang='grc' dir='ltr'>κὰκ</span> <span class='ocrx_word' id='word_1_794' title='bbox 3494 5295 3695 5349; x_wconf 74' lang='grc' dir='ltr'>τούτων</span> 
     </span>
    </p>
   </div>
   <div class='ocr_carea' id='block_1_111' title="bbox 2113 5385 3694 5470">
    <p class='ocr_par' dir='ltr' id='par_1_111' title="bbox 2113 5385 3694 5470">
     <span class='ocr_line' id='line_1_112' title="bbox 2113 5385 3694 5470; baseline -0.009 -18"><span class='ocrx_word' id='word_1_795' title='bbox 2113 5400 2428 5470; x_wconf 78' lang='grc' dir='ltr'>διαμαρτεῖν</span> <span class='ocrx_word' id='word_1_796' title='bbox 2496 5399 2621 5460; x_wconf 79' lang='grc' dir='ltr'>τοὺς</span> <span class='ocrx_word' id='word_1_797' title='bbox 2681 5395 3035 5467; x_wconf 70' lang='grc' dir='ltr'>ψηφίζοντας.</span> <span class='ocrx_word' id='word_1_798' title='bbox 3097 5393 3404 5462; x_wconf 76' lang='grc' dir='ltr'>Τετήρηται</span> <span class='ocrx_word' id='word_1_799' title='bbox 3461 5387 3522 5440; x_wconf 77' lang='grc' dir='ltr'>δὲ</span> <span class='ocrx_word' id='word_1_800' title='bbox 3579 5385 3694 5440; x_wconf 79' lang='grc' dir='ltr'>καθ’</span> 
     </span>
    </p>
   </div>
   <div class='ocr_carea' id='block_1_112' title="bbox 2115 5479 3695 5561">
    <p class='ocr_par' dir='ltr' id='par_1_112' title="bbox 2115 5479 3695 5561">
     <span class='ocr_line' id='line_1_113' title="bbox 2115 5479 3695 5561; baseline -0.008 -18"><span class='ocrx_word' id='word_1_801' title='bbox 2115 5491 2372 5561; x_wconf 70' lang='grc' dir='ltr'>ἑκάτερον</span> <span class='ocrx_word' id='word_1_802' title='bbox 2403 5489 2564 5560; x_wconf 81' lang='grc' dir='ltr'>μῆνα,</span> <span class='ocrx_word' id='word_1_803' title='bbox 2598 5487 2689 5540; x_wconf 83' lang='grc' dir='ltr'><strong>τὸν</strong></span> <span class='ocrx_word' id='word_1_804' title='bbox 2720 5487 3004 5540; x_wconf 76' lang='grc' dir='ltr'>ἑνδέκατον</span> <span class='ocrx_word' id='word_1_805' title='bbox 3050 5484 3192 5553; x_wconf 73' lang='grc' dir='ltr'>λέγω</span> <span class='ocrx_word' id='word_1_806' title='bbox 3245 5483 3335 5535; x_wconf 75' lang='grc' dir='ltr'>καὶ</span> <span class='ocrx_word' id='word_1_807' title='bbox 3364 5482 3456 5534; x_wconf 69' lang='grc' dir='ltr'><strong>τὸν</strong></span> <span class='ocrx_word' id='word_1_808' title='bbox 3486 5479 3695 5532; x_wconf 81' lang='grc' dir='ltr'>δυοκαι-</span> 
     </span>
    </p>
   </div>
   <div class='ocr_carea' id='block_1_113' title="bbox 2116 5570 3691 5652">
    <p class='ocr_par' dir='ltr' id='par_1_113' title="bbox 2116 5570 3691 5652">
     <span class='ocr_line' id='line_1_114' title="bbox 2116 5570 3691 5652; baseline -0.009 -17"><span class='ocrx_word' id='word_1_809' title='bbox 2116 5583 2339 5636; x_wconf 74' lang='grc' dir='ltr'>δέκατον</span> <span class='ocrx_word' id='word_1_810' title='bbox 2390 5585 2446 5634; x_wconf 79' lang='grc' dir='ltr'>ἐν</span> <span class='ocrx_word' id='word_1_811' title='bbox 2485 5581 2563 5652; x_wconf 77' lang='grc' dir='ltr'>τῷ</span> <span class='ocrx_word' id='word_1_812' title='bbox 2612 5579 2880 5650; x_wconf 65' lang='grc' dir='ltr'>εὐωνύμῳ</span> <span class='ocrx_word' id='word_1_813' title='bbox 2928 5577 3024 5631; x_wconf 70' lang='grc' dir='ltr'><strong>τοῦ</strong></span> <span class='ocrx_word' id='word_1_814' title='bbox 3063 5576 3304 5630; x_wconf 81' lang='grc' dir='ltr'>κανονίου</span> <span class='ocrx_word' id='word_1_815' title='bbox 3351 5575 3451 5643; x_wconf 63' lang='grc' dir='ltr'>οὑχ</span> <span class='ocrx_word' id='word_1_816' title='bbox 3487 5575 3520 5644; x_wconf 82' lang='grc' dir='ltr'><strong>ἡ</strong></span> <span class='ocrx_word' id='word_1_817' title='bbox 3562 5570 3691 5637; x_wconf 70' lang='grc' dir='ltr'>αὑτὴ</span> 
     </span>
    </p>
   </div>
  </div>
