3950 6266
278 348 422 407 {225
1084 349 1145 405 S.
1184 348 1431 403 MAXIM]
1473 345 1839 403 MABTYRIS
1876 342 2250 401 COMPUTUS
2284 341 2723 401 ECCLESIAST.
3373 351 3511 409 £236

276 472 508 527 ποσταϊα
528 472 670 524 κατὰ
690 470 787 542 τὴν
816 469 924 523 τῶν
953 469 1273 541 Ῥωμαϊκῶν
1292 470 1595 543 διαγραφὴν
1612 487 1626 501 ’
1660 469 1836 540 ὥσπερ

1952 482 2049 539 per
2097 480 2272 521 annos
2322 481 2515 522 omnes
2563 466 2827 524 decimam
2880 476 3130 539 quartam
3192 469 3508 527 attributam

274 564 355 616 ἐνὶ
374 562 509 636 μηνὶ
527 561 620 615 καὶ
635 561 770 626 ὅλοις
789 562 831 594 ⁸⁷
850 563 961 625 τοῖς
977 561 1148 615 ἔτεσιν
1159 561 1217 615 ὲν
1230 559 1305 632 τῷ
1326 561 1483 632 δεξιῷ
1497 560 1595 634 τὴν
1616 558 1676 615 ιδ’
1697 577 1834 633 σεση

1950 559 2263 627 cernimus;
2295 558 2389 614 sed
2418 558 2545 627 alia,
2574 568 2738 630 atque
2784 558 2911 615 alia.
2936 558 3119 616 Velut.
3138 562 3191 618 in
3226 562 3510 620 undecimo

276 652 588 725 μειωμένην
609 652 824 726 ὁρῶμεν
847 651 1195 723 ὑπάρχουσαν
1221 668 1234 681 ·
1266 651 1380 706 ἀλλ’
1407 651 1541 723 ἄλλη
1565 651 1661 705 καὶ
1680 651 1836 722 άλλη.

1947 665 2168 717 mense,
2219 665 2379 721 quem
2436 646 2643 706 Hebraei
2698 647 2862 704 Sabat
2911 653 3234 716 nominant,
3298 654 3507 709 decima

270 736 397 795 Οἷον
421 742 500 805 είς
541 741 639 811 μὲν
667 741 757 795 τὸν
800 747 867 794 ια’
896 743 1023 811 παρ’
1051 739 1320 812 Ἑϐραίοις
1351 740 1531 794 Σαϐἁτ
1555 740 1830 812 λεγόμενοι

1948 743 2176 813 septima
2209 743 2328 798 dies
2354 743 2646 798 adnotatur
2686 743 2753 797 iis
2787 741 2946 798 annis
2968 742 3060 813 qui
3096 743 3388 798 embolimo
3414 760 3508 800 ca-

269 835 304 904 ὴ
323 832 518 888 τούτου
546 833 980 904 ἑπτακαιδεκάτη
999 850 1014 864 ·
1034 834 1090 887 ὲν
1105 833 1331 898 ἐκείνοις
1357 833 1537 905 μέντοι
1570 836 1682 897 τοῖς
1702 832 1829 887 ἔτεσι

1948 844 2114 902 rent;
2173 835 2226 888 in
2285 832 2610 890 duodecimo
2658 849 2811 899 vero,
2862 834 2957 905 qui
3012 833 3081 889 ab
3133 835 3241 890 illis
3280 843 3508 891 vocatur

268 926 385 988 τοῖς
417 925 515 978 οὐκ
560 924 742 996 ἔχουσι
766 924 858 978 τὸν
896 924 1187 996 ἐμϐόλιμον
1207 942 1222 956 ·
1259 927 1338 989 είς
1369 925 1426 979 δὲ
1456 925 1548 980 τὸν
1574 924 1828 979 δυοκαιδέ-

1942 925 2109 991 Adar,
2141 934 2334 981 octava
2369 925 2580 983 decima
2619 926 2675 982 in
2708 928 2869 984 annis
2908 926 3198 982 embolimo
3241 928 3500 997 praeditis.

267 1032 456 1082 κατον,
488 1016 657 1088 ’Ἄδαρ
698 1018 1252 1088 προσαγορευόμενον,
1298 1021 1331 1089 ἠ
1366 1018 1554 1072 τούτου
1576 1019 1827 1072 όκτωκαι·

1945 1018 2098 1085 Quod
2133 1018 2351 1090 quidem
2386 1019 2583 1075 rationi
2610 1028 3033 1075 consentaneum
3063 1026 3166 1075 est.
3197 1017 3335 1073 Cum
3360 1022 3505 1076 enim

264 1105 491 1177 δεκάτη,
509 1110 567 1160 ἐν
583 1107 790 1172 τούτοις
813 1107 1052 1179 δηλονότι
1076 1111 1186 1173 τοῖς
1208 1109 1299 1164 τὸν
1321 1108 1508 1180 ἐμϐόλι
1516 1126 1613 1180 μον
1638 1109 1817 1180 ἔχουσι

1944 1111 2222 1167 duodenos
2273 1110 2423 1166 lunae
2462 1125 2678 1165 menses
2720 1109 2946 1164 alternis
2976 1109 3165 1181 viginti
3203 1124 3417 1176 novem,
3450 1116 3504 1166 et

265 1194 380 1249 Καὶ
411 1195 569 1249 τοῦτό
589 1212 653 1265 γε
683 1197 824 1251 κατὰ
846 1196 1021 1264 λόγον.
1061 1197 1275 1269 Ἐπειδὴ
1297 1198 1404 1270 γὰρ
1426 1198 1507 1252 κο’
1536 1199 1628 1252 καὶ
1648 1198 1690 1251 λ’
1710 1200 1825 1270 ήμε·

1938 1203 2163 1275 triginta
2201 1201 2412 1257 dierum
2460 1212 2734 1272 putemus,
2767 1216 2834 1257 ne
2871 1202 2988 1258 dies
3035 1201 3226 1272 partiri
3270 1216 3496 1257 necesse

266 1285 380 1357 ρῶν
414 1290 542 1359 παρ’
571 1289 824 1361 ἑκάτερον
857 1288 1000 1361 μῆνα
1015 1288 1123 1344 τῶν
1149 1290 1473 1346 δυοκαίδεκα
1494 1292 1591 1363 τῆς
1612 1291 1826 1363 σελήνης

1941 1295 2033 1358 sit,
2062 1294 2107 1349 si
2133 1292 2320 1363 viginti
2374 1307 2566 1347 novem
2595 1307 2658 1346 ac
2696 1291 2978 1347 dimidium
3011 1291 3239 1362 singulis
3263 1291 3497 1361 impute-

261 1377 591 1449 ψηφίζομεν,
621 1380 755 1451 πρὸς
784 1380 843 1434 τὸ
885 1380 959 1453 μὴ
996 1384 1182 1453 τεμεῖν
1223 1382 1430 1455 ἡμέρας
1471 1383 1557 1438 διὰ
1602 1382 1696 1437 τοῦ
1736 1383 1821 1436 ἀνὲ

1939 1402 2063 1441 mus
2101 1386 2205 1458 (sic
2238 1385 2382 1441 enim
2426 1384 2644 1449 accidit,
2679 1394 2737 1439 ut
2769 1386 2825 1439 i'n
2853 1383 3097 1455 quolibet
3138 1399 3281 1438 anno
3317 1384 3494 1439 lunari

261 1470 345 1524 νϐ’
382 1470 608 1543 ἡμίσεος
656 1471 877 1536 τούτους
915 1472 1172 1545 ψηφίζειν
1222 1474 1528 1546 (συμϐαίνει
1555 1474 1664 1547 γὰρ
1695 1473 1821 1529 οὗτοι

1940 1485 2215 1533 trecentos
2255 1485 2309 1532 et
2364 1472 2759 1547 quinquaginia
2826 1482 3062 1546 quatuor
3129 1474 3246 1529 dies
3294 1474 3500 1545 integre

260 1564 364 1626 τάς
393 1580 455 1617 τε
494 1564 597 1617 τνδ¹
624 1564 836 1637 ἡμέρας
879 1565 1106 1630 ἐντελῶς
1151 1566 1498 1639 ἀριθμεῖσθαι
1544 1566 1688 1621 κατὰ
1728 1569 1820 1622 πᾶι

1940 1585 2310 1635 numeremus,
2350 1569 2470 1625 sine
2500 1570 2608 1623 ulla
2643 1568 2750 1622 diei
2776 1566 3044 1622 fractione
3071 1583 3085 1632 ;
3111 1581 3219 1637 quo
3254 1565 3313 1620 ﬁt
3344 1573 3404 1621 ut
3432 1580 3500 1622 ex

262 1656 382 1719 ἔτος
404 1658 504 1727 τῆς
539 1656 800 1727 σελήνης,
848 1656 942 1709 καὶ
976 1656 1246 1728 μηδεμιᾶς
1280 1648 1595 1727 συμϐαίνειν
1622 1658 1822 1729 ἡμέρας

1940 1662 2191 1718 instituto
2241 1662 2511 1716 mensium
2578 1659 2768 1714 ordine
2824 1673 2890 1713 ac
2950 1657 3328 1719 successione,
3378 1664 3500 1728 post

256 1745 556 1817 διαίρεσιν’
596 1746 672 1810 ὡς
710 1747 957 1801 ἐντεῦθεν
998 1748 1181 1803 λοιπὸν
1225 1748 1573 1818 εὑρίσκεσθαι
1613 1748 1700 1804 διὰ
1737 1748 1816 1820 τὴε

1941 1754 2170 1826 primum
2201 1752 2458 1822 deinceps
2503 1750 2822 1807 undecimus
2860 1749 2977 1806 dies
3001 1749 3196 1804 habeat
3219 1763 3410 1803 novem
3447 1755 3501 1801 et

258 1839 510 1908 τοιαύτην
542 1839 607 1891 ὲκ
639 1836 850 1911 πρώτου
888 1839 1052 1910 μηνὸς
1086 1833 1402 1895 ἀκολουθίαν
1432 1842 1526 1894 καὶ
1558 1840 1710 1904 τάξιν
1738 1819 1818 1893 rex

1937 1819 2161 1916 viginti,
2221 1819 2580 1899 duodecimus
2639 1856 2769 1896 vero
2821 1840 3068 1911 triginta)
3118 1857 3133 1893 ι
3186 1853 3309 1893 cum
3362 1838 3497 1900 haec.

260 1930 361 2001 μὲν
379 1937 448 1984 ια’
471 1930 690 2001 ἡμερῶν
711 1930 818 1994 κθ’;
843 1930 934 1983 τὸν
966 1931 1022 1985 δὲ
1050 1930 1459 1985 δυοκαιδέκατον
1484 1931 1527 1984 λ’
1559 1930 1820 2003 ἡμερῶν)-

1936 1938 2176 2007 inquam,
2213 1935 2294 1990 sic
2333 1934 2590 1996 habeant,
2617 1933 2812 1987 merito
2844 1932 2902 1986 iu
2949 1932 3110 1986 annis
3153 1929 3496 2000 simplicibus

257 2022 644 2095 προσηκόντως
668 2017 759 2075 οὖν
789 2023 846 2075 ὲν
878 2022 975 2093 μὲν
1008 2025 1120 2086 τοῖς
1147 2023 1245 2076 οὐκ
1273 2022 1454 2093 ἔχουσι
1489 2023 1580 2077 τὸν
1611 2020 1817 2093 ἐμϐόλι-

1936 2029 2276 2084 undecimum
2327 2040 2593 2089 mensem,
2637 2024 2867 2095 ejusque
2895 2037 3007 2077 xvn
3047 2022 3189 2077 diem
3231 2021 3299 2075 ad
3329 2034 3496 2076 cano-

260 2130 361 2185 μον
391 2113 483 2167 τὸν
525 2120 591 2167 ια’
632 2114 728 2168 καὶ
773 2112 872 2186 τὴν
909 2113 1096 2168 τούτου
1143 2113 1206 2179 ιζ’
1240 2113 1648 2185 ὲκανονίσαμεν.
1697 2112 1820 2166 Ἀπὸ

1937 2134 2056 2173 nem
2084 2117 2482 2173 adnotavimus.
2534 2115 2666 2170 Nam
2694 2116 2763 2170 ab
2799 2115 2901 2169 hoc
2924 2113 3012 2169 die
3048 2129 3223 2184 usque
3251 2115 3317 2167 ad
3344 2112 3497 2168 deci-

254 2205 364 2278 γὰρ
399 2204 604 2274 ταύτης
644 2205 804 2277 μέχρι
838 2206 938 2277 τῆς
979 2204 1074 2258 τοῦ
1114 2204 1235 2259 καθ’
1281 2205 1563 2276 Ἑϐραίους
1609 2203 1814 2277 πρώτοι

1939 2225 2084 2264 mum
2123 2220 2375 2280 quartum
2404 2208 2563 2280 primi
2603 2207 2808 2263 mensis
2853 2205 3065 2261 Judaici
3102 2206 3156 2261 in
3200 2220 3345 2260 anno
3372 2220 3499 2261 con-

258 2298 426 2368 μηνὸς
452 2300 512 2351 ιδ’
537 2297 632 2351 τοῦ
660 2299 883 2352 είσιὲναι
908 2298 1189 2369 μέλλοντος
1215 2298 1370 2362 ἔτους
1411 2297 1588 2369 ίσάριθ
1597 2314 1686 2368 μοι
1718 2297 1818 2350 τῶν

1937 2303 2208 2373 sequenti,
2262 2301 2485 2357 totidem
2543 2309 2678 2371 quot
2726 2301 2933 2356 sanctis
2973 2300 3202 2370 jejuniis
3247 2301 3496 2355 attributi

253 2388 426 2458 ἁγίων
452 2390 713 2462 νηστειῶν
738 2393 794 2445 αί
821 2391 1023 2464 ἡμέραι
1053 2390 1399 2462 τυγχάνουσι,
1436 2389 1683 2443 τουτέστι
1726 2387 1813 2455 νζ¹.

1936 2404 2080 2458 sunt.
2128 2395 2471 2451 intercedunt
2509 2393 2664 2459 dies,
2695 2408 2888 2464 nempe
2921 2409 3051 2449 Lvn.
3089 2392 3194 2448 Tot
3232 2394 3378 2449 enim
3429 2407 3496 2448 ex

254 2480 526 2535 Τοσαῦται
555 2480 664 2553 γὰρ
705 2482 764 2535 αἱ
791 2481 898 2535 τῶν
924 2487 973 2553 η’
1006 2480 1312 2552 ἑϐδομάδων
1346 2481 1626 2553 προδήλως
1649 2481 1783 2533 είσίν
1806 2497 1814 2510 ε

1935 2486 2362 2541 hebdomadibus
2406 2493 2533 2540 octo
2576 2484 2839 2541 conﬁunt.
2887 2482 3027 2539 Sunt
3065 2491 3243 2540 autem
3290 2484 3344 2539 hi
3376 2483 3495 2540 dies

252 2567 364 2626 οἷον
391 2574 448 2627 αί
472 2573 752 2628 ὑπόλοιποι
787 2580 855 2642 ιγ’
889 2572 1053 2628 αὐτοῦ
1087 2571 1180 2626 τοῦ
1204 2579 1272 2626 ια’
1303 2562 1505 2646 μηνόςέ
1528 2575 1685 2644 εἴπερ
1718 2572 1812 2637 κθ’,

1934 2593 2027 2632 xm
2070 2593 2134 2632 ex
2182 2577 2466 2633 undecimo
2515 2592 2705 2634 mense
2744 2577 2990 2644 residui;
3020 2577 3135 2648 qui,
3184 2583 3245 2631 ut
3289 2577 3494 2632 dictum

252 2663 436 2728 καθὼς
464 2663 617 2735 ἔφην,
657 2659 810 2728 οὗτος
848 2664 1172 2734 ψηφίζεται·
1209 2665 1302 2717 καὶ
1333 2666 1388 2717 αί
1420 2663 1516 2717 τοῦ
1549 2663 1812 2718 δυοκαιδε-

1935 2677 2045 2732 est,
2100 2684 2294 2724 novem
2347 2675 2403 2725 et
2456 2668 2648 2739 viginti
2697 2668 2945 2739 colligit;
3003 2676 3118 2722 tum
3187 2667 3495 2725 duodecimi

254 2759 418 2814 κάτου
446 2759 522 2812 λ’·
555 2761 648 2814 καὶ
675 2761 732 2814 αἱ
762 2760 857 2814 τοῦ
899 2759 1115 2831 πρώτου
1144 2760 1310 2832 μηνὸς
1340 2760 1401 2814 ιδ’
1406 2803 1421 2817 .
1444 2760 1613 2833 Δῆλον
1643 2761 1720 2825 δὲ,
1748 2761 1814 2826 ὡς

1937 2759 2136 2814 mensis
2178 2776 2326 2827 xxx;
2370 2773 2433 2815 ac
2477 2759 2634 2829 primi
2685 2757 2939 2829 denique.
2987 2773 3105 2815 xlv.
3155 2758 3497 2826 Colliguntur

252 2857 344 2919 ιγ’,
369 2851 462 2905 καὶ
504 2850 570 2915 λ’,
603 2851 696 2905 καὶ
735 2852 815 2919 ιδ’,
849 2853 1059 2924 ἡμέρας
1085 2852 1160 2917 νζ¹
1192 2850 1454 2907 ποιοῦσιν.
1510 2852 1598 2906 Ἐν
1627 2852 1685 2905 δὲ
1714 2856 1812 2916 τοῖς

1935 2864 1995 2904 ex
2040 2864 2160 2914 xm,
2198 2857 2253 2903 et
2282 2864 2412 2916 xxx,
2442 2856 2497 2904 et
2525 2864 2638 2913 xiv,
2676 2850 2964 2919 perspicue
3009 2849 3124 2904 dies
3163 2863 3293 2904 Lvn.
3325 2848 3396 2903 At
3438 2849 3495 2904 in

250 2944 432 3013 ἔχουσι
454 2942 545 2995 τὸν
570 2943 866 3014 ἐμϐόλιμον
895 2943 1041 2996 ἔτεσι
1066 2943 1158 2998 τὸν
1195 2943 1607 2997 δυοκαιδέκατον
1628 2944 1810 3014 ἐτηρή-

1935 2942 2091 2997 annis
2134 2941 2490 2996 embolimazis
2528 2941 2910 2996 duodecimum
2959 2956 3227 3006 mensem,
3266 2940 3495 3011 ejusque

250 3052 456 3107 σαμεν,
492 3035 587 3089 καὶ
624 3035 722 3105 τὴν
754 3034 916 3088 αὑτοῦ
953 3034 1442 3106 ὀκτωκαιδεκάτην.
1492 3034 1587 3087 Ἐκ
1623 3032 1810 3104 ταύτης

1936 3034 2073 3089 diem
2101 3043 2353 3088 octavum
2383 3034 2656 3088 decimum
2694 3033 3065 3089 adhibuimus.
3100 3032 3182 3087 Ab
3209 3032 3314 3088 hoc
3349 3032 3496 3087 enim

247 3129 356 3200 γὰρ
399 3129 561 3201 μέχρι
616 3131 715 3199 τῆς
741 3128 834 3182 τοῦ
884 3127 1100 3199 πρώτου
1143 3129 1309 3201 μηνὸς
1359 3128 1418 3181 ιδ’
1462 3128 1517 3181 αί
1556 3127 1631 3192 νζ¹
1664 3126 1807 3179 πάλιε

1936 3142 2105 3196 usque
2157 3125 2223 3180 ad
2270 3126 2541 3180 decimum
2588 3132 2843 3194 quartum
2906 3126 3113 3180 mensis
3163 3123 3342 3194 primi,
3381 3123 3496 3178 col-

259 3177 351 3200 t"r
399 3177 561 3201 r'lu"
630 3177 712 3199 ’Ἱῖ
753 3177 828 3182 ’⁷⁷
891 3177 1095 3199 "I'W'v'
1143 3177 1307 3201 r'l"‘
1361 3177 1400 3181 "
1465 3177 1515 3181 "'
1568 3177 1616 3192 ’ν
1672 3177 1791 3179 """'

245 3220 587 3292 ἀθροίζονται
610 3238 623 3251 ’
653 3215 763 3274 οἷον
792 3222 847 3274 αί
880 3220 1044 3274 αὑτοῦ
1069 3220 1161 3275 τοῦ
1191 3221 1255 3293 ιβ’
1296 3220 1577 3276 ὑπόλοιποι
1609 3225 1699 3289 ιγ’,
1732 3217 1805 3272 διὰ

1935 3219 2170 3288 liguntnr
2220 3215 2381 3271 iidem
2421 3232 2531 3270 Lvu
2578 3216 2717 3281 dies,
2766 3215 3024 3270 nimirum
3069 3231 3135 3270 ex
3186 3214 3495 3270 duodecimi

244 3313 304 3366 τὸ
337 3313 383 3366 λ’
424 3311 649 3385 ἡμερῶν
697 3311 884 3365 τοῦτον
928 3312 1295 3383 ψηφίζεσθαι·
1334 3314 1429 3365 καὶ
1466 3310 1558 3365 τοῦ
1605 3310 1804 3382 ἐμϐολί-

1938 3311 2133 3365 mensis
2179 3308 2416 3363 residuis
2459 3323 2578 3371 ιιιι,
2630 3307 2890 3376 quoniam
2941 3307 3032 3361 il-le
3088 3307 3314 3379 triginta
3373 3305 3498 3364 dies

248 3420 373 3472 μου,
403 3404 571 3475 ἤγουν
614 3403 1093 3476 τρισκαιδεκάτου,
1134 3403 1177 3456 λ’
1197 3420 1209 3433 ⁸
1266 3402 1532 3466 τοσαύτας
1564 3402 1673 3473 γὰρ
1712 3403 1808 3464 πᾶς

1951 3401 2089 3454 labet
2131 3419 2145 3455 :
2196 3409 2251 3453 et
2285 3415 2349 3454 ex
2391 3399 2693 3462 embolimi,
2737 3399 2853 3455 sive
2902 3398 3045 3453 tertii
3083 3399 3301 3464 decimi,
3339 3415 3443 3454 xxx
3476 3436 3511 3476 ,γ

244 3495 538 3567 ὲμϐὀλιμος
569 3495 857 3564 κέκτηται·
904 3495 996 3548 καὶ
1039 3493 1214 3549 αἰτοῦ
1263 3493 1477 3565 πρώτου
1529 3492 1696 3563 μηνὸς
1734 3490 1804 3545 ιδ’.

1932 3491 2150 3545 totidem
2188 3492 2333 3545 enim
2362 3492 2688 3547 embolimus
2716 3490 2897 3563 quivis
2925 3492 3155 3556 obtinet,
3180 3504 3244 3545 ac
3273 3489 3492 3546 demum

244 3584 407 3639 Ὅθεν
447 3585 542 3638 ἐπὶ
594 3584 686 3638 τοῦ
719 3584 1048 3645 τελευταίου,
1090 3584 1255 3655 ἤγουν
1291 3581 1382 3635 τοῦ
1427 3582 1489 3635 ιϐ’
1521 3582 1694 3644 ἔτους,
1726 3582 1804 3634 καἸ

1929 3598 1991 3636 ex
2026 3581 2232 3636 mensis
2272 3582 2433 3652 primi
2466 3581 2659 3637 diebus
2703 3598 2817 3637 xw.
2861 3581 2946 3638 Ob
2983 3583 3126 3637 hanc
3158 3596 3382 3636 causam
3430 3580 3489 3635 in

241 3679 340 3749 τὴν
367 3684 443 3742 ις’
460 3676 553 3730 τοῦ
579 3678 697 3731 κατ’
724 3677 886 3731 αὑτὸν
918 3683 983 3730 ια’
1017 3676 1185 3747 μηνὸς
1209 3674 1674 3746 ἐπεσημηνάμεθα
1692 3690 1705 3703 ·
1730 3672 1801 3726 διὲ

1926 3688 2069 3728 anno
2112 3682 2410 3743 postremo,
2465 3675 2558 3745 qui
2602 3685 2688 3729 est
2735 3662 2978 3730 decimus
3022 3687 3235 3739 nonus,
3279 3672 3486 3729 mensis

240 3768 333 3822 τὸν
362 3767 771 3822 δυοωιδέκατον
813 3767 977 3820 αὐτοῦ
1012 3766 1155 3838 μῆνα
1186 3765 1266 3819 κθ¹
1298 3766 1456 3835 μόνον
1510 3762 1800 3836 ψηφίζομει

1935 3767 2189 3822 undecimi
2214 3783 2302 3820 xv:
2337 3768 2479 3823 diem
2513 3768 2871 3837 ascripsimus
2895 3806 2910 3831 ,
2934 3767 3191 3838 quoniam
3218 3753 3495 3821 duodeciJ

240 3861 485 3931 ἡμερῶν,
530 3858 719 3932 ῶσπερ
752 3855 846 3913 οὖν
891 3859 1088 3913 καύτὸν
1138 3858 1231 3912 τὸν
1266 3864 1368 3911 ια’·
1417 3857 1515 3927 τὴν
1543 3856 1600 3910 δὲ
1640 3855 1800 3911 αἰτίαι

1927 3872 2069 3912 mum
2106 3858 2254 3916 illius
2296 3874 2538 3914 mensem
2585 3859 2816 3924 dierum,
2864 3876 2975 3916 non
3018 3860 3251 3932 amplius
3284 3850 3487 3914 novem

240 3954 520 4025 προϊόντες
567 3951 895 4024 δηλώσομεν.
952 3950 1200 4020 Εύλόγως
1239 3947 1331 4004 οὖν
1369 3949 1455 4003 διὰ
1508 3949 1679 4003 ταῦτα
1724 3950 1800 4002 καῖ

1930 3964 1986 4005 ac
2024 3949 2217 4021 viginti
2265 3950 2671 4013 constituimus,
2718 3959 2779 4003 ut
2827 3959 2881 4005 et
2925 3951 3295 4016 undecimum,
3328 3948 3490 4019 cujus

238 4045 338 4115 τὴν
382 4043 712 4114 μετάστασιν
746 4043 867 4113 ίσην
906 4041 1271 4114 ὲπιτηροῦμεν
1321 4041 1411 4093 ἐπὶ
1462 4039 1663 4093 τούτων
1704 4037 1798 4091 τῶι

1928 4046 2000 4099 rei
2027 4045 2082 4098 in
2114 4043 2578 4114 consequentibus
2604 4043 2744 4097 ratio
2772 4042 3049 4099 reddetur.
3073 4041 3341 4110 Quocirca
3362 4043 3488 4113 jure

237 4131 619 4203 δεδηλωμένων
673 4131 877 4202 μηνῶν,
913 4130 1078 4201 ἤγουν
1123 4129 1237 4191 τῶν
1283 4127 1461 4181 αὐτῶν
1520 4126 1797 4190 ποσταίωντ

1928 4141 1977 4195 ἱη
2015 4140 2083 4194 iis
2120 4154 2258 4208 quos
2289 4138 2402 4193 dixi
2433 4137 2715 4193 mensibus
2739 4174 2757 4200 ,
2800 4151 2864 4189 ac
2913 4136 3095 4205 quotis
3138 4149 3328 4190 eorum
3368 4133 3488 4189 die-

238 4224 338 4292 τῆς
371 4220 788 4292 παρεισϐάσεως
817 4219 994 4292 χάριν,
1025 4222 1083 4273 ἐν
1121 4218 1200 4289 τῷ
1237 4217 1502 4288 εὐωνύμῳ
1529 4215 1624 4270 τοῦ
1656 4233 1798 4270 κανο-

1925 4226 2045 4295 bus,
2071 4240 2293 4301 propter
2339 4231 2622 4284 introitum
2651 4227 2983 4298 jejuniorum
3002 4265 3017 4289 ,
3048 4224 3293 4281 eamdem
3318 4226 3485 4280 alter-

242 4315 378 4379 νίου,
415 4314 514 4385 τῆς
559 4313 651 4367 ἐπὶ
684 4312 786 4383 τῆς
822 4313 880 4366 ιδ’
907 4312 1000 4366 τοῦ
1028 4310 1244 4384 πρώτου
1299 4310 1464 4382 μηνὸς
1516 4310 1802 4382 γενομένης

1926 4329 2198 4384 nationem
2248 4327 2303 4381 in
2355 4325 2582 4381 sinistro
2633 4323 2802 4376 latere
2846 4319 3075 4376 canonis
3109 4319 3486 4380 observamus,

238 4411 400 4479 ἡμῖν,
447 4409 504 4460 ἐν
540 4406 619 4478 τῷ
646 4405 805 4476 δεξιῷ
860 4406 1017 4478 μέρει
1063 4403 1156 4457 τοῦ
1199 4403 1363 4457 αύτοῦ
1410 4403 1678 4465 κανονίου,
1709 4401 1798 4471 τῆς

1929 4437 2082 4492 quam
2122 4420 2179 4474 in
2213 4419 2409 4474 dextro
2449 4416 2518 4472 ad
2551 4414 2815 4470 decimam
2844 4419 3096 4481 quartam
3133 4408 3293 4480 primi
3334 4422 3489 4462 men-

239 4497 584 4560 ἀναστάσεως
613 4495 796 4549 ἕνεκεν
816 4513 829 4526 ⁸
856 4497 965 4549 ἀπὸ
985 4494 1087 4565 τῆς
1113 4493 1401 4566 Κυριακῆς
1415 4493 1799 4564 καὶδευτέρας,

1922 4515 1998 4574 sis
2029 4512 2370 4572 adhibemus,
2416 4516 2635 4578 propter
2667 4502 2866 4558 festum
2898 4497 3360 4564 resurrectionis;
3388 4495 3482 4551 ubi

238 4591 332 4646 καὶ
360 4588 470 4643 τῶν
493 4586 732 4658 καθεξῆς
754 4587 971 4660 ἡμερῶν
996 4588 1076 4650 εἰς
1105 4584 1203 4657 τὴν
1230 4584 1488 4639 ἐπιοῦσαν
1517 4585 1679 4653 ἁγίαν
1700 4586 1798 4637 Κυ-

1923 4624 1954 4663 a
1987 4605 2289 4666 Dominica,
2324 4609 2380 4656 et
2416 4597 2656 4656 secunda
2693 4594 2851 4658 feria,
2873 4590 3195 4662 ceterisque
3222 4589 3481 4660 deinceps

241 4681 436 4753 ριακὴν
467 4679 896 4752 μεταϐαίνοντες.
914 4679 1097 4732 Ταῦτα
1125 4680 1218 4731 κοιλ⁸
1245 4677 1374 4749 περὶ
1399 4677 1604 4731 τούτων
1632 4678 1801 4731 εἰπόν-

1922 4702 1991 4756 ad
2020 4704 2266 4755 sanctam
2304 4691 2639 4748 Dominicam
2669 4692 2986 4757 sequentem
3013 4683 3309 4738 transitum
3339 4679 3481 4736 {aci-

237 4791 348 4838 τες,
370 4771 703 4827 ἐπανακτέον
727 4772 858 4840 ἡμῖν
886 4769 976 4822 τὸν
1005 4769 1161 4839 λόγον
1182 4770 1263 4833 είς
1282 4768 1383 4839 τὴν
1402 4768 1510 4821 τῶν
1529 4769 1625 4841 τῆς
1652 4767 1797 4839 σελή-

1927 4808 2067 4849 mus.
2092 4788 2200 4845 Sed
2236 4787 2306 4842 de
2330 4786 2400 4841 iis
2433 4784 2736 4845 hactenus;
2764 4792 2908 4833 nunc
2934 4775 3004 4831 ad
3036 4788 3306 4832 annorum
3328 4773 3487 4845 luna-

238 4882 337 4937 νης
367 4863 501 4917 ὲτῶν
525 4862 923 4933 ἀπακρίϐωσιν.

1926 4883 2061 4937 rium
2085 4878 2353 4933 rationem
2376 4870 2687 4928 accuratius
2707 4864 3082 4938 explicandam
3118 4863 3486 4921 convertenda

1916 4982 2002 5030 est
2029 4971 2226 5028 oratio.

234 5086 377 5156 Περὶ
433 5085 763 5153 διαστολῆς
797 5085 932 5156 τῶν
989 5083 1101 5156 τῆς
1158 5085 1428 5153 σελήνης
1476 5053 1658 5149 ἐτῶν,
1717 5102 1793 5138 κα

1811 5092 1817 5136 ἱ
2025 5080 2377 5149 Explicantur
2403 5077 2527 5129 anni
2553 5075 2787 5137 lunares,
2820 5050 3112 5127 etsumma
3145 5071 3371 5127 dierum.

694 5154 915 5225 ὁμάδος
941 5154 1060 5209 τῶν
1102 5156 1357 5225 ἡμερῶν.

308 5247 386 5300 8'.
415 5247 565 5301 Εἰσὶν
584 5240 678 5300 οὖν
701 5246 770 5299 τὰ
793 5246 891 5299 ὅλα
913 5246 1009 5317 τῆς
1036 5245 1265 5316 σελήνης
1295 5244 1411 5314 ἔτη,
1438 5244 1620 5308 καθὼς
1657 5245 1815 5317 sppe-

1986 5241 2079 5297 IX.
2113 5243 2254 5298 Anni
2293 5242 2513 5298 lunares
2542 5241 2795 5297 universe
2829 5246 2958 5294 sunt
3000 5234 3397 5298 novemdecim,
3427 5242 3485 5288 ut

238 5336 329 5407 θη,
364 5335 431 5390 ιθ¹
451 5354 463 5367 ’
490 5335 538 5400 ς’
568 5337 668 5407 μὲν
709 5335 780 5389 τὰ
806 5336 932 5398 τοὺς
962 5334 1279 5405 ίσαρίθμους
1310 5334 1636 5407 ἐμϐολίμους
1661 5335 1798 5406 ἔχον·

1926 5333 2125 5390 dictum
2174 5342 2279 5391 est.
2312 5334 2555 5402 Quorum
2606 5341 2836 5403 septem,
2877 5331 3229 5388 intercalares
3267 5343 3486 5387 menses

238 5430 308 5482 τα
350 5429 548 5500 μῆνας,
594 5430 761 5500 ἤγουν
810 5428 880 5482 τὰ
933 5428 1043 5481 ἀπὸ
1089 5428 1206 5481 τπδ’
1251 5426 1509 5499 ἡμερῶν
1566 5428 1633 5499 ιβ’
1661 5428 1719 5482 δὲ
1745 5428 1798 5480 τέ

1920 5427 2219 5497 accipiunt,
2270 5428 2543 5498 iidemque
2598 5426 2796 5483 diebus
2841 5428 3099 5479 constant
3143 5435 3480 5487 ccctxx-xlv;

239 5519 508 5590 λεγόμενα
547 5519 733 5584 κοινά,
762 5519 1007 5573 τουτέστι
1038 5518 1108 5571 τὰ
1140 5518 1250 5571 ἀπὸ
1273 5518 1399 5572 τνδ’.
1444 5520 1510 5572 Δί
1541 5521 1598 5574 δὲ
1638 5520 1799 5573 πᾶσαι

1930 5519 2208 5576 duodecim
2247 5535 2379 5577 vero
2410 5534 2729 5577 communes
2773 5518 3156 5588 appellantur,
3201 5512 3295 5584 qui
3342 5512 3490 5567 scili-

242 5594 350 5663 τῶν
379 5609 557 5665 αὐτῶν
586 5608 649 5662 ιθ¹
676 5609 774 5680 τῆς
806 5608 1032 5680 σελήνης
1068 5607 1203 5661 ἐτῶν
1233 5607 1457 5681 ἡμέραι,
1487 5612 1555 5681 τῇ
1588 5626 1802 5679 συμπαι

1929 5619 2006 5666 eet
2057 5612 2176 5668 dies
2220 5612 2426 5668 habent
2469 5626 2674 5667 cccuv.
2718 5610 2890 5667 Porro
2938 5604 3100 5679 1'”I
3135 5604 3255 5664 dies
3296 5620 3489 5665 omnes

330 5765 372 5796 "
410 5764 449 5820 f.
481 5767 537 5817 ὲν
565 5744 728 5827 ὅλοις.

526 5860 793 5918 Ριτιιοι..
840 5858 954 5919 (in.
1005 5861 1178 5923 XlX,
3052 5852 3130 5914 39
