3950 6266
435 373 564 432 1227
1403 362 1490 418 Μ)
1529 357 1795 416 EUSEBll
1835 356 2020 413 CHRO

2142 356 2231 414 ON
2275 350 2638 409 APPENDIX.
3543 339 3678 394 1228

431 510 496 563 ex
539 507 630 549 xIx
679 490 838 544 annis
885 483 1174 542 lunaribus
1219 483 1456 548 collecti,
1522 480 1784 536 adhibitis
1832 477 1996 532 nimi-

2137 474 2330 547 αλὴψει
2371 471 2570 543 δηλαδὴ
2623 467 2729 520 τῶν
2777 463 3086 534 ἑμδολίμων
3139 458 3351 530 μηνῶν,
3395 453 3678 526 ίσάριθμοι

405 560 551 649 ,rum
603 577 1015 634 intercalar‘ibus
1077 574 1378 637 mensibus,
1435 572 1642 627 dierum
1707 583 1994 624 numerum

2137 566 2458 636 υγχάνουσιν
2487 560 2686 632 ἡμέραι
2722 559 2776 611 αί
2805 557 2912 608 τῶν
2933 556 2978 586 ⁵⁸
3014 552 3252 624 ἡλιακῶν
3280 550 3342 602 ιϐ’
3366 566 3378 579 ·
3430 547 3678 601 τουτέστι

409 662 734 744 ἶειιῖιιειιιιίιηι,
797 671 889 742 qui
939 686 1006 725 ex
1063 685 1152 722 xu
1210 668 1370 721 annis
1423 665 1696 718 solarihus
1755 659 1996 724 exsistit,

2137 657 2209 710 ὧν
2234 658 2341 710 ἀπὸ
2363 655 2490 719 τξε’.
2517 651 2613 706 Διά
2635 650 2791 704 τοῦτο
2819 648 2924 719 γάρ
2950 647 2998 699 οἱ
3026 643 3163 698 ἑπτά
3191 641 3479 714 ἐμϐόλιμοι
3512 639 3680 711 μῆνες

410 749 663 834 ξηιιοτιιῐη
703 763 903 834 singuli
931 775 1136 816 ccccxv
1172 759 1364 814 diebus
1387 763 1659 812 constant.
1690 752 1825 809 Nam
1863 767 1998 823 pro-

415 833 614 923 ‘pterea
658 862 862 924 septem
903 852 1181 908 embolimi
1226 864 1438 905 menses
1500 847 1686 903 annis.
1713 846 1998 900 lunaribus

436 946 737 1008 accedunt,
797 951 855 998 ut
903 944 956 997 hi
1006 957 1235 996 numero
1284 940 1494 996 dierum
1544 951 1676 991 cum
1727 935 2000 991 solaribus

438 1040 592 1098 annis
638 1038 789 1108 paria
826 1037 1065 1100 faciant;
1108 1049 1170 1089 ac
1200 1051 1308 1089 non
1351 1032 1517 1098 6,726
1555 1032 1703 1088 solos
1740 1029 1857 1085 dies
1903 1029 2001 1082 ha-

435 1135 618 1197 beant,
653 1131 746 1187 scd
772 1129 959 1195 6,935.
994 1128 1243 1185 Totidem
1267 1127 1420 1182 enim
1442 1124 1814 1182 novemdecim
1836 1121 1999 1176 annis

440 1225 709 1282 solarihus
763 1225 1102 1294 imputantur
1145 1241 1158 1277 :
1202 1221 1338 1277 adeo
1373 1229 1434 1275 ut
1483 1235 1552 1274 ne
1603 1233 1747 1272 unus
1781 1213 2004 1285 quidem

444 1319 496 1373 in
525 1323 640 1370 toto
662 1313 1144 1370 decemnovennali
1175 1313 1328 1384 cyclo
1355 1312 1472 1368 dies
1502 1307 1790 1365 redundet.

446 1430 559 1494 Qua
594 1432 796 1484 ratione
829 1427 1122 1497 superﬂuus
1153 1429 1206 1482 in
1238 1426 1528 1482 embolimis
1573 1423 1836 1479 mensibus
1871 1421 2003 1485 dies,

849 1510 898 1554 et
931 1509 1086 1570 quoto
1117 1515 1256 1552 anno
1287 1501 1574 1552 eximatur.

508 1615 575 1669 Χ.
608 1614 742 1668 Nam
769 1614 983 1668 tametsi
1011 1620 1217 1682 septem
1246 1612 1386 1665 lunae
1409 1624 1624 1665 menses
1652 1606 2004 1676 adjiciantur,

446 1708 545 1763 hoc
571 1714 656 1762 est
701 1719 800 1759 ccx
840 1703 997 1767 dies;
1048 1703 1118 1759 ob
1161 1701 1504 1773 singulorum
1549 1700 1696 1754 illius
1737 1709 2006 1750 annorum

448 1800 514 1856 ab
558 1799 829 1854 solaribus
881 1795 1175 1860 defectum,
1243 1809 1366 1850 cum
1425 1790 1833 1870 undecim.isti
1888 1786 2006 1841 dies

447 1889 661 1948 nonnisi
694 1902 814 1942 ccux
842 1886 1152 1947 conﬁciant,
1187 1882 1432 1939 decimus
1477 1897 1655 1937 nonus
1681 1894 1858 1934 annus
1901 1891 2010 1930 uno

450 1985 533 2041 die
576 1981 877 2044 mutilatur,
920 1993 985 2033 ac
1029 1991 1227 2032 cccuu
1275 1981 1520 2037 constat,
1567 1981 1627 2026 ut
1673 1968 2010 2040 superﬂuum

429 2090 512 2133 ex
551 2072 858 2131 embolimis
909 2069 1190 2126 mensibus
1255 2073 1544 2123 consumat
1582 2062 1745 2119 diem.
1803 2061 2014 2131 Quippe

452 2180 623 2224 annus
651 2165 756 2221 iste
787 2178 819 2217 a
845 2178 899 2218 tv
926 2161 1015 2217 die
1049 2159 1252 2231 Aprilis
1287 2158 1555 2230 incipiens
1593 2156 1648 2210 in
1693 2169 1806 2208 xm
1836 2150 2015 2206 Martii

451 2259 670 2318 desinit.
717 2257 836 2325 Quo
903 2254 962 2311 lit
1005 2264 1064 2310 ut
1111 2265 1167 2310 et
1207 2267 1424 2308 menses
1471 2248 1747 2305 embolimi
1795 2246 2015 2316 plenum

451 2348 656 2406 dierum
701 2361 989 2404 numerum
1025 2344 1314 2406 retineant,
1353 2348 1407 2396 et
1441 2339 1610 2396 totius
1654 2334 2018 2392 enneadecae-

455 2439 640 2495 teridis
674 2437 860 2509 cyclus
905 2451 975 2490 ne
1033 2448 1144 2489 uno
1188 2432 1411 2504 quidem
1460 2428 1548 2484 die
1589 2427 1799 2484 solares
1844 2429 2017 2479 annos

456 2526 826 2586 aovemdecim
852 2524 1102 2581 excedat.

459 2815 608 2885 Quod
630 2816 789 2871 etiam
818 2814 901 2868 illi
927 2813 1256 2885 qui.tun_ares
1284 2826 1450 2885 annos
1473 2787 1745 2885 quinquies
1776 2817 1824 2861 et
1854 2807 2022 2885 sexies

527 2876 1274 2968 multiplicantdsuperfluum
1315 2881 1456 2935 diem
1485 2876 1749 2944 eximant,
1811 2879 1910 2932 etsi
1969 2876 2024 2930 id

527 2959 633 3012 alio
673 2954 727 3010 in
759 2971 897 3009 anno
920 2954 1146 3024 faciant.

527 3051 629 3128 X-l.
649 3066 806 3126 Unde
836 3068 912 3123 illi
963 3080 1180 3137 quoque
1229 3067 1322 3136 qui
1355 3080 1527 3120 annos
1559 3065 1705 3118 lunae
1735 3063 2027 3135 quinquies

2104 746 2480 821 προστίθενται
2527 747 2637 808 τοῖς
2681 742 2780 812 τῆς
2841 739 3069 808 σελήνης
3125 735 3322 797 ἐτεσιν,
3368 734 3456 786 ἵνα
3512 730 3678 784 ταῦτα

2104 839 2244 894 κατά
2275 840 2366 893 τὸν
2397 837 2626 910 ἀριθμὸν
2653 836 2760 888 τῶν
2789 830 3010 902 ἡμερῶν
3034 827 3335 889 ἀνελλιπῶς
3357 824 3504 895 ἔχειν
3531 823 3689 893 ποιὴ-

2106 949 2239 986 σωσι
2280 930 2415 1002 πρὸς
2456 929 2523 982 τά
2561 927 2656 981 τοῦ
2698 925 2848 997 ἡλίου
2893 923 2986 993 ἔτη
3010 939 3024 951 ·
3074 921 3169 974 καὶ
3215 915 3352 971 εἶναι
3392 917 3466 988 μὴ
3525 916 3690 986 μόνον

2107 1023 2292 1094 ,ςψκξ
2325 1022 2564 1094 ἡμερῶν,
2611 1019 2746 1074 ἀλλά
2782 1017 2977 1084 ,ςῧλεκ
3026 1012 3296 1066 Τοσαῦται
3329 1011 3436 1082 γάρ
3475 1011 3534 1064 αἱ
3581 1008 3696 1060 τῶν

2109 1116 2172 1169 ιϐ’
2226 1113 2468 1186 ἡλιακῶν
2513 1112 2648 1166 ἑτῶν
2693 1109 2896 1182 ἡμέραι
2944 1105 3328 1174 τυγχάνουσιν,
3387 1101 3510 1154 οὐδὲ
3561 1101 3690 1169 μιᾶς

2106 1207 2366 1280 περιττῆς
2403 1204 2464 1259 οὗ
2475 1222 2571 1276 σης
2599 1203 2815 1276 ἡμέρας
2840 1204 2896 1254 ὲν
2915 1199 2996 1270 τῷ
3019 1197 3204 1267 κύκλῳ
3225 1195 3328 1265 τῆς
3352 1194 3481 1264 ὅλης
3518 1194 3700 1245 ἐννεα-

2109 1299 2596 1372 καιδεκαετηρίδος.

2107 1415 2241 1482 Πῶς
2271 1415 2309 1483 ἡ
2332 1414 2400 1467 ὲν
2425 1413 2549 1478 τοῖς
2583 1411 2918 1483 ἐμϐρλίμοις
2949 1407 3105 1483 ﬁngi
3134 1410 3570 1483 exeptttevovaa
3586 1403 3698 1472 μία

2319 1483 2507 1553 ἡμέρα
2530 1477 2938 1550 ῠπρτέμνεται,
2963 1478 3062 1531 καὶ
3082 1478 3150 1530 ἐν
3168 1477 3318 1539 ποίῳ
3335 1477 3474 1529 ἔτει.

2180 1602 2236 1654 I'.
2274 1600 2336 1652 Εἰ
2370 1598 2474 1670 γάρ
2524 1599 2619 1650 καὶ
2653 1596 2695 1661 ζ’
2731 1595 2902 1666 μῆνας
2943 1591 3303 1664 ἐμϐάλλομεν,
3340 1590 3593 1644 τουτέστι
3632 1595 3698 1642 σι’

2110 1692 2344 1765 ἡμέρας,
2392 1691 2552 1762 αὐτῇ,
2605 1691 2703 1760 τῆς
2759 1687 2865 1741 τῶν
2908 1686 3028 1740 καθ’
3071 1685 3298 1738 ἕκαστον
3343 1683 3463 1748 ἔτος
3526 1682 3700 1752 αὐτῆς

2111 1786 2270 1858 χάριν
2316 1784 2638 1854 συλλείψεως
2684 1783 2750 1846 δ’,
2785 1779 2975 1833 ἕνδεκα
3015 1778 3235 1850 ἡμερῶν
3273 1778 3352 1841 είς
3401 1776 3481 1830 σθ’
3531 1775 3703 1846 μόνας

2112 1875 2512 1950 ἀθροιζομένων
2533 1892 2545 1904 ·
2581 1873 2717 1927 ἀλλά
2735 1890 2798 1941 γε
2832 1873 2893 1926 τὸ
2925 1870 3232 1924 τελευταῖον
3263 1869 3403 1932 ἔτος,
3434 1869 3610 1939 ἡγουν
3641 1866 3704 1919 τὸ

2115 1969 2202 2034 ιϐ’,
2243 1967 2394 2040 παρὰ
2433 1967 2559 2037 μίαν
2610 1965 2825 2036 ἡμέραν
2868 1964 2957 2017 διὰ
3008 1961 3164 2015 τοῦτο
3205 1962 3523 2032 γεγένηται,
3586 1955 3707 2030 τνγ⁹

2113 2061 2379 2133 ῥπάρχον,
2421 2057 2508 2112 ἵνα
2552 2057 2800 2130 ὑποτέμῃ
2842 2056 2940 2128 τὴν
2969 2057 3028 2111 ὲν
3061 2059 3172 2118 τοῖς
3205 2054 3530 2125 ἐμϐολίμοις
3567 2052 3707 2124 μησὶ

2116 2151 2537 2223 περιττεύουσαν
2569 2149 2695 2221 μίαν
2733 2149 2969 2221 ἡμέραν.
3009 2148 3272 2218 Ἀρχεται
3311 2146 3411 2216 μὲν
3444 2144 3559 2217 γὰρ
3597 2143 3708 2198 ἀπὸ

2116 2243 2214 2313 τῆς
2250 2241 2289 2294 δ’
2323 2240 2416 2294 τοῦ
2455 2238 2729 2312 Ἀπριλίου
2762 2239 2960 2310 μηνός·
2989 2239 3068 2300 εἰς
3086 2237 3142 2289 δὲ
3171 2236 3268 2306 τὴν
3301 2235 3384 2305 κβ¹
3415 2235 3513 2288 τοῦ
3541 2235 3706 2306 Μαρ-

2116 2335 2233 2388 τίου
2283 2331 2626 2404 περαιοῦται.
2674 2331 2764 2396 Ἐξ
2805 2326 2864 2385 οὗ
2893 2331 3012 2402 (τῆς
3032 2329 3112 2398 τε)
3163 2328 3272 2381 τῶν
3305 2326 3625 2398 ὲμδολίμων
3671 2328 3704 2396 ἡ

2119 2425 2373 2497 ἀρτιότης
2424 2423 2501 2494 τῷ
2531 2422 2800 2494 ἰσαρίθμῳ
2831 2421 2939 2475 τῶν
2970 2420 3194 2492 ἡμερῶν
3223 2411 3577 2482 διασώζεται·
3615 2420 3710 2472 καὶ

2119 2518 2149 2568 ὁ
2169 2515 2270 2585 τῆς
2301 2513 2428 2584 ὅλης
2472 2511 3102 2585 ἐννεακαιδεκαετηρίδος
3134 2509 3333 2572 κύκλος
3359 2509 3416 2561 ὲν
3449 2507 3578 2561 οὐδὲ
3613 2509 3711 2578 μιᾷ

2121 2608 2306 2679 ἡμέρᾳ
2359 2606 2667 2670 πλεονάζων
2712 2604 3022 2676 εὑρίσκεται
3073 2602 3210 2676 πρὸς
3269 2601 3562 2655 δεκαεννέα
3615 2599 3710 2652 τοῦ

2121 2699 2275 2770 ἡλίου
2301 2699 2395 2770 ἐτη
2419 2699 2480 2752 τὸ
2506 2697 2744 2752 σύνολον.

2128 2814 2257 2876 Ῐοτι
2287 2812 2384 2866 καὶ
2417 2811 2540 2876 τοῖς
2557 2810 2972 2865 πενταπλοῦσι
3005 2808 3106 2862 καὶ
3136 2806 3478 2872 ἑξαπλοῦσι
3502 2807 3580 2859 τὰ
3606 2804 3714 2871 τῆς

2121 2867 2146 2899 θ
2192 2882 2464 3006 gadiis-nc
2485 2867 2586 2951 ἐτη
2625 2882 2664 2948 ἡ
2699 2880 2938 2949 περιττὴ
2962 2867 3377 2947 antem-em,
3401 2876 3520 2931 κᾶν

2233 2971 2338 3006 τει.

2233 2971 2338 3007 τει.

2198 3068 2302 3119 IA’.
2365 3065 2529 3118 Ὅθεν
2585 3065 2633 3118 οἱ
2680 3064 2779 3136 τὴν
2828 3060 3207 3117 πεντάπλωσιν
3261 3061 3357 3114 καὶ
3407 3059 3716 3126 ἑξάπλωσιν

460 3160 745 3230 sexiesque
793 3158 1179 3228 multiplicant,
1222 3171 1346 3210 cum
1375 3155 1622 3210 eamdem
1653 3154 1796 3209 diem
1832 3161 1887 3209 et
1921 3153 2024 3223 ipsi

2137 3156 2436 3227 ποιούμενοι
2463 3154 2570 3210 τῶν
2591 3155 2691 3226 τῆς
2729 3154 2956 3226 σελήνης
2982 3153 3140 3220 ἐτῶν,
3168 3153 3261 3206 καὶ
3291 3151 3435 3204 οὕτω
3466 3151 3569 3222 τὴν
3619 3149 3716 3203 αύ-

460 3256 794 3322 computent,
841 3248 1000 3303 iidem
1047 3254 1229 3302 tamen
1260 3246 1316 3301 in
1384 3261 1527 3301 anno
1563 3246 1658 3316 qui
1691 3259 1877 3298 eorum
1911 3244 2027 3298 cal—

460 3344 585 3399 culo
620 3339 945 3397 undecimus
974 3346 1080 3402 est,
1124 3353 1286 3410 quem
1324 3352 1426 3391 nos
1455 3345 1712 3406 quartum
1756 3334 2027 3389 decimum

454 3445 735 3508 putamus,
783 3431 1118 3504 superﬂuum
1148 3447 1215 3486 ex
1241 3429 1546 3485 embolimis
1579 3427 1860 3483 mensibus
1887 3425 2030 3480 diem

460 3527 804 3599 excinptilem
850 3526 1071 3582 habent.
1123 3522 1335 3579 Etenim
1374 3537 1568 3576 cccun
1611 3521 1872 3576 duntaxat
1914 3521 2030 3574 die-

462 3633 584 3674 rum
632 3615 955 3674 undecimus
1005 3615 1097 3670 illo
1132 3614 1392 3670 statuitur
1434 3628 1634 3677 annus,
1677 3611 1834 3683 quia
1869 3611 2033 3665 trice-

463 3713 603 3768 simo
635 3711 812 3782 primo
842 3709 930 3765 die
979 3707 1291 3763 Decembris
1330 3706 1534 3770 iniens,
1582 3704 1828 3775 ejusdem
1879 3718 2033 3757 men-

463 3804 540 3860 sis
589 3802 804 3857 decimo
861 3810 1053 3854 octavo
1117 3798 1460 3853 terminatur.
1520 3797 1576 3852 ιιι
1637 3803 1818 3851 autem
1866 3810 1932 3850 ex
1969 3810 2034 3849 eo

463 3898 701 3956 constat,
727 3889 874 3960 quod
913 3904 1092 3944 annus
1136 3888 1352 3942 illorum
1383 3886 1744 3942 duodecimus
1785 3895 2036 3958 quartam

465 3983 732 4038 decimam
779 3981 836 4035 in
868 3978 1142 4040 Kalendas
1181 3975 1433 4032 Januarii
1482 3978 1682 4033 habeat
1726 3993 1792 4033 ex
1841 3990 2032 4032 eorum

445 4075 677 4130 calculo
715 4092 728 4130 :
774 4072 919 4128 unde
950 4086 1290 4142 consequens
1327 4077 1412 4125 est
1451 4069 1793 4126 neomen‘iam
1841 4068 1898 4123 in
1945 4083 2036 4121 xix

467 4166 781 4224 Decembris
811 4164 1069 4221 incidere.
1330 4174 1334 4179 ·
1822 4151 1827 4157 ’

469 4277 589 4348 Qua
616 4277 682 4333 de
719 4295 884 4333 causa
907 4277 1120 4332 lunares
1149 4293 1313 4330 annos
1344 4275 1615 4348 quinquies
1645 4271 2038 4344 multiplicent;

537 4360 586 4404 et
623 4348 879 4419 quomodo
910 4349 963 4400 in
1000 4348 1178 4402 eodem
1216 4345 1421 4400 calculo
1463 4345 1751 4419 aberrent;
1789 4353 1900 4396 tum
1945 4357 2040 4395 cur

542 4414 754 4474 annalis
782 4435 962 4472 eorum
997 4427 1270 4489 computus
1309 4434 1344 4471 a
1375 4424 1554 4471 nostra
1581 4414 1857 4478 discrepet.

537 4597 650 4652 XII.
697 4595 1055 4668 Exemptilem
1090 4611 1282 4666 porro
1333 4593 1483 4650 diem
1541 4594 1707 4648 istum
1770 4592 1836 4646 ad
1891 4591 2040 4646 hunc

469 4691 690 4746 modum
729 4689 1007 4745 inculcare
1042 4687 1284 4743 student.
1335 4685 1470 4740 Cum
1517 4686 1662 4740 enim
1703 4687 2040 4740 tricenorum

469 4785 682 4839 dierum
716 4783 961 4835 lunarem
987 4780 1326 4835 constituant
1359 4793 1600 4833 mensem
1628 4818 1644 4842 ,
1681 4793 1745 4832 ac
1777 4793 1874 4848 pro
1905 4792 2045 4831 uno-

470 4890 690 4946 quoque
721 4874 809 4929 die
838 4873 1238 4944 sexagesimam
1267 4887 1430 4927 unam
1461 4871 1788 4941 particulam
1819 4876 2043 4924 sumant

471 4976 525 5022 et
561 4965 839 5036 colligant,
875 4965 1050 5020 visum
1096 4971 1183 5020 est
1233 4964 1366 5035 ipsis
1413 4971 1467 5018 et
1520 4977 1619 5032 pro
1665 4962 1757 5017 illo
1797 4961 1906 5026 die,
1947 4961 2041 5032 qui

470 5056 762 5113 undecimo
813 5072 1036 5128 quoque
1088 5071 1233 5110 anno
1290 5055 1580 5118 minuitur,
1644 5054 1890 5125 quinque
1932 5069 2042 5124 per

472 5162 646 5202 annos
671 5147 915 5219 singulos
941 5147 1308 5218 sexagesimas
1331 5144 1591 5208 conﬂare,
1611 5154 1690 5206 ut,
1718 5144 2042 5200 duodecimo

474 5237 691 5290 domum
739 5250 883 5290 anno
918 5236 1147 5290 collecto
1187 5249 1297 5288 uno
1333 5233 1440 5295 die,
1483 5233 1538 5285 in
1586 5231 1749 5301 hujus
1803 5232 2041 5301 primum

477 5323 621 5379 illius
653 5323 779 5381 anni
816 5331 1154 5394 postremum
1199 5323 1342 5376 diem
1388 5320 1700 5390 trajiciant;
1739 5337 1901 5390 quem
1953 5335 2043 5374 χιι

480 5415 790 5472 Decembris
828 5431 949 5472 esse
980 5417 1094 5486 jam
1118 5415 1396 5482 diximus;
1429 5415 1521 5484 qui
1559 5415 1699 5470 idem
1728 5415 1890 5468 unius
1915 5412 2044 5466 anni

481 5509 605 5562 linis
640 5517 743 5572 est,
791 5520 844 5563 et
882 5508 1207 5578 principium
1258 5507 1488 5562 alterius
1528 5521 1593 5561 ex
1639 5506 1900 5560 ementita
1949 5505 2044 5558 illa

479 5603 882 5669 computatione
913 5616 976 5655 ac
1009 5599 1291 5665 methodo,
1321 5615 1432 5653 non
1473 5608 1652 5654 tamen
1685 5616 1752 5654 ex
1783 5599 1860 5653 rei
1899 5599 2045 5655 veri-

2131 3248 2230 3318 τῆς
2251 3247 2295 3279 ⁸ο
2325 3247 2541 3317 ἡμέραν
2566 3245 2914 3317 ψηφίζοντες,
2947 3247 3003 3299 ἑν
3024 3245 3292 3313 ἑνδεκάτῳ
3312 3245 3564 3298 κάκεῖνοι
3587 3243 3715 3304 ἔτει,

2130 3340 2237 3392 τῶν
2257 3336 2433 3390 αὐτῶν
2467 3338 2509 3370 ⁶¹
2540 3336 2924 3409 ψηφιζομένων
2952 3337 3120 3391 ἑτῶν-⁸
3149 3338 3284 3408 ὅπερ
3319 3353 3720 3408 τεσσαρεσκαι-

2131 3431 2354 3484 δέκατόν
2380 3431 2525 3482 ἑστιν
2551 3431 2684 3500 ἡμῖν
2732 3429 3130 3501 ἀριθμούμενον
3154 3446 3167 3458 ·
3198 3429 3298 3497 τὴν
3335 3429 3394 3481 ἑν
3420 3432 3537 3492 τοῖς
3559 3427 3722 3500 ἐμϐο-

2133 3523 2310 3594 λίμοις
2326 3521 2752 3594 περιττεύουσαν
2785 3522 2913 3593 μίαν
2935 3521 3151 3592 ἡμέραν
3179 3519 3473 3574 λείπουσαν
3517 3520 3720 3592 κέκτη-

2133 3632 2224 3667 ται
2259 3614 2325 3666 θ’.
2353 3614 2408 3665 T'
2442 3613 2549 3685 γάρ
2583 3621 2659 3682 νγ¹
2695 3611 2918 3684 ἡμερῶν
2957 3613 3194 3684 ’ὑπάρχει
3223 3611 3283 3664 τὸ
3315 3610 3448 3665 αὐτὸ
3483 3611 3551 3664 ια’
3583 3611 3719 3675 ἔτος,

2134 3705 2435 3776 ἀρχόμενον
2484 3705 2583 3775 μὲν
2615 3704 2722 3758 ἀπὸ
2754 3704 2855 3774 τῆς
2882 3705 3168 3776 τριακάδος
3201 3703 3433 3775 πρώτης
3477 3703 3574 3757 τοῦ
3631 3707 3722 3758 Δε-

2135 3797 2400 3867 κεμϐρίου
2435 3796 2621 3868 μηνὸς,
2653 3798 2731 3859 είς
2758 3796 2815 3849 δὲ
2838 3795 2934 3866 τὴν
2971 3803 3038 3867 ιη’
3064 3795 3158 3848 τοῦ
3189 3793 3353 3848 αὑτοῦ
3391 3793 3721 3865 καταλῆγον.

2137 3889 2249 3942 Καὶ
2276 3889 2432 3960 δῆλον
2473 3890 2540 3943 ὲκ
2567 3888 2661 3942 τοῦ
2692 3889 2753 3941 τὸ
2781 3887 3206 3941 δυοκαιδέκατον
3228 3888 3308 3950 εἰς
3348 3887 3449 3958 τὴν
3500 3885 3722 3959 πρώτην

2138 3982 2232 4036 τοῦ
2271 3981 2597 4054 Ἰανουαρίου
2629 3981 3223 4053 τεσσαρεσκαιδεκάτην
3262 3981 3427 4052 ἔχειν,
3459 3980 3605 4034 κατά
3628 3981 3723 4051 τὴν

2139 4073 2362 4126 ἐκείνων
2405 4072 2614 4142 ψῆφον·
2649 4071 2724 4136 ὡς
2757 4071 3023 4143 ὑπάρχειν
3070 4071 3234 4124 αὑτοῦ
3292 4071 3394 4142 τὴν
3431 4071 3723 4142 νεομηνίαν

2141 4164 2283 4218 κατά
2310 4164 2405 4236 τὴν
2432 4163 2494 4218 ιϐ’
2520 4163 2612 4218 τοῦ
2647 4164 2981 4238 Δεκεμϐρίου
3006 4190 3009 4194 ·
3025 4149 3212 4237 μηνός.

2148 4279 2316 4358 Τίνος
2361 4277 2536 4358 χάριν
2569 4279 2985 4358 πενταπλοῇοςι
3019 4279 3092 4333 τὰ
3127 4277 3239 4358 τῆς
3253 4277 3719 4358 patriams--5113-

2214 4348 2313 4402 καὶ
2356 4348 2481 4418 πῶς
2513 4348 2646 4416 περὶ
2675 4348 2789 4416 τὴν
2825 4349 3020 4416 αὐτὴν
3063 4349 3443 4418 σφάλλονται
3489 4348 3720 4417 ψῆφον

2216 4417 2440 4507 καλῴδιά
2553 4418 2797 4507 appears)
2817 4421 2964 4507 ‘azaa’p’
2991 4417 3136 4488 ἠμᾶ
3153 4420 3567 4490 ψηφιζόμενον
3591 4419 3728 4486 ἔτος

2072 4521 2118 4576 D
2215 4489 2280 4542 τὸ
2305 4491 2440 4557 παρ’
2471 4489 2673 4554 αὐτοῖς
2704 4489 3061 4544 διαλλάττει.

2213 4601 2316 4654 IB'.
2367 4600 2767 4673 Διεσπουδάσθη
2801 4602 2858 4655 δὲ
2901 4602 3108 4665 τούτοις
3141 4602 3240 4672 τὴν
3290 4602 3390 4673 τῆς
3432 4602 3729 4676 λειπούσης

2151 4691 2500 4763 παρενθήκην
2565 4692 2894 4764 ποιήσασθαι
2949 4693 3090 4747 κατά
3145 4694 3293 4747 τόνδε
3337 4693 3434 4747 τὸν
3488 4696 3724 4764 τρόπον·

2164 4783 2378 4855 Ἐπειδὴ
2415 4783 2524 4854 γὰρ
2555 4784 2737 4846 αὐτοῖς
2775 4783 3061 4856 λ’ἡμερῶν
3092 4787 3120 4836 ὀ
3151 4785 3249 4854 τῆς
3291 4784 3522 4856 σελήνης
3565 4785 3733 4855 ψηφί-

2153 4875 2303 4940 ζεται
2337 4874 2465 4946 μὴν,
2507 4874 2595 4927 διά
2647 4873 2739 4927 τοῦ
2787 4875 2914 4946 μίαν
2958 4875 3254 4947 ἑξηκοστὴν
3298 4876 3443 4948 ὑπὲρ
3493 4877 3732 4947 ἑκάστης

2149 4967 2362 5038 ἡμέρας
2404 4964 2608 5020 τιθέναι
2659 4967 2752 5020 καὶ
2798 4967 3210 5038 συλλαμϐάνειν,
3261 4968 3404 5034 ἔδοξε
3461 4962 3560 5024 καὶ
3592 4971 3728 5040 ὑπὲρ

2150 5055 2373 5127 ταύτης,
2407 5055 2552 5124 λέγω
2600 5055 2664 5125 δὴ
2701 5055 2799 5127 τῆς
2837 5056 2977 5109 κατά
3026 5056 3086 5109 τὸ
3133 5057 3572 5112 ἑνδεκαιδέκατον
3617 5059 3728 5124 ἔτος

2153 5144 2460 5214 λειπούσης·
2491 5145 2724 5216 ἡμέρας,
2772 5153 2812 5200 ε’
2863 5147 2984 5201 καθ’
3030 5148 3259 5202 ἑκαστον
3306 5149 3424 5213 ἔτος
3476 5152 3729 5220 συνάγειν

2153 5227 2462 5306 ἑξηκοστά·
2496 5237 2578 5300 ὼς
2640 5237 2725 5302 ἂν,
2787 5239 2873 5293 διά
2915 5239 3008 5292 τοῦ
3057 5239 3467 5293 δυοκαιδεκάτου
3528 5242 3729 5312 ταύτην

2151 5326 2509 5397 ἀθροίζοντες,
2561 5329 2652 5381 ἐπὶ
2694 5329 2792 5400 τὴν
2835 5329 3026 5383 τούτου
3083 5330 3305 5403 πρώτην
3355 5333 3456 5402 τὴν
3520 5334 3726 5385 ἐκείνου

2149 5418 2460 5472 τελευταίαν
2515 5419 2828 5486 ἀγάγωσιν·
2886 5422 3008 5491 ἥτις
3054 5424 3200 5476 ἐστὶν
3246 5427 3279 5494 ἡ
3334 5424 3587 5495 λεχθεῖσα
3639 5422 3726 5476 τοῦ

2151 5507 2483 5580 Δεκεμϐρίου
2517 5509 2580 5562 ιϐ’
2605 5527 2616 5538 ’
2653 5511 2747 5562 καὶ
2773 5511 2887 5564 ἔστι
2923 5513 3022 5581 μὲν
3059 5516 3090 5583 ἡ
3129 5513 3266 5584 αύτὴ
3295 5514 3388 5567 τοῦ
3427 5517 3527 5584 μὲν
3559 5515 3724 5576 τέλος.

2148 5599 2242 5652 τοῦ
2272 5600 2328 5654 δὲ
2364 5601 2507 5672 ἀρχὴ
2540 5601 2680 5654 κατὰ
2710 5604 2864 5673 τήνδε
2908 5605 3006 5675 τὴν
3036 5605 3411 5677 ἑπινοηθεῖσαν
3431 5607 3612 5680 ψῆφον
3639 5606 3727 5660 καὶ

557 5754 602 5784 ³⁸
629 5752 672 5820 f.
705 5753 934 5826 ἡμέραις
975 5755 1102 5810 τῶν.
1177 5755 1222 5789 ⁸⁹
1255 5755 1298 5824 f.
1331 5754 1635 5824 ἐλλείψεως.
1715 5756 1757 5788 ⁵⁸
1787 5754 1829 5825 f.
1852 5748 1996 5809 οὗτοι
2027 5753 2124 5827 τὴν
2144 5754 2332 5826 αὑτήν.
2413 5758 2453 5790 ⁶¹
2483 5757 2528 5826 Ῑ.
2558 5758 2758 5823 αὐτοῖς.
2834 5762 2877 5793 ⁶²
2911 5763 2953 5831 Ῑ.
2990 5763 3297 5834 κέκτηνται.
