3950 6266
463 350 593 406 125i

1443 342 1534 398 AD
1573 339 1838 410 EUSEBII
1875 341 2273 400 CHBONICON
2317 341 2689 400 APPENDIX.

3555 348 3710 402 1232'

463 459 751 518 admodum
793 461 895 527 sol,
927 460 1005 516 sic
1048 458 1138 513 illa
1189 457 1258 512 ah
1309 471 1416 512 uno
1480 457 1777 527 eodemque
1838 472 2003 512 menSt

2122 457 2197 521 ὡς
2228 457 2293 511 ἂν
2323 455 2382 522 ἐξ
2414 458 2530 522 ένὺς
2563 460 2654 512 καί
2685 456 2778 510 τοῦ
2818 453 2982 510 αὑτοῦ
3026 455 3215 527 μηνὸς,
3250 455 3436 529 ὥσπερ
3463 461 3493 512 ὁ
3520 460 3686 531 ἥλιος,

459 559 663 609 certam
709 548 1086 622 proﬁciscendi
1135 547 1376 618 regulam
1420 560 1482 600 ac
1537 545 2022 602 dinumerationem

459 643 673 700 habeat.
715 642 940 697 Accedit
970 650 1024 694 et
1059 640 1164 694 alia
1203 653 1391 705 causa,
1423 639 1682 693 nimirum
1707 649 1761 693 ut
1809 639 2022 694 decem-

457 735 776 790 novennalis
809 733 1052 788 circulus
1092 740 1263 800 totus,
1312 731 1477 787 unius
1530 733 1658 786 anni
1696 733 1894 788 solaris
1933 733 2020 786 in-

458 836 592 887 star.
643 825 879 896 undique
922 839 1018 894 par
1055 823 1160 880 sibi
1199 839 1262 876 ac
1301 822 1498 878 similis
1534 823 1801 887 exsistat;
1837 832 2020 894 utpote

457 922 525 975 ab
557 920 745 976 eodem
780 928 980 989 puncto
1006 916 1380 988 progrediens,
1413 925 1465 971 et
1492 916 1545 969 in
1577 916 1717 970 idem
1758 925 2020 988 perpetuo

455 1013 712 1067 desinens
746 1031 757 1066 :
791 1017 848 1064 ιιι
877 1009 1108 1077 exempli
1151 1022 1351 1071 causa,
1396 1008 1571 1077 primo
1623 1022 1767 1063 anno
1805 1024 2020 1079 semper

455 1124 483 1158 a
524 1105 613 1161 die
645 1103 820 1157 Martii
869 1117 1003 1156 xxm
1043 1101 1276 1170 incipit:
1319 1101 1511 1156 ultimo
1558 1103 1683 1155 item
1728 1115 1891 1164 anno,
1923 1101 2017 1170 qui

451 1204 536 1252 est
589 1211 769 1251 nonus
821 1195 1087 1256 decimus,
1139 1193 1193 1246 in
1246 1192 1489 1262 ejusdem
1546 1191 1726 1245 Martii
1771 1207 1886 1246 χχιι
1928 1190 2018 1246 die

453 1288 658 1343 ﬁnitur.
711 1288 787 1342 Ac
825 1285 892 1341 de
957 1287 1164 1354 epactis
1219 1284 1378 1348 lunae,
1431 1290 1485 1338 et
1529 1282 1834 1340 embolimis
1888 1282 2016 1338 hac-

452 1389 632 1434 tenus.

939 1594 1014 1651 De
1050 1611 1221 1651 mense
1253 1595 1527 1653 Paschatt'.

513 1727 658 1788 XIV.
688 1728 952 1799 Deinceps
989 1743 1118 1783 vero
1149 1736 1203 1784 et
1235 1728 1327 1784 ille
1355 1727 1633 1785 notandus
1657 1737 1742 1785 est
1778 1731 2006 1795 mensis,

2123 547 2264 600 οὕτω
2285 547 2347 620 δὴ
2387 550 2480 602 καὶ
2537 549 2674 618 αὕτη
2719 547 3065 618 κανονίζηται
3104 549 3197 601 καὶ
3235 548 3558 622 ψηφίζηται.
3585 553 3688 608 Καὶ

2122 639 2184 691 οὐ
2215 639 2367 693 τοῦτο
2405 640 2581 710 μόνον,
2618 640 2731 694 ἀλλ’
2769 641 2854 693 ἵνα
2896 639 2988 694 καὶ
3027 640 3102 702 ὡς
3134 633 3216 703 εἷς
3256 642 3501 707 ἐνιαυτὸς
3539 643 3686 714 ἡλίου

2123 733 2382 786 πάντοθεν
2419 731 2609 787 ἑαυτὸν
2643 733 2685 765 ⁸³
2727 733 3009 804 τυγχάνων
3044 732 3156 796 [σος
3189 733 3282 786 καί
3321 734 3506 806 ὅμοιος
3531 735 3562 787 ὁ
3588 737 3687 800 πᾶς

2120 825 2217 896 τῆς
2241 825 2865 896 ὲννεακαιδεκαετηρίδος
2893 823 3090 888 κύκλος
3115 824 3294 896 δειχθῇ
3316 843 3330 856 ·
3364 827 3440 889 ὡς
3465 827 3579 880 ἀπὸ
3598 827 3686 880 τοῦ

2120 917 2283 970 αὑτοῦ
2314 918 2392 980 εἰς
2433 918 2492 971 τὸ
2546 917 2678 971 αὐτὸ
2725 919 2946 987 σημεῖον
2974 917 3272 988 ἀρχόμενος
3304 934 3362 970 τε
3389 918 3483 971 καὶ
3522 935 3689 988 περα-

2119 1007 2375 1077 τούμενος
2397 1027 2408 1039 ·
2442 1005 2552 1062 οἷον
2590 1009 2728 1063 κατὰ
2761 1010 2857 1080 μὲν
2873 1009 2933 1061 τὸ
2961 1009 3174 1080 πρῶτον
3200 1010 3316 1074 ἔτος
3351 1010 3518 1063 αὑτοῦ
3554 1009 3687 1080 λαμ-

2118 1101 2295 1156 ϐάνων
2334 1103 2418 1156 ἀεὶ
2465 1104 2563 1174 τὴν
2591 1104 2763 1176 ἀρχὴν
2800 1106 2856 1157 ὲν
2900 1106 2966 1173 τῇ
3008 1103 3100 1155 τοῦ
3141 1104 3382 1175 Μαρτίου
3417 1104 3589 1175 μηνὸς
3611 1106 3685 1157 εἰ·

2118 1193 2236 1246 κάδι
2267 1195 2422 1266 τρίτῃ
2443 1212 2457 1224 ·
2491 1195 2628 1248 κατὰ
2671 1195 2727 1248 δὲ
2759 1194 2818 1248 τὸ
2859 1193 3182 1256 τελευταῖον,
3211 1195 3378 1265 ήγουν
3415 1195 3477 1247 τὸ
3510 1198 3690 1249 ἐννεα-

2116 1286 2448 1349 καιδέκατον,
2478 1288 2540 1340 τὸ
2577 1288 2727 1350 τέλος
2761 1287 3046 1357 δεχόμενος
3081 1288 3224 1342 κατὰ
3253 1287 3350 1359 τὴν
3392 1286 3488 1341 τοῦ
3522 1287 3682 1341 αὑτοῦ

2117 1376 2283 1448 μηνὸς
2310 1378 2496 1432 εἰκάδα
2521 1377 2795 1449 δευτέραν.
2823 1378 3007 1432 Ταῦτα
3029 1374 3121 1430 οὖν
3149 1379 3242 1432 καί⁵
3279 1379 3406 1449 περὶ
3428 1377 3683 1430 ὲπακτῶν

2116 1469 2363 1539 σελήνης,
2401 1469 2627 1522 καὶτῶν
2661 1469 2993 1540 ὲμϐολίμων.

2445 1602 2580 1669 Περὶ
2619 1602 2724 1656 τοῦ
2755 1604 3106 1670 Πασχαλίου
3132 1603 3344 1671 μηνός.

2182 1735 2279 1788 1Δ’.
2309 1737 2399 1787 Δεῖ
2425 1734 2481 1788 δὲ
2505 1735 2644 1789 κατὰ
2672 1734 2733 1788 τὸ
2770 1734 3060 1788 ἀκόλουθον
3090 1734 3537 1807 ἐπισημήνασθαι
3587 1734 3679 1790 καὶ

443 1826 538 1896 qui
584 1821 829 1878 omnium
886 1835 1154 1875 annorum
1215 1820 1356 1874 lunae
1413 1823 1726 1878 neomenias
1776 1823 1831 1877 in
1885 1837 2003 1878 sese

2109 1824 2272 1878 αὐτὸν
2300 1824 2389 1878 τὸν
2433 1826 2576 1898 μῆνα
2619 1827 2710 1880 τὸν
2746 1826 2878 1880 εἴσω
2907 1826 3101 1880 ἑαυτοῦ
3139 1799 3370 1895 τάςῖτῶν
3397 1827 3538 1881 ὅλων
3578 1826 3679 1897 τῆς

445 1917 683 1973 continet
715 1935 730 1971 :
763 1930 924 1986 quem
962 1922 1247 1984 propterea
1287 1913 1508 1982 quidam
1555 1913 1872 1971 Paschalem
1915 1932 2008 1972 no-

445 2011 654 2064 minant.
700 2028 715 2064 :
767 2009 909 2063 unde
944 2015 998 2063 et
1047 2009 1263 2062 initium
1311 2008 1476 2062 ducat
1519 2015 1572 2062 et
1624 2008 1717 2062 ubi
1771 2008 2006 2064 desinat.

445 2100 689 2155 Dicimus
735 2099 920 2170 itaque
977 2099 1142 2170 hujus
1198 2100 1417 2154 initium
1476 2115 1598 2154 esse
1646 2099 1824 2153 Martii
1866 2117 2003 2168 VIII;

449 2193 609 2249 ﬁnem
637 2193 838 2264 Aprilis
864 2210 919 2248 ν.
959 2191 1095 2247 Nam
1126 2193 1194 2248 ab
1227 2193 1319 2248 illa
1357 2193 1445 2249 die
1485 2193 1553 2248 ad
1595 2193 1756 2258 hanc,
1796 2195 2005 2250 solidus

444 2284 587 2338 lunae
629 2283 834 2338 mensis
889 2282 1178 2338 intercedit
1213 2283 1426 2338 dierum
1466 2299 1618 2337 κως.
1645 2282 1749 2339 Per
1782 2285 2002 2340 totidem

442 2373 586 2430 enim
632 2373 776 2427 ultro
839 2371 1085 2442 citroque
1154 2383 1463 2429 commeant
1539 2374 1686 2428 illius
1735 2389 2002 2429 annorum

440 2464 760 2530 neomenias,
817 2471 1037 2534 propter
1083 2464 1336 2520 undecim
1394 2465 1534 2531 dies,
1589 2467 1788 2536 quibus
1839 2467 2002 2522 iidem

440 2553 699 2609 deﬁciunt
733 2553 882 2619 anni,
913 2563 968 2607 et
998 2553 1254 2620 tricenos,
1281 2554 1376 2625 qui
1416 2569 1512 2624 per
1539 2554 2002 2610 intercalationem

441 2641 731 2696 adduntur.
781 2640 871 2696 Sic
895 2649 949 2696 et
987 2652 1192 2711 quarta:
1227 2641 1467 2706 decimae,
1493 2657 1614 2712 quae
1642 2658 1672 2696 a
1703 2644 2000 2700 neomeniis

439 2735 635 2791 deinde
662 2733 986 2805 procedunt,
1016 2735 1072 2789 in
1117 2749 1253 2804 quas
1293 2733 1503 2790 Pascha
1527 2734 1836 2791 Judaaorum
1865 2737 2002 2791 inci-

439 2827 535 2893 dit,
564 2825 754 2882 codem
796 2824 958 2879 modo
1001 2840 1219 2880 sursum
1274 2827 1639 2897 deorsumque
1671 2835 1930 2898 promota:
1968 2844 2000 2882 a

443 2933 533 2973 ut
575 2918 662 2973 die
701 2917 880 2972 Martii
917 2917 1194 2988 capientes
1222 2917 1530 2985 exordium,
1563 2920 1767 2990 Aprilis
1799 2929 1997 2976 octava

439 3011 649 3066 decima
681 3009 1059 3064 terminantur.
1094 3011 1302 3065 Etenim
1334 3011 1402 3065 ad
1426 3011 1566 3065 hanc
1595 3012 1662 3065 ab
1692 3012 1784 3064 illa
1806 3025 1999 3066 novem

434 3108 492 3155 et
515 3099 705 3170 viginti
729 3107 1086 3154 numerantur
1113 3100 1250 3155 dies.
1280 3099 1470 3155 Annus
1503 3101 1666 3166 lunae,
1692 3102 1783 3170 qui
1816 3115 1995 3155 remo-
2023 3130 2066 3188 ο

435 3189 706 3244 tissimam
775 3189 1022 3243 omnium
1086 3189 1461 3252 neomeniam,
1521 3196 1574 3245 et
1648 3188 1996 3260 quartamde-

435 3281 630 3335 cimam
684 3279 882 3343 habet,
921 3290 1005 3335 est
1053 3280 1298 3336 decimus
1341 3289 1528 3338 sextus
1555 3300 1571 3339 :
1602 3282 1694 3354 qui
1734 3285 1994 3352 citimam,

435 3383 680 3431 octavus.

435 3675 510 3728 De
561 3676 948 3728 transccnsione
996 3675 1179 3745 legalis
1221 3674 1526 3739 Paschalis,
1577 3693 1639 3729 ac
1666 3677 1729 3731 de
1768 3679 1990 3732 solemni

503 3746 825 3810 Christiano,
857 3762 889 3797 a
924 3761 1026 3814 qua
1047 3747 1132 3798 die
1162 3746 1216 3798 in
1243 3761 1402 3817 quam
1444 3745 1662 3813 produci
1708 3747 1992 3801 secundum

501 3829 750 3867 cauonem
784 3818 958 3869 liceat.

502 3946 616 4003 XV.
662 3948 927 4014 Quocirca
959 3963 1083 4012 nos,
1113 3948 1316 4018 quibus
1347 3951 1647 4005 secundum
1679 3953 1904 4021 gratiam
1937 3967 1992 4006 tn

435 4057 454 4092 ι
514 4042 716 4112 azymis
748 4041 1078 4097 sinceritatis
1133 4040 1188 4112 (I
1228 4041 1351 4097 Cor.
1395 4059 1468 4110 γ,
1509 4043 1563 4115 8)
1604 4066 1622 4095 ι
1667 4044 1870 4099 Christi
1899 4043 1991 4100 Dei

429 4135 603 4189 nostri
635 4131 846 4189 Pascha
875 4133 1151 4189 celebrare
1178 4134 1517 4200 conceditur,
1553 4151 1715 4190 unam
1752 4143 1992 4189 tantum-

427 4224 590 4280 modo
626 4225 770 4280 diem
811 4224 1274 4290 transcendimus,
1322 4227 1537 4297 quoties
1587 4227 1645 4282 in
1692 4226 1988 4281 Sabbatum

428 4316 752 4371 incidentem
805 4318 1080 4372 cernimus
1129 4316 1309 4371 Martii
1367 4333 1460 4371 ut
1515 4317 1680 4382 diem,
1730 4318 1785 4371 in
1826 4331 1990 4387 qttam

2109 1915 2334 1987 σελήνης
2391 1915 2527 1968 ὲτῶν
2557 1918 2848 1988 νεομηνίας
2887 1916 3218 1988 κεκτημένον
3242 1934 3255 1947 ’
3299 1917 3357 1971 ὃν
3389 1917 3479 1969 διὰ
3521 1914 3678 1969 τοῦτο

2107 2006 2200 2058 καί
2248 2023 2394 2070 τινες
2425 2007 2731 2078 Πασχάλιον
2779 2008 3133 2079 ὀνομάζουσι·
3184 2007 3346 2062 πόθεν
3385 2003 3542 2070 οὗτος
3579 2009 3677 2078 τὴν

2105 2097 2279 2168 ἀρχὴν
2305 2097 2437 2168 ἔχει,
2465 2098 2559 2151 καὶ
2592 2097 2695 2151 ποῢ
2726 2099 2788 2152 τὸ
2812 2099 2984 2163 τέλος.
3009 2100 3191 2170 Φαμὲν
3211 2095 3322 2162 οὖν,
3351 2099 3426 2162 ὡς
3448 2099 3548 2170 τὴν
3578 2099 3676 2170 μὲν

2103 2186 2274 2258 ἀρχὴν
2304 2185 2585 2257 ἔχεικατὰ
2621 2188 2719 2257 τὴν
2763 2187 2858 2241 τοῦ
2906 2189 3150 2260 Μαρτίου
3176 2188 3342 2260 μηνὸς
3382 2195 3454 2258 η’,
3503 2188 3567 2241 τὺ
3621 2189 3676 2243 δὲ

2103 2275 2256 2339 τέλος
2297 2275 2440 2330 κατὰ
2483 2277 2583 2349 τὴν
2629 2275 2723 2330 τοῦ
2769 2278 3042 2349 Ἀπριλίου
3082 2286 3147 2334 ε’.
3191 2279 3278 2346 Ἐξ
3312 2279 3529 2350 ἐκείνης
3567 2281 3678 2351 γάρ

2105 2367 2266 2439 μέχρι
2299 2367 2500 2437 ταύτης
2524 2369 2630 2440 μὴν
2661 2369 2894 2440 ὑπάρχει
2930 2370 3159 2442 σελήνης
3180 2369 3490 2444 ὁλόκληρος,
3522 2388 3678 2424 τουτ-

2101 2461 2214 2513 ἐστι
2261 2460 2340 2514 κθ¹
2385 2460 2606 2534 ἡμέραι.
2635 2461 2734 2514 Διὰ
2768 2461 3037 2516 τοσούτων
3071 2463 3178 2535 γὰρ
3207 2465 3387 2518 ἀνίασι
3415 2465 3513 2518 καὶ
3541 2481 3675 2518 κατ-

2104 2553 2214 2605 ίασι
2239 2550 2306 2604 τά
2329 2550 2526 2622 ταύτης
2558 2551 2652 2623 ἔτη
2677 2553 2816 2607 κατὰ
2864 2553 2962 2625 τὴν
3009 2553 3187 2606 αὐτῶν
3218 2554 3507 2624 νεομηνίαν
3536 2554 3602 2607 ἔκ
3621 2571 3676 2608 τε

2098 2642 2199 2711 τῆς
2244 2641 2351 2695 τῶν
2377 2647 2442 2693 ια’
2474 2642 2695 2712 ἡμερῶν
2723 2640 3032 2712 ἐκλείψεως,
3059 2642 3154 2695 καὶ
3175 2643 3272 2713 τῆς
3300 2641 3406 2695 τῶν
3437 2642 3482 2694 λ’
3517 2641 3678 2695 πάλιν

2101 2731 2334 2802 ἐμϐολῆς
2380 2732 2474 2784 καὶ
2531 2733 2867 2805 προσθήκης.
2909 2731 3065 2786 Οὕτω
3105 2731 3161 2785 δὲ
3225 2733 3317 2786 καὶ
3361 2733 3418 2785 αἰ
3458 2734 3526 2787 ὲκ
3569 2732 3677 2786 τῶν

2098 2825 2398 2896 νεομηνιῶν
2419 2821 2572 2888 αὖθις
2599 2828 2970 2897 προαγόμεναι
3001 2825 3676 2898 τεσσαρεσκαιδεκαταῖαι,

2099 2913 2220 2968 καθ’
2249 2915 2316 2977 ἃς
2355 2915 2624 2987 Ἑϐραίοις
2651 2916 2712 2968 τὸ
2741 2917 2932 2989 Πάσχα
2968 2916 3224 2980 τελεῖται,
3263 2916 3404 2970 κατὰ
3435 2915 3533 2969 τὸν
3563 2917 3677 2970 ἴσον

2099 3007 2452 3078 ἐπαιρόμεναι
2494 3009 2588 3061 καὶ
2613 3008 2934 3079 καθιέμεναι
2973 3009 3195 3080 τρόπον,
3238 3009 3335 3080 τὴν
3367 3008 3466 3078 μὲν
3502 3008 3678 3080 ἀρχὴν

2099 3096 2278 3168 ἔχουσι
2307 3099 2446 3152 κατὰ
2481 3099 2579 3170 τὴν
2613 3101 2802 3154 εἰκάδα
2839 3099 3060 3173 πρώτην
3103 3101 3197 3155 τοῦ
3228 3101 3495 3172 Μαρτίου,
3524 3101 3588 3154 τὸ
3621 3101 3680 3154 δὲ

2098 3189 2250 3252 τέλος
2275 3188 2416 3242 κατά
2451 3190 2549 3261 τὴν
2587 3190 2862 3262 Ἀπριλίου
2895 3198 2982 3262 ιη’.
3026 3191 3144 3245 Ἀπ’
3177 3193 3393 3264 ἐκείνης
3431 3191 3545 3262 γάρ
3573 3191 3676 3254 ἕως

2097 3278 2298 3350 ταύτης
2331 3278 2408 3332 κθ¹
2458 3279 2618 3333 πάλιν
2660 3281 2862 3350 ἡμέραι
2905 3282 3280 3352 τυγχάνουσιν.
3313 3283 3471 3335 Ἔστι
3520 3281 3580 3334 δὲ
3617 3282 3680 3334 τὸ

2098 3369 2196 3440 τὴν
2215 3373 2528 3443 κατωτέραν
2561 3372 2749 3426 πασῶν
2770 3373 2880 3425 τῶν
2907 3373 3206 3444 νεομηνιῶν
3228 3373 3522 3445 νεομηνίαν
3551 3390 3675 3426 τεσ-

2101 3465 2599 3536 σαρεσκαιδεκάτην
2636 3466 2685 3496 ⁷⁰
2735 3465 3054 3536 ποιούμενον
3095 3465 3214 3529 ἔτος
3256 3466 3487 3538 σελήνης
3517 3465 3583 3519 τὸ
3619 3465 3681 3530 εξ

2099 3557 2191 3610 καὶ
2219 3556 2440 3610 δέκατον
2458 3575 2472 3588 ·
2504 3558 2566 3611 τὸ
2595 3557 2651 3610 δὲ
2674 3557 2772 3628 τὴν
2793 3558 3069 3630 άνωτέραν
3097 3558 3158 3612 τὸ
3186 3565 3256 3629 η’.

2098 3685 2380 3758 Περίντῆᾲς
2419 3689 2570 3741 κατὰ
2607 3688 2673 3740 τὸ
2719 3688 2968 3758 νομικὸν
3008 3687 3222 3756 Πάσχα
3268 3687 3677 3756 ὑπερϐάσεως.

2167 3757 2266 3829 καί
2289 3756 2395 3829 τῆς
2415 3758 2562 3810 κατὰ
2588 3756 2844 3829 Χριστρν
2870 3757 3137 3825 τελετῆς,
3159 3760 3249 3829 ,ἐκ
3291 3763 3469 3826 ποίας
3501 3761 3676 3829 αὕτη,

2169 3827 2266 3880 καὶ
2293 3827 2470 3896 μέχρι
2492 3828 2668 3893 ποίας
2693 3827 2915 3897 ἡμέρας
2935 3828 3315 3888 κανονίζεται.

2167 3962 2266 4016 ΙΕ’.
2299 3961 2498 4032 Διόπερ
2525 3961 2687 4032 ἡμεῖς
2716 3961 2930 4016 οἱκατὰ
2959 3963 3118 4035 χάριν
3146 3962 3203 4017 ὲν
3233 3984 3250 4014 ι
3276 3962 3512 4035 ἀζύμοις
3545 3966 3678 4019 εἰλιο

2097 4051 2337 4123 κρινείας
2378 4071 2398 4103 ι
2432 4052 2494 4104 τὸ
2532 4054 2671 4107 κατὰ
2698 4054 2929 4126 Χριστδν
2967 4055 3058 4109 τὸν
3095 4055 3225 4109 Θεὸν
3250 4059 3406 4127 ἡμῶν
3433 4061 3676 4132 ἠξιωμέ-

2095 4160 2174 4196 νοι
2229 4142 2420 4214 Πάσχα
2476 4145 2668 4210 τελεῖν,
2731 4146 2806 4210 ὡς
2862 4147 2990 4215 μίαν
3036 4148 3202 4218 μόνην
3255 4151 3678 4224 ὑπερϐαίνοντες

2096 4235 2328 4306 ἡμέραν,
2361 4237 2448 4289 ὅτε
2470 4237 2733 4308 Σαϐϐάτῳ
2766 4238 3067 4307 φθάνουσαν
3107 4241 3308 4312 ἴδοιμεν
3346 4242 3445 4314 τὴν
3487 4246 3676 4300 εἰκάδα

2097 4326 2319 4398 πρώτην
2349 4327 2442 4380 τοῦ
2472 4328 2721 4399 Μαρτίου
2749 4330 2934 4401 μηνὸς,
2967 4331 3088 4382 καθ’
3127 4333 3193 4402 ἣν
3240 4338 3478 4406 συναντᾷ
3505 4339 3600 4390 καὶ
3641 4339 3674 4407 ἡ

425 4405 568 4461 lunae
607 4407 816 4462 decima
849 4414 1046 4476 quarta
1080 4407 1378 4476 competit;
1419 4415 1671 4476 septenos
1708 4423 1838 4463 vero
1872 4406 1990 4462 dies

2108 4418 2158 4471 ιδ’
2185 4417 2278 4470 τοῦ
2313 4417 2578 4486 φέγγους
2615 4419 2709 4472 καὶ
2739 4419 2813 4483 ὡς
2852 4420 3009 4474 πάλιν
3026 4421 3070 4485 ζ’
3113 4423 3326 4493 ἡμέρας
3355 4405 3520 4494 ἡνίκα
3564 4405 3674 4480 Κυέ

425 4496 868 4563 transmittimus,
901 4496 1118 4566 quoties
1163 4513 1295 4551 xvut
1340 4498 1542 4567 Aprilis
1581 4499 1670 4552 die
1709 4497 1988 4554 Dominica

2108 4506 2293 4579 ριακῆς
2320 4483 2610 4579 γινομένην
2639 4509 2889 4581 εὒρωμεν
2916 4512 3014 4583 τὴν
3037 4483 3167 4565 τοῦ..
3185 4483 3464 4585 ’Ᾰπριλίου
3508 4517 3674 4588 μηνὸς

426 4587 634 4651 incidit,
675 4595 729 4641 ct
767 4589 821 4640 in
861 4587 1104 4642 eamdem
1132 4595 1323 4657 quarta
1356 4588 1564 4642 decima
1590 4588 1748 4656 primi
1774 4586 1988 4643 Judmo-

423 4693 545 4732 rum
581 4678 784 4732 mensis
811 4679 1058 4732 incurrit.
1095 4677 1170 4731 ita
1205 4679 1446 4749 quinque
1488 4687 1544 4734 et
1577 4681 1800 4749 triginta
1844 4689 1987 4736 totos

422 4767 540 4822 dies
584 4766 830 4838 (totidem
891 4767 1036 4821 enim
1074 4782 1104 4820 a
1138 4783 1249 4821 χιιι
1309 4768 1487 4822 Martii
1531 4769 1597 4823 ad
1637 4787 1743 4824 xxv
1780 4770 1988 4841 Aprilis

423 4857 691 4926 interiecti
725 4857 872 4929 sunt)
920 4858 1145 4913 salutari
1193 4856 1444 4913 Paschati
1479 4861 1801 4916 celebrando
1845 4877 1988 4932 pra:-

2096 4603 2194 4670 ιη’·
2228 4599 2308 4661 εἰς
2337 4597 2404 4668 ἢν
2443 4599 2646 4668 ὁμοίως
2680 4601 2774 4653 καὶ
2803 4603 2836 4672 ή
2871 4602 2992 4654 καθ’
3036 4603 3317 4676 Ἑϐραίους
3352 4606 3412 4659 ιδ’
3441 4608 3673 4661 τελεῖται

2094 4686 2310 4758 πρώτου
2343 4688 2509 4760 μηνός
2528 4705 2542 4719 ⁶
2567 4691 2626 4743 ὲν
2657 4690 2698 4742 λ’
2723 4692 2817 4744 καὶ
2843 4699 2882 4744 ε’
2901 4695 3021 4757 ταῖς
3054 4694 3256 4759 πάσαις
3293 4697 3534 4769 ἡμέραις
3564 4700 3672 4768 (το-

2093 4779 2286 4833 σαῦται
2332 4779 2440 4850 γάρ
2490 4781 2545 4832 αἰ
2593 4781 2700 4835 ἀπὸ
2728 4781 2938 4847 εἰκάδος
2974 4784 3228 4860 δευτέρας
3270 4789 3540 4860 Μαρτίου,
3577 4790 3671 4862 μέ-

2091 4887 2181 4941 χρι
2212 4869 2424 4933 εἰκάδος
2444 4873 2701 4943 πέμπτης
2737 4873 3012 4946 Ἀπριλίου
3036 4878 3414 4951 τυγχάνουσι)ο
3452 4899 3668 4936 κανονι-

423 4950 702 5004 stituimus
749 4966 762 5001 :
804 4949 940 5003 adeo
986 4956 1046 5003 ut
1095 4965 1271 5021 neque
1312 4951 1449 5005 citra
1485 4951 1652 5016 illam,
1701 4967 1802 5008 nec
1842 4954 1984 5008 ultra

2108 4960 2286 5032 ζόμεθα
2336 4960 2398 5014 τὸ
2452 4963 2720 5034 σωτήριον
2769 4966 2962 5038 Πάσχα
3005 4966 3217 5022 τελεῖν·
3269 4949 3392 5024 οὔτε
3453 4972 3668 5044 ἐκείνην

421 5040 583 5094 istam
610 5040 892 5104 obeamus,
929 5041 1001 5096 ob
1031 5043 1464 5098 ecclesiasticum
1493 5059 1754 5099 canoncm
1785 5053 1839 5100 et
1874 5055 1985 5100 tra-

2089 5053 2630 5120 ὑποκαταϐαίνοντες,
2661 5056 2785 5112 οὔτε
2820 5059 2940 5130 μὴν,
2963 5062 3166 5134 ταύτην
3203 5063 3663 5135 ὑπεραναϐαίνον-

419 5129 709 5198 ditionem,
744 5147 866 5202 qua:
914 5132 1054 5185 intra
1096 5132 1198 5188 hos
1241 5131 1359 5189 dies
1405 5131 1613 5189 Pascha
1658 5137 1871 5191 retinet.
1905 5134 1986 5190 Ad

2108 5162 2178 5209 re;
2202 5161 2215 5175 ·
2245 5143 2333 5198 διὰ
2361 5144 2456 5216 τὴν
2493 5147 2551 5200 ὲν
2577 5148 2804 5215 ταύταις
2845 5152 2941 5205 καὶ
2977 5154 3109 5208 εἵσω
3148 5153 3351 5208 τούτων
3375 5155 3663 5227 δεδομένην

422 5235 544 5274 eum
576 5223 757 5292 itaque
784 5226 1003 5279 modum
1038 5235 1144 5279 tam
1169 5228 1506 5292 neomenias,
1529 5243 1690 5297 quam
1723 5232 1984 5288 terminos

423 5307 712 5368 Paschales
744 5316 796 5368 in
830 5317 988 5371 annis
1016 5317 1156 5372 luna:
1187 5326 1590 5389 computamus.

525 5688 577 5721 ⁴⁶
609 5690 649 5756 Ι.
677 5691 869 5761 ἑαυτῳ.
949 5697 992 5726 ⁷⁸
1023 5694 1142 5764 Leg.
1171 5698 1261 5748 καί
1303 5714 1523 5767 τεσσαρ.

2087 5237 2220 5305 ἡμῖν
2247 5236 2703 5311 ὲκκλησιαστικὴν
2747 5243 3066 5312 νομοθεσίαν
3108 5262 3166 5298 τε
3205 5247 3299 5300 καὶ
3341 5248 3655 5319 παράδοσιν.

2101 5327 2260 5398 Ἡμῖν
2293 5329 2392 5398 μὲν
2420 5325 2512 5383 οὖν
2541 5330 2602 5384 αἵ
2625 5348 2683 5385 τε
2707 5336 2985 5406 νεομηνίαι
3010 5340 3103 5392 καὶ
3141 5341 3655 5411 τεσσαρεσκαιδεκα-

2090 5421 2236 5572 sint
2264 5421 2370 5474 τῶν
2394 5422 2493 5493 τῆς
2523 5423 2751 5496 σελήνης
2785 5428 2921 5482 ἑτῶν
2956 5429 3200 5484 ἐντεῦθεν
3235 5432 3330 5484 καί
3370 5431 3512 5486 οὕτω
3556 5430 3657 5502 ψη·

2093 5525 2130 5572 φ
2186 5525 2356 5565 ονται.

2093 5525 2356 5577 φιςονται.
