3950 6266
234 738 253 832 ἶ

283 296 539 357 1233’

1099 295 1158 355 S.
1198 297 1453 354 MAXIMI
1490 297 1851 362 HABTYRIS
1887 301 2265 358 COMPUTUS
2300 300 2743 358 ECCLESIAST.

3392 304 3528 362 ιεει

292 420 396 475 Ἕκ
430 418 604 493 ποῖον
646 420 971 493 Ῥωμαϊκὸν
1000 420 1167 493 μῆνα
1194 422 1341 493 ’[τύ
1382 421 1733 493 Πασχάλιον
1756 440 1851 477 κα-

1965 423 2207 491 Quonam
2250 437 2314 476 ea:
2342 420 2577 475 Romano
2611 437 2787 476 mense
2813 422 3038 476 methodi
3078 419 3356 477 Paschalis
3386 422 3530 493 ordi-

349 489 653 551 νονίζουσι
671 533 685 554 ,
718 489 819 545 καὶ
859 489 1055 546 πάντα
1084 491 1156 545 τὰ
1191 490 1304 559 τῆς
1328 489 1599 559 σελήνης
1640 492 1767 560 ἐτη,
1805 496 1860 547 οἰ

347 562 837 627 πενταπλοῦντες
856 562 1043 615 ταῦτα
1071 561 1171 615 καὶ
1192 561 1619 629 ἐξαπλοῦντεςο
1634 562 1734 616 καὶ
1756 563 1861 617 πό-

346 631 470 695 θεν,
491 631 590 684 καὶ
624 630 769 697 πῶς,
814 632 913 685 καὶ
943 631 1013 685 ἐν
1056 632 1248 698 ποίοις
1278 632 1441 685 ἔτεσι
1482 632 1857 687 πεντεκαιὸεο

348 698 561 769 κὰτην,
591 701 690 761 καί
732 700 801 767 ἒξ
834 700 1231 771 καὶᾲδεκάτην
1265 701 1335 755 ιδ’
1373 701 1701 771 ψηφίζουσι
1750 702 1858 757 τοῦ

349 772 478 825 καθ’
520 771 817 841 Ἑϐραίους
843 769 1074 841 πρώτου
1101 772 1313 841 μηνός.

244 866 245 869 η
346 884 463 953 Ιφ.
489 885 614 948 Τοῖς
638 884 695 937 δὲ
729 882 1095 938 πεπαπλοῦσι
1120 883 1290 937 ταῦτα
1321 883 1415 938 καὶ
1447 881 1766 949 ὲξαπλοῦσιν
1798 881 1859 948 ἐξ

273 973 438 1032 ἄλλου
480 975 785 1047 Ῥωμαῖκοῦ
824 976 1011 1049 μηνὸς,
1053 975 1198 1044 λέγω
1243 974 1308 1046 δὴ
1352 974 1447 1028 τοῦ
1487 974 1852 1047 Δεκεμϐρίου·

276 1066 386 1121 ἀπὸ
405 1065 516 1139 γὰρ
534 1068 635 1138 τῆς
658 1067 849 1122 τούτου
879 1068 1143 1139 τετάρτης
1179 1067 1491 1140 ποιούμενοι
1528 1069 1626 1140 τὴν
1657 1068 1853 1141 ἀρχὴν,

273 1157 371 1213 τοῦ
397 1158 496 1224 τὰς
515 1158 644 1224 ὅλας
673 1160 965 1231 νεομηνίας
1002 1158 1131 1213 εἴσω
1159 1158 1352 1214 ἑαυτοῦ
1385 1160 1720 1232 κεκτημένου
1758 1177 1855 1232 μη-

274 1250 388 1315 νὸς,
412 1251 474 1305 τὸ
496 1251 649 1316 τέλος
676 1252 758 1316 εἰς
794 1252 894 1325 τὴν
926 1251 1021 1305 τοῦ
1061 1252 1388 1324 Ἱανουαρίου
1428 1252 1667 1308 τίθενται
1704 1252 1854 1325 πρώι

275 1357 393 1412 την.
424 1340 523 1395 ΚΘ¹
554 1341 665 1413 γάρ
699 1341 794 1395 ἀπ’
820 1341 1032 1412 ἐκείνης
1069 1343 1229 1414 μέχρι
1262 1342 1465 1414 ταύτης
1491 1344 1615 1397 εἰσί.
1657 1345 1853 1417 Διόπερ

273 1433 341 1485 ἐκ
359 1430 563 1504 ταύτης
587 1431 672 1503 δὴ,
701 1449 776 1502 φη
784 1432 846 1503 μὶ
869 1433 969 1503 τῆς
989 1432 1082 1486 τοῦ
1120 1434 1446 1505 Ἰανουαρίου
1464 1433 1707 1507 πρώτης,
1742 1438 1851 1491 πᾶν

274 1519 503 1592 σελήνης
533 1521 907 1586 κανονίζοντες
937 1521 1085 1586 ἔτος,
1123 1518 1239 1576 εἶτα
1270 1522 1356 1583 διὰ
1388 1524 1487 1595 τὴν
1523 1523 1629 1578 τοῦ
1660 1525 1850 1596 Πάσχα

271 1608 490 1680 Ψῆφονν
534 1610 604 1664 τὰ
654 1610 762 1664 ἀπὸ
806 1610 1009 1682 ταύτης
1053 1612 1214 1683 μέχρι
1256 1611 1700 1683 συμπληρώσεως
1752 1612 1847 1666 τοῦ

270 1701 540 1774 Μαρτίου,
577 1703 686 1757 τῶν
719 1708 767 1770 ις
797 1703 1038 1775 ἡμερῶν,
1081 1703 1341 1776 ἰσάριθμα
1381 1705 1699 1773 συνάγοντες
1726 1704 1850 1777 ἐξηρ-

2035 494 2322 555 nationem,
2350 509 2413 546 ac
2444 492 2713 545 lunarium
2748 506 3007 545 annorum
3037 493 3361 562 putationem
3390 492 3530 562 repe-

2035 572 2149 629 tant
2176 603 2190 624 ,
2236 564 2326 632 qui
2363 562 2457 615 hos
2504 562 2807 632 quinquies,
2847 563 3113 632 sexiesque
3153 561 3526 631 multiplicant.

2034 632 2103 687 Et
2126 630 2281 687 unde.
2316 648 2379 687 ac
2402 630 2682 703 quomodo,
2709 640 2762 703 et
2787 630 2974 702 quibus
3007 630 3062 686 in
3092 634 3247 686 anuis
3268 633 3528 687 decimam

2030 705 2292 774 quintam,
2322 719 2384 774 ac
2408 701 2618 774 sextam
2651 701 2905 756 decimam
2937 711 3205 774 numerent
3227 718 3343 759 eam
3364 703 3525 770 diem,

2025 771 2142 844 quia
2164 775 2219 828 in
2247 771 2479 827 Iudaico
2505 788 2675 827 mense
2703 788 2881 827 revera
2908 782 2985 826 est
3012 771 3214 827 decima
3242 782 3453 845 quarta.

2028 884 2170 941 XVI.
2200 885 2301 953 Qui
2327 900 2501 943 annos
2517 886 2659 941 lunae.
2682 884 3029 956 perquinque
3061 899 3125 941 ac
3146 900 3243 940 sex
3266 885 3526 957 multipli-

1956 985 2105 1042 cant,
2130 979 2199 1032 ab
2227 979 2401 1033 altero
2434 993 2621 1033 mense
2657 975 2972 1033 methodum
3017 976 3250 1044 ducunt,
3276 977 3528 1033 videlicet

1956 1083 1987 1122 a
2031 1067 2335 1124 Decembri.
2405 1068 2566 1139 1'76
2616 1064 2751 1121 Nam
2800 1081 2832 1121 a
2886 1074 3083 1136 quarto
3125 1066 3290 1136 hujus
3336 1067 3526 1136 auspi-

1954 1167 2167 1225 cantes,
2196 1174 2438 1215 mensem
2472 1159 2650 1225 illum,
2675 1158 2771 1229 qui
2799 1157 3114 1213 neomenias
3150 1157 3208 1212 in
3243 1173 3304 1214 se
3333 1172 3527 1214 omnes

1954 1252 2358 1322 complectitur,
2396 1249 2653 1306 Kalendis
2698 1248 2976 1305 Januariis
3025 1249 3334 1305 terminant.
3388 1247 3527 1304 Sunt

1952 1342 2097 1398 enim
2145 1342 2213 1396 ab
2252 1342 2347 1395 illo
2381 1341 2445 1396 ad
2479 1341 2626 1397 hunc
2669 1356 2863 1397 novem
2897 1349 2950 1396 et
2979 1338 3169 1411 viginti
3212 1339 3529 1408 dies.'Qu0-

1951 1435 2096 1490 circa
2135 1434 2310 1505 prima
2347 1433 2592 1489 Januarii
2632 1435 2752 1490 dies
2775 1434 2962 1505 regula
2989 1440 3074 1489 est
3112 1447 3380 1489 annorum
3408 1448 3527 1489 om-

1949 1523 2101 1579 nium
2165 1523 2355 1590 lunae;
2417 1522 2488 1579 ab
2544 1523 2732 1578 eadem
2781 1538 2912 1578 vero
2979 1529 3114 1593 quot
3151 1523 3222 1576 ad
3275 1524 3525 1579 ultimam

1951 1613 2129 1668 Martii
2172 1612 2290 1668 dies
2326 1623 2703 1678 numerantur,
2743 1613 2837 1684 qui
2884 1621 3013 1670 sunt
3041 1613 3364 1685 nonaginta,
3408 1615 3530 1670 toti-

1949 1706 2071 1762 dem
2101 1705 2173 1761 ob
2209 1703 2530 1762 Paschalem
2555 1713 2873 1776 computum
2898 1704 3239 1776 sexagesima
3269 1706 3531 1775 scrupula

272 1795 462 1860 καστά,
497 1794 633 1866 μετὰ
678 1795 778 1867 τὴν
804 1798 885 1859 εἰς
919 1796 962 1848 λ’
1006 1794 1160 1850 λύσιν
1191 1795 1396 1850 τούτων
1432 1796 1495 1868 δὴ
1542 1796 1651 1851 τῶν
1690 1796 1851 1869 τριῶν

1964 1798 2220 1869 colligunt
2267 1817 2280 1852 :
2315 1808 2429 1853 tum
2461 1796 2734 1853 divisione
2780 1796 2948 1862 facta,
2979 1804 3035 1852 et
3075 1797 3303 1853 tricenis
3333 1796 3537 1854 diebus

275 1885 481 1959 μηνῶν,
522 1885 891 1960 ἡμισημέριον
934 1888 1119 1952 αὐτοῖς
1180 1888 1681 1959 καταλιμπάνεται,
1733 1905 1854 1942 του-

270 1979 420 2035 τέστι
447 1978 490 2032 λ’
514 1980 798 2052 ἐξηκοστά.
820 1980 1038 2045 Τούτοις
1066 1975 1159 2035 οὖν
1189 1982 1302 2044 τοῖς
1324 1980 1368 2034 λ’
1397 1981 1704 2051 ἑξηκοστοίς
1726 1998 1851 2035 συν-ν

270 2071 629 2142 εμϐάλλοντες
670 2073 763 2126 καὶ
790 2072 859 2126 τὰ
879 2075 1000 2127 κατ’
1051 2072 1170 2137 ἔτος
1195 2071 1424 2126 ἕκαστον
1442 2073 1507 2126 ὲκ
1527 2072 1637 2126 τῶν
1662 2078 1700 2126 ε’
1724 2072 1850 2144 έξη·

271 2163 480 2220 κοστῶν
531 2163 874 2235 συναγόμενα
922 2164 1120 2237 μόρια,
1176 2164 1273 2219 καὶ
1319 2163 1598 2228 ποιοῦντες
1641 2164 1854 2237 ἡμέραν

276 2255 404 2327 μίαν
421 2273 436 2286 ι
472 2257 633 2327 τυχὸν
656 2256 714 2310 δὲ
737 2257 831 2311 καὶ
856 2258 1013 2330 πρὸς,
1037 2259 1102 2313 ἄν
1125 2274 1250 2329 περ,
1282 2257 1358 2320 ὼς
1375 2257 1541 2321 εἰκὸς,
1563 2257 1660 2311 καὶ
1691 2257 1852 2330 μέχρι

270 2342 434 2397 τινῶν
473 2344 696 2417 ἡμερῶν
727 2344 823 2399 τοῦ
866 2346 1144 2419 Ἀπριλίου
1174 2347 1273 2419 τὴν
1312 2346 1493 2417 ψῆφον
1536 2347 1847 2402 ἐκτείνωσιο

270 2432 359 2488 διὰ
393 2432 491 2506 τὴν
522 2435 617 2488 τοῦ
661 2436 853 2507 Πάσχα
912 2437 1275 2510 παρέκϐασιν.
1331 2439 1565 2511 Ἀνάγκη
1609 2439 1717 2512 γὰρ
1759 2441 1852 2494 καὶ

269 2525 474 2580 τούτων
516 2527 913 2598 συλλαμϐάνειν
954 2529 1022 2583 τὰ
1055 2528 1342 2601 ἐξηκοστά.
1379 2531 1671 2603 Συμϐαίνει
1717 2532 1852 2586 πάν-

270 2632 378 2681 τως
427 2619 624 2683 αὐτοὺς
672 2622 740 2691 τῇ
782 2620 882 2691 τῆς
928 2621 1059 2691 μιᾶς
1095 2620 1310 2692 ἡμέρας
1356 2621 1389 2693 ἡ
1431 2622 1649 2676 καὶδύο
1680 2640 1851 2695 προσ-

270 2707 414 2783 θήκῃ
437 2711 504 2775 ",
531 2710 630 2782 τὴν
649 2709 744 2764 τοῦ
769 2711 986 2783 πρώτου
1008 2712 1129 2767 καθ’
1165 2711 1446 2785 Ἑϐραίους
1469 2713 1637 2783 μηνὸς
1654 2713 1733 2779 ιδ’,
1756 2714 1851 2768 καὶ

273 2807 357 2865 ιε’,
397 2801 554 2872 ἢκαὶ
592 2809 698 2873 ις’..
722 2804 833 2857 Καὶ
875 2810 935 2857 ιε’
975 2805 1094 2876 μὲν,
1141 2805 1201 2859 ὲν
1244 2805 1456 2868 τούτοις
1496 2807 1607 2869 τοῖς
1652 2804 1846 2872 ἐτεσιν,

269 2886 382 2947 οἷον
422 2894 502 2965 τῷ
544 2895 803 2968 πέμπτῳ,
844 2898 939 2950 καὶ
990 2898 1153 2968 ἕκτῳ,
1188 2899 1282 2951 καὶ
1313 2896 1379 2962 ζ’,
1415 2899 1510 2953 καὶ
1543 2905 1614 2970 η’,
1646 2900 1741 2952 καὶ
1782 2899 1846 2966 θ’,

271 2986 366 3042 καὶ
410 2991 461 3047 ι’,
496 2987 591 3042 καὶ
620 2990 828 3052 ια’,καὶ
866 2988 954 3053 ιϐ’,
988 2991 1083 3043 καὶ¹
1133 2996 1221 3059 ιγ’,
1255 2990 1350 3043 καὶ
1379 2990 1461 3055 ιδ’,
1499 2991 1594 3044 καὶ
1640 2996 1719 3053 ιε’,
1755 2991 1849 3043 καὶ

271 3080 369 3141 ις’,
430 3076 477 3109 τ’
517 3079 612 3131 καὶ
641 3078 706 3132 ιϐ’
735 3097 749 3110 ·
796 3079 855 3145 ἐξ
883 3081 975 3134 καὶ
1008 3080 1240 3151 δεκάτην
1268 3081 1324 3135 δὲ
1356 3083 1414 3134 ὲν
1459 3081 1538 3151 τῷ
1582 3081 1850 3154 ἰσαρίθμῳ

1956 1889 2012 1944 in
2045 1906 2262 1947 menses
2290 1890 2537 1963 singulos
2564 1892 2872 1963 imputatis,
2897 1892 3145 1963 reliquus
3166 1901 3252 1949 est
3273 1891 3528 1948 dimidia-

1956 1994 2044 2042 tus
2101 1986 2239 2055 dies,
2295 2001 2418 2058 quae
2465 1998 2594 2042 sunt
2649 1986 2905 2058 scrupula
2959 1987 3204 2058 triginta.
3264 1985 3346 2041 Ad
3409 1985 3527 2040 haec

1956 2077 2122 2148 igitur
2189 2077 2446 2146 scrupula
2512 2087 2697 2148 partes
2759 2077 2883 2134 illas
2952 2078 3176 2148 insuper
3235 2075 3523 2146 adjiciunt.

1953 2185 2075 2240 quae
2135 2185 2201 2225 ex
2250 2170 2493 2241 quinque
2544 2170 2941 2240 sexagesimis,
2991 2168 3060 2225 de
3109 2169 3311 2240 quibus
3358 2184 3527 2239 supra

1954 2261 2325 2324 meminimus,
2370 2261 2667 2316 exsistunt.
2700 2261 2779 2315 lta
2818 2261 2937 2316 dies
2968 2260 3183 2331 integra
3216 2259 3523 2328 conﬁcitur,

1952 2367 2125 2422 cuque
2170 2352 2402 2423 amplius
2448 2352 2756 2419 interdum,
2801 2354 2873 2419 si,
2911 2353 3055 2424 quod
3108 2362 3193 2410 est
3232 2359 3524 2409 consenta-

1952 2460 2136 2508 neum,
2175 2445 2243 2499 ad
2287 2445 2406 2502 dies
2442 2446 2652 2516 aliquot
2694 2445 2761 2501 de
2802 2444 3004 2517 Aprilis
3046 2459 3235 2500 mense
3279 2443 3533 2500 calculus

1952 2537 2303 2608 provehatur,
2340 2546 2400 2591 ut
2441 2545 2554 2591 tum
2590 2538 2809 2603 accidit,
2846 2552 2969 2593 cum
3016 2536 3230 2594 Pascha
3263 2534 3525 2592 diﬂ‘undi-

1951 2636 2063 2682 tur.
2112 2625 2268 2681 Tunc
2305 2629 2450 2683 enim
2510 2629 2602 2683 illa
2650 2643 2869 2700 quoque
2909 2628 3250 2699 sexagesima
3297 2641 3533 2685 necesse

1950 2724 2037 2772 est
2082 2731 2381 2774 assumere.
2429 2716 2509 2773 Ita
2560 2718 2618 2775 ﬁt
2656 2727 2738 2786 ut,
2783 2733 2893 2775 uno
2942 2718 3183 2776 alterove
3230 2717 3522 2790 superfuso

1950 2809 2057 2871 die,
2072 2818 2323 2879 quartam
2345 2810 2610 2867 decimam
2629 2810 2839 2869 Iudaici
2863 2811 3069 2869 mensis
3092 2818 3409 2883 computent
3426 2825 3528 2878 ιν,

1950 2900 2037 2956 vel
2064 2916 2175 2955 nt.
2199 2900 2472 2957 Decimam
2503 2905 2752 2974 quintam
2781 2919 2943 2976 porro
2967 2903 3119 2961 hisin
3146 2904 3304 2959 annis
3335 2918 3525 2960 nume-

1952 2997 2097 3056 rant,
2114 2991 2328 3062 quinto,
2362 3002 2539 3059 sexto,
2565 2995 2820 3065 septimo,
2851 3002 3067 3059 octavo,
3089 3010 3257 3060 nono,
3288 2993 3534 3059 decimo,_

1952 3081 2619 3148 undecimo,duodecimo,
2637 3082 2850 3141 decimo
2867 3084 3050 3152 tertio,
3074 3084 3288 3141 decimo
3304 3092 3521 3155 quarto,

268 3137 400 3233 τεεί,
430 3164 541 3224 οἷον
574 3170 652 3242 τῷ
683 3170 744 3237 ἒξ
787 3137 881 3226 καὶ
921 3172 1164 3244 δεκάτῳ·
1196 3137 1561 3244 ’συμφωνοῦσι
1595 3173 1652 3227 δὲ
1674 3137 1848 3244 ,μόνον

1964 3170 2165 3227 iccimo
2199 3173 2414 3243 quinto,
2446 3173 2659 3231 decimo
2674 3185 2850 3241 sexto,
2871 3190 2934 3231 ac
2955 3174 3169 3231 decimo
3188 3188 3352 3230 nono.
3387 3171 3524 3231 Sex-

268 3263 868 3337 τεσσαρεσκαιδεκάτην
909 3265 1003 3318 καὶ
1056 3265 1212 3318 αὐτοὶ
1232 3304 1247 3327 ,
1278 3265 1377 3337 τὴν
1408 3265 1451 3318 δ’
1491 3265 1585 3318 καὶ
1618 3270 1651 3319 ι’
1680 3264 1850 3336 ψηφί-

271 3349 454 3416 ζοντες
479 3356 536 3407 ἐν
560 3353 741 3425 μόνοις
777 3354 986 3419 τούτοις
1008 3359 1120 3420 τοῖς
1168 3362 1209 3408 ε’
1246 3355 1412 3418 ἔτεσι,
1444 3354 1522 3427 τῷ
1559 3373 1619 3409 τε
1651 3355 1850 3427 πρώτῳ

273 3447 400 3517 παρ’
437 3447 620 3511 αὐτοῖς
661 3447 862 3518 δηλαδὴ
899 3446 1293 3518 ψηφιζομένῳ,
1331 3448 1579 3519 τετάρτῳ
1624 3448 1680 3501 δὲ
1721 3449 1848 3518 παρ’

269 3536 404 3606 ἡμῖν
436 3537 777 3606 τυγχάνοντι,
804 3537 900 3590 καὶ
924 3537 1003 3608 τῷ
1034 3538 1289 3607 δευτέρῳ,
1319 3537 1415 3591 καὶ
1441 3536 1520 3609 τῷ
1550 3543 1618 3605 γ’.
1647 3535 1742 3590 καὶ
1773 3535 1851 3606 τῷ

268 3627 332 3691 δ’,
363 3627 458 3681 καὶ
488 3634 574 3699 ιη’.
600 3627 818 3681 Τούτων
845 3624 937 3680 οὖν
978 3626 1149 3691 οὕτως
1188 3628 1439 3698 ἐχόντων,
1473 3625 1634 3697 ἡνίκα
1662 3627 1696 3697 ἡ
1736 3625 1850 3677 Κυ-

270 3716 468 3789 ριακῆς
506 3718 551 3749 ⁷⁸
598 3718 631 3789 ἡ
678 3718 719 3770 δ’
778 3718 872 3771 καὶ⁹
911 3724 942 3769 ι’
988 3715 1079 3770 τοῦ
1137 3715 1352 3789 πρώτου
1406 3716 1526 3771 καθ’
1570 3714 1851 3787 Ἐϐραίους

271 3809 590 3878 αυναντήσοι
617 3808 807 3879 μηνὸς,
850 3808 986 3880 πρὸς
1023 3808 1271 3880 ἀνάγκης
1305 3806 1490 3862 λοιπὸν
1519 3807 1692 3864 εἰκάδι
1729 3806 1851 3860 δευ-

268 3898 406 3971 τέρᾳ
428 3898 523 3951 τοῦ
566 3899 819 3968 φέγγους,
852 3898 945 3952 καὶ
973 3899 1147 3954 εἰκάδι
1173 3899 1330 3970 τρίτῃ
1354 3897 1597 3966 γίνεσθαι
1618 3897 1680 3950 τὸ
1710 3897 1851 3951 κατὰ

269 3991 508 4063 Χριστὸν
541 3991 766 4062 Πάσχα·
816 3991 1026 4056 τούτοις
1076 3991 1399 4065 παραλόγως
1436 3990 1728 4061 ψηφίζεται
1764 3990 1853 4045 διὰ

268 4083 370 4152 τὴν
416 4084 718 4156 εἰρημένην
755 4085 953 4140 αἰτίαν.
994 4083 1179 4139 Ταῦτα
1218 4086 1312 4140 καὶ
1350 4088 1476 4156 περὶ
1508 4085 1600 4139 τοῦ
1636 4089 1853 4157 Πασχα-

269 4175 384 4229 λίου
413 4176 601 4248 μηνὸς,
638 4178 732 4231 καὶ
763 4177 863 4248 τῆς
896 4179 1024 4250 περὶ
1073 4179 1171 4250 τὴν
1202 4178 1852 4250 τεσσαρεσκαιδεκαταίαν

264 4266 481 4341 πλάνης
518 4269 627 4323 τῶν
656 4267 798 4323 οὕτω
824 4268 1168 4341 ψηφιξόντων
1209 4269 1447 4342 εἰρήσθω
1477 4270 1548 4324 τά
1575 4271 1690 4325 νῦν.

210 4428 214 4432 .
272 4379 412 4449 Περὶ
433 4376 553 4432 τῶν
572 4379 769 4449 κἈδὰμ
797 4378 966 4440 ἐτῶν,
986 4380 1151 4432 πόσα
1178 4396 1241 4433 τε
1267 4377 1569 4449 τυγχάνει,
1600 4380 1697 4434 καὶ
1726 4378 1852 4445 πῶς

254 4469 271 4484 ν
342 4448 416 4501 δι’
440 4448 641 4503 αὐτῶν
677 4448 783 4503 τοῦ
832 4467 892 4503 τε
930 4451 1110 4516 ἡλίου
1137 4451 1234 4503 καὶ
1273 4448 1565 4518 σελήνης,
1602 4450 1702 4504 καὶ
1744 4450 1850 4504 τοῦ

340 4519 651 4600 βισρξτου,
691 4520 758 4573 τὸ
776 4519 1173 4589 ἐνιστάμενον
1209 4519 1345 4586 ἔτος
1376 4522 1734 4589 εὑρίσκεται.

342 4634 443 4689 IZ'.
477 4634 796 4701 Ἀναγκαῖον
848 4635 905 4689 δὲ
945 4636 1080 4705 πρὸς
1124 4634 1335 4699 τούτοις
1374 4634 1570 4688 εἰδέναι
1617 4633 1712 4688 καὶ
1760 4635 1855 4687 τὸν

272 4723 506 4797 ἀριθμὸν
545 4725 656 4778 τῶν
704 4726 812 4779 ἀπὸ
855 4726 1025 4797 Ἀδάμ
1060 4726 1214 4780 ἐτῶν.
1253 4727 1403 4780 Εἰσὶν
1433 4722 1527 4781 οὖν
1572 4726 1711 4780 κατὰ
1753 4725 1852 4798 τὴν

272 4814 732 4888 ἐκκλησιαστικὴν
765 4815 945 4886 ψῆφόν
988 4833 1046 4869 τε
1085 4816 1179 4870 καὶ
1213 4815 1510 4889 παράδοσιν
1556 4815 1717 4887 μέχρι
1754 4815 1853 4886 τῆς

272 4905 575 4978 ἐνεστώσης
618 4907 676 4960 ιδ’
715 4906 1044 4971 ἰνδικτιῶνος
1063 4946 1078 4970 ,
1117 4907 1270 4971 ἕτους
1316 4907 1395 4960 λα’
1436 4906 1535 4977 τῆς
1577 4905 1854 4977 βασιλείας

283 4996 604 5069 Ἡρακλείου
642 4997 737 5052 τοῦ
783 4984 1174 5053 εὐσεϐεστάτου
1213 4997 1368 5069 ἡμῶν
1414 4996 1708 5068 βασιλέως,
1755 4997 1850 5068 ἐτη

272 5088 469 5161 ,ςρλγα
532 5088 623 5160 Τῷ
654 5090 765 5159 γάρ
795 5089 968 5144 ταῦτα
1009 5089 1250 5162 μερίζειν
1276 5091 1371 5145 καὶ
1400 5088 1650 5142 ἀναλύειν
1688 5086 1851 5157 γινώ-

274 5200 467 5238 σκεται
511 5182 605 5237 τοῦ
634 5201 693 5236 τε
737 5183 913 5254 ἡλίου,
944 5184 1040 5236 καὶ
1077 5183 1178 5252 τῆς
1208 5181 1459 5254 σελήνης,
1498 5183 1592 5236 καὶ
1642 5179 1745 5234 1:06
1771 5180 1850 5250 βι-

274 5276 462 5343 σέξτου
509 5275 572 5329 τὸ
602 5275 952 5344 ἐνιστάμενον
991 5274 1139 5337 ἔτος·
1186 5269 1296 5327 οἷον
1330 5274 1390 5326 τὸ
1441 5274 1538 5344 μὲν
1565 5271 1658 5326 τοῦ
1702 5272 1849 5346 ἡλίου

271 5369 388 5432 ἔτος
421 5368 509 5422 διὰ
548 5366 644 5422 τοῦ
692 5370 772 5431 εἰς
814 5374 898 5438 κη’
950 5365 1224 5439 μερίζειν·
1274 5368 1510 5421 τοσαῦτα
1552 5368 1681 5439 γάρ,
1731 5383 1854 5420 του-

270 5460 453 5514 τέστιν
489 5467 596 5531 κη’,
631 5459 699 5512 τά
740 5457 832 5511 τοῦ
877 5458 1029 5528 ἡλίου
1069 5457 1163 5528 ἔτη
1195 5456 1531 5528 καθέστηκε·
1568 5459 1628 5512 τὸ
1665 5459 1720 5513 δὲ
1752 5458 1852 5521 τῆς

272 5550 504 5622 σελήνης
531 5551 649 5615 ἔτος
687 5550 774 5604 διὰ
802 5551 894 5604 τοῦ
950 5552 1030 5614 είς
1073 5550 1136 5602 ιϐ’
1190 5549 1370 5603 πάλιν.
1418 5550 1634 5621 Ἐπειδὴ
1669 5551 1761 5604 καὶ
1785 5549 1853 5602 τά

361 5668 404 5698 71

271 5739 365 5794 καὶ
392 5744 487 5799 ις’.
532 5739 577 5770 ⁷⁸
605 5737 645 5799 f.
679 5738 777 5800 τῆς
812 5739 949 5801 Κυρ.

555 5711 567 5741 .
604 5666 993 5741 ηἱάειιινηκατὰ
1025 5667 1196 5732 ποῖον,
1230 5666 1307 5720 uel
1356 5666 1420 5720 ἐκ
1472 5667 1623 5721 ποίου
1678 5667 1992 5738 Ῥωμαῖκοῦ
2036 5668 2226 5741 μηνός.

1950 3272 2062 3318 tam
2120 3264 2387 3320 decimam
2442 3274 2627 3322 autem
2683 3271 2738 3322 in
2796 3282 2940 3322 anno
2973 3266 3188 3322 decimo
3227 3272 3404 3321 sexto.
3464 3263 3525 3320 In

1950 3364 2145 3424 quarta
2174 3354 2386 3409 decima
2410 3355 2651 3425 putanda
2688 3354 2975 3411 nobiscum
3017 3354 3073 3409 in
3114 3355 3272 3408 annis
3310 3360 3534 3415 tantum,

1952 3448 2192 3515 quinque
2232 3447 2603 3512 consentiunt,
2644 3445 2896 3503 videlicet
2942 3446 2999 3499 in
3046 3445 3226 3516 primo
3258 3445 3524 3515 ipsorum,

1953 3537 2046 3607 qui
2105 3536 2264 3592 nobis
2315 3547 2400 3593 est
2444 3546 2695 3607 quartus,
2750 3537 3017 3605 secundo,
3072 3537 3255 3600 tertio,
3304 3544 3531 3608 quarto,

1953 3627 2164 3684 decimo
2189 3635 2401 3683 octavo.
2428 3626 2527 3685 His
2556 3629 2974 3695 animadversis,
3004 3628 3220 3700 quoties
3250 3628 3303 3683 in
3340 3627 3526 3683 Domi-

1955 3718 2134 3773 nicam
2161 3726 2357 3790 quarta
2378 3720 2590 3775 decima
2620 3720 2781 3790 primi
2808 3719 3026 3775 Iudaici
3071 3720 3277 3776 mensis
3310 3719 3531 3787 incidit,

1956 3824 2188 3866 necesse
2219 3817 2306 3866 est
2348 3826 2639 3882 perperam
2684 3812 2827 3882 apud
2862 3813 2988 3868 illos
3022 3811 3395 3867 Christianum
3419 3808 3526 3866 Pa-

1954 3900 2087 3957 scha
2134 3901 2202 3956 ad
2248 3902 2543 3958 secundam
2580 3911 2635 3958 et
2682 3904 3023 3969 vicesimam,
3077 3910 3171 3957 aut
3207 3904 3523 3959 vicesimam

1953 3991 2170 4045 tertiam
2208 3990 2351 4047 diem
2392 3993 2601 4048 lunaris
2648 3994 2855 4049 mensis
2907 3993 3144 4059 extendi,
3202 3993 3362 4062 cujus
3400 4006 3528 4048 cau—

1955 4096 2069 4137 sam
2099 4092 2225 4138 ante
2246 4081 2603 4139 reddidimus.
2634 4082 2908 4139 Hactenus
2938 4084 3005 4139 de
3031 4083 3277 4140 Paschali
3314 4097 3521 4147 mense,

1953 4175 2131 4243 deque
2174 4189 2380 4241 errore,
2434 4190 2595 4244 quem
2644 4175 2700 4229 in
2753 4185 2965 4245 quartae
2993 4175 3219 4231 decima:
3247 4176 3528 4245 putatione

1955 4264 2311 4320 couuuittunt
2333 4265 2427 4335 qui
2458 4266 2534 4320 ita
2562 4273 2898 4337 computant.

1958 4375 2036 4431 De
2088 4378 2243 4432 annis
2293 4377 2489 4431 Adami
2554 4389 2803 4447 quamam
2853 4388 3121 4447 putentur,
3172 4387 3221 4437 et
3268 4374 3533 4448 quomodo,

2025 4462 2234 4530 pereas
2265 4448 2417 4513 solis,
2461 4449 2621 4513 lunw,
2653 4466 2714 4501 ac
2746 4448 2934 4505 bisexti
2960 4465 3190 4517 praesens
3232 4463 3403 4502 annus
3440 4447 3529 4503 ἰη-

2030 4534 2191 4572 uenm
2218 4529 2396 4589 queat.

2026 4627 2190 4683 XVII.
2216 4627 2487 4685 Praeterea
2514 4644 2740 4685 necesse
2766 4637 2849 4686 est
2877 4630 3020 4686 scire
3048 4644 3333 4686 numerum
3358 4645 3529 4685 anno-

1955 4736 2100 4787 rum,
2118 4722 2208 4792 qui
2226 4722 2295 4777 ab
2309 4722 2516 4778 Adamn
2537 4730 2874 4793 repetuntur.
2894 4720 3060 4792 Igitur
3076 4737 3142 4777 ex
3156 4720 3530 4777 ecclesiastico

1957 4815 2189 4878 calculo,
2222 4829 2286 4869 ac
2306 4814 2603 4869 traditione
2627 4815 2693 4868 ad
2719 4822 3042 4885 praesentem
3067 4813 3333 4869 decimam
3362 4827 3528 4883 quar-

1959 4915 2071 4961 tam
2105 4907 2457 4963 indiclionem
2486 4907 2616 4961 anni
2640 4922 2770 4962 χχχι
2801 4906 3011 4977 imperii
3037 4904 3271 4962 Heraclii
3300 4904 3527 4975 piissimi

1959 5000 2133 5055 nostri
2177 4999 2550 5070 imperatoris,
2593 5000 2724 5054 anni
2767 5009 2896 5055 sunt
2934 5015 2986 5055 v1
3024 5013 3291 5054 ucxxxut.
3318 4995 3529 5063 Quibus

1958 5090 2152 5146 divisis
2182 5106 2247 5147 ac
2284 5090 2565 5156 resolutis,
2604 5107 2846 5161 praesens
2877 5106 3055 5146 annus
3086 5091 3243 5154 solis,
3273 5090 3433 5156 lunae,
3464 5101 3528 5143 ac

1957 5183 2159 5239 bisexti
2206 5184 2479 5254 reperitur
2520 5185 2759 5239 :etenim
2793 5184 2925 5240 solis
2953 5199 3131 5240 annus
3171 5180 3526 5244 obtinebitur,

1959 5274 2004 5327 si
2042 5288 2311 5329 summam
2362 5289 2458 5344 per
2512 5290 2681 5329 xxvm
2737 5275 2973 5344 partiare
3033 5286 3055 5329 ε’
3102 5273 3327 5329 totidem
3384 5271 3526 5326 enim

1961 5376 2110 5430 sunt,
2142 5365 2401 5420 nimirum
2435 5381 2605 5420 xxvm
2647 5367 2784 5439 cycli
2816 5366 3012 5423 solaris
3032 5367 3160 5422 anni
3188 5384 3201 5421 :
3226 5380 3402 5420 annus
3427 5363 3526 5417 ha-

1959 5458 2179 5514 bebitur
2218 5460 2379 5522 lunae,
2430 5461 2476 5513 si
2518 5473 2616 5528 per
2654 5474 2746 5513 xix
2792 5457 3067 5514 diviseris.
3097 5456 3231 5511 Nam
3278 5444 3524 5519 ts‘tidem,

1963 5552 2040 5604 uti
2058 5551 2278 5606 dictum
2306 5559 2409 5614 est,
2458 5550 2606 5607 illius
2640 5550 2769 5604 anni
2811 5558 2958 5605 sunt.
2992 5548 3088 5604 Sic.
3117 5564 3293 5603 annus
3326 5545 3525 5604 bisexti

2328 5670 2373 5701 ⁷³
2400 5668 2553 5723 Deest
2595 5666 2825 5722 verbum.
2922 5667 2969 5702 "
2996 5664 3285 5722 Delendam
3323 5663 3523 5719 videtur
