3950 6266
447 334 583 395 ιεεε

445 451 619 506 divisa
664 457 873 501 summa
907 454 1005 512 per
1045 442 1285 509 quatuor
1310 430 1555 488 exsistet.
1587 427 1666 482 Ad
1709 402 1855 479 lianc
1886 434 2005 474 mo-
2036 424 2080 477 Α
2107 409 2310 512 τριέτης

443 545 575 597 dum
619 549 888 592 annorum
930 530 1121 588 Μειιυὶ
1164 525 1386 599 partitio
1421 517 1846 588 unumquodque
1884 513 2004 566 illo-

445 648 566 691 rum
599 629 844 694 indicat;
878 625 1023 697 quod
1051 629 1263 677 tantum
1314 626 1418 682 est,
1467 618 1704 683 quantus
1748 615 1832 663 est
1875 603 2005 659 resi-

446 724 677 778 duorum
704 733 971 775 annorum
1011 727 1294 768 numerus.
1328 707 1399 763 Ut
1431 706 1478 761 si
1508 720 1575 758 ex
1616 702 1707 754 illa
1738 697 2006 753 divisione

446 829 543 884 per
575 827 769 876 xxviii,
802 809 886 864 vel
922 822 1036 871 xu,
1074 804 1156 859 vel
1194 818 1267 868 iv,
1296 797 1533 869 supersit
1562 806 1754 856 unum,
1798 789 2004 857 primus

446 922 569 962 esse
596 905 810 960 dicetur
840 900 974 955 solis
1009 888 1205 959 annus,
1236 899 1330 968 aut
1360 892 1521 952 lunae,
1553 885 1645 939 vel
1678 880 1874 955 bisexti
1908 878 2004 931 tali

446 997 763 1052 indictione.
808 991 902 1046 Sin
944 990 1052 1045 duo
1095 993 1318 1048 restent,
1368 976 1639 1037 secundus
1670 974 1774 1030 erit
1804 985 2004 1026 annus.

446 1085 522 1142 lla
564 1084 783 1148 tertius,
831 1082 877 1137 si
919 1079 1063 1144 tria;
1097 1090 1159 1129 ac
1199 1074 1453 1141 deinceps
1497 1082 1669 1136 usque
1719 1062 1786 1117 ad
1814 1075 2006 1114 annos

445 1191 640 1240 xsvm,
682 1182 775 1228 aut
804 1186 918 1234 xix,
956 1176 1048 1222 aut
1075 1183 1147 1220 Iv.
1176 1151 1267 1220 Sic
1298 1175 1576 1231 congruas
1619 1163 1674 1210 et
1732 1152 1909 1206 iniens
1951 1151 2007 1203 in

446 1264 682 1337 singulis
703 1278 880 1318 annus
902 1256 1328 1328 investigabitur.

452 1544 635 1600 Altera
684 1542 841 1606 ratio,
886 1556 990 1611 qua
1050 1553 1220 1593 annus
1268 1535 1418 1598 solis,
1468 1531 1629 1594 (ante,
1686 1536 1776 1581 aut
1823 1525 2011 1581 bisexti

1069 1617 1396 1661 numeratur.

518 1722 703 1780 XVIII.
737 1722 924 1779 Potest
957 1731 1012 1777 et
1054 1722 1168 1775 alio“
1194 1718 1357 1774 modo
1388 1714 1533 1771 istud
1573 1713 1823 1768 inveniri.
1876 1709 2008 1763 Nam

449 1817 496 1874 si
530 1818 652 1888 quis
684 1828 953 1873 summam
985 1814 1133 1869 illam
1164 1824 1430 1866 annorum
1453 1807 1614 1872 6,155
1635 1820 1730 1876 per
1751 1802 2009 1859 552(ιίνὶ-

448 1910 563 1974 dat,
608 1908 829 1963 habebit
874 1907 1117 1977 integras
1148 1901 1404 1973 periodos
1447 1898 1697 1953 undecim
1740 1908 2005 1950 annorum

450 2000 575 2063 5'52,
601 2005 654 2053 et
685 2014 751 2052 ex
782 1996 1101 2052 duodecima
1132 2009 1308 2049 annos
1335 1992 1461 2047 281.
1490 1989 1602 2044 Hos
1627 1988 1672 2042 si
1716 2001 1813 2058 per
1839 1999 2007 2041 xxvm

450 2089 614 2146 simili
647 2089 862 2144 ratione
894 2086 964 2141 ad
999 2083 1419 2156 consequendos
1454 2094 1626 2135 annos
1660 2077 1793 2133 solis
1818 2073 2007 2129 distri-

451 2181 582 2235 buat
618 2198 632 2233 :
668 2170 888 2247 vel’per
933 2192 1047 2240 xu,
1101 2176 1170 2230 ob
1223 2175 1464 2228 lunarem
1514 2184 1713 2223 annum
1760 2165 1891 2218 :vel
1932 2178 2005 2229 ιν,

450 2272 521 2327 ο“›
594 2271 904 2336 bisextum;
962 2268 1154 2322 liorum
1213 2262 1525 2335 singillatim
1582 2260 1847 2313 labentem
1911 2256 2010 2309 de-

453 2357 583 2430 plin
616 2359 745 2412 alet
815 2371 1036 2411 annum.
1102 2355 1390 2423 Caeterum.
1435 2363 1692 2405 numerus
1746 2346 1849 2400 iste
1908 2343 2012 2399 552

453 2465 718 2505 annorum
767 2448 826 2502 ﬁt
877 2446 1059 2502 ductis
1112 2444 1167 2499 in
1232 2459 1291 2499 se
1349 2452 1537 2497 mutuo
1582 2440 1723 2492 luna:
1763 2452 1829 2491 ac
1879 2436 2013 2491 solis

454 2542 633 2596 annis.
674 2538 808 2594 Nam
839 2539 953 2594 sive
988 2553 1083 2591 XIX
1119 2536 1292 2590 annos
1328 2549 1424 2604 per
1461 2546 1629 2586 xxvm
1659 2527 2008 2597 multiplices,

453 2635 567 2690 sive
595 2634 694 2687 bos
733 2647 829 2701 per
864 2631 1008 2690 illos.
1040 2642 1343 2693 numerum
1373 2623 1622 2681 eumdem
1656 2621 1858 2677 efﬁcies
1888 2618 2009 2674 552.

456 2724 548 2779 Sic
571 2723 736 2793 igitur
759 2721 1028 2791 patefacta
1056 2720 1289 2779 ratione.
1311 2732 1415 2788 qua
1444 2717 1499 2771 in
1522 2714 1679 2769 annis
1696 2713 1763 2767 ab
1783 2711 2012 2772 Adamo,

453 2818 565 2887 qui
588 2824 715 2872 sunt
754 2816 947 2880 6,l55;
983 2821 1037 2869 et
1074 2814 1127 2866 in
1160 2811 1475 2867 duodecima
1506 2807 1751 2880 periodo,
1799 2805 1902 2860 hoc
1931 2814 2016 2861 est

456 2908 514 2961 in
562 2908 722 2961 annis
768 2906 887 2974 ejus
921 2905 1048 2967 281,
1085 2909 1392 2957 currentem
1435 2915 1635 2955 annum
1670 2898 1824 2962 solis,
1852 2899 2013 2958 lunae,

458 3013 524 3052 ac
597 2996 792 3050 bisexti
868 3008 1200 3065 cognoscere
1274 3006 1624 3062 possumus;
1698 2986 2018 3059 exponenda

459 3086 716 3155 deinceps
766 3084 1049 3139 methodus
1111 3091 1215 3147 est,
1274 3097 1371 3151 per
1417 3096 1603 3151 quam,
1658 3078 1806 3149 quod
1858 3084 2088 3165 caputc

461 3185 566 3240 est,
602 3174 855 3230 introitus
888 3174 1215 3244 jejuniorum
1250 3173 1391 3227 diem
1421 3186 1485 3227 ac
1511 3169 1926 3226 resurrectionis
1967 3168 2020 3221 in

459 3267 649 3325 eodem
684 3281 889 3321 canone
914 3265 1396 3335 deprehendemus.

465 3548 871 3604 Demonstratur
898 3563 1002 3617 qua
1032 3546 1235 3600 ratione
1267 3543 1474 3599 Pascha
1498 3543 1778 3617 quotannis
1809 3558 2025 3611 compu-

875 3615 980 3672 tari
1004 3632 1069 3672 ea:
1090 3616 1185 3671 illo
1206 3630 1403 3670 canone
1428 3615 1612 3684 possit.

539 3790 678 3847 XIX.
709 3789 811 3861 Ubi
846 3806 941 3862 per
970 3791 1142 3856 illam,
1177 3805 1339 3861 quam
1368 3805 1532 3861 supra
1565 3791 1801 3847 dilucide
1832 3805 2026 3860 propo-

466 3880 711 3944 suimus,
760 3881 1112 3951 computandi
1178 3880 1526 3945 methodum,
1571 3888 1680 3934 tam
1731 3880 2022 3936 instantem

467 3986 669 4026 annum
715 3971 859 4026 lunae
912 3970 1181 4040 repereris
1232 3970 1345 4041 (ut,
1375 3971 1605 4039 exempli
1640 3985 1807 4025 causa
1828 4010 1843 4032 ,
1875 3970 2026 4025 deci-

467 4076 614 4116 mum
674 4063 920 4132 quintum
977 4062 1132 4133 177
1192 4061 1436 4132 proxime
1479 4060 1764 4116 futurum:
1812 4062 1901 4115 hic
1946 4068 2030 4116 est

465 4154 633 4217 enim,
664 4154 717 4208 in
749 4168 859 4224 quo
897 4153 1136 4208 salutare
1165 4152 1373 4206 Pascha
1417 4161 1706 4223 peragetur
1747 4153 1813 4206 ab
1849 4153 1914 4225 iis
1937 4152 2028 4222 qui

465 4243 736 4315 spirituali
783 4244 890 4298 ritu
932 4243 1070 4300 festa
1114 4244 1434 4313 celebrant),
1470 4257 1633 4312 quam
1674 4243 1808 4297 solis
1839 4241 2029 4296 simili-

467 4348 550 4391 ter
582 4344 922 4405 sequentem.
955 4342 1148 4405 utputa
1187 4335 1442 4405 primum,
1476 4349 1636 4404 quem
1668 4334 1910 4404 proxime
1940 4349 2034 4388 su-

1428 313 1518 368 AD
1556 306 1824 366 EUSEBII
1861 291 2255 358 CHRONICON
2296 283 2656 343 APPENDIX.

2343 402 2599 465 τοσαῦτα,
2627 396 2805 456 καθὼς
2843 395 3000 464 ἔφην,
3026 387 3183 444 εἰσιν.
3216 384 3369 439 Οὕτω
3399 382 3457 436 δὲ
3485 380 3583 434 καὶ
3615 379 3675 433 τὸ

2102 499 2197 554 τοῦ
2230 472 2475 568 βισέξτου
2497 492 2583 546 διὰ
2607 488 2700 543 τοῦ
2745 489 2824 550 εἰς
2861 479 3109 555 τετράδα.
3146 476 3244 532 Διά
3280 474 3391 546 γὰρ
3421 472 3525 542 τῆς
3551 472 3676 568 dm-

2104 563 2309 656 λύσεως
2380 590 2485 644 τῶν
2530 586 2637 640 ἀπὸ
2699 581 2870 651 Ἀδὰμ
2910 576 3051 630 ἑτῶν
3098 571 3423 643 γινώσκεται
3470 563 3679 619 τούτων

2105 688 2332 741 ἕκαστον
2379 684 2552 735 έκεῖνο
2601 674 2785 744 σαφῶς
2833 670 3075 741 ὑπάρχον
3124 665 3187 719 τὸ
3239 661 3523 733 ἰσάριθμον
3569 656 3679 711 τῶν

2107 775 2559 846 ὑπολειπομένων
2601 769 2736 823 ὲτῶν
2757 784 2771 798 ·
2801 759 2932 828 οἷον,
2980 763 3029 815 εἰ
3070 761 3167 829 μὲν
3200 756 3258 810 ἓν
3301 753 3568 824 ἀπομένοι
3595 750 3679 846 διὰ

2106 870 2205 939 τῆς
2240 868 2319 930 εἰς
2364 841 2498 935 κη’,
2528 862 2563 933 ἢ
2605 859 2689 923 ιϐ’,
2734 858 2767 929 ἢ
2805 857 2885 918 εις
2926 851 3157 922 τετράδα
3203 846 3545 906 ἀναλύσεως·
3601 841 3680 894 ὅτι

2108 932 2322 1032 πρῶτόν
2353 932 2470 1010 ἐστι
2509 932 2571 1008 τδ
2612 949 2955 1017 ἐνιστάμενον
2995 942 3090 997 τοῦ
3129 938 3356 1012 ήλίου,ἢ
3389 936 3492 1005 τῆς
3528 932 3682 1004 σελήο

2107 1026 2295 1122 νης,’ἢ
2348 1048 2444 1103 τοῦ
2486 1043 2729 1117 βισέξτου
2760 1039 2913 1107 ⁴κατὰ
2974 1035 3131 1107 τήνδε
3195 1032 3293 1102 τὴν
3357 1026 3683 1122 ἐπινέμησιν

2108 1117 2223 1204 ἔτος
2246 1157 2258 1169 ⁸
2285 1117 2339 1192 εἰ
2371 1139 2428 1190 δὲ
2453 1136 2569 1199 δύο,
2597 1135 2679 1187 ὅτι
2706 1131 2957 1201 δεύτερον
2976 1142 2990 1156 ·
3019 1124 3160 1178 οὕτω
3177 1123 3236 1177 δὲ
3254 1122 3347 1174 καὶ
3373 1124 3444 1187 γ’,
3477 1117 3576 1169 ἐὰν
3599 1122 3646 1183 Υ
3664 1131 3678 1143 ·

2108 1231 2202 1285 καὶ¹
2234 1228 2468 1299 καθεξῆς
2498 1225 2657 1297 μέχρι
2683 1221 2789 1276 τῶν
2825 1217 2986 1289 κη’,ἢ
3014 1215 3098 1278 ιϐ’,
3126 1214 3161 1285 ἢ
3184 1211 3290 1265 τῶν
3317 1209 3357 1264 δ’
3383 1207 3550 1299 ὲτῷν.
3578 1206 3686 1259 Καὶ

2107 1320 2248 1375 οὓτω
2291 1320 2353 1373 τὸ
2400 1294 2704 1390 πρόσφορον
2759 1311 2854 1364 καὶ
2887 1305 3233 1375 ἐνιστάμενον
3293 1300 3411 1362 ἔτος
3452 1294 3685 1350 ἑκάστου

2109 1415 2311 1467 τούτων
2335 1407 2766 1479 διαγινώσκεται.

2110 1524 2243 1589 Πῶς
2279 1522 2479 1587 ἄλλως
2511 1519 2576 1573 τὸ
2608 1518 2743 1589 ἔτος
2760 1514 2874 1589 τοῦ
2892 1513 3108 1589 ﬁliai),
3241 1506 3367 1589 υτῆς
3393 1500 3686 1565 σελήνης.

2439 1576 2538 1645 καὶ
2591 1587 2695 1641 τοῦ
2718 1576 3024 1650 ’βισέξτου
3072 1576 3401 1649 ψηφίζεται.

2184 1705 2290 1757 IH'.
2308 1699 2535 1755 Ἕστιδὲ
2564 1696 2722 1750 πάλιν
2747 1691 2917 1746 ταῦτα
2940 1687 3196 1760 ψηφίζειν
3225 1685 3317 1738 καλ⁵
3345 1681 3468 1737 καθ’
3505 1680 3693 1751 ἕτερον

2043 1757 2086 1815 Β
2114 1796 2329 1866 τρόπον.
2349 1794 2412 1845 Εἰ
2432 1790 2538 1859 γάρ
2557 1804 2638 1851 τις
2670 1786 2739 1838 τὰ
2759 1781 2895 1837 αὐτὰ
2932 1757 3101 1851 ,ςρλγθ
3117 1777 3210 1847 ἐτη
3232 1774 3441 1866 μερίσει
3465 1773 3550 1834 εἰς
3576 1768 3691 1866 (ρλβ’

2113 1861 2228 1954 ἔτη,
2255 1883 2473 1954 εὑρήσει
2514 1883 2583 1931 ια’
2620 1875 2717 1947 μὲν
2740 1871 3019 1944 περιόδους
3041 1868 3147 1922 ἀπὸ
3180 1866 3295 1937 (ρλβ’
3321 1864 3456 1919 ὲτῶν
3486 1861 3686 1916 τετελεο

2117 1953 2334 2044 σμένας,
2360 1970 2456 2042 τὴν
2471 1969 2528 2022 δὲ
2542 1963 2960 2033 δυοκαιδεκάτην
2981 1961 3205 2030 ἔχουσαν
3226 1958 3320 2027 ἔτη
3346 1962 3494 2009 σπα’.
3510 1953 3691 2009 Ταῦτα

2115 2061 2295 2117 οὖντά
2318 2069 2446 2116 σπα⁹
2488 2059 2626 2113 κατὰ
2652 2057 2742 2109 τὸν
2785 2055 2968 2124 ὅμοιον
3012 2052 3210 2123 τρόπον
3234 2051 3316 2111 εἰς
3351 2054 3437 2117 κη’
3476 2045 3568 2100 διὰ
3605 2045 3693 2098 τὸν

2115 2152 2285 2223 ἥλιον,
2321 2150 2354 2221 ἦ
2381 2151 2459 2211 εἰς
2495 2146 2558 2200 ιϐ’
2589 2145 2676 2198 διὰ
2704 2142 2799 2214 τὴν
2825 2141 3076 2212 σελήνην,
3107 2140 3186 2202 εἰς
3218 2137 3456 2208 τέσσαρα
3484 2133 3574 2188 διὰ
3607 2134 3695 2186 τὸν

2119 2243 2353 2313 βίσεξτον
2386 2239 2732 2311 μεριζόμενα,
2761 2234 2962 2288 τούτων
3000 2233 3226 2285 ἑκάστου
3251 2229 3313 2281 τὸ
3347 2227 3695 2297 ἐνιστάμενον

2118 2336 2234 2399 ἔτος
2264 2336 2405 2388 ποιεῖ
2441 2332 2660 2393 πάντως
2684 2325 3065 2397 γινώσκεσθαι.
3096 2322 3176 2376 Τὰ
3204 2323 3262 2376 δὲ
3291 2320 3407 2391 (ρλβ’
3429 2319 3527 2390 ἐτη
3555 2318 3696 2372 κατὰ

2120 2424 2435 2497 συμπλοκὴν
2481 2423 2718 2492 γίνονται
2746 2417 2853 2476 τῶν
2898 2433 2958 2470 τε
2980 2417 3077 2485 τῆς
3115 2414 3341 2484 σελήνης
3378 2411 3520 2465 ὲτῶν
3562 2409 3697 2481 πρὸς

2118 2518 2186 2571 τά
2212 2518 2304 2571 τοῦ
2341 2517 2514 2587 ἡλίου,
2548 2510 2768 2566 καὶτῶν
2815 2509 3005 2562 τούτου
3032 2506 3164 2578 πρὸς
3201 2505 3271 2558 τὰ
3301 2502 3537 2571 ἐκείνης.
3576 2500 3697 2554 Εἴτε

2119 2608 2227 2679 γὰρ
2276 2607 2345 2660 τὰ
2382 2607 2446 2661 ιϐ’
2482 2608 2594 2669 τοῖς
2625 2609 2711 2673 κη’
2752 2599 3094 2659 συντεθῶσιν,
3124 2597 3233 2650 εἴτε
3278 2594 3348 2648 τά
3382 2601 3468 2667 κη’
3501 2596 3614 2657 τοῖς
3633 2577 3695 2645 ιϐ’

2123 2697 2500 2769 συμπλακῶσι,
2532 2694 2620 2747 τὸν
2649 2692 2879 2764 ἀριθμὸν
2912 2689 3019 2744 τῶν
3053 2687 3171 2758 φλβ¹
3209 2684 3343 2738 ἑτῶν
3394 2681 3696 2754 ἐκπληροῦο

2125 2806 2227 2844 σιν.
2277 2788 2458 2851 Οὕτως
2513 2782 2605 2839 οὖν
2639 2782 2937 2852 δειχθέντος
2983 2779 3072 2833 διά
3115 2796 3174 2832 τε
3220 2777 3329 2829 τῶν
3380 2774 3490 2828 ἀπὸ
3530 2773 3698 2844 Ἀδὰμ

2123 2880 2281 2941 ἑτῶν,
2305 2880 2469 2949 ήγουν
2495 2877 2601 2929 τῶν
2634 2873 2806 2944 ,ς’ρλγ’
2837 2872 2924 2925 διά
2942 2888 3000 2924 τε
3029 2870 3129 2939 τῆς
3160 2866 3461 2935 ἐνεστώσης
3479 2866 3697 2917 δυοκαι-

2123 2970 2353 3040 δεκάτης
2404 2967 2675 3039 περιόδου,
2709 2964 2956 3018 τουτέστι
3001 2962 3111 3016 τῶν
3166 2967 3310 3024 σπα’,
3362 2958 3455 3011 τοῦ
3493 2956 3696 3030 τρόπου

2125 3059 2245 3114 καθ’
2274 3060 2334 3113 ὃν
2363 3061 2422 3112 τὸ
2446 3058 2794 3127 ἐνιστάμενον
2815 3055 2907 3109 τοῦ
2935 3072 2996 3108 τε
3027 3053 3180 3123 ἡλίου
3208 3052 3300 3105 καὶ
3323 3050 3422 3118 τῆς
3445 3048 3696 3118 σελήνης,

2123 3151 2215 3203 καὶ
2246 3150 2340 3203 τοῦ
2383 3149 2624 3220 βισέξτου
2647 3147 2767 3210 ἔτος
2808 3144 3166 3214 γινώσκεταιο
3202 3142 3470 3214 προσήκει
3517 3138 3699 3191 λοιπὸν

2122 3241 2392 3305 ὑποδεῖξαι
2423 3239 2519 3309 τὴν
2552 3239 2788 3309 μέθοδον.
2811 3238 2866 3304 ἐξ
2890 3233 2958 3308 ἦς
2991 3235 3087 3306 τὴν
3119 3233 3461 3306 κυριωτάτην
3489 3230 3699 3300 ἡμέραν

2121 3333 2219 3401 τῆς
2244 3332 2653 3402 παρεισδάσεως
2691 3331 2784 3384 καὶ
2820 3330 2918 3400 τῆς
2942 3325 3289 3387 ἀναστάσεως
3328 3326 3395 3376 ὲκ
3421 3322 3581 3376 τοῦδε
3609 3320 3700 3374 τοῦ

2124 3423 2370 3476 κανονίου
2397 3421 2675 3492 συντόμως
2706 3418 3028 3474 καταλαϐεῖν
3062 3418 3130 3472 ⁷⁸.

2136 3534 2469 3601 Ἀπόδειξις
2511 3534 2619 3587 τοῦ
2666 3535 2910 3600 τρόπου,
2965 3531 3093 3583 καθ’
3127 3530 3198 3601 δν
3245 3527 3454 3601 τις-,τό
3490 3524 3703 3601 Πάσχα

2195 3608 2325 3659 καθ’
2355 3596 2614 3659 ἑκάστοτ’
2655 3596 2787 3659 ἔτος
2828 3601 3103 3671 ψηφίζειν
3142 3600 3210 3654 ἐκ
3255 3596 3428 3651 τοῦδε
3466 3596 3575 3650 τοῦ
3605 3611 3703 3648 κα-

2192 3675 2397 3728 νονὶου
2425 3673 2770 3742 δυνήσεται.

2196 3785 2299 3840 ΙΘ’.
2342 3782 2742 3855 Εὑρισκομένου
2790 3782 2967 3836 τοίνυν
3007 3780 3097 3834 διὰ
3128 3779 3227 3849 τῇς
3265 3778 3532 3851 εὐκρινῶς
3567 3779 3704 3830 ἀνω-

2129 3877 2273 3949 τέρω
2315 3875 2571 3947 ρηθείσης
2605 3873 2786 3945 ψήφου
2824 3872 2918 3925 τοῦ
2952 3889 3011 3925 τε
3040 3870 3333 3933 ἐνεστῶτος
3356 3870 3456 3941 τῆς
3480 3857 3705 3942 σελήνης

2128 3968 2279 4031 ἔτους
2325 3966 2481 4038 (φέρε
2526 3967 2700 4018 εἰπεῖν
2738 3964 2813 4027 ὡς
2853 3963 2947 4016 επὶ
2989 3961 3084 4023 τοῦ
3137 3961 3362 4014 εἰσιέναι
3423 3960 3706 4031 μέλλοντος

2130 4058 2608 4113 πεντεκαιδεκάτου
2630 4072 2642 4085 ·
2666 4054 2821 4109 τοῦτο
2842 4055 2949 4124 γὰρ
2989 4055 3221 4127 ὑπάρχει
3252 4053 3312 4106 τὸ
3351 4054 3410 4106 ὲν
3441 4045 3488 4119 ᾧ
3530 4050 3705 4122 μέλλει

2130 4151 2192 4203 τὸ
2223 4150 2487 4220 σωτήριον
2514 4148 2705 4218 Πάσχα
2729 4146 2999 4201 τελεῖσθαι
3019 4148 3132 4209 τοῖς
3167 4143 3557 4215 πνευματικῶς
3583 4144 3704 4214 ἐορ-

2130 4241 2438 4311 τάζουσιν)·
2467 4234 2585 4293 εἶτα
2633 4238 2794 4293 πάλιν
2853 4238 2946 4291 καὶ
3002 4234 3094 4290 τοῦ
3147 4235 3370 4289 εἰσιέναι
3423 4233 3705 4306 μέλλοντος

2132 4335 2283 4398 ἔτους
2332 4335 2429 4405 τῆς
2481 4332 2707 4402 σελήνης
2744 4331 2791 4362 τ’
2836 4329 3258 4399 γινωσκομένου,
3309 4326 3559 4380 τουτέστι
3613 4324 3701 4380 τοῦ

466 4443 594 4483 mus
633 4427 931 4499 ingressuri
980 4444 995 4481 :
1037 4443 1219 4496 quaere
1264 4426 1319 4480 in
1368 4426 1558 4481 dextro
1604 4427 1830 4481 canonis
1865 4425 2019 4481 latere

2135 4424 2349 4499 πρώτου
2371 4443 2383 4453 ’
2412 4424 2569 4478 τοῦτο
2609 4422 2717 4492 γάρ
2764 4421 2879 4473 ἐστι
2926 4418 2987 4473 τὸ
3019 4420 3397 4492 εἰσερχόμενον
3417 4435 3431 4449 θ
3462 4417 3548 4471 δεῖ
3569 4417 3704 4472 κατᾶ

466 4532 685 4573 versum
726 4518 779 4571 in
820 4531 929 4587 quo
961 4517 1101 4571 idem
1153 4514 1241 4571 ille
1291 4533 1468 4571 annus
1512 4517 1759 4571 decimus
1807 4516 2019 4585 quintus

2136 4516 2287 4581 τάξιν
2313 4515 2515 4569 ἐπιδεῖν
2544 4516 2600 4568 ὲν
2629 4514 2707 4585 τῷ
2737 4512 2893 4583 δεξιῷ
2923 4512 3079 4582 μέρει
3110 4510 3205 4564 τοῦ
3248 4510 3495 4565 κανονίου
3522 4510 3585 4563 τὸ
3619 4525 3703 4563 σε·

470 4608 746 4677 aseriptus
806 4615 892 4663 est
939 4626 954 4661 :
999 4622 1063 4661 ac
1107 4608 1150 4661 si
1196 4607 1337 4661 diem
1387 4608 1565 4676 ipsum
1615 4607 2019 4663 resurrectionis

2139 4612 2324 4671 λίδιον,
2348 4614 2405 4664 ὲν
2505 4610 2951 4679 καταγέγραπται
2974 4605 3033 4660 τὸ
3068 4603 3200 4659 αὐτὸ
3224 4600 3702 4657 πεντεκαιδέκατον

466 4711 635 4753 nosse
665 4695 849 4758 libeat,
882 4695 1209 4765 quaerendus
1248 4706 1331 4750 est
1371 4694 1650 4750 Romanus
1686 4696 1908 4759 mensis,
1940 4700 2019 4766 qui

2136 4704 2272 4767 ἔτος.
2304 4704 2411 4757 Καὶ
2436 4704 2484 4756 εἰ
2520 4703 2618 4773 μὲν
2656 4701 2824 4771 αὐτὴν
2846 4698 2943 4770 τὴν
2966 4695 3330 4765 ἀναστάσιμον
3353 4692 3549 4763 ἑορτὴν
3577 4689 3703 4743 εἰδέ-

468 4805 535 4844 ex
565 4790 798 4843 adverso
835 4788 1030 4843 decimi
1062 4788 1236 4856 quinti
1277 4787 1402 4842 anni
1443 4788 1652 4843 lunaris
1689 4790 1743 4843 in
1787 4790 2019 4859 proximc

2134 4815 2221 4851 ναι
2249 4796 2496 4866 θέλομεν,
2529 4793 2621 4847 τὸν
2646 4796 2763 4847 κατ’
2805 4792 2933 4845 εὐθὺ
2965 4788 3058 4843 τοῦ
3097 4784 3583 4840 πεντεκαιδεκάτου
3613 4782 3701 4850 τῆς

470 4891 603 4947 rota:
632 4894 842 4934 canone
870 4881 1011 4934 situs
1030 4888 1115 4935 est
1148 4897 1160 4932 :
1189 4894 1346 4948 quem
1374 4879 1610 4948 Aprilem
1638 4894 1759 4935 esse
1778 4881 2030 4949 reperies.

471 4970 597 5028 Mox
661 4972 727 5025 ad
801 4970 1050 5025 eumdem
1119 4969 1483 5024 adhaerentem
1546 4969 1735 5036 diem,
1785 4972 2037 5026 videlicet

471 5065 746 5120 Kalendas
797 5063 1038 5134 colliges,
1091 5063 1351 5132 quoniam
1396 5060 1612 5132 quidem
1658 5064 1714 5117 in
1768 5062 2037 5133 Kalendas

474 5158 686 5229 Apriles
723 5158 854 5211 luna
893 5171 986 5210 xiv
1024 5154 1233 5210 Judaici
1273 5152 1439 5209 Nisan
1476 5154 1676 5209 incidet
1724 5171 1866 5210 anno
1896 5157 2037 5211 lunae

474 5267 562 5303 xv.
596 5250 677 5305 Ad
722 5249 866 5302 hunc
913 5249 1145 5321 primum
1182 5245 1383 5316 Aprilis
1424 5246 1564 5299 diem
1606 5245 1864 5302 addenda:
1912 5258 2040 5303 sunt

473 5344 675 5406 epnctaa
712 5337 958 5407 proxime
987 5336 1267 5406 sequentis
1304 5335 1432 5389 anni
1477 5336 1630 5398 solis,
1659 5352 1818 5406 quem
1854 5340 2036 5407 proxi-

477 5440 621 5479 mum
663 5441 787 5482 esse
839 5425 1079 5479 diximus
1126 5443 1141 5479 :
1186 5440 1262 5479 eae
1288 5434 1416 5482 sunt
1448 5441 1545 5489 vn,
1579 5424 1644 5479 ad
1674 5427 1909 5495 primum
1947 5443 2040 5483 an-

478 5529 605 5566 num
635 5517 765 5569 solis
803 5517 1088 5570 adnotatze.
1121 5513 1199 5569 Ita
1244 5516 1434 5571 divisis
1461 5531 1559 5570 vui
1594 5532 1689 5586 per
1725 5534 1825 5580 vn,
1867 5519 2037 5599 vlin-

550 5671 597 5707 ⁷⁸
630 5669 781 5723 Deesl
810 5670 1169 5741 δυντσόμεϐα.
1248 5672 1292 5704 ⁷⁸
1326 5669 1448 5725 ΓΜ,
1479 5669 1650 5740 ἡλίου.

2141 4887 2369 4958 σελήνης
2400 4888 2650 4957 κείμενον
2697 4885 2851 4947 ἔτους
2908 4880 3214 4953 Ῥωμαϊκὸν
3251 4877 3395 4949 μῆνα
3439 4874 3703 4947 ζητοῦμεν

2140 4983 2198 5032 ὲν
2241 4980 2319 5050 τῷ
2359 4978 2707 5050 πλησιάζοντι
2754 4976 2832 5047 τῷ
2867 4973 3045 5046 τροχῷ
3067 4969 3297 5040 κανονέῳ
3321 4986 3335 4999 ·
3387 4968 3483 5021 καὶ
3525 4967 3702 5021 τοῦτον

2140 5060 2479 5140 εὑρίσκοντες
2514 5065 2784 5136 Ἀπρίλιον
2809 5065 2956 5127 ὄντα,
2986 5062 3083 5132 τὴν
3124 5057 3533 5131 παρακειμένην
3565 5054 3704 5126 αὐτῷ

2143 5158 2421 5219 ποσταίαν,
2442 5158 2607 5227 ἤγουν
2637 5156 2735 5226 τὴν
2754 5154 2975 5226 πρώτην
2998 5150 3306 5222 κρατοῦμεν
3325 5166 3339 5180 ·
3364 5148 3555 5218 ἐπειδὴ
3573 5146 3704 5202 κατὰ

2141 5248 2344 5317 ταύτην
2361 5247 2458 5317 τὴν
2488 5245 2708 5317 πρώτην
2734 5244 2828 5298 τοῦ
2868 5242 3141 5313 Ἀπριλίου
3167 5241 3333 5312 μηνὸς
3356 5242 3390 5309 ἡ
3412 5240 3476 5293 δι’
3501 5238 3701 5307 γίνεται

2139 5340 2232 5393 τοῦ
2263 5340 2513 5409 φέγγους,
2549 5339 2712 5410 ἤγουν
2745 5335 2839 5389 τοῦ
2872 5334 3084 5407 πρώτου
3120 5332 3239 5385 καθ’
3282 5331 3569 5400 Ἐϐραίους
3609 5344 3700 5397 μη⁴

2142 5431 2251 5497 νὸς,
2293 5430 2435 5497 λέγω
2471 5430 2535 5501 δὴ
2580 5429 2673 5483 τοῦ
2716 5427 2909 5481 Νισάν.
2944 5426 3099 5479 Κατὰ
3127 5424 3188 5477 τὸ
3228 5423 3359 5476 αὐτὸ
3392 5430 3455 5474 ει⁸
3481 5422 3599 5485 ἔτος
3624 5419 3699 5472 ἀεὶ

2144 5522 2241 5592 τῆς
2290 5521 2517 5594 σελήνης
2552 5521 2645 5574 καὶ
2693 5518 3031 5590 ἐμϐάλλομεν
3066 5519 3201 5587 αὐτῇ
3254 5517 3317 5584 τῇ
3378 5513 3566 5583 πρώτῃ
3618 5509 3699 5563 τοό
