  <div class='ocr_page' id='page_1' title='image "/cluster/home/n/w/nwhite01/storage/ocr_20150623/19/mdp.39015061293422/626.png"; bbox 0 0 3950 6266; ppageno 0'>
   <div class='ocr_carea' id='block_1_1' title="bbox 337 197 478 255">
    <p class='ocr_par' dir='ltr' id='par_1_1' title="bbox 337 197 478 255">
     <span class='ocr_line' id='line_1_1' title="bbox 337 197 478 255; baseline 0 -1"><span class='ocrx_word' id='word_1_1' title='bbox 337 197 478 255; x_wconf 71' lang='grc' dir='ltr'>ηδτ</span> 
     </span>
    </p>
   </div>
   <div class='ocr_carea' id='block_1_2' title="bbox 1143 203 2779 265">
    <p class='ocr_par' dir='ltr' id='par_1_2' title="bbox 1143 203 2779 265">
     <span class='ocr_line' id='line_1_2' title="bbox 1143 203 2779 265; baseline 0.002 -6"><span class='ocrx_word' id='word_1_2' title='bbox 1143 203 1201 262; x_wconf 90' lang='lat' dir='ltr'><strong>S.</strong></span> <span class='ocrx_word' id='word_1_3' title='bbox 1239 204 1488 261; x_wconf 72' lang='lat' dir='ltr'>MAXIM!</span> <span class='ocrx_word' id='word_1_4' title='bbox 1528 204 1892 264; x_wconf 77' lang='lat' dir='ltr'>MARTYRIS</span> <span class='ocrx_word' id='word_1_5' title='bbox 1924 205 2304 264; x_wconf 70' lang='lat' dir='ltr'>COMPUT‘US</span> <span class='ocrx_word' id='word_1_6' title='bbox 2342 206 2779 265; x_wconf 74' lang='lat' dir='ltr'>ECCLESIAST.</span> 
     </span>
    </p>
   </div>
   <div class='ocr_carea' id='block_1_3' title="bbox 3431 200 3617 264">
    <p class='ocr_par' dir='ltr' id='par_1_3' title="bbox 3431 200 3617 264">
     <span class='ocr_line' id='line_1_3' title="bbox 3431 200 3617 264; baseline 0.022 -4"><span class='ocrx_word' id='word_1_7' title='bbox 3431 200 3567 264; x_wconf 62' lang='grc'>1958</span> <span class='ocrx_word' id='word_1_8' title='bbox 3614 220 3617 223; x_wconf 75' lang='grc'><em>’</em></span> 
     </span>
    </p>
   </div>
   <div class='ocr_carea' id='block_1_4' title="bbox 349 302 1921 398">
    <p class='ocr_par' dir='ltr' id='par_1_4' title="bbox 349 314 1909 395">
     <span class='ocr_line' id='line_1_4' title="bbox 349 314 1909 395; baseline 0.006 -27"><span class='ocrx_word' id='word_1_9' title='bbox 349 314 628 388; x_wconf 79' lang='grc' dir='ltr'>’Δπριλίου</span> <span class='ocrx_word' id='word_1_10' title='bbox 649 316 1001 381; x_wconf 72' lang='grc' dir='ltr'>τὰςὲπακτὰς</span> <span class='ocrx_word' id='word_1_11' title='bbox 1020 317 1113 372; x_wconf 83' lang='grc' dir='ltr'>τοῦ</span> <span class='ocrx_word' id='word_1_12' title='bbox 1134 319 1358 375; x_wconf 82' lang='grc' dir='ltr'>εἰσιέναι</span> <span class='ocrx_word' id='word_1_13' title='bbox 1372 320 1654 393; x_wconf 86' lang='grc' dir='ltr'>μέλλοντος</span> <span class='ocrx_word' id='word_1_14' title='bbox 1682 323 1909 395; x_wconf 83' lang='grc' dir='ltr'>ἡλιακοῦ</span> 
     </span>
    </p>
   </div>
   <div class='ocr_carea' id='block_1_5' title="bbox 2005 302 3577 398">
    <p class='ocr_par' dir='ltr' id='par_1_5' title="bbox 2013 302 3577 397">
     <span class='ocr_line' id='line_1_5' title="bbox 2013 302 3577 397; baseline -0.002 -17"><span class='ocrx_word' id='word_1_15' title='bbox 2013 326 2203 396; x_wconf 80' lang='lat' dir='ltr'><strong>quitur</strong></span> <span class='ocrx_word' id='word_1_16' title='bbox 2237 341 2280 391; x_wconf 72' lang='grc' dir='ltr'>ιι,</span> <span class='ocrx_word' id='word_1_17' title='bbox 2309 340 2375 380; x_wconf 73' lang='lat' dir='ltr'><strong>ex</strong></span> <span class='ocrx_word' id='word_1_18' title='bbox 2410 339 2520 393; x_wconf 86' lang='lat' dir='ltr'>qua</span> <span class='ocrx_word' id='word_1_19' title='bbox 2546 302 2754 380; x_wconf 69' lang='lat' dir='ltr'><strong>feriam</strong></span> <span class='ocrx_word' id='word_1_20' title='bbox 2786 326 3181 397; x_wconf 74' lang='lat' dir='ltr'>cognoscimus</span> <span class='ocrx_word' id='word_1_21' title='bbox 3211 321 3577 378; x_wconf 75' lang='lat' dir='ltr'>Kalendarum</span> 
     </span>
    </p>
   </div>
   <div class='ocr_carea' id='block_1_6' title="bbox 335 405 1906 484">
    <p class='ocr_par' dir='ltr' id='par_1_6' title="bbox 335 405 1906 484">
     <span class='ocr_line' id='line_1_6' title="bbox 335 405 1906 484; baseline 0.008 -26"><span class='ocrx_word' id='word_1_22' title='bbox 335 405 512 471; x_wconf 73' lang='grc' dir='ltr'>ἔτους,</span> <span class='ocrx_word' id='word_1_23' title='bbox 543 405 708 477; x_wconf 77' lang='grc' dir='ltr'>ήγουν</span> <span class='ocrx_word' id='word_1_24' title='bbox 744 407 836 462; x_wconf 84' lang='grc' dir='ltr'>τοῦ</span> <span class='ocrx_word' id='word_1_25' title='bbox 875 407 1111 482; x_wconf 81' lang='grc' dir='ltr'>πρώτου,</span> <span class='ocrx_word' id='word_1_26' title='bbox 1140 410 1232 465; x_wconf 88' lang='grc' dir='ltr'>τὸν</span> <span class='ocrx_word' id='word_1_27' title='bbox 1264 411 1491 484; x_wconf 79' lang='grc' dir='ltr'>ἀριθμὸν</span> <span class='ocrx_word' id='word_1_28' title='bbox 1518 413 1681 479; x_wconf 74' lang='grc' dir='ltr'>οὔσας</span> <span class='ocrx_word' id='word_1_29' title='bbox 1709 415 1773 480; x_wconf 81' lang='grc' dir='ltr'>ζ’,</span> <span class='ocrx_word' id='word_1_30' title='bbox 1813 417 1906 470; x_wconf 77' lang='grc' dir='ltr'>καὶ</span> 
     </span>
    </p>
   </div>
   <div class='ocr_carea' id='block_1_7' title="bbox 334 496 1903 578">
    <p class='ocr_par' dir='ltr' id='par_1_7' title="bbox 334 496 1903 578">
     <span class='ocr_line' id='line_1_7' title="bbox 334 496 1903 578; baseline 0.006 -27"><span class='ocrx_word' id='word_1_31' title='bbox 334 500 394 551; x_wconf 80' lang='grc' dir='ltr'>ὲν</span> <span class='ocrx_word' id='word_1_32' title='bbox 418 496 571 569; x_wconf 89' lang='grc' dir='ltr'>αύτῷ</span> <span class='ocrx_word' id='word_1_33' title='bbox 594 497 671 569; x_wconf 88' lang='grc' dir='ltr'>τῷ</span> <span class='ocrx_word' id='word_1_34' title='bbox 700 498 901 570; x_wconf 84' lang='grc' dir='ltr'>πρώτῳ</span> <span class='ocrx_word' id='word_1_35' title='bbox 929 500 1038 554; x_wconf 77' lang='grc' dir='ltr'>ἔτει</span> <span class='ocrx_word' id='word_1_36' title='bbox 1062 500 1156 555; x_wconf 76' lang='grc' dir='ltr'>τοῦ</span> <span class='ocrx_word' id='word_1_37' title='bbox 1181 501 1331 573; x_wconf 83' lang='grc' dir='ltr'>ἡλίου</span> <span class='ocrx_word' id='word_1_38' title='bbox 1354 506 1903 578; x_wconf 85' lang='grc' dir='ltr'>καταγεγραμμένας.</span> 
     </span>
    </p>
   </div>
   <div class='ocr_carea' id='block_1_8' title="bbox 334 584 1905 667">
    <p class='ocr_par' dir='ltr' id='par_1_8' title="bbox 334 584 1905 667">
     <span class='ocr_line' id='line_1_8' title="bbox 334 584 1905 667; baseline 0.004 -22"><span class='ocrx_word' id='word_1_39' title='bbox 334 587 521 653; x_wconf 76' lang='grc' dir='ltr'>οὕτως</span> <span class='ocrx_word' id='word_1_40' title='bbox 560 584 655 643; x_wconf 81' lang='grc' dir='ltr'>οὖν</span> <span class='ocrx_word' id='word_1_41' title='bbox 680 589 778 654; x_wconf 83' lang='grc' dir='ltr'>τὰς</span> <span class='ocrx_word' id='word_1_42' title='bbox 809 596 860 661; x_wconf 83' lang='grc' dir='ltr'>η’</span> <span class='ocrx_word' id='word_1_43' title='bbox 888 590 1182 663; x_wconf 77' lang='grc' dir='ltr'>μερίζομεν</span> <span class='ocrx_word' id='word_1_44' title='bbox 1217 595 1296 657; x_wconf 92' lang='grc' dir='ltr'>εἰς</span> <span class='ocrx_word' id='word_1_45' title='bbox 1329 592 1373 659; x_wconf 77' lang='grc' dir='ltr'>ζ’</span> <span class='ocrx_word' id='word_1_46' title='bbox 1392 612 1408 627; x_wconf 77' lang='grc' dir='ltr'>ο</span> <span class='ocrx_word' id='word_1_47' title='bbox 1439 596 1531 650; x_wconf 84' lang='grc' dir='ltr'>καί</span> <span class='ocrx_word' id='word_1_48' title='bbox 1555 598 1620 650; x_wconf 84' lang='grc' dir='ltr'>ἐκ</span> <span class='ocrx_word' id='word_1_49' title='bbox 1643 596 1745 667; x_wconf 84' lang='grc' dir='ltr'>τῆς</span> <span class='ocrx_word' id='word_1_50' title='bbox 1772 598 1905 651; x_wconf 80' lang='grc' dir='ltr'>ὕπο-</span> 
     </span>
    </p>
   </div>
   <div class='ocr_carea' id='block_1_9' title="bbox 336 679 1908 759">
    <p class='ocr_par' dir='ltr' id='par_1_9' title="bbox 336 679 1908 759">
     <span class='ocr_line' id='line_1_9' title="bbox 336 679 1908 759; baseline 0.006 -27"><span class='ocrx_word' id='word_1_51' title='bbox 336 679 743 752; x_wconf 78' lang='grc' dir='ltr'>λιμπανομένης</span> <span class='ocrx_word' id='word_1_52' title='bbox 791 683 919 752; x_wconf 82' lang='grc' dir='ltr'>μιᾶς</span> <span class='ocrx_word' id='word_1_53' title='bbox 941 682 1154 754; x_wconf 81' lang='grc' dir='ltr'>ἡμέρας</span> <span class='ocrx_word' id='word_1_54' title='bbox 1189 683 1525 757; x_wconf 84' lang='grc' dir='ltr'>γινώσκομεν</span> <span class='ocrx_word' id='word_1_55' title='bbox 1550 687 1648 759; x_wconf 81' lang='grc' dir='ltr'>τὴν</span> <span class='ocrx_word' id='word_1_56' title='bbox 1681 686 1908 758; x_wconf 79' lang='grc' dir='ltr'>ἑϐδομα-</span> 
     </span>
    </p>
   </div>
   <div class='ocr_carea' id='block_1_10' title="bbox 337 769 1939 851">
    <p class='ocr_par' dir='ltr' id='par_1_10' title="bbox 337 769 1939 851">
     <span class='ocr_line' id='line_1_10' title="bbox 337 769 1939 851; baseline 0.006 -29"><span class='ocrx_word' id='word_1_57' title='bbox 337 769 509 842; x_wconf 81' lang='grc' dir='ltr'>ῖικήν,</span> <span class='ocrx_word' id='word_1_58' title='bbox 541 770 618 835; x_wconf 81' lang='grc' dir='ltr'>ὡς</span> <span class='ocrx_word' id='word_1_59' title='bbox 636 773 827 844; x_wconf 85' lang='grc' dir='ltr'>πρώτη</span> <span class='ocrx_word' id='word_1_60' title='bbox 859 773 1197 846; x_wconf 83' lang='grc' dir='ltr'>καθέστηκεν</span> <span class='ocrx_word' id='word_1_61' title='bbox 1220 778 1254 848; x_wconf 86' lang='grc' dir='ltr'>ή</span> <span class='ocrx_word' id='word_1_62' title='bbox 1277 777 1468 849; x_wconf 83' lang='grc' dir='ltr'>πρώτη</span> <span class='ocrx_word' id='word_1_63' title='bbox 1501 777 1595 831; x_wconf 75' lang='grc' dir='ltr'>τοῦ</span> <span class='ocrx_word' id='word_1_64' title='bbox 1635 778 1939 851; x_wconf 77' lang='grc' dir='ltr'>Ἀπριλίου·</span> 
     </span>
    </p>
   </div>
   <div class='ocr_carea' id='block_1_11' title="bbox 314 860 1911 949">
    <p class='ocr_par' dir='ltr' id='par_1_11' title="bbox 314 860 1911 949">
     <span class='ocr_line' id='line_1_11' title="bbox 314 860 1911 949; baseline -0.004 -19"><span class='ocrx_word' id='word_1_65' title='bbox 314 860 524 949; x_wconf 59' lang='grc' dir='ltr'>μηνὸς,</span> <span class='ocrx_word' id='word_1_66' title='bbox 553 861 829 917; x_wconf 83' lang='grc' dir='ltr'>τουτέστιν</span> <span class='ocrx_word' id='word_1_67' title='bbox 860 864 990 932; x_wconf 83' lang='grc' dir='ltr'>ἁγία</span> <span class='ocrx_word' id='word_1_68' title='bbox 1025 866 1275 939; x_wconf 86' lang='grc' dir='ltr'>Κυριακή</span> <span class='ocrx_word' id='word_1_69' title='bbox 1297 884 1310 897; x_wconf 91' lang='grc'><strong>·</strong></span> <span class='ocrx_word' id='word_1_70' title='bbox 1346 869 1440 921; x_wconf 76' lang='grc' dir='ltr'>καὶ</span> <span class='ocrx_word' id='word_1_71' title='bbox 1465 870 1529 921; x_wconf 80' lang='grc' dir='ltr'>ὲκ</span> <span class='ocrx_word' id='word_1_72' title='bbox 1568 868 1772 941; x_wconf 84' lang='grc' dir='ltr'>ταύτης</span> <span class='ocrx_word' id='word_1_73' title='bbox 1800 869 1911 924; x_wconf 86' lang='grc' dir='ltr'>λοι-</span> 
     </span>
    </p>
   </div>
   <div class='ocr_carea' id='block_1_12' title="bbox 306 952 1911 1061">
    <p class='ocr_par' dir='ltr' id='par_1_12' title="bbox 306 952 1911 1061">
     <span class='ocr_line' id='line_1_12' title="bbox 306 952 1911 1061; baseline 0.007 -56"><span class='ocrx_word' id='word_1_74' title='bbox 306 952 433 1061; x_wconf 58' lang='grc' dir='ltr'>ιρεδν</span> <span class='ocrx_word' id='word_1_75' title='bbox 461 955 542 1059; x_wconf 58' lang='grc' dir='ltr'>είς</span> <span class='ocrx_word' id='word_1_76' title='bbox 586 954 687 1061; x_wconf 54' lang='grc' dir='ltr'>τήν</span> <span class='ocrx_word' id='word_1_77' title='bbox 721 955 980 1011; x_wconf 74' lang='grc' dir='ltr'>ἐπιοῦσαν</span> <span class='ocrx_word' id='word_1_78' title='bbox 1007 958 1170 1027; x_wconf 80' lang='grc' dir='ltr'>ἁγίαν</span> <span class='ocrx_word' id='word_1_79' title='bbox 1207 959 1607 1032; x_wconf 85' lang='grc' dir='ltr'>ύπερτιθέμεθα</span> <span class='ocrx_word' id='word_1_80' title='bbox 1631 961 1911 1034; x_wconf 82' lang='grc' dir='ltr'>Κυριακὴν</span> 
     </span>
    </p>
   </div>
   <div class='ocr_carea' id='block_1_13' title="bbox 331 1045 1949 1123">
    <p class='ocr_par' dir='ltr' id='par_1_13' title="bbox 331 1045 1949 1123">
     <span class='ocr_line' id='line_1_13' title="bbox 331 1045 1949 1123; baseline 0.006 -25"><span class='ocrx_word' id='word_1_81' title='bbox 331 1045 432 1116; x_wconf 83' lang='grc' dir='ltr'>τήν</span> <span class='ocrx_word' id='word_1_82' title='bbox 462 1046 562 1118; x_wconf 82' lang='grc' dir='ltr'>τῆς</span> <span class='ocrx_word' id='word_1_83' title='bbox 607 1047 959 1112; x_wconf 81' lang='grc' dir='ltr'>ἀναστάσεως</span> <span class='ocrx_word' id='word_1_84' title='bbox 994 1050 1188 1121; x_wconf 82' lang='grc' dir='ltr'>ἑορτήν</span> <span class='ocrx_word' id='word_1_85' title='bbox 1212 1067 1226 1083; x_wconf 88' lang='grc'><strong>·</strong></span> <span class='ocrx_word' id='word_1_86' title='bbox 1259 1051 1381 1122; x_wconf 78' lang='grc' dir='ltr'>ἥτις</span> <span class='ocrx_word' id='word_1_87' title='bbox 1413 1057 1462 1123; x_wconf 86' lang='grc' dir='ltr'>η’</span> <span class='ocrx_word' id='word_1_88' title='bbox 1494 1050 1588 1104; x_wconf 77' lang='grc' dir='ltr'>τοῦ</span> <span class='ocrx_word' id='word_1_89' title='bbox 1633 1051 1908 1123; x_wconf 86' lang='grc' dir='ltr'>Ἀπριλίου</span> <span class='ocrx_word' id='word_1_90' title='bbox 1943 1110 1949 1117; x_wconf 88' lang='lat'><strong>_</strong></span> 
     </span>
    </p>
   </div>
   <div class='ocr_carea' id='block_1_14' title="bbox 332 1138 1909 1216">
    <p class='ocr_par' dir='ltr' id='par_1_14' title="bbox 332 1138 1909 1216">
     <span class='ocr_line' id='line_1_14' title="bbox 332 1138 1909 1216; baseline 0.004 -25"><span class='ocrx_word' id='word_1_91' title='bbox 332 1138 615 1210; x_wconf 83' lang='grc' dir='ltr'>προδήλως</span> <span class='ocrx_word' id='word_1_92' title='bbox 645 1140 812 1194; x_wconf 78' lang='grc' dir='ltr'>ἐστίν.</span> <span class='ocrx_word' id='word_1_93' title='bbox 861 1142 1079 1216; x_wconf 78' lang='grc' dir='ltr'>Ἐπειδὴ</span> <span class='ocrx_word' id='word_1_94' title='bbox 1103 1143 1166 1197; x_wconf 86' lang='grc' dir='ltr'>τὸ</span> <span class='ocrx_word' id='word_1_95' title='bbox 1200 1142 1484 1213; x_wconf 79' lang='grc' dir='ltr'>Ἐϐραῖκδν</span> <span class='ocrx_word' id='word_1_96' title='bbox 1522 1141 1734 1214; x_wconf 85' lang='grc' dir='ltr'>Πάσχα,</span> <span class='ocrx_word' id='word_1_97' title='bbox 1767 1142 1909 1213; x_wconf 89' lang='grc' dir='ltr'>λέγω</span> 
     </span>
    </p>
   </div>
   <div class='ocr_carea' id='block_1_15' title="bbox 329 1227 1907 1306">
    <p class='ocr_par' dir='ltr' id='par_1_15' title="bbox 329 1227 1907 1306">
     <span class='ocr_line' id='line_1_15' title="bbox 329 1227 1907 1306; baseline 0.002 -24"><span class='ocrx_word' id='word_1_98' title='bbox 329 1227 398 1300; x_wconf 81' lang='grc' dir='ltr'>δὴ</span> <span class='ocrx_word' id='word_1_99' title='bbox 420 1227 519 1301; x_wconf 82' lang='grc' dir='ltr'>τὴν</span> <span class='ocrx_word' id='word_1_100' title='bbox 543 1228 584 1283; x_wconf 87' lang='grc' dir='ltr'>δ’</span> <span class='ocrx_word' id='word_1_101' title='bbox 624 1231 720 1285; x_wconf 81' lang='grc' dir='ltr'>καὶ</span> <span class='ocrx_word' id='word_1_102' title='bbox 740 1238 771 1284; x_wconf 85' lang='grc' dir='ltr'>ι’</span> <span class='ocrx_word' id='word_1_103' title='bbox 799 1231 895 1285; x_wconf 78' lang='grc' dir='ltr'>τοῦ</span> <span class='ocrx_word' id='word_1_104' title='bbox 933 1232 1192 1303; x_wconf 83' lang='grc' dir='ltr'>φέγγους,</span> <span class='ocrx_word' id='word_1_105' title='bbox 1218 1235 1384 1306; x_wconf 75' lang='grc' dir='ltr'>ἤγουν</span> <span class='ocrx_word' id='word_1_106' title='bbox 1405 1233 1499 1288; x_wconf 83' lang='grc' dir='ltr'>τοῦ</span> <span class='ocrx_word' id='word_1_107' title='bbox 1547 1231 1764 1306; x_wconf 84' lang='grc' dir='ltr'>πρώτου</span> <span class='ocrx_word' id='word_1_108' title='bbox 1787 1229 1907 1286; x_wconf 91' lang='grc' dir='ltr'>καθ’</span> 
     </span>
    </p>
   </div>
   <div class='ocr_carea' id='block_1_16' title="bbox 345 1318 1908 1398">
    <p class='ocr_par' dir='ltr' id='par_1_16' title="bbox 345 1318 1908 1398">
     <span class='ocr_line' id='line_1_16' title="bbox 345 1318 1908 1398; baseline 0.003 -26"><span class='ocrx_word' id='word_1_109' title='bbox 345 1318 631 1391; x_wconf 84' lang='grc' dir='ltr'>Ἐϐραίους</span> <span class='ocrx_word' id='word_1_110' title='bbox 685 1321 890 1393; x_wconf 77' lang='grc' dir='ltr'>μηνὸς,</span> <span class='ocrx_word' id='word_1_111' title='bbox 963 1324 1307 1396; x_wconf 83' lang='grc' dir='ltr'>ὑπερϐαίνειν</span> <span class='ocrx_word' id='word_1_112' title='bbox 1370 1326 1633 1398; x_wconf 89' lang='grc' dir='ltr'>προσήκει</span> <span class='ocrx_word' id='word_1_113' title='bbox 1691 1323 1908 1389; x_wconf 89' lang='grc' dir='ltr'>πάντως</span> 
     </span>
    </p>
   </div>
   <div class='ocr_carea' id='block_1_17' title="bbox 331 1410 1907 1488">
    <p class='ocr_par' dir='ltr' id='par_1_17' title="bbox 331 1410 1907 1488">
     <span class='ocr_line' id='line_1_17' title="bbox 331 1410 1907 1488; baseline -0.002 -22"><span class='ocrx_word' id='word_1_114' title='bbox 331 1410 502 1480; x_wconf 75' lang='grc' dir='ltr'>ἡμᾶς,</span> <span class='ocrx_word' id='word_1_115' title='bbox 536 1411 645 1466; x_wconf 76' lang='grc' dir='ltr'>εἴτε</span> <span class='ocrx_word' id='word_1_116' title='bbox 676 1415 962 1485; x_wconf 83' lang='grc' dir='ltr'>Κυριακῆς</span> <span class='ocrx_word' id='word_1_117' title='bbox 999 1412 1228 1484; x_wconf 83' lang='grc' dir='ltr'>φθάσει,</span> <span class='ocrx_word' id='word_1_118' title='bbox 1262 1415 1398 1488; x_wconf 84' lang='grc' dir='ltr'>πρὸς</span> <span class='ocrx_word' id='word_1_119' title='bbox 1421 1414 1520 1488; x_wconf 81' lang='grc' dir='ltr'>τὴν</span> <span class='ocrx_word' id='word_1_120' title='bbox 1548 1413 1713 1487; x_wconf 77' lang='grc' dir='ltr'>ἄλλην</span> <span class='ocrx_word' id='word_1_121' title='bbox 1745 1414 1907 1483; x_wconf 81' lang='grc' dir='ltr'>ἁγίαν</span> 
     </span>
    </p>
   </div>
   <div class='ocr_carea' id='block_1_18' title="bbox 331 1500 1903 1581">
    <p class='ocr_par' dir='ltr' id='par_1_18' title="bbox 331 1500 1903 1581">
     <span class='ocr_line' id='line_1_18' title="bbox 331 1500 1903 1581; baseline 0.007 -28"><span class='ocrx_word' id='word_1_122' title='bbox 331 1500 620 1574; x_wconf 81' lang='grc' dir='ltr'>Κυριακὴν</span> <span class='ocrx_word' id='word_1_123' title='bbox 654 1506 1098 1576; x_wconf 89' lang='grc' dir='ltr'>μεταϐαίνοντας,</span> <span class='ocrx_word' id='word_1_124' title='bbox 1121 1507 1230 1561; x_wconf 81' lang='grc' dir='ltr'>εἴτε</span> <span class='ocrx_word' id='word_1_125' title='bbox 1246 1509 1522 1580; x_wconf 80' lang='grc' dir='ltr'>δευτέρας,</span> <span class='ocrx_word' id='word_1_126' title='bbox 1557 1509 1667 1563; x_wconf 76' lang='grc' dir='ltr'>εἴτε</span> <span class='ocrx_word' id='word_1_127' title='bbox 1695 1509 1903 1581; x_wconf 85' lang='grc' dir='ltr'>τρίτης,</span> 
     </span>
    </p>
   </div>
   <div class='ocr_carea' id='block_1_19' title="bbox 2012 402 3576 487">
    <p class='ocr_par' dir='ltr' id='par_1_19' title="bbox 2012 402 3576 487">
     <span class='ocr_line' id='line_1_19' title="bbox 2012 402 3576 487; baseline -0.003 -16"><span class='ocrx_word' id='word_1_128' title='bbox 2012 417 2305 487; x_wconf 62' lang='lat' dir='ltr'><strong>Aprilium,</strong></span> <span class='ocrx_word' id='word_1_129' title='bbox 2333 432 2526 487; x_wconf 83' lang='lat' dir='ltr'>nempe</span> <span class='ocrx_word' id='word_1_130' title='bbox 2555 413 2891 469; x_wconf 84' lang='lat' dir='ltr'><strong>Dominicam</strong></span> <span class='ocrx_word' id='word_1_131' title='bbox 2919 432 2941 470; x_wconf 63' lang='grc' dir='ltr'><strong>ξ</strong></span> <span class='ocrx_word' id='word_1_132' title='bbox 2963 431 2994 470; x_wconf 91' lang='lat' dir='ltr'>a</span> <span class='ocrx_word' id='word_1_133' title='bbox 3035 430 3143 486; x_wconf 90' lang='lat' dir='ltr'>qua</span> <span class='ocrx_word' id='word_1_134' title='bbox 3174 402 3576 484; x_wconf 76' lang='lat' dir='ltr'><strong>insequentem</strong></span> 
     </span>
    </p>
   </div>
   <div class='ocr_carea' id='block_1_20' title="bbox 2013 506 3574 571">
    <p class='ocr_par' dir='ltr' id='par_1_20' title="bbox 2013 506 3574 571">
     <span class='ocr_line' id='line_1_20' title="bbox 2013 506 3574 571; baseline -0.002 -8"><span class='ocrx_word' id='word_1_135' title='bbox 2013 507 2348 566; x_wconf 84' lang='lat' dir='ltr'><strong>Dominicam</strong></span> <span class='ocrx_word' id='word_1_136' title='bbox 2436 508 2859 565; x_wconf 87' lang='lat' dir='ltr'><strong>resurrectionis</strong></span> <span class='ocrx_word' id='word_1_137' title='bbox 2928 510 3172 564; x_wconf 80' lang='lat' dir='ltr'><strong>solemne</strong></span> <span class='ocrx_word' id='word_1_138' title='bbox 3218 506 3574 571; x_wconf 80' lang='lat' dir='ltr'><strong>diﬂ&#39;unditur,</strong></span> 
     </span>
    </p>
   </div>
   <div class='ocr_carea' id='block_1_21' title="bbox 2012 596 3576 670">
    <p class='ocr_par' dir='ltr' id='par_1_21' title="bbox 2012 596 3576 670">
     <span class='ocr_line' id='line_1_21' title="bbox 2012 596 3576 670; baseline -0.001 -17"><span class='ocrx_word' id='word_1_139' title='bbox 2012 612 2183 670; x_wconf 84' lang='lat' dir='ltr'><strong>quam</strong></span> <span class='ocrx_word' id='word_1_140' title='bbox 2227 598 2575 654; x_wconf 78' lang='lat' dir='ltr'><strong>manifestum</strong></span> <span class='ocrx_word' id='word_1_141' title='bbox 2615 609 2700 655; x_wconf 90' lang='lat' dir='ltr'>est</span> <span class='ocrx_word' id='word_1_142' title='bbox 2737 608 2984 655; x_wconf 83' lang='lat' dir='ltr'><strong>octavam</strong></span> <span class='ocrx_word' id='word_1_143' title='bbox 3021 599 3222 669; x_wconf 80' lang='lat' dir='ltr'>Aprilis</span> <span class='ocrx_word' id='word_1_144' title='bbox 3262 613 3384 654; x_wconf 84' lang='lat' dir='ltr'><strong>esse</strong></span> <span class='ocrx_word' id='word_1_145' title='bbox 3410 596 3576 652; x_wconf 87' lang='lat' dir='ltr'><strong>diem.</strong></span> 
     </span>
    </p>
   </div>
   <div class='ocr_carea' id='block_1_22' title="bbox 2014 687 3578 758">
    <p class='ocr_par' dir='ltr' id='par_1_22' title="bbox 2014 687 3578 758">
     <span class='ocr_line' id='line_1_22' title="bbox 2014 687 3578 758; baseline 0.001 -15"><span class='ocrx_word' id='word_1_146' title='bbox 2014 687 2126 746; x_wconf 83' lang='lat' dir='ltr'>Nos</span> <span class='ocrx_word' id='word_1_147' title='bbox 2156 691 2299 746; x_wconf 89' lang='lat' dir='ltr'><strong>enim</strong></span> <span class='ocrx_word' id='word_1_148' title='bbox 2334 689 2543 746; x_wconf 83' lang='lat' dir='ltr'>Pascha</span> <span class='ocrx_word' id='word_1_149' title='bbox 2576 689 2910 758; x_wconf 70' lang='lat' dir='ltr'><strong>Iudaeorum,</strong></span> <span class='ocrx_word' id='word_1_150' title='bbox 2940 690 2994 745; x_wconf 93' lang='lat' dir='ltr'>id</span> <span class='ocrx_word' id='word_1_151' title='bbox 3024 698 3110 747; x_wconf 89' lang='lat' dir='ltr'>est</span> <span class='ocrx_word' id='word_1_152' title='bbox 3137 708 3230 748; x_wconf 72' lang='lat' dir='ltr'>xlv</span> <span class='ocrx_word' id='word_1_153' title='bbox 3257 692 3431 756; x_wconf 72' lang='lat' dir='ltr'><strong>Iuliae,</strong></span> <span class='ocrx_word' id='word_1_154' title='bbox 3463 691 3578 745; x_wconf 82' lang='lat' dir='ltr'><strong>sive</strong></span> 
     </span>
    </p>
   </div>
   <div class='ocr_carea' id='block_1_23' title="bbox 2015 777 3578 849">
    <p class='ocr_par' dir='ltr' id='par_1_23' title="bbox 2015 777 3578 849">
     <span class='ocr_line' id='line_1_23' title="bbox 2015 777 3578 849; baseline 0.002 -18"><span class='ocrx_word' id='word_1_155' title='bbox 2015 777 2224 833; x_wconf 88' lang='lat' dir='ltr'><strong>mensis</strong></span> <span class='ocrx_word' id='word_1_156' title='bbox 2248 777 2464 832; x_wconf 91' lang='lat' dir='ltr'><strong>illorum</strong></span> <span class='ocrx_word' id='word_1_157' title='bbox 2495 777 2679 849; x_wconf 83' lang='lat' dir='ltr'><strong>primi,</strong></span> <span class='ocrx_word' id='word_1_158' title='bbox 2706 794 2932 836; x_wconf 88' lang='lat' dir='ltr'><strong>necesse</strong></span> <span class='ocrx_word' id='word_1_159' title='bbox 2961 789 3045 836; x_wconf 82' lang='lat' dir='ltr'>est</span> <span class='ocrx_word' id='word_1_160' title='bbox 3064 778 3477 841; x_wconf 74' lang='lat' dir='ltr'><strong>transcendere,</strong></span> <span class='ocrx_word' id='word_1_161' title='bbox 3513 778 3578 835; x_wconf 82' lang='lat' dir='ltr'>ac</span> 
     </span>
    </p>
   </div>
   <div class='ocr_carea' id='block_1_24' title="bbox 2017 865 3576 935">
    <p class='ocr_par' dir='ltr' id='par_1_24' title="bbox 2017 865 3576 935">
     <span class='ocr_line' id='line_1_24' title="bbox 2017 865 3576 935; baseline 0.001 -13"><span class='ocrx_word' id='word_1_162' title='bbox 2017 866 2065 922; x_wconf 90' lang='lat' dir='ltr'>si</span> <span class='ocrx_word' id='word_1_163' title='bbox 2099 867 2155 921; x_wconf 91' lang='lat' dir='ltr'>in</span> <span class='ocrx_word' id='word_1_164' title='bbox 2183 865 2525 923; x_wconf 87' lang='lat' dir='ltr'><strong>Dominicam</strong></span> <span class='ocrx_word' id='word_1_165' title='bbox 2580 868 2846 935; x_wconf 79' lang='lat' dir='ltr'>incurrat,</span> <span class='ocrx_word' id='word_1_166' title='bbox 2889 869 3114 924; x_wconf 83' lang='lat' dir='ltr'><strong>alteram</strong></span> <span class='ocrx_word' id='word_1_167' title='bbox 3152 870 3208 924; x_wconf 90' lang='lat' dir='ltr'>in</span> <span class='ocrx_word' id='word_1_168' title='bbox 3237 869 3576 924; x_wconf 85' lang='lat' dir='ltr'><strong>Dominieam</strong></span> 
     </span>
    </p>
   </div>
   <div class='ocr_carea' id='block_1_25' title="bbox 2016 956 3578 1029">
    <p class='ocr_par' dir='ltr' id='par_1_25' title="bbox 2016 956 3578 1029">
     <span class='ocr_line' id='line_1_25' title="bbox 2016 956 3578 1029; baseline 0.001 -18"><span class='ocrx_word' id='word_1_169' title='bbox 2016 956 2304 1013; x_wconf 88' lang='lat' dir='ltr'><strong>transitum</strong></span> <span class='ocrx_word' id='word_1_170' title='bbox 2354 956 2555 1022; x_wconf 82' lang='lat' dir='ltr'><strong>facere,</strong></span> <span class='ocrx_word' id='word_1_171' title='bbox 2601 959 2715 1013; x_wconf 86' lang='lat' dir='ltr'><strong>sive</strong></span> <span class='ocrx_word' id='word_1_172' title='bbox 2771 959 2826 1012; x_wconf 91' lang='lat' dir='ltr'>in</span> <span class='ocrx_word' id='word_1_173' title='bbox 2876 957 3067 1013; x_wconf 82' lang='lat' dir='ltr'><strong>feriam</strong></span> <span class='ocrx_word' id='word_1_174' title='bbox 3115 959 3431 1029; x_wconf 86' lang='lat' dir='ltr'><strong>secundam,</strong></span> <span class='ocrx_word' id='word_1_175' title='bbox 3482 967 3578 1012; x_wconf 86' lang='lat' dir='ltr'>aut</span> 
     </span>
    </p>
   </div>
   <div class='ocr_carea' id='block_1_26' title="bbox 2015 1047 3576 1117">
    <p class='ocr_par' dir='ltr' id='par_1_26' title="bbox 2015 1047 3576 1117">
     <span class='ocr_line' id='line_1_26' title="bbox 2015 1047 3576 1117; baseline 0.002 -16"><span class='ocrx_word' id='word_1_176' title='bbox 2015 1049 2254 1111; x_wconf 85' lang='lat' dir='ltr'><strong>tertiam,</strong></span> <span class='ocrx_word' id='word_1_177' title='bbox 2296 1047 2350 1101; x_wconf 92' lang='lat' dir='ltr'>in</span> <span class='ocrx_word' id='word_1_178' title='bbox 2378 1048 2623 1103; x_wconf 85' lang='lat' dir='ltr'><strong>eamdem</strong></span> <span class='ocrx_word' id='word_1_179' title='bbox 2653 1048 2927 1105; x_wconf 86' lang='lat' dir='ltr'><strong>tranferre</strong></span> <span class='ocrx_word' id='word_1_180' title='bbox 2956 1048 3317 1105; x_wconf 89' lang='lat' dir='ltr'><strong>Dominicam.</strong></span> <span class='ocrx_word' id='word_1_181' title='bbox 3346 1048 3502 1117; x_wconf 85' lang='lat' dir='ltr'><strong>Quod</strong></span> <span class='ocrx_word' id='word_1_182' title='bbox 3529 1050 3576 1106; x_wconf 89' lang='lat' dir='ltr'>si</span> 
     </span>
    </p>
   </div>
   <div class='ocr_carea' id='block_1_27' title="bbox 2015 1138 3575 1213">
    <p class='ocr_par' dir='ltr' id='par_1_27' title="bbox 2015 1138 3575 1213">
     <span class='ocr_line' id='line_1_27' title="bbox 2015 1138 3575 1213; baseline 0.001 -18"><span class='ocrx_word' id='word_1_183' title='bbox 2015 1138 2257 1196; x_wconf 88' lang='lat' dir='ltr'><strong>Sabbato</strong></span> <span class='ocrx_word' id='word_1_184' title='bbox 2289 1156 2379 1195; x_wconf 80' lang='lat' dir='ltr'>xiv</span> <span class='ocrx_word' id='word_1_185' title='bbox 2419 1141 2722 1211; x_wconf 77' lang='lat' dir='ltr'><strong>contingat,</strong></span> <span class='ocrx_word' id='word_1_186' title='bbox 2764 1143 3025 1213; x_wconf 83' lang='lat' dir='ltr'><strong>postridie</strong></span> <span class='ocrx_word' id='word_1_187' title='bbox 3060 1140 3270 1198; x_wconf 87' lang='lat' dir='ltr'><strong>Pascha</strong></span> <span class='ocrx_word' id='word_1_188' title='bbox 3301 1142 3416 1209; x_wconf 76' lang='lat' dir='ltr'><strong>lict,</strong></span> <span class='ocrx_word' id='word_1_189' title='bbox 3446 1142 3575 1198; x_wconf 85' lang='lat' dir='ltr'><strong>luna</strong></span> 
     </span>
    </p>
   </div>
   <div class='ocr_carea' id='block_1_28' title="bbox 2009 1234 3576 1306">
    <p class='ocr_par' dir='ltr' id='par_1_28' title="bbox 2009 1234 3576 1306">
     <span class='ocr_line' id='line_1_28' title="bbox 2009 1234 3576 1306; baseline 0.001 -18"><span class='ocrx_word' id='word_1_190' title='bbox 2009 1249 2102 1299; x_wconf 83' lang='lat' dir='ltr'><strong>xv,</strong></span> <span class='ocrx_word' id='word_1_191' title='bbox 2145 1234 2601 1304; x_wconf 88' lang='lat' dir='ltr'><strong>quemadmodum</strong></span> <span class='ocrx_word' id='word_1_192' title='bbox 2653 1249 2777 1289; x_wconf 90' lang='lat' dir='ltr'>cum</span> <span class='ocrx_word' id='word_1_193' title='bbox 2833 1251 2863 1290; x_wconf 95' lang='lat' dir='ltr'>a</span> <span class='ocrx_word' id='word_1_194' title='bbox 2916 1234 3472 1306; x_wconf 56' lang='lat' dir='ltr'><strong>Dominicajﬁalteram</strong></span> <span class='ocrx_word' id='word_1_195' title='bbox 3518 1236 3576 1290; x_wconf 83' lang='lat' dir='ltr'>in</span> 
     </span>
    </p>
   </div>
   <div class='ocr_carea' id='block_1_29' title="bbox 2008 1323 3577 1391">
    <p class='ocr_par' dir='ltr' id='par_1_29' title="bbox 2008 1323 3577 1391">
     <span class='ocr_line' id='line_1_29' title="bbox 2008 1323 3577 1391; baseline 0.001 -13"><span class='ocrx_word' id='word_1_196' title='bbox 2008 1323 2347 1381; x_wconf 83' lang='lat' dir='ltr'><strong>Dominicam</strong></span> <span class='ocrx_word' id='word_1_197' title='bbox 2391 1324 2729 1391; x_wconf 80' lang='lat' dir='ltr'><strong>diﬂ&#39;uuditur,</strong></span> <span class='ocrx_word' id='word_1_198' title='bbox 2754 1327 2880 1385; x_wconf 84' lang='lat' dir='ltr'><strong>luna</strong></span> <span class='ocrx_word' id='word_1_199' title='bbox 2910 1343 3001 1382; x_wconf 75' lang='lat' dir='ltr'><strong>nt</strong></span> <span class='ocrx_word' id='word_1_200' title='bbox 3052 1326 3273 1382; x_wconf 90' lang='lat' dir='ltr'><strong>accidit.</strong></span> <span class='ocrx_word' id='word_1_201' title='bbox 3316 1325 3474 1390; x_wconf 85' lang='lat' dir='ltr'><strong>Nam,</strong></span> <span class='ocrx_word' id='word_1_202' title='bbox 3518 1334 3577 1380; x_wconf 88' lang='lat' dir='ltr'>ut</span> 
     </span>
    </p>
   </div>
   <div class='ocr_carea' id='block_1_30' title="bbox 2004 1414 3576 1488">
    <p class='ocr_par' dir='ltr' id='par_1_30' title="bbox 2004 1414 3576 1488">
     <span class='ocr_line' id='line_1_30' title="bbox 2004 1414 3576 1488; baseline -0.001 -17"><span class='ocrx_word' id='word_1_203' title='bbox 2004 1415 2119 1488; x_wconf 87' lang='lat' dir='ltr'><strong>jam</strong></span> <span class='ocrx_word' id='word_1_204' title='bbox 2168 1415 2430 1481; x_wconf 80' lang='lat' dir='ltr'><strong>diximus,</strong></span> <span class='ocrx_word' id='word_1_205' title='bbox 2482 1432 2590 1471; x_wconf 87' lang='lat' dir='ltr'>non</span> <span class='ocrx_word' id='word_1_206' title='bbox 2642 1418 2784 1472; x_wconf 88' lang='lat' dir='ltr'><strong>ultra</strong></span> <span class='ocrx_word' id='word_1_207' title='bbox 2827 1428 3080 1488; x_wconf 89' lang='lat' dir='ltr'><strong>septenos</strong></span> <span class='ocrx_word' id='word_1_208' title='bbox 3120 1417 3238 1473; x_wconf 87' lang='lat' dir='ltr'><strong>dies</strong></span> <span class='ocrx_word' id='word_1_209' title='bbox 3273 1432 3303 1470; x_wconf 93' lang='lat' dir='ltr'>a</span> <span class='ocrx_word' id='word_1_210' title='bbox 3348 1414 3576 1472; x_wconf 70' lang='lat' dir='ltr'><strong>Iudaico</strong></span> 
     </span>
    </p>
   </div>
   <div class='ocr_carea' id='block_1_31' title="bbox 2012 1508 3294 1577">
    <p class='ocr_par' dir='ltr' id='par_1_31' title="bbox 2012 1508 3294 1577">
     <span class='ocr_line' id='line_1_31' title="bbox 2012 1508 3294 1577; baseline -0.001 -15"><span class='ocrx_word' id='word_1_211' title='bbox 2012 1508 2282 1565; x_wconf 89' lang='lat' dir='ltr'><strong>Paschate</strong></span> <span class='ocrx_word' id='word_1_212' title='bbox 2308 1508 2368 1564; x_wconf 82' lang='lat' dir='ltr'>lit</span> <span class='ocrx_word' id='word_1_213' title='bbox 2395 1509 2704 1577; x_wconf 88' lang='lat' dir='ltr'><strong>translatio,</strong></span> <span class='ocrx_word' id='word_1_214' title='bbox 2735 1509 2839 1566; x_wconf 85' lang='lat' dir='ltr'>hoc</span> <span class='ocrx_word' id='word_1_215' title='bbox 2860 1518 2944 1564; x_wconf 89' lang='lat' dir='ltr'>est</span> <span class='ocrx_word' id='word_1_216' title='bbox 2968 1526 2997 1564; x_wconf 93' lang='lat' dir='ltr'>a</span> <span class='ocrx_word' id='word_1_217' title='bbox 3029 1525 3118 1565; x_wconf 81' lang='lat' dir='ltr'><strong>xlv</strong></span> <span class='ocrx_word' id='word_1_218' title='bbox 3146 1509 3294 1563; x_wconf 87' lang='lat' dir='ltr'><strong>luna.</strong></span> 
     </span>
    </p>
   </div>
   <div class='ocr_carea' id='block_1_32' title="bbox 330 1598 3575 1678">
    <p class='ocr_par' dir='ltr' id='par_1_32' title="bbox 330 1598 3575 1678">
     <span class='ocr_line' id='line_1_32' title="bbox 330 1598 3575 1678; baseline -0 -24"><span class='ocrx_word' id='word_1_219' title='bbox 330 1600 414 1663; x_wconf 70' lang='lat' dir='ltr'>sic</span> <span class='ocrx_word' id='word_1_220' title='bbox 446 1598 546 1671; x_wconf 80' lang='grc' dir='ltr'>τὴν</span> <span class='ocrx_word' id='word_1_221' title='bbox 574 1599 743 1674; x_wconf 81' lang='grc' dir='ltr'>αὐτὴν</span> <span class='ocrx_word' id='word_1_222' title='bbox 770 1603 970 1674; x_wconf 86' lang='grc' dir='ltr'>ὁμοίως</span> <span class='ocrx_word' id='word_1_223' title='bbox 1000 1605 1304 1677; x_wconf 85' lang='grc' dir='ltr'>Κυριακήν.</span> <span class='ocrx_word' id='word_1_224' title='bbox 1343 1606 1406 1659; x_wconf 91' lang='grc' dir='ltr'>Εἰ</span> <span class='ocrx_word' id='word_1_225' title='bbox 1438 1606 1495 1660; x_wconf 84' lang='grc' dir='ltr'>δὲ</span> <span class='ocrx_word' id='word_1_226' title='bbox 1523 1606 1805 1677; x_wconf 86' lang='grc' dir='ltr'>Σαϐϐάτῳ,</span> <span class='ocrx_word' id='word_1_227' title='bbox 1836 1608 1904 1677; x_wconf 78' lang='grc' dir='ltr'>τῇ</span> <span class='ocrx_word' id='word_1_228' title='bbox 1944 1604 2222 1678; x_wconf 77' lang='grc' dir='ltr'>ἐπαύριον,</span> <span class='ocrx_word' id='word_1_229' title='bbox 2255 1604 2797 1668; x_wconf 83' lang='grc' dir='ltr'>πεντεκαιδεκαταίας</span> <span class='ocrx_word' id='word_1_230' title='bbox 2822 1603 2986 1674; x_wconf 79' lang='grc' dir='ltr'>οὔσης</span> <span class='ocrx_word' id='word_1_231' title='bbox 3017 1602 3080 1657; x_wconf 75' lang='grc' dir='ltr'>τὸ</span> <span class='ocrx_word' id='word_1_232' title='bbox 3137 1602 3435 1676; x_wconf 79' lang='grc' dir='ltr'>τηνικαῦτα</span> <span class='ocrx_word' id='word_1_233' title='bbox 3479 1601 3575 1672; x_wconf 82' lang='grc' dir='ltr'>δη-</span> 
     </span>
    </p>
   </div>
   <div class='ocr_carea' id='block_1_33' title="bbox 327 1695 3574 1773">
    <p class='ocr_par' dir='ltr' id='par_1_33' title="bbox 327 1695 3574 1773">
     <span class='ocr_line' id='line_1_33' title="bbox 327 1695 3574 1773; baseline 0 -24"><span class='ocrx_word' id='word_1_234' title='bbox 327 1695 465 1769; x_wconf 80' lang='grc' dir='ltr'>λαδή</span> <span class='ocrx_word' id='word_1_235' title='bbox 501 1698 599 1768; x_wconf 80' lang='grc' dir='ltr'>τῆς</span> <span class='ocrx_word' id='word_1_236' title='bbox 644 1699 894 1771; x_wconf 87' lang='grc' dir='ltr'>σελήνης.</span> <span class='ocrx_word' id='word_1_237' title='bbox 924 1701 1132 1772; x_wconf 83' lang='grc' dir='ltr'>Ὥσπερ</span> <span class='ocrx_word' id='word_1_238' title='bbox 1175 1696 1267 1755; x_wconf 77' lang='grc' dir='ltr'>οὖν</span> <span class='ocrx_word' id='word_1_239' title='bbox 1296 1701 1532 1772; x_wconf 75' lang='grc' dir='ltr'>ὁπηνίκα</span> <span class='ocrx_word' id='word_1_240' title='bbox 1558 1701 1721 1765; x_wconf 83' lang='grc' dir='ltr'>πάλιν</span> <span class='ocrx_word' id='word_1_241' title='bbox 1759 1700 1868 1754; x_wconf 75' lang='grc' dir='ltr'>άπὸ</span> <span class='ocrx_word' id='word_1_242' title='bbox 1903 1701 2190 1773; x_wconf 84' lang='grc' dir='ltr'>Κυριακῆς</span> <span class='ocrx_word' id='word_1_243' title='bbox 2222 1702 2303 1763; x_wconf 85' lang='grc' dir='ltr'>εἰς</span> <span class='ocrx_word' id='word_1_244' title='bbox 2331 1700 2428 1772; x_wconf 84' lang='grc' dir='ltr'>τὴν</span> <span class='ocrx_word' id='word_1_245' title='bbox 2449 1697 2709 1754; x_wconf 76' lang='grc' dir='ltr'>ἐπιοῦσαν</span> <span class='ocrx_word' id='word_1_246' title='bbox 2735 1699 2895 1769; x_wconf 83' lang='grc' dir='ltr'>άγίαν</span> <span class='ocrx_word' id='word_1_247' title='bbox 2941 1698 3223 1771; x_wconf 81' lang='grc' dir='ltr'>Κυριακὴν</span> <span class='ocrx_word' id='word_1_248' title='bbox 3280 1695 3574 1768; x_wconf 79' lang='grc' dir='ltr'>ποιούμεθα</span> 
     </span>
    </p>
   </div>
   <div class='ocr_carea' id='block_1_34' title="bbox 324 1785 3576 1866">
    <p class='ocr_par' dir='ltr' id='par_1_34' title="bbox 324 1785 3576 1866">
     <span class='ocr_line' id='line_1_34' title="bbox 324 1785 3576 1866; baseline 0.001 -26"><span class='ocrx_word' id='word_1_249' title='bbox 324 1787 429 1858; x_wconf 79' lang='grc' dir='ltr'>τήν</span> <span class='ocrx_word' id='word_1_250' title='bbox 462 1788 774 1862; x_wconf 81' lang='grc' dir='ltr'>ὑπέρθεσιν,</span> <span class='ocrx_word' id='word_1_251' title='bbox 805 1793 996 1847; x_wconf 80' lang='grc' dir='ltr'>εἰκάδα</span> <span class='ocrx_word' id='word_1_252' title='bbox 1026 1792 1250 1865; x_wconf 88' lang='grc' dir='ltr'>πρώτην</span> <span class='ocrx_word' id='word_1_253' title='bbox 1283 1794 1532 1866; x_wconf 76' lang='grc' dir='ltr'>ἐχούσης.</span> <span class='ocrx_word' id='word_1_254' title='bbox 1568 1795 1658 1859; x_wconf 81' lang='grc' dir='ltr'>Ὠς</span> <span class='ocrx_word' id='word_1_255' title='bbox 1677 1795 1785 1866; x_wconf 81' lang='grc' dir='ltr'>γὰρ</span> <span class='ocrx_word' id='word_1_256' title='bbox 1809 1794 1910 1866; x_wconf 77' lang='grc' dir='ltr'>ήδη</span> <span class='ocrx_word' id='word_1_257' title='bbox 1945 1794 2212 1859; x_wconf 88' lang='grc' dir='ltr'>λέλεκται,</span> <span class='ocrx_word' id='word_1_258' title='bbox 2255 1793 2419 1866; x_wconf 84' lang='grc' dir='ltr'>μέχρι</span> <span class='ocrx_word' id='word_1_259' title='bbox 2457 1793 2614 1865; x_wconf 85' lang='grc' dir='ltr'>μόνον</span> <span class='ocrx_word' id='word_1_260' title='bbox 2638 1793 2681 1858; x_wconf 80' lang='grc' dir='ltr'>ζ’</span> <span class='ocrx_word' id='word_1_261' title='bbox 2707 1792 2933 1866; x_wconf 88' lang='grc' dir='ltr'>ήμερῶν</span> <span class='ocrx_word' id='word_1_262' title='bbox 2960 1789 3256 1863; x_wconf 83' lang='grc' dir='ltr'>ποιούμεθα</span> <span class='ocrx_word' id='word_1_263' title='bbox 3308 1785 3405 1861; x_wconf 80' lang='grc' dir='ltr'>τὴν</span> <span class='ocrx_word' id='word_1_264' title='bbox 3467 1788 3576 1843; x_wconf 79' lang='grc' dir='ltr'>ἀπὸ</span> 
     </span>
    </p>
   </div>
   <div class='ocr_carea' id='block_1_35' title="bbox 323 1877 3575 1958">
    <p class='ocr_par' dir='ltr' id='par_1_35' title="bbox 323 1877 3575 1958">
     <span class='ocr_line' id='line_1_35' title="bbox 323 1877 3575 1958; baseline 0 -26"><span class='ocrx_word' id='word_1_265' title='bbox 323 1877 424 1934; x_wconf 78' lang='grc' dir='ltr'>τοῦ</span> <span class='ocrx_word' id='word_1_266' title='bbox 473 1879 763 1953; x_wconf 78' lang='grc' dir='ltr'>Ἐϐραῖκοῢ</span> <span class='ocrx_word' id='word_1_267' title='bbox 796 1883 987 1956; x_wconf 82' lang='grc' dir='ltr'>Πάσχα</span> <span class='ocrx_word' id='word_1_268' title='bbox 1036 1885 1362 1956; x_wconf 86' lang='grc' dir='ltr'>μετάϐασιν·</span> <span class='ocrx_word' id='word_1_269' title='bbox 1396 1889 1565 1958; x_wconf 75' lang='grc' dir='ltr'>ἦγουν</span> <span class='ocrx_word' id='word_1_270' title='bbox 1613 1887 1712 1957; x_wconf 84' lang='grc' dir='ltr'>τῆς</span> <span class='ocrx_word' id='word_1_271' title='bbox 1743 1885 1786 1939; x_wconf 79' lang='grc' dir='ltr'>δ’</span> <span class='ocrx_word' id='word_1_272' title='bbox 1837 1886 1932 1939; x_wconf 77' lang='grc' dir='ltr'>καὶ</span> <span class='ocrx_word' id='word_1_273' title='bbox 1974 1892 2005 1939; x_wconf 84' lang='grc' dir='ltr'>ι’</span> <span class='ocrx_word' id='word_1_274' title='bbox 2060 1885 2154 1940; x_wconf 81' lang='grc' dir='ltr'>τοῦ</span> <span class='ocrx_word' id='word_1_275' title='bbox 2204 1884 2471 1955; x_wconf 77' lang='grc' dir='ltr'>φέγγους⁸</span> <span class='ocrx_word' id='word_1_276' title='bbox 2517 1884 2825 1958; x_wconf 86' lang='grc' dir='ltr'>περαιτέρω</span> <span class='ocrx_word' id='word_1_277' title='bbox 2860 1884 2918 1937; x_wconf 85' lang='grc' dir='ltr'>δὲ</span> <span class='ocrx_word' id='word_1_278' title='bbox 2954 1881 3220 1953; x_wconf 78' lang='grc' dir='ltr'>οὐδαμῶς.</span> <span class='ocrx_word' id='word_1_279' title='bbox 3256 1880 3366 1936; x_wconf 71' lang='grc' dir='ltr'>Καὶ</span> <span class='ocrx_word' id='word_1_280' title='bbox 3406 1878 3575 1935; x_wconf 77' lang='grc' dir='ltr'>ταῦτα</span> 
     </span>
    </p>
   </div>
   <div class='ocr_carea' id='block_1_36' title="bbox 328 1972 1780 2066">
    <p class='ocr_par' dir='ltr' id='par_1_36' title="bbox 328 1972 1780 2066">
     <span class='ocr_line' id='line_1_36' title="bbox 328 1972 1780 2066; baseline 0.006 -40"><span class='ocrx_word' id='word_1_281' title='bbox 328 1972 431 2043; x_wconf 74' lang='grc' dir='ltr'>μὲν</span> <span class='ocrx_word' id='word_1_282' title='bbox 461 1975 587 2045; x_wconf 77' lang='grc' dir='ltr'>περὶ</span> <span class='ocrx_word' id='word_1_283' title='bbox 621 1973 716 2028; x_wconf 81' lang='grc' dir='ltr'>τοῦ</span> <span class='ocrx_word' id='word_1_284' title='bbox 746 1975 955 2066; x_wconf 64' lang='grc' dir='ltr'>Πάσχα.</span> <span class='ocrx_word' id='word_1_285' title='bbox 1662 2008 1666 2013; x_wconf 55' lang='grc' dir='ltr'>α</span> <span class='ocrx_word' id='word_1_286' title='bbox 1770 2044 1780 2051; x_wconf 90' lang='lat'>_</span> 
     </span>
    </p>
   </div>
   <div class='ocr_carea' id='block_1_37' title="bbox 325 2052 1921 2164">
    <p class='ocr_par' dir='ltr' id='par_1_37' title="bbox 325 2052 1892 2164">
     <span class='ocr_line' id='line_1_37' title="bbox 325 2052 1892 2164; baseline 0.003 -19"><span class='ocrx_word' id='word_1_287' title='bbox 325 2090 470 2159; x_wconf 82' lang='grc' dir='ltr'>Περί</span> <span class='ocrx_word' id='word_1_288' title='bbox 513 2090 625 2160; x_wconf 81' lang='grc' dir='ltr'>τῆς</span> <span class='ocrx_word' id='word_1_289' title='bbox 664 2099 698 2146; x_wconf 85' lang='grc' dir='ltr'>ι’</span> <span class='ocrx_word' id='word_1_290' title='bbox 739 2052 1132 2163; x_wconf 47' lang='grc' dir='ltr'>τοῦ’ἐϐδόμου</span> <span class='ocrx_word' id='word_1_291' title='bbox 1174 2095 1387 2164; x_wconf 79' lang='grc' dir='ltr'>μηνὸς,</span> <span class='ocrx_word' id='word_1_292' title='bbox 1435 2094 1560 2162; x_wconf 79' lang='grc' dir='ltr'>πῶς</span> <span class='ocrx_word' id='word_1_293' title='bbox 1596 2095 1694 2150; x_wconf 76' lang='grc' dir='ltr'>καὶ</span> <span class='ocrx_word' id='word_1_294' title='bbox 1744 2093 1892 2160; x_wconf 83' lang='grc' dir='ltr'>αὕτη</span> 
     </span>
    </p>
   </div>
   <div class='ocr_carea' id='block_1_38' title="bbox 2005 2052 3571 2164">
    <p class='ocr_par' dir='ltr' id='par_1_38' title="bbox 2005 2083 3571 2164">
     <span class='ocr_line' id='line_1_38' title="bbox 2005 2083 3571 2164; baseline -0.003 -19"><span class='ocrx_word' id='word_1_295' title='bbox 2005 2088 2080 2145; x_wconf 83' lang='lat' dir='ltr'><strong>De</strong></span> <span class='ocrx_word' id='word_1_296' title='bbox 2108 2087 2553 2159; x_wconf 50' lang='lat' dir='ltr'><strong>septimijmensis</strong></span> <span class='ocrx_word' id='word_1_297' title='bbox 2595 2085 2680 2140; x_wconf 83' lang='lat' dir='ltr'>die</span> <span class='ocrx_word' id='word_1_298' title='bbox 2707 2101 2763 2164; x_wconf 60' lang='grc' dir='ltr'>ξ,</span> <span class='ocrx_word' id='word_1_299' title='bbox 2790 2083 3049 2156; x_wconf 85' lang='lat' dir='ltr'><strong>quomodo</strong></span> <span class='ocrx_word' id='word_1_300' title='bbox 3086 2086 3247 2141; x_wconf 83' lang='lat' dir='ltr'><strong>etiam</strong></span> <span class='ocrx_word' id='word_1_301' title='bbox 3275 2087 3392 2158; x_wconf 78' lang='lat' dir='ltr'><strong>ipsa</strong></span> <span class='ocrx_word' id='word_1_302' title='bbox 3432 2105 3571 2159; x_wconf 82' lang='lat' dir='ltr'><strong>repe-</strong></span> 
     </span>
    </p>
   </div>
   <div class='ocr_carea' id='block_1_39' title="bbox 850 2165 1377 2235">
    <p class='ocr_par' dir='ltr' id='par_1_39' title="bbox 850 2165 1377 2235">
     <span class='ocr_line' id='line_1_39' title="bbox 850 2165 1377 2235; baseline 0 -17"><span class='ocrx_word' id='word_1_303' title='bbox 850 2165 1377 2235; x_wconf 75' lang='grc' dir='ltr'>καταλαμϐάνεται.</span> 
     </span>
    </p>
   </div>
   <div class='ocr_carea' id='block_1_40' title="bbox 398 2276 1899 2350">
    <p class='ocr_par' dir='ltr' id='par_1_40' title="bbox 398 2276 1899 2350">
     <span class='ocr_line' id='line_1_40' title="bbox 398 2276 1899 2350; baseline 0 -19"><span class='ocrx_word' id='word_1_304' title='bbox 398 2276 484 2331; x_wconf 69' lang='grc' dir='ltr'>κ’.</span> <span class='ocrx_word' id='word_1_305' title='bbox 517 2277 582 2330; x_wconf 85' lang='grc' dir='ltr'>Εἰ</span> <span class='ocrx_word' id='word_1_306' title='bbox 616 2276 674 2331; x_wconf 82' lang='grc' dir='ltr'>δὲ</span> <span class='ocrx_word' id='word_1_307' title='bbox 693 2278 792 2350; x_wconf 78' lang='grc' dir='ltr'>τὴν</span> <span class='ocrx_word' id='word_1_308' title='bbox 824 2284 853 2331; x_wconf 81' lang='grc' dir='ltr'>ι’</span> <span class='ocrx_word' id='word_1_309' title='bbox 874 2277 968 2331; x_wconf 78' lang='grc' dir='ltr'>τοῦ</span> <span class='ocrx_word' id='word_1_310' title='bbox 999 2278 1118 2332; x_wconf 90' lang='grc' dir='ltr'>καθ’</span> <span class='ocrx_word' id='word_1_311' title='bbox 1159 2278 1438 2350; x_wconf 84' lang='grc' dir='ltr'>Ἐϐραίους</span> <span class='ocrx_word' id='word_1_312' title='bbox 1470 2278 1696 2350; x_wconf 79' lang='grc' dir='ltr'>ἑϐδόμου</span> <span class='ocrx_word' id='word_1_313' title='bbox 1730 2279 1899 2349; x_wconf 77' lang='grc' dir='ltr'>μηνὸς</span> 
     </span>
    </p>
   </div>
   <div class='ocr_carea' id='block_1_41' title="bbox 320 2365 1898 2440">
    <p class='ocr_par' dir='ltr' id='par_1_41' title="bbox 320 2365 1898 2440">
     <span class='ocr_line' id='line_1_41' title="bbox 320 2365 1898 2440; baseline -0.001 -19"><span class='ocrx_word' id='word_1_314' title='bbox 320 2367 530 2437; x_wconf 80' lang='grc' dir='ltr'>γνῶναι</span> <span class='ocrx_word' id='word_1_315' title='bbox 555 2366 801 2439; x_wconf 89' lang='grc' dir='ltr'>θελήσειέ</span> <span class='ocrx_word' id='word_1_316' title='bbox 842 2386 947 2433; x_wconf 80' lang='grc' dir='ltr'>τις,</span> <span class='ocrx_word' id='word_1_317' title='bbox 991 2370 1049 2424; x_wconf 81' lang='grc' dir='ltr'>ὲν</span> <span class='ocrx_word' id='word_1_318' title='bbox 1086 2368 1166 2440; x_wconf 83' lang='grc' dir='ltr'>τῷ</span> <span class='ocrx_word' id='word_1_319' title='bbox 1190 2368 1510 2440; x_wconf 79' lang='grc' dir='ltr'>δεξιωτέρῳ,</span> <span class='ocrx_word' id='word_1_320' title='bbox 1533 2368 1778 2423; x_wconf 85' lang='grc' dir='ltr'>τουτέστι</span> <span class='ocrx_word' id='word_1_321' title='bbox 1818 2365 1898 2438; x_wconf 85' lang='grc' dir='ltr'>τῷ</span> 
     </span>
    </p>
   </div>
   <div class='ocr_carea' id='block_1_42' title="bbox 328 2448 1900 2534">
    <p class='ocr_par' dir='ltr' id='par_1_42' title="bbox 328 2448 1900 2534">
     <span class='ocr_line' id='line_1_42' title="bbox 328 2448 1900 2534; baseline -0.001 -19"><span class='ocrx_word' id='word_1_322' title='bbox 328 2459 469 2532; x_wconf 83' lang='grc' dir='ltr'>μετὰ</span> <span class='ocrx_word' id='word_1_323' title='bbox 491 2460 553 2514; x_wconf 78' lang='grc' dir='ltr'>τὸ</span> <span class='ocrx_word' id='word_1_324' title='bbox 576 2461 768 2533; x_wconf 84' lang='grc' dir='ltr'>Πάσχα</span> <span class='ocrx_word' id='word_1_325' title='bbox 789 2461 1248 2534; x_wconf 86' lang='grc' dir='ltr'>διαγεγραμμένῳ</span> <span class='ocrx_word' id='word_1_326' title='bbox 1267 2461 1517 2531; x_wconf 76' lang='grc' dir='ltr'>κανονίῳ,</span> <span class='ocrx_word' id='word_1_327' title='bbox 1550 2461 1640 2516; x_wconf 81' lang='grc' dir='ltr'>τὸν</span> <span class='ocrx_word' id='word_1_328' title='bbox 1667 2448 1900 2532; x_wconf 83' lang='grc' dir='ltr'>πλησιά-</span> 
     </span>
    </p>
   </div>
   <div class='ocr_carea' id='block_1_43' title="bbox 322 2550 1897 2626">
    <p class='ocr_par' dir='ltr' id='par_1_43' title="bbox 322 2550 1897 2626">
     <span class='ocr_line' id='line_1_43' title="bbox 322 2550 1897 2626; baseline -0.002 -19"><span class='ocrx_word' id='word_1_329' title='bbox 322 2550 487 2617; x_wconf 79' lang='grc' dir='ltr'>ζοντα</span> <span class='ocrx_word' id='word_1_330' title='bbox 516 2552 596 2624; x_wconf 83' lang='grc' dir='ltr'>τῷ</span> <span class='ocrx_word' id='word_1_331' title='bbox 627 2552 776 2624; x_wconf 78' lang='grc' dir='ltr'>αὐτῷ</span> <span class='ocrx_word' id='word_1_332' title='bbox 793 2554 892 2626; x_wconf 83' lang='grc' dir='ltr'>τῆς</span> <span class='ocrx_word' id='word_1_333' title='bbox 925 2554 1154 2625; x_wconf 87' lang='grc' dir='ltr'>σελήνης</span> <span class='ocrx_word' id='word_1_334' title='bbox 1193 2560 1233 2607; x_wconf 87' lang='grc' dir='ltr'>ε’</span> <span class='ocrx_word' id='word_1_335' title='bbox 1255 2555 1350 2609; x_wconf 83' lang='grc' dir='ltr'>καὶ</span> <span class='ocrx_word' id='word_1_336' title='bbox 1381 2561 1413 2611; x_wconf 84' lang='grc' dir='ltr'>ι’</span> <span class='ocrx_word' id='word_1_337' title='bbox 1446 2553 1556 2607; x_wconf 75' lang='grc' dir='ltr'>ἔτει</span> <span class='ocrx_word' id='word_1_338' title='bbox 1595 2551 1897 2624; x_wconf 79' lang='grc' dir='ltr'>Ῥωμαϊκὸν</span> 
     </span>
    </p>
   </div>
   <div class='ocr_carea' id='block_1_44' title="bbox 314 2643 1898 2719">
    <p class='ocr_par' dir='ltr' id='par_1_44' title="bbox 314 2643 1898 2719">
     <span class='ocr_line' id='line_1_44' title="bbox 314 2643 1898 2719; baseline -0.004 -14"><span class='ocrx_word' id='word_1_339' title='bbox 314 2643 478 2716; x_wconf 75' lang='grc' dir='ltr'>,μῆνα</span> <span class='ocrx_word' id='word_1_340' title='bbox 507 2644 777 2700; x_wconf 83' lang='grc' dir='ltr'>σκοπείτω</span> <span class='ocrx_word' id='word_1_341' title='bbox 810 2646 975 2716; x_wconf 87' lang='grc' dir='ltr'>(λέγω</span> <span class='ocrx_word' id='word_1_342' title='bbox 1003 2646 1064 2699; x_wconf 83' lang='grc' dir='ltr'>δὲ</span> <span class='ocrx_word' id='word_1_343' title='bbox 1088 2647 1178 2701; x_wconf 84' lang='grc' dir='ltr'>τὸν</span> <span class='ocrx_word' id='word_1_344' title='bbox 1204 2644 1595 2719; x_wconf 87' lang='grc' dir='ltr'>Σεπτέμϐριον)</span> <span class='ocrx_word' id='word_1_345' title='bbox 1616 2660 1629 2674; x_wconf 90' lang='grc'><strong>·</strong></span> <span class='ocrx_word' id='word_1_346' title='bbox 1664 2644 1759 2698; x_wconf 76' lang='grc' dir='ltr'>καὶ</span> <span class='ocrx_word' id='word_1_347' title='bbox 1799 2645 1898 2716; x_wconf 81' lang='grc' dir='ltr'>τὴν</span> 
     </span>
    </p>
   </div>
   <div class='ocr_carea' id='block_1_45' title="bbox 324 2734 1897 2810">
    <p class='ocr_par' dir='ltr' id='par_1_45' title="bbox 324 2734 1897 2810">
     <span class='ocr_line' id='line_1_45' title="bbox 324 2734 1897 2810; baseline 0.003 -24"><span class='ocrx_word' id='word_1_348' title='bbox 324 2734 737 2808; x_wconf 86' lang='grc' dir='ltr'>παρακειμένην</span> <span class='ocrx_word' id='word_1_349' title='bbox 765 2737 930 2791; x_wconf 81' lang='grc' dir='ltr'>αὐτοῦ</span> <span class='ocrx_word' id='word_1_350' title='bbox 960 2739 1225 2793; x_wconf 88' lang='grc' dir='ltr'>ποσταίαν</span> <span class='ocrx_word' id='word_1_351' title='bbox 1253 2737 1470 2810; x_wconf 88' lang='grc' dir='ltr'>κρατῶν</span> <span class='ocrx_word' id='word_1_352' title='bbox 1512 2744 1597 2792; x_wconf 79' lang='grc' dir='ltr'>κα¹</span> <span class='ocrx_word' id='word_1_353' title='bbox 1624 2737 1897 2810; x_wconf 83' lang='grc' dir='ltr'>ὑπάρχου-</span> 
     </span>
    </p>
   </div>
   <div class='ocr_carea' id='block_1_46' title="bbox 324 2822 1899 2902">
    <p class='ocr_par' dir='ltr' id='par_1_46' title="bbox 324 2822 1899 2902">
     <span class='ocr_line' id='line_1_46' title="bbox 324 2822 1899 2902; baseline 0.002 -26"><span class='ocrx_word' id='word_1_354' title='bbox 324 2838 447 2888; x_wconf 84' lang='grc' dir='ltr'>σαν,</span> <span class='ocrx_word' id='word_1_355' title='bbox 468 2822 736 2893; x_wconf 82' lang='grc' dir='ltr'>γνώσεται</span> <span class='ocrx_word' id='word_1_356' title='bbox 767 2827 887 2899; x_wconf 83' lang='grc' dir='ltr'>μὲν,</span> <span class='ocrx_word' id='word_1_357' title='bbox 914 2826 990 2892; x_wconf 81' lang='grc' dir='ltr'>ὡς</span> <span class='ocrx_word' id='word_1_358' title='bbox 1016 2830 1137 2882; x_wconf 86' lang='grc' dir='ltr'>κατ’</span> <span class='ocrx_word' id='word_1_359' title='bbox 1162 2828 1330 2902; x_wconf 81' lang='grc' dir='ltr'>αὐτήν</span> <span class='ocrx_word' id='word_1_360' title='bbox 1361 2831 1508 2883; x_wconf 75' lang='grc' dir='ltr'>ἐστιν</span> <span class='ocrx_word' id='word_1_361' title='bbox 1538 2827 1645 2893; x_wconf 72' lang='grc' dir='ltr'>ἀεὶ,</span> <span class='ocrx_word' id='word_1_362' title='bbox 1673 2828 1816 2882; x_wconf 84' lang='grc' dir='ltr'>κατὰ</span> <span class='ocrx_word' id='word_1_363' title='bbox 1838 2826 1899 2880; x_wconf 80' lang='grc' dir='ltr'>τὸ</span> 
     </span>
    </p>
   </div>
   <div class='ocr_carea' id='block_1_47' title="bbox 324 2913 1898 2991">
    <p class='ocr_par' dir='ltr' id='par_1_47' title="bbox 324 2913 1898 2991">
     <span class='ocr_line' id='line_1_47' title="bbox 324 2913 1898 2991; baseline 0.004 -25"><span class='ocrx_word' id='word_1_364' title='bbox 324 2913 459 2968; x_wconf 81' lang='grc' dir='ltr'>αὐτὸ</span> <span class='ocrx_word' id='word_1_365' title='bbox 517 2922 581 2969; x_wconf 70' lang='grc' dir='ltr'>ειν</span> <span class='ocrx_word' id='word_1_366' title='bbox 629 2916 725 2989; x_wconf 81' lang='grc' dir='ltr'>τῆς</span> <span class='ocrx_word' id='word_1_367' title='bbox 784 2918 1010 2990; x_wconf 83' lang='grc' dir='ltr'>σελήνης</span> <span class='ocrx_word' id='word_1_368' title='bbox 1067 2920 1206 2985; x_wconf 82' lang='grc' dir='ltr'>ἔτος,</span> <span class='ocrx_word' id='word_1_369' title='bbox 1259 2923 1297 2991; x_wconf 86' lang='grc' dir='ltr'>ή</span> <span class='ocrx_word' id='word_1_370' title='bbox 1340 2927 1370 2972; x_wconf 89' lang='grc' dir='ltr'>ι’</span> <span class='ocrx_word' id='word_1_371' title='bbox 1414 2920 1508 2974; x_wconf 78' lang='grc' dir='ltr'>τοῦ</span> <span class='ocrx_word' id='word_1_372' title='bbox 1565 2918 1728 2973; x_wconf 72' lang='grc' dir='ltr'>αὑτοῦ</span> <span class='ocrx_word' id='word_1_373' title='bbox 1777 2918 1898 2973; x_wconf 85' lang='grc' dir='ltr'>καθ’</span> 
     </span>
    </p>
   </div>
   <div class='ocr_carea' id='block_1_48' title="bbox 335 3004 1897 3083">
    <p class='ocr_par' dir='ltr' id='par_1_48' title="bbox 335 3004 1897 3083">
     <span class='ocr_line' id='line_1_48' title="bbox 335 3004 1897 3083; baseline 0.004 -24"><span class='ocrx_word' id='word_1_374' title='bbox 335 3004 616 3079; x_wconf 85' lang='grc' dir='ltr'>Ἑϐραίους</span> <span class='ocrx_word' id='word_1_375' title='bbox 643 3007 826 3080; x_wconf 86' lang='grc' dir='ltr'>μηνός.</span> <span class='ocrx_word' id='word_1_376' title='bbox 852 3010 915 3063; x_wconf 90' lang='grc' dir='ltr'>Εἰ</span> <span class='ocrx_word' id='word_1_377' title='bbox 937 3010 994 3064; x_wconf 83' lang='grc' dir='ltr'>δὲ</span> <span class='ocrx_word' id='word_1_378' title='bbox 1015 3012 1108 3064; x_wconf 70' lang='grc' dir='ltr'>καὶ</span> <span class='ocrx_word' id='word_1_379' title='bbox 1127 3011 1227 3082; x_wconf 83' lang='grc' dir='ltr'>τὴν</span> <span class='ocrx_word' id='word_1_380' title='bbox 1245 3011 1598 3083; x_wconf 82' lang='grc' dir='ltr'>έϐδομαδικὴν</span> <span class='ocrx_word' id='word_1_381' title='bbox 1616 3010 1897 3082; x_wconf 86' lang='grc' dir='ltr'>βουληθείη</span> 
     </span>
    </p>
   </div>
   <div class='ocr_carea' id='block_1_49' title="bbox 328 3097 1902 3180">
    <p class='ocr_par' dir='ltr' id='par_1_49' title="bbox 328 3097 1902 3180">
     <span class='ocr_line' id='line_1_49' title="bbox 328 3097 1902 3180; baseline 0.005 -29"><span class='ocrx_word' id='word_1_382' title='bbox 328 3097 523 3170; x_wconf 77' lang='grc' dir='ltr'>μαθεῖν</span> <span class='ocrx_word' id='word_1_383' title='bbox 556 3100 790 3173; x_wconf 80' lang='grc' dir='ltr'>ἡμέραν,</span> <span class='ocrx_word' id='word_1_384' title='bbox 824 3104 889 3175; x_wconf 81' lang='grc' dir='ltr'>τῇ</span> <span class='ocrx_word' id='word_1_385' title='bbox 921 3104 1057 3176; x_wconf 78' lang='grc' dir='ltr'>αὐτῇ</span> <span class='ocrx_word' id='word_1_386' title='bbox 1083 3104 1176 3159; x_wconf 81' lang='grc' dir='ltr'>τοῦ</span> <span class='ocrx_word' id='word_1_387' title='bbox 1211 3104 1583 3180; x_wconf 82' lang='grc' dir='ltr'>Σεπτεμϐρίου</span> <span class='ocrx_word' id='word_1_388' title='bbox 1615 3104 1782 3176; x_wconf 80' lang='grc' dir='ltr'>μηνὸς</span> <span class='ocrx_word' id='word_1_389' title='bbox 1805 3121 1902 3159; x_wconf 82' lang='grc' dir='ltr'>πο-</span> 
     </span>
    </p>
   </div>
   <div class='ocr_carea' id='block_1_50' title="bbox 328 3188 1901 3273">
    <p class='ocr_par' dir='ltr' id='par_1_50' title="bbox 328 3188 1901 3273">
     <span class='ocr_line' id='line_1_50' title="bbox 328 3188 1901 3273; baseline 0.005 -32"><span class='ocrx_word' id='word_1_390' title='bbox 328 3189 512 3261; x_wconf 84' lang='grc' dir='ltr'>σταίᾳ,</span> <span class='ocrx_word' id='word_1_391' title='bbox 545 3188 689 3260; x_wconf 88' lang='grc' dir='ltr'>λέγω</span> <span class='ocrx_word' id='word_1_392' title='bbox 724 3191 781 3245; x_wconf 83' lang='grc' dir='ltr'>δὲ</span> <span class='ocrx_word' id='word_1_393' title='bbox 807 3195 874 3265; x_wconf 84' lang='grc' dir='ltr'>τῇ</span> <span class='ocrx_word' id='word_1_394' title='bbox 910 3194 1086 3248; x_wconf 88' lang='grc' dir='ltr'>εἰκάδι</span> <span class='ocrx_word' id='word_1_395' title='bbox 1125 3198 1337 3270; x_wconf 82' lang='grc' dir='ltr'>πρώτῃ,</span> <span class='ocrx_word' id='word_1_396' title='bbox 1366 3195 1463 3260; x_wconf 86' lang='grc' dir='ltr'>τὰς</span> <span class='ocrx_word' id='word_1_397' title='bbox 1492 3194 1901 3273; x_wconf 82' lang='grc' dir='ltr'>παρακειμένας</span> 
     </span>
    </p>
   </div>
   <div class='ocr_carea' id='block_1_51' title="bbox 324 3278 1903 3355">
    <p class='ocr_par' dir='ltr' id='par_1_51' title="bbox 324 3278 1903 3355">
     <span class='ocr_line' id='line_1_51' title="bbox 324 3278 1903 3355; baseline 0.004 -24"><span class='ocrx_word' id='word_1_398' title='bbox 324 3278 435 3332; x_wconf 77' lang='grc' dir='ltr'>ἀπὸ</span> <span class='ocrx_word' id='word_1_399' title='bbox 469 3279 698 3351; x_wconf 87' lang='grc' dir='ltr'>σηρικοῦ</span> <span class='ocrx_word' id='word_1_400' title='bbox 739 3281 1046 3354; x_wconf 86' lang='grc' dir='ltr'>προσθετὰς</span> <span class='ocrx_word' id='word_1_401' title='bbox 1085 3283 1299 3355; x_wconf 83' lang='grc' dir='ltr'>ἡμέρας</span> <span class='ocrx_word' id='word_1_402' title='bbox 1325 3282 1594 3348; x_wconf 74' lang='grc' dir='ltr'>ἐπιϐάλοι,</span> <span class='ocrx_word' id='word_1_403' title='bbox 1631 3283 1769 3354; x_wconf 81' lang='grc' dir='ltr'>μετὰ</span> <span class='ocrx_word' id='word_1_404' title='bbox 1809 3284 1903 3337; x_wconf 75' lang='grc' dir='ltr'>καὶ</span> 
     </span>
    </p>
   </div>
   <div class='ocr_carea' id='block_1_52' title="bbox 321 3369 1900 3448">
    <p class='ocr_par' dir='ltr' id='par_1_52' title="bbox 321 3369 1900 3448">
     <span class='ocr_line' id='line_1_52' title="bbox 321 3369 1900 3448; baseline 0.005 -26"><span class='ocrx_word' id='word_1_405' title='bbox 321 3369 433 3424; x_wconf 88' lang='grc' dir='ltr'>τῶν</span> <span class='ocrx_word' id='word_1_406' title='bbox 456 3371 711 3426; x_wconf 73' lang='grc' dir='ltr'>ὲπακτῶν</span> <span class='ocrx_word' id='word_1_407' title='bbox 732 3371 827 3427; x_wconf 81' lang='grc' dir='ltr'>τοῦ</span> <span class='ocrx_word' id='word_1_408' title='bbox 854 3374 1147 3439; x_wconf 77' lang='grc' dir='ltr'>ἐνεστῶτος</span> <span class='ocrx_word' id='word_1_409' title='bbox 1179 3375 1329 3448; x_wconf 82' lang='grc' dir='ltr'>ἡλίου</span> <span class='ocrx_word' id='word_1_410' title='bbox 1357 3375 1510 3440; x_wconf 76' lang='grc' dir='ltr'>ἔτους</span> <span class='ocrx_word' id='word_1_411' title='bbox 1528 3392 1544 3408; x_wconf 87' lang='grc'><strong>·</strong></span> <span class='ocrx_word' id='word_1_412' title='bbox 1572 3370 1683 3429; x_wconf 70' lang='grc' dir='ltr'>οἷον</span> <span class='ocrx_word' id='word_1_413' title='bbox 1707 3376 1783 3440; x_wconf 85' lang='grc' dir='ltr'>ὡς</span> <span class='ocrx_word' id='word_1_414' title='bbox 1808 3377 1900 3430; x_wconf 73' lang='grc' dir='ltr'>ἐπὶ</span> 
     </span>
    </p>
   </div>
   <div class='ocr_carea' id='block_1_53' title="bbox 2690 2157 2889 2213">
    <p class='ocr_par' dir='ltr' id='par_1_53' title="bbox 2690 2157 2889 2213">
     <span class='ocr_line' id='line_1_53' title="bbox 2690 2157 2889 2213; baseline 0.015 -4"><span class='ocrx_word' id='word_1_415' title='bbox 2690 2157 2889 2213; x_wconf 81' lang='lat' dir='ltr'><strong>riatur.</strong></span> 
     </span>
    </p>
   </div>
   <div class='ocr_carea' id='block_1_54' title="bbox 2068 2264 3572 2340">
    <p class='ocr_par' dir='ltr' id='par_1_54' title="bbox 2068 2264 3572 2340">
     <span class='ocr_line' id='line_1_54' title="bbox 2068 2264 3572 2340; baseline 0.003 -16"><span class='ocrx_word' id='word_1_416' title='bbox 2068 2268 2188 2324; x_wconf 83' lang='lat' dir='ltr'>XX.</span> <span class='ocrx_word' id='word_1_417' title='bbox 2225 2269 2286 2324; x_wconf 84' lang='lat' dir='ltr'><strong>Si</strong></span> <span class='ocrx_word' id='word_1_418' title='bbox 2331 2269 2549 2340; x_wconf 86' lang='lat' dir='ltr'><strong>septimi</strong></span> <span class='ocrx_word' id='word_1_419' title='bbox 2594 2268 2802 2324; x_wconf 88' lang='lat' dir='ltr'><strong>mensis</strong></span> <span class='ocrx_word' id='word_1_420' title='bbox 2844 2264 3060 2323; x_wconf 68' lang='lat' dir='ltr'><strong>Iudaici</strong></span> <span class='ocrx_word' id='word_1_421' title='bbox 3105 2268 3376 2326; x_wconf 89' lang='lat' dir='ltr'><strong>decimum</strong></span> <span class='ocrx_word' id='word_1_422' title='bbox 3431 2269 3572 2328; x_wconf 90' lang='lat' dir='ltr'><strong>diem</strong></span> 
     </span>
    </p>
   </div>
   <div class='ocr_carea' id='block_1_55' title="bbox 1998 2359 3576 2435">
    <p class='ocr_par' dir='ltr' id='par_1_55' title="bbox 1998 2359 3576 2435">
     <span class='ocr_line' id='line_1_55' title="bbox 1998 2359 3576 2435; baseline 0.001 -18"><span class='ocrx_word' id='word_1_423' title='bbox 1998 2376 2165 2419; x_wconf 86' lang='lat' dir='ltr'><strong>nosse</strong></span> <span class='ocrx_word' id='word_1_424' title='bbox 2189 2363 2407 2418; x_wconf 88' lang='lat' dir='ltr'><strong>studeat</strong></span> <span class='ocrx_word' id='word_1_425' title='bbox 2447 2360 2667 2432; x_wconf 88' lang='lat' dir='ltr'><strong>aliquis,</strong></span> <span class='ocrx_word' id='word_1_426' title='bbox 2698 2361 2754 2415; x_wconf 88' lang='lat' dir='ltr'>in</span> <span class='ocrx_word' id='word_1_427' title='bbox 2792 2359 3099 2417; x_wconf 82' lang='lat' dir='ltr'><strong>dexteriore</strong></span> <span class='ocrx_word' id='word_1_428' title='bbox 3132 2361 3360 2419; x_wconf 89' lang='lat' dir='ltr'><strong>canonis</strong></span> <span class='ocrx_word' id='word_1_429' title='bbox 3399 2371 3576 2435; x_wconf 74' lang='lat' dir='ltr'><strong>parte,</strong></span> 
     </span>
    </p>
   </div>
   <div class='ocr_carea' id='block_1_56' title="bbox 1997 2452 3575 2529">
    <p class='ocr_par' dir='ltr' id='par_1_56' title="bbox 1997 2452 3575 2529">
     <span class='ocr_line' id='line_1_56' title="bbox 1997 2452 3575 2529; baseline -0.002 -16"><span class='ocrx_word' id='word_1_430' title='bbox 1997 2472 2120 2529; x_wconf 76' lang='lat' dir='ltr'><strong>quae</strong></span> <span class='ocrx_word' id='word_1_431' title='bbox 2171 2452 2457 2511; x_wconf 82' lang='lat' dir='ltr'><strong>Pascliatis</strong></span> <span class='ocrx_word' id='word_1_432' title='bbox 2504 2453 2758 2510; x_wconf 80' lang='lat' dir='ltr'><strong>versibus</strong></span> <span class='ocrx_word' id='word_1_433' title='bbox 2800 2454 3047 2524; x_wconf 78' lang='lat' dir='ltr'><strong>proxima</strong></span> <span class='ocrx_word' id='word_1_434' title='bbox 3096 2463 3217 2521; x_wconf 92' lang='lat' dir='ltr'><strong>est,</strong></span> <span class='ocrx_word' id='word_1_435' title='bbox 3263 2455 3575 2527; x_wconf 81' lang='lat' dir='ltr'><strong>inquiratur</strong></span> 
     </span>
    </p>
   </div>
   <div class='ocr_carea' id='block_1_57' title="bbox 1999 2546 3576 2619">
    <p class='ocr_par' dir='ltr' id='par_1_57' title="bbox 1999 2546 3576 2619">
     <span class='ocr_line' id='line_1_57' title="bbox 1999 2546 3576 2619; baseline 0.003 -16"><span class='ocrx_word' id='word_1_436' title='bbox 1999 2548 2207 2604; x_wconf 90' lang='lat' dir='ltr'><strong>mensis</strong></span> <span class='ocrx_word' id='word_1_437' title='bbox 2235 2546 2518 2603; x_wconf 81' lang='lat' dir='ltr'><strong>Romanus</strong></span> <span class='ocrx_word' id='word_1_438' title='bbox 2546 2561 2691 2601; x_wconf 89' lang='lat' dir='ltr'><strong>anno</strong></span> <span class='ocrx_word' id='word_1_439' title='bbox 2714 2546 2856 2603; x_wconf 74' lang='lat' dir='ltr'><strong>lunae</strong></span> <span class='ocrx_word' id='word_1_440' title='bbox 2884 2546 3077 2616; x_wconf 89' lang='lat' dir='ltr'><strong>quinto</strong></span> <span class='ocrx_word' id='word_1_441' title='bbox 3109 2547 3322 2603; x_wconf 91' lang='lat' dir='ltr'><strong>decimo</strong></span> <span class='ocrx_word' id='word_1_442' title='bbox 3346 2563 3576 2619; x_wconf 55' lang='lat' dir='ltr'><strong>respona</strong></span> 
     </span>
    </p>
   </div>
   <div class='ocr_carea' id='block_1_58' title="bbox 1998 2636 3575 2713">
    <p class='ocr_par' dir='ltr' id='par_1_58' title="bbox 1998 2636 3575 2713">
     <span class='ocr_line' id='line_1_58' title="bbox 1998 2636 3575 2713; baseline 0.002 -19"><span class='ocrx_word' id='word_1_443' title='bbox 1998 2638 2133 2696; x_wconf 91' lang='lat' dir='ltr'><strong>dens</strong></span> <span class='ocrx_word' id='word_1_444' title='bbox 2168 2639 2352 2699; x_wconf 81' lang='lat' dir='ltr'><strong>(isest</strong></span> <span class='ocrx_word' id='word_1_445' title='bbox 2402 2636 2768 2708; x_wconf 83' lang='lat' dir='ltr'><strong>September),</strong></span> <span class='ocrx_word' id='word_1_446' title='bbox 2803 2654 2910 2693; x_wconf 86' lang='lat' dir='ltr'>una</span> <span class='ocrx_word' id='word_1_447' title='bbox 2944 2653 3068 2695; x_wconf 90' lang='lat' dir='ltr'>cum</span> <span class='ocrx_word' id='word_1_448' title='bbox 3103 2647 3268 2709; x_wconf 91' lang='lat' dir='ltr'><strong>quota</strong></span> <span class='ocrx_word' id='word_1_449' title='bbox 3310 2639 3419 2705; x_wconf 91' lang='lat' dir='ltr'><strong>die,</strong></span> <span class='ocrx_word' id='word_1_450' title='bbox 3454 2656 3575 2713; x_wconf 74' lang='lat' dir='ltr'><strong>qua:</strong></span> 
     </span>
    </p>
   </div>
   <div class='ocr_carea' id='block_1_59' title="bbox 1997 2715 3574 2802">
    <p class='ocr_par' dir='ltr' id='par_1_59' title="bbox 1997 2715 3574 2802">
     <span class='ocr_line' id='line_1_59' title="bbox 1997 2715 3574 2802; baseline 0.002 -17"><span class='ocrx_word' id='word_1_451' title='bbox 1997 2738 2082 2787; x_wconf 91' lang='lat' dir='ltr'>est</span> <span class='ocrx_word' id='word_1_452' title='bbox 2126 2747 2218 2786; x_wconf 71' lang='grc' dir='ltr'>χιιι</span> <span class='ocrx_word' id='word_1_453' title='bbox 2262 2730 2516 2787; x_wconf 85' lang='lat' dir='ltr'><strong>:noverit</strong></span> <span class='ocrx_word' id='word_1_454' title='bbox 2562 2744 2693 2802; x_wconf 77' lang='lat' dir='ltr'><strong>ergo</strong></span> <span class='ocrx_word' id='word_1_455' title='bbox 2726 2715 2999 2802; x_wconf 84' lang='lat' dir='ltr'><strong>perpetuo</strong></span> <span class='ocrx_word' id='word_1_456' title='bbox 3046 2746 3191 2787; x_wconf 91' lang='lat' dir='ltr'><strong>anno</strong></span> <span class='ocrx_word' id='word_1_457' title='bbox 3234 2731 3379 2788; x_wconf 82' lang='lat' dir='ltr'><strong>lunae</strong></span> <span class='ocrx_word' id='word_1_458' title='bbox 3408 2749 3477 2788; x_wconf 82' lang='lat' dir='ltr'><strong>xv</strong></span> <span class='ocrx_word' id='word_1_459' title='bbox 3518 2733 3574 2788; x_wconf 92' lang='lat' dir='ltr'>in</span> 
     </span>
    </p>
   </div>
   <div class='ocr_carea' id='block_1_60' title="bbox 1997 2821 3574 2882">
    <p class='ocr_par' dir='ltr' id='par_1_60' title="bbox 1997 2821 3574 2882">
     <span class='ocr_line' id='line_1_60' title="bbox 1997 2821 3574 2882; baseline -0.001 0"><span class='ocrx_word' id='word_1_460' title='bbox 1997 2821 2244 2882; x_wconf 86' lang='lat' dir='ltr'><strong>eamdem</strong></span> <span class='ocrx_word' id='word_1_461' title='bbox 2274 2821 2415 2878; x_wconf 90' lang='lat' dir='ltr'><strong>diem</strong></span> <span class='ocrx_word' id='word_1_462' title='bbox 2440 2821 2682 2879; x_wconf 89' lang='lat' dir='ltr'><strong>incidere</strong></span> <span class='ocrx_word' id='word_1_463' title='bbox 2707 2822 2976 2878; x_wconf 89' lang='lat' dir='ltr'><strong>decimam</strong></span> <span class='ocrx_word' id='word_1_464' title='bbox 3007 2823 3149 2879; x_wconf 88' lang='lat' dir='ltr'><strong>diem</strong></span> <span class='ocrx_word' id='word_1_465' title='bbox 3179 2822 3390 2881; x_wconf 67' lang='lat' dir='ltr'><strong>Iudaici</strong></span> <span class='ocrx_word' id='word_1_466' title='bbox 3422 2842 3574 2881; x_wconf 89' lang='lat' dir='ltr'><strong>men-</strong></span> 
     </span>
    </p>
   </div>
   <div class='ocr_carea' id='block_1_61' title="bbox 2000 2913 3575 2986">
    <p class='ocr_par' dir='ltr' id='par_1_61' title="bbox 2000 2913 3575 2986">
     <span class='ocr_line' id='line_1_61' title="bbox 2000 2913 3575 2986; baseline 0 -14"><span class='ocrx_word' id='word_1_467' title='bbox 2000 2918 2099 2973; x_wconf 88' lang='lat' dir='ltr'><strong>sis.</strong></span> <span class='ocrx_word' id='word_1_468' title='bbox 2130 2914 2284 2981; x_wconf 84' lang='lat' dir='ltr'><strong>Quod</strong></span> <span class='ocrx_word' id='word_1_469' title='bbox 2322 2913 2369 2969; x_wconf 89' lang='lat' dir='ltr'>si</span> <span class='ocrx_word' id='word_1_470' title='bbox 2404 2913 2592 2969; x_wconf 85' lang='lat' dir='ltr'><strong>feriam</strong></span> <span class='ocrx_word' id='word_1_471' title='bbox 2624 2920 2885 2984; x_wconf 66' lang='lat' dir='ltr'><strong>praeterea</strong></span> <span class='ocrx_word' id='word_1_472' title='bbox 2918 2915 3187 2986; x_wconf 87' lang='lat' dir='ltr'><strong>requirit,</strong></span> <span class='ocrx_word' id='word_1_473' title='bbox 3225 2916 3292 2972; x_wconf 92' lang='lat' dir='ltr'>ad</span> <span class='ocrx_word' id='word_1_474' title='bbox 3335 2933 3427 2972; x_wconf 79' lang='lat' dir='ltr'><strong>nr</strong></span> <span class='ocrx_word' id='word_1_475' title='bbox 3472 2917 3575 2973; x_wconf 85' lang='lat' dir='ltr'>Se-</span> 
     </span>
    </p>
   </div>
   <div class='ocr_carea' id='block_1_62' title="bbox 1998 3003 3572 3079">
    <p class='ocr_par' dir='ltr' id='par_1_62' title="bbox 1998 3003 3572 3079">
     <span class='ocr_line' id='line_1_62' title="bbox 1998 3003 3572 3079; baseline -0.001 -17"><span class='ocrx_word' id='word_1_476' title='bbox 1998 3004 2263 3079; x_wconf 89' lang='lat' dir='ltr'><strong>ptembris</strong></span> <span class='ocrx_word' id='word_1_477' title='bbox 2303 3003 2581 3076; x_wconf 80' lang='lat' dir='ltr'><strong>regulares</strong></span> <span class='ocrx_word' id='word_1_478' title='bbox 2628 3003 2920 3069; x_wconf 89' lang='lat' dir='ltr'><strong>addantur,</strong></span> <span class='ocrx_word' id='word_1_479' title='bbox 2969 3005 3061 3075; x_wconf 90' lang='lat' dir='ltr'><strong>qui</strong></span> <span class='ocrx_word' id='word_1_480' title='bbox 3096 3005 3273 3062; x_wconf 85' lang='lat' dir='ltr'><strong>serico</strong></span> <span class='ocrx_word' id='word_1_481' title='bbox 3319 3007 3386 3062; x_wconf 90' lang='lat' dir='ltr'>ad</span> <span class='ocrx_word' id='word_1_482' title='bbox 3420 3008 3572 3062; x_wconf 72' lang='lat' dir='ltr'><strong>illam</strong></span> 
     </span>
    </p>
   </div>
   <div class='ocr_carea' id='block_1_63' title="bbox 1999 3094 3571 3166">
    <p class='ocr_par' dir='ltr' id='par_1_63' title="bbox 1999 3094 3571 3166">
     <span class='ocr_line' id='line_1_63' title="bbox 1999 3094 3571 3166; baseline 0 -12"><span class='ocrx_word' id='word_1_483' title='bbox 1999 3097 2144 3154; x_wconf 89' lang='lat' dir='ltr'><strong>diem</strong></span> <span class='ocrx_word' id='word_1_484' title='bbox 2192 3094 2568 3160; x_wconf 88' lang='lat' dir='ltr'><strong>ascribuntur,</strong></span> <span class='ocrx_word' id='word_1_485' title='bbox 2620 3111 2730 3150; x_wconf 91' lang='lat' dir='ltr'>una</span> <span class='ocrx_word' id='word_1_486' title='bbox 2771 3110 2899 3151; x_wconf 86' lang='lat' dir='ltr'>cum</span> <span class='ocrx_word' id='word_1_487' title='bbox 2935 3096 3146 3166; x_wconf 86' lang='lat' dir='ltr'><strong>epactis</strong></span> <span class='ocrx_word' id='word_1_488' title='bbox 3187 3098 3315 3153; x_wconf 92' lang='lat' dir='ltr'><strong>anni</strong></span> <span class='ocrx_word' id='word_1_489' title='bbox 3356 3099 3571 3162; x_wconf 88' lang='lat' dir='ltr'><strong>solaris,</strong></span> 
     </span>
    </p>
   </div>
   <div class='ocr_carea' id='block_1_64' title="bbox 2000 3186 3576 3261">
    <p class='ocr_par' dir='ltr' id='par_1_64' title="bbox 2000 3186 3576 3261">
     <span class='ocr_line' id='line_1_64' title="bbox 2000 3186 3576 3261; baseline 0.001 -14"><span class='ocrx_word' id='word_1_490' title='bbox 2000 3204 2122 3261; x_wconf 64' lang='lat' dir='ltr'><strong>quae</strong></span> <span class='ocrx_word' id='word_1_491' title='bbox 2148 3197 2278 3246; x_wconf 89' lang='lat' dir='ltr'><strong>sunt</strong></span> <span class='ocrx_word' id='word_1_492' title='bbox 2322 3197 2556 3260; x_wconf 87' lang='lat' dir='ltr'><strong>septem.</strong></span> <span class='ocrx_word' id='word_1_493' title='bbox 2590 3186 2869 3244; x_wconf 82' lang='lat' dir='ltr'><strong>Summam</strong></span> <span class='ocrx_word' id='word_1_494' title='bbox 2915 3189 3126 3245; x_wconf 90' lang='lat' dir='ltr'><strong>dierum</strong></span> <span class='ocrx_word' id='word_1_495' title='bbox 3170 3206 3341 3258; x_wconf 69' lang='lat' dir='ltr'><strong>axxw</strong></span> <span class='ocrx_word' id='word_1_496' title='bbox 3369 3190 3576 3249; x_wconf 79' lang='lat' dir='ltr'><strong>dividat</strong></span> 
     </span>
    </p>
   </div>
   <div class='ocr_carea' id='block_1_65' title="bbox 2001 3281 3575 3360">
    <p class='ocr_par' dir='ltr' id='par_1_65' title="bbox 2001 3281 3575 3360">
     <span class='ocr_line' id='line_1_65' title="bbox 2001 3281 3575 3360; baseline 0.002 -25"><span class='ocrx_word' id='word_1_497' title='bbox 2001 3298 2099 3355; x_wconf 86' lang='lat' dir='ltr'>per</span> <span class='ocrx_word' id='word_1_498' title='bbox 2127 3297 2228 3347; x_wconf 87' lang='lat' dir='ltr'>vu,</span> <span class='ocrx_word' id='word_1_499' title='bbox 2263 3281 2645 3353; x_wconf 89' lang='lat' dir='ltr'><strong>relinquentur</strong></span> <span class='ocrx_word' id='word_1_500' title='bbox 2675 3296 2905 3360; x_wconf 40' lang='grc' dir='ltr'>νικηιιεε</span> <span class='ocrx_word' id='word_1_501' title='bbox 2936 3281 3183 3337; x_wconf 90' lang='lat' dir='ltr'><strong>indicant</strong></span> <span class='ocrx_word' id='word_1_502' title='bbox 3219 3282 3411 3339; x_wconf 82' lang='lat' dir='ltr'><strong>feriam</strong></span> <span class='ocrx_word' id='word_1_503' title='bbox 3451 3298 3575 3338; x_wconf 90' lang='lat' dir='ltr'><strong>esse</strong></span> 
     </span>
    </p>
   </div>
   <div class='ocr_carea' id='block_1_66' title="bbox 2001 3369 3661 3441">
    <p class='ocr_par' dir='ltr' id='par_1_66' title="bbox 2001 3369 3661 3441">
     <span class='ocr_line' id='line_1_66' title="bbox 2001 3369 3661 3441; baseline 0.002 -16"><span class='ocrx_word' id='word_1_504' title='bbox 2001 3388 2079 3438; x_wconf 77' lang='lat' dir='ltr'>v1,</span> <span class='ocrx_word' id='word_1_505' title='bbox 2123 3372 2239 3429; x_wconf 87' lang='lat' dir='ltr'><strong>sive</strong></span> <span class='ocrx_word' id='word_1_506' title='bbox 2277 3370 2640 3427; x_wconf 83' lang='lat' dir='ltr'><strong>Parasceven.</strong></span> <span class='ocrx_word' id='word_1_507' title='bbox 2686 3369 2887 3441; x_wconf 82' lang='lat' dir='ltr'><strong>Eadem</strong></span> <span class='ocrx_word' id='word_1_508' title='bbox 2934 3372 3223 3429; x_wconf 89' lang='lat' dir='ltr'><strong>methodus</strong></span> <span class='ocrx_word' id='word_1_509' title='bbox 3266 3372 3574 3428; x_wconf 88' lang='lat' dir='ltr'><strong>adhibenda</strong></span> <span class='ocrx_word' id='word_1_510' title='bbox 3648 3412 3661 3421; x_wconf 48' lang='grc' dir='ltr'>κ</span> 
     </span>
    </p>
   </div>
   <div class='ocr_carea' id='block_1_67' title="bbox 321 3440 1921 3543">
    <p class='ocr_par' dir='ltr' id='par_1_67' title="bbox 321 3440 1898 3537">
     <span class='ocr_line' id='line_1_67' title="bbox 321 3440 1898 3537; baseline 0.005 -24"><span class='ocrx_word' id='word_1_511' title='bbox 321 3460 417 3514; x_wconf 86' lang='grc' dir='ltr'>τοῦ</span> <span class='ocrx_word' id='word_1_512' title='bbox 439 3460 658 3536; x_wconf 85' lang='grc' dir='ltr'>πρώτου</span> <span class='ocrx_word' id='word_1_513' title='bbox 685 3461 837 3528; x_wconf 80' lang='grc' dir='ltr'>ἔτους</span> <span class='ocrx_word' id='word_1_514' title='bbox 860 3464 959 3528; x_wconf 81' lang='grc' dir='ltr'>τὰς</span> <span class='ocrx_word' id='word_1_515' title='bbox 983 3464 1027 3530; x_wconf 79' lang='grc' dir='ltr'>ζ’</span> <span class='ocrx_word' id='word_1_516' title='bbox 1051 3440 1261 3537; x_wconf 78' lang='grc' dir='ltr'>ἡμέρας</span> <span class='ocrx_word' id='word_1_517' title='bbox 1278 3484 1292 3498; x_wconf 76' lang='lat'><strong><em>°</em></strong></span> <span class='ocrx_word' id='word_1_518' title='bbox 1326 3468 1420 3522; x_wconf 79' lang='grc' dir='ltr'>καὶ</span> <span class='ocrx_word' id='word_1_519' title='bbox 1441 3466 1583 3521; x_wconf 75' lang='grc' dir='ltr'>οὕτω</span> <span class='ocrx_word' id='word_1_520' title='bbox 1621 3466 1721 3530; x_wconf 87' lang='grc' dir='ltr'>τὰς</span> <span class='ocrx_word' id='word_1_521' title='bbox 1751 3466 1898 3532; x_wconf 82' lang='grc' dir='ltr'>ὅλας,</span> 
     </span>
    </p>
   </div>
   <div class='ocr_carea' id='block_1_68' title="bbox 2005 3440 3574 3543">
    <p class='ocr_par' dir='ltr' id='par_1_68' title="bbox 2006 3448 3574 3543">
     <span class='ocr_line' id='line_1_68' title="bbox 2006 3448 3574 3543; baseline 0.001 -25"><span class='ocrx_word' id='word_1_522' title='bbox 2006 3462 2165 3520; x_wconf 89' lang='lat' dir='ltr'><strong>annis</strong></span> <span class='ocrx_word' id='word_1_523' title='bbox 2196 3462 2483 3528; x_wconf 91' lang='lat' dir='ltr'><strong>omnibus,</strong></span> <span class='ocrx_word' id='word_1_524' title='bbox 2534 3452 2667 3543; x_wconf 54' lang='lat' dir='ltr'><strong>quae</strong></span> <span class='ocrx_word' id='word_1_525' title='bbox 2701 3448 2767 3543; x_wconf 33' lang='lat' dir='ltr'><strong>in.</strong></span> <span class='ocrx_word' id='word_1_526' title='bbox 2802 3463 2988 3518; x_wconf 78' lang='lat' dir='ltr'><strong>dextra</strong></span> <span class='ocrx_word' id='word_1_527' title='bbox 3021 3474 3176 3535; x_wconf 87' lang='lat' dir='ltr'><strong>parte</strong></span> <span class='ocrx_word' id='word_1_528' title='bbox 3217 3467 3443 3520; x_wconf 87' lang='lat' dir='ltr'><strong>canonis</strong></span> <span class='ocrx_word' id='word_1_529' title='bbox 3477 3479 3574 3520; x_wconf 87' lang='lat' dir='ltr'><strong>oc-</strong></span> 
     </span>
    </p>
   </div>
   <div class='ocr_carea' id='block_1_69' title="bbox 322 3553 1898 3633">
    <p class='ocr_par' dir='ltr' id='par_1_69' title="bbox 322 3553 1898 3633">
     <span class='ocr_line' id='line_1_69' title="bbox 322 3553 1898 3633; baseline 0.003 -26"><span class='ocrx_word' id='word_1_530' title='bbox 322 3553 490 3623; x_wconf 82' lang='grc' dir='ltr'>ήγουν</span> <span class='ocrx_word' id='word_1_531' title='bbox 520 3554 619 3618; x_wconf 79' lang='grc' dir='ltr'>τὰς</span> <span class='ocrx_word' id='word_1_532' title='bbox 655 3555 748 3622; x_wconf 81' lang='grc' dir='ltr'>λδ¹,</span> <span class='ocrx_word' id='word_1_533' title='bbox 783 3560 863 3622; x_wconf 85' lang='grc' dir='ltr'>εἰς</span> <span class='ocrx_word' id='word_1_534' title='bbox 898 3559 995 3623; x_wconf 77' lang='grc' dir='ltr'>τὰς</span> <span class='ocrx_word' id='word_1_535' title='bbox 1024 3558 1067 3623; x_wconf 80' lang='grc' dir='ltr'><strong>ζ’</strong></span> <span class='ocrx_word' id='word_1_536' title='bbox 1105 3560 1336 3633; x_wconf 87' lang='grc' dir='ltr'>μερίσει,</span> <span class='ocrx_word' id='word_1_537' title='bbox 1377 3560 1471 3615; x_wconf 74' lang='grc' dir='ltr'>καὶ</span> <span class='ocrx_word' id='word_1_538' title='bbox 1515 3562 1580 3615; x_wconf 81' lang='grc' dir='ltr'>ἐκ</span> <span class='ocrx_word' id='word_1_539' title='bbox 1629 3561 1738 3614; x_wconf 91' lang='grc' dir='ltr'>τῶν</span> <span class='ocrx_word' id='word_1_540' title='bbox 1765 3560 1898 3613; x_wconf 83' lang='grc' dir='ltr'>ὑπο-</span> 
     </span>
    </p>
   </div>
   <div class='ocr_carea' id='block_1_70' title="bbox 320 3645 1896 3723">
    <p class='ocr_par' dir='ltr' id='par_1_70' title="bbox 320 3645 1896 3723">
     <span class='ocr_line' id='line_1_70' title="bbox 320 3645 1896 3723; baseline 0.004 -24"><span class='ocrx_word' id='word_1_541' title='bbox 320 3645 737 3718; x_wconf 81' lang='grc' dir='ltr'>λιμπανομένων</span> <span class='ocrx_word' id='word_1_542' title='bbox 785 3648 844 3715; x_wconf 79' lang='grc' dir='ltr'>ἓξ</span> <span class='ocrx_word' id='word_1_543' title='bbox 888 3651 1173 3723; x_wconf 77' lang='grc' dir='ltr'>ἰσάριθμον</span> <span class='ocrx_word' id='word_1_544' title='bbox 1218 3653 1423 3707; x_wconf 74' lang='grc' dir='ltr'>εἴσεται</span> <span class='ocrx_word' id='word_1_545' title='bbox 1472 3655 1689 3712; x_wconf 85' lang='grc' dir='ltr'>πάντως</span> <span class='ocrx_word' id='word_1_546' title='bbox 1732 3647 1896 3706; x_wconf 82' lang='grc' dir='ltr'>οὖσαν</span> 
     </span>
    </p>
   </div>
   <div class='ocr_carea' id='block_1_71' title="bbox 318 3732 1897 3817">
    <p class='ocr_par' dir='ltr' id='par_1_71' title="bbox 318 3732 1897 3817">
     <span class='ocr_line' id='line_1_71' title="bbox 318 3732 1897 3817; baseline 0.003 -24"><span class='ocrx_word' id='word_1_547' title='bbox 318 3737 423 3809; x_wconf 77' lang='grc' dir='ltr'>τὴν</span> <span class='ocrx_word' id='word_1_548' title='bbox 452 3732 827 3813; x_wconf 80' lang='grc' dir='ltr'>έϐδομαδικὴν,</span> <span class='ocrx_word' id='word_1_549' title='bbox 862 3743 1106 3797; x_wconf 86' lang='grc' dir='ltr'>τουτέστι</span> <span class='ocrx_word' id='word_1_550' title='bbox 1141 3745 1517 3817; x_wconf 88' lang='grc' dir='ltr'>Παρασκευήν.</span> <span class='ocrx_word' id='word_1_551' title='bbox 1544 3744 1703 3799; x_wconf 82' lang='grc' dir='ltr'>Κατά</span> <span class='ocrx_word' id='word_1_552' title='bbox 1724 3741 1897 3797; x_wconf 78' lang='grc' dir='ltr'>ταῦτα</span> 
     </span>
    </p>
   </div>
   <div class='ocr_carea' id='block_1_72' title="bbox 316 3827 1893 3908">
    <p class='ocr_par' dir='ltr' id='par_1_72' title="bbox 316 3827 1893 3908">
     <span class='ocr_line' id='line_1_72' title="bbox 316 3827 1893 3908; baseline 0.006 -26"><span class='ocrx_word' id='word_1_553' title='bbox 316 3827 379 3882; x_wconf 75' lang='grc' dir='ltr'>δὲ</span> <span class='ocrx_word' id='word_1_554' title='bbox 407 3833 670 3903; x_wconf 87' lang='grc' dir='ltr'>χρήσεταί</span> <span class='ocrx_word' id='word_1_555' title='bbox 707 3851 792 3901; x_wconf 87' lang='grc' dir='ltr'>τις</span> <span class='ocrx_word' id='word_1_556' title='bbox 834 3837 930 3890; x_wconf 75' lang='grc' dir='ltr'>καὶ</span> <span class='ocrx_word' id='word_1_557' title='bbox 958 3837 1042 3906; x_wconf 72' lang='grc' dir='ltr'>ἐφ’</span> <span class='ocrx_word' id='word_1_558' title='bbox 1080 3837 1295 3908; x_wconf 78' lang='grc' dir='ltr'>ἑκάστῳ</span> <span class='ocrx_word' id='word_1_559' title='bbox 1336 3837 1445 3892; x_wconf 76' lang='grc' dir='ltr'>ἔτει</span> <span class='ocrx_word' id='word_1_560' title='bbox 1470 3838 1670 3892; x_wconf 60' lang='grc' dir='ltr'>τῶνεέκ</span> <span class='ocrx_word' id='word_1_561' title='bbox 1704 3836 1893 3902; x_wconf 79' lang='grc' dir='ltr'>δεξιῶν</span> 
     </span>
    </p>
   </div>
   <div class='ocr_carea' id='block_1_73' title="bbox 319 3923 1895 4001">
    <p class='ocr_par' dir='ltr' id='par_1_73' title="bbox 319 3923 1895 4001">
     <span class='ocr_line' id='line_1_73' title="bbox 319 3923 1895 4001; baseline 0.004 -27"><span class='ocrx_word' id='word_1_562' title='bbox 319 3923 671 3993; x_wconf 86' lang='grc' dir='ltr'>τεταγμένων</span> <span class='ocrx_word' id='word_1_563' title='bbox 721 3925 815 3980; x_wconf 81' lang='grc' dir='ltr'>τοῦ</span> <span class='ocrx_word' id='word_1_564' title='bbox 860 3928 1107 3981; x_wconf 82' lang='grc' dir='ltr'>κανονίου</span> <span class='ocrx_word' id='word_1_565' title='bbox 1124 3945 1137 3958; x_wconf 88' lang='grc'><strong>·</strong></span> <span class='ocrx_word' id='word_1_566' title='bbox 1187 3928 1508 4000; x_wconf 83' lang='grc' dir='ltr'>βουλόμενος</span> <span class='ocrx_word' id='word_1_567' title='bbox 1550 3928 1743 4001; x_wconf 83' lang='grc' dir='ltr'>μαθεῖν</span> <span class='ocrx_word' id='word_1_568' title='bbox 1783 3927 1895 3981; x_wconf 75' lang='grc' dir='ltr'>εἴτε</span> 
     </span>
    </p>
   </div>
   <div class='ocr_carea' id='block_1_74' title="bbox 316 4012 1895 4091">
    <p class='ocr_par' dir='ltr' id='par_1_74' title="bbox 316 4012 1895 4091">
     <span class='ocr_line' id='line_1_74' title="bbox 316 4012 1895 4091; baseline 0.001 -22"><span class='ocrx_word' id='word_1_569' title='bbox 316 4012 418 4085; x_wconf 75' lang='grc' dir='ltr'>τῂν</span> <span class='ocrx_word' id='word_1_570' title='bbox 446 4015 490 4068; x_wconf 83' lang='grc' dir='ltr'>δ’</span> <span class='ocrx_word' id='word_1_571' title='bbox 517 4018 612 4071; x_wconf 73' lang='grc' dir='ltr'>καὶ</span> <span class='ocrx_word' id='word_1_572' title='bbox 646 4024 677 4071; x_wconf 92' lang='grc' dir='ltr'>ι’</span> <span class='ocrx_word' id='word_1_573' title='bbox 710 4019 807 4072; x_wconf 78' lang='grc' dir='ltr'>τοῦ</span> <span class='ocrx_word' id='word_1_574' title='bbox 844 4019 964 4073; x_wconf 86' lang='grc' dir='ltr'>καθ’</span> <span class='ocrx_word' id='word_1_575' title='bbox 1010 4018 1292 4091; x_wconf 82' lang='grc' dir='ltr'>Ἐϐραίους</span> <span class='ocrx_word' id='word_1_576' title='bbox 1318 4019 1535 4091; x_wconf 85' lang='grc' dir='ltr'>πρώτου</span> <span class='ocrx_word' id='word_1_577' title='bbox 1570 4019 1756 4090; x_wconf 79' lang='grc' dir='ltr'>μηνὸς,</span> <span class='ocrx_word' id='word_1_578' title='bbox 1787 4018 1895 4072; x_wconf 84' lang='grc' dir='ltr'>εῐτε</span> 
     </span>
    </p>
   </div>
   <div class='ocr_carea' id='block_1_75' title="bbox 315 4105 1893 4182">
    <p class='ocr_par' dir='ltr' id='par_1_75' title="bbox 315 4105 1893 4182">
     <span class='ocr_line' id='line_1_75' title="bbox 315 4105 1893 4182; baseline 0.004 -25"><span class='ocrx_word' id='word_1_579' title='bbox 315 4105 418 4176; x_wconf 81' lang='grc' dir='ltr'>τὴν</span> <span class='ocrx_word' id='word_1_580' title='bbox 447 4105 543 4160; x_wconf 78' lang='grc' dir='ltr'>τοῦ</span> <span class='ocrx_word' id='word_1_581' title='bbox 575 4107 800 4179; x_wconf 77' lang='grc' dir='ltr'>ἑϐδόμου</span> <span class='ocrx_word' id='word_1_582' title='bbox 834 4110 1086 4181; x_wconf 85' lang='grc' dir='ltr'>δεκάτην,</span> <span class='ocrx_word' id='word_1_583' title='bbox 1116 4111 1302 4182; x_wconf 78' lang='grc' dir='ltr'>ἥντινα</span> <span class='ocrx_word' id='word_1_584' title='bbox 1334 4110 1484 4167; x_wconf 82' lang='grc' dir='ltr'>ι’,τοῢ</span> <span class='ocrx_word' id='word_1_585' title='bbox 1516 4110 1741 4181; x_wconf 79' lang='grc' dir='ltr'>ἑϐδόμου</span> <span class='ocrx_word' id='word_1_586' title='bbox 1785 4127 1893 4181; x_wconf 86' lang='grc' dir='ltr'>μη-</span> 
     </span>
    </p>
   </div>
   <div class='ocr_carea' id='block_1_76' title="bbox 2006 3542 3572 3623">
    <p class='ocr_par' dir='ltr' id='par_1_76' title="bbox 2006 3542 3572 3623">
     <span class='ocr_line' id='line_1_76' title="bbox 2006 3542 3572 3623; baseline 0 -14"><span class='ocrx_word' id='word_1_587' title='bbox 2006 3560 2235 3609; x_wconf 88' lang='lat' dir='ltr'><strong>currunt</strong></span> <span class='ocrx_word' id='word_1_588' title='bbox 2268 3571 2283 3609; x_wconf 91' lang='lat'>:</span> <span class='ocrx_word' id='word_1_589' title='bbox 2318 3553 2432 3608; x_wconf 87' lang='lat' dir='ltr'><strong>sive</strong></span> <span class='ocrx_word' id='word_1_590' title='bbox 2461 3553 2585 3622; x_wconf 87' lang='lat' dir='ltr'><strong>quis</strong></span> <span class='ocrx_word' id='word_1_591' title='bbox 2610 3568 2701 3607; x_wconf 77' lang='lat' dir='ltr'><strong>xw</strong></span> <span class='ocrx_word' id='word_1_592' title='bbox 2726 3542 3134 3623; x_wconf 84' lang='lat' dir='ltr'><strong>primimensis</strong></span> <span class='ocrx_word' id='word_1_593' title='bbox 3166 3552 3376 3609; x_wconf 84' lang='lat' dir='ltr'><strong>Judaici</strong></span> <span class='ocrx_word' id='word_1_594' title='bbox 3409 3569 3572 3612; x_wconf 81' lang='lat' dir='ltr'><strong>nosse</strong></span> 
     </span>
    </p>
   </div>
   <div class='ocr_carea' id='block_1_77' title="bbox 2004 3632 3571 3719">
    <p class='ocr_par' dir='ltr' id='par_1_77' title="bbox 2004 3632 3571 3719">
     <span class='ocr_line' id='line_1_77' title="bbox 2004 3632 3571 3719; baseline -0.003 -14"><span class='ocrx_word' id='word_1_595' title='bbox 2004 3648 2175 3713; x_wconf 85' lang='lat' dir='ltr'><strong>velit,</strong></span> <span class='ocrx_word' id='word_1_596' title='bbox 2209 3647 2325 3702; x_wconf 84' lang='lat' dir='ltr'><strong>sive</strong></span> <span class='ocrx_word' id='word_1_597' title='bbox 2353 3662 2385 3701; x_wconf 83' lang='lat' dir='ltr'><strong>x</strong></span> <span class='ocrx_word' id='word_1_598' title='bbox 2430 3647 2638 3702; x_wconf 89' lang='lat' dir='ltr'><strong>mensis</strong></span> <span class='ocrx_word' id='word_1_599' title='bbox 2678 3632 2924 3717; x_wconf 81' lang='lat' dir='ltr'><strong>septimi.</strong></span> <span class='ocrx_word' id='word_1_600' title='bbox 2958 3646 3110 3703; x_wconf 85' lang='lat' dir='ltr'><strong>Hanc</strong></span> <span class='ocrx_word' id='word_1_601' title='bbox 3150 3662 3314 3719; x_wconf 90' lang='lat' dir='ltr'><strong>porro</strong></span> <span class='ocrx_word' id='word_1_602' title='bbox 3354 3647 3571 3718; x_wconf 86' lang='lat' dir='ltr'><strong>septimi</strong></span> 
     </span>
    </p>
   </div>
   <div class='ocr_carea' id='block_1_78' title="bbox 2003 3722 3570 3819">
    <p class='ocr_par' dir='ltr' id='par_1_78' title="bbox 2003 3722 3570 3819">
     <span class='ocr_line' id='line_1_78' title="bbox 2003 3722 3570 3819; baseline -0.001 -25"><span class='ocrx_word' id='word_1_603' title='bbox 2003 3738 2209 3795; x_wconf 89' lang='lat' dir='ltr'><strong>mensis</strong></span> <span class='ocrx_word' id='word_1_604' title='bbox 2241 3754 2278 3792; x_wconf 77' lang='grc' dir='ltr'><strong>ι</strong></span> <span class='ocrx_word' id='word_1_605' title='bbox 2306 3737 2451 3793; x_wconf 92' lang='lat' dir='ltr'><strong>diem</strong></span> <span class='ocrx_word' id='word_1_606' title='bbox 2486 3753 2595 3792; x_wconf 83' lang='lat' dir='ltr'>non</span> <span class='ocrx_word' id='word_1_607' title='bbox 2627 3739 2937 3819; x_wconf 78' lang='lat' dir='ltr'><strong>tam,&#39;quod</strong></span> <span class='ocrx_word' id='word_1_608' title='bbox 2981 3740 3037 3793; x_wconf 92' lang='lat' dir='ltr'>in</span> <span class='ocrx_word' id='word_1_609' title='bbox 3067 3754 3130 3795; x_wconf 89' lang='lat' dir='ltr'>ea</span> <span class='ocrx_word' id='word_1_610' title='bbox 3172 3742 3414 3795; x_wconf 83' lang='lat' dir='ltr'><strong>solemne</strong></span> <span class='ocrx_word' id='word_1_611' title='bbox 3444 3754 3570 3809; x_wconf 87' lang='lat' dir='ltr'><strong>per-</strong></span> 
     </span>
    </p>
   </div>
   <div class='ocr_carea' id='block_1_79' title="bbox 1968 3827 3571 3903">
    <p class='ocr_par' dir='ltr' id='par_1_79' title="bbox 1968 3827 3571 3903">
     <span class='ocr_line' id='line_1_79' title="bbox 1968 3827 3571 3903; baseline 0.001 -20"><span class='ocrx_word' id='word_1_612' title='bbox 1968 3843 2228 3903; x_wconf 28' lang='lat' dir='ltr'><strong>.agamus</strong></span> <span class='ocrx_word' id='word_1_613' title='bbox 2267 3827 2438 3882; x_wconf 91' lang='lat' dir='ltr'><strong>ullum</strong></span> <span class='ocrx_word' id='word_1_614' title='bbox 2473 3827 2622 3899; x_wconf 90' lang='lat' dir='ltr'><strong>(non</strong></span> <span class='ocrx_word' id='word_1_615' title='bbox 2650 3827 2793 3883; x_wconf 89' lang='lat' dir='ltr'><strong>enim</strong></span> <span class='ocrx_word' id='word_1_616' title='bbox 2836 3829 2952 3883; x_wconf 89' lang='lat' dir='ltr'><strong>ullo</strong></span> <span class='ocrx_word' id='word_1_617' title='bbox 2982 3828 3145 3885; x_wconf 89' lang='lat' dir='ltr'><strong>modo</strong></span> <span class='ocrx_word' id='word_1_618' title='bbox 3188 3829 3489 3885; x_wconf 82' lang='lat' dir='ltr'><strong>celebratur</strong></span> <span class='ocrx_word' id='word_1_619' title='bbox 3539 3844 3571 3884; x_wconf 91' lang='lat' dir='ltr'>a</span> 
     </span>
    </p>
   </div>
   <div class='ocr_carea' id='block_1_80' title="bbox 1996 3919 3570 3994">
    <p class='ocr_par' dir='ltr' id='par_1_80' title="bbox 1996 3919 3570 3994">
     <span class='ocr_line' id='line_1_80' title="bbox 1996 3919 3570 3994; baseline 0.003 -19"><span class='ocrx_word' id='word_1_620' title='bbox 1996 3919 2199 3991; x_wconf 89' lang='lat' dir='ltr'><strong>nobis),</strong></span> <span class='ocrx_word' id='word_1_621' title='bbox 2229 3934 2392 3990; x_wconf 88' lang='lat' dir='ltr'><strong>quam</strong></span> <span class='ocrx_word' id='word_1_622' title='bbox 2435 3927 2494 3974; x_wconf 91' lang='lat' dir='ltr'>ut</span> <span class='ocrx_word' id='word_1_623' title='bbox 2524 3934 2712 3975; x_wconf 89' lang='lat' dir='ltr'><strong>eorum</strong></span> <span class='ocrx_word' id='word_1_624' title='bbox 2748 3920 2930 3976; x_wconf 89' lang='lat' dir='ltr'><strong>studio</strong></span> <span class='ocrx_word' id='word_1_625' title='bbox 2969 3920 3429 3987; x_wconf 81' lang='lat' dir='ltr'><strong>satisfaceremus,</strong></span> <span class='ocrx_word' id='word_1_626' title='bbox 3475 3923 3570 3994; x_wconf 88' lang='lat' dir='ltr'>qui</span> 
     </span>
    </p>
   </div>
   <div class='ocr_carea' id='block_1_81' title="bbox 1961 4014 3566 4087">
    <p class='ocr_par' dir='ltr' id='par_1_81' title="bbox 1961 4014 3566 4087">
     <span class='ocr_line' id='line_1_81' title="bbox 1961 4014 3566 4087; baseline 0.001 -16"><span class='ocrx_word' id='word_1_627' title='bbox 1961 4015 2136 4075; x_wconf 66' lang='lat' dir='ltr'><strong>,nihil</strong></span> <span class='ocrx_word' id='word_1_628' title='bbox 2196 4015 2450 4084; x_wconf 72' lang='lat' dir='ltr'><strong>ignorare</strong></span> <span class='ocrx_word' id='word_1_629' title='bbox 2500 4014 2729 4080; x_wconf 85' lang='lat' dir='ltr'><strong>volunt,</strong></span> <span class='ocrx_word' id='word_1_630' title='bbox 2775 4015 3188 4072; x_wconf 87' lang='lat' dir='ltr'><strong>describendam</strong></span> <span class='ocrx_word' id='word_1_631' title='bbox 3237 4016 3566 4087; x_wconf 80' lang='lat' dir='ltr'><strong>putavimus.</strong></span> 
     </span>
    </p>
   </div>
   <div class='ocr_carea' id='block_1_82' title="bbox 2001 4102 3052 4173">
    <p class='ocr_par' dir='ltr' id='par_1_82' title="bbox 2001 4102 3052 4173">
     <span class='ocr_line' id='line_1_82' title="bbox 2001 4102 3052 4173; baseline -0.001 -13"><span class='ocrx_word' id='word_1_632' title='bbox 2001 4104 2280 4161; x_wconf 80' lang='lat' dir='ltr'><strong>Hactenus</strong></span> <span class='ocrx_word' id='word_1_633' title='bbox 2305 4104 2372 4160; x_wconf 90' lang='lat' dir='ltr'>de</span> <span class='ocrx_word' id='word_1_634' title='bbox 2398 4102 2591 4159; x_wconf 76' lang='lat' dir='ltr'><strong>dextra</strong></span> <span class='ocrx_word' id='word_1_635' title='bbox 2623 4103 2851 4159; x_wconf 89' lang='lat' dir='ltr'><strong>canonis</strong></span> <span class='ocrx_word' id='word_1_636' title='bbox 2876 4113 3052 4173; x_wconf 87' lang='lat' dir='ltr'><strong>parte.</strong></span> 
     </span>
    </p>
   </div>
   <div class='ocr_carea' id='block_1_83' title="bbox 316 4194 3571 4275">
    <p class='ocr_par' dir='ltr' id='par_1_83' title="bbox 316 4194 3571 4275">
     <span class='ocr_line' id='line_1_83' title="bbox 316 4194 3571 4275; baseline 0.001 -26"><span class='ocrx_word' id='word_1_637' title='bbox 316 4195 406 4262; x_wconf 62' lang='grc' dir='ltr'>νὸς</span> <span class='ocrx_word' id='word_1_638' title='bbox 430 4199 491 4251; x_wconf 86' lang='grc' dir='ltr'>οὐ</span> <span class='ocrx_word' id='word_1_639' title='bbox 517 4197 736 4270; x_wconf 84' lang='grc' dir='ltr'>τελετῆς</span> <span class='ocrx_word' id='word_1_640' title='bbox 758 4200 954 4270; x_wconf 82' lang='grc' dir='ltr'>μᾶλλον</span> <span class='ocrx_word' id='word_1_641' title='bbox 979 4204 1060 4265; x_wconf 82' lang='grc' dir='ltr'>εἰς</span> <span class='ocrx_word' id='word_1_642' title='bbox 1083 4202 1249 4274; x_wconf 79' lang='grc' dir='ltr'>αὐτὴν</span> <span class='ocrx_word' id='word_1_643' title='bbox 1273 4202 1566 4275; x_wconf 88' lang='grc' dir='ltr'>γινομένης</span> <span class='ocrx_word' id='word_1_644' title='bbox 1589 4206 1721 4275; x_wconf 85' lang='grc' dir='ltr'>ήμῖν</span> <span class='ocrx_word' id='word_1_645' title='bbox 1749 4202 1891 4273; x_wconf 84' lang='grc' dir='ltr'>(οὐδὲ</span> <span class='ocrx_word' id='word_1_646' title='bbox 1926 4198 2037 4270; x_wconf 86' lang='grc' dir='ltr'>γὰρ</span> <span class='ocrx_word' id='word_1_647' title='bbox 2068 4196 2301 4251; x_wconf 78' lang='grc' dir='ltr'>τελεῖται</span> <span class='ocrx_word' id='word_1_648' title='bbox 2355 4197 2416 4249; x_wconf 87' lang='grc' dir='ltr'>τὸ</span> <span class='ocrx_word' id='word_1_649' title='bbox 2463 4194 2699 4266; x_wconf 89' lang='grc' dir='ltr'>σύνολον)</span> <span class='ocrx_word' id='word_1_650' title='bbox 2748 4194 3138 4268; x_wconf 80' lang='grc' dir='ltr'>διεγράψαμεν,</span> <span class='ocrx_word' id='word_1_651' title='bbox 3196 4196 3229 4269; x_wconf 77' lang='grc' dir='ltr'>ἢ</span> <span class='ocrx_word' id='word_1_652' title='bbox 3262 4195 3369 4250; x_wconf 90' lang='grc' dir='ltr'>τῶν</span> <span class='ocrx_word' id='word_1_653' title='bbox 3420 4196 3571 4253; x_wconf 73' lang='grc' dir='ltr'>οὐδεν</span> 
     </span>
    </p>
   </div>
   <div class='ocr_carea' id='block_1_84' title="bbox 315 4286 3041 4365">
    <p class='ocr_par' dir='ltr' id='par_1_84' title="bbox 315 4286 3041 4365">
     <span class='ocr_line' id='line_1_84' title="bbox 315 4286 3041 4365; baseline 0.001 -26"><span class='ocrx_word' id='word_1_654' title='bbox 315 4289 530 4355; x_wconf 83' lang='grc' dir='ltr'>ἀγνοεῖν</span> <span class='ocrx_word' id='word_1_655' title='bbox 554 4287 813 4344; x_wconf 85' lang='grc' dir='ltr'>θελόντων</span> <span class='ocrx_word' id='word_1_656' title='bbox 841 4291 1000 4362; x_wconf 90' lang='grc' dir='ltr'>χάριν</span> <span class='ocrx_word' id='word_1_657' title='bbox 1029 4294 1403 4365; x_wconf 79' lang='grc' dir='ltr'>φιλομαθείας.</span> <span class='ocrx_word' id='word_1_658' title='bbox 1428 4295 1612 4349; x_wconf 80' lang='grc' dir='ltr'>Ταῦτα</span> <span class='ocrx_word' id='word_1_659' title='bbox 1641 4297 1736 4350; x_wconf 76' lang='grc' dir='ltr'>καὶ</span> <span class='ocrx_word' id='word_1_660' title='bbox 1762 4293 1890 4365; x_wconf 64' lang='grc' dir='ltr'>περ)⁸</span> <span class='ocrx_word' id='word_1_661' title='bbox 1927 4290 2036 4345; x_wconf 86' lang='grc' dir='ltr'>τῶν</span> <span class='ocrx_word' id='word_1_662' title='bbox 2060 4291 2126 4344; x_wconf 76' lang='grc' dir='ltr'>ὲκ</span> <span class='ocrx_word' id='word_1_663' title='bbox 2146 4288 2333 4355; x_wconf 82' lang='grc' dir='ltr'>δεξιῶν</span> <span class='ocrx_word' id='word_1_664' title='bbox 2361 4286 2454 4342; x_wconf 79' lang='grc' dir='ltr'>τοῦ</span> <span class='ocrx_word' id='word_1_665' title='bbox 2482 4287 2728 4343; x_wconf 84' lang='grc' dir='ltr'>κανονίου</span> <span class='ocrx_word' id='word_1_666' title='bbox 2758 4287 3041 4359; x_wconf 88' lang='grc' dir='ltr'>κειμένων.</span> 
     </span>
    </p>
   </div>
   <div class='ocr_carea' id='block_1_85' title="bbox 315 4402 1921 4481">
    <p class='ocr_par' dir='ltr' id='par_1_85' title="bbox 315 4404 1921 4481">
     <span class='ocr_line' id='line_1_85' title="bbox 315 4404 1921 4481; baseline 0.005 -24"><span class='ocrx_word' id='word_1_667' title='bbox 315 4404 474 4481; x_wconf 46' lang='grc' dir='ltr'>Περὶ</span> <span class='ocrx_word' id='word_1_668' title='bbox 502 4404 615 4474; x_wconf 82' lang='grc' dir='ltr'>τῆς</span> <span class='ocrx_word' id='word_1_669' title='bbox 637 4406 793 4481; x_wconf 21' lang='grc' dir='ltr'>ἡτῶν.</span> <span class='ocrx_word' id='word_1_670' title='bbox 827 4408 1011 4478; x_wconf 72' lang='grc' dir='ltr'>ἁγίων</span> <span class='ocrx_word' id='word_1_671' title='bbox 1066 4411 1366 4481; x_wconf 74' lang='grc' dir='ltr'>νηστειῶν</span> <span class='ocrx_word' id='word_1_672' title='bbox 1415 4412 1886 4481; x_wconf 78' lang='grc' dir='ltr'>παρεισϐάσεως,</span> <span class='ocrx_word' id='word_1_673' title='bbox 1919 4415 1921 4420; x_wconf 57' lang='grc'><em>⁴</em></span> 
     </span>
    </p>
   </div>
   <div class='ocr_carea' id='block_1_86' title="bbox 2005 4402 3568 4481">
    <p class='ocr_par' dir='ltr' id='par_1_86' title="bbox 2005 4402 3568 4481">
     <span class='ocr_line' id='line_1_86' title="bbox 2005 4402 3568 4481; baseline -0.002 -20"><span class='ocrx_word' id='word_1_674' title='bbox 2005 4406 2069 4462; x_wconf 84' lang='lat' dir='ltr'><strong>De</strong></span> <span class='ocrx_word' id='word_1_675' title='bbox 2097 4407 2321 4460; x_wconf 78' lang='lat' dir='ltr'><strong>introitu</strong></span> <span class='ocrx_word' id='word_1_676' title='bbox 2352 4413 2655 4481; x_wconf 65' lang='lat' dir='ltr'><strong>sanctorum</strong></span> <span class='ocrx_word' id='word_1_677' title='bbox 2669 4402 3014 4481; x_wconf 67' lang='lat' dir='ltr'><strong>jejuniorum,</strong></span> <span class='ocrx_word' id='word_1_678' title='bbox 3044 4419 3148 4481; x_wconf 75' lang='lat' dir='ltr'>qua</span> <span class='ocrx_word' id='word_1_679' title='bbox 3178 4403 3383 4458; x_wconf 77' lang='lat' dir='ltr'><strong>ratione</strong></span> <span class='ocrx_word' id='word_1_680' title='bbox 3412 4413 3568 4475; x_wconf 84' lang='lat' dir='ltr'><strong>quot-</strong></span> 
     </span>
    </p>
   </div>
   <div class='ocr_carea' id='block_1_87' title="bbox 389 4474 1818 4554">
    <p class='ocr_par' dir='ltr' id='par_1_87' title="bbox 389 4474 1818 4554">
     <span class='ocr_line' id='line_1_87' title="bbox 389 4474 1818 4554; baseline 0.007 -26"><span class='ocrx_word' id='word_1_681' title='bbox 389 4474 516 4541; x_wconf 80' lang='grc' dir='ltr'>πῶς</span> <span class='ocrx_word' id='word_1_682' title='bbox 556 4475 653 4529; x_wconf 76' lang='grc' dir='ltr'>καὶ</span> <span class='ocrx_word' id='word_1_683' title='bbox 689 4474 914 4545; x_wconf 67' lang='grc' dir='ltr'>ταύτηῖν</span> <span class='ocrx_word' id='word_1_684' title='bbox 938 4480 1087 4535; x_wconf 79' lang='grc' dir='ltr'>κατὰ</span> <span class='ocrx_word' id='word_1_685' title='bbox 1124 4474 1247 4536; x_wconf 69' lang='grc' dir='ltr'>πᾶν</span> <span class='ocrx_word' id='word_1_686' title='bbox 1267 4483 1403 4550; x_wconf 81' lang='grc' dir='ltr'>ἔτος</span> <span class='ocrx_word' id='word_1_687' title='bbox 1428 4474 1818 4554; x_wconf 62' lang='grc' dir='ltr'>ιινιιὶνιώονιομεν.</span> 
     </span>
    </p>
   </div>
   <div class='ocr_carea' id='block_1_88' title="bbox 385 4585 1892 4669">
    <p class='ocr_par' dir='ltr' id='par_1_88' title="bbox 385 4585 1892 4669">
     <span class='ocr_line' id='line_1_88' title="bbox 385 4585 1892 4669; baseline 0.009 -29"><span class='ocrx_word' id='word_1_688' title='bbox 385 4585 518 4645; x_wconf 75' lang='grc' dir='ltr'>ΚἈ’.</span> <span class='ocrx_word' id='word_1_689' title='bbox 554 4589 619 4644; x_wconf 87' lang='grc' dir='ltr'>Εἰ</span> <span class='ocrx_word' id='word_1_690' title='bbox 663 4590 720 4644; x_wconf 86' lang='grc' dir='ltr'>δὲ</span> <span class='ocrx_word' id='word_1_691' title='bbox 754 4593 848 4651; x_wconf 77' lang='grc' dir='ltr'>καὶ</span> <span class='ocrx_word' id='word_1_692' title='bbox 893 4593 992 4665; x_wconf 83' lang='grc' dir='ltr'>τὴν</span> <span class='ocrx_word' id='word_1_693' title='bbox 1035 4594 1394 4667; x_wconf 86' lang='grc' dir='ltr'>παρείσϐασιν</span> <span class='ocrx_word' id='word_1_694' title='bbox 1437 4596 1541 4650; x_wconf 92' lang='grc' dir='ltr'>τῶν</span> <span class='ocrx_word' id='word_1_695' title='bbox 1580 4597 1751 4666; x_wconf 81' lang='grc' dir='ltr'>ἁγίων</span> <span class='ocrx_word' id='word_1_696' title='bbox 1795 4616 1892 4669; x_wconf 83' lang='grc' dir='ltr'>νη-</span> 
     </span>
    </p>
   </div>
   <div class='ocr_carea' id='block_1_89' title="bbox 317 4679 1893 4761">
    <p class='ocr_par' dir='ltr' id='par_1_89' title="bbox 317 4679 1893 4761">
     <span class='ocr_line' id='line_1_89' title="bbox 317 4679 1893 4761; baseline 0.006 -27"><span class='ocrx_word' id='word_1_697' title='bbox 317 4679 507 4735; x_wconf 81' lang='grc' dir='ltr'>στειῶν</span> <span class='ocrx_word' id='word_1_698' title='bbox 529 4680 727 4736; x_wconf 87' lang='grc' dir='ltr'>εἰδέναι</span> <span class='ocrx_word' id='word_1_699' title='bbox 753 4682 997 4755; x_wconf 87' lang='grc' dir='ltr'>θελήσειέ</span> <span class='ocrx_word' id='word_1_700' title='bbox 1025 4704 1128 4750; x_wconf 87' lang='grc' dir='ltr'>τις,</span> <span class='ocrx_word' id='word_1_701' title='bbox 1153 4690 1217 4741; x_wconf 80' lang='grc' dir='ltr'>ἐκ</span> <span class='ocrx_word' id='word_1_702' title='bbox 1245 4688 1344 4760; x_wconf 82' lang='grc' dir='ltr'>τῆς</span> <span class='ocrx_word' id='word_1_703' title='bbox 1371 4687 1430 4753; x_wconf 78' lang='grc' dir='ltr'>ἐξ</span> <span class='ocrx_word' id='word_1_704' title='bbox 1454 4688 1749 4761; x_wconf 76' lang='grc' dir='ltr'>εὐωνύμων</span> <span class='ocrx_word' id='word_1_705' title='bbox 1776 4689 1893 4743; x_wconf 88' lang='grc' dir='ltr'>δια-</span> 
     </span>
    </p>
   </div>
   <div class='ocr_carea' id='block_1_90' title="bbox 314 4770 1889 4851">
    <p class='ocr_par' dir='ltr' id='par_1_90' title="bbox 314 4770 1889 4851">
     <span class='ocr_line' id='line_1_90' title="bbox 314 4770 1889 4851; baseline 0.006 -29"><span class='ocrx_word' id='word_1_706' title='bbox 314 4770 534 4842; x_wconf 79' lang='grc' dir='ltr'>γραφῆς</span> <span class='ocrx_word' id='word_1_707' title='bbox 555 4770 619 4823; x_wconf 85' lang='grc' dir='ltr'>τὸ</span> <span class='ocrx_word' id='word_1_708' title='bbox 648 4771 787 4827; x_wconf 79' lang='grc' dir='ltr'>κατὰ</span> <span class='ocrx_word' id='word_1_709' title='bbox 817 4773 1106 4846; x_wconf 88' lang='grc' dir='ltr'>διάμετρον</span> <span class='ocrx_word' id='word_1_710' title='bbox 1130 4776 1222 4830; x_wconf 77' lang='grc' dir='ltr'>τοῦ</span> <span class='ocrx_word' id='word_1_711' title='bbox 1248 4783 1313 4830; x_wconf 81' lang='grc' dir='ltr'>ει¹</span> <span class='ocrx_word' id='word_1_712' title='bbox 1340 4778 1438 4848; x_wconf 77' lang='grc' dir='ltr'>τῆς</span> <span class='ocrx_word' id='word_1_713' title='bbox 1466 4777 1694 4851; x_wconf 84' lang='grc' dir='ltr'>σελήνης</span> <span class='ocrx_word' id='word_1_714' title='bbox 1718 4778 1889 4843; x_wconf 75' lang='grc' dir='ltr'>ἔτους,</span> 
     </span>
    </p>
   </div>
   <div class='ocr_carea' id='block_1_91' title="bbox 311 4861 1891 4942">
    <p class='ocr_par' dir='ltr' id='par_1_91' title="bbox 311 4861 1891 4942">
     <span class='ocr_line' id='line_1_91' title="bbox 311 4861 1891 4942; baseline 0.004 -24"><span class='ocrx_word' id='word_1_715' title='bbox 311 4861 406 4918; x_wconf 81' lang='grc' dir='ltr'>τοῦ</span> <span class='ocrx_word' id='word_1_716' title='bbox 433 4861 583 4926; x_wconf 76' lang='grc' dir='ltr'>ὄντος</span> <span class='ocrx_word' id='word_1_717' title='bbox 601 4863 665 4917; x_wconf 81' lang='grc' dir='ltr'>ἐκ</span> <span class='ocrx_word' id='word_1_718' title='bbox 683 4863 871 4930; x_wconf 78' lang='grc' dir='ltr'>δεξιῶν</span> <span class='ocrx_word' id='word_1_719' title='bbox 889 4907 903 4931; x_wconf 94' lang='grc'>,</span> <span class='ocrx_word' id='word_1_720' title='bbox 925 4869 1186 4940; x_wconf 84' lang='grc' dir='ltr'>σκοπήσει</span> <span class='ocrx_word' id='word_1_721' title='bbox 1204 4869 1270 4922; x_wconf 85' lang='grc' dir='ltr'>δι’</span> <span class='ocrx_word' id='word_1_722' title='bbox 1295 4870 1578 4942; x_wconf 83' lang='grc' dir='ltr'>ἀκριϐείας</span> <span class='ocrx_word' id='word_1_723' title='bbox 1600 4869 1659 4935; x_wconf 77' lang='grc' dir='ltr'>ἐξ</span> <span class='ocrx_word' id='word_1_724' title='bbox 1677 4872 1891 4942; x_wconf 81' lang='grc' dir='ltr'>ἀριστε-</span> 
     </span>
    </p>
   </div>
   <div class='ocr_carea' id='block_1_92' title="bbox 312 4950 1890 5032">
    <p class='ocr_par' dir='ltr' id='par_1_92' title="bbox 312 4950 1890 5032">
     <span class='ocr_line' id='line_1_92' title="bbox 312 4950 1890 5032; baseline 0.007 -29"><span class='ocrx_word' id='word_1_725' title='bbox 312 4950 424 5023; x_wconf 86' lang='grc' dir='ltr'>ρῶν</span> <span class='ocrx_word' id='word_1_726' title='bbox 450 4950 512 5005; x_wconf 77' lang='grc' dir='ltr'>τὺ</span> <span class='ocrx_word' id='word_1_727' title='bbox 543 4952 607 5006; x_wconf 86' lang='grc' dir='ltr'>δι’</span> <span class='ocrx_word' id='word_1_728' title='bbox 619 4954 717 5025; x_wconf 80' lang='grc' dir='ltr'>τῆς</span> <span class='ocrx_word' id='word_1_729' title='bbox 734 4954 962 5027; x_wconf 87' lang='grc' dir='ltr'>σελήνης</span> <span class='ocrx_word' id='word_1_730' title='bbox 982 4956 1100 5021; x_wconf 83' lang='grc' dir='ltr'>ἔτος</span> <span class='ocrx_word' id='word_1_731' title='bbox 1137 4959 1628 5032; x_wconf 85' lang='grc' dir='ltr'>διαγεγραμμένον.</span> <span class='ocrx_word' id='word_1_732' title='bbox 1652 4961 1890 5032; x_wconf 82' lang='grc' dir='ltr'>Εἴπομεν</span> 
     </span>
    </p>
   </div>
   <div class='ocr_carea' id='block_1_93' title="bbox 311 5039 1892 5119">
    <p class='ocr_par' dir='ltr' id='par_1_93' title="bbox 311 5039 1892 5119">
     <span class='ocr_line' id='line_1_93' title="bbox 311 5039 1892 5119; baseline 0.004 -27"><span class='ocrx_word' id='word_1_733' title='bbox 311 5039 441 5110; x_wconf 81' lang='grc' dir='ltr'>γὰρ,</span> <span class='ocrx_word' id='word_1_734' title='bbox 458 5041 534 5104; x_wconf 82' lang='grc' dir='ltr'>ὡς</span> <span class='ocrx_word' id='word_1_735' title='bbox 554 5041 695 5093; x_wconf 82' lang='grc' dir='ltr'>τέλει</span> <span class='ocrx_word' id='word_1_736' title='bbox 712 5044 757 5074; x_wconf 81' lang='grc'>⁷⁷</span> <span class='ocrx_word' id='word_1_737' title='bbox 779 5042 872 5097; x_wconf 73' lang='grc' dir='ltr'>τοῦ</span> <span class='ocrx_word' id='word_1_738' title='bbox 896 5044 1186 5109; x_wconf 79' lang='grc' dir='ltr'>ἐνεστῶτος</span> <span class='ocrx_word' id='word_1_739' title='bbox 1204 5047 1356 5110; x_wconf 75' lang='grc' dir='ltr'>ἔτους</span> <span class='ocrx_word' id='word_1_740' title='bbox 1378 5050 1410 5118; x_wconf 89' lang='grc' dir='ltr'>ή</span> <span class='ocrx_word' id='word_1_741' title='bbox 1430 5046 1788 5119; x_wconf 86' lang='grc' dir='ltr'>παρείσϐασις</span> <span class='ocrx_word' id='word_1_742' title='bbox 1810 5063 1892 5099; x_wconf 81' lang='grc' dir='ltr'>τε·</span> 
     </span>
    </p>
   </div>
   <div class='ocr_carea' id='block_1_94' title="bbox 308 5124 1891 5209">
    <p class='ocr_par' dir='ltr' id='par_1_94' title="bbox 308 5124 1891 5209">
     <span class='ocr_line' id='line_1_94' title="bbox 308 5124 1891 5209; baseline 0.006 -27"><span class='ocrx_word' id='word_1_743' title='bbox 308 5130 478 5184; x_wconf 79' lang='grc' dir='ltr'>λείται</span> <span class='ocrx_word' id='word_1_744' title='bbox 509 5132 616 5185; x_wconf 89' lang='grc' dir='ltr'>τῶν</span> <span class='ocrx_word' id='word_1_745' title='bbox 645 5134 812 5202; x_wconf 80' lang='grc' dir='ltr'>ἁγίων</span> <span class='ocrx_word' id='word_1_746' title='bbox 850 5124 1138 5205; x_wconf 85' lang='grc' dir='ltr'>νηστειῶν.</span> <span class='ocrx_word' id='word_1_747' title='bbox 1178 5138 1459 5209; x_wconf 84' lang='grc' dir='ltr'>Εὑρίσκων</span> <span class='ocrx_word' id='word_1_748' title='bbox 1485 5134 1579 5193; x_wconf 80' lang='grc' dir='ltr'>οὖν</span> <span class='ocrx_word' id='word_1_749' title='bbox 1608 5137 1671 5191; x_wconf 82' lang='grc' dir='ltr'>τὸ</span> <span class='ocrx_word' id='word_1_750' title='bbox 1694 5137 1826 5192; x_wconf 75' lang='grc' dir='ltr'>αὐτὸ</span> <span class='ocrx_word' id='word_1_751' title='bbox 1849 5138 1891 5192; x_wconf 83' lang='grc' dir='ltr'>δ’</span> 
     </span>
    </p>
   </div>
   <div class='ocr_carea' id='block_1_95' title="bbox 220 5220 1891 5309">
    <p class='ocr_par' dir='ltr' id='par_1_95' title="bbox 220 5220 1891 5309">
     <span class='ocr_line' id='line_1_95' title="bbox 220 5220 1891 5309; baseline 0.005 -38"><span class='ocrx_word' id='word_1_752' title='bbox 220 5272 229 5309; x_wconf 40' lang='lat'>3</span> <span class='ocrx_word' id='word_1_753' title='bbox 308 5220 402 5274; x_wconf 70' lang='grc' dir='ltr'>καὶ</span> <span class='ocrx_word' id='word_1_754' title='bbox 432 5220 464 5273; x_wconf 82' lang='grc' dir='ltr'>ι’</span> <span class='ocrx_word' id='word_1_755' title='bbox 485 5221 586 5290; x_wconf 76' lang='grc' dir='ltr'>τῆς</span> <span class='ocrx_word' id='word_1_756' title='bbox 614 5223 841 5295; x_wconf 88' lang='grc' dir='ltr'>σελήνης</span> <span class='ocrx_word' id='word_1_757' title='bbox 872 5224 1013 5289; x_wconf 79' lang='grc' dir='ltr'>ἔτος,</span> <span class='ocrx_word' id='word_1_758' title='bbox 1040 5227 1132 5280; x_wconf 81' lang='grc' dir='ltr'>τὸν</span> <span class='ocrx_word' id='word_1_759' title='bbox 1155 5227 1556 5299; x_wconf 83' lang='grc' dir='ltr'>παρακείμενον</span> <span class='ocrx_word' id='word_1_760' title='bbox 1588 5228 1891 5300; x_wconf 83' lang='grc' dir='ltr'>Ῥωμαϊκὸν</span> 
     </span>
    </p>
   </div>
   <div class='ocr_carea' id='block_1_96' title="bbox 313 5311 1884 5392">
    <p class='ocr_par' dir='ltr' id='par_1_96' title="bbox 313 5311 1884 5392">
     <span class='ocr_line' id='line_1_96' title="bbox 313 5311 1884 5392; baseline 0.006 -26"><span class='ocrx_word' id='word_1_761' title='bbox 313 5311 455 5381; x_wconf 75' lang='grc' dir='ltr'>μῆνα</span> <span class='ocrx_word' id='word_1_762' title='bbox 486 5316 769 5386; x_wconf 85' lang='grc' dir='ltr'>σκοπήσει,</span> <span class='ocrx_word' id='word_1_763' title='bbox 795 5318 1037 5371; x_wconf 84' lang='grc' dir='ltr'>τουτέστι</span> <span class='ocrx_word' id='word_1_764' title='bbox 1065 5318 1156 5372; x_wconf 74' lang='grc' dir='ltr'>τὸν</span> <span class='ocrx_word' id='word_1_765' title='bbox 1182 5319 1564 5392; x_wconf 74' lang='grc' dir='ltr'>Φεϐρουάριον,</span> <span class='ocrx_word' id='word_1_766' title='bbox 1591 5322 1684 5375; x_wconf 80' lang='grc' dir='ltr'>καὶ</span> <span class='ocrx_word' id='word_1_767' title='bbox 1697 5321 1884 5375; x_wconf 89' lang='grc' dir='ltr'>τούτου</span> 
     </span>
    </p>
   </div>
   <div class='ocr_carea' id='block_1_97' title="bbox 307 5399 1881 5485">
    <p class='ocr_par' dir='ltr' id='par_1_97' title="bbox 307 5399 1881 5485">
     <span class='ocr_line' id='line_1_97' title="bbox 307 5399 1881 5485; baseline 0.012 -35"><span class='ocrx_word' id='word_1_768' title='bbox 307 5399 406 5472; x_wconf 76' lang='grc' dir='ltr'>τήν</span> <span class='ocrx_word' id='word_1_769' title='bbox 444 5406 709 5483; x_wconf 76' lang='grc' dir='ltr'>ποσταίαν</span> <span class='ocrx_word' id='word_1_770' title='bbox 747 5406 1036 5479; x_wconf 81' lang='grc' dir='ltr'>λαμϐάνων</span> <span class='ocrx_word' id='word_1_771' title='bbox 1080 5409 1301 5480; x_wconf 84' lang='grc' dir='ltr'>πλησίον</span> <span class='ocrx_word' id='word_1_772' title='bbox 1334 5412 1495 5466; x_wconf 79' lang='grc' dir='ltr'>αὐτοῦ</span> <span class='ocrx_word' id='word_1_773' title='bbox 1527 5413 1881 5485; x_wconf 86' lang='grc' dir='ltr'>τεταγμένην,</span> 
     </span>
    </p>
   </div>
   <div class='ocr_carea' id='block_1_98' title="bbox 268 5560 769 5620">
    <p class='ocr_par' dir='ltr' id='par_1_98' title="bbox 268 5560 769 5620">
     <span class='ocr_line' id='line_1_98' title="bbox 268 5560 769 5620; baseline 0.012 -6"><span class='ocrx_word' id='word_1_774' title='bbox 268 5566 273 5574; x_wconf 81' lang='lat'><strong>‘</strong></span> <span class='ocrx_word' id='word_1_775' title='bbox 377 5560 420 5593; x_wconf 83' lang='lat'>&quot;’</span> <span class='ocrx_word' id='word_1_776' title='bbox 453 5561 490 5615; x_wconf 75' lang='grc' dir='ltr'>Γ.</span> <span class='ocrx_word' id='word_1_777' title='bbox 523 5564 581 5615; x_wconf 82' lang='grc' dir='ltr'>ὲν</span> <span class='ocrx_word' id='word_1_778' title='bbox 611 5562 769 5620; x_wconf 80' lang='grc' dir='ltr'>τέλει.</span> 
     </span>
    </p>
   </div>
   <div class='ocr_carea' id='block_1_99' title="bbox 2439 4472 3126 4544">
    <p class='ocr_par' dir='ltr' id='par_1_99' title="bbox 2439 4472 3126 4544">
     <span class='ocr_line' id='line_1_99' title="bbox 2439 4472 3126 4544; baseline 0 -17"><span class='ocrx_word' id='word_1_779' title='bbox 2439 4474 2593 4529; x_wconf 80' lang='lat' dir='ltr'><strong>annis</strong></span> <span class='ocrx_word' id='word_1_780' title='bbox 2617 4472 3005 4544; x_wconf 73' lang='lat' dir='ltr'><strong>investigandas</strong></span> <span class='ocrx_word' id='word_1_781' title='bbox 3034 4472 3126 4528; x_wconf 80' lang='lat' dir='ltr'><strong>sit.</strong></span> 
     </span>
    </p>
   </div>
   <div class='ocr_carea' id='block_1_100' title="bbox 2068 4586 3570 4661">
    <p class='ocr_par' dir='ltr' id='par_1_100' title="bbox 2068 4586 3570 4661">
     <span class='ocr_line' id='line_1_100' title="bbox 2068 4586 3570 4661; baseline 0.001 -18"><span class='ocrx_word' id='word_1_782' title='bbox 2068 4586 2210 4644; x_wconf 75' lang='lat' dir='ltr'>XXI.</span> <span class='ocrx_word' id='word_1_783' title='bbox 2251 4586 2354 4654; x_wconf 89' lang='lat' dir='ltr'>Qui</span> <span class='ocrx_word' id='word_1_784' title='bbox 2383 4594 2699 4644; x_wconf 90' lang='lat' dir='ltr'><strong>sanctorum</strong></span> <span class='ocrx_word' id='word_1_785' title='bbox 2717 4586 3053 4657; x_wconf 87' lang='lat' dir='ltr'><strong>jejuniorum</strong></span> <span class='ocrx_word' id='word_1_786' title='bbox 3076 4587 3358 4643; x_wconf 81' lang='lat' dir='ltr'><strong>introitum</strong></span> <span class='ocrx_word' id='word_1_787' title='bbox 3379 4590 3570 4661; x_wconf 77' lang='lat' dir='ltr'><strong>explo-</strong></span> 
     </span>
    </p>
   </div>
   <div class='ocr_carea' id='block_1_101' title="bbox 1997 4678 3567 4750">
    <p class='ocr_par' dir='ltr' id='par_1_101' title="bbox 1997 4678 3567 4750">
     <span class='ocr_line' id='line_1_101' title="bbox 1997 4678 3567 4750; baseline 0.001 -15"><span class='ocrx_word' id='word_1_788' title='bbox 1997 4695 2123 4735; x_wconf 90' lang='lat' dir='ltr'><strong>rare</strong></span> <span class='ocrx_word' id='word_1_789' title='bbox 2166 4679 2433 4744; x_wconf 84' lang='lat' dir='ltr'><strong>voluerit,</strong></span> <span class='ocrx_word' id='word_1_790' title='bbox 2466 4687 2677 4750; x_wconf 63' lang='lat' dir='ltr'><strong>quaerat</strong></span> <span class='ocrx_word' id='word_1_791' title='bbox 2713 4678 2993 4737; x_wconf 85' lang='lat' dir='ltr'><strong>sinistram</strong></span> <span class='ocrx_word' id='word_1_792' title='bbox 3032 4679 3261 4735; x_wconf 88' lang='lat' dir='ltr'><strong>canonis</strong></span> <span class='ocrx_word' id='word_1_793' title='bbox 3288 4680 3567 4742; x_wconf 86' lang='lat' dir='ltr'><strong>tabellam,</strong></span> 
     </span>
    </p>
   </div>
   <div class='ocr_carea' id='block_1_102' title="bbox 2000 4770 3685 4847">
    <p class='ocr_par' dir='ltr' id='par_1_102' title="bbox 2000 4770 3685 4847">
     <span class='ocr_line' id='line_1_102' title="bbox 2000 4770 3685 4847; baseline 0 -22"><span class='ocrx_word' id='word_1_794' title='bbox 2000 4772 2057 4826; x_wconf 90' lang='lat' dir='ltr'>in</span> <span class='ocrx_word' id='word_1_795' title='bbox 2087 4784 2261 4842; x_wconf 89' lang='lat' dir='ltr'><strong>eaque</strong></span> <span class='ocrx_word' id='word_1_796' title='bbox 2299 4785 2368 4825; x_wconf 79' lang='lat' dir='ltr'>ex</span> <span class='ocrx_word' id='word_1_797' title='bbox 2398 4771 2628 4827; x_wconf 87' lang='lat' dir='ltr'><strong>adverso</strong></span> <span class='ocrx_word' id='word_1_798' title='bbox 2655 4770 2866 4827; x_wconf 86' lang='lat' dir='ltr'><strong>lunaris</strong></span> <span class='ocrx_word' id='word_1_799' title='bbox 2884 4772 3013 4828; x_wconf 89' lang='lat' dir='ltr'><strong>anni</strong></span> <span class='ocrx_word' id='word_1_800' title='bbox 3041 4787 3132 4841; x_wconf 79' lang='lat' dir='ltr'><strong>xv,</strong></span> <span class='ocrx_word' id='word_1_801' title='bbox 3157 4772 3250 4844; x_wconf 90' lang='lat' dir='ltr'>qui</span> <span class='ocrx_word' id='word_1_802' title='bbox 3283 4773 3338 4828; x_wconf 91' lang='lat' dir='ltr'>in</span> <span class='ocrx_word' id='word_1_803' title='bbox 3379 4773 3568 4828; x_wconf 80' lang='lat' dir='ltr'><strong>dextra</strong></span> <span class='ocrx_word' id='word_1_804' title='bbox 3684 4844 3685 4847; x_wconf 15' lang='grc' dir='ltr'>η</span> 
     </span>
    </p>
   </div>
   <div class='ocr_carea' id='block_1_103' title="bbox 1997 4862 3570 4935">
    <p class='ocr_par' dir='ltr' id='par_1_103' title="bbox 1997 4862 3570 4935">
     <span class='ocr_line' id='line_1_103' title="bbox 1997 4862 3570 4935; baseline 0.002 -19"><span class='ocrx_word' id='word_1_805' title='bbox 1997 4873 2151 4933; x_wconf 88' lang='lat' dir='ltr'><strong>parte</strong></span> <span class='ocrx_word' id='word_1_806' title='bbox 2189 4871 2441 4933; x_wconf 89' lang='lat' dir='ltr'><strong>repertus</strong></span> <span class='ocrx_word' id='word_1_807' title='bbox 2473 4870 2576 4927; x_wconf 84' lang='lat' dir='ltr'><strong>est,</strong></span> <span class='ocrx_word' id='word_1_808' title='bbox 2617 4871 2870 4918; x_wconf 89' lang='lat' dir='ltr'><strong>accurate</strong></span> <span class='ocrx_word' id='word_1_809' title='bbox 2911 4862 3140 4935; x_wconf 77' lang='lat' dir='ltr'><strong>vestigct</strong></span> <span class='ocrx_word' id='word_1_810' title='bbox 3178 4879 3381 4919; x_wconf 87' lang='lat' dir='ltr'><strong>annum</strong></span> <span class='ocrx_word' id='word_1_811' title='bbox 3427 4864 3570 4919; x_wconf 76' lang='lat' dir='ltr'><strong>luna:</strong></span> 
     </span>
    </p>
   </div>
   <div class='ocr_carea' id='block_1_104' title="bbox 1998 4956 3566 5030">
    <p class='ocr_par' dir='ltr' id='par_1_104' title="bbox 1998 4956 3566 5030">
     <span class='ocr_line' id='line_1_104' title="bbox 1998 4956 3566 5030; baseline -0.001 -18"><span class='ocrx_word' id='word_1_812' title='bbox 1998 4974 2110 5013; x_wconf 79' lang='lat' dir='ltr'><strong>xiv.</strong></span> <span class='ocrx_word' id='word_1_813' title='bbox 2131 4956 2252 5013; x_wconf 88' lang='lat' dir='ltr'><strong>.lam</strong></span> <span class='ocrx_word' id='word_1_814' title='bbox 2275 4958 2421 5012; x_wconf 86' lang='lat' dir='ltr'><strong>enim</strong></span> <span class='ocrx_word' id='word_1_815' title='bbox 2443 4956 2830 5027; x_wconf 82' lang='lat' dir='ltr'><strong>admonuimus</strong></span> <span class='ocrx_word' id='word_1_816' title='bbox 2852 4961 2908 5012; x_wconf 89' lang='lat' dir='ltr'>in</span> <span class='ocrx_word' id='word_1_817' title='bbox 2933 4957 3095 5014; x_wconf 83' lang='lat' dir='ltr'><strong>linem</strong></span> <span class='ocrx_word' id='word_1_818' title='bbox 3124 4959 3408 5030; x_wconf 63' lang='lat' dir='ltr'><strong>presentis</strong></span> <span class='ocrx_word' id='word_1_819' title='bbox 3436 4958 3566 5013; x_wconf 91' lang='lat' dir='ltr'><strong>anni</strong></span> 
     </span>
    </p>
   </div>
   <div class='ocr_carea' id='block_1_105' title="bbox 1999 5046 3567 5118">
    <p class='ocr_par' dir='ltr' id='par_1_105' title="bbox 1999 5046 3567 5118">
     <span class='ocr_line' id='line_1_105' title="bbox 1999 5046 3567 5118; baseline 0 -14"><span class='ocrx_word' id='word_1_820' title='bbox 1999 5055 2317 5104; x_wconf 90' lang='lat' dir='ltr'><strong>sanctorum</strong></span> <span class='ocrx_word' id='word_1_821' title='bbox 2346 5046 2679 5117; x_wconf 73' lang='lat' dir='ltr'><strong>ieiuniorum</strong></span> <span class='ocrx_word' id='word_1_822' title='bbox 2729 5048 3017 5104; x_wconf 90' lang='lat' dir='ltr'><strong>introitum</strong></span> <span class='ocrx_word' id='word_1_823' title='bbox 3065 5050 3299 5118; x_wconf 85' lang='lat' dir='ltr'><strong>cadere;</strong></span> <span class='ocrx_word' id='word_1_824' title='bbox 3346 5051 3567 5106; x_wconf 84' lang='lat' dir='ltr'><strong>invento</strong></span> 
     </span>
    </p>
   </div>
   <div class='ocr_carea' id='block_1_106' title="bbox 1999 5138 3565 5208">
    <p class='ocr_par' dir='ltr' id='par_1_106' title="bbox 1999 5138 3565 5208">
     <span class='ocr_line' id='line_1_106' title="bbox 1999 5138 3565 5208; baseline 0.001 -15"><span class='ocrx_word' id='word_1_825' title='bbox 1999 5155 2142 5195; x_wconf 88' lang='lat' dir='ltr'><strong>anno</strong></span> <span class='ocrx_word' id='word_1_826' title='bbox 2173 5155 2265 5193; x_wconf 77' lang='lat' dir='ltr'><strong>xlv</strong></span> <span class='ocrx_word' id='word_1_827' title='bbox 2307 5138 2467 5201; x_wconf 68' lang='lat' dir='ltr'><strong>lunae,</strong></span> <span class='ocrx_word' id='word_1_828' title='bbox 2509 5138 2847 5208; x_wconf 80' lang='lat' dir='ltr'><strong>adjacentem</strong></span> <span class='ocrx_word' id='word_1_829' title='bbox 2885 5140 2936 5196; x_wconf 89' lang='lat' dir='ltr'>ei</span> <span class='ocrx_word' id='word_1_830' title='bbox 2980 5138 3287 5197; x_wconf 75' lang='lat' dir='ltr'><strong>Romanum</strong></span> <span class='ocrx_word' id='word_1_831' title='bbox 3322 5155 3565 5199; x_wconf 80' lang='lat' dir='ltr'><strong>mensem</strong></span> 
     </span>
    </p>
   </div>
   <div class='ocr_carea' id='block_1_107' title="bbox 2003 5226 3564 5302">
    <p class='ocr_par' dir='ltr' id='par_1_107' title="bbox 2003 5226 3564 5302">
     <span class='ocr_line' id='line_1_107' title="bbox 2003 5226 3564 5302; baseline 0.001 -19"><span class='ocrx_word' id='word_1_832' title='bbox 2003 5230 2279 5290; x_wconf 83' lang='lat' dir='ltr'><strong>observet,</strong></span> <span class='ocrx_word' id='word_1_833' title='bbox 2310 5244 2506 5299; x_wconf 88' lang='lat' dir='ltr'><strong>nempe</strong></span> <span class='ocrx_word' id='word_1_834' title='bbox 2537 5226 2894 5284; x_wconf 86' lang='lat' dir='ltr'><strong>Februarium</strong></span> <span class='ocrx_word' id='word_1_835' title='bbox 2921 5245 2936 5284; x_wconf 88' lang='lat'><strong>:</strong></span> <span class='ocrx_word' id='word_1_836' title='bbox 2974 5229 3133 5301; x_wconf 86' lang='lat' dir='ltr'><strong>cujus</strong></span> <span class='ocrx_word' id='word_1_837' title='bbox 3162 5238 3389 5302; x_wconf 86' lang='lat' dir='ltr'><strong>quotum</strong></span> <span class='ocrx_word' id='word_1_838' title='bbox 3421 5230 3564 5286; x_wconf 91' lang='lat' dir='ltr'><strong>diem</strong></span> 
     </span>
    </p>
   </div>
   <div class='ocr_carea' id='block_1_108' title="bbox 2000 5319 3565 5393">
    <p class='ocr_par' dir='ltr' id='par_1_108' title="bbox 2000 5319 3565 5393">
     <span class='ocr_line' id='line_1_108' title="bbox 2000 5319 3565 5393; baseline 0.002 -20"><span class='ocrx_word' id='word_1_839' title='bbox 2000 5321 2293 5390; x_wconf 84' lang='lat' dir='ltr'><strong>ascriptum</strong></span> <span class='ocrx_word' id='word_1_840' title='bbox 2340 5326 2512 5384; x_wconf 84' lang='lat' dir='ltr'><strong>notet,</strong></span> <span class='ocrx_word' id='word_1_841' title='bbox 2552 5335 2625 5375; x_wconf 79' lang='lat' dir='ltr'>iv.</span> <span class='ocrx_word' id='word_1_842' title='bbox 2672 5319 2754 5375; x_wconf 80' lang='lat' dir='ltr'><strong>Ad</strong></span> <span class='ocrx_word' id='word_1_843' title='bbox 2795 5319 2943 5376; x_wconf 89' lang='lat' dir='ltr'><strong>hunc</strong></span> <span class='ocrx_word' id='word_1_844' title='bbox 2987 5323 3268 5393; x_wconf 79' lang='lat' dir='ltr'><strong>regulares</strong></span> <span class='ocrx_word' id='word_1_845' title='bbox 3320 5323 3483 5381; x_wconf 87' lang='lat' dir='ltr'><strong>addat</strong></span> <span class='ocrx_word' id='word_1_846' title='bbox 3509 5337 3565 5377; x_wconf 80' lang='lat' dir='ltr'>iv</span> 
     </span>
    </p>
   </div>
   <div class='ocr_carea' id='block_1_109' title="bbox 1994 5412 3566 5489">
    <p class='ocr_par' dir='ltr' id='par_1_109' title="bbox 1994 5412 3566 5489">
     <span class='ocr_line' id='line_1_109' title="bbox 1994 5412 3566 5489; baseline 0.004 -23"><span class='ocrx_word' id='word_1_847' title='bbox 1994 5412 2175 5489; x_wconf 82' lang='lat' dir='ltr'><strong>serico</strong></span> <span class='ocrx_word' id='word_1_848' title='bbox 2216 5412 2451 5482; x_wconf 81' lang='lat' dir='ltr'><strong>scriptos</strong></span> <span class='ocrx_word' id='word_1_849' title='bbox 2500 5426 2625 5473; x_wconf 86' lang='lat' dir='ltr'>cum</span> <span class='ocrx_word' id='word_1_850' title='bbox 2666 5412 3007 5485; x_wconf 88' lang='lat' dir='ltr'><strong>insequentis</strong></span> <span class='ocrx_word' id='word_1_851' title='bbox 3050 5414 3178 5469; x_wconf 91' lang='lat' dir='ltr'><strong>anni</strong></span> <span class='ocrx_word' id='word_1_852' title='bbox 3224 5413 3387 5487; x_wconf 87' lang='lat' dir='ltr'><strong>primi</strong></span> <span class='ocrx_word' id='word_1_853' title='bbox 3431 5412 3566 5472; x_wconf 84' lang='lat' dir='ltr'><strong>solis</strong></span> 
     </span>
    </p>
   </div>
  </div>
