3950 6266
472 286 609 343 1259
1480 292 1575 346 AD‘
1609 291 1879 352 EUSEBII
1911 282 2017 349 CH1

2123 292 2306 348 (ΙϐοΝ
2351 293 2709 350 APPENDIX.
3574 292 3706 351 1380

463 404 676 473 epactis
710 422 806 461 vu.
841 407 1119 462 Summam
1150 408 1275 465 inde
1301 409 1590 467 conﬂatam
1616 430 1686 468 xv
1717 414 1770 469 in
1805 430 1880 468 vn
1906 429 2017 484 part

2136 415 2303 482 ἦγουν
2337 415 2431 487 τὴν
2475 416 2538 479 δ’,
2570 417 2663 469 καὶ
2688 416 2969 488 ὲμσάλλων
2999 416 3133 487 αὐτῇ
3176 415 3272 479 τὰς
3300 415 3709 488 παρακειμένας

465 495 665 563 tiatur;
702 497 912 568 reliqua
939 498 1056 553 dies
1088 515 1103 553 ι
1144 502 1384 556 ostendit
1412 502 1643 573 primam
1680 520 1802 559 esse
1844 504 2017 559 ferian

2138 510 2247 562 ἀπὸ
2278 509 2503 580 σηρικοῦ
2540 509 2839 581 προσθετὰς
2867 509 2910 562 δ’
2941 510 3173 581 ἡμέρας,
3207 509 3300 562 καὶ
3330 508 3427 571 τὰς
3466 507 3565 561 τοῦ
3600 510 3708 561 εἰσ-

462 584 840 655 hebdomadis,
872 588 978 643 hoc
1016 599 1099 646 est
1132 590 1470 648 Dominicam
1499 634 1514 660 ,
1559 611 1684 666 quae
1719 604 1801 651 est
1839 604 2032 666 quarta

460 677 667 732 mensis
705 676 1009 747 Februarii,
1040 695 1069 733 a
1109 696 1214 751 qua
1256 682 1308 736 in
1341 695 1655 753 sequentem
1700 683 2030 741 Dominieam

460 766 789 835 diffundens,
824 772 877 825 in
909 771 1009 829 hac
1034 772 1172 844 ipsa,
1198 790 1318 845 quae
1347 775 1464 831 dies
1499 785 1582 833 est
1614 777 1901 833 undecima
1932 775 2035 833 Fe-

458 858 687 929 bruarii,
733 863 1121 922 celebrandum
1164 871 1398 940 reperiet
1433 870 1537 926 hoc
1580 888 1726 927 anno
1770 872 1912 927 lunae
1940 889 2032 926 xw

458 953 702 1010 ineuntis
729 954 927 1025 jejunii
959 957 1155 1014 festum
1199 960 1362 1016 diem.
1408 961 1618 1018 Etenim
1652 980 1770 1034 par,
1814 965 2034 1020 eadem-

456 1060 564 1113 que
593 1049 877 1104 translatio
905 1052 960 1105 in
986 1050 1212 1106 introitu
1238 1052 1432 1123 jejunii
1476 1055 1530 1109 in
1562 1056 1786 1112 sinistro
1821 1071 2033 1111 canone

457 1140 722 1194 servanda
753 1151 856 1206 est,
885 1159 1046 1215 quam
1073 1145 1128 1199 in
1148 1144 1363 1214 dextro,
1386 1149 1452 1203 ad
1480 1157 1731 1220 quartam
1764 1149 2029 1204 decimam

455 1231 617 1302 primi
667 1232 879 1290 Iudaici
924 1238 1128 1294 mensis
1162 1240 1516 1306 adhibemus,
1556 1250 1614 1296 ut
1653 1257 1683 1296 a
1725 1241 2027 1307 Dominica,

458 1321 594 1376 feria
627 1327 886 1390 secunda,
923 1337 977 1382 et
1016 1331 1198 1397 tertia,
1243 1332 1488 1403 adeoque
1536 1333 1796 1399 Sabbato,
1842 1333 1909 1388 ad
1943 1348 2030 1389 se-

457 1425 712 1487 quentem
726 1418 1061 1476 Dominicam
1080 1425 1369 1480 transitum
1394 1424 1773 1482 faciamus.Sic
1791 1425 1958 1498 igitur
1974 1427 2029 1481 in

457 1509 566 1565 alio
583 1512 777 1582 quovis
801 1528 946 1568 anno
963 1514 1103 1570 luna:
1118 1518 1482 1588 computanda
1497 1526 1579 1574 est
1601 1518 1761 1589 178
1773 1518 2030 1574 introitus

456 1601 595 1668 dies,
629 1608 709 1673 ut,
735 1604 878 1674 quod
918 1606 1115 1661 iterum
1145 1609 1452 1679 explicandi
1495 1624 1662 1665 causa
1703 1609 2026 1678 referemus,

453 1692 688 1762 primum
731 1710 909 1752 annus
946 1698 1254 1755 habeatur:
1305 1709 1417 1755 tum
1467 1699 1748 1757 Romanus
1795 1704 2023 1768 mensis,

2140 604 2275 657 ιέναι
2315 602 2596 674 μέλλοντος
2626 601 2847 674 ἡλιακοῦ
2872 601 3054 666 ἔτους·
3092 603 3234 673 φημὶ
3276 603 3331 655 δέ
3356 601 3454 656 τοῦ
3490 598 3707 673 πρώτου

2136 692 2233 757 τὰς
2268 693 2313 756 ζ’
2354 692 2590 765 ἡμέρας,
2641 694 2804 763 ἤγουν
2846 691 3124 754 ἐπωπάς*
3156 690 3413 745 ἀναλύσει
3452 692 3555 754 τὰς
3585 689 3708 754 ὅλας

2135 782 2178 835 ε’
2211 783 2301 836 καὶ
2328 783 2361 836 ι’
2384 783 2474 836 τὸν
2498 782 2727 855 ἀριθμὸν
2756 780 2920 845 οὐσας
2954 783 3033 845 εἰς
3069 780 3160 834 τὸν
3190 779 3256 845 ζ’.
3288 782 3413 835 Κᾶκ
3440 781 3547 852 τῆς
3572 783 3706 835 ἁπο-

2138 876 2404 948 μενούσης
2426 879 2553 948 μιᾶς
2576 877 2787 948 ἡμέρας
2813 875 3032 948 πρώτην
3070 876 3273 930 εἴσεται
3304 877 3398 948 τὴν
3429 877 3534 947 τῆς
3563 876 3710 932 ἐϐδο-

2136 967 2301 1036 μάδος
2348 968 2558 1039 ἡμέραν
2598 968 2973 1038 ὑπάρχουσαν·
3016 967 3182 1038 ἤγουν
3214 968 3373 1035 ἁγίαν
3399 967 3708 1039 Κυριακὴν,

2133 1060 2231 1130 τὴν
2264 1059 2544 1131 λεχθεῖσαν
2568 1060 2663 1113 τοῦ
2695 1059 3055 1132 Φεϐρουαρίου
3085 1060 3251 1129 μηνὸς
3282 1060 3570 1133 τετάρτην.
3621 1059 3713 1122 Ἓξ

2133 1140 2202 1219 ἦς
2244 1147 2335 1199 ἐπὶ
2383 1147 2481 1216 τὴν
2527 1146 2691 1219 ἄλλην
2736 1148 3154 1219 ὑπερτιθέμενος
3203 1148 3362 1216 ἁγίαν
3392 1148 3707 1219 Κυριακὴν,

2134 1238 2250 1290 κατ’
2284 1237 2496 1309 ἐκείνην
2534 1238 2822 1310 ἑνδεκάτην
2849 1237 2943 1291 τοῦ
2970 1238 3137 1291 αὐτοῦ
3180 1238 3548 1311 Φεϐρουαρίου
3575 1253 3707 1303 τυγ-

2134 1330 2422 1400 χάνουσαν,
2447 1316 2667 1401 εὑρήσει
2692 1328 3018 1401 τελουμένην
3040 1329 3257 1391 πάντως
3284 1328 3423 1382 κατὰ
3443 1328 3506 1381 τὸ
3536 1329 3708 1398 παρὸν

2131 1422 2172 1476 δ’
2196 1423 2290 1477 καὶ
2322 1422 2353 1472 ι’
2376 1422 2476 1493 τῆς
2508 1423 2734 1493 σελήνης
2757 1421 2874 1485 ἔτος
2903 1421 2999 1493 τὴν
3027 1420 3442 1493 ἀποκρεώσιμον
3477 1420 3703 1491 ἑορτήν·

2134 1516 2401 1587 προσήκει
2430 1514 2540 1585 γὰρ
2571 1514 2669 1584 τὴν
2701 1515 2822 1583 ίσην
2870 1512 3196 1584 μετάστασιν
3240 1515 3427 1583 τηρεῖν
3474 1511 3574 1565 καὶ
3617 1510 3708 1563 ἐπὶ

2131 1609 2229 1677 τῆς
2273 1605 2682 1678 παρεισὸάσεως
2722 1606 2781 1657 ἐν
2809 1602 2886 1674 τῷ
2925 1605 3190 1674 εὐωνύμῳ
3232 1604 3483 1673 κανονίῳ,
3514 1601 3616 1672 τῆς
3649 1604 3708 1655 ἐν

2130 1699 2208 1770 τῷ
2238 1698 2397 1769 δεξιῷ
2424 1696 2716 1767 γινομένης
2740 1697 2891 1767 ἡμῖν,
2925 1695 3064 1749 κατὰ
3086 1695 3183 1766 τὴν
3207 1694 3250 1748 δ’
3272 1695 3366 1748 καὶ
3399 1692 3430 1746 ι’
3460 1692 3559 1745 τοῦ
3584 1691 3708 1745 καθ’

451 1781 680 1854 ejusque
706 1784 846 1851 dies,
878 1787 945 1842 ad
977 1802 1137 1858 quem
1169 1790 1447 1860 regulares
1478 1790 1711 1846 addendi
1748 1800 1898 1857 sunt,
1926 1791 2017 1863 qui

2140 1791 2421 1864 Ἐϐραίους
2453 1788 2666 1861 πρώτου
2697 1788 2882 1859 μηνὸς,
2908 1786 2972 1840 ἐκ
2994 1804 3054 1840 τε
3085 1786 3386 1857 Κυριακῆς,
3409 1786 3505 1838 καὶ
3531 1782 3707 1837 δευτι.

450 1873 627 1930 serico
658 1875 727 1930 ad
766 1891 889 1931 eum
941 1877 1083 1935 diem
1130 1882 1481 1935 ascribuntur
1513 1900 1526 1936 :
1562 1890 1836 1952 postremo
1884 1898 2022 1954 pras-

449 1966 623 2021 seutis
652 1966 780 2024 anni
811 1967 946 2024 solis
991 1977 1199 2039 epactze
1243 1971 1521 2041 capiendae
1549 1980 1698 2028 sunt.
1735 1971 1843 2027 Has
1876 1973 2021 2028 enim

450 2071 546 2125 per
576 2073 742 2112 unum
779 2067 833 2115 et
859 2061 1109 2117 eumdem
1142 2062 1276 2119 solis
1305 2079 1531 2127 annum,
1568 2071 1755 2133 utputa
1787 2080 2026 2135 praesen-

449 2156 578 2211 tem,
618 2147 674 2203 in
710 2150 964 2207 omnibus
998 2153 1226 2208 canonis
1274 2155 1435 2211 istius
1479 2155 1760 2210 mensibus
1796 2155 2022 2212 adhibe-

447 2255 615 2295 mus:
661 2241 741 2297 sic
785 2251 846 2296 ut
889 2244 1083 2299 horum
1130 2248 1314 2317 quotis
1357 2247 1552 2302 diebus
1593 2249 1875 2311 accedant,
1915 2264 2020 2302 una

446 2346 568 2385 cum
600 2334 946 2404 regularibus
973 2337 1142 2393 rubro
1176 2339 1397 2395 notatis.
1443 2341 1667 2395 Summa
1701 2341 1899 2397 deinde
1927 2357 2024 2412 per

446 2428 652 2491 septem
687 2423 883 2490 divisa,
919 2428 1062 2497 quod
1114 2429 1382 2499 reliquum
1412 2432 1534 2496 erit,
1578 2430 1767 2487 feriam
1813 2433 2021 2489 hebdo-

444 2515 619 2570 madis
642 2514 831 2572 dabit:
867 2533 898 2572 a
930 2534 1039 2590 qua
1062 2520 1279 2576 demum
1315 2523 1381 2577 ad
1420 2523 1793 2595 insequentem
1831 2524 2018 2581 Domi-

442 2605 621 2659 nicam
659 2607 1037 2664 transibimus.

2133 1900 2251 1956 ρας,
2278 1882 2370 1936 καὶ
2406 1881 2615 1952 τρίτης,
2658 1880 2753 1933 καὶ¹
2787 1878 2971 1942 ἁπλῶς
3004 1878 3278 1931 Σαὸὅάτου
3311 1877 3404 1929 ἐπὶ
3436 1877 3539 1946 τὴν
3578 1873 3705 1945 ἑξῆς

2130 1976 2288 2044 ἁγίαν
2314 1972 2599 2045 Κυριακὴν
2647 1970 3085 2043 μεταϐαίνοντας.
3128 1968 3313 2032 Οὕτως
3355 1963 3450 2022 οὖν
3484 1969 3581 2021 καὶ
3612 1969 3704 2019 ἐπὶ

2132 2066 2330 2130 παντὸς
2371 2064 2529 2119 ἄλλον
2581 2063 2809 2134 σελήνης
2858 2060 3012 2124 ἔτους
3050 2061 3149 2131 τὴν
3188 2059 3550 2131 παρείσϐασιν
3586 2057 3705 2111 δέον

2130 2156 2416 2229 ψηφίζειν·
2444 2148 2573 2220 οἷον,
2617 2153 2684 2206 ἶν’
2723 2152 2997 2223 ἐπιτόμως
3037 2154 3131 2206 καὶ
3178 2147 3332 2214 αὖθις
3369 2150 3698 2220 σαιεηνισθῇ,

2129 2251 2188 2304 τὸ
2214 2250 2330 2312 ἔτος
2372 2247 2556 2319 τηρεῖν
2575 2261 2589 2275 ’
2621 2240 2738 2298 εἶτα
2765 2242 2855 2296 τὸν
2902 2242 3203 2312 Ῥωμαϊκὸν
3250 2241 3412 2311 μῆνα,
3444 2240 3543 2291 καὶ
3578 2237 3701 2291 τού-

2127 2357 2219 2393 του
2254 2339 2352 2408 τὴν
2382 2333 2643 2389 ποσταίαν
2670 2351 2684 2362 ·
2716 2333 2810 2386 καὶ
2841 2330 3128 2402 ἐμϐάλλειν
3169 2330 3306 2401 αὐτῇ
3337 2328 3436 2392 τὰς
3461 2328 3573 2380 ἀπὸ
3604 2343 3701 2396 ση-

2132 2430 2283 2502 ρικοῦ
2329 2424 2735 2498 παρακειμένας
2771 2421 3071 2492 προσθετὰς
3097 2439 3112 2452 ο
3164 2420 3258 2474 καὶ
3307 2420 3412 2490 μὴν
3464 2418 3562 2471 καὶ
3601 2418 3699 2481 τὰς

2106 2520 2365 2585 νέπακτὰς
2390 2518 2484 2574 τοῦ
2514 2515 2803 2579 ἐνεστῶτος
2827 2512 3052 2585 ἡλιακοῦ
3086 2513 3256 2576 ἔτους.
3282 2514 3414 2576 Ταῖς
3445 2512 3559 2581 γὰρ
3597 2511 3696 2565 αὐ-

2130 2618 2253 2678 ταῖς
2275 2613 2534 2673 ἐπακταῖς
2551 2609 2668 2671 ἐνὸς
2697 2608 2790 2661 καὶ
2815 2606 2909 2660 τοῦ
2941 2605 3103 2659 αὐτοῦ
3135 2604 3358 2676 ἡλιακοῦ
3388 2604 3566 2667 ἔτους,
3588 2596 3699 2657 οἷον

443 2697 536 2750 τοῦ
577 2699 892 2768 ἐνεστῶτος,
929 2703 1016 2772 ἐφ’
1062 2705 1198 2758 ὅλων
1245 2706 1352 2760 τῶν
1405 2710 1462 2759 ἐν
1506 2708 1643 2778 τῷδε
1678 2708 1756 2781 τῷ
1800 2714 2032 2785 κανονίῳ
2062 2709 2408 2782 τεταγμένων
2439 2703 2738 2778 κεχρῆσθαι
2769 2702 3033 2774 προσήκει
3102 2699 3307 2771 μηνῶν,
3358 2700 3478 2762 ταῖς
3518 2695 3696 2750 αὐτῶν

443 2794 729 2862 ποσταίαις
750 2798 956 2864 ταύτας
980 2801 1345 2871 ἐμϐάλλοντας
1373 2803 1507 2874 μετὰ
1532 2804 1638 2857 τῶν
1659 2807 1766 2860 ἀπὸ
1789 2807 2015 2879 σηρικοῦ
2039 2805 2351 2880 προσθετῶν
2376 2822 2389 2835 ’
2422 2803 2517 2856 καὶ
2543 2800 2685 2855 οὕτω
2716 2795 2956 2869 μερίζειν
2981 2799 3059 2860 είς
3086 2795 3176 2849 τὸν
3216 2794 3282 2859 ζ’,
3319 2794 3414 2847 καὶ
3468 2796 3535 2846 ἐκ
3590 2794 3695 2844 τῶν

443 2889 829 2960 ἀπομενουσῶν
873 2891 971 2961 τὴν
1010 2893 1369 2967 ἐϐδομαδικὴν
1417 2896 1626 2969 ἡμέραν
1687 2899 2009 2967 γινώσκειν·
2038 2900 2103 2953 ἐκ
2131 2900 2335 2969 ταύτης
2361 2896 2418 2949 δὲ
2445 2892 2630 2947 λοιπὸν
2672 2888 3017 2960 μεταϐαίνειν
3054 2888 3147 2941 ἐπὶ
3203 2889 3301 2956 τὴν
3345 2886 3473 2957 ἐξῆς
3535 2883 3694 2951 ἁγίαν

440 2983 745 3056 Κυριακήν.

446 3135 586 3200 Quid
610 3139 665 3193 in
688 3140 908 3196 sinistro
928 3146 1522 3238 canone'obsmandum
1547 3150 1615 3202 sit
1642 3150 1693 3203 in
1712 3167 2016 3221 unoquoque

2123 3149 2217 3212 τίς
2227 3145 2308 3238 13..
2328 3139 2690 3238 esseom
2697 3118 3581 3238 meracasaesfﬁgas'sﬁ
3618 3140 3695 3205 τῷ

1129 3217 1347 3272 bisexto.

515 3339 677 3397 XXII.
711 3341 826 3399 Hoc
850 3360 1016 3400 unum
1054 3347 1324 3402 duntaxat
1352 3348 1406 3403 in
1440 3347 1668 3406 sinistro
1695 3364 1905 3408 canone
1931 3360 2005 3408 te-

442 3433 679 3488 nendum
708 3442 815 3501 est,
844 3446 903 3492 ut
925 3440 1139 3509 quoties
1170 3440 1418 3497 hisextus
1456 3440 1708 3511 incurrit,
1735 3444 2015 3513 regulares

441 3523 658 3592 rubros,
706 3528 798 3598 qui
845 3529 911 3583 ad
956 3531 1226 3585 mensium
1260 3530 1379 3588 dies
1423 3532 1666 3588 adnotati
1707 3542 1870 3598 sunt,
1903 3549 2015 3589 uno

440 3616 773 3674 minuamus.
804 3619 879 3675 Ut
910 3621 955 3676 si
989 3622 1254 3692 regularis
1290 3624 1363 3679 sit
1394 3639 1433 3687 ι,
1462 3624 1595 3679 nihil
1637 3625 1886 3694 addatur,
1917 3627 2011 3683 sed

441 3706 554 3761 sola
614 3707 845 3765 Romani
912 3714 1116 3769 mensis
1168 3724 1333 3784 quota
1394 3714 1484 3770 die
1548 3718 1825 3781 contenti,
1886 3734 2010 3773 cum

439 3800 645 3867 epactis
696 3802 849 3869 solis,
903 3819 1171 3859 summam
1219 3806 1276 3859 in
1321 3821 1397 3860 vn
1439 3808 1762 3878 partiamur.
1815 3807 1911 3863 Sin
1960 3826 2013 3864 iv

440 3898 569 3943 sunt
600 3894 878 3962 regulares
906 3896 1191 3960 rubricali,
1222 3914 1281 3953 ιιι
1308 3899 1684 3954 tantummodo
1712 3909 2006 3970 ponantur,

438 3999 547 4039 non
578 3998 650 4037 ιν.
685 3984 837 4050 Quod
863 4002 928 4041 eo
962 3987 1036 4053 lit,
1082 3998 1141 4042 ut
1179 4004 1246 4043 ex
1295 3991 1416 4059 ipso
1452 3990 1665 4046 bisexto
1697 3992 2012 4060 redundans

438 4075 555 4130 dies
582 4076 870 4138 eximatur,
900 4093 968 4131 ne
993 4078 1064 4133 sit
1089 4095 1151 4134 ea
1185 4080 1386 4145 fraudi,
1414 4081 1543 4136 dum
1579 4082 1768 4137 feriam
1804 4084 2011 4140 hebdo-

437 4166 704 4221 madicam
741 4168 793 4222 in
824 4169 1038 4226 duobus
1095 4170 1353 4228 Romanis
1400 4176 1706 4240 mensibus,
1749 4176 2012 4232 Januario

435 4267 490 4313 ct
530 4257 849 4328 Februario,
890 4263 1205 4332 quzerimus.
1258 4258 1368 4320 Hoc
1405 4267 1549 4321 enim
1599 4268 1881 4325 desinente
1929 4270 2012 4324 bi-

434 4352 643 4405 sextilis
684 4360 907 4422 putatur
946 4355 1098 4420 dies;
1146 4364 1304 4410 antea
1333 4373 1464 4413 vero
1506 4374 1616 4413 non
1659 4360 1807 4415 item.
1846 4363 1922 4414 Ac
1962 4360 2007 4414 si

433 4442 559 4510 quis
593 4442 646 4495 in
673 4443 897 4498 sinistro
926 4444 1019 4498 illo
1040 4460 1248 4501 canone
1290 4458 1542 4504 accurate
1574 4449 1762 4513 feriam
1786 4450 2011 4507 investi-

2222 3208 2503 3282 εὖωτὲὐμῳ
2528 3208 2631 3265 τοῦ
2656 3208 2938 3264 κακονιου
2963 3209 3112 3262 κατὰ
3134 3208 3586 3273 πάνβίσεξτον.

2188 3349 2315 3402 KB'.
2361 3348 2567 3400 Ἐκεῖνο
2604 3344 2661 3398 δὲ
2691 3344 2851 3415 μόνον
2894 3345 2953 3397 ἐν
2993 3341 3071 3413 τῷ
3111 3341 3375 3414 εὐωνύμῳ
3424 3346 3694 3415 προσήκει

2116 3442 2304 3511 τηρεῖν
2355 3438 2619 3507 κανονίῳ·
2677 3436 2766 3499 ἵν’,
2818 3437 2906 3489 ὅτε
2961 3433 3203 3505 βίσεξτον
3237 3435 3552 3507 ωμφθάσῃ,
3599 3436 3697 3501 τὰς

2117 3531 2529 3604 παρακειμένας
2555 3533 2619 3603 τῇ
2654 3528 2887 3600 ποσταία
2907 3527 3014 3582 τῶν
3047 3528 3231 3598 μηνῶν
3258 3526 3566 3600 προσθετὰς
3590 3530 3697 3582 ἀπὺ

2079 3635 2098 3649 ’
2120 3622 2347 3696 σηρικοῦ
2382 3622 2592 3694 ἡμέρας
2619 3621 2930 3690 ποιήσωμεν
2954 3616 3106 3689 παρὰ
3131 3618 3229 3689 τὴν
3260 3617 3387 3688 μίαν
3410 3619 3499 3671 ἐπ’
3529 3618 3696 3673 αὐτοῦ

2116 3711 2487 3785 ψηφιζομένου
2517 3710 2686 3774 ἔτους.
2720 3704 2844 3763 Οῗον
2879 3710 2928 3761 εί
2969 3709 3066 3778 μὲν
3110 3708 3207 3778 μία
3254 3707 3402 3760 ἐστὶν
3447 3709 3484 3778 ἡ
3525 3724 3697 3780 προσ-

2119 3804 2271 3874 θετὴ,
2306 3805 2385 3865 είς
2428 3802 2488 3855 τὺ
2538 3800 2662 3872 μηδ’
2703 3799 2840 3863 ὅλως
2877 3797 3089 3868 βάλλειν
3119 3799 3286 3869 αὐτήν
3309 3815 3322 3827 ·
3360 3797 3498 3851 ἀλλὰ
3528 3799 3695 3869 μόνην

2116 3894 2215 3966 τὴν
2242 3892 2503 3947 ποσταίαν
2534 3891 2629 3945 τοῦ
2668 3888 2976 3961 Ῥωμαῖκοῦ
3002 3888 3167 3960 μηνὸς
3199 3889 3413 3953 καὶτὰς
3446 3890 3697 3954 ὲπακτὰς

2117 3986 2211 4040 τοῦ
2240 3985 2411 4057 ἡλίου,
2442 3985 2535 4038 καὶ
2559 3982 2730 4046 οὕτως
2762 3981 3002 4053 μερίζειν
3034 3982 3113 4043 είς
3146 3981 3236 4033 τὸν
3269 3980 3311 4044 ζ’
3334 3998 3346 4010 ·
3375 3983 3423 4033 εἱ
3451 3980 3510 4032 δὲ
3539 3980 3583 4033 δ’
3614 3983 3691 4033 εί-

2120 4075 2205 4129 σὶν
2237 4077 2294 4129 αἱ
2324 4075 2431 4129 ἀπὸ
2459 4073 2696 4145 σηρικού
2715 4070 3031 4144 προσθεταὶ,
3065 4072 3213 4142 τρεῖς
3241 4069 3360 4122 ἀντὶ
3384 4070 3424 4123 δ’
3453 4069 3688 4139 βάλλειν,

2118 4166 2252 4221 ἀλλὰ
2292 4164 2558 4238 μηδαμῶς
2583 4164 2682 4226 τὰς
2708 4163 2770 4216 δ’.
2799 4162 3009 4215 Γίνεται
3032 4161 3090 4214 δέ
3118 4160 3274 4214 τοῦτο
3305 4160 3371 4214 δι’
3405 4162 3689 4233 ὑφαίρεσιν

2116 4260 2214 4331 τῆς
2246 4256 2306 4322 ἐξ
2334 4256 2496 4311 αὐτοῦ
2522 4255 2616 4308 τοῦ
2647 4253 2889 4324 βισέξτου
2920 4252 3375 4323 περιττευομένης
3406 4254 3538 4322 μιᾶς
3566 4253 3692 4323 iud.

2121 4367 2236 4421 ρας,
2269 4349 2344 4412 ὡς
2394 4347 2460 4401 ἂν
2509 4347 2583 4418 μὴ
2626 4345 2693 4399 δι’
2724 4344 2894 4414 αὐτῆς
2941 4343 3230 4414 σφαλῶμεν
3273 4346 3400 4415 περὶ
3442 4345 3544 4415 τὴν
3592 4343 3687 4413 τῆς

2117 4440 2476 4511 ἐΰδομαδικῆς
2505 4438 2714 4509 ἡμέρας
2752 4435 3027 4508 ἐξεύρεσιν
3063 4437 3120 4489 ἐν
3166 4438 3276 4498 τοῖς
3302 4434 3421 4488 δυσὶ
3462 4437 3688 4506 Ῥωμαῖ-

434 4539 540 4601 get,
567 4534 781 4603 quoties
810 4549 988 4590 annus
1014 4535 1278 4592 bisext-ilis
1307 4553 1412 4592 non
1442 4541 1566 4602 erit.
1592 4539 1781 4604 eadem
1817 4555 2005 4594 oecur-

2123 4535 2233 4597 κοῖς
2282 4531 2437 4603 μησὶ,
2481 4529 2561 4600 τῷ
2601 4546 2660 4582 τε
2705 4527 3017 4599 Ἰανουαρίῳ
3064 4527 3153 4580 καὶ
3190 4526 3269 4595 τῷ
3315 4526 3681 4598 Φεϐρουαρίῳ.

433 4632 513 4679 ret
545 4622 676 4679 feria
700 4625 755 4679 in
785 4640 1015 4691 canone,
1044 4628 1135 4697 qui
1172 4627 1453 4683 introitum
1481 4630 1698 4685 exhibet
1726 4647 1755 4684 a
1789 4631 2013 4687 sinistro

432 4715 620 4778 latere,
655 4724 709 4770 et
740 4715 796 4770 in
840 4731 925 4780 eo,
961 4718 1053 4787 qui
1091 4717 1299 4772 Pascha
1339 4720 1600 4775 continet.
1637 4718 1772 4773 Nam
1804 4722 2012 4776 utrobi—

431 4823 538 4877 que
586 4807 944 4871 Dominicam,
987 4809 1072 4864 vel
1123 4811 1417 4865 secundam
1476 4802 1688 4873 feriam,
1733 4819 1829 4866 aut
1876 4813 2011 4868 alias

430 4897 687 4970 deinceps
714 4888 1055 4957 habebimus.
1081 4901 1149 4955 At
1171 4902 1224 4955 in
1250 4917 1394 4956 anno
1419 4902 1652 4957 bisextili
1688 4920 1794 4958 non
1821 4903 2007 4959 eadem

429 4992 676 5052 exsistet,
709 4992 804 5048 sed
836 5007 942 5046 una
983 4992 1218 5062 amplius
1261 5009 1423 5064 quam
1463 4993 1518 5047 in
1561 4994 1804 5050 sinistro.
1855 4993 1922 5049 Ut
1964 4994 2010 5049 si

433 5081 765 5137 Dominicam
789 5082 1010 5137 sinister
1038 5080 1263 5147 oﬂ‘erat,
1294 5083 1349 5136 in
1379 5081 1569 5137 dextro
1596 5083 1784 5138 feriam
1815 5099 2011 5139 secun-

429 5172 554 5227 dam
587 5189 963 5245 assequemur.
1005 5172 1060 5231 Si
1096 5174 1337 5229 secunda
1371 5175 1484 5229 illic
1516 5173 1750 5239 incidat,
1787 5175 1876 5230 hic
1907 5185 2010 5231 ter-

324 5244 330 5301 Ϊ
429 5268 560 5321 tiam
589 5265 946 5322 oﬂ‘endemus.
982 5265 1074 5322 Sic
1094 5268 1185 5322 ubi
1214 5266 1510 5323 Sabbatum
1538 5268 1595 5322 in
1634 5268 1857 5324 sinistro
1888 5284 2010 5339 pro-

430 5358 620 5421 dierit,
659 5359 713 5412 iu
740 5358 934 5413 dextro
958 5357 1241 5413 Dominica
1266 5358 1564 5428 continget.
1594 5357 1731 5411 Nam
1763 5359 2006 5414 accessio

434 5449 697 5505 bisextilis
729 5451 835 5505 diei
893 5450 1040 5513 facit,
1083 5459 1145 5504 ut
1193 5451 1415 5506 sinister
1461 5464 1571 5506 uno
1610 5450 1699 5505 die
1737 5449 2003 5504 minorem

435 5544 688 5610 praebeat.
754 5543 920 5611 Igitur
977 5544 1414 5623 quandocunqpe
1466 5550 1689 5613 propter
1731 5541 2002 5596 bisextum

433 5632 698 5697 Januarii,
728 5636 810 5689 vel
835 5634 1114 5690 Februarii
1144 5636 1259 5689 dies
1282 5635 1334 5689 in
1362 5634 1654 5690 Sabhatum
1686 5633 1915 5687 incurrit
1947 5631 2003 5687 in

435 5738 643 5781 canone
673 5724 917 5793 sinistro;
952 5724 1128 5779 Martii
1157 5742 1283 5780 vero
1311 5727 1389 5780 vel
1424 5724 1624 5793 Aprilis
1660 5725 1714 5779 in
1749 5723 1995 5780 Domini-

2116 4621 2273 4677 Μετὰ
2305 4621 2412 4692 γὰρ
2442 4620 2541 4691 τὴν
2584 4620 2773 4673 τούτου
2807 4619 3104 4687 περαίωσιν
3139 4616 3201 4670 τὸ
3233 4615 3476 4687 βίσεξτον
3517 4617 3683 4691 ψηφί-

2117 4714 2292 4779 ζεται,
2325 4714 2440 4767 ἀλλ’
2471 4712 2719 4782 οὐδαμῶς
2758 4712 2865 4783 πρὸ
2890 4710 3111 4783 ταύτης.
3139 4711 3328 4763 Ἔσται
3356 4708 3415 4761 δέ
3444 4712 3557 4771 τοῖς
3589 4710 3684 4780 τὴν

2116 4805 2478 4877 ἑϐδομαδικὴν
2511 4803 2753 4874 ἀκριϐῶς
2790 4805 2853 4856 ἐκ
2888 4802 3042 4855 τοῦδε
3074 4800 3168 4854 τοῦ
3199 4801 3445 4854 κανονίου
3479 4801 3684 4871 διερευ-

2115 4897 2278 4950 νῶσιν
2305 4897 2537 4968 ἡμέραν,
2580 4896 2669 4947 ὅτε
2717 4895 2812 4966 μὲν
2852 4896 2949 4947 οὐκ
2978 4893 3090 4946 ἔστι
3124 4891 3381 4962 βίσεξτον,
3424 4894 3553 4962 μιᾶς
3594 4893 3684 4945 καὶ

2112 4988 2213 5058 τῆς
2246 4988 2415 5058 αὐτῆς
2457 4986 2779 5055 κατάληψις,
2822 4984 2880 5038 ἐν
2924 5002 2982 5038 τε
3027 4982 3103 5053 τῷ
3146 4984 3242 5052 τῆς
3274 4984 3679 5052 παρεισόἁσεως

2115 5081 2366 5150 κανονίῳ,
2395 5079 2536 5146 λέγω
2561 5078 2617 5130 δέ
2645 5076 2722 5148 τῷ
2753 5078 2811 5144 ἐξ
2844 5076 3134 5147 εὐωνύμων
3178 5074 3432 5144 κειμένῳ,
3479 5075 3575 5127 καὶ,
3608 5074 3680 5144 τῷ

2107 5172 2200 5227 τοῦ
2229 5172 2440 5241 Πάσχα,
2457 5169 2701 5224 τουτέστι
2732 5168 3014 5238 Κυριακῆς
3042 5167 3135 5220 καὶ
3159 5165 3463 5236 Κυριακῆς,
3487 5166 3522 5235 ἢ
3562 5164 3677 5216 δευ-

2113 5264 2276 5334 τέρας
2308 5262 2401 5314 καὶ
2433 5259 2712 5332 δευτέρας,
2739 5259 2831 5311 καὶ
2862 5258 2952 5310 ἐπὶ
2979 5257 3085 5311 τῶν
3112 5256 3283 5311 ἄλλων
3311 5255 3514 5326 ὁμοίως
3542 5257 3674 5327 ἡμε-

2114 5355 2222 5426 ρῶν
2241 5372 2253 5385 ·
2285 5355 2374 5406 ὅτε
2405 5352 2464 5406 δέ
2496 5350 2735 5423 βίσεξτόν
2775 5352 2941 5412 ἐστιν,
2978 5349 3039 5402 οὐ
3067 5349 3164 5419 τῆς
3204 5346 3375 5417 αὐτῆς
3405 5348 3499 5400 καὶ
3529 5348 3671 5417 μιᾶς,

2111 5446 2246 5499 ἀλλὰ
2267 5446 2365 5515 τῆς
2390 5444 2527 5516 μετὰ
2552 5444 2648 5515 τὴν
2674 5443 2802 5514 μίαν
2823 5444 2881 5496 ἐν
2901 5440 2978 5512 τῷ
2998 5439 3261 5511 εὐωνύμῳ
3281 5437 3667 5510 ψηφιζομένης.

2111 5533 2234 5592 Οἷον
2265 5537 2550 5608 Κυριακῆς
2582 5539 2640 5591 ἐν
2671 5534 3055 5607 τῷεύωνύμῳ,
3100 5533 3231 5604 φέρε
3264 5534 3466 5585 εἰπεῖν·
3502 5531 3561 5584 ἐν
3597 5528 3668 5597 τῷ

2108 5627 2264 5698 δεξιῷ
2288 5628 2513 5699 δευτέρα
2542 5627 2756 5685 πάντως
2783 5625 3113 5697 εὑρίσκεται.
3144 5624 3407 5693 Δευτέρας
3432 5621 3490 5675 δέ
3517 5619 3666 5673 πάλιν

2108 5721 2241 5787 ἐκεῖ,
2276 5721 2431 5790 τρίτη
2466 5719 2738 5789 προδήλως
2784 5716 3034 5772 ἐνταῦθα.
3070 5715 3220 5770 Clite)
3250 5714 3302 5767 δὲ
3342 5713 3435 5767 καὶ
3466 5710 3663 5765 26:66a-
