3950 6266
288 278 440 339 ῚΞΗ

1120 287 1177 344 S.
1218 287 1465 342 MAXIM!
1506 286 1866 343 MARTYRIS
1902 288 2281 347 COMPUTUS
2318 292 2755 352 ECCLESIAST.

3386 300 3536 358 ’ίὲξῖ

303 420 392 455 τον
429 402 526 457 ἐὰν
557 403 873 479 συμφθάσῃ,
909 405 1162 477 Κυριακὴ
1199 407 1477 478 προδήλως
1515 408 1573 461 ὲν
1595 407 1673 478 τῷ
1708 406 1866 478 δεξιῷ

1969 425 2086 465 cam
2118 410 2175 466 in
2205 412 2394 468 dextro
2416 431 2656 484 canone;
2690 417 2777 472 hic
2795 432 2868 472 vn
2898 418 3198 491 transgredi
3222 418 3337 477 dies
3369 436 3536 491 opor-

302 493 531 565 κανονίῳ
564 493 873 567 ψηφίζεται.
909 497 973 549 Ἡ
1004 497 1111 570 γὰρ
1137 498 1417 571 προσθήκη
1444 501 1541 571 τῆς
1566 499 1658 553 τοῦ
1691 500 1868 570 βισέξ-

301 603 393 639 του
427 586 662 658 ἡμέρας,
699 586 797 658 τὴν
821 587 918 658 τῆς
955 590 1084 658 μιᾶς
1118 588 1379 643 ὑπόϐασιν
1406 592 1464 643 ἑν
1500 590 1579 661 τῷ
1607 589 1868 660 εὐωνύμῳ

303 680 463 732 ποιεῖ.
516 680 608 731 Δεῖ
650 675 743 732 οὖν
794 680 1027 749 ὁπηνίκα
1082 680 1171 735 διὰ
1215 681 1275 734 τὸ
1324 681 1562 751 βίσεξτον
1609 680 1868 753 Σαϐϐάτῳ

303 771 605 822 πίπτουσαν
649 770 849 839 ἴδοιμεν
875 770 976 841 τήν
1019 788 1076 824 τε
1107 770 1200 824 τοῦ
1242 772 1590 840 ’Ῑανουαρίου,
1631 773 1726 826 καὶ
1767 773 1867 825 Φε-

300 861 591 933 ϐρουαρὶου
629 862 794 932 μηνὸς
834 863 1115 928 ποσταίαν,
1157 865 1215 916 ὲν
1259 864 1405 934 αὐτῷ
1439 863 1518 935 τῷ
1560 863 1822 935 εὐωνύμῳ
1845 881 1860 894 ’

303 954 585 1025 Κυρωκῆς
605 952 662 1006 δὲ
702 953 800 1025 τὴν
840 953 934 1007 τοῦ
975 954 1218 1027 Μαρτίου
1247 955 1339 1009 καὶ
1381 954 1655 1027 Ἀπριλίου
1697 955 1864 1026 μηνὸς

300 1046 360 1097 ἐν
385 1043 462 1115 τῷ
493 1043 649 1114 δεξιῷ
686 1044 915 1116 κανονὶῳ
934 1062 949 1077 ’
993 1047 1049 1099 ἑν
1075 1046 1247 1117 τούτῳ
1275 1047 1374 1118 μὲν
1400 1046 1501 1110 τὰς
1528 1045 1572 1110 ζ’
1603 1046 1862 1117 μεταϐαί-

298 1153 410 1190 νειν
435 1136 673 1209 ἡμέρας·
705 1138 782 1202 ὼς
804 1138 911 1191 ἀπὸ
930 1137 1186 1211 δευτέρας
1217 1140 1298 1203 είς
1327 1137 1608 1211 Κυριακὴν
1628 1137 1861 1208 φερομέ-

1976 509 2071 564 tet,
2123 502 2377 558 nimirum
2423 521 2452 559 a
2498 508 2736 562 secunda
2758 507 2900 574 ,I‘eria
2934 510 2989 562 in
3019 508 3392 577 Dominicam;
3425 511 3536 566 illic

1972 607 2090 657 rm,
2130 609 2160 648 a
2209 592 2488 650 Dominica
2535 596 2589 651 in
2628 598 2852 652 alteram
2897 596 3251 655 Dominicam.
3294 598 3363 653 Ut
3416 610 3538 669 post

1973 690 2098 738 octo
2143 683 2260 740 dies
2304 685 2559 743 introitus
2592 687 2788 743 festum
2818 695 3008 743 exacta
3041 690 3253 744 ratione
3296 688 3538 745 Domini-

1970 788 2091 829 cam
2118 776 2367 846 attingat.
2399 775 2514 832 Hoc
2545 777 2689 833 enim
2719 778 2879 833 modo
2907 779 3072 834 distat
3118 779 3328 834 sinistri
3370 793 3536 835 cano-

1971 864 2056 920 nis
2075 867 2360 923 translatio
2384 868 2451 922 ab
2479 868 2567 922 illa
2587 868 2763 923 dextri
2800 888 2812 924 :
2845 870 2988 940 quod
3017 870 3168 941 prior
3194 870 3263 923 ad
3285 876 3533 924 octavum

1969 970 2143 1025 usque
2188 955 2329 1012 diem
2372 968 2593 1027 propter
2634 957 2938 1014 hisextilem
2988 959 3133 1014 diem
3173 959 3531 1014 extenditur:

1968 1045 2141 1101 dextri
2169 1064 2297 1103 vero
2326 1051 2554 1105 canonis
2594 1066 2665 1106 vu
2699 1065 2807 1106 non
2830 1051 3062 1116 excedit,
3093 1049 3186 1107 sed
3212 1065 3281 1106 eo
3308 1064 3536 1105 numero

1967 1136 2455 1196 circumscribitur.
2507 1140 2632 1198 Haec
2676 1143 2745 1198 de
2794 1143 3045 1198 cautione
3084 1141 3352 1198 bisextilis
3383 1140 3532 1196 anni.

301 1244 453 1291 νους·
481 1230 538 1281 ἑν
585 1228 778 1300 ἐκείνῳ
803 1229 860 1282 δὲ
899 1228 1000 1293 τὰς
1038 1237 1088 1300 η’
1131 1229 1485 1300 μεθίστασθαι
1523 1229 1758 1292 πάντως,
1797 1227 1872 1292 ὡς
1908 1228 2014 1282 ἀπὸ
2046 1230 2326 1304 Κυριακῆς
2345 1234 2423 1297 εις
2451 1234 2731 1307 Κυριακὴν
2758 1234 3084 1306 ἀγομένους’
3122 1234 3208 1288 ἵνα
3246 1232 3386 1305 μετὰ
3437 1231 3536 1295 τὰς

299 1328 351 1393 η’
372 1320 705 1394 διακριϐωθῇ
741 1322 859 1377 κατ’
887 1324 1100 1395 ἐκείνην
1125 1324 1224 1395 τὴν
1260 1324 1544 1397 Κυριακὴν
1585 1321 1874 1393 ὁριζομένη
1914 1322 2140 1386 δεόντως
2162 1326 2194 1395 ἡ
2216 1326 2313 1396 τῆς
2338 1328 2747 1400 παρεισϐάσεως
2773 1329 2953 1400 ἑορτή.
2978 1327 3135 1381 Κατὰ
3191 1326 3379 1381 τοῦτον
3426 1326 3536 1397 γὰρ

300 1414 390 1468 τὸν
417 1417 615 1487 τρόπον
653 1418 686 1485 ἡ
718 1417 774 1468 ὲν
805 1413 883 1486 τῷ
914 1414 1176 1487 εὐωνύμῳ
1222 1414 1509 1485 μετάθεσις
1556 1410 1922 1485 παραλλάττει
1956 1415 2091 1484 πρὸς
2146 1414 2245 1485 τὴν
2303 1417 2362 1469 ὲν
2400 1417 2477 1488 τῷ
2525 1417 2683 1489 δεξιῷ
2720 1418 3008 1489 γινομένην
3049 1417 3373 1489 μετάστασιν
3407 1433 3422 1448 ο
3453 1418 3536 1471 ὅτι

299 1508 395 1561 καὶ
423 1508 612 1578 μέχρις
636 1506 826 1578 ὀγδόης
855 1507 1065 1577 ἡμέρας
1090 1508 1387 1561 ἐκτείνεται
1416 1505 1504 1560 διὰ
1526 1506 1585 1559 τὸ
1614 1503 1874 1576 βίσεξτον,
1925 1505 2029 1575 τῆς
2076 1507 2135 1559 ἐν
2182 1507 2258 1577 τῷ
2304 1508 2463 1580 δεξιῷ
2497 1510 2761 1582 μηδαμῶς
2786 1511 2886 1576 τὰς
2938 1513 2981 1574 ζ’
3012 1510 3381 1582 διερχομένης,
3421 1510 3535 1564 ἀλλ’

300 1598 405 1664 lui;
451 1598 629 1653 αὐτῶν
666 1600 761 1653 καὶ
798 1601 955 1670 μόνον
989 1597 1329 1671 ὁριζομένης.
1379 1597 1564 1652 Ταῦτα
1599 1599 1694 1652 καὶ
1740 1598 1870 1670 περὶ
1894 1598 1995 1668 τῆς
2024 1599 2167 1653 κατὰ
2192 1601 2253 1654 τὸ
2279 1601 2520 1672 βίσεξτον
2541 1604 2860 1676 ὀφειλούσης
2918 1605 3168 1674 γενέσθαι
3228 1603 3537 1676 παρατηρή-

302 1709 460 1755 σεως.

299 1804 437 1873 Περὶ
466 1802 586 1879 τῶν
611 1800 883 1879 caraxth
917 1801 1026 1879 _toi5_
1067 1802 1245 1879 ἡλίου
1269 1819 1284 1833 ·
1330 1802 1490 1868 τινες
1531 1795 1705 1879 αὗται
1732 1816 1870 1870 τυγ-

2056 1795 2131 1851 De
2163 1800 2358 1867 epactis
2386 1801 2545 1868 solis;
2573 1819 2688 1875 qua?
2718 1808 2843 1871 sint,
2872 1818 2920 1861 et
2952 1809 3066 1879 quis
3094 1824 3275 1863 earum
3308 1827 3452 1867 usus.

404 1873 681 1944 χάνουσι,
715 1872 810 1925 καὶ
845 1871 943 1925 διὰ
969 1871 1026 1925 τι
1051 1873 1292 1937 ταύταις
1315 1870 1760 1941 προσχρώμεθα.

542 1965 627 2029 Ὠς
665 1964 731 2018 ἂν
774 1964 830 2017 δὲ
862 1963 994 2034 μηδὲ
1035 1964 1064 2015 ό
1096 1963 1225 2035 περὶ
1254 1938 1365 2016 τῶν
1401 1938 1684 2034 τούᾐὴλίου
1712 1960 1868 2027 λόγος

2037 1951 2223 2010 XXIII.
2261 1956 2438 2028 Atque
2466 1938 2526 2014 ut
2551 1977 2619 2017 ne
2646 1962 2778 2016 solis
2809 1963 3027 2032 quidem
3069 1973 3273 2033 epactae
3309 1981 3339 2018 a
3379 1964 3538 2020 nobis

300 2060 430 2129 ἡμῖν
464 2056 817 2122 ἀνεξέταστος
862 2054 1169 2125 άπομείνοι,
1197 2054 1425 2124 λέγομεν
1453 2052 1695 2117 ἑπακτὰς
1728 2047 1867 2106 εἶναι

300 2152 408 2206 τῶν
438 2149 532 2203 τοῦ
564 2147 713 2219 ἡλίου
760 2145 897 2199 ἐτῶν
924 2145 1023 2209 τὰς
1054 2147 1161 2199 ἀπὸ
1201 2147 1301 2216 τῆς
1333 2145 1693 2217 έϐδομαδικῆς
1727 2142 1865 2216 ἡμέ-

302 2260 421 2316 ρας,
450 2240 510 2305 ὲξ
536 2235 605 2313 ἦς
638 2240 700 2292 τὸ
734 2239 956 2309 ἡλιακὸν
998 2239 1116 2302 ἔτος
1149 2237 1472 2309 ἁπάρχεται,
1507 2238 1647 2291 κατὰ
1676 2238 1870 2291 ἀναπο-

298 2333 488 2404 δισμὸν
529 2329 820 2393 λειπούσας
869 2331 928 2382 ἑν
974 2331 1038 2400 τῇ
1086 2330 1222 2399 αὐτῇ
1267 2326 1520 2399 ἑϐδομάδι
1567 2327 1726 2399 μέχρι
1767 2325 1868 2396 τῆς

302 2424 543 2497 πρώτης,
571 2424 735 2494 ἡγουν
750 2423 847 2492 τῆς
872 2421 1035 2490 ἁγίας
1059 2420 1341 2492 Κυριακῆς
1357 2434 1368 2447 ·
1398 2413 1508 2472 οἷον
1544 2418 1673 2489 φέρε
1696 2418 1867 2470 εἰπεῖν

299 2518 374 2582 ὠς
402 2518 493 2570 ἐπὶ
519 2514 612 2569 τοῦ
654 2513 945 2576 ἐνεστῶτος
975 2520 1058 2584 κη’
1090 2510 1260 2576 ἔτους.
1312 2510 1550 2583 Ἤρξατο
1589 2508 1697 2579 γὰρ
1729 2509 1868 2564 κατὰ

299 2609 398 2679 τὴν
418 2605 639 2679 πρώτην
659 2605 752 2658 τοῦ
783 2603 1056 2674 Ἀπριλίου
1086 2602 1275 2674 μηνὸς,
1296 2601 1403 2656 ἀπὸ
1427 2601 1679 2672 ἑϐδόμης,
1702 2600 1868 2670 ῆγουν

302 2698 579 2754 Σαϐϐάτου
618 2697 847 2768 ἡμέρας.
885 2695 995 2757 Τὰς
1031 2690 1123 2746 οὖν
1164 2691 1470 2756 διελθούσας
1511 2692 1722 2763 ἡμέρας
1767 2691 1868 2759 τῆς

301 2790 469 2861 αὐτῆς
493 2787 780 2859 ἑϐδομάδος
818 2787 920 2850 ἕως
948 2786 1046 2855 τῆς
1077 2785 1358 2856 Κυριακῆς
1399 2781 1641 2845 ἑπακτὰς
1668 2782 1867 2852 κέκτη-

299 2899 420 2937 ται·
468 2881 710 2935 τουτέστι
739 2878 836 2949 τὴν
885 2875 1261 2946 Παρασκευὴν,
1293 2875 1391 2945 τὴν
1436 2881 1497 2938 ε’,
1529 2873 1628 2944 τὴν
1657 2873 1729 2940 δ’,
1769 2872 1867 2943 τὴν

301 2981 372 3044 γ’,
390 2973 488 3045 τὴν
517 2972 582 3043 β’,
611 2971 705 3025 καὶ
730 2969 898 3039 αὐτὴν
925 2970 1023 3039 τὴν
1052 2967 1212 3035 άγίαν
1234 2966 1547 3039 Κυριακήνο
1580 2963 1656 3027 ὡς
1685 2961 1868 3016 ἐντεῦ-

302 3067 392 3121 θεν
420 3065 481 3131 ἓξ
510 3065 772 3136 ὑπάρχειν
806 3061 904 3124 τὰς
943 3058 1110 3113 αὐτοῦ
1150 3056 1245 3111 τοῦ
1282 3064 1366 3129 κη’
1409 3056 1560 3119 ἔτους
1599 3053 1861 3118 ἑπακτάς.

1966 2041 2312 2113 inexplorata:
2326 2048 2717 2120 relinquantur,
2736 2061 2954 2122 epactas
2973 2068 3238 2109 annorum
3254 2055 3384 2111 solis
3405 2053 3538 2109 deli.

1967 2134 2147 2191 nimus
2168 2138 2412 2196 residuas
2440 2141 2792 2199 hebdomadis
2814 2143 2977 2200 ferias
2997 2155 3119 2215 post
3137 2162 3277 2211 eam,
3305 2162 3424 2218 qua:
3445 2162 3535 2203 sn-

1966 2222 2130 2279 larem
2154 2242 2352 2284 annum
2376 2233 2714 2303 auspicatur;
2739 2250 2858 2303 qua:
2878 2246 3024 2293 retro
3046 2239 3102 2291 in
3121 2239 3308 2294 eadem
3335 2237 3536 2293 hebdo-

1966 2314 2123 2368 mada
2140 2316 2204 2370 ad
2225 2320 2470 2388 primam,
2491 2323 2604 2379 sive
2620 2322 2953 2380 Dominicam
2972 2342 3144 2398 usque
3161 2337 3532 2383 numerantur.

1966 2401 2282 2475 Exemplum
2317 2427 2328 2461 :
2366 2408 2465 2465 Hic
2490 2426 2667 2468 annus
2696 2414 2789 2484 qui
2814 2422 2898 2470 est
2927 2416 3060 2472 solis
3090 2432 3280 2484 xxvm,
3311 2417 3475 2488 carpit
3502 2431 3534 2469 a

1968 2493 2195 2555 Kalend.
2247 2500 2419 2571 April.
2471 2503 2605 2559 feria
2666 2522 2770 2571 vn,
2824 2509 2937 2563 sive
2987 2508 3245 2565 Sabbato.
3303 2508 3536 2565 Proinde

1966 2600 2187 2658 epactas
2232 2592 2396 2649 habet
2441 2600 2742 2665 praeteritos
2791 2614 2979 2656 omnes
3017 2601 3156 2663 dies,
3205 2602 3299 2671 qui
3345 2601 3532 2656 eadem

1966 2679 2304 2739 hebdomade
2327 2684 2394 2739 ad
2420 2685 2752 2742 Dominicam
2779 2690 3071 2759 pertinent,
3102 2691 3205 2746 hoc
3233 2699 3317 2745 est
3344 2691 3533 2747 feriam

1967 2785 2022 2833 ν,
2064 2786 2140 2836 1v,
2177 2789 2261 2836 In,
2296 2790 2358 2842 ιι,
2385 2783 2440 2829 et
2478 2776 2836 2834 Dominicam.
2876 2780 3056 2848 Quare
3087 2798 3140 2835 v1
3177 2791 3380 2851 epactas
3409 2793 3535 2837 sunt

1967 2862 2096 2916 anni
2136 2879 2325 2920 xm".
2367 2867 2502 2923 Cum
2542 2886 2674 2941 ergo
2707 2887 2939 2942 sequens
2972 2890 3170 2938 annus,
3204 2875 3297 2945 qui
3327 2875 3535 2944 primus

1965 2955 2069 3009 erit
2115 2957 2270 3024 solis,
2308 2975 2339 3013 a
2392 2959 2526 3016 feria
2581 2964 2774 3033 prima,
2821 2964 2934 3021 sive
2961 2965 3241 3020 Dominica
3268 2966 3533 3028 iueatnm

1968 3044 2129 3101 habet
2154 3058 2394 3119 epactas,
2426 3067 2545 3122 quae
2568 3054 2636 3108 ab
2666 3052 2904 3137 sabbato
2928 3071 3102 3126 usque
3129 3057 3195 3111 ad
3228 3055 3536 3127 praeceden-

304 3124 762 3225 'UOsv'é1:sc6Ii-1‘tb
797 3152 1020 3205 εἰσιέναι
1056 3148 1268 3220 μέλλον,
1304 3124 1443 3219 φημὶ
1465 3147 1522 3201 δὲ
1548 3146 1608 3201 τὸ
1629 3143 1861 3216 πρῶτον,

1972 3146 2078 3194 tem
2117 3139 2452 3198 Dominicam
2490 3130 2867 3202 numerantur.
2904 3148 2982 3202 Ita
3020 3147 3294 3203 secundus
3334 3164 3533 3217 annus,

303 3250 409 3305 ἀπὸ
450 3246 672 3321 πρώτης
700 3244 949 3316 ἄρχεται,
979 3241 1255 3296 τουτέστιν
1295 3239 1454 3309 ἁγίας
1484 3237 1786 3309 Κυριακῆς,
1824 3234 1868 3298 ζ’

302 3341 534 3413 ἡμέρας,
562 3339 726 3410 ἤγουν
751 3336 848 3398 τὰς
878 3335 986 3389 ἀπὸ
1005 3332 1284 3386 Σαϐϐάτου
1319 3330 1478 3403 μέχρι
1509 3332 1606 3401 τῆς
1632 3326 1869 3381 διελθού-

304 3451 403 3503 σης
421 3431 583 3501 ἁγίας
602 3427 885 3500 Κυριακῆς
908 3423 1311 3496 ἀριθμουμένας
1328 3420 1567 3484 ἑπακτὰς
1587 3420 1868 3490 κέκτηται.

315 3523 546 3594 Ὁμοίως
601 3521 658 3574 δὲ
705 3519 801 3573 καί
849 3516 909 3569 τὸ
942 3514 1191 3586 δεύτερον
1233 3514 1371 3576 ἔτος,
1413 3512 1603 3581 ὅτιπερ
1648 3510 1713 3562 ἑκ
1768 3508 1869 3578 τῆς

304 3616 446 3671 κατὰ
475 3615 573 3687 τὴν
600 3608 869 3681 ἑϐδομάδα
900 3608 1157 3678 δευτέρας
1190 3605 1399 3677 ἡμέρας
1426 3603 1666 3674 ἄρχεται,
1705 3599 1871 3672 μόνην

303 3709 400 3780 τὴν
426 3708 576 3780 μίαν,
601 3704 843 3759 τουτέστι
874 3701 971 3771 τὴν
1000 3699 1158 3769 ἁγίαν
1189 3695 1491 3768 Κυριακὴν,
1525 3692 1765 3763 ὲπακτὴν
1788 3690 1873 3744 κέν

304 3815 531 3872 κτηται·
577 3798 652 3860 ὡς
694 3798 792 3851 οὐκ
836 3793 1002 3863 ἀλλην
1046 3790 1255 3862 ἡμέραν
1290 3789 1323 3859 ἢ
1356 3787 1529 3873 ’μόνην
1567 3786 1734 3856 αὐτὴν
1771 3782 1870 3856 τὴν

304 3890 586 3964 Κυριακὴν
613 3887 754 3942 κατὰ
782 3886 883 3957 τὴν
910 3884 1078 3955 αὐτὴν
1117 3880 1381 3952 ἑϐδομάδα
1412 3877 1870 3951 προηγησαμένην

304 3983 443 4056 ἔχον.
477 3981 690 4043 Ταύτας
713 3980 770 4033 δὲ
804 3978 904 4041 τὰς
936 3976 1151 4048 ἡμέρας
1178 3971 1471 4044 τηροῦμεν,
1502 3970 1567 4025 ἵν’
1593 3967 1871 4039 ἑϐδομαδι-

306 4075 437 4141 κῶς,
483 4073 760 4128 τουτέστιν
786 4070 895 4124 ἀπὸ
933 4068 1105 4140 ἀρχῆς
1143 4064 1457 4135 ἑϐδομάδος,
1504 4063 1611 4115 πᾶν
1651 4059 1869 4132 ἡλιακὸν

305 4167 422 4230 ἔτος
463 4164 848 4233 κανονίσωμεν,
883 4161 962 4223 εἰς
983 4157 1198 4228 εὕρεσιν
1219 4155 1318 4225 τῆς
1347 4152 1704 4224 ἑϐδομαδικῆς
1734 4149 1870 4222 ἡμέ-

309 4275 406 4331 ρας
424 4273 438 4286 ·
463 4254 697 4325 ὁπηνίκα
719 4251 920 4321 ταύτην
944 4248 1035 4303 καὶ
1061 4250 1139 4310 εἰς
1163 4246 1390 4298 ἑκάστου
1422 4244 1587 4315 μηνὸς
1612 4241 1869 4296 ποσταίαν

307 4346 653 4421 βουληθῶμεν
699 4343 907 4415 μαθεῖν.
961 4341 1023 4393 EI
1059 4338 1133 4408 μὴ
1176 4334 1284 4407 γὰρ
1328 4332 1500 4395 οὕτως
1540 4333 1715 4391 τοῦτο.
1761 4331 1869 4385 ἀπὸ

304 4444 402 4514 τῆς
428 4440 567 4493 κατὰ
599 4437 694 4510 τὴν
728 4433 994 4505 έδδομάδα
1018 4429 1239 4502 πρώτης
1269 4428 1498 4500 ἡμέραςν
1524 4426 1687 4497 ἤγουν
1711 4423 1869 4492 ἁγίας
1900 4450 1944 4506 D

307 4534 607 4607 Κυριακῆς,
657 4531 763 4584 πᾶν
805 4528 1024 4599 ἡλιακὸν
1059 4525 1176 4587 ἔτος
1223 4519 1542 4591 κανονισθῇ,
1593 4518 1870 4607 ἀμήχανον

305 4604 406 4701 τὴν
441 4621 799 4696 έϐδομαδικὴν
836 4617 1047 4690 ἡμέραν
1094 4617 1150 4668 ὲν
1198 4613 1503 4701 οίῳδήποτε
1524 4604 1874 4701 καταλαμϐά-

306 4695 417 4775 νειν
465 4715 601 4802 μηνὶ
630 4714 756 4774 τοὺς
791 4709 1045 4781 ψηφίζειν
1084 4705 1382 4767 ἐθέλοντας.
1434 4695 1559 4755 Οῖον
1607 4700 1659 4752 τί
1694 4696 1869 4802 λέγιιη

306 4812 369 4867 τὸ
403 4787 601 4880 παρὸν,
621 4805 696 4867 ὡς
728 4802 882 4871 ἔφην,
904 4805 988 4871 κη’
1020 4796 1158 4861 ἔτος,
1199 4793 1458 4864 Σαϐϐάτῳ
1480 4790 1640 4844 λαϐὸν
1660 4789 1758 4858 τὴν
1782 4787 1874 4880 ἀρέ

316 4901 437 4976 χὴν,
471 4879 520 4952 έι
571 4895 644 4969 μὴ
694 4893 792 4957 τὰς
833 4891 939 4964 πρὸ
982 4888 1076 4943 τοῦ
1127 4885 1402 4976 Σαϐϐάτου
1452 4882 1510 4949 εξ
1556 4880 1772 4976 ἡμέρας.
1791 4879 1870 4976 ἰῇ

316 4966 506 5062 agas,
536 4966 639 5038 τὸῦ
664 4980 936 5052 ’Λπριλίου
961 4977 1125 5051 μηνὸς
1149 4973 1497 5043 ἐπεϐάλομεν,
1527 4970 1624 5024 οὐκ
1647 4967 1712 5062 ἂν
1736 4966 1872 5062 Σάο-

308 5058 502 5137 ϐατονη
522 5073 686 5131 οὖσαν
728 5072 896 5143 αὐτὴν
948 5067 1332 5138 ὲγινώσκομεν.
1356 5062 1594 5131 ⁸Ἐπειδὴ
1636 5059 1746 5130 γὰρ
1793 5058 1870 5122 είς

307 5168 664 5245 Παρασηυὴν
703 5169 800 5237 τὴν
828 5161 1116 5232 κατάληξιν
1145 5158 1269 5228 ἔσχε
1299 5156 1359 5208 τὸ
1385 5152 1587 5245 διελθὸν
1626 5149 1868 5245 κζ’ᾼὲτος,

306 5269 362 5319 αἱ
391 5240 664 5335 ίσάριθμοι
701 5256 799 5326 τῆς
846 5250 1204 5325 Παρασκευῆς
1246 5246 1446 5317 ἡμέραι
1492 5242 1735 5296 λεκτικαῖ¹
1774 5240 1871 5335 μὲν

306 5354 513 5409 ἐκείνου
553 5348 928 5419 τυγχάνουσιν,
965 5346 1044 5406 είς
1088 5341 1254 5410 αὐτὴν
1288 5338 1704 5411 περαιωθέντος,
1747 5334 1861 5388 τού-

303 5464 401 5502 του
448 5444 506 5498 δὲ
560 5440 813 5502 ἐπακταὶ,
864 5436 952 5489 διὰ
998 5435 1059 5488 τὸ
1094 5432 1391 5501 ἐπάγεσθαι
1435 5433 1501 5502 τῇ
1537 5428 1728 5501 πρώτῃ
1775 5427 1870 5480 τοῦ

320 5535 593 5606 Ἀπριλίου
631 5531 726 5585 καὶ
758 5530 928 5599 ταύτῃ
965 5525 1336 5596 διασημαίνειν
1379 5524 1477 5594 τὴν
1518 5519 1870 5592 έϐδομαδικὴν

307 5628 543 5699 ἡμέραν,
585 5623 678 5693 ἀφ’
709 5616 778 5692 ἧς
823 5619 884 5672 τὸ
907 5616 1040 5699 αὐτὸ
1075 5621 1160 5687 κη’
1203 5615 1318 5677 ἔτος
1350 5613 1647 5685 ἁπὴρξοατο.
1685 5609 1869 5673 Οὕτως

308 5720 415 5793 γὰρ
444 5720 477 5790 ἦ
504 5734 560 5770 τε
585 5714 723 5769 κατὰ
745 5714 840 5784 τὴν
869 5709 1218 5782 ἑϐδομαδικὴν
1254 5707 1515 5779 ἁρμονίαν
1547 5704 1867 5775 φυλάττεται

1973 3231 2228 3301 quoniam
2260 3248 2290 3287 a
2322 3233 2458 3290 feria
2490 3237 2725 3292 secunda
2753 3238 3144 3293 hebdomadica
3175 3239 3385 3309 incipit,
3414 3255 3537 3314 epa-

1971 3332 2088 3379 ctas
2130 3325 2291 3381 habet
2334 3343 2374 3391 ι,
2425 3327 2529 3387 hoc
2574 3337 2658 3385 est
2699 3341 2941 3384 sanctam
2994 3329 3357 3399 Dominicam.
3407 3348 3532 3388 cum

1971 3417 2173 3471 nullam
2200 3419 2449 3484 alteram,
2484 3430 2680 3488 praeter
2708 3421 3067 3488 Dominicam,
3118 3422 3172 3477 in
3218 3423 3403 3479 eadem
3434 3423 3531 3480 be-

1970 3506 2240 3562 bdomada
2264 3509 2667 3567 antecedentem
2699 3512 2909 3568 haheat.
2947 3513 3209 3569 Caeterum
3241 3514 3339 3569 has
3385 3514 3535 3584 ipsas

1971 3597 2088 3653 dies
2134 3600 2450 3665 retinemus,
2503 3609 2563 3655 ut
2609 3602 3020 3668 hebdomadice,
3061 3605 3114 3659 id
3148 3612 3233 3659 est
3267 3605 3334 3659 ab
3377 3604 3533 3659 initio

1971 3687 2325 3746 hebdomadis
2372 3706 2573 3747 annum
2627 3707 2842 3748 omnem
2900 3693 3030 3750 solis
3083 3693 3417 3758 ordinemus,
3464 3694 3531 3748 ad

1971 3776 2399 3848 investigandam
2444 3780 2654 3848 feriam,
2695 3781 3127 3853 quandocunque
3158 3797 3277 3836 eam
3314 3780 3370 3835 in
3401 3795 3534 3851 qua-

1971 3868 2101 3922 libet
2137 3870 2223 3924 die
2266 3873 2471 3926 mensis
2514 3873 2756 3927 obtinere
2794 3874 3062 3929 volumus.
3102 3871 3237 3926 Nam
3281 3872 3388 3927 nisi
3431 3872 3533 3927 hoc

1971 3960 2154 4025 modo,
2204 3976 2235 4015 a
2286 3963 2460 4034 prima
2519 3964 2607 4019 die
2656 3964 3031 4031 hebdomadis,
3079 3980 3172 4021 seu
3229 3963 3531 4028 Dominica,

1969 4064 2146 4106 annus
2173 4053 2400 4121 quilibet
2432 4053 2562 4109 solis
2604 4055 2843 4123 regulam
2873 4056 3075 4125 capiat,
3114 4069 3218 4109 non
3253 4060 3431 4124 potest
3463 4052 3533 4107 ab

1970 4140 2057 4206 iis,
2101 4141 2194 4211 qui
2237 4143 2477 4198 calculos
2517 4144 2819 4200 subducere
2849 4146 3140 4210 voluerint,
3180 4143 3534 4199 hebdomadis

1967 4229 2084 4285 dies
2116 4231 2171 4284 in
2206 4232 2313 4286 ullo
2343 4247 2527 4288 mense
2554 4233 2902 4303 deprehendi.
2946 4232 3047 4298 Sit,
3082 4233 3312 4304 exempli
3345 4246 3531 4299 causa,

1966 4338 2208 4392 praesens
2230 4339 2406 4379 annus
2419 4325 2571 4387 solis,
2599 4331 2655 4379 ut
2670 4333 2793 4379 ante
2810 4325 2968 4395 179
2989 4326 3192 4379 dictum
3218 4333 3320 4388 est,
3340 4339 3532 4389 xxvnr,

1971 4413 2065 4484 qui
2104 4429 2134 4467 a
2187 4412 2424 4469 Sabbato
2455 4421 2666 4483 coeptus
2699 4419 2802 4469 est.
2844 4416 3008 4484 Igitur
3037 4415 3141 4469 nisi
3172 4413 3238 4468 ad
3267 4413 3536 4470 Kalendas

1971 4505 2181 4575 Apriles
2220 4520 2314 4561 sex
2349 4514 2474 4560 ante
2511 4503 2806 4569 Sabbatum
2836 4504 2952 4560 dies
2980 4503 3392 4568 addidissemus,
3435 4519 3532 4559 ne-

1970 4610 2243 4666 quaquam
2296 4597 2419 4653 ilIas
2467 4597 2522 4650 in
2575 4594 2869 4650 Sabbatum
2918 4593 3178 4650 incidisse
3223 4610 3530 4652 nossemus.

1971 4686 2105 4742 Cum
2153 4689 2295 4742 enim
2326 4687 2639 4757 praecedens
2668 4702 2865 4751 annus,
2905 4687 2997 4757 qui
3032 4694 3148 4741 erat
3189 4688 3319 4743 solis
3346 4704 3532 4752 xxv“,

1974 4778 2027 4832 in
2055 4777 2391 4834 Parasceven
2423 4778 2665 4843 desierit,
2695 4778 2822 4832 huic
2860 4779 3082 4850 aequalis
3109 4779 3315 4833 dierum
3343 4795 3532 4835 nume~

1973 4887 2089 4933 rus,
2136 4873 2228 4942 qui
2276 4888 2475 4926 annum
2514 4873 2664 4927 illum
2695 4853 3022 4936 terminavit,
3051 4873 3207 4941 cujus
3238 4870 3532 4928 Parasreve

1971 4963 2213 5019 clausula
2243 4963 2364 5024 luit,
2389 4965 2670 5033 praesentis
2704 4964 2830 5017 anni
2869 4974 2994 5018 sunt
3017 4971 3238 5037 epactaa,
3265 4963 3420 5033 quasi
3448 4961 3534 5016 ad-

1971 5056 2180 5112 dititias
2209 5056 2360 5112 dicas
2381 5096 2395 5120 ,
2430 5056 2574 5126 quod
2614 5054 2868 5111 Kalendis
2895 5056 3096 5126 Aprilis
3123 5055 3409 5116 addantur,
3440 5068 3533 5107 eo-

1970 5164 2076 5220 que
2098 5147 2258 5201 modo
2286 5147 2472 5203 feriam
2504 5147 2762 5212 indicent,
2791 5163 2821 5201 a
2846 5162 2952 5216 qua
2983 5163 3157 5203 annus
3189 5145 3327 5201 idem
3360 5158 3529 5199 xxvnl

1969 5254 2199 5296 exorsus
2229 5246 2332 5293 est.
2364 5237 2441 5291 Ita
2469 5238 2667 5308 quippe
2706 5237 2760 5292 in
2804 5236 3191 5294 hebdomadica
3226 5235 3364 5291 serie
3403 5249 3529 5305 per-

1969 5333 2207 5402 petuitas
2236 5328 2481 5400 quaedam
2524 5330 2889 5386 successionis
2921 5337 3152 5394 tenetur,
3193 5334 3247 5383 et
3282 5327 3406 5380 anni
3440 5341 3527 5380 so-

1972 5425 2110 5480 lares
2149 5424 2216 5479 ab
2249 5423 2602 5478 hebdomadis
2631 5423 2808 5490 initio,
2837 5423 2941 5478 hoc
2965 5428 3049 5478 est
3074 5420 3372 5478 Dominica.
3407 5425 3525 5472 tan-

1971 5529 2132 5585 quam
2171 5515 2357 5585 regula
2390 5513 2685 5583 pendentes
2718 5528 2913 5569 cursus
2949 5528 3077 5569 suos
3107 5512 3381 5568 insistunt.
3413 5507 3522 5565 Un-

1970 5607 2037 5662 de
2077 5607 2450 5676 cujuscunque
2492 5607 2693 5662 mensis
2720 5606 2837 5661 dies
2865 5606 3180 5678 congruenti
3213 5604 3357 5662 feriae
3389 5604 3524 5660 citra

1971 5698 2166 5755 calculi
2195 5713 2433 5754 errorem
2469 5705 2645 5769 potest
2676 5697 2915 5754 attribui.
3006 5690 3009 5693 ’
