3950 6266
427 246 564 303 ιεισ

1420 242 1521 298 AD
1549 236 1819 299 EUSEBII
1857 238 2254 302 CHBONICON
2284 237 2647 310 APPENDIX.

3541 229 3675 295 ιειι

427 369 642 429 πάντως
682 362 950 433 συνέχεια,
996 356 1092 416 καὶ
1114 363 1148 432 ἡ
1187 360 1295 414 τῶν
1326 362 1566 433 ἡλιακῶν
1608 360 1745 415 ὲτῶν
1787 359 1864 423 ὡς
1900 359 2010 413 ἀπὸ
2060 361 2236 432 ἀρχῆς
2296 358 2608 428 ἑϐδομάδος,
2642 357 2809 428 ἡγουν
2855 352 3077 425 πρώτης
3121 353 3352 424 ἡμέρας,
3404 349 3681 421 κανονίζο-

426 477 511 512 ται
563 458 796 530 κίνησις.
842 455 932 521 Ἐξ
996 448 1170 528 οὗπερ
1216 454 1335 509 οὐδὲ
1388 456 1485 526 μία
1518 459 1632 519 τοῖς
1688 454 1946 525 ψηφίζειν
2004 453 2246 508 ἐθέλουσι
2294 453 2505 522 γίνεται
2557 449 2733 519 πλάνη
2792 448 2928 519 πρὸς
2955 446 3052 516 τὴν
3094 448 3153 500 ὲν
3197 446 3497 516 οίῳδήποτε
3551 449 3678 516 μηνὶ

426 549 685 604 ποσταίαν
713 548 810 618 τῆς
846 545 1203 618 ἑϐδομαδικῆς
1243 545 1454 617 ἡμέρας
1497 543 1822 615 κατάληψιν.

426 670 547 737 Qua
590 668 794 722 ratione
821 665 957 734 feria
993 649 1298 735 quocunque
1339 665 1423 719 die
1462 666 1658 720 mensis
1690 660 1997 731 investigari

2125 658 2232 725 Ὶῶς
2265 656 2382 725 τὴν
2413 652 2809 737 ὲὸδομαδικῂν
2840 650 3069 737 ἡμέραν
3094 653 3181 737 είς
3191 649 3471 731 ⁸ἑκάστου
3485 655 3682 723 μηνὸς

1116 746 1308 805 potest.

494 847 686 906 XXIV.
711 848 911 903 Eadem
928 847 1125 918 quippe
1143 845 1432 902 methodus
1452 853 1536 901 est
1552 842 1889 915 inquirendae
1908 858 2005 898 cu-

344 990 349 997 .
431 955 733 1012 tuscunque
751 940 859 995 diei
883 939 1087 995 mensis
1103 937 1273 1004 feria),
1293 952 1458 1008 quam
1475 937 1542 992 ad
1564 937 1831 994 Kalendas
1848 936 2009 1008 Apri-

347 1012 358 1058 ⁸
433 1050 506 1091 les
557 1031 932 1089 adhibuimus.
976 1029 1246 1084 Nimirum
1300 1040 1360 1085 ut
1411 1030 1647 1086 labentis
1700 1030 1827 1085 anni
1874 1029 2007 1085 solis

434 1132 648 1194 spactas
669 1121 990 1192 adjiciamus
1012 1121 1080 1176 ad
1108 1119 1322 1175 dierum
1364 1136 1675 1187 numerum,
1711 1121 1805 1192 qui
1837 1136 1866 1175 a
1895 1120 2007 1175 Ka-

432 1216 609 1272 lendis
646 1213 854 1285 Aprilis
923 1212 992 1267 ad
1032 1228 1180 1279 eum,
1234 1214 1328 1284 qui
1381 1213 1666 1283 quaeritur,
1712 1212 2011 1283 cujuslibet

435 1309 637 1364 mensis
662 1306 807 1363 diem
842 1305 1121 1361 ﬂuxerunt
1157 1324 1170 1360 :
1204 1315 1316 1361 tum
1350 1306 1636 1361 collectam
1663 1321 1730 1360 ex
1755 1305 2010 1360 omnibus

438 1414 702 1456 summam
741 1414 838 1470 per
861 1414 935 1453 νιι
980 1399 1305 1469 partiamur.
1354 1397 1510 1464 Quod
1552 1398 1698 1454 enim
1738 1398 2008 1468 reliquum

436 1499 518 1549 est
551 1491 743 1545 feriam
783 1488 1235 1545 hebdomadicam
1260 1489 1508 1560 ejusdem
1550 1488 1765 1545 numeri
1801 1489 2011 1560 praebe-

438 1579 533 1635 bit.
575 1578 762 1634 Potest
794 1585 848 1634 et
904 1577 1013 1633 alio
1062 1577 1226 1632 modo
1271 1578 1524 1648 reperiri.
1576 1577 1808 1648 Epactas
1863 1577 2010 1633 solas

437 1684 561 1724 cum
600 1667 795 1725 diebus
840 1668 1114 1723 mensium
1156 1683 1322 1738 supra
1355 1684 1528 1723 xxvm
1560 1668 1678 1723 dies
1714 1683 2009 1723 excurren-

437 1761 604 1827 tibus,
644 1760 713 1817 ad
743 1768 1100 1832 quotcunque
1148 1776 1369 1817 menses
1401 1775 1706 1831 prepagare
1733 1760 2009 1815 calculum

438 1854 648 1917 libebit,
679 1853 1031 1924 componito,
1083 1852 1233 1907 velut
1273 1854 1509 1924 sumptis
1557 1868 1626 1907 ex
1679 1850 1853 1923 Aprili
1887 1869 1948 1914 ιι,
1978 1867 2011 1908 e

438 1944 580 2004 “aio
603 1961 685 2012 ιιι,
732 1953 787 2000 et
813 1946 893 2002 sic
919 1943 1178 2016 deinceps
1208 1945 1275 2000 ad
1308 1944 1650 2015 propositum
1666 1959 1843 2014 usque
1858 1959 2012 2000 men-

2522 721 2822 777 ποσταίαν
2853 721 3025 776 ἐστὶν
3051 721 3266 789 εὑρεῖν.

2177 837 2304 913 KA'.
2359 837 2451 909 Τῷ
2494 819 2657 907 αὐτῷ’
2685 834 2795 908 γὰρ
2832 836 3017 908 τρόπῳ
3069 836 3166 890 καὶ
3199 837 3280 901 είς
3317 836 3415 908 τὴν
3447 836 3681 891 ἑκάστου

2080 931 2276 1003 ,μηνὸς
2312 929 2574 984 ποσταίαν
2620 926 2918 1000 κεχρῆσθαι
2951 929 3219 1000 προσήκει
3257 928 3356 1000 τὴν
3393 928 3685 999 έδδομαδι-

2109 1025 2211 1095 κὴν
2254 1021 2608 1094 ἐρευνῶντας,
2660 1013 2812 1091 ᾧπερ
2855 1019 3169 1093 κεχρήμεθα
3210 1023 3303 1076 καὶ
3346 1023 3426 1086 εἰς
3456 1020 3562 1091 τὴν
3592 1019 3685 1076 τοῦ

2120 1111 2397 1184 ’Δπριλίου
2426 1110 2669 1183 πρώτην.
2699 1104 2823 1164 Οἷον
2853 1109 2954 1173 τὰς
2980 1109 3222 1174 ὲπακτὰς
3258 1110 3577 1165 ἐπιϐάλλειν
3596 1109 3687 1164 τοῦ

2108 1202 2402 1265 ὲνεστῶτος
2431 1198 2655 1274 ἡλιακοῦ
2685 1198 2838 1262 ἔτους
2860 1202 2982 1263 ταῖς
3012 1200 3107 1252 ἀπ’
3139 1200 3309 1269 αὐτῆς
3334 1201 3436 1272 τῆς
3464 1198 3691 1271 129671;;

2107 1293 2202 1347 τοῦ
2242 1292 2539 1366 ’Δπριλίου,
2574 1292 2734 1362 μέχρι
2765 1290 2865 1362 τῆς
2891 1292 2948 1344 ὲν
2992 1291 3286 1362 οίῳδὴποτε
3327 1292 3461 1363 μηνὶ
3495 1290 3693 1362 ζητου-

2113 1384 2281 1457 μένης
2307 1385 2437 1455 ἡμῖν
2468 1382 2731 1447 ποσταίας
2750 1398 2762 1411 ·
2790 1381 2886 1435 καὶ
2912 1381 3011 1444 τὰς
3033 1380 3160 1444 ὅλας
3190 1382 3271 1444 είς
3291 1383 3383 1435 τὸν
3416 1379 3563 1434 ἑπτὰ
3594 1397 3692 1450 με-
3794 1369 3805 1379 ’

2111 1475 2304 1550 ρίζειν,
2341 1476 2437 1530 καὶ
2453 1477 2518 1529 ὲκ
2544 1474 2653 1529 τῶν
2681 1473 3070 1545 ἁπομενουσῶν
3101 1473 3389 1546 ἰσάριθμον
3409 1468 3583 1526 οὖσαν
3610 1490 3694 1543 γι-

2108 1568 2392 1640 νώσκομεν
2432 1567 2530 1641 τὴν
2554 1568 2654 1640 τῆς
2683 1565 2974 1636 ἑϐδομάδος
3018 1565 3251 1636 ἡμέραν.
3292 1566 3364 1618 Ἦ
3399 1564 3567 1618 πάλιν
3601 1565 3695 1617 καὶ

2110 1663 2230 1715 κατ’
2252 1660 2410 1715 ἄλλον
2434 1658 2656 1731 τρόπον,
2683 1658 2853 1721 αὐτάς
2881 1674 2939 1710 τε
2978 1656 3075 1720 τὰς
3107 1654 3350 1719 ὲπακτὰς
3378 1656 3574 1726 μόνας,
3604 1657 3698 1711 καὶ

2109 1753 2211 1817 τὰς
2276 1752 2412 1825 μετὰ
2464 1751 2564 1815 τὰς
2595 1748 2682 1823 κη’
2710 1750 2820 1804 τῶν
2870 1749 3055 1820 μηνῶν
3111 1748 3391 1820 περιττὰς,
3437 1745 3557 1801 οἷον
3600 1747 3695 1801 τοῦ

2123 1840 2399 1911 Ἀπριλίου
2437 1839 2538 1904 τὰς
2569 1836 2682 1904 δύο,
2742 1840 2837 1893 καὶ
2873 1838 3052 1893 Μαΐου
3083 1838 3179 1902 τὰς
3214 1836 3282 1907 γ’,
3306 1839 3400 1891 καὶ
3424 1837 3539 1892 τῶν
3568 1837 3697 1891 καθ-

2111 1931 2239 2004 εξῆς
2269 1931 2488 2003 ὁμοίως,
2511 1930 2670 2002 ἄχρις
2707 1924 2766 1985 οὗ
2794 1930 2889 1984 ἐὰν
2920 1928 3162 2000 θέλωμεν
3199 1927 3459 1999 ψηφίζειν
3492 1928 3691 2000 μηνός.

439 2055 578 2104 sem,
603 2039 764 2106 cujus
790 2019 910 2094 dies
937 2053 1132 2094 omnes
1161 2038 1226 2093 ad
1268 2053 1413 2096 eum.
1443 2053 1553 2108 quo
1587 2037 1656 2093 de
1685 2038 2007 2108 quaerimus,

2125 2019 2228 2077 εἶτα
2258 2022 2357 2093 τὴν
2388 2020 2725 2093 ζητουμένην
2750 2022 2883 2092 ἡμῖν
2913 2021 2971 2072 ὲν
2995 2018 3144 2091 αὐτῷ
3168 2019 3432 2072 ποσταίαν
3458 2018 3696 2082 ἐκείναις

438 2130 781 2201 adjicientes,
816 2145 1084 2185 summam
1115 2145 1211 2200 per
1242 2144 1318 2184 νιι
1349 2129 1679 2191 dividimus;
1710 2130 1854 2200 quod
1885 2129 2013 2185 reli-

435 2237 607 2293 quum
639 2231 758 2286 est,
812 2222 907 2277 dat
950 2222 1140 2280 feriam
1177 2220 1487 2292 quaesitam.
1538 2221 1621 2277 0b
1658 2220 1801 2276 hanc
1850 2221 2016 2292 igitur

436 2328 663 2371 causam
698 2313 825 2367 anni
858 2313 991 2369 solis
1019 2320 1245 2383 epactas
1280 2312 1482 2368 habere
1510 2313 1799 2378 dicuntur;
1826 2324 1880 2369 et
1903 2329 2018 2371 eas-

435 2407 560 2463 dem
596 2421 717 2471 nos,
759 2406 840 2460 uti
877 2415 1305 2462 consentaneum
1344 2413 1449 2472 est,
1484 2405 1827 2461 adhibemus.

593 2597 825 2665 Quinam
850 2598 980 2653 solis
1012 2600 1140 2653 anni
1162 2608 1346 2668 epacla
1369 2615 1551 2653 carere
1582 2597 1854 2652 dicantur.

493 2708 659 2765 XXV.
673 2709 752 2764 Ex
764 2725 872 2781 quo
890 2710 1017 2764 anni
1032 2725 1243 2776 omnes,
1263 2710 1405 2780 quia
1428 2708 1706 2764 Dominica
1732 2708 2020 2778 incipiunt,

436 2800 589 2857 velut
610 2800 841 2871 primus,
867 2801 1157 2871 septimus,
1191 2799 1843 2865 duodecimus,'decimus
1869 2807 2021 2856 octa-

437 2907 543 2949 vus
569 2933 584 2956 ,
629 2892 750 2948 sine
777 2892 986 2963 epactis
1011 2907 1132 2949 esse
1151 2892 1413 2948 dicuntur
1431 2932 1447 2955 ,
1481 2892 1627 2963 quod
1660 2891 1864 2946 nullam
1883 2906 2022 2962 prae-

440 2984 724 3040 cedentem
765 2983 908 3038 diem
955 2984 1213 3039 habeant.
1271 2981 1408 3036 Nam
1464 2984 1615 3053 prior
1665 2998 1788 3038 esse
1845 2982 2021 3054 prima

444 3074 598 3129 nulla
636 3078 840 3144 potest.
871 3073 1085 3129 Etenim
1125 3090 1237 3128 non
1278 3074 1362 3129 sic
1399 3084 1622 3145 epactas
1654 3074 1906 3130 obtinere
1931 3088 2022 3129 so-

2116 2114 2499 2187 ὲμσάλλοντες,
2523 2115 2604 2178 εἰς
2635 2113 2724 2168 τὸν
2752 2110 2797 2177 ζ’
2826 2112 2988 2168 πάλιν
3013 2109 3306 2184 μερίζομεν
3324 2129 3338 2142 ο
3375 2112 3475 2165 καὶ
3502 2112 3566 2164 ὲκ
3591 2109 3698 2163 τῶν

2114 2209 2503 2279 ἁπομενουσῶν
2548 2209 2647 2281 τὴν
2700 2205 3057 2278 έδδομαδικὴν
3099 2205 3317 2269 πάντως
3340 2204 3697 2276 εὑρίσκομεν.

2115 2300 2331 2372 Ταύτης
2348 2296 2441 2354 οὖν
2460 2300 2645 2355 ἕνεκεν
2663 2300 2765 2370 τῆς
2789 2298 2967 2361 αἰτίας
2996 2299 3237 2362 ὲπακτὰς
3265 2297 3411 2368 ἔχειν
3447 2296 3699 2365 λέγονται

2115 2389 2187 2443 τὰ
2219 2389 2313 2444 τοῦ
2342 2389 2498 2461 ἡλίου
2532 2389 2650 2460 ἐτη,
2686 2389 2781 2444 καὶ
2812 2388 2901 2442 διὰ
2926 2386 3130 2457 ταύτην
3162 2387 3353 2452 αὑταῖς
3394 2385 3701 2457 προσηκόν-

2116 2499 2226 2546 τως
2253 2480 2591 2554 κεχρήμεθα.

2117 2595 2267 2650 Ποῖα
2318 2593 2440 2650 τῶν
2490 2594 2598 2650 τοῦ
2630 2595 2810 2663 ἡλίου
2842 2592 2992 2648 ἐτῶν
3027 2593 3335 2651 ἀνέπακτα
3390 2591 3697 2663 τυφχάνει.

2189 2707 2318 2763 ΚΕ’.
2338 2708 2499 2763 ’Ὀθεν
2527 2708 2598 2763 τὰ
2628 2706 2736 2762 ἀπὸ
2750 2708 3035 2780 Κυριακῆς
3060 2708 3336 2781 ἀρχόμενα
3365 2707 3486 2780 ἔτη,
3511 2705 3701 2764 οἷοντδ

2121 2802 2355 2875 πρῶτον,
2395 2800 2456 2855 τὸ
2496 2800 2744 2872 ἕϐδομον,
2768 2800 2831 2854 τδ
2869 2800 3300 2865 δυοκαιδέκατον,
3330 2800 3394 2853 τὸ
3416 2798 3509 2871 ιη’,
3538 2800 3702 2855 ἀνέπ-

2120 2911 2263 2949 ακτα
2282 2893 2529 2965 λέγομεν,
2549 2892 2638 2946 διὰ
2657 2892 2718 2946 τὸ
2742 2891 2873 2964 μηδὲ
2897 2893 3022 2964 μίαν
3044 2892 3255 2964 ἡμέραν
3279 2892 3702 2964 προηγουμένην

2123 2986 2285 3057 ἔχειν.
2327 2986 2440 3039 Οὐκ
2487 2985 2602 3039 ἔστι
2633 2983 2740 3056 γὰρ
2781 2983 2887 3056 πρὸ
2912 2984 3011 3055 τῆς
3039 2966 3265 3055 πρώτης.
3292 2981 3461 3054 ἄλλην
3493 2984 3698 3054 εὑρεῖν.

2133 3075 2286 3131 Ἐπεὶ
2325 3076 2568 3141 ἐπακτὰς
2591 3075 2653 3130 τὸ
2682 3074 2907 3147 ἡλιακὸν
2934 3074 3051 3138 ἔτος
3075 3073 3215 3128 κατὰ
3243 3074 3303 3127 τὸ
3331 3074 3431 3146 τῆς
3466 3074 3705 3146 σελήνης

444 3163 515 3219 iis
554 3178 755 3231 annus,
786 3163 1062 3234 quomodo
1091 3164 1254 3228 lunas,
1287 3163 1510 3218 dicitur.
1540 3163 1753 3234 Quippe
1788 3162 2018 3218 nihililli

2125 3167 2239 3233 ἔτος
2290 3168 2351 3221 οὐ
2397 3167 2681 3238 κέκτηται.
2719 3165 2853 3220 Οὐδὲ
2878 3164 2987 3236 γὰρ
3016 3164 3275 3236 ὑστεροῦν
3296 3163 3537 3238 ὑπάρχει
3568 3163 3704 3236 πρὸς

448 3256 601 3311 deest
649 3255 716 3309 ad
761 3256 1057 3326 explendos
1101 3270 1305 3310 CCCLXV
1344 3255 1482 3316 dies.
1519 3256 1595 3309 uti
1631 3256 1760 3309 luna
1786 3253 2018 3310 undenis

2125 3261 2222 3324 τὰς
2241 3258 2368 3327 τξέ,
2400 3259 2649 3331 καθάπερ
2683 3260 2862 3312 έκεῖνο
2886 3257 2984 3321 τὰς
3013 3254 3081 3310 ια’
3099 3274 3112 3287 ’
3142 3256 3209 3309 δι’
3240 3256 3306 3319 ἃς
3337 3243 3434 3310 καὶ
3460 3257 3565 3328 τὴν
3600 3256 3703 3311 τῶν

448 3345 665 3414 deﬁcit;
694 3347 924 3417 ideoque
943 3354 1150 3418 septem
1168 3345 1590 3402 intercalaribus
1621 3345 1900 3402 mensibus
1925 3359 2018 3400 au-

2125 3349 2264 3405 έπτὰ
2289 3350 2597 3422 ἐμϐολίμων
2633 3349 2846 3420 δέχεται
2874 3348 3191 3421 προσθήκην
3230 3348 3415 3420 μηνῶν
3439 3350 3470 3403 ὁ
3495 3349 3600 3421 τῆς
3621 3351 3705 3402 ὲν-

444 3448 604 3512 εειιιι·
628 3440 1138 3497 decemnovennalis
1166 3443 1385 3515 cyclus;
1433 3442 1527 3499 sed
1557 3440 1629 3496 ob
1660 3441 1714 3496 id
1744 3454 1935 3505 unum,
1961 3446 2018 3493 ut

2125 3441 2693 3513 νεακαιδεκαετηρίδος
2708 3439 2923 3505 κύκλοςο
2955 3439 3093 3493 ἀλλὰ
3111 3441 3267 3510 μόνον
3293 3439 3388 3493 τοῦ
3419 3440 3522 3510 τὴν
3553 3442 3706 3496 ἑϐδο-

445 3532 502 3586 in
545 3531 826 3587 mensibus
871 3532 1158 3588 duodecim
1208 3532 1400 3588 feriam
1449 3546 1834 3602 assequamur;
1861 3537 2018 3600 prout

2127 3533 2356 3606 μαδικὴν
2378 3533 2436 3585 ὲν
2453 3533 2565 3596 τοῖς
2579 3531 2901 3585 δυοκαίδεκα
2926 3530 3090 3601 μησὶν
3113 3529 3325 3601 ἡμέραν
3344 3530 3705 3601 ψηφίζεσθαι,

447 3624 519 3679 ab
546 3622 772 3680 exordio
818 3622 1079 3677 solarium
1120 3637 1388 3678 annorum
1440 3620 1822 3678 hebdomadici
1871 3620 2022 3677 orbis

444 3715 692 3773 revoluta
723 3714 896 3770 series
921 3729 950 3767 a
981 3715 1283 3785 majoribus
1305 3722 1528 3786 accepta
1546 3715 1808 3785 postulat.
1828 3711 2024 3768 Hacte-

444 3820 555 3862 nus
584 3805 653 3862 de
683 3806 957 3862 solaribus
979 3806 1207 3876 epactis.

449 3920 528 3977 De
563 3919 824 3975 addititiis
867 3922 973 3975 sive
1021 3921 1353 3993 regularibus
1398 3936 1416 3975 :
1455 3920 1590 3977 unde
1642 3921 1894 3993 originem
1930 3920 2024 3975 Iza—

1154 3992 1330 4047 beant.

526 4100 711 4157 XXVI.
748 4101 1046 4174 Regulares
1073 4102 1190 4159 dies
1229 4104 1399 4158 rubro
1439 4103 1623 4158 colore
1665 4100 1858 4165 notati,
1889 4115 2026 4171 quos

446 4194 818 4251 Romanorum
839 4194 1104 4249 mensium
1122 4195 1302 4265 quotis
1316 4195 1506 4251 diebus
1522 4209 1646 4249 cum
1662 4193 1866 4263 epactis
1882 4193 2026 4248 sola-

450 4284 606 4339 ribus
634 4283 910 4339 addendos
934 4298 1056 4339 esse
1090 4282 1435 4339 decrevimus
1454 4323 1468 4348 ,
1494 4292 1552 4338 ut
1579 4298 1804 4338 summa:
1826 4297 1921 4352 per
1951 4298 2024 4336 vn

451 4377 676 4448 partitio
704 4376 887 4443 ﬁeret,
909 4377 1051 4431 hanc
1083 4376 1286 4431 habent
1312 4377 1607 4432 rationem.
1640 4374 1776 4437 Cum
1812 4374 2024 4430 duobus

453 4469 631 4525 modis
674 4469 1123 4525 hebdomadicam
1160 4468 1375 4533 feriam,
1406 4477 1463 4522 ut
1499 4469 1703 4522 dictum
1731 4474 1834 4532 est,
1874 4480 2025 4520 com-

451 4572 740 4634 putemus;
774 4563 953 4633 primo
981 4560 1231 4617 collectis
1260 4561 1455 4616 diebus
1486 4561 1744 4615 omnibus
1774 4574 1803 4613 a
1828 4558 2025 4613 Kalen-

448 4654 540 4708 dis
585 4653 788 4724 Aprilis
835 4668 1009 4720 usque
1058 4652 1124 4706 ad
1165 4651 1501 4721 propositam
1534 4650 1717 4714 diem;
1758 4647 2022 4715 secundo,

455 4745 589 4801 solis
630 4758 796 4814 supra
827 4758 1001 4797 xxvm
1036 4740 1327 4812 superﬂuis
1365 4741 1592 4796 retentis
1626 4760 1638 4795 :
1672 4740 1738 4795 de
1771 4740 1857 4794 bis
1887 4738 2023 4808 ipsis

450 4837 768 4907 superﬂuis,
795 4851 916 4905 quae
945 4832 1013 4888 ad
1047 4833 1385 4904 Septembris
1412 4832 1594 4890 ﬁnem.
1624 4847 1721 4885 xm
1746 4830 2019 4895 conliunt;

457 4929 524 4984 ad
572 4926 862 4983 Octobrem
893 4941 1022 4980 vero
1047 4942 1136 4985 xv.
1162 4934 1393 4995 septem,
1436 4923 1613 4996 quoad
1654 4923 1799 4985 licet,
1842 4923 2022 4978 detra-

457 5019 639 5075 himus
672 5034 685 5071 :
720 5018 857 5072 fiunt
877 5032 942 5072 ex
976 5032 1073 5071 xm
1109 5016 1328 5086 quidem
1366 5016 1596 5083 reliquis
1629 5030 1720 5068 sex
1748 5054 1761 5077 ,
1793 5029 1929 5083 quas
1956 5012 2020 5065 ad

459 5111 829 5181 Septembrem
881 5107 1186 5162 rubricatas
1231 5106 1620 5176 apposuimus:
1658 5106 1724 5159 de
1775 5121 1843 5159 xv
1894 5121 2024 5160 vero

456 5204 709 5259 deductis
763 5201 1120 5256 hebdomadis
1154 5201 1389 5265 duabus,
1424 5199 1525 5253 hoc
1554 5206 1639 5252 est
1687 5196 1880 5252 diebus
1903 5212 2017 5262 xiv,

457 5294 734 5351 residuam
769 5308 933 5347 unam
978 5292 1144 5346 rubro
1176 5291 1358 5345 colore
1390 5290 1455 5345 ad
1492 5288 1778 5344 Octobrem
1827 5289 2020 5358 appina

458 5388 660 5442 ximus.
688 5385 821 5440 Nam
857 5385 971 5440 sive
995 5399 1090 5438 xm
1119 5383 1256 5447 dies,
1286 5390 1379 5436 aut
1413 5398 1484 5436 xv
1524 5382 1875 5444 retineamus,
1910 5380 2023 5435 sive

461 5491 555 5531 sex
580 5477 748 5537 solas.
781 5480 864 5530 vel
896 5487 1059 5529 unam
1091 5474 1155 5527 ad
1187 5472 1404 5528 eosdem
1436 5471 1574 5527 duos
1610 5485 1825 5527 menses
1853 5470 2024 5543 appli-

378 5639 433 5685 ιθ*
531 5633 576 5666 ’⁸
607 5631 729 5686 Leo.
762 5628 859 5692 τὰς
892 5636 962 5692 ς’.

2125 3625 2267 3680 κατὰ
2296 3626 2397 3697 τὴν
2412 3628 2468 3678 ὲν
2507 3625 2646 3696 ἀρχῇ
2667 3623 2776 3679 τῶν
2794 3622 3033 3696 ἡλιακῶν
3060 3621 3195 3677 ἐτῶν
3216 3622 3314 3692 τῆς
3342 3623 3707 3695 ἑὸδομαδικῆς

2126 3715 2391 3788 ἁρμονίας
2421 3712 2703 3784 συνέχειαν
2745 3729 2804 3767 τε
2844 3713 2939 3767 καὶ
2964 3714 3364 3786 παρατήρησιν.
3388 3713 3581 3768 Ταῦτα
3614 3716 3705 3770 καὶ

2125 3806 2256 3878 περὶ
2287 3805 2394 3861 τῶν
2420 3803 2674 3860 ὲπακτῶν
2703 3803 2796 3858 τοῦ
2828 3803 2999 3875 ἡλίου.

2124 3923 2264 3994 Περὶ
2311 3921 2431 3978 τῶν
2475 3919 2850 3991 προσθετῶν’
2880 3920 3145 4006 τινεςντε,
3181 3917 3280 3973 καὶ
3317 3919 3704 3975 πόθεν.αὺταί

2702 4005 3133 4060 τυγχανουσιν.

2196 4100 2342 4170 KG’.
2370 4102 2437 4154 Ai
2468 4100 2525 4155 δὲ
2554 4099 3087 4173 προσθεταὶὴμέραι,
3116 4100 3315 4164 αἵτινες
3340 4101 3449 4154 ἀπὸ
3477 4102 3702 4173 σηρικοῦ

2126 4194 2508 4266 γεγραμμέναι
2560 4194 2718 4257 εἰσὶν,
2761 4191 2826 4255 ἃς
2878 4192 2972 4245 καὶ
3026 4191 3414 4263 ωνεμὸἀλλειν
3446 4196 3571 4257 ταῖς
3607 4195 3702 4247 ὲπο

2126 4288 2315 4349 ακταῖς
2345 4284 2437 4339 τοῦ
2465 4284 2693 4356 ἡλιακοῦ
2721 4283 2872 4348 ἔτους
2901 4283 3199 4354 εἰρήκαμεν
3225 4285 3291 4354 τῇ
3321 4284 3558 4356 ποσταία
3597 4284 3705 4338 τῶν

2138 4376 2461 4448 Ῥωμαϊκῶν
2508 4376 2714 4447 μηνῶν,
2739 4375 2834 4429 καὶ
2868 4373 3042 4438 οὕτως
3091 4374 3353 4429 ποιεῖσθαι
3384 4375 3475 4428 τὸν
3503 4376 3584 4441 εἰς
3614 4375 3702 4429 τὸν

2127 4470 2171 4535 ζ’
2217 4470 2505 4542 μερισμὸν,
2540 4464 2730 4522 τοῦτον
2784 4466 2967 4538 έχουσι
3010 4466 3102 4520 τὸν
3145 4466 3320 4537 λόγον.
3351 4466 3705 4536 Διττῶς·τῆς

2127 4560 2484 4633 έδδομαδικῆς
2515 4560 2748 4631 ἡμέρας,
2773 4556 2849 4620 ὼς
2868 4558 3102 4630 ἐδείχθη,
3133 4557 3540 4629 ψηφιζομένης·
3565 4559 3703 4613 κατά

2127 4672 2186 4710 τε
2219 4653 2320 4725 τὴν
2339 4653 2447 4706 τῶν
2472 4651 2611 4705 ὅλων
2631 4650 2875 4722 ἄθροισιν
2899 4649 3121 4721 ἡμερῶν
3138 4666 3153 4681 ο
3174 4643 3283 4703 οἷον
3305 4649 3412 4703 ἀπὸ
3436 4651 3540 4722 τῆς
3562 4650 3702 4722 πρώο

2125 4762 2227 4817 της
2250 4743 2344 4797 τοῦ
2384 4740 2660 4814 Ἀπριλίου
2702 4730 2892 4812 μέχρις
2918 4740 3087 4810 αὐτῆς
3121 4739 3219 4811 τῆς
3242 4739 3336 4793 τοῦ
3360 4739 3698 4812 ζητουμένου

2129 4834 2295 4907 μηνὸς
2326 4831 2606 4894 ποσταίας,
2648 4831 2789 4885 κατὰ
2814 4847 2872 4883 τε
2904 4827 3005 4900 τὴν
3036 4828 3145 4883 τῶν
3182 4829 3320 4901 μετὰ
3353 4828 3454 4893 τὰς
3482 4836 3570 4901 κη’
3604 4847 3696 4882 m-

2127 4925 2321 4999 ριττῶν
2348 4926 2379 4996 ἡ
2388 4941 2452 4995 με
2463 4923 2567 4995 ρῶν
2597 4921 2952 4995 διακράτησιν
2968 4939 2982 4953 ο
3007 4920 3210 4984 ταύτας
3241 4920 3303 4991 δὴ
3326 4919 3425 4985 τὰς
3442 4920 3699 4992 περιττὰς

2130 5016 2292 5087 μέχρι
2334 5015 2431 5085 μὲν
2460 5012 2835 5084 Σεπτεμϐρίου
2866 5010 3032 5083 μηνὸς
3064 5017 3130 5081 ιγ’
3160 5010 3574 5081 εὑρισκομένας,
3607 5010 3696 5080 μέ-

2126 5126 2218 5180 χρι
2240 5107 2298 5160 δὲ
2342 5105 2669 5178 ὐκτωϐρίου
2695 5112 2776 5169 ιε’,
2795 5104 2904 5158 τῶν
2931 5111 3002 5174 ιγ’
3022 5103 3315 5173 ἀφελόντας
3333 5102 3432 5165 τὰς
3455 5100 3501 5168 ζ’
3522 5102 3698 5165 ’⁸,τὰς

2127 5198 2223 5252 καὶ
2266 5199 2323 5249 ὲν
2355 5195 2432 5267 τῷ
2480 5196 2834 5266 Σεπτεμϐρίῳ
2878 5195 2964 5249 διὰ
3018 5194 3245 5266 σηρικοῦ
3302 5191 3689 5264 κατετάξαμεν.

2142 5288 2436 5360 Ὡσπεροῦν
2476 5288 2571 5341 καὶ
2602 5288 2711 5340 τῶν
2742 5293 2800 5341 ιε’
2833 5286 2930 5350 τὰς
2955 5286 3047 5340 δύο
3069 5285 3345 5349 τελοῦντες
3377 5285 3685 5355 ἑϐδομάδας.

2130 5381 2295 5451 ἡγουν
2321 5381 2421 5444 τὰς
2451 5380 2509 5433 ιδ’
2544 5380 2773 5452 ἡμέρας,
2801 5378 2898 5450 τὴν
2924 5377 3051 5449 μίαν
3080 5378 3187 5431 ἁπδ
3217 5375 3444 5449 σηρικοῢ
3479 5374 3687 5443 διεγρά-

2130 5468 2310 5540 ψαμεν
2344 5470 2400 5523 ὲν
2425 5469 2500 5541 τῷ
2547 5467 2888 5539 Ὀκτωϐρίῳ·
2916 5468 3107 5522 ταυτὸν
3137 5466 3243 5539 γάρ
3267 5468 3381 5519 ἐστι
3411 5465 3509 5528 τὰς
3538 5480 3595 5518 τε
3623 5464 3705 5530 ιγ⁴’
