3950 6266
263 292 404 353 ηιε

1071 300 1128 356 S.
1173 298 1422 356 MAXIMI
1462 296 1822 354 MARTYRIS
1858 294 2247 354 COMI’UTUS
2286 291 2725 353 ECCLESIAST.

3370 299 3505 354 I256

267 417 357 470 καὶ
384 415 486 482 τὰς
522 424 580 472 ιε’
609 419 863 492 τηρῆσαι,
896 418 1002 473 καὶ·
1019 419 1186 491 μόνας
1225 418 1324 483 τὰς
1368 425 1422 484 ς’
1447 420 1540 473 καὶ
1563 418 1661 490 τὴν
1686 425 1756 480 α’.
1779 419 1837 472 έν

1950 431 2154 480 cemus,
2182 416 2316 471 nihil
2347 416 2413 471 ad
2450 414 2636 470 feriam
2671 415 3029 487 indagandam
3070 416 3263 481 refert,
3289 416 3507 487 quando

269 512 376 574 τοὶς
401 510 581 573 αὐτοῖς
610 510 702 565 δύο
721 511 1016 577 κατατάξαι
1040 512 1175 584 μησὶ
1198 511 1298 582 τῆς
1318 511 1676 582 έδδομαδικῆς
1700 508 1836 582 ὴμέ-

265 618 366 675 ρας
393 602 553 675 χάριν
580 604 885 676 εὑρήσεως⁴
912 604 1053 660 κατὰ
1075 605 1175 678 τὴν
1206 604 1628 677 συμπαράληψιν
1654 602 1837 675 δηλον-

266 697 346 751 ότι
371 696 481 751 τῶν
495 697 748 751 έπακτῶν
768 698 861 751 τοῦ
888 697 1181 762 ἐνεστῶτος
1200 696 1430 770 ἡλιακοῦ
1452 698 1627 761 ἔτους,
1655 698 1837 751 ὁποῖον

266 789 305 843 ς’
328 788 404 845 ἂν
428 789 511 861 εἴη
538 789 600 843 τὸ
627 788 1017 863 ψηφιζόμενον,
1044 792 1152 846 εἴτε
1178 790 1395 864 πρῶτον
1425 790 1534 844 εἴτε
1564 790 1834 862 δεύτερον,

265 881 456 955 μέχρις
511 881 696 946 ἁπλῶς
741 882 834 937 τοῦ
873 889 958 956 κη’
979 882 1153 948 ἔτους.
1196 884 1254 938 '0
1291 882 1347 938 δὲ
1396 883 1556 947 αὐτὸς
1583 884 1676 936 καὶ
1709 871 1838 953 περὶ

266 970 369 1026 τῶν
411 971 476 1036 δ’,
530 973 649 1031 καὶ.
676 973 805 1045 μιᾶς
844 972 952 1027 άπὸ
1000 973 1227 1045 σηρικοῦ
1273 972 1594 1046 προσθετῶν
1617 971 1838 1044 ήμερῶν

259 1063 416 1133 ὰόγος
458 1064 605 1118 ἐστὶν
632 1064 689 1118 ἓν
714 1083 774 1119 τε
812 1065 1064 1138 Μαρτίῳ,
1104 1065 1198 1119 καὶ
1222 1062 1572 1137 Φεϐρουαρίῳ
1600 1063 1693 1118 καὶ
1737 1063 1839 1117 Ἰα-

261 1156 497 1228 νουαρίῳ
561 1158 1054 1229 κατατεταγμένων
1074 1175 1088 1190 ·
1144 1161 1192 1213 εί
1246 1156 1341 1213 καὶ
1384 1156 1474 1212 διὰ
1520 1156 1839 1229 προσθήκης

263 1249 485 1322 ἡμερῶν
540 1251 570 1304 ό
628 1245 1056 1324 έκδηματικδς⁷⁹
1109 1251 1288 1305 αὐτῶν
1341 1248 1498 1321 λόγος
1528 1248 1623 1304 καὶ
1661 1244 1840 1304 κανῶν

258 1341 451 1411 γέγονε
485 1344 742 1409 ἐναντίως
786 1348 900 1409 τοῖς
938 1343 997 1408 ἐξ
1022 1344 1365 1417 ἀφαιρέσεως
1411 1335 1842 1414 κανονιζομένοις

264 1434 429 1505 μησίν
449 1449 463 1464 ⁸
492 1430 604 1488 οἷον
635 1435 713 1508 τῷ
741 1436 1101 1509 Σεπτεμϐρίῳ
1130 1437 1222 1491 καὶ
1266 1434 1582 1506 Ὀκτωϐρίῳ
1601 1452 1614 1468 ·
1652 1431 1840 1488 καθότι

257 1522 354 1578 τοῦ
407 1523 650 1589 ἐλθόντος
700 1526 927 1598 ἡλιακοῦ
972 1526 1123 1592 ἔτους
1172 1528 1368 1581 ἐκεῖνοι
1406 1525 1710 1595 λογίζονται
1751 1525 1843 1578 καὶ

259 1616 418 1670 είσίν.
452 1617 527 1670 Οὐ
548 1616 657 1689 γὰρ
689 1617 864 1682 ἄλλως
892 1618 925 1689 ἢ
962 1618 1134 1682 οὕτως
1171 1617 1392 1689 ἔμελλον
1441 1616 1506 1671 ἂν
1535 1617 1599 1670 ὲκ
1627 1616 1723 1670 τοῦ
1755 1618 1842 1670 ὲν-

258 1704 516 1770 εστῶτος,
538 1707 706 1779 ήγουν
732 1707 841 1762 τῶν
875 1708 1040 1763 αὐτοῦ
1075 1708 1332 1761 ὲπακτῶν
1369 1705 1717 1778 ψηφίζεσθαι,
1748 1707 1844 1759 καὶ

260 1796 361 1869 τὴν
403 1796 763 1869 ἑϐδομαδικὴν
807 1799 1024 1871 ἡμέραν
1049 1797 1215 1871 δήλην
1257 1796 1498 1851 ἐθέλουσι
1547 1798 1837 1869 παριστᾷν.

262 1889 548 1944 Λυσιτελεϊ
569 1890 679 1962 γὰρ
707 1891 923 1955 πάντως
955 1894 1037 1955 εἰς
1064 1891 1125 1944 τὸ
1155 1890 1255 1962 τὴν
1285 1873 1575 1961 μετάθεσιν
1595 1888 1703 1942 ἀπὸ
1717 1889 1835 1941 Κυ-

263 1981 482 2054 ρωκῆς,
512 1985 605 2037 καὶ
636 1982 703 2055 β’,
735 1984 829 2038 καὶ
859 1984 1068 2057 τρίτης,
1097 1983 1194 2037 καί⁷
1224 1981 1333 2036 τῶν
1362 1981 1598 2052 καθεξῆς
1634 1982 1713 2045 είς
1744 1980 1843 2052 τὴν

263 2072 431 2145 ἄλλην
476 2074 637 2143 ἁγίαν
673 2076 963 2147 Κυριακὴν
1009 2073 1341 2147 ποιήσασθαι
1373 2076 1431 2128 ὲν
1458 2073 1535 2145 τῷ
1561 2072 1720 2144 δεξιῷ
1751 2073 1847 2127 καὶ

262 2167 528 2240 εὐωνύμῳ
558 2168 815 2240 κανονίῳο
851 2168 913 2223 τὸ
948 2168 1067 2238 μὲν,
1101 2168 1180 2232 ὡς
1207 2167 1420 2240 εἴρηται
1450 2166 1540 2220 διὰ
1571 2166 1670 2238 τὴν
1732 2165 1848 2219 εἴσ-

268 2258 392 2315 οδον
422 2260 531 2314 τῶν
567 2261 738 2330 ἁγίων
770 2261 1054 2334 νηστειῶν,
1089 2262 1254 2333 ήγουν
1285 2261 1381 2332 τὴν
1426 2259 1840 2333 άποκρεὼσιμον

258 2352 478 2424 ἑορτὴν,
516 2353 578 2407 τὺ
605 2353 682 2417 δὲ,
712 2353 801 2407 διὰ
845 2353 908 2406 τὺ
944 2354 1214 2426 σωτήριον
1255 2354 1470 2424 Πάσχα.
1514 2351 1701 2406 Ταῦτα
1750 2352 1845 2406 καὶ

1940 508 2225 578 ρι-εεεεηιίε
2255 509 2382 562 anni
2399 509 2534 563 solis
2555 514 2759 577 epacta:
2780 507 2942 563 simul
2970 517 3356 564 assumuntur:
3385 508 3508 579 qui-

1944 616 2160 671 cunque
2181 601 2395 655 demum
2421 607 2768 671 computetur
2794 616 2992 665 annus,
3027 602 3258 673 primus,
3300 609 3392 656 aut
3420 618 3508 658 sc-

1942 693 2178 760 cundus,
2212 707 2388 762 usque
2428 693 2496 747 ad
2533 709 2727 747 xxrui.
2776 692 2981 748 Eadem
3020 695 3162 749 ratio
3190 703 3365 755 estw.
3401 701 3455 748 et
3489 710 3509 749 ι

1941 787 2346 843 rubricatorum
2400 787 2756 857 regularium,
2801 800 2940 856 quos
2985 785 3053 839 ad
3100 785 3375 850 Martium,
3403 782 3509 840 Fe-

1942 879 2224 935 bruarium
2252 887 2306 935 et
2343 879 2658 934 Ianuarium
2699 877 3054 948 ascripsimus
3092 896 3104 932 :
3136 878 3237 933 etsi
3265 892 3363 947 per
3393 877 3510 932 die.-

1944 987 2066 1027 rum
2089 955 2418 1027 additionem
2450 970 2842 1027 hebdomadica
2871 954 3112 1040 ipsorum
3152 971 3291 1023 ratio
3339 976 3394 1022 et
3422 983 3511 1023 re-

1941 1064 2066 1135 gula
2091 1072 2327 1127 constat,
2360 1070 2551 1119 contra
2577 1078 2742 1133 quam
2778 1062 2957 1117 evenit
2986 1061 3053 1116 iis
3082 1062 3382 1119 mensibus,
3416 1061 3510 1131 qui

1941 1156 2331 1213 detractionem
2363 1154 2698 1222 admittunt;
2725 1154 2887 1210 veluti
2922 1151 3251 1222 Septembri,
3279 1160 3333 1207 et
3352 1150 3512 1207 Octo-

1941 1248 2063 1313 bri;
2091 1248 2347 1316 quoniam
2381 1246 2628 1316 sequenti
2650 1260 2797 1300 anno
2828 1245 2960 1300 solis
2986 1244 3330 1306 tribuuntur,
3359 1250 3415 1298 et
3441 1241 3511 1297 ad

1941 1349 2065 1388 eum
2091 1335 2385 1404 pertinent.
2416 1333 2570 1389 Haud
2600 1335 2745 1389 enim
2775 1334 2936 1389 aliter
2962 1349 3027 1388 ex
3061 1333 3313 1402 pmsenti
3344 1347 3509 1396 anno,

1942 1431 1996 1478 et
2025 1425 2146 1494 ejus
2189 1424 2396 1494 epactis
2444 1424 2688 1479 calculus
2716 1424 2842 1478 iniri
2878 1424 3083 1494 potuit,
3120 1435 3178 1478 ut
3213 1424 3512 1479 hebdoma-

1943 1518 2122 1575 diCam
2151 1519 2349 1575 feriam
2372 1520 2776 1590 inquirentibus
2797 1520 3096 1575 exhiberet.
3126 1520 3336 1592 Quippe
3353 1537 3511 1590 pror—

1944 1627 2041 1668 sus
2080 1612 2147 1667 ad
2180 1612 2234 1667 id
2259 1612 2495 1683 expedit,
2528 1619 2587 1666 ut
2611 1613 2896 1668 translatio
2926 1611 3041 1681 ﬁcri
3068 1614 3239 1683 possit
3265 1628 3295 1665 a
3326 1611 3514 1667 Domi-

1945 1705 2091 1771 nica,
2123 1712 2178 1761 et
2209 1705 2451 1761 secunda
2487 1706 2744 1771 tertiave,
2778 1721 2842 1760 ac
2868 1706 3028 1776 180
3057 1706 3412 1777 sequentibus
3441 1703 3516 1761 fec.

1943 1799 2043 1853 riis
2087 1802 2144 1852 in
2173 1798 2399 1852 alteram
2453 1796 2814 1862 Dominicam,
2860 1800 2916 1852 in
2958 1799 3150 1853 dextro
3197 1813 3262 1852 ac
3290 1798 3514 1854 sinistro

1944 1891 2201 1946 canonio.
2234 1888 2476 1957 Quorum
2502 1890 2729 1945 alterum
2760 1891 2826 1945 ad
2866 1891 3170 1962 ingressum
3200 1897 3515 1946 sanctorum

1943 1984 2275 2057 jejuniorum
2296 2025 2312 2050 ,
2349 1984 2467 2040 sive
2501 1982 2855 2055 Carnlspririi
2902 1984 3102 2041 festum
3140 2004 3155 2040 :
3190 1985 3420 2040 alterum
3446 1983 3517 2038 ad

1948 2075 2188 2149 salutare
2214 2073 2425 2129 Pascha
2446 2074 2701 2131 refertur.
2727 2075 3003 2132 Hactenus
3024 2076 3091 2132 de
3113 2076 3407 2132 rubricatis
3430 2090 3517 2131 re-

1955 2166 2257 2238 gularibus,
2291 2175 2351 2220 ut
2375 2167 2648 2231 omnibus,
2683 2182 2806 2239 qua:
2861 2183 3071 2225 canone
3098 2169 3205 2225 isto
3225 2170 3519 2224 continen-

1949 2267 2038 2312 tur
2087 2258 2375 2327 expositis,
2402 2274 2597 2315 eorum
2625 2260 2697 2315 sit
2737 2259 3002 2316 studiosis
3041 2261 3337 2316 lectoribus
3365 2275 3518 2316 com-

1950 2351 2245 2421 prehensio
2275 2350 2475 2407 facilis.

259 2443 521 2516 περὶτῶν
549 2445 656 2499 ἀπὸ
687 2444 911 2517 σηρικοῦ
939 2446 1250 2518 προσθετῶν
1280 2445 1525 2518 ήμερῶν,
1558 2446 1635 2510 ὡς
1666 2445 1732 2500 ἂν
1754 2445 1844 2499 διὰ
1875 2445 2093 2499 πάντων
2115 2444 2214 2514 τῆς
2251 2445 2391 2500 κατὰ
2419 2446 2539 2500 τόδε
2558 2446 2621 2500 τὸ
2669 2448 2915 2502 κανόνιον
2961 2447 3271 2522 ἐξηγήσεως
3310 2464 3519 2519 τρανω-

259 2537 451 2608 Oeten;
493 2540 528 2610 ἡ
583 2538 691 2592 τῶν
729 2540 787 2592 έν
817 2538 965 2611 αὑτῴ
1009 2539 1275 2611 κειμένων
1332 2539 1633 2611 κατάληψις
1685 2538 1841 2611 ῥᾳδία
1870 2538 2093 2610 γένηται
2122 2540 2235 2602 τοῖς
2260 2537 2584 2608 φιλοπόνοις.

335 2655 475 2723 Περὶ
506 2653 624 2709 τῶν
649 2654 925 2710 ἑπακτῶν
965 2655 1075 2727 τῆς
1107 2657 1395 2727 σελήνης,
1434 2655 1560 2723 πῶς
1598 2653 1774 2713 αὗται

867 2726 1245 2797 ψηφίζονται.

335 2837 465 2891 KZ'.
485 2835 704 2890 Τούτων
723 2838 782 2892 δὲ
805 2837 977 2903 οὕτως
997 2840 1416 2913 είρημένων,δεῖ
1430 2841 1556 2913 περί
1569 2839 1676 2894 τῶν
1697 2841 1754 2893 ὲν
1767 2839 1846 2910 τῷ

262 2927 534 2999 εὐωνύμῳ
563 2929 793 3000 κανονίῳ
818 2931 1166 3001 τεταγμένων
1193 2931 1442 2985 ὲπακτῶν
1482 2932 1580 3002 τῆς
1619 2931 1846 3003 σελήνης

2052 2658 2130 2713 De
2154 2659 2351 2728 epactis
2375 2658 2535 2726 lunia,
2560 2659 2999 2731 quemadmodum
3021 2670 3402 2730 computentur.

2016 2841 2230 2898 XXVII.
2264 2828 2362 2898 His
2403 2843 2831 2914 animadversis,
2858 2846 2926 2902 de
2969 2847 3176 2916 epactis
3205 2845 3367 2909 lunae,
3398 2863 3521 2919 quae

1950 2935 2008 2990 in
2037 2936 2265 2992 sinistro
2303 2952 2512 2994 canone
2541 2948 2691 3005 sunt,
2726 2955 2909 2996 sermo
2940 2936 3519 2997 rursusinstituendus

263 3018 363 3074 καὶ
390 3015 544 3083 αὖθις
569 3020 950 3088 ἐπαναλαϐεῖν,
984 3025 1077 3078 καὶ
1109 3023 1280 3092 δεῖξαι
1314 3024 1431 3088 πῶς
1468 3016 1631 3077 αὗται
1662 3023 1845 3095 ψηφί-

1950 3035 2057 3093 est,
2092 3044 2156 3083 ac
2184 3029 2670 3086 demonstrandum
2692 3031 2966 3103 quomodo
2985 3034 3286 3103 computari
3307 3040 3361 3089 et
3386 3033 3525 3105 ipsa!

264 3112 470 3176 ζονται.
506 3111 626 3184 Χρὴ
657 3114 835 3168 τοίνυν
863 3114 927 3167 τὸ
953 3116 1303 3187 ἐνιστάμενον
1338 3116 1437 3186 τῆς
1469 3115 1697 3186 σελήνης
1728 3114 1847 3179 ἔτος

266 3204 755 3260 ἓνδεκαπλασιάσαι
772 3223 785 3237 ⁸
831 3201 943 3262 οἷον
971 3207 1047 3273 ὡς
1075 3210 1168 3262 ἐπὶ
1198 3209 1292 3263 τοῦ
1324 3208 1588 3280 παρόντος
1615 3209 1657 3262 δ’
1685 3209 1776 3261 καὶ
1818 3215 1846 3260 ι’

264 3298 364 3351 καὶ
396 3297 496 3362 τὰς
528 3301 593 3352 ἐκ
618 3298 712 3353 τοῦ
743 3300 1226 3373 πολυπλασιασμυῦ
1248 3301 1615 3372 συναγομένας
1639 3300 1850 3373 ἡμέρας

269 3390 378 3460 ρνδ⁹
431 3390 650 3460 ποιῆσαι
684 3391 835 3463 παρὰ
864 3390 960 3446 δύο
994 3391 1228 3463 ἡμέρας,
1258 3393 1346 3446 διὰ
1378 3391 1440 3445 τὸ
1494 3393 1708 3463 πρῶτον
1752 3392 1850 3461 τῆς

270 3479 500 3551 σελήνης
539 3481 658 3546 ἔτος
697 3484 741 3536 θ’
771 3483 931 3553 μόνον
962 3484 1204 3547 ἐπακτὰς
1231 3483 1375 3555 ἔχειν
1397 3501 1410 3513 ⁸
1449 3484 1542 3538 καὶ
1569 3482 1740 3545 οὕτως
1771 3483 1852 3546 είς

264 3573 361 3626 τὸν
393 3571 456 3645 λέ,
487 3572 572 3627 διὰ
604 3575 730 3638 τοὺς
773 3574 1104 3644 ἐμϐολίμους
1150 3578 1323 3645 μῆνας
1369 3576 1570 3640 ταύτας
1610 3575 1848 3647 μερίσαι.

269 3664 429 3734 Λέγω
473 3665 532 3719 δὲ
572 3666 671 3731 τὰς
722 3666 831 3736 ρν6⁹
862 3667 1082 3731 καὶτὰς
1107 3666 1561 3738 ὑπολειπομένας,
1606 3667 1852 3721 τουτέστι

263 3756 368 3822 τὰς
412 3757 507 3811 δύο
539 3759 774 3830 ἡμέρας,
799 3757 1042 3822 ἑπακτὰς
1072 3758 1216 3830 ἔχειν
1256 3759 1318 3812 τὸ
1341 3761 1439 3832 τῆς
1482 3761 1710 3831 σελήνης
1735 3759 1853 3824 ἔτος

268 3847 626 3918 γινώσκεται·
662 3847 726 3913 ἃς
778 3851 875 3902 καὶ
923 3849 1408 3921 διαγεγραμμένας
1451 3849 1564 3921 ἔχει
1615 3849 1677 3903 τὸ
1723 3850 1853 3904 αὐτὸ

261 3935 313 3988 δ’
346 3936 437 3989 καὶ
468 3942 497 3987 ι’
524 3936 643 4000 ἔτος
681 3938 739 3989 έν
772 3938 907 4007 τῷδε
937 3937 1014 4007 τῷ
1040 3939 1293 4010 κανονίῳ.
1315 3939 1502 4003 Οὕτως
1527 3935 1618 3993 οὖν
1644 3941 1736 3993 καὶ
1766 3941 1851 3994 ἐπ’

271 4026 432 4080 ἄλλου
492 4028 690 4091 παντὸς
737 4027 890 4092 ἔτους
946 4029 1176 4101 σελήνης
1233 4032 1497 4103 προσήκει
1534 4034 1724 4085 ποιεῖν.
1751 4027 1856 4086 Αὖ-

268 4136 361 4175 ται
410 4119 468 4173 δὲ
515 4120 752 4174 ἐπακταὶ
779 4123 985 4193 ήμέραι
1020 4123 1397 4194 τυγχάνουσιν,
1423 4122 1489 4186 ἃς
1515 4124 1574 4176 τὸ
1615 4123 1733 4187 ἔτος
1757 4124 1854 4195 τῆς

272 4212 500 4284 σελήνης
530 4212 708 4285 πάντη
740 4230 799 4267 τε
829 4216 924 4268 καὶ
957 4214 1173 4278 πάντως
1204 4215 1324 4286 ἕχον
1360 4218 1672 4288 εὑρίσκεται
1714 4217 1854 4271 κατὰ

269 4302 370 4373 τήν
415 4303 681 4376 τριακάδα
726 4304 950 4377 πρώτην
984 4304 1078 4358 τοῦ
1112 4306 1358 4379 Μαρτίου
1403 4310 1589 4379 μηνός.
1635 4309 1853 4380 Ἐπειδὴ

1951 3115 2203 3172 debeant.
2242 3117 2411 3188 Igitur
2442 3129 2753 3177 currentem
2800 3137 3002 3177 annum
3035 3122 3177 3177 lunae
3209 3139 3306 3193 per
3350 3123 3522 3180 unde-

1950 3209 2055 3261 cim
2083 3208 2448 3280 multiplicare
2485 3220 2701 3282 Oportet
2732 3229 2746 3264 ε
2772 3222 2831 3267 ιιι
2865 3214 3096 3284 exempli
3138 3229 3327 3281 causa,
3351 3215 3518 3283 hunc,

1952 3303 2045 3372 qui
2069 3302 2250 3373 agitur
2278 3303 2442 3358 modo
2471 3320 2582 3358 xw.
2611 3302 2892 3360 Summam
2927 3306 3053 3360 inde
3084 3307 3368 3362 collectam
3398 3308 3521 3364 dio-

1950 3405 2071 3444 rum
2123 3391 2532 3457 CLiv,-duobus
2574 3394 2822 3451 minuere
2859 3412 2871 3447 :
2911 3394 3055 3466 quod
3088 3398 3300 3467 primus
3345 3413 3522 3454 annus

1958 3482 2099 3537 luna:
2130 3498 2185 3537 ix
2209 3485 2586 3540 tantummodo
2616 3494 2837 3557 epactas
2867 3487 3082 3543 habeat.
3116 3487 3310 3544 Postea
3334 3490 3387 3543 in
3414 3507 3522 3546 xxx

1952 3574 2143 3645 partiri
2186 3589 2294 3630 cur
2340 3575 2465 3632 illos
2512 3577 2630 3634 dies
2662 3587 2885 3649 propter
2917 3579 3240 3634 embolimos
3281 3594 3518 3637 menses.

1954 3663 2244 3733 Reliquum
2273 3672 2357 3720 est
2387 3665 2638 3731 biduum,
2665 3682 2787 3736 qua:
2805 3666 2933 3720 anni
2956 3666 3117 3721 istius
3137 3672 3342 3736 epactm
3368 3673 3519 3730 sunt,

1952 3766 2009 3811 et
2030 3756 2097 3811 ad
2124 3757 2373 3811 eumdem
2392 3772 2594 3811 annum
2618 3758 2760 3812 lunae
2781 3774 2873 3812 xw
2902 3757 2957 3811 in
2972 3772 3184 3813 canone
3211 3757 3519 3827 descriptae.

1954 3848 2096 3904 Idem
2131 3851 2184 3903 in
2208 3849 2422 3905 caeteris
2458 3849 2714 3904 omnibus
2742 3851 2903 3906 annis
2932 3851 3073 3905 luna:
3106 3849 3287 3905 facere
3327 3864 3524 3904 conve-
3574 3860 3581 3873 '

1955 3942 2056 4000 nit.
2086 3940 2262 3996 Porro
2292 3936 2500 4010 epactaa
2521 3940 2638 3994 ista:
2658 3939 2774 3995 dies
2803 3949 2952 4004 sunt,
2981 3956 3120 4011 quos
3148 3956 3350 3996 annum
3382 3941 3525 3997 luna!

1955 4047 2186 4105 prorsus
2236 4031 2438 4101 habere
2490 4032 2879 4100 cognoscimus
2906 4032 2961 4087 in
3005 4033 3094 4088 die
3142 4031 3321 4086 Martii
3368 4046 3519 4087 xxxx.

1956 4125 2107 4192 Quos
2136 4123 2355 4193 quidem
2386 4122 2530 4178 scire
2566 4123 2816 4187 interest,
2851 4132 2912 4178 ut
2948 4132 3169 4194 quotum
3208 4125 3349 4179 luna:
3377 4123 3523 4197 diem

1958 4216 2014 4271 in
2045 4216 2292 4287 quolibet
2308 4215 2578 4270 mensium
2604 4198 2894 4271 duodecim
2931 4223 3270 4287 computare.
3293 4223 3348 4270 et
3376 4216 3525 4270 invo-

1961 4309 2162 4379 stigare
2184 4307 2477 4378 possimus.

269 4394 474 4458 ταύτας
510 4395 599 4449 ἀεὶ
622 4396 738 4450 δέον
794 4397 941 4450 ἐστὶν
991 4396 1187 4451 εἰδέναι
1249 4400 1412 4453 πόσαι
1458 4399 1785 4471 τυγχάνουσι
1827 4419 1841 4431 ο
1874 4398 2208 4454 λυσιτελοῦσι
2255 4399 2362 4472 γὰρ
2412 4401 2492 4464 εἰς
2541 4400 2600 4453 τὸ
2641 4400 2738 4472 τὴν
2780 4401 3042 4455 ποσταίαν
3080 4400 3181 4470 τῆς
3206 4399 3435 4472 σελήνης
3466 4400 3525 4452 ιν

269 4484 486 4558 ἑκάστῳ
513 4485 621 4541 τῶν
657 4485 978 4542 δυοκαίδεκα
1005 4488 1187 4560 μηνῶν
1213 4488 1548 4560 ψηφίζεσθαι
1574 4490 1676 4575 ,καὶ
1703 4491 2074 4564 εὑρίσκεσθαι.
3130 4500 3135 4503 ’

346 4603 478 4671 Πῶς
504 4605 574 4658 ἐν
603 4604 837 4671 ἑκάστῳ
869 4606 1016 4683 μηνί
1049 4606 1161 4676 τῆς
1189 4607 1458 4677 σελήνης
1486 4611 1786 4664 tractatur

1996 4611 2271 4679 Quomodo
2302 4612 2355 4665 in
2386 4628 2693 4683 unoquoque
2725 4628 2897 4666 mense
2936 4612 3074 4666 lunae
3096 4619 3313 4680 quotam
3352 4608 3489 4665 diem

875 4678 1254 4747 εὑρίσκομεν.

340 4792 475 4846 KH'.
498 4785 622 4845 Οἷον
646 4791 745 4854 τὰς
775 4790 882 4845 ἀπὸ
901 4792 1000 4863 τῆς
1029 4791 1542 4864 πρώτηςἈπριλίου
1572 4794 1733 4866 μέχρι
1750 4793 1849 4866 τῆς

269 4884 618 4956 ζητουμένης
660 4885 718 4936 ὲν
756 4884 1052 4955 οίῳδήποτε
1097 4885 1228 4955 μηνῖ¹
1271 4885 1561 4957 Ῥωμαϊκῷ
1587 4887 1850 4951 ποσταίας

271 4977 490 5049 ἡμέρας
540 4975 882 5047 ἀθροίςομεν.
918 4976 1028 5029 Καὶ
1080 4975 1284 5042 ταύτας
1334 4977 1696 5049 έπιϐάλλομεν
1751 4977 1851 5042 τὰς

267 5068 569 5141 εἰρημένας
599 5067 700 5136 τῆς
728 5065 963 5138 σελήνης,
1002 5067 1263 5131 ὲπακτάςο
1295 5068 1363 5130 ἃς
1414 5068 1640 5139 ἔχουσα,
1672 5068 1850 5133 καθὼς

270 5160 434 5232 ἔφην,
456 5159 770 5233 εὑρίσκεται
796 5159 936 5223 κατὰ
962 5158 1060 5231 τὴν
1087 5161 1381 5232 εἰρημένην
1408 5162 1673 5234 τριακάδα
1704 5161 1850 5235 πρώ-

271 5267 376 5322 την
411 5248 507 5304 τοῦ
556 5249 802 5321 Μαρτίου
846 5249 1030 5320 μηνός.
1075 5250 1186 5303 Kal.
1218 5252 1297 5314 εἰς
1324 5250 1421 5315 τὰς
1447 5251 1530 5305 κθ¹
1555 5253 1724 5323 ἥμισυ
1754 5251 1851 5316 τὰς

269 5342 405 5405 ὅλας
441 5342 768 5413 μερίζομεν·
805 5341 899 5394 καὶ
939 5340 1038 5404 τὰς
1083 5342 1458 5411 ἀπομενούσας
1492 5343 1718 5414 ἔχουσαν
1750 5343 1849 5415 τὴν

279 5433 512 5505 σελήνην
561 5436 918 5506 γινώσκομεν.
952 5435 1138 5490 Ταῦτα
1183 5436 1277 5489 καὶ
1309 5435 1439 5508 περὶ
1475 5436 1573 5508 τῆς
1614 5436 1721 5492 τῶν
1754 5438 1849 5489 ἑπ-

274 5525 463 5577 ακτῶν
499 5525 596 5595 τῆς
628 5525 854 5596 σελήνης
892 5526 1111 5597 μεθόδου
1140 5544 1197 5580 τε
1228 5528 1321 5583 καὶ
1350 5527 1634 5598 εὑρέσεως.

373 5682 421 5716 η
445 5683 488 5750 ί.
518 5682 885 5752 ἐδδομαδικός.

2589 4684 2895 4752 reperimus.

1960 4773 2001 4794 "
2030 4794 2269 4850 xxvni.
2306 4793 2431 4850 Dies
2476 4808 2687 4857 omnes,
2724 4793 2818 4861 qui
2854 4808 2885 4847 a
2933 4792 3193 4850 Kalendis
3224 4793 3424 4864 Aprilis
3455 4793 3524 4850 ad

1956 4887 2108 4944 diem
2140 4888 2350 4942 mensis
2379 4886 2676 4956 cujuslibet
2712 4884 2945 4941 Romani
2988 4884 3280 4952 ﬂuxerunt,
3314 4887 3528 4958 colligi-

1959 4995 2113 5036 mus.
2145 4979 2241 5035 His
2277 4987 2498 5051 epactas
2522 4979 2683 5046 lunae,
2714 4979 2782 5034 de
2810 4980 3010 5050 quibus
3031 4980 3235 5034 dictum
3262 4986 3369 5042 est,
3388 4979 3525 5047 adji-

1957 5075 2159 5142 cimus.
2212 5088 2576 5143 quascunque
2604 5073 2693 5128 die
2735 5072 2916 5127 Martii
2950 5084 3079 5127 xxxi
3104 5073 3302 5143 sortita
3338 5072 3521 5129 fuerit.

1926 5223 1935 5232 ,
1959 5163 2242 5220 Summam
2264 5181 2360 5236 per
2376 5182 2507 5220 χχιχ
2536 5166 2640 5237 4/2
2664 5166 3252 5237 partimur;reliquum
3281 5173 3366 5223 est
3395 5175 3526 5220 aitait

1959 5258 2126 5313 lunai.
2164 5255 2293 5312 Haec
2323 5256 2389 5312 de.
2422 5257 2570 5314 lunae
2598 5267 2911 5330 epactarum
2950 5258 3224 5327 methodo,
3255 5268 3308 5314 et
3340 5258 3527 5313 inven-

1955 5349 2107 5406 tione
2143 5351 2288 5407 dicta
2321 5350 2450 5407 sint.
