3950 6266
471 268 606 326 1247

540 384 614 435 lle
641 388 838 451 epactts
865 378 1017 442 satis,
1042 373 1304 447 quomodo
1322 380 1381 430 ἐι
1415 376 1544 444 ipsa:
1573 382 1957 445 computentur.

541 560 731 618 XXIX.
764 560 1115 632 Explicandae
1136 568 1264 615 sunt
1291 558 1548 627 deinceps
1569 566 1772 628 epactae
1801 557 2028 620 solares,

467 671 532 710 ac
564 650 1023 723 quemadmodum
1060 650 1390 721 investigare
1415 663 1509 704 eas
1545 655 1815 717 oporteat.
1846 647 2033 716 Itaque

468 745 749 818 proposito
783 756 928 797 anno
958 740 1091 797 solis
1139 740 1401 810 quolibet,
1440 748 1501 793 ut
1536 739 1638 792 hoc
1672 738 1793 806 ipso
1820 753 2031 795 xxvm:

468 838 710 902 totidem,
744 848 854 890 una
903 832 1156 903 dempta,
1206 830 1555 885 numeranda;
1595 837 1724 885 sunt
1762 829 1900 893 dies,
1929 827 2033 882 hoc

466 940 551 987 est
575 944 746 983 xxvu.
770 926 1112 994 Quadrantes
1152 932 1355 987 autem,
1403 922 1555 977 nullo
1602 921 1870 982 detracto.
1900 929 2033 992 quot

467 1033 695 1076 summa:
719 1019 818 1071 toti
840 1021 1174 1086 competunt,
1194 1011 1507 1068 assumendi
1524 1004 1690 1081 ;puta
1706 1026 1876 1065 xxvm
1899 1026 2033 1081 qua»

465 1114 749 1170 drifariam
768 1112 980 1177 divisis,
1011 1112 1148 1166 liunt
1170 1111 1358 1179 utique
1378 1109 1495 1166 dies
1518 1125 1592 1163 vn
1616 1109 1850 1178 ;quibus
1879 1108 2033 1163 addi-

464 1207 558 1269 tis,
592 1218 859 1261 summam
920 1219 1083 1258 XXIW
1109 1202 1319 1258 dierum
1352 1217 1448 1270 per
1477 1216 1552 1255 vn
1591 1200 1773 1257 divide
1812 1208 2033 1271 propter

464 1296 856 1353 hebdomadas.
886 1294 1206 1357 Residuum,
1227 1296 1327 1348 hoc
1347 1301 1435 1349 est
1454 1309 1507 1347 vr
1529 1293 1668 1356 dies,
1696 1307 1797 1363 pro
1828 1291 2032 1362 epactis

463 1390 734 1445 obtinebit
763 1389 853 1442 hic
878 1403 1054 1443 annus
1079 1403 1434 1460 xxvmhquas
1455 1387 1521 1442 ad
1551 1386 1803 1441 eumdem
1828 1400 2029 1440 annum

464 1483 749 1553 posuimus
780 1481 836 1535 in
868 1494 1079 1536 canone
1112 1499 1125 1534 :
1157 1487 1218 1535 ut
1271 1480 1339 1534 ad
1374 1490 1607 1534 creteros
1660 1492 1782 1548 quae
1832 1479 2032 1548 cuique

463 1571 865 1641 competebant.
895 1570 1039 1625 Idem
1074 1570 1159 1625 {ac
1191 1572 1246 1625 in
1274 1570 1381 1625 alio
1410 1569 1605 1640 quovis
1636 1583 1801 1634 anno,
1829 1574 1890 1623 ut
1910 1568 2030 1639 ejus

463 1669 684 1733 epactas
705 1642 1021 1733 assequade.

499 1865 774 1932 Quomodo
809 1865 1058 1937 a'quales,
1094 1875 1186 1919 aut
1206 1867 1507 1921 excedente:
1534 1868 1753 1922 invicem
1781 1877 1994 1937 epactas

926 1936 1149 1990 habeant
1171 1937 1296 1991 anni
1329 1936 1551 1992 salares.

534 2051 702 2107 XXX.
729 2053 919 2108 Annus
950 2054 1129 2108 omnis
1157 2052 1357 2107 solaris
1387 2051 1528 2107 diem
1558 2069 1681 2109 cum
1727 2056 2031 2125 quadrante

465 2161 565 2217 pro
592 2145 799 2217 epactis
832 2145 1111 2214 relinquit.
1140 2146 1273 2214 Quae
1303 2147 1435 2201 nihil
1458 2146 1604 2201 aliud
1637 2155 1769 2202 sunt
1802 2147 2028 2202 omnino

464 2244 662 2307 prater
685 2237 828 2292 diem
862 2236 1014 2290 illum
1048 2253 1173 2293 cum
1204 2237 1644 2308 quadrante,qui
1672 2244 1793 2307 post
1824 2236 2022 2291 hehdm

465 2328 656 2385 madas
702 2343 779 2383 LI!
827 2329 1071 2400 integras
1114 2329 1182 2383 de
1216 2342 1419 2383 ccccxv
1458 2328 1558 2398 1/4
1597 2335 1890 2398 superest:
1931 2328 2026 2383 sed

436 2419 626 2484 .duos,
657 2420 742 2475 vel
776 2426 910 2485 tres,
960 2420 1047 2474 vel
1096 2426 1355 2489 quatuor,
1396 2429 1447 2475 et
1497 2420 1564 2474 ad
1605 2426 1812 2491 septem
1854 2435 2029 2489 usque

467 2511 668 2566 habere
693 2510 917 2577 dicitur,
957 2512 1102 2581 quod
1142 2511 1283 2566 diem
1318 2513 1470 2566 illum
1499 2521 1553 2567 et
1579 2512 1683 2583 1/2
1720 2513 1786 2567 ad
1818 2528 1876 2568 se
1903 2529 2028 2567 mu-

467 2611 560 2657 tuo
582 2603 981 2668 transmittant,
1017 2612 1072 2659 et
1103 2611 1428 2674 augeantur.
1469 2603 1603 2658 Nam
1649 2605 1717 2659 ad
1761 2606 2026 2677 integram

464 2691 884 2757 hebdomadam,
926 2703 1289 2764 septenosque
1325 2695 1443 2751 dies
1469 2694 1664 2749 ordine
1688 2698 1745 2748 iit
1776 2710 2030 2766 progres-

467 2784 570 2839 sio.
621 2781 774 2839 Unde
801 2800 996 2840 rursus
1043 2784 1111 2838 ad
1144 2785 1362 2840 initium
1398 2784 1631 2840 reditur.
1662 2783 1796 2839 Cum
1845 2792 2027 2840 autem

468 2874 739 2931 bisextilis
769 2891 949 2931 annus
971 2883 1078 2941 est,
1112 2884 1275 2947 atque
1296 2892 1364 2933 ex
1385 2876 1728 2948 quadriennii
1757 2877 2029 2947 quadran-

465 2968 615 3023 tibus
656 2968 777 3024 dies
820 2984 929 3023 una
960 2969 1258 3039 colligitur,
1286 2985 1349 3024 ea
1392 2969 1718 3034 accedente,
1751 2970 2027 3040 sequentis

1481 261 1572 315 AD
1609 256 1878 315 EUSEBH
1913 259 2307 319 CH’BONICON
2345 265 2708 325 APPENDIX.

2056 378 2105 434 Α
2130 377 2271 445 Περί
2325 378 2442 433 τῶν
2480 379 2753 436 ἐπακτῶν
2789 384 2895 439 τοῦ
2950 382 2991 452 ἡ

3562 273 3699 329 12ιὸ

2724 453 3099 523 ψηφίζονται.

2202 556 2328 610 ΚΘν.
2363 560 2455 611 Δεῖ
2466 559 2521 612 δὲ
2532 562 2625 615 καὶ
2637 561 2881 634 περὶτῶν
2897 562 3134 633 ἡλιακῶν
3148 564 3403 618 ὲπακτῶν
3413 567 3701 639 γνωρίσαι,

2131 646 2250 711 πῶς
2264 648 2359 703 καὶ
2368 650 2568 716 ταύτας
2583 654 2698 707 ἐστὶ
2712 655 3056 709 καταλαϐεῖν.
3076 657 3119 708 Χ
3129 655 3194 728 ρὴ
3207 657 3384 711 τοίνυν
3395 657 3477 729 τῷ
3491 661 3704 714 ἐνιστα-

2135 739 2281 812 μένῳ
2327 741 2538 815 ἡλιακῷ
2577 744 2707 812 ἔτει,
2736 746 2868 817 φέρε
2897 749 3068 801 εἰπεῖν
3094 747 3171 811 ὡς
3197 749 3288 802 ἐπὶ
3313 749 3406 802 τοῦ
3436 751 3703 822 παρόντος

2132 838 2218 904 κη’
2263 833 2436 900 ἔτους,
2485 836 2803 907 ἰσαρίθμους
2853 838 3001 909 αὐτῷ
3037 844 3258 910 κρατεῖν
3293 842 3510 913 ἡμέρας
3557 845 3706 917 παρὰ

2135 924 2264 995 μίαν
2303 926 2469 996 μόνην
2496 929 2732 1000 ἡμέραν,
2766 930 3044 983 τουτέστιν
3067 930 3149 996 κζ’
3172 932 3406 1004 ἡμέρας,
3439 933 3707 1005 ἰσάριθμα

2131 1014 2190 1068 δὲ
2222 1015 2455 1088 τέταρτα
2512 1020 2641 1091 παρ’
2669 1020 2790 1074 οὐδὲ
2838 1020 2895 1075 ἓν
2939 1021 3195 1094 τέταρτον
3225 1019 3379 1088 αὖθις
3412 1042 3709 1097 συμπαρα-

2132 1106 2443 1178 λαμϐάνειν·
2483 1112 2760 1167 τουτέστιν
2787 1120 2893 1185 κη’,
2919 1114 3011 1179 ὅδ’,
3039 1114 3180 1186 ἅπερ
3211 1115 3453 1169 ποιοῦσιν
3492 1116 3708 1188 ἡμέρας

2132 1200 2413 1271 προδήλως
2456 1203 2625 1257 ἑπτά·
2660 1206 2754 1258 καὶ
2784 1204 2957 1268 οὕτως
2984 1205 3084 1269 τὰς
3111 1206 3258 1271 ὅλας,
3284 1207 3453 1277 ἡγουν
3491 1206 3596 1271 τὰς
3635 1206 3706 1261 λδ¹

2134 1290 2376 1362 μερίζειν
2408 1295 2486 1356 εἰς
2511 1293 2608 1366 τὴν
2634 1294 2678 1360 ξ’
2719 1294 2809 1349 διὰ
2831 1295 2932 1360 τὰς
2951 1296 3267 1368 ἑϐδομάδας.
3294 1298 3406 1352 Καὶ
3433 1296 3537 1362 τὰς
3573 1298 3706 1351 ὐπο-

2130 1380 2366 1446 λοίπους,
2397 1384 2640 1438 τουτέστι
2660 1386 2760 1450 τὰς
2787 1394 2839 1452 ς’
2867 1388 3100 1459 ἡμέρας,
3123 1390 3365 1454 ὲπακτὰς
3388 1389 3516 1461 ἔχον
3541 1388 3707 1459 γινώ-

2132 1488 2321 1525 σκεται
2359 1472 2421 1526 τὸ
2465 1474 2597 1528 αὐτὸ
2634 1483 2719 1547 κη’
2749 1475 2896 1540 ἐτος’
2924 1476 2990 1542 ἃς
3012 1480 3070 1531 ὲν
3103 1478 3251 1551 αὑτῷ
3283 1481 3377 1533 καὶ
3403 1479 3705 1552 διεγράψα-

2133 1583 2232 1637 μεν
2276 1567 2335 1619 ὲν
2374 1566 2508 1637 τῷδε
2546 1567 2625 1639 τῷ
2657 1568 2905 1641 κανονίῳ,
2928 1569 3071 1624 καθὰ
3104 1571 3330 1637 καὶτοῖς
3365 1572 3579 1637 λοιποῖς
3609 1572 3706 1638 τὰς

2132 1659 2495 1730 προσφόρους.
2533 1659 2719 1726 Οὕτως
2751 1657 2842 1716 οὖν
2891 1662 2986 1717 καὶ
3019 1663 3105 1715 ἐπ’
3146 1663 3303 1717 ἄλλου
3347 1665 3553 1728 παντός
3594 1667 3707 1719 ἐστι

2131 1753 2304 1804 ποιεῖν
2328 1754 2407 1817 εἰς
2434 1751 2653 1825 εὕρεσιν
2683 1753 2793 1808 τῶν
2821 1755 2986 1809 αὐτοῦ
3008 1756 3283 1810 ὲπακτῶν.

2126 1860 2261 1929 Πῶς
2308 1863 2406 1918 καὶ
2453 1864 2613 1931 ἴσας,
2648 1866 2745 1920 καὶ
2793 1867 3070 1935 περιττὰς
3124 1865 3411 1932 ἀλλήλων
3439 1866 3708 1933 exanth-

2500 1935 2714 2006 ἔχουσι
2742 1938 2817 1992 τὰ
2841 1937 2948 1991 τοῦ
2986 1937 3168 2005 ἡλίου
3198 1937 3323 2004 ἔτη.

2197 2047 2273 2100 A'.
2306 2046 2573 2102 Ἐκαστον
2610 2049 2711 2120 μὲν
2754 2050 2861 2121 γὰρ
2892 2049 3010 2115 ἔτος
3041 2051 3191 2122 ἡλίου
3221 2050 3350 2121 μίαν
3378 2050 3645 2119 τέταρτον
3658 2051 3705 2082 ⁸⁸

2128 2138 2389 2211 κέκτηται
2415 2141 2677 2213 ὲπακτὴν,
2708 2144 2807 2196 οὐκ
2839 2142 3004 2213 ἄλλην
3026 2140 3191 2198 οὖσαν
3213 2144 3272 2197 τὸ
3307 2142 3528 2197 σύνολον
3553 2143 3587 2214 ἡ
3612 2143 3707 2213 τὴν

2128 2230 2266 2302 μετὰ
2297 2232 2396 2297 τὰς
2439 2233 2519 2304 νβ’
2556 2235 2857 2306 ἑϐδομάδας
2885 2234 3304 2307 περιττεύουσαν
3337 2236 3402 2288 ἐκ
3432 2232 3547 2287 τῶν
3580 2232 3707 2299 τξε¹,

2124 2319 2166 2373 δ’
2189 2322 2442 2394 ἡμερῶν·
2481 2322 2573 2378 δύο
2599 2325 2675 2391 δὲ,
2713 2327 2808 2379 καὶ
2838 2332 2909 2394 γ’,
2946 2326 3041 2380 καὶ
3070 2325 3133 2389 δ’,
3155 2326 3248 2379 καὶ
3284 2326 3478 2398 μέχρις
3520 2324 3707 2389 ἁπλῶς

2123 2410 2234 2465 τῶν
2263 2412 2307 2478 ζ’
2333 2414 2548 2483 λέγεται
2598 2415 2742 2487 ἔχειν
2779 2416 2868 2470 διὰ
2895 2417 2994 2489 τὴν
3028 2417 3086 2484 ἐξ
3117 2417 3359 2488 ἀλλήλων
3389 2418 3473 2482 εἰς
3503 2416 3709 2488 ἄλληλα

2127 2502 2418 2575 γινομένην
2438 2505 2641 2576 ταύτης
2671 2505 2728 2562 δὲ
2755 2506 2855 2575 τῆς
2884 2508 3014 2578 μιᾶς
3041 2506 3298 2578 τέταρτον
3324 2507 3708 2579 παραπομπήν

2125 2615 2186 2652 τε
2219 2599 2312 2652 καὶ
2342 2598 2588 2672 αὔξησιν.
2620 2602 2767 2665 Ἕως
2796 2601 2905 2682 γὰρ
2938 2602 3036 2672 τῆς
3060 2602 3422 2673 ἑϐδομαδικῆς
3448 2601 3709 2673 συμπλη-

2134 2688 2371 2761 ρώσεως,
2397 2691 2564 2762 ἡγουν
2593 2693 2699 2745 τῶν
2739 2692 2784 2757 ζ’
2825 2692 3069 2764 ἡμερῶν,
3102 2693 3224 2748 καθ’
3261 2694 3451 2766 εἱρμὸν
3492 2695 3554 2747 ἐν
3597 2695 3711 2758 τοὶς

2126 2780 2300 2835 ἔτεσιν
2329 2782 2668 2854 αὐξανομένη
2690 2784 2848 2839 πάλιν
2873 2785 3195 2858 ἀπάρχεται.
3220 2785 3421 2839 Καθότι
3447 2785 3508 2839 δὲ
3536 2783 3711 2856 βίσεξ-

2125 2874 2216 2927 τόν
2261 2877 2414 2940 ὲστι,
2445 2877 2537 2929 καὶ
2592 2878 2656 2929 ὲκ
2694 2877 2805 2931 τῶν
2855 2878 3131 2948 τετάρτων
3160 2877 3258 2950 τῆς
3285 2877 3710 2948 τετραετηρίδσς

2126 2968 2476 3040 ἀθροισθεῖσα
2523 2970 2619 3040 μία
2664 2970 2867 3043 ἡμέρα,
2919 2970 3041 3023 κατ’
3096 2969 3444 3041 ὲπίκλησιν⁸¹
3501 2969 3711 3040 ταύτης

466 3055 859 3110 incrementum
888 3057 1017 3110 anni
1059 3073 1169 3111 uno
1200 3059 1288 3112 die
1317 3057 1377 3112 ﬁt
1402 3058 1602 3128 majus.
1632 3058 1769 3114 Nam
1798 3076 1899 3131 pro
1921 3075 2028 3115 uno

2133 3061 2357 3133 περιττή
2397 3078 2514 3124 πως
2542 3062 2574 3133 ἡ
2605 3060 2716 3116 τῶν
2748 3061 3002 3117 ἑπακτῶν
3022 3060 3117 3115 τοῦ
3146 3061 3527 3132 διαδεχομένου
3556 3060 3710 3125 ἔτους

466 3143 691 3199 biduum
717 3146 915 3216 accipit
949 3165 962 3200 :
998 3147 1143 3216 quod
1181 3148 1236 3201 in
1267 3162 1414 3202 anno
1454 3149 1574 3218 ipso
1612 3166 1780 3204 xxvm
1810 3166 2031 3208 cernere

465 3237 612 3292 licet.
630 3234 839 3307 Quippe
863 3237 1189 3293 antecedens
1207 3238 1382 3309 ipsum
1408 3254 1607 3306 annus,
1638 3242 1742 3297 hoc
1756 3251 1838 3298 est
1861 3259 2027 3305 xxvn,

473 3336 713 3400 quatuor
734 3329 1000 3385 duntaxat
1032 3330 1231 3398 habet;
1268 3340 1325 3386 at
1366 3331 1457 3386 ille
1483 3342 1706 3405 propter
1730 3335 1835 3390 diei
1868 3336 2030 3392 unius

467 3421 836 3477 accessionem
862 3437 959 3476 sex
996 3422 1097 3478 sibi
1128 3422 1386 3479 vindicat.
1410 3422 1566 3480 Unde
1599 3441 1774 3496 neque
1802 3427 1857 3480 in
1879 3442 2029 3482 eam-

465 3512 588 3566 dem
628 3512 819 3568 fei’iam
850 3528 1031 3583 annus
1076 3515 1169 3570 ille
1201 3531 1351 3570 xxvn
1383 3516 1579 3582 desiit,
1621 3533 1651 3573 a
1678 3534 1786 3588 qua
1816 3519 2029 3574 initium

466 3603 677 3659 habuit.
702 3603 835 3658 Nam
865 3604 910 3659 si
939 3605 1055 3661 dies
1082 3613 1294 3661 tantum
1320 3609 1540 3665 haberet
1561 3624 1779 3673 cccnxv,
1799 3611 1853 3665 in
1882 3625 2033 3666 eam-

466 3696 589 3752 dem
620 3695 915 3766 desineret,
948 3714 978 3752 a
1009 3715 1117 3770 qua
1159 3709 1403 3772 coeperat
1439 3723 1451 3757 :
1486 3704 1633 3757 velut
1680 3719 1711 3757 a
1755 3704 2031 3759 Dominica

467 3788 524 3842 in
556 3785 917 3854 Dominicam,
976 3801 1069 3847 aut
1106 3809 1135 3846 a
1161 3795 1400 3849 secunda
1449 3794 1584 3850 feria
1628 3798 1680 3849 in
1713 3796 2029 3852 secundam.

469 3878 577 3936 Sed
615 3884 871 3952 quoniam
890 3884 1083 3940 diebus
1113 3888 1742 3952 constatcccn.xv1,-ideo
1767 3889 1820 3943 in
1852 3898 2032 3959 poste-

468 3974 665 4027 riorem
700 3989 784 4039 ea,
826 3974 972 4029 unde
1017 3976 1204 4045 coepit,
1235 3975 1430 4031 feriam
1486 3976 1706 4033 desinit.
1739 3976 1851 4032 Hoc
1878 3985 1961 4032 cst
2000 3992 2029 4031 a

473 4062 749 4120 Dominica
781 4065 836 4118 in
877 4064 1068 4119 feriam
1121 4068 1437 4131 secundam,
1467 4070 1549 4123 vel
1583 4069 1651 4123 ab
1695 4069 1797 4123 hac
1827 4069 1881 4122 in
1927 4079 2033 4123 ler-

469 4157 630 4223 tiam,
666 4165 720 4212 et
764 4159 837 4213 ita
872 4158 1149 4230 deinceps.
1195 4159 1278 4216 0|)
1327 4163 1468 4216 hanc
1527 4177 1747 4216 causam
1787 4163 2033 4219 tenendae

468 4256 598 4303 sunt
620 4250 751 4305 solis
771 4259 998 4321 epactae,
1023 4260 1076 4307 et
1109 4254 1233 4320 hoc,
1264 4269 1375 4323 quo
1400 4253 1603 4309 dictum
1626 4262 1731 4321 est,
1765 4256 1925 4311 modo
1941 4273 2035 4326 pu-

346 4340 361 4349 ’
470 4339 664 4395 tandaa.
704 4339 993 4408 Nimirum,
1025 4349 1084 4397 ut
1132 4344 1314 4398 denuo
1353 4355 1665 4414 repetamus
1707 4346 1871 4409 idem,
1906 4349 2033 4402 toti-
2063 4382 2108 4436 Β

468 4433 591 4487 dem
621 4432 760 4495 dies,
792 4443 993 4503 quotus
1033 4443 1352 4490 numeratur
1390 4452 1567 4493 annus
1598 4438 1829 4507 quilibet
1862 4440 2029 4506 solis,

470 4539 578 4579 una
608 4525 789 4580 minus
805 4525 1148 4580 assumendae
1175 4535 1335 4595 sunt;
1364 4528 1558 4583 deinde
1587 4529 1741 4600 181
1761 4531 2033 4601 quadran-

467 4624 552 4672 tes
586 4617 799 4686 integro
823 4633 1049 4673 numero
1088 4619 1208 4674 sine
1260 4618 1602 4675 detractione
1645 4632 2026 4693 congruentes.

470 4707 693 4763 Summa
708 4723 804 4779 per
824 4724 898 4763 vn
935 4709 1224 4764 dividenda
1261 4730 1274 4765 :
1316 4710 1461 4780 quod
1503 4714 1769 4783 reliquum
1798 4723 1904 4782 est,
1934 4716 2033 4772 da-

468 4800 549 4856 bit
574 4811 792 4870 epaetas
840 4802 967 4855 anni
1006 4801 1154 4857 illius
1182 4819 1344 4873 quem
1373 4805 1689 4874 quaerimus.
1717 4805 1887 4863 Porro
1928 4824 2030 4865 nu-

466 4908 681 4948 merum
713 4891 921 4947 dierum
953 4894 1112 4949 annis
1165 4910 1350 4965 parem
1392 4911 1499 4951 una
1528 4897 1617 4954 die
1674 4900 2027 4956 minuendum

467 4984 855 5057 praecepimus,
887 4987 1145 5056 quoniam
1178 4987 1388 5057 primus
1428 5004 1603 5045 annus
1636 4992 1818 5047 nullas
1868 4992 2032 5047 habet

469 5065 738 5146 ascriptas
758 5085 1000 5147 epactas,
1050 5078 1195 5147 quod
1230 5095 1261 5132 a
1292 5079 1467 5149 prima
1497 5079 1632 5136 feria
1677 5082 1780 5137 hoc
1807 5091 1893 5138 est
1922 5082 2031 5139 Do-

467 5168 668 5224 minica
709 5167 1015 5224 definiatur.
1067 5168 1345 5239 Siquidem
1396 5187 1575 5228 annus
1613 5175 1792 5229 omnis
1835 5189 1864 5228 a
1925 5173 2031 5230 Do-

464 5261 671 5316 minica
695 5261 985 5333 incipiens,
1021 5271 1079 5315 ut
1120 5277 1286 5333 supra
1327 5264 1531 5318 dictum
1561 5275 1663 5328 est,
1693 5266 1898 5320 nullam
1932 5281 2030 5337 pe-

467 5353 617 5408 nitus
655 5362 900 5424 epactam
927 5354 1123 5419 habet,
1160 5356 1265 5409 nisi
1289 5356 1335 5411 si
1379 5372 1500 5425 quae
1527 5366 1654 5411 sunt
1704 5357 2027 5428 fragmenta,

466 5446 614 5500 velut
652 5447 930 5518 quadrans
953 5488 968 5512 ,
1002 5456 1096 5502 aut
1141 5449 1461 5515 dimidium,
1501 5458 1595 5504 aut
1633 5451 1842 5506 dimidii
1893 5467 2028 5522 qua-

469 5536 656 5603 drans,
692 5555 809 5610 qua:
826 5539 894 5593 ad
925 5540 1369 5596 hebdomadicam
1391 5541 1577 5596 feriam
1596 5541 2024 5614 investigandum

537 5693 582 5723 ”
618 5693 685 5746 Id
715 5706 788 5749 est
822 5696 843 5749 ι
893 5697 1011 5754 1/4.
1086 5699 1126 5729 ⁸¹
1159 5697 1199 5757 f.
1232 5696 1530 5758 ἐπίκτησιν.
1624 5699 1668 5732 ⁸¹
1707 5699 1744 5756 f.
1780 5697 2032 5761 οὐδεμίαν
2072 5699 2232 5753 ἔπακ.

2129 3150 2428 3222 ὲπαύξησις
2456 3152 2691 3221 γίνεται,
2719 3153 2812 3207 δύο
2844 3154 3058 3226 ἡμέρας
3096 3154 3217 3208 ἀντὶ
3259 3155 3386 3225 μιᾶς
3420 3152 3711 3224 προσλαμ-

2131 3243 2382 3308 ϐάνοντος
2401 3261 2413 3275 ·
2446 3244 2522 3309 ὡς
2547 3245 2696 3300 ἔστιν
2739 3247 2867 3300 ἰδεῖν
2903 3247 2989 3299 ἐπ’
3015 3244 3181 3300 αὑτοῦ
3210 3244 3305 3299 τοῦ
3339 3244 3707 3319 προκειμένου

2130 3344 2236 3404 κη’.
2271 3336 2554 3408 Τέσσαρας
2590 3337 2701 3409 γὰρ
2728 3337 2943 3408 ἔχοντος
2968 3336 3065 3391 τοῦ
3103 3336 3210 3408 πρὸ
3240 3336 3425 3401 αὑτοῦ,
3458 3336 3709 3392 τουτέστι

2129 3425 2222 3480 τοῦ
2246 3425 2344 3492 κζ’,
2373 3427 2431 3494 ἓξ
2458 3427 2618 3482 τοῦτο
2643 3428 2731 3484 διὰ
2759 3430 2858 3501 τὴν
2880 3429 3066 3483 ἐκτῶν
3092 3429 3363 3501 τετάρτων
3402 3428 3710 3501 ἀθροισθεῖ-

2133 3534 2228 3571 σαν
2253 3521 2286 3590 ἡ
2295 3519 2360 3590 μέ
2371 3537 2466 3591 ραν
2490 3522 2775 3592 ἐκτήσατο.
2808 3521 2966 3577 Ὅθεν
2997 3521 3116 3575 οὐδὲ
3139 3521 3218 3585 εἰς
3247 3522 3345 3593 τὴν
3372 3521 3546 3592 αὐτὴν
3569 3522 3709 3593 ἡμέ-

2131 3624 2252 3679 ραν,
2283 3607 2341 3675 te
2377 3603 2444 3680 ἦς
2492 3610 2794 3682 ἀπὴρξατο,
2840 3611 2933 3665 καὶ
2979 3609 3243 3682 κατέληξε
3282 3611 3344 3665 τὸ
3386 3609 3582 3682 λεχθὲν
3626 3611 3709 3676 κζ’

2131 3697 2266 3761 ἔτος.
2324 3699 2537 3771 Ἐπειδὴ
2567 3700 2657 3754 διὰ
2704 3703 2801 3773 μὲν
2843 3702 2953 3756 τῶν
2977 3702 3081 3767 τξε¹
3109 3704 3189 3766 εἰς
3219 3702 3316 3774 τὴν
3347 3700 3408 3768 ἐξ
3431 3698 3505 3777 ἦς
3528 3706 3709 3777 ἀπήρ-

2133 3787 2259 3854 ξατο
2288 3790 2582 3861 καταλήγει
2610 3794 2824 3858 πάντως
2843 3810 2856 3824 ο
2895 3788 3005 3847 οἷον
3035 3794 3142 3847 ἀπὸ
3173 3794 3461 3866 Κυριακῆς
3484 3798 3571 3862 εἰς
3597 3796 3709 3850 Κυ-

2132 3877 2355 3949 ριακὴν,
2386 3879 2420 3950 ἡ
2450 3879 2706 3953 δευτέρας
2732 3884 2812 3946 εἰς
2830 3882 3113 3954 δευτέραν.
3146 3881 3244 3936 Διὰ
3263 3882 3321 3937 δὲ
3339 3883 3451 3938 τῶν
3475 3885 3604 3951 τξς¹
3629 3887 3711 3948 εἰς

2129 3967 2228 4040 τὴν
2282 3969 2420 4039 μετὰ
2455 3970 2551 4041 τὴν
2599 3972 2691 4041 ἀφ’
2729 3968 2798 4044 ἦς
2831 3973 3042 4044 ἡμέραν
3082 3973 3393 4045 ἀπὴρξατο’
3422 3976 3708 4029 τουτέστιν

2131 4061 2240 4115 ἀπὸ
2268 4062 2551 4135 Κυριακῆς
2567 4066 2645 4129 είς
2669 4065 3000 4138 δευτέραν,ἢ
3029 4067 3136 4120 ἀπὸ
3160 4067 3362 4138 ταύτης
3383 4069 3463 4132 εἰς
3493 4068 3706 4139 τρίτην·

2132 4153 2228 4207 καὶ
2272 4151 2398 4225 ἑξῆς
2442 4155 2661 4225 ὁμοίως.
2692 4155 2791 4209 Διὰ
2835 4155 3009 4210 ταῦτα
3038 4173 3121 4209 τοι
3163 4158 3429 4229 προσήκει
3456 4156 3711 4212 ποιεῖσθαι

2131 4243 2225 4298 τοῦ
2283 4244 2432 4316 ἡλίου
2488 4247 2740 4301 ὲπακτῶν
2794 4246 2893 4318 τὴν
2941 4249 3347 4320 παρατήρησιν,
3379 4250 3475 4303 καὶ
3501 4248 3707 4313 ταύτας

2133 4335 2386 4409 ψηφίζειν
2405 4338 2546 4393 κατὰ
2565 4339 2656 4392 τὸν
2672 4338 3057 4410 ἀποδειχθέντα
3085 4339 3284 4412 τρόπον
3298 4355 3313 4371 ο
3345 4335 3478 4404 οἷον,
3497 4340 3587 4394 ἴνα
3613 4340 3705 4395 καὶ

2137 4429 2298 4484 πάλιν
2330 4429 2593 4501 εἴπωμεν,
2623 4430 2722 4494 τὰς
2744 4431 3057 4504 ἰσαρίθμους
3090 4429 3253 4484 αὑτοῦ
3284 4429 3377 4483 τοῦ
3418 4430 3707 4502 ἐνισταμέσ

2132 4540 2222 4577 νου
2267 4522 2493 4595 ἡλιακοῦ
2536 4523 2708 4587 ἔτους,
2751 4518 2863 4577 οἷον
2908 4523 2952 4577 δ’
2984 4522 3049 4577 ἂν
3088 4524 3175 4595 εἴη
3210 4523 3274 4576 τὸ
3312 4521 3701 4594 ψηφιζόμενον,

2133 4616 2430 4689 λαμόἁνειν
2460 4615 2674 4687 ἡμέρας
2704 4615 2856 4688 παρὰ
2890 4615 3059 4687 μόνην
3097 4616 3225 4687 μίαν
3251 4615 3488 4687 ἡμέραν.
3519 4616 3614 4670 καὶ
3638 4616 3704 4669 τὰ

2136 4709 2398 4783 ἰσάριθμα
2416 4709 2651 4778 τέταρτα
2671 4710 2798 4782 παρ’
2823 4708 2945 4762 οὐδὲ
2969 4708 3027 4762 ἓν
3053 4709 3333 4780 τέταρτον,
3346 4709 3440 4761 καὶ
3464 4707 3705 4780 μερίζειν

2130 4803 2210 4867 εἰς
2235 4801 2324 4856 τὸν
2354 4799 2398 4866 ζ’
2418 4816 2433 4831 ³
2465 4799 2678 4863 καὶτὰς
2697 4799 3020 4864 ὑπολοίπους
3044 4798 3287 4862 ὲπακτὰς
3308 4797 3428 4869 ἔχον
3456 4799 3704 4871 εὑρίσκε-

2130 4909 2220 4946 ται
2243 4889 2460 4954 πάντως
2479 4888 2611 4944 αὐτὸ
2631 4889 2693 4942 τὸ
2719 4890 2797 4953 εἰς
2824 4890 2921 4960 τὴν
2949 4888 3174 4961 ζήτησιν
3206 4891 3338 4961 ἡμῖν
3360 4890 3700 4961 παρακείμε-

2130 5003 2220 5041 νον
2253 4984 2389 5049 ἔτος.
2415 4983 2526 5047 Τὰς
2562 4981 2880 5055 ἰσαρίθμους
2903 4981 2961 5036 δὲ
2992 4981 3086 5035 τοῦ
3119 4981 3272 5046 ἔτους
3309 4982 3524 5053 ἡμέρας
3557 4983 3702 5052 παρὰ

2135 5079 2262 5150 μίαν
2290 5077 2503 5149 ἡμέραν
2529 5077 2704 5129 ποιεῖν
2735 5076 2982 5146 εἴπομεν,
3013 5073 3199 5144 ἐπειδὴ
3227 5073 3289 5128 τὸ
3328 5073 3547 5145 πρῶτον
3588 5074 3701 5137 ἔτος

2132 5170 2389 5241 τέταρτον
2425 5171 2507 5233 είς
2537 5167 2836 5240 ὲπακτὴν³³
2863 5166 2984 5238 ἔχον
3013 5167 3489 5239 καταγέγραπται,
3530 5166 3620 5220 διὰ
3643 5166 3700 5218 τὸ

2131 5262 2240 5316 ἀπὸ
2273 5260 2492 5334 πρώτης
2514 5301 2529 5326 ,
2558 5261 2724 5331 ἡγουν
2764 5259 2923 5327 ἁγίας
2950 5259 3232 5330 Κυριακῆς
3264 5257 3396 5311 αὐτὸ
3422 5257 3695 5322 κανονίζε-

2133 5352 2273 5407 σθαι.
2316 5354 2431 5407 Πᾶν
2475 5352 2583 5424 γὰρ
2636 5350 2754 5415 ἔτος
2781 5350 2889 5405 ἀπὸ
2925 5352 3210 5423 Κυριακῆς
3254 5350 3579 5421 ἀρχόμενον,
3624 5346 3694 5408 ὡς

2129 5444 2384 5517 ἀνωτέρω
2431 5444 2702 5510 λέλεκται,
2750 5443 2871 5496 οὐδὲ
2922 5443 3049 5515 μίαν
3098 5442 3342 5515 έπακτὴν
3373 5444 3435 5497 τὸ
3482 5441 3691 5496 σύνολον

2131 5538 2415 5609 κέκτηται,
2450 5536 2587 5607 πλὴν
2628 5536 2760 5599 ῐσως
2813 5536 3193 5609 ποστημορίων
3227 5535 3408 5602 τινῶν,
3447 5530 3560 5589 οἷον
3603 5549 3687 5585 τε-

3704 5688 3722 5741 λ
