3950 6266
263 365 399 422 1⁸249

1047 369 1103 424 S.
1144 368 1395 424 MAXIM!
1436 367 1798 424 MARTYRIS
1833 367 2212 429 COMPUTUS
2235 367 2694 437 ‘ECCLESIAST.

3375 371 3509 428 1250

264 483 487 553 τάρτουο
520 484 552 556 ἡ
591 483 836 556 ἡμίσεος,
869 485 902 556 ἡ
935 487 1156 558 ἡμίσεος
1183 489 1464 559 τετάρτου’
1497 489 1639 561 ᾇπερ
1671 489 1829 543 οὐδα-

1937 489 2067 543 nibil
2086 489 2244 559 plane
2259 487 2570 549 conferunt.
2590 488 2763 543 donec
2779 495 2900 560 post
2926 488 3101 543 an'nos
3116 485 3509 556 quatuorLdiem

264 573 381 642 μῶς
407 575 750 629 συντελοῦσιν
785 579 864 640 είς
902 577 1258 649 ἑϐδομαδικῆς
1288 580 1500 652 ἡμέρας
1537 579 1832 652 ἐξεύρεσιν,

261 665 364 729 έως
387 665 453 719 ἂν
473 666 560 747 διὰ
584 667 682 738 τῆς
700 671 1109 741 τετραετηρίδος
1127 670 1340 743 ἡμέραν
1361 671 1489 742 μίαν
1514 673 1831 742 ποιήσωσιν.

262 773 395 839 Πῶς
421 775 620 844 ἄλλως
640 777 744 849 τάς
765 796 828 832 τε
853 778 958 832 τοῦ
983 781 1160 846 ἡλίου
1184 779 1410 848 καὶτῆς
1432 781 1694 849 σελήνης
1717 782 1838 834 ἐπι-

520 847 777 917 τηρῆσαι
808 849 1069 902 δυνατόν
1091 851 1262 903 ἐστιν
1284 847 1579 918 ἐπακτάς.
1651 847 1657 849 “
1826 914 1828 918 ,

329 936 455 991 AA'.
484 939 594 992 Καὶ
617 940 702 993 ἵνα
726 943 1004 1012 συντόμως
1034 944 1172 997 είπω
1203 945 1331 1016 περί
1349 960 1409 996 τε
1433 944 1540 996 τῶν
1563 942 1657 997 τοῦ
1681 943 1832 1015 ἡλίου

260 1032 352 1084 καὶ
391 1031 489 1103 τῆς
536 1033 764 1107 σελήνης
809 1037 1078 1103 ὲπακτῶν,
1113 1039 1207 1092 καὶ
1251 1039 1351 1109 τῆς
1399 1037 1605 1090 τούτων
1645 1036 1834 1108 ῥᾳδίας

259 1124 640 1194 καταλήψεως,
682 1129 715 1197 ἡ
755 1127 854 1197 μὲν
912 1128 1130 1200 σελήνη,
1175 1131 1340 1201 ἡγουν
1395 1129 1456 1182 τὸ
1489 1128 1609 1182 κατ’
1665 1128 1835 1198 αὐτὴν

260 1217 607 1287 ἐνιστάμενον
633 1217 772 1282 ἔτος,
789 1220 1056 1284 τοσαύτας
1082 1222 1324 1286 ὲπακτὰς
1349 1222 1461 1293 ἔχει
1489 1221 1704 1283 πάντως
1724 1221 1833 1278 ἀεὶ.

259 1305 389 1369 ὅσας
417 1307 630 1380 ἡμέρας
673 1309 982 1381 εὑρίσκεται
1013 1313 1322 1384 κεκτημένη
1361 1311 1504 1366 κατὰ
1540 1311 1640 1381 τὴν
1679 1325 1835 1380 τρια-

261 1397 399 1451 κάδα
428 1399 650 1471 πρώτην
674 1402 767 1454 τοῦ
786 1405 1030 1476 Μαρτίου
1061 1399 1224 1478 μηνός
1241 1423 1252 1432 ’
1273 1408 1300 1458 ὁ
1315 1405 1369 1458 δὲ
1392 1405 1561 1474 ἥλιος,
1580 1403 1745 1474 ἡγουν
1770 1400 1832 1454 τὸ

259 1490 608 1561 ἐνιστάμενον
631 1493 794 1547 αὑτοῦ
815 1495 954 1558 ἔτος,
985 1497 1303 1568 ἰσαρίθμους
1329 1495 1589 1564 κέκτηται
1616 1492 1831 1555 πάντως

258 1579 344 1632 ἀεὶ
386 1580 482 1644 τὰς
523 1583 729 1646 οἰκείας
773 1584 1018 1648 ὲπακτὰς
1048 1589 1111 1657 τῇ
1156 1585 1479 1656 ἑὸδομαδικῇ
1513 1582 1719 1654 ἡμέρᾳ,
1752 1583 1833 1644 είς

258 1671 324 1740 ἡν
353 1674 694 1744 καταντῆσαν
721 1676 781 1728 τὸ
813 1677 920 1748 πρὸ
961 1677 1125 1731 αὐτοῦ
1170 1679 1289 1741 ἔτος
1329 1675 1640 1747 ἐπεραιώθη
1690 1673 1832 1728 κατὰ

1941 596 2109 635 unum
2131 591 2531 637 cunsumment.

1939 783 2392 849 Quemadmodum
2429 783 2554 837 solis
2588 776 3045 906 etliunre'epactas
3094 783 3250 838 aliter
3282 785 3510 838 invenire

2660 864 2812 906 iceat.

2660 864 2812 906 iceat.

2007 943 2196 999 XXXI.
2233 944 2301 1000 Ut
2339 945 2406 1000 de
2440 945 2574 1000 solis
2601 932 2813 1014 cpactis
2840 952 2894 1000 et
2919 945 3079 1007 lunae,
3107 944 3284 1014 deque
3313 946 3506 999 harum

1935 1033 2081 1088 facili
2132 1036 2446 1092 inventione
2481 1037 2657 1092 dicam
2699 1037 2971 1103 breviter;
3009 1038 3157 1107 quod
3206 1038 3272 1089 ad
3321 1037 3509 1090 lunam

1935 1129 2164 1193 attinet,
2219 1129 2382 1199 hujus
2436 1145 2614 1184 annus
2673 1130 2900 1199 quilibet
2957 1129 3118 1183 datus
3170 1138 3247 1182 tot
3296 1143 3510 1198 semper

1934 1228 2156 1290 epactas
2188 1221 2388 1289 habet,
2444 1229 2577 1292 quot
2608 1222 2818 1276 dierum
2850 1229 2984 1276 mtas
3018 1221 3163 1274 illius
3194 1230 3277 1275 est
3328 1219 3506 1273 Martii

1934 1312 2023 1367 die
2053 1328 2202 1367 XXXI.
2235 1312 2327 1368 Sol
2359 1321 2564 1379 autem,
2594 1315 2708 1369 sive
2752 1329 2931 1368 annus
2963 1314 3082 1382 ejus
3115 1328 3368 1370 currens.
3401 1320 3509 1366 tot-

1930 1401 2074 1456 idem
2094 1403 2280 1474 utique
2309 1403 2468 1458 habet
2493 1412 2734 1474 epactas,
2770 1410 2938 1474 quota
2970 1402 3103 1456 feria
3131 1407 3236 1465 est,
3261 1403 3316 1454 in
3343 1413 3508 1469 quam

1931 1494 2262 1550 antecedens
2317 1510 2496 1550 annus
2549 1495 2712 1550 desiit
2752 1495 2927 1565 pridie
2981 1491 3208 1548 Kalend.
3265 1492 3505 1562 Apriles.

1934 1582 2059 1639 Haec
2106 1585 2176 1642 de
2227 1587 2435 1657 epactis
2495 1588 2670 1652 solis,
2717 1594 2772 1643 et
2805 1601 2994 1641 earum
3054 1584 3309 1640 methodo
3361 1583 3508 1638 dicta

1930 1676 2223 1732 sufﬁciant.

259 1767 356 1838 τὴν
387 1766 665 1838 λεχθεῖσαν
702 1770 971 1841 τριακάδα
1005 1769 1226 1843 πρώτην
1268 1769 1362 1823 τοῦ
1400 1769 1566 1823 αὑτοῦ
1587 1768 1832 1840 Μαρτίου
1863 1769 2050 1840 μηνός.
2079 1771 2264 1826 Ταῦτα
2311 1774 2406 1827 καὶ
2441 1774 2568 1845 περὶ
2603 1771 2855 1826 ὲπακτῶν
2904 1771 3052 1842 ἡλίου
3095 1771 3190 1824 καὶ
3239 1769 3339 1841 τῆς
3383 1769 3506 1822 τού-

258 1879 362 1945 των
385 1864 444 1916 εὑ
454 1861 672 1934 ρέσεως.

258 1979 395 2048 Περὶ
415 1977 523 2054 τῇς
550 1981 702 2054 κατὰ
722 1981 919 2052 σάρκα
940 1983 1042 2038 τοῦ
1061 1983 1332 2052 Σωτῆρος
1349 1984 1709 2054 γεννήσεως,
1734 1981 1830 2035 τοί

1942 1979 2019 2034 De
2065 1980 2340 2054 nativitate
2373 1979 2574 2054 Christi
2607 1978 2891 2034 secundum
2939 1996 3150 2034 carnem
3167 2020 3209 2054 ,__
3232 1982 3392 2049 deque
3420 1981 3509 2033 ba“

329 2067 389 2103 τε
414 2051 856 2124 βαπτίσματος,
900 2054 1000 2107 καὶ
1021 2057 1127 2108 τοῦ
1144 2051 1401 2124 πάθους,
1426 2051 1574 2121 ποίῳ
1597 2054 1836 2124 γεγόνα-

323 2136 428 2200 σιν
459 2122 639 2200 ἠξίου
669 2123 778 2200 ,θεαὶ
809 2125 1080 2192 σελήνης
1131 2123 1269 2190 ἔτει,
1316 2126 1414 2178 καὶ
1460 2122 1613 2192 ποίει
1643 2122 1834 2194 ἡμέρᾳ

327 2191 431 2258 τῆς
465 2191 808 2261 ἑϐδομάδος.

325 2282 448 2336 ΛΒ’.
473 2283 688 2338 Τούτων
714 2285 886 2350 οὕτως
908 2287 1234 2358 εἰρημένων,
1258 2286 1368 2341 τῶν
1390 2285 1832 2356 ἀναγκαιοτάτων

256 2376 401 2430 ἐστὶν
427 2378 866 2449 ἐπισημήνασθαι
911 2383 1004 2434 καὶ
1036 2381 1097 2434 τὸ
1126 2381 1224 2452 τῆς
1259 2379 1646 2451 κοσμογενείας
1691 2378 1828 2441 ἔτος,

255 2471 314 2523 ὲν
345 2463 390 2538 ᾧ
414 2471 512 2541 τὴν
540 2471 908 2543 ὑπερκόσμιον
937 2474 995 2526 ὲν
1028 2473 1217 2544 κόσμῳ
1241 2473 1532 2543 πεποίηται
1558 2472 1830 2543 σάρκωσιν

255 2564 321 2616 ὲκ
351 2564 451 2632 τῆς
490 2563 652 2631 ἁγίας
681 2563 944 2618 Θεοτόκου
974 2566 1068 2618 καὶ
1100 2565 1190 2620 ἀεὶ
1241 2565 1518 2636 Παρθένου
1559 2564 1776 2635 Μαρίας
1802 2565 1830 2616 ὁ

259 2654 462 2728 Κύριος
486 2655 642 2727 ἡμῶν
675 2657 772 2710 καὶ
812 2657 942 2722 Θεὸς
987 2658 1192 2729 Ἰησοῦς
1226 2659 1480 2732 Χριστός.
1514 2656 1620 2712 Ἦν
1646 2654 1737 2712 οὖν
1770 2657 1830 2711 τὸ

255 2745 552 2815 τηνικαῦτα
581 2747 714 2816 ,εφα’
745 2747 884 2812 ἔτος,
918 2749 1060 2803 κατὰ
1081 2751 1176 2821 τὴν
1213 2752 1272 2803 ὲν
1297 2751 1501 2814 δέλτοις
1520 2751 1685 2821 ἱεροῖς
1708 2751 1832 2804 ἁνα-

255 2835 492 2907 γραφὴν,
533 2836 641 2890 τῶν
687 2837 794 2890 ἀπὸ
845 2838 1015 2909 Ἀδὰμ
1061 2839 1476 2911 ἀριθμουμένων
1525 2839 1680 2893 ἑτῶν.
1741 2840 1829 2892 Ἐν

254 2927 428 2996 τούτῳ
461 2926 567 2996 γὰρ
596 2929 624 2980 ὅ
651 2945 709 2980 τε
743 2929 1140 2999 εύαγγελισμὸς
1173 2931 1364 2998 γέγονε
1400 2930 1500 3000 τῆς
1526 2929 1826 3000 Παρθένου,

255 3020 348 3072 καὶ
385 3021 419 3090 ἡ
449 3018 506 3085 ἐξ
535 3020 704 3091 αὐτῆς
734 3020 898 3073 αὑτοῦ
927 3020 1160 3093 ἄφθορος
1193 3023 1286 3075 καὶ
1318 3023 1625 3090 πανάγαθος
1649 3021 1830 3092 γέννη-

256 3127 359 3174 σις.
397 3112 554 3174 Ἔτος
586 3112 642 3164 δὲ
661 3108 727 3183 ἦν
760 3112 908 3182 ἡλίου
940 3113 1000 3166 τὸ
1024 3111 1113 3182 ιγ’,
1149 3113 1376 3185 σελήνης
1405 3113 1466 3166 τὸ
1492 3120 1542 3178 ι’,
1572 3114 1754 3186 ἡμέρα
1773 3112 1829 3166 δὲ

255 3201 354 3272 τῆς
383 3201 672 3273 ἑϐδομάδος
701 3203 792 3256 τοῦ
827 3204 923 3274 μὲν
951 3205 1348 3276 εὐαγγελισμοῦ
1383 3203 1426 3275 β’
1447 3222 1460 3234 ο
1485 3205 1584 3275 τῆς
1616 3205 1670 3258 δὲ
1703 3222 1829 3273 γενέ

254 3295 459 3363 νήσεως
487 3294 546 3345 δ’.
571 3293 724 3347 Οὖτω
747 3294 802 3347 δὲ
832 3297 925 3347 καὶ
944 3295 1004 3348 τὸ
1033 3296 1332 3366 πάμφωτον
1357 3295 1521 3348 αὑτοῦ
1553 3296 1645 3349 καὶ
1668 3295 1832 3366 ὑπέρο

254 3402 430 3454 φωτον
470 3384 750 3456 βάπτισμα
787 3384 864 3455 τῷ
893 3387 1020 3454 ,εφλ’
1048 3387 1290 3454 γέγονεν.
1327 3388 1484 3450 Ἔτος
1511 3386 1566 3438 δὲ
1588 3383 1655 3458 ἦν
1676 3386 1826 3458 ἡλίου

258 3478 355 3547 μὲν
388 3477 467 3538 ιδ’,
500 3478 728 3548 σελήνης
762 3477 818 3529 δὲ
847 3477 909 3530 τὸ
925 3483 995 3541 α’,
1023 3478 1204 3549 ἡμέρα
1233 3479 1290 3531 δὲ
1314 3479 1414 3548 τῆς
1443 3477 1734 3549 ἑϐδομάδος
1755 3476 1824 3545 γ’.

255 3567 421 3622 Πάλιν
445 3567 501 3621 δὲ
532 3569 592 3621 τὸ
618 3570 882 3640 σωτήριον
911 3568 1075 3621 αὐτοῦ
1109 3569 1298 3632 πάθος,
1335 3569 1500 3639 ἡγουν
1527 3571 1558 3639 ή
1584 3568 1827 3640 σταύρω-

255 3679 360 3725 σις,
387 3659 494 3714 τῶν
521 3661 567 3692 ⁸³
596 3661 774 3728 ,εφλδ’.
807 3661 967 3724 Ἔτος
992 3660 1048 3711 δὲ
1079 3657 1146 3731 ἦν
1178 3659 1328 3731 ἡλίου
1356 3661 1452 3730 μὲν
1483 3667 1574 3730 ιη’,
1599 3659 1828 3730 σελήνης

253 3754 309 3806 δὲ
343 3759 404 3816 ε’,
446 3751 626 3824 ἡμέρα
661 3752 717 3804 δὲ
746 3751 1024 3823 προδήλως
1058 3752 1386 3823 Παρασκευή
1409 3769 1422 3782 ο
1465 3751 1540 3814 ὡς
1579 3749 1718 3803 εἶναι
1760 3749 1828 3803 τὰ

251 3844 362 3899 ἀπὸ
385 3845 485 3916 τῆς
512 3845 972 3916 ὲνανθρωπὴσεως
998 3844 1160 3898 αὐτοῦ
1190 3845 1350 3915 μέχρι
1373 3844 1473 3914 τῆς
1506 3843 1599 3896 νῦν
1621 3846 1828 3896 ἐνιστα-

256 3934 422 4004 μένης
481 3933 828 4002 ίνδικτιῶνος,
885 3934 1036 3998 ἔτους
1087 3933 1167 3987 λα’
1199 3934 1298 4000 τῆς
1337 3933 1606 4003 βασιλείας
1657 3935 1826 3997 Ἡρα-

253 4026 433 4078 κλείου
465 4023 558 4078 τοῦ
597 4027 987 4080 εὐσεϐεστάτου
1031 4025 1188 4097 ἡμῶν
1221 4025 1500 4096 βασιλέως,
1543 4027 1636 4096 ἐτη
1688 4027 1824 4098 χλγ’.

254 4117 336 4169 Τὰ
352 4117 406 4169 δὲ
429 4117 536 4170 ἀπὸ
557 4116 651 4170 τοῦ
674 4119 940 4188 σωτηρίου
969 4117 1339 4189 βαπτίσματος
1360 4119 1452 4172 καὶ¹
1481 4118 1572 4172 τοῦ
1599 4118 1823 4184 πάθους,

252 4208 388 4278 δῆλα
425 4209 587 4264 πάλιν
625 4211 690 4264 ὲκ
725 4210 928 4264 τούτων
966 4208 1322 4282 καθέστηκεν,
1351 4211 1426 4275 ὡς
1455 4211 1524 4265 τὰ
1565 4211 1666 4282 μέν
1689 4213 1826 4265 εἰσιν
1864 4223 1868 4228 ”

253 4301 348 4373 κδ’,
381 4301 450 4355 τὰ
477 4301 534 4355 δὲ
563 4310 666 4374 χαθ.

253 4416 357 4470 Διὰ
378 4416 436 4470 τί
482 4415 742 4487 διαφόρῳ
781 4417 861 4484 τῷ
906 4417 1015 4486 τῆς
1061 4417 1426 4483 ίνὸικτιῶνος
1463 4418 1580 4472 ἔτει
1620 4419 1686 4473 τὸ
1714 4417 1826 4487 τῆς

325 4486 663 4556 γεννήσεως
703 4488 808 4542 τοῦ
851 4491 1071 4556 Κυρίου
1110 4487 1472 4548 κανονίζεται
1511 4490 1678 4556 ἔτος·
1724 4486 1822 4543 καὶ

327 4555 449 4623 πῶς
475 4561 513 4626 ἠ
540 4557 859 4622 ίνδικτιὼν,
891 4555 986 4612 καὶ
1016 4560 1200 4614 πόθεν
1221 4557 1553 4628 ψηφίζεται.

324 4649 444 4704 Al".
481 4649 593 4719 Ἐφ’
629 4650 856 4703 ἑκάστου
898 4649 956 4703 δὲ
993 4651 1196 4705 τούτων
1237 4650 1334 4722 τὴν
1386 4651 1727 4723 ἐπινέμησιν,
1756 4652 1822 4724 ἢν
1855 4688 1902 4745 D

257 4736 562 4790 ίνδικτιῶνα
601 4739 652 4790 οἱ
715 4739 976 4809 Ῥωμαῖοι
1023 4738 1519 4812 προσαγορεύουσι,
1569 4741 1822 4814 διάφορον

252 4823 418 4882 οὖσαν
445 4827 765 4900 εὑρίσκομεν
782 4847 795 4859 ·
825 4830 899 4892 ὼς
920 4831 1198 4900 διαφώνως
1222 4831 1426 4904 ταύτης
1448 4829 1824 4904 ψηφιζομένης

251 4919 317 4972 ἐκ
353 4937 412 4972 τε
438 4919 545 4973 τῶν
576 4921 682 4973 ἀπὸ
724 4921 894 4993 Ἀδὰμ
942 4922 1077 4976 ὲτῶν
1103 4925 1196 4977 καὶ
1235 4923 1342 4978 τῶν
1380 4926 1472 4995 ἀφ’
1508 4919 1568 4977 οὗ
1601 4926 1823 4995 γέγονεν

252 5010 412 5082 αὕτη.
455 5009 650 5079 Γέγονε
682 5013 738 5066 δὲ
779 5012 921 5066 κατὰ
955 5015 1083 5077 τοὺς
1125 5015 1673 5088 ίστοριογραφοῢντας
1714 5017 1822 5070 ἀπὸ

252 5101 558 5170 Αὐγούστου
585 5103 877 5174 Καίσαρος,
907 5103 983 5175 τῷ
1012 5104 1246 5176 δευτέρῳ
1274 5106 1384 5159 ἔτει
1416 5107 1516 5177 τῆς
1547 5107 1822 5176 βασιλείας

250 5193 438 5249 αὑτοῦ.
474 5194 608 5248 Τότε
631 5195 688 5248 δὲ
713 5191 781 5266 ἦν
816 5196 916 5267 τῆς
947 5198 1332 5269 κοσμογενείας
1363 5197 1423 5251 τὸ
1453 5199 1574 5263 ,ευξ
1593 5215 1607 5229 ·
1652 5199 1816 5271 ἅπερ,

251 5289 333 5350 είς
363 5285 453 5339 τὸν
487 5292 549 5339 ιε’
579 5286 834 5358 λυόμενα,
874 5288 936 5342 τὸ
985 5289 1134 5354 τέλος
1169 5291 1268 5360 τῆς
1321 5290 1646 5354 ἱνδικτιῶνος
1685 5309 1823 5363 παρ-

252 5377 486 5447 ίστησιν,
505 5378 670 5449 ἡγουν
692 5381 824 5434 αὐτὸ
849 5387 906 5434 ιε’
925 5380 1070 5445 ἔτος·
1099 5383 1156 5434 ὲν
1175 5374 1218 5449 ᾧ
1236 5379 1436 5452 ταύτης
1461 5383 1664 5445 ἐκεῖνος
1680 5381 1820 5436 κατὰ

247 5465 312 5519 τὸ
340 5466 496 5533 δόξαν
541 5467 764 5540 θέμενος
789 5471 888 5544 τὴν
917 5471 1108 5543 ἀρχὴν,
1163 5471 1379 5544 πρῶτον
1414 5471 1476 5524 τὸ
1517 5471 1822 5526 τελευταῖον

249 5559 569 5631 πεποίηκεν.
615 5561 702 5624 Ὠς
739 5563 984 5617 ἐντεῦθεν
1017 5563 1074 5616 ἓν
1119 5562 1236 5629 ἔτος
1280 5563 1598 5636 προτρέχειν
1637 5564 1822 5618 λοιπὸν

249 5655 347 5724 τὴν
391 5654 500 5708 ἀπὸ
540 5654 794 5729 δευτέρου
846 5659 999 5723 ἔτους
1042 5657 1141 5730 τῆς
1188 5658 1461 5730 βασιλείας
1512 5660 1820 5729 Αὐγούστου

340 5770 385 5801 ⁸³
407 5769 446 5837 ι’.
483 5766 580 5838 τῷ.

2010 2052 2275 2120 ptismate,
2305 2061 2353 2104 et
2410 2052 2655 2118 passione
2680 2092 2714 2120 ,ν
2743 2063 2900 2118 quoto
2937 2068 3075 2103 anno
3109 2051 3237 2104 solis
3272 2067 3334 2104 ac
3367 2056 3507 2105 (una

2003 2122 2333 2192 contigerint,
2354 2129 2403 2174 et
2435 2136 2665 2190 quanam
2696 2119 3036 2175 hebdomadis
3065 2121 3171 2174 die.

2005 2275 2217 2332 XXXII.
2279 2277 2375 2333 llis
2430 2278 2505 2332 ita
2555 2277 2892 2341 constitutis,
2930 2279 2984 2333 in
3024 2279 3216 2350 primis
3251 2295 3506 2335 necessa-

1933 2370 2071 2424 rium
2103 2377 2186 2425 est
2224 2385 2425 2423 annum
2464 2370 2612 2425 orhis
2645 2370 2849 2424 conditi
2895 2378 3138 2426 notatum
3181 2371 3415 2435 habere,
3450 2371 3506 2426 in

1931 2481 2040 2534 quo
2071 2463 2232 2518 Jesus
2266 2463 2518 2520 Christus
2551 2462 2728 2529 Deus,
2757 2479 2820 2518 ac
2855 2461 3118 2520 Dominus
3143 2472 3330 2520 noster
3357 2463 3504 2516 illam

1930 2557 2135 2611 mundo
2179 2555 2556 2610 sublimiorem
2598 2555 3031 2610 incarnationem
3085 2571 3114 2610 e
3154 2565 3345 2610 sancta
3381 2554 3503 2610 Dei-

1929 2666 2084 2720 para,
2117 2665 2442 2720 semperque
2476 2647 2702 2719 Virgine
2730 2648 2897 2702 Maria
2929 2649 3168 2719 suscepit
3199 2649 3253 2701 in
3277 2648 3501 2704 mundo.

1931 2743 2058 2798 Erat
2087 2751 2217 2798 tunc
2257 2745 2422 2814 igitur
2463 2759 2639 2800 annus
2691 2743 2877 2797 mundi
2911 2742 3046 2797 5501
3077 2785 3091 2808 ,
3142 2750 3202 2796 ut
3227 2758 3293 2798 ex
3327 2743 3505 2798 sacris

1931 2838 2124 2892 litteris
2158 2845 2408 2901 constat,
2451 2852 2747 2905 earumque
2793 2835 3198 2905 computatione
3233 2849 3500 2890 annorum

1929 2925 1996 2975 ab
2027 2922 2251 2977 Adamo.
2281 2922 2395 2977 Hoc
2429 2925 2577 2977 enim
2614 2938 2758 2977 anno
2801 2923 3145 2976 annuntiatio
3178 2922 3385 2994 Virgini
3423 2923 3504 2977 fa-

1931 3023 2016 3067 cla
2042 3025 2145 3076 est,
2180 3024 2234 3067 et
2260 3015 2576 3083 incorrupta
2610 3013 3112 3082 benignissimaque
3144 3014 3211 3068 de
3249 3014 3366 3081 ipsa
3404 3027 3506 3068 ηας-

1932 3107 2114 3161 tivitas
2144 3106 2364 3162 accidit.
2410 3107 2602 3160 Annus
2633 3117 2750 3161 erat
2787 3107 2918 3161 solis
2955 3121 3074 3167 xui,
3107 3107 3247 3160 lunae
3274 3122 3402 3162 vero
3445 3123 3501 3172 ι,

1930 3198 2047 3252 dies
2080 3198 2430 3253 hebdomadae
2461 3206 2703 3267 tempore
2742 3197 3095 3268 evangelismi
3140 3197 3273 3251 feria
3305 3213 3367 3260 ll,
3399 3212 3502 3252 na-

1933 3291 2159 3345 tivitatis
2195 3307 2267 3344 IV.
2323 3289 2416 3346 Sic
2473 3289 2995 3358 splendidissimus,
3055 3289 3166 3342 imo
3213 3289 3506 3358 splendore

1931 3382 2107 3449 major
2131 3382 2276 3434 omni
2310 3382 2613 3451 baptismus
2641 3381 2884 3450 ejusdem
2915 3377 3138 3450 contigit
3169 3395 3313 3433 anno
3337 3380 3500 3445 5550,

1932 3487 2077 3528 anno
2119 3476 2250 3529 solis
2281 3490 2405 3536 XIV,
2449 3476 2590 3530 lunae
2621 3493 2658 3542 ι,
2689 3474 2822 3529 feria
2860 3491 2940 3529 Ill.
2989 3474 3200 3528 Rursus
3245 3473 3506 3529 salutaris

1933 3566 2079 3620 illius
2099 3567 2303 3636 passio,
2323 3567 2436 3622 sive
2465 3568 2782 3627 crucilixio.
2811 3583 2955 3619 anno
2989 3566 3160 3631 5554,
3192 3581 3336 3620 anno
3367 3565 3502 3620 solis

1930 3670 2085 3722 xvm,
2127 3656 2266 3710 luna:
2317 3672 2371 3720 v,
2423 3656 2541 3726 ipso
2593 3657 2780 3726 utique
2831 3653 3164 3710 Parasccves
3199 3654 3307 3709 die.
3341 3653 3503 3708 Colli-

1899 3747 2133 3809 'guutur
2168 3739 2236 3794 ab
2264 3741 2641 3795 incarnatione
2673 3741 2845 3811 ipsius
2877 3756 3049 3810 usque
3083 3739 3149 3793 ad
3178 3751 3500 3809 praesentem

1932 3831 2282 3885 indictioaem
2319 3832 2449 3885 anni
2505 3847 2634 3885 χχιιι
2694 3832 2910 3901 imperii
2969 3831 3204 3886 lleraclii
3262 3831 3501 3900 piissimi

1931 3925 2105 3978 nostri
2142 3926 2506 3993 imperatoris,
2532 3924 2662 3978 anni
2700 3923 2825 3978 055.
2873 3923 2916 3976 Α
2967 3923 3193 3979 salutari
3233 3938 3362 3977 vero
3404 3922 3504 3976 ba-

1929 4018 2152 4088 ptismo,
2179 4025 2231 4072 et
2259 4017 2510 4087 passione
2531 4023 2664 4086 quot
2701 4016 2830 4070 anni
2871 4015 3008 4086 lapsi
3050 4018 3162 4070 sint
3184 4031 3251 4069 ex
3282 4016 3350 4068 iis
3381 4029 3498 4066 ma-

1931 4111 2190 4164 nifestum
2224 4117 2307 4164 est
2336 4108 2625 4171 omnibus,
2667 4107 2925 4161 nimirum
2958 4107 3026 4159 ab
3061 4105 3154 4159 illo
3182 4119 3357 4160 annos
3397 4102 3502 4157 ﬂu-

1929 4201 2078 4257 xisse
2110 4200 2238 4268 604,
2269 4200 2338 4254 ab
2368 4199 2470 4254 hac
2490 4199 2613 4252 601.

1929 4404 2038 4460 Cur
2070 4403 2276 4456 diverso
2309 4397 2610 4453 indictionis
2665 4412 2804 4449 anno
2858 4396 3153 4450 nativitatis
3206 4393 3500 4448 Dominicis

1998 4484 2215 4527 notatur
2273 4487 2470 4534 anuus,
2528 4476 2578 4521 et
2634 4467 2892 4538 quomodo
2945 4467 3162 4520 indictio
3193 4505 3208 4530 ,
3261 4475 3310 4519 et
3361 4467 3502 4520 unde

2121 4554 2224 4596 tur.

2121 4557 2224 4596 tur.

1995 4557 2233 4689 ξιηέῖιιιι.
2266 4633 2323 4687 In
2357 4633 2442 4688 his
2465 4630 2694 4701 singulis
2724 4627 2941 4683 diversa
2965 4627 3236 4697 reperitur
3269 4624 3502 4680 indictio

1927 4729 2029 4801 (sic
2055 4729 2200 4782 enim
2231 4742 2262 4780 a
2309 4723 2572 4779 Romanis
2619 4720 2889 4792 vocatur),
2936 4727 3196 4788 tanquam
3247 4734 3354 4774 nou
3387 4732 3500 4772 uno

1924 4822 2088 4878 modo
2119 4829 2433 4876 numeretur
2465 4817 2532 4870 ab
2560 4815 2720 4870 annis
2762 4813 2953 4868 Adami
2977 4853 2990 4875 ,
3040 4819 3094 4866 et
3124 4827 3189 4866 ex
3227 4827 3337 4881 quo
3383 4811 3498 4880 pri-

1926 4931 2074 4971 mum
2108 4913 2356 4968 instituta
2395 4915 2497 4965 est.
2547 4906 2678 4963 Orta
2725 4913 2810 4962 est
2837 4916 3015 4959 autem
3048 4943 3063 4968 ,
3130 4913 3192 4958 ut
3247 4903 3496 4958 historici

1925 5007 2320 5080 prodiderunt,
2376 5015 2520 5056 anno
2562 5000 2738 5070 primo
2783 4997 3013 5067 Augusti
3053 4995 3322 5059 Caesaris,
3375 4995 3498 5064 ejus

1924 5100 2137 5170 imperii
2182 5095 2454 5156 secundo,
2488 5094 2581 5162 qui
2623 5091 2723 5146 fuit
2765 5105 2942 5144 annus
2996 5089 3183 5142 mundi
3217 5087 3376 5142 5460.
3427 5086 3495 5142 Hi

1924 5209 2022 5264 per
2055 5192 2118 5246 15
2155 5189 2340 5250 divisi,
2368 5188 2616 5240 ultimum
2676 5181 2990 5236 indictionis
3033 5195 3273 5246 annum,
3324 5179 3377 5234 id
3411 5188 3498 5234 est

1923 5300 2124 5342 annum
2157 5283 2407 5354 quintum
2435 5277 2708 5333 decimum
2742 5275 3002 5330 exhibent
3033 5292 3047 5330 :
3096 5274 3150 5327 in
3195 5289 3304 5342 quo
3331 5272 3497 5341 huius

1923 5377 2139 5431 initium
2172 5373 2262 5427 ille
2295 5376 2542 5427 statuens
2576 5366 2826 5420 ultimum
2871 5379 2994 5419 esse
3035 5364 3268 5433 primum
3299 5361 3492 5417 voluit.
3516 5363 3531 5428 ξ

1924 5469 2001 5522 ita
2041 5468 2101 5522 ﬁt
2125 5473 2184 5521 ut
2213 5478 2324 5518 uno
2348 5475 2492 5514 anno
2519 5463 2818 5528 praecurrat
2839 5455 3085 5519 indictio,
3111 5469 3232 5523 quze
3261 5451 3328 5506 ab
3350 5465 3496 5505 anno

1928 5559 2156 5631 Augusti
2203 5553 2445 5612 secundo
2492 5557 2832 5611 numeratur,
2877 5562 3022 5609 eam.
3065 5561 3186 5616 quae
3231 5545 3301 5598 ab
3342 5543 3493 5597 orbis

1927 5652 2150 5709 exordio
2178 5646 2418 5710 ducitur,
2450 5641 2670 5713 quando
2703 5639 2832 5694 anni
2877 5637 3068 5692 Adami
3111 5652 3205 5707 per
3252 5652 3318 5691 xv
3354 5632 3494 5689 divi.
