3950 6266
460 356 588 412 I251

1475 343 1566 398 AD
1605 341 1875 399 EUSEBII
1910 344 2308 403 CHRONICON
2342 337 2711 397 APPENDIX.

3571 332 3712 389 ιῖῗίὶ

452 471 673 525 duntt'r.
704 464 940 520 Proinde
991 462 1092 517 fuit
1123 461 1351 516 iudictio
1387 475 1438 512 ιι
1487 457 1789 514 secundum
1835 460 2019 512 calcu-

2136 455 2495 528 qutCouéqu
2543 449 2862 511 ίνδικτιῶνα,
2911 451 3007 522 τῆς
3055 452 3162 505 ἀπὸ
3214 450 3440 515 κτίσεως
3494 449 3702 520 κόσμοι,

454 562 562 614 Ιιιιιι
596 559 763 614 istum
792 598 806 619 ,
851 573 994 610 anne
1027 569 1137 625 quo
1168 551 1465 608 secundum
1521 564 1740 604 carnem
1777 546 2026 602 Salvator

451 660 534 706 est
563 659 720 707 ortus
751 670 762 704 :
805 658 860 702 at
888 665 952 702 ex
988 648 1079 702 ille
1111 646 1325 699 calculo
1371 643 1471 696 fuit
1502 658 1600 702 xu,
1629 641 1886 710 quoniam
1920 655 2030 693 uno

453 742 744 797 antevertit
775 755 938 793 anno.
971 737 1062 792 Sic
1094 735 1504 791 sacratissimus
1545 732 1850 802 baptismus
1888 730 2030 784 indi-

452 834 687 887 ctionem
733 831 893 884 habet
932 847 966 883 x
998 840 1052 883 et
1103 843 1186 890 ιιι,
1238 836 1291 880 et
1337 824 1593 879 salutaris
1646 823 1827 892 passio
1858 839 1948 876 xxv
1976 831 2030 878 et

454 941 542 978 xv.
577 924 790 994 Quippe
831 937 977 974 anno
1027 919 1253 990 Augusti
1304 933 1435 971 mu
1489 916 1661 969 nostri
1715 915 1918 975 instar,
1967 921 2029 969 ut

454 1017 633 1080 homo,
669 1026 829 1068 natus
866 1013 910 1067 is
940 1021 1044 1076 est,
1071 1012 1162 1079 qui
1199 1017 1322 1062 ante
1363 1009 1560 1063 saecula
1594 1016 1850 1075 tanquam
1885 1006 2028 1060 Deus

453 1121 518 1160 ex
543 1105 703 1159 Patre
742 1113 902 1158 natus
935 1103 1131 1156 fuerat.
1163 1099 1398 1153 Proinde
1442 1099 1485 1152 si
1526 1113 1632 1152 XLII
1666 1113 1762 1166 per
1795 1114 1861 1151 xv
1890 1097 2030 1151 divi-

453 1200 557 1264 dis,
586 1213 764 1252 annus
815 1195 1052 1266 prodibit
1095 1193 1411 1248 iudictionis
1444 1209 1516 1245 ιιιι
1551 1210 1564 1245 :
1595 1207 1733 1260 quo,
1783 1199 1842 1244 ut
1883 1191 2027 1244 dixi-

452 1307 596 1354 mus,
620 1291 823 1345 Christi
852 1288 1050 1342 natalis
1082 1286 1293 1350 incidit,
1321 1285 1785 1356 quemadmodum
1828 1300 2028 1339 rursus

451 1385 584 1442 5601
626 1400 719 1454 per
761 1399 830 1437 xv
873 1381 1048 1434 divisa
1095 1379 1228 1432 dant
1263 1395 1336 1432 x1.
1365 1377 1548 1432 Potest
1574 1386 1754 1431 autem
1798 1384 2029 1446 utroque

452 1474 801 1546 computandi
856 1473 1018 1525 modo
1067 1485 1308 1540 praesens
1360 1469 1675 1522 iudictionis
1729 1482 1906 1522 annus
1936 1482 2030 1521 ea-

450 1570 571 1623 dem
610 1567 818 1620 ratione
851 1562 1206 1632 deprehendi.
1240 1562 1311 1616 Ut
1354 1562 1399 1612 si
1451 1575 1626 1613 annos
1662 1559 1855 1613 Adami
1905 1575 2029 1628 pro-

451 1669 568 1730 pter
607 1673 727 1712 eam
779 1671 1034 1722 causam,
1099 1669 1261 1724 quam
1314 1653 1595 1716 diximus,
1633 1666 1740 1704 uno
1797 1652 2029 1719 amplius

450 1760 762 1807 numeratos
800 1747 939 1802 6154
970 1788 984 1810 ,
1040 1761 1136 1817 per
1184 1746 1249 1799 15
1304 1745 1515 1798 dividas
1543 1783 1557 1806 ,
1589 1752 1680 1795 aut
1713 1743 1756 1797 si
1789 1757 1962 1796 annos
1997 1758 2028 1795 a

2128 545 2524 619 ψηφιζομένης,
2561 542 2701 597 κατὰ
2721 541 2816 613 τὴν
2845 542 2955 594 τῶν
2980 543 3086 594 ἀπὸ
3129 542 3288 613 uisa?
3325 543 3464 595 ἐτῶν
3496 545 3578 604 είς
3613 544 3704 596 τὸν

2133 646 2190 693 ιε’
2220 637 2515 708 γενομένην
2564 635 2837 689 ἀνάλυσιν.
2866 633 3024 686 Ὅθεν
3053 634 3191 687 κατὰ
3237 634 3440 704 ταύτην
3481 635 3582 704 μὲν
3614 636 3711 704 τὴν

2129 733 2307 803 ψῆφον
2342 731 2458 794 Ero;
2498 728 2825 791 ἰνδικτιῶνος
2864 734 2930 780 ια’
2955 723 3044 797 ἦν,
3089 731 3145 780 έν
3172 720 3215 794 ᾧ
3245 729 3465 795 γέγονεν
3503 729 3536 798 ἡ
3570 730 3712 780 κατά

2133 824 2310 895 σάρκα
2359 822 2452 875 τοῦ
2492 822 2741 892 Σωτῆρος
2777 820 3058 888 γέννησις·
3099 821 3217 874 κατ’
3262 820 3475 889 ἐκείνην
3523 820 3581 872 δὲ
3624 820 3708 888 ιβ’.

2129 915 2217 968 διὰ
2242 915 2300 968 τὸ
2329 914 2386 967 ἓν
2424 913 2825 984 προλαμϐάνειν
2859 912 2995 975 ἔτος.
3031 912 3186 966 Οὕτω
3218 913 3273 966 δὲ
3309 913 3488 966 καὶτὸ
3527 913 3713 965 navi:-

2135 1025 2224 1078 ρον
2252 1006 2529 1079 βάπτισμα
2561 1013 2592 1060 ι’
2622 1007 2714 1060 καὶ
2747 1012 2836 1069 ια’,
2884 1005 2978 1058 καὶ
3016 1006 3076 1058 τὸ
3125 1007 3390 1077 σωτήριον
3435 1005 3612 1068 πάθος
3654 1008 3713 1056 ιὰ

2130 1101 2222 1153 καὶ
2255 1107 2334 1153 ιε’.
2368 1100 2458 1170 Τῷ
2501 1101 2609 1170 γὰρ
2659 1107 2747 1170 μγ¹
2785 1099 2882 1168 τῆς
2928 1097 3204 1167 βασιλείας
3247 1097 3561 1166 Αὐγούστου
3616 1097 3714 1167 τὴν

2131 1192 2251 1246 καθ’
2283 1195 2428 1263 ἡμᾶς
2462 1193 2538 1255 ὼς
2579 1192 2862 1263 ἄνθρωπος
2911 1193 3199 1262 πεποίηται
3251 1192 3505 1262 γέννησιν
3543 1193 3574 1244 ὁ
3608 1190 3714 1260 πρὸ

2129 1285 2234 1338 τῶν
2265 1285 2475 1340 αἰώνων
2526 1290 2589 1340 ἐκ
2634 1287 2846 1358 Πατρδς
2878 1286 3156 1356 γεννηθεὶς
3185 1285 3259 1350 ὡς
3302 1285 3455 1349 Θεός.
3489 1286 3573 1338 Τὰ
3620 1280 3713 1338 οὖν

2133 1377 2220 1448 μβ¹
2245 1378 2575 1449 μεριζόμενα
2604 1379 2754 1450 παρὰ
2783 1378 2871 1429 τὴν
2894 1385 2974 1440 ιε’,
3014 1375 3077 1445 ιβ’
3111 1380 3208 1447 τῆς
3243 1377 3578 1440 ίνδικτιῶνος
3603 1375 3714 1430 ἔτει

2130 1470 2474 1540 γεγενῆσθαι,
2529 1469 2707 1533 καθὼς
2738 1469 2893 1539 ἔφην,
2945 1471 3181 1541 παριστᾷ
3218 1469 3310 1522 τοῦ
3359 1469 3571 1541 Κυρίου
3613 1471 3713 1540 τὴν

2129 1563 2411 1632 γέννησινυ
2447 1561 2635 1634 ὥσπερ
2663 1558 2754 1616 οὖν
2789 1565 2882 1616 καὶ
2906 1565 2964 1616 έν
2998 1569 3065 1616 ια’
3099 1562 3259 1616 πάλιν
3296 1561 3366 1614 τὰ
3393 1568 3530 1629 ,εφιί
3560 1579 3715 1634 μερι-

2132 1654 2332 1725 ζόμενα
2365 1658 2443 1718 εἰς
2486 1657 2577 1709 τὸν
2619 1657 2780 1709 αὑτὸν
2830 1656 3077 1728 ἀριθμόν.
3111 1657 3263 1707 Ἔστι
3306 1655 3362 1708 δὲ
3405 1655 3494 1707 διὰ
3529 1657 3714 1725 ἀμφοο

2130 1743 2301 1814 τέρων
2326 1745 2432 1797 τῶν
2465 1744 2661 1815 ψήφων
2701 1745 2794 1798 καὶ
2818 1744 2879 1797 τὸ
2907 1744 3000 1799 νῦν
3047 1743 3390 1812 ἐνιστάμενον
3435 1742 3538 1812 τῆς
3589 1741 3712 1795 ίνδι·

449 1843 695 1898 seeundo
729 1839 1075 1910 imperatoris
1102 1837 1333 1906 Augusti
1363 1835 1469 1888 674
1495 1849 1591 1903 per
1624 1834 1875 1888 eumdem
1902 1848 2027 1902 par-

2136 1835 2354 1899 κτιὼνος
2371 1835 2488 1900 ἔτος
2505 1835 2646 1890 κατὰ
2676 1836 2765 1890 τὸν
2785 1837 2969 1908 ὅμοιον
2993 1836 3190 1906 τρόπον
3219 1834 3396 1904 εὑρεῖν
3416 1848 3428 1860 ·
3462 1827 3578 1886 οἷον
3602 1836 3716 1896 τοῖς

448 1934 589 1988 tiare
644 1932 803 2002 182
859 1944 1145 1983 numerum
1180 1947 1192 1980 :
1229 1926 1520 1995 utrobique
1552 1924 1838 1993 praesentis
1897 1923 2023 1976 anni

451 2025 709 2080 conficies
738 2023 1087 2077 indictionem
1119 2037 1226 2073 xw.
1273 2017 1472 2070 Eadem
1508 2017 1561 2069 in
1608 2015 1768 2069 annis
1797 2015 2026 2085 reliquis

451 2114 740 2169 methodus
770 2111 1075 2166 adhibenda
1099 2153 1112 2176 ,
1150 2120 1207 2164 ut
1249 2107 1548 2177 cujuslibet
1581 2105 1896 2160 indictionis
1924 2122 2027 2160 nu-

457 2221 668 2260 merum
695 2203 972 2258 obtineas.

2134 1929 2230 1999 μὲν
2257 1928 2364 1981 άπὸ
2405 1928 2576 1998 Ἀδὰμ
2603 1928 2690 1982 διὰ
2716 1929 2814 1999 τὴν
2841 1928 3137 2001 εἰρημένην
3166 1927 3340 1980 αἰτίαν
3367 1925 3510 1978 κατὰ
3540 1927 3713 1997 πρόσ-

2133 2019 2279 2073 θεσιν
2303 2021 2417 2084 ἐνὸς
2448 2020 2601 2084 ἔτους
2625 2020 2937 2091 γενομένοις
2960 2019 3146 2092 ,ςρλδᾎ
3180 2019 3276 2072 καὶ
3301 2021 3382 2082 εἰς
3401 2019 3494 2072 τὸν
3517 2024 3577 2070 ιε’
3601 2017 3717 2069 λυο-

2137 2110 2344 2179 μένοις·
2390 2113 2501 2172 τοῖς
2530 2110 2587 2162 δὲ
2635 2110 2742 2162 ἀπὸ
2769 2109 2810 2178 β’
2851 2109 3002 2173 ἔτους
3047 2109 3146 2180 τῆς
3187 2104 3462 2178 βασιλείας
3501 2107 3715 2176 Αὐγού-

2138 2217 2262 2253 στου
2298 2200 2477 2270 μόνοις
2514 2195 2632 2252 οὖσι
2681 2199 2771 2252 τὸν
2804 2199 3030 2270 ἀριθμὸν
3055 2199 3181 2269 χοᾶ,
3211 2197 3303 2250 καὶ
3323 2199 3404 2260 εἰς
3434 2195 3528 2249 τὸν
3553 2195 3715 2248 αὑτὸν

451 2297 682 2369 ἀριθμὸν
725 2295 1102 2366 μεριζομένοις
1128 2311 1141 2322 ·
1181 2292 1239 2358 ἐξ
1261 2292 1536 2362 ἑκατέρων
1565 2290 1673 2362 γὰρ
1699 2291 1757 2343 ιδ’
1797 2293 2122 2360 γινώσκεται
2154 2295 2215 2348 τὸ
2238 2295 2331 2348 νῦν
2385 2295 2776 2366 ἐνιστάμενον..
2803 2294 2971 2347 Τοῦτο
3027 2294 3083 2346 δὲ
3116 2295 3209 2347 καὶ
3253 2292 3336 2345 ἐπ’
3363 2292 3526 2346 ἄλλου
3578 2309 3714 2346 παν-

451 2395 542 2458 τὸς
580 2395 748 2445 ποιεῖν
779 2393 1042 2462 προσῆκει
1079 2390 1203 2451 τοὺς
1234 2387 1324 2440 τὸν
1357 2388 1586 2440 ἑκάστου
1623 2389 1722 2458 τῆς
1759 2387 2084 2452 ίνδικτιῶνος
2116 2390 2268 2454 ἔτους
2293 2391 2604 2444 διασκοπεῖν
2630 2390 2908 2453 ἐθέλοντας
2935 2390 3182 2460 ἀριθμόν.

452 2509 529 2563 De
559 2525 803 2578 responso
837 2507 962 2561 dato
985 2504 1283 2588 Zachariae,
1315 2515 1362 2560 et
1389 2505 1614 2562 Joannis
1649 2524 1710 2561 ac
1735 2508 2030 2564 Salvatoris

1151 2595 1326 2630 annis.

520 2668 758 2723 XXXIV.
817 2669 890 2723 De
933 2669 1160 2722 oraculo
1205 2683 1464 2738 quoque,
1505 2669 1650 2738 quod
1697 2669 1766 2724 de
1818 2669 2028 2726 Joanne

398 2769 407 2792 ‘
451 2761 695 2831 Baptista
723 2760 928 2814 editmn
969 2767 1052 2814 est
1100 2759 1402 2824 Zacharim,
1431 2760 1590 2828 cujus
1623 2771 1748 2816 ante
1783 2763 2028 2817 memini-

452 2865 574 2904 mus
600 2892 614 2914 ,
651 2864 798 2902 nunc
835 2857 893 2903 ut
923 2850 1058 2903 ordo
1087 2851 1360 2918 postulat,
1398 2853 1709 2907 accuratius
1752 2853 1857 2906 dici
1895 2869 2030 2907 con-

451 2943 618 3006 venit,
645 2952 811 3011 quoto
859 2957 1003 2995 anno
1043 2943 1174 2996 solis
1205 2958 1268 2995 ac
1297 2943 1437 2997 [ante
1484 2945 1794 3015 contigerit.
1855 2945 1932 2998 Ac
1981 2947 2028 3000 si

451 3034 577 3104 quis
629 3033 907 3088 attendere
968 3035 1134 3095 velit,
1178 3034 1336 3088 facile
1386 3035 1682 3105 intelliget,
1735 3045 2029 3108 utrumque

451 3142 576 3180 cum
619 3141 762 3191 esse,
793 3127 886 3196 qui
916 3126 1117 3182 Christi
1148 3130 1381 3182 natalem
1430 3131 1673 3199 proxime
1709 3132 2023 3186 antecessit.

452 3215 639 3284 Itaque
666 3215 797 3271 solis
835 3233 931 3280 xu,
968 3217 1108 3271 luna:
1137 3235 1189 3272 Ix
1222 3219 1356 3282 fuit,
1391 3221 1594 3274 mensis
1631 3219 1894 3278 Romanis
1929 3223 2027 3278 Se-

453 3308 714 3377 ptember,
751 3309 976 3379 ejusque
1010 3310 1126 3366 dies
1160 3327 1328 3374 xxvu,
1358 3311 1487 3366 feria
1527 3329 1576 3365 ν.
1606 3311 1738 3366 Nam
1765 3316 1909 3382 quod
1959 3317 2026 3370 σει

451 3400 684 3454 natalem
706 3400 931 3456 Joannis
971 3405 1182 3467 attinet,
1213 3405 1431 3458 eosdem
1471 3407 1556 3458 hic
1589 3422 1758 3460 annos
1805 3409 1936 3462 solis
1972 3417 2026 3462 et

451 3491 611 3549 lunm.
642 3503 780 3561 quos
816 3491 1115 3550 Salvatoris
1156 3496 1432 3556 nativitas,
1471 3496 1684 3550 habuit.
1728 3496 1835 3552 Sed
1881 3515 2028 3553 men-

451 3583 529 3637 sis
559 3582 807 3638 dtversus
842 3585 981 3651 fuit,
1043 3587 1292 3641 videlicet
1326 3585 1522 3642 Junius
1548 3629 1562 3648 ,
1617 3590 1845 3658 ejusque
1897 3607 2023 3644 xm

450 3674 590 3736 dies,
624 3675 758 3728 feria
803 3692 863 3730 ιι.
916 3679 1108 3733 Annus
1151 3695 1256 3747 quo
1289 3681 1608 3749 martyrium
1639 3681 1796 3741 obiit,
1835 3696 1898 3734 ac
1929 3681 2024 3736 de-

449 3767 681 3822 collatus
707 3775 811 3832 est,
839 3771 971 3823 solis
1002 3786 1181 3823 annus
1221 3769 1321 3822 luit
1361 3786 1492 3833 xw,
1537 3773 1678 3826 luna:
1716 3787 1789 3833 tv,
1818 3775 2022 3827 mensis

449 3855 760 3926 Augustus,
798 3859 1025 3929 ejusque
1054 3862 1170 3914 dies
1211 3878 1362 3926 xxix,
1397 3860 1527 3916 feria
1559 3879 1641 3917 ιιι.
1681 3863 2024 3934 Colliguntur

450 3951 577 4003 anni
606 3950 809 4004 Christi
835 3952 888 4005 in
910 3967 1074 4006 carne
1099 3969 1265 4007 xxxut
1293 3994 1308 4019 ,
1346 3955 1462 4010 dies
1505 3972 1706 4010 Lxxxtx
1732 3977 1746 4023 ;
1794 3955 2024 4012 Joannis

448 4052 580 4093 vero
608 4030 868 4109 Baptistae
897 4043 1023 4095 anni
1062 4059 1264 4110 χχχιιι,
1311 4046 1427 4100 dies
1489 4062 1660 4101 vau.
1713 4046 1920 4102 Desunt
1954 4046 2024 4101 ad

449 4130 748 4200 explendas
771 4129 1067 4187 Salvatoris
1100 4134 1217 4191 dies
1251 4153 1385 4190 χχιι.

2131 2513 2269 2582 Περὶ
2309 2514 2412 2587 τοᾷ
2452 2514 2599 2587 κατξι
2633 2513 2748 2587 τὸν
2779 2513 3095 2587 Ζαχαρίαζ
3127 2507 3566 2587 χρηματισμοῦ,
3616 2507 3713 2560 καὶ

2336 2583 2454 2636 τῶν
2484 2585 2589 2638 τοῦ
2631 2583 2899 2636 Ἰωάννου
2926 2582 3023 2634 καὶ
3049 2580 3318 2649 Σωτῆρος
3343 2580 3517 2632 ἐτῶν.

2203 2677 2322 2729 ΛΔθ.
2357 2676 2626 2747 Προσήκει
2656 2675 2710 2728 δὲ
2754 2677 2846 2728 καὶ
2889 2673 2980 2726 τὸν
3007 2673 3134 2743 περὶ
3180 2673 3429 2725 Ἰωάννου
3471 2669 3568 2723 τοῦ
3610 2670 3715 2722 Βα-

2133 2765 2357 2819 πτιστοῦ
2409 2766 2697 2836 γενόμενον
2757 2764 3142 2835 χρηματισμὸν
3195 2762 3270 2831 τῷ
3319 2761 3596 2832 Ζαχαρία,
3653 2757 3714 2816 οὖ

2136 2857 2368 2930 πρόσθεν
2401 2855 2772 2927 ἐμνήσθημεν,
2801 2856 2856 2906 έν
2885 2852 3034 2918 τάξει
3058 2855 3125 2905 δι’
3155 2851 3438 2923 ἀκριϐείας
3471 2853 3718 2923 ὑπομνη-

2140 2947 2381 3018 ματίσαι.
2417 2947 2555 3000 κατὰ
2585 2951 2734 3000 ποῖον
2761 2941 2912 3008 οὗτος
2935 2945 3086 3016 ἡλίου
3123 2946 3216 2997 καὶ
3242 2943 3468 3014 σελήνης
3492 2944 3718 3011 γέγονεν

2134 3039 2271 3102 ἔτος.
2294 3041 2401 3092 Καὶ
2433 3041 2543 3101 τοῖς
2571 3039 2666 3108 μὲν
2694 3037 3044 3091 ὲπιστατοῦσι
3080 3037 3238 3106 δῆλον
3267 3035 3422 3088 τοῦτο
3445 3035 3716 3105 καθέστη-

2135 3146 2250 3194 κεν,
2285 3130 2360 3193 ὠς
2399 3124 2656 3200 ἑκάτερον
2688 3129 2767 3181 τὸ
2788 3128 2891 3200 πρὸ
2926 3128 3023 3198 τῆς
3055 3127 3148 3180 τοῦ
3192 3126 3443 3196 Σωτῆρος
3477 3127 3713 3196 ὑπάρχει

2133 3221 2466 3290 γεννήσεως·
2509 3215 2618 3273 οἷον
2653 3220 2803 3291 ήλίου
2835 3220 2933 3290 μὲν
2969 3219 3030 3271 τὸ
3065 3218 3155 3288 ιβ’,
3189 3217 3416 3289 σελήνης
3449 3217 3510 3269 δὲ
3552 3217 3617 3270 τὸ
3647 3217 3710 3278 θ’,

2137 3310 2244 3381 μὴν
2287 3309 2343 3362 δὲ
2387 3309 2525 3362 κατὰ
2572 3309 2873 3379 Ῥωμαίους
2917 3307 3285 3378 Σεπτέμϐριος
3328 3302 3418 3377 ἦν,
3450 3305 3713 3370 εἰκάδαζ

2134 3402 2293 3472 ἔχων,
2319 3402 2508 3474 ἡμέρα
2529 3401 2628 3471 τῆς
2657 3401 2943 3472 ἑϐδομάδος
2970 3408 3029 3452 ε’.
3059 3401 3132 3452 Τὸ
3159 3401 3266 3470 γὰρ
3293 3400 3393 3468 τῆς
3421 3397 3592 3450 αὑτοῦ
3622 3397 3714 3454 τοῦ

2146 3493 2390 3547 Ἰωάννου
2421 3495 2726 3564 γεννήσεως
2749 3494 2810 3546 τὸ
2834 3492 2965 3546 αὐτὸ
2988 3490 3055 3564 ἦν
3083 3492 3231 3562 ήλίου
3262 3509 3318 3544 τε
3357 3493 3452 3544 καὶ
3485 3493 3713 3563 σελήνης

2129 3585 2266 3649 ἔτος,
2297 3588 2353 3639 ὲν
2377 3579 2420 3653 ᾧ
2441 3586 2660 3654 γέγονεν
2691 3587 2722 3656 ἡ
2750 3585 2840 3638 τοῦ
2868 3586 3116 3657 Σωτῆρος
3143 3586 3418 3655 γέννησις·
3451 3585 3534 3647 εἰς
3555 3585 3585 3638 ὃ
3609 3587 3713 3656 μὴν

2131 3678 2409 3748 προδήλως
2459 3679 2664 3748 ἕτερος,
2707 3677 2924 3741 Ἰούνιος
2972 3678 3068 3742 ὣν,
3117 3679 3210 3730 καὶ
3252 3677 3439 3730 εἰκάδα
3475 3676 3517 3729 δ’
3549 3677 3710 3747 ἔχων,

2128 3771 2308 3842 ἡμέρα
2331 3769 2388 3822 δὲ
2421 3771 2518 3840 τῆς
2550 3770 2837 3841 ἑϐδομάδος
2858 3770 2922 3840 β’.
2947 3769 3112 3824 Πάλιν
3138 3770 3194 3822 δὲ
3219 3769 3280 3821 τὸ
3307 3769 3405 3839 τῆς
3427 3768 3598 3822 αὑτοῦ
3631 3787 3714 3821 τε·

2128 3861 2414 3925 λειώσεως,
2447 3863 2612 3932 ῆγουν
2644 3862 2942 3934 ἀποτομῆς,
2974 3862 3122 3934 ήλίου
3149 3862 3244 3931 μὲν
3272 3862 3332 3913 τὸ
3359 3861 3447 3925 Ct’,
3478 3862 3713 3932 σελήνης

2130 3953 2188 4006 δὲ
2222 3953 2282 4006 τὸ
2312 3953 2384 4006 δ’·
2423 3953 2527 4023 μὴν
2573 3953 2631 4006 δὲ
2664 3952 2993 4022 Αὔγουστος,
3034 3953 3224 4008 εἰκάδα
3265 3953 3309 4006 θ’
3338 3953 3499 4025 ἔχων.
3529 3954 3713 4026 ἡμέρα

2132 4043 2231 4112 τῆς
2256 4043 2546 4111 ἑϐδομάδος
2575 4051 2644 4111 γ’.
2685 4044 2774 4107 Ὡς
2823 4040 3052 4122 εἶναιτὰ
3093 4046 3190 4115 μὲν
3233 4045 3373 4098 κατὰ
3402 4046 3588 4115 σάρκα
3621 4043 3708 4097 τοῦ

2131 4136 2380 4206 Σωτῆρος
2431 4134 2525 4206 έτη
2572 4135 2674 4201 λγ’,
2707 4137 2920 4207 ἡμέρας
2964 4136 3082 4188 πθ’·
3126 4136 3193 4189 τὰ
3233 4137 3289 4189 δὲ
3319 4133 3574 4190 Ἰωάννου
3618 4135 3708 4189 τοῦ

449 4221 754 4278 Βιιπτιστοῦ
786 4224 878 4297 ἔτη
909 4225 1008 4294 λγ’,
1048 4229 1258 4299 ἡμέρας
1288 4230 1386 4297 EC,
1426 4232 1680 4295 ἐλάττους
1719 4232 1799 4302 κβ⁹
1836 4232 2194 4302 τυγχάνουσαι
2222 4230 2356 4301 πρὸς
2385 4229 2483 4292 τὰς
2516 4229 2609 4282 τοῦ
2641 4231 2889 4302 Σωτῆρος
2927 4231 3159 4304 ἡμέρας.

521 4317 599 4372 Τιι
635 4335 784 4386 vero,
814 4336 843 4374 a
874 4320 983 4376 Deo
1005 4326 1381 4381 conservande
1412 4327 1650 4394 domine,
1678 4328 1873 4381 horum
1905 4342 2024 4380 om-
2053 4333 2098 4386 D

449 4410 600 4464 nium
633 4412 956 4480 compendio
998 4415 1096 4468 tibi
1137 4417 1393 4471 traditam
1428 4419 1634 4473 habens
1691 4418 1975 4473 scientiam
1998 4458 2015 4482 ,

449 4501 830 4571 religiosorum
855 4502 1157 4562 Salvatoris
1189 4507 1360 4563 nostri
1389 4507 1651 4562 festorum
1697 4508 2016 4564 solemnita-

449 4600 533 4648 tcs
580 4594 845 4649 observa:
882 4603 940 4649 ut
989 4609 1247 4667 perpetua
1298 4606 1352 4652 te
1397 4614 1520 4653 cum
1553 4601 1759 4669 angelis
1787 4600 1840 4653 in
1881 4599 2021 4654 ctelo

447 4686 669 4751 chorea,
694 4695 747 4742 et
776 4688 1108 4744 celebritatis
1138 4691 1396 4760 excipiat,
1431 4691 1688 4759 precibus
1739 4699 1798 4755 et
1851 4691 2023 4744 inter-

447 4778 792 4833 cessionibus
823 4779 1230 4848 gloriosissima:
1273 4791 1327 4837 et
1373 4782 1736 4837 immaculata:
1787 4782 2024 4837 domina:

448 4874 648 4921 nostrae
691 4881 755 4922 ac
797 4866 1072 4937 Deiparaa,
1118 4885 1441 4942 semperque
1477 4870 1722 4942 Virginis
1754 4871 1936 4925 Mariae
1967 4880 2022 4926 et

445 4957 690 5011 omnium
725 4967 1057 5014 sanctorum.
1087 4960 1288 5018 Amen.

2209 4324 2347 4377 Ἀλλ’
2375 4324 2535 4394 ἔχων,
2568 4326 2899 4394 θεοφύλακτε
2932 4326 3184 4390 δέσποτα,
3207 4327 3409 4379 τούτων
3430 4327 3710 4395 έπιτόμως

2127 4413 2530 4484 ὑποδειχθεῖσαν
2578 4414 2677 4486 τὴν
2721 4417 2946 4486 εἴδησιν,
2994 4418 3220 4487 ἀντέχου
3267 4417 3364 4486 τῆς
3383 4416 3494 4470 τῶν
3551 4418 3709 4488 ἱερῶν

2127 4505 2218 4560 τοῦ
2246 4505 2493 4575 Σωτῆρος
2537 4508 2570 4576 ή
2582 4507 2696 4576 μῶν
2743 4508 2976 4561 τελετῶν
3017 4511 3166 4581 ἱερᾶς
3197 4511 3559 4581 πανηγύρεως
3581 4529 3595 4542 ⁸
3625 4513 3707 4565 ἵνα·

2125 4597 2252 4669 ἑξῆς
2279 4597 2570 4669 άδιαδόχως
2601 4615 2658 4652 σε
2684 4600 3063 4673 διαδεχομένην
3091 4603 3189 4674 τὴν
3219 4604 3276 4655 ἐν
3317 4603 3568 4674 οὐρανοῖς
3591 4607 3704 4675 μετ’

2123 4690 2370 4759 ἀγγέλων
2403 4706 2462 4742 τε
2505 4693 2862 4762 χοροστασίαν
2892 4695 2987 4746 καὶ
3032 4697 3359 4766 πανήγυριν,
3392 4695 3583 4766 εὐχαῖς
3614 4696 3707 4750 καὶ

2126 4782 2444 4854 πρεσσείαις
2481 4785 2580 4853 τῆς
2626 4786 2947 4853 πανενδόξου
2977 4789 3071 4841 καὶ
3115 4790 3386 4859 ἁχράντου
3419 4789 3703 4858 δεσποίνης

2125 4873 2282 4943 ἡμῶν
2316 4873 2576 4926 Θεοτὸκου
2608 4875 2701 4926 καὶ
2729 4875 2816 4928 ἀεὶ
2842 4875 3120 4946 Παρθένου
3155 4876 3391 4947 Μαρίας,
3425 4875 3522 4928 καὶ
3571 4876 3700 4929 πάνο

2123 4980 2231 5016 των
2270 4963 2376 5016 τῶν
2411 4965 2599 5033 ἁγίων.
2649 4965 2842 5036 Ἀμήν.

1341 5176 1457 5288 S.
1549 5177 2082 5290 MAXIMI
2160 5176 2806 5290 COMPUTI

1608 5396 1896 5485 PARS
1967 5396 2548 5487 SECUNDA.

812 5602 1125 5671 Explicatur
1167 5611 1420 5664 secundus
1462 5629 1654 5665 canon.

516 5687 903 5760 183LCum,
938 5703 995 5747 ut
1019 5697 1151 5752 ordo
1181 5701 1509 5768 postulabat,
1543 5705 1595 5756 in
1619 5704 1889 5772 superiori
1914 5720 2010 5759 ex-

2375 5615 2688 5686 Ὲξήγησις
2712 5620 2818 5673 τοῦ
2848 5620 3127 5689 δευτέρου
3158 5623 3462 5677 κανονίου.

2191 5709 2266 5762 A’.
2315 5709 2530 5780 Ἐπειδὴ
2575 5712 3038 5782 προεστειλάμεθα
3094 5714 3232 5768 κατὰ
3271 5715 3422 5778 τάξιν
3472 5716 3551 5776 είς
3598 5714 3690 5781 τὴν

443 5779 711 5848 positione
731 5781 1059 5840 declaratum
1090 5787 1268 5854 fuerit,
1299 5792 1496 5861 quibus
1515 5802 1712 5864 etquot
1741 5794 1795 5848 in
1820 5797 2002 5862 annis,

2136 5797 2218 5869 ἰδη
2253 5801 2545 5871 γενομένην
2575 5779 2836 5874 ἐξήγησιν
2863 5779 2919 5858 ὲν
2951 5806 3058 5858 τίσι
3096 5809 3184 5859 καὶ
3224 5810 3406 5870 πόσοις
3436 5807 3575 5862 ἔτεσι
3595 5779 3688 5873 τῆς
