3950 6266
561 331 618 382 55
1499 326 1585 381 AD
1625 327 1710 385 Εἰ]
1723 324 1892 381 SEBll
1935 324 2121 380 (ΣΙ-1110

2125 324 2329 380 NICON
2369 325 2728 380 APPENDIX.
3566 327 3685 384 1256

487 329 580 382 MSS

668 446 711 494 Α
966 445 1005 494 Β
1237 443 1276 493 Γ
1521 445 1558 492 Δ
1801 440 1839 492 Ε
2329 439 2371 492 Ε
2621 442 2659 490 Δ
2897 437 2936 488 Γ
3177 435 3220 486 Β
3463 436 3502 486 Α

600 533 790 601 ’ίοῗμϐό-
1165 533 1330 602 Σελὴ-
1472 533 1606 585 Ἐπα
1719 533 1914 603 Περιτ-
2263 531 2438 601 Προσ-
2583 532 2690 586 Πο-
2800 527 2984 598 Μῆνες
3107 527 3272 579 Ἐπα-
3413 527 3567 597 Σελή-

600 624 766 687 λιςιοι.
1135 642 1230 695 νης
1265 624 1382 694 ἔτη.
1461 623 1606 675 κταί.
1753 620 1870 677 ταί.
2261 621 2432 678 θεταί.
2522 624 2724 676 σταίαι.
2812 621 2945 673 Ῥω·-
3125 617 3273 676 κταί.
3381 637 3474 690 νης
3499 620 3604 692 ἒτη.

2794 710 2986 780 μαίων.

950 827 988 876 Δ
1239 827 1285 875 Α
1514 824 1579 875 lB
1791 823 1863 874 1A.

2611 822 2654 874 Β
2816 821 3026 891 Ἀπρίλ.
3194 821 3258 873 113
3475 823 3511 873 A

957 916 996 968 Ε
1246 915 1288 966 Β
1503 915 1594 967 ΚΓ
1789 916 1854 966 1Δ
2322 915 2364 969 Δ
2589 915 2685 968 ΚΒ
2813 914 2994 985 Μάρτ.
3125 974 3128 978 ,
3183 913 3274 966 ΚΓ
3473 914 3513 966 Ε

576 1004 628 1055 Ἐ
636 1002 788 1073 μὸὀλ.
940 1005 996 1070 ς
1245 1003 1286 1055 Γ
1523 1009 1560 1054 Δ
1790 1005 1855 1056 1Δ
2608 1005 2629 1056 Ι
2822 1002 3028 1072 Ἀπρίλ.
3195 1004 3232 1052 Δ
3465 1003 3518 1069 ς

947 1093 982 1144 Ζ
1239 1094 1280 1145 Δ
1514 1093 1577 1144 lE
1787 1095 1849 1144 ΙΔ
2317 1096 2362 1152 Δ

2317 1096 2362 1152 Δ
2595 1099 2640 1150 Α
2817 1095 2996 1164 Μάρτ.
3197 1093 3261 1145 lE
3480 1097 3516 1148 z

577 1184 788 1254 Ἐμϐόλ.
941 1184 989 1236 ιι
1227 1184 1268 1236 E
1489 1184 1599 1250 Kc:
1795 1184 1860 1236 ιιι
1949 1243 1956 1248 _

2581 1189 2653 1241 ιιι
2825 1185 3030 1258 Ἀπρίλ.
3061 1238 3063 1240 ,
3177 1186 3284 1252 Kc;
3477 1188 3518 1239 ιι

942 1275 985 1328 Θ
1231 1276 1290 1343 ς
1531 1276 1568 1328 Ζ
1792 1274 1859 1327 ΙΕ
2603 1280 2639 1330 Ζ
2831 1277 3046 1348 Ἀπρίλ.
3207 1277 3244 1328 Ζ
3479 1276 3520 1330 Θ

947 1368 968 1420 Ι
1228 1367 1268 1419 Ζ
1504 1368 1574 1418 ΙΗ
1789 1365 1854 1418 1Ε
2319 1373 2359 1426 Δ

2319 1373 2359 1426 Δ
2573 1370 2660 1422 ΚΖ
2828 1368 3010 1436 Μάρτ.
3191 1367 3263 1418 ιιι
3493 1369 3511 1419 ι

580 1459 792 1530 Ἑμὸόλ.
937 1460 1006 1512 1Α
1223 1459 1270 1511 Η
1487 1457 1581 1510 ΚΘ
1785 1455 1853 1510 1Ε
2591 1462 2656 1513 lE
2831 1459 3040 1530 Ἀπρίλ.
3175 1457 3268 1510 ΚΘ
3429 1517 3434 1520 _
3467 1459 3532 1510 lA

931 1553 995 1605 IB
1215 1552 1259 1604 Θ
1511 1555 1532 1602 1
1781 1549 1847 1603 ῙΕ

2599 1561 2637 1606 Δ
2827 1551 3038 1621 Ἀπρίλ.
3212 1551 3232 1601 ι
3477 1550 3537 1602 lB

933 1643 1000 1694 ll‘
1241 1643 1260 1694 1
1475 1643 1571 1693 ΚΑ
1789 1641 1853 1692 lE
2317 1650 2355 1698 Δ

2317 1650 2355 1698 Δ
2567 1648 2661 1698 ΚΑ
2829 1644 3010 1715 Μάρτ.
3171 1645 3267 1697 ΚΑ
3477 1642 3535 1694 11‘

578 1734 790 1805 Ἐμϐόλ.
928 1737 990 1787 ιΔ
1201 1736 1269 1785 ιΑ
1502 1733 1544 1783 Β
1786 1732 1851 1784 lE
2593 1735 2658 1786 113
2837 1733 3052 1804 Ἀπρίλ.
3197 1735 3238 1785 B
3479 1735 3537 1785 ιΔ

929 1827 992 1879 ΙΕ
1192 1826 1260 1877 113
1489 1825 1551 1876 ΙΔ
1783 1824 1850 1877 1Ε

2609 1829 2654 1880 Α
2837 1824 3050 1896 Ἀπριλ.
3187 1826 3252 1878 ιΓ
3477 1825 3539 1878 IE

927 1922 1008 1986 1c;
1191 1919 1255 1970 11‘
1471 1918 1567 1972 KE
1781 1917 1849 1971 1E
2327 1923 2368 1976 A

2327 1923 2368 1976 A
2579 1922 2674 1973 KA
2822 1921 3001 1992 Μάρτ.
3168 1921 3257 1972 ΚΔ
3461 1920 3539 1986 1c.-

573 2011 784 2082 Ἐμϐόλ.
921 2013 981 2064 lZ
1183 2011 1245 2062 1Δ
1480 2011 1539 2078 ς
1783 2009 1851 2064 lE
2602 2015 2641 2066 Ε
2819 2011 3030 2084 Ἀπρίλ.
3189 2012 3227 2063 Ε
3478 2013 3540 2065 ΙΖ

925 2105 996 2156 lli
1187 2102 1253 2155 ΙΕ
1487 2103 1551 2154 1Ζ
1779 2101 1845 2155 ιιι
2323 2106 2364 2159 Δ

2323 2106 2364 2159 Δ
2574 2103 2668 2158 ΚΘ
2814 2102 2995 2172 Μάρτ.
3178 2102 3260 2169 ις
3485 2100 3551 2154 111

571 2193 784 2264 Ἐμοόλ.
923 2193 989 2246 te
1179 2195 1262 2261 ις
1454 2193 1552 2245 ΚΗ
1763 2190 1845 2259 1c:
2591 2195 2652 2246 lZ
2821 2191 3031 2262 Ἀπρίλ.
3187 2193 3244 2244 lZ
3481 2192 3541 2244 ιθ

936 2287 982 2338 Α
1181 2287 1243 2340 ιΖ
1482 2286 1525 2339 θ
1780 2285 1847 2339 ιιι
2576 2289 2633 2355 q
2830 2285 3043 2357 Ἀπρίλ.
3201 2285 3243 2338 θ
3493 2288 3536 2339 Α

937 2379 981 2430 Β
1188 2380 1263 2433 Ill
1493 2380 1542 2431 Κ
1779 2378 1842 2430 1Δ
2314 2384 2351 2434 Δ

2314 2384 2351 2434 Δ
2563 2380 2673 2444 Kc:
2810 2376 2991 2448 Μάρτ.
3198 2377 3246 2429 ις
3504 2379 3541 2428 ιι

573 2471 786 2542 Ἐμὸὁλ.
934 2472 975 2523 r
1124 2471 1257 2539 ¹ιθ
1491 2473 1536 2524 Α
1777 2470 1841 2523 ιιι]
2582 2471 2647 2524 ιΓ
2823 2469 3032 2541 Ἀπρί-λ.
3205 2471 3249 2520 Α
3499 2469 3536 2521 r

547 2629 704 2702 184
730 2630 827 2685 Est
873 2629 1037 2699 igitur
1063 2629 1336 2699 ejusmodi
1378 2629 1577 2684 tabulae
1636 2632 1954 2703 descriptio.
1993 2634 2049 2689 In
2083 2644 2107 2701 Α

2230 2633 2416 2685 Ἔστιν
2447 2625 2538 2684 οὖν
2564 2631 2596 2700 ἡ
2626 2628 2719 2681 τοῦ
2743 2628 2987 2682 κανονίου
3011 2626 3286 2699 διαγραφὴ
3315 2627 3554 2696 τοιαύτη.
3572 2629 3702 2680 Κατὰ

468 2722 648 2775 medio
665 2729 768 2774 sua
791 2727 875 2774 est
902 2719 1091 2789 ingens
1109 2731 1248 2780 rota,
1275 2721 1533 2791 utrinque
1565 2723 1794 2793 singulis
1825 2725 2028 2778 canoni

2151 2726 2214 2779 τὸ
2258 2724 2421 2795 μέσον
2456 2721 2619 2776 αὑτοῦ
2657 2721 2850 2792 τροχὸν
2892 2720 3003 2791 ἔχει
3041 2720 3244 2790 μέγανο
3291 2720 3620 2791 ἑκατέρωθεν
3659 2721 3703 2772 δὲ

471 2814 574 2866 bus
599 2816 817 2882 Stipata.
848 2814 908 2866 ln
938 2825 1056 2868 rota
1081 2829 1231 2867 zona:
1250 2820 1397 2879 sunt,
1417 2815 1498 2868 vel
1515 2816 1705 2870 circuli
1738 2833 1814 2881 ιιι,
1833 2819 1924 2888 qui
1947 2819 2031 2872 hoc

2152 2816 2244 2870 δύο
2277 2815 2519 2869 κανόνια.
2552 2815 2661 2867 Καὶ
2684 2816 2712 2866 ὁ
2750 2814 2847 2883 μὲν
2872 2812 3064 2882 τροχὸς
3081 2812 3347 2882 κέκτηται
3364 2811 3532 2876 ζώνας
3554 2813 3701 2871 ἐννέα.

468 2905 632 2959 modo
664 2922 722 2960 se
757 2907 978 2960 habent.
1010 2903 1228 2959 Primus
1259 2906 1526 2973 circulus,
1557 2908 1648 2977 qui
1679 2911 1916 2964 extimus
1943 2919 2027 2965 cst

2152 2907 2398 2962 τουτέστι
2451 2906 2715 2969 κύκλους·
2767 2907 2814 2957 οἱ
2863 2905 2920 2958 δὲ
2972 2903 3162 2957 κύκλοι
3198 2904 3374 2957 ταῦτα
3401 2904 3520 2957 καθ’
3543 2904 3703 2976 εἱρμὸν

469 3011 642 3050 annos
676 3013 845 3049 xxvnt
882 2997 1014 3050 solis
1042 2999 1286 3059 exhibet,
1324 2996 1480 3051 initio
1515 3014 1626 3052 non
1663 3015 1694 3052 a
1735 3001 1911 3070 primo
1946 3002 2029 3054 du-

2154 3000 2521 3071 περιέχουσιν.
2561 2993 2687 3052 Οἷον
2725 2998 2752 3049 ὁ
2786 2997 2884 3068 μὲν
2922 2996 3160 3067 πρῶτος,
3193 2997 3366 3064 ἣγουν
3396 2998 3425 3049 ὁ
3453 2997 3703 3068 ἐξώτερος,

469 3098 578 3150 cto,
631 3087 726 3141 sed
773 3102 802 3138 a
853 3103 971 3149 χιιι,
1003 3103 1113 3150 xw,
1139 3096 1192 3140 et
1222 3089 1293 3142 ita
1325 3088 1615 3158 deinceps;
1647 3091 1922 3146 secundus
1951 3107 2029 3144 ant

2149 3093 2221 3146 τὰ
2263 3089 2349 3162 κη’
2378 3089 2472 3144 τοῦ
2503 3089 2654 3161 ἡλίου
2687 3089 2806 3159 ἔτη,
2839 3090 2941 3141 ούκ
2976 3089 3084 3142 ἀπὸ
3112 3089 3331 3161 πρώτου
3363 3089 3513 3153 ἔτους
3543 3089 3706 3159 ἔχοντα

468 3194 664 3233 norum
695 3188 946 3248 epactas;
996 3182 1190 3234 tertius
1220 3180 1423 3236 Juliani
1455 3183 1802 3252 quadriennii
1827 3184 2024 3238 bisexti

2152 3184 2251 3254 τὴν
2279 3183 2471 3254 ἀρχὴν,
2503 3181 2639 3235 ἀλλὰ
2661 3180 3135 3253 τρισκαιδεκάτου,
3159 3183 3254 3234 καί
3275 3180 3707 3253 τεσσαρεσκαιδε-

471 3273 584 3334 les;
617 3282 847 3342 quartus
878 3286 1053 3327 annos
1087 3273 1221 3328 solis
1250 3290 1425 3328 xxvm
1459 3276 1656 3329 iterum
1703 3276 1990 3331 inchoatos
2021 3292 2031 3330 ι

2154 3278 2342 3338 κὰτου,
2400 3278 2495 3328 καὶ
2539 3275 2646 3326 τῶν
2690 3273 2952 3345 καθεξῆςο
2984 3276 3012 3327 6
3052 3271 3094 3343 β’
3124 3273 3224 3337 τὰς
3263 3273 3377 3327 τῶν
3428 3273 3562 3326 ἐτῶν
3596 3276 3707 3327 ὲπα-

469 3365 665 3434 primo.
717 3362 799 3418 Ob
827 3363 878 3418 id
929 3380 1058 3419 vero
1107 3365 1160 3419 in
1209 3367 1385 3435 primo
1431 3367 1639 3422 circulo
1666 3383 1694 3421 a
1727 3370 1932 3432 x111,in
1966 3384 2025 3424 se

2154 3369 2285 3432 κτᾶς
2306 3386 2318 3398 ·
2353 3371 2381 3421 ὁ
2409 3375 2456 3436 γ’
2479 3367 2546 3420 τὰ
2570 3366 2709 3420 κατὰ
2736 3367 2836 3437 τὴν
2860 3365 3249 3436 τετραετηρίδα
3272 3365 3520 3436 βίσεξταο
3543 3365 3570 3418 ὁ
3594 3364 3631 3418 δ’
3652 3364 3706 3417 τὰ

467 3456 649 3510 cundo
681 3471 711 3509 a
757 3459 935 3526 primo
967 3458 1095 3511 anni
1129 3474 1299 3512 xxvm
1353 3459 1486 3514 solis
1516 3460 1808 3531 incipiunt,
1845 3469 1905 3516 ut
1936 3471 2022 3516 stu

2154 3466 2239 3531 κη’
2291 3459 2384 3512 τοῦ
2441 3459 2594 3530 ἡλίου
2644 3458 2739 3527 ἔτη
2769 3457 2952 3521 πάλιν,
2985 3458 3094 3510 ἀπὸ
3124 3455 3344 3529 πρώτου
3368 3456 3521 3520 ἔτους
3545 3454 3707 3526 ἔχοντα

466 3551 654 3604 diosus
685 3549 855 3603 lector
887 3547 1104 3604 facilius
1137 3551 1491 3621 intelligeret,
1525 3568 1683 3622 quem
1717 3553 1793 3625 illi
1827 3567 2024 3624 compu

2153 3549 2252 3620 τὴν
2285 3550 2480 3620 ἀρχήν.
2501 3548 2600 3600 Διὰ
2630 3547 2788 3601 τοῦτο
2809 3548 2866 3600 δὲ
2897 3547 3036 3600 κατὰ
3062 3549 3160 3618 μὲν
3185 3547 3275 3600 τὸν
3302 3547 3519 3618 πρῶτον
3539 3545 3709 3599 κύκλον

467 3645 586 3691 tant
633 3638 867 3708 primum
914 3639 1047 3693 solis
1099 3656 1324 3703 annum,
1363 3641 1506 3710 apud
1556 3657 1658 3696 nos
1697 3658 1819 3697 esse
1848 3658 1970 3710 x111,
1999 3658 2027 3698 e

2152 3645 2260 3697 ἀπὸ
2291 3641 2340 3711 γ’
2374 3643 2468 3695 καὶ
2502 3649 2552 3705 ι’,
2591 3641 2733 3694 κατὰ
2764 3640 2853 3693 τὸν
2887 3641 2927 3693 δ’
2956 3641 3013 3694 δὲ
3045 3640 3154 3694 ἀπὸ
3174 3639 3394 3711 πρώτου
3431 3639 3500 3694 τὰ
3527 3637 3606 3709 κη’
3631 3637 3706 3691 τοῦ

467 3731 767 3784 secundum
808 3745 931 3793 x1v,
979 3741 1034 3784 et
1068 3731 1142 3783 ita
1177 3747 1362 3800 porro,
1409 3733 1596 3786 eadem
1631 3733 1855 3788 omnino
1883 3735 2024 3788 ratio

2151 3735 2304 3806 ἡλίου
2331 3735 2707 3805 κατετὰγησαν
2733 3733 2849 3804 ἔτη,
2870 3733 2955 3786 ἵνα
2981 3732 3352 3802 εύσημείωτον
3374 3732 3590 3801 γένηται
3615 3732 3706 3791 τοῖς

465 3837 563 3889 ne;
616 3823 672 3875 in
719 3822 990 3892 superiori
1035 3839 1166 3878 vero
1215 3831 1369 3893 parte
1417 3839 1590 3878 annos
1619 3827 1922 3895 posuimus.
1957 3842 2025 3896 qu

2154 3826 2531 3897 φιλομαθέσιν,
2559 3825 2632 3890 ὡς
2663 3825 2721 3878 τὸ
2752 3826 2878 3896 παρ’
2907 3824 3135 3886 ἐκείνοις
3167 3823 3537 3894 ψηφιζόμενον
3562 3821 3605 3875 α’
3630 3820 3704 3875 τοῦ

466 3929 655 3968 revera
695 3930 763 3968 ex
812 3914 1105 3970 traditione
1137 3916 1511 3971 ecclesiastica
1547 3917 1620 3970 ita
1668 3925 2026 3972 numerantur

2155 3919 2304 3990 ἡλίου
2338 3918 2457 3979 ἔτος
2483 3919 2610 3988 παρ’
2641 3920 2772 3988 ἡμῖν
2819 3918 2937 3970 ἐστι
2961 3915 3008 3985 γ’
3039 3917 3134 3970 καὶ
3171 3915 3221 3980 ι’,
3253 3918 3351 3969 καὶ
3392 3917 3452 3968 τὺ
3480 3914 3545 3986 β’,
3569 3912 3606 3966 δ’
3631 3913 3705 3966 καὶ

467 4004 592 4059 llaec
627 4013 756 4060 sunt
794 4007 848 4060 in
886 4015 1126 4076 quatuor
1154 4015 1289 4062 rotae
1315 4008 1575 4072 circulis;
1613 4016 1666 4061 at
1698 4009 1985 4064 interiores
2015 4026 2027 4054 ι

2155 3987 2208 4073 ιί,
2226 4011 2319 4063 καὶ
2345 4010 2414 4063 τὰ
2436 3987 2600 4062 λοιπά
2627 3987 2768 4062 κατὰ
2799 4009 2889 4062 τὸν
2920 4009 3103 4080 ὅμοιον
3134 4007 3295 4078 τῆσδε
3323 4009 3423 4079 τῆς
3455 4006 3706 4076 διαστολῆς

464 4101 656 4154 circuli
687 4116 860 4156 annos
897 4102 1036 4156 luna:
1074 4102 1357 4157 continent
1383 4111 1508 4157 octo
1534 4110 1588 4157 et
1615 4103 1806 4172 viginti
1846 4117 2024 4158 ennea

2148 4103 2369 4174 τρόπον.
2412 4103 2692 4174 Ἀνωτέρω
2721 4101 2778 4154 δὲ
2812 4101 3014 4156 τούτων
3046 4102 3122 4165 ὡς
3155 4101 3334 4172 ἀληθῆ
3369 4101 3438 4155 τὰ
3467 4100 3600 4154 κατὰ
3623 4099 3705 4169 τὴν

463 4189 890 4253 dccaeteridum,
943 4191 998 4244 in
1039 4191 1239 4260 quibus
1272 4207 1367 4244 xw
1402 4191 1565 4261 primi
1599 4192 1802 4246 mensis
1830 4189 2023 4245 Judaic

2149 4193 2606 4266 ὲκκλησιαστικὴν
2638 4195 2935 4265 παράδοσιν
2956 4193 3306 4265 ψηφιζόμενα
3333 4192 3703 4261 κατετάξαμεν.

464 4283 520 4336 in
555 4281 892 4336 Dominicam
920 4281 1168 4337 incidens
1186 4283 1254 4335 ab
1277 4283 1385 4337 illis
1417 4299 1505 4343 xv.
1536 4281 1620 4335 vel
1654 4299 1743 4336 va
1771 4291 2024 4352 computa

2148 4286 2333 4340 Ταῦτα
2380 4286 2477 4357 μὲν
2509 4289 2566 4338 ἐν
2597 4289 2709 4348 τοῖς
2750 4285 3011 4356 τέσσαρσι
3044 4285 3138 4338 τοῦ
3173 4284 3370 4357 τροχοῦ
3403 4284 3635 4346 κύκλοις
3664 4281 3703 4334 οε

463 4381 575 4427 tur.
592 4373 860 4428 Caeterum
892 4373 1088 4428 ordine
1111 4375 1368 4443 quaelibet
1395 4375 1875 4430 enneadecaeteris
1906 4375 2023 4429 indi

2147 4377 2203 4430 δὲ
2244 4377 2448 4430 τούτων
2483 4376 2634 4441 ἐντὸς
2684 4376 3150 4449 διαγεγραμμένοι
3195 4384 3236 4429 ε’
3287 4375 3480 4430 κύκλοι
3522 4375 3585 4429 τὰ
3615 4373 3705 4427 τῶν

462 4472 639 4529 catur,
671 4467 845 4534 prima
875 4464 1096 4535 quidem
1132 4481 1229 4535 per
1255 4466 1492 4535 primum
1534 4467 1667 4521 solis
1699 4483 1921 4532 annum,
1953 4485 2022 4538 qu

2147 4467 2454 4539 εἰρημένων
2515 4464 2598 4537 κη’
2662 4466 3310 4537 ὲννεακαιδεκαετηρίδων
3353 4467 3454 4536 τῆς
3503 4465 3704 4541 σελήνης

461 4564 658 4624 quarto
691 4555 902 4609 circulo
938 4556 1238 4626 inscriptus
1268 4567 1350 4610 est
1385 4576 1398 4610 :
1438 4567 1561 4626 post
1587 4574 1770 4629 quem,
1809 4565 1868 4612 ut
1911 4559 2021 4614 dixi

2150 4559 2493 4631 περιέχουσιν
2536 4558 2630 4628 ἔτη
2654 4576 2667 4590 ·
2705 4560 2764 4611 ἐν
2788 4553 2868 4621 οἷς
2908 4559 2988 4621 εἰς
3037 4555 3259 4627 πρώτην
3298 4557 3532 4627 ἡμέραν,
3562 4557 3703 4626 ἡγουν

462 4648 682 4703 lunares
713 4647 842 4702 anni
871 4648 1296 4717 describuntur;
1330 4652 1572 4706 secunda
1609 4645 2015 4707 'enneadecaete

2149 4650 2311 4717 ἁγίαν
2354 4646 2661 4718 Κυριακὴν,
2693 4654 2736 4698 ε’
2789 4647 2883 4701 καὶ
2937 4644 2987 4710 ι’,
3022 4647 3055 4717 ἢ
3097 4644 3148 4710 ς’
3176 4645 3270 4699 καὶ
3316 4644 3370 4708 ι’,
3403 4648 3593 4698 ἐκεῖνοι
3622 4643 3703 4712 τὴν

462 4742 540 4798 ris
566 4757 662 4813 per
693 4750 1031 4810 sequentem.
1060 4741 1123 4796 Et
1149 4743 1222 4796 ita
1253 4745 1481 4813 singqu
1508 4760 1607 4815 per
1637 4745 2022 4814 suprascripto:

2146 4741 2186 4793 δ’
2203 4740 2298 4793 καὶ
2326 4737 2355 4790 ι’
2372 4738 2666 4809 ψηφίζουσι
2694 4737 2790 4790 τοῦ
2824 4736 2945 4790 καθ’
2983 4736 3266 4808 Ἑϐραίους
3295 4735 3513 4807 πρώτου
3540 4733 3699 4806 μηνός.

461 4850 636 4890 annos
681 4834 836 4889 solis.
889 4831 986 4888 His
1027 4835 1172 4889 enim
1220 4833 1288 4889 ad
1319 4835 1565 4905 ejusdem
1598 4837 1807 4890 numeri
1839 4835 2016 4905 signili

2145 4831 2405 4903 Δηλοῦται
2453 4830 2511 4884 δὲ
2565 4830 2707 4884 κατὰ
2757 4829 2909 4892 τάξιν
2940 4831 2973 4899 ἡ
3003 4829 3103 4900 μὲν
3151 4828 3337 4899 πρώτη
3371 4829 3470 4898 τῆς
3503 4827 3703 4896 σελήνης

459 4927 665 4981 candas
714 4925 1268 4981 enneadecaeteridas
1315 4928 1400 4982 usi
1449 4943 1663 4992 sumus,
1709 4943 1778 4982 ne
1823 4936 2014 4997 propte

2145 4923 2719 4993 ὲννεακαιδεκαετηρὶς
2761 4921 2853 4974 διὰ
2897 4920 2991 4973 τοῦ
3023 4919 3240 4992 πρώτου
3284 4922 3428 4975 κατὰ
3460 4921 3549 4974 τὸν
3575 4917 3702 4988 ἥλιον

458 5034 553 5073 eas
599 5018 707 5072 alio
755 5017 966 5072 circulo
1007 5034 1147 5088 opus
1197 5027 1376 5086 esset;
1427 5034 1492 5074 ac
1542 5019 1766 5074 circulis
1797 5026 2018 5073 tantum

2144 5016 2296 5080 ἔτους
2346 5014 2438 5068 τοῦ
2487 5015 2566 5077 εἰς
2609 5013 2700 5066 τὸν
2737 5013 2994 5084 τέταρτον
3025 5014 3476 5085 ἐγγεγραμμένου
3507 5009 3697 5067 κύκλον.

460 5109 621 5164 modo
671 5125 704 5163 ν
752 5109 1050 5180 cujuslibet
1086 5112 1626 5167 enneadecaeteridis
1661 5128 1838 5168 annos
1882 5113 2020 5165 attrit

2147 5109 2262 5178 μεθ’
2301 5106 2379 5171 ὃν,
2413 5107 2487 5170 ὡς
2526 5106 2682 5176 ἔφην,
2712 5106 2782 5159 τὰ
2806 5106 2944 5161 αὐτά
2971 5108 3074 5177 τῆς
3100 5107 3326 5178 σελήνης
3351 5105 3699 5176 διεγράφησαν

458 5198 709 5264 buimus,
766 5201 1027 5270 quoniam
1083 5203 1139 5256 in
1185 5203 1334 5257 nulla
1393 5219 1622 5273 prorsus
1669 5203 1812 5257 ultra
1867 5218 2018 5257 anno:

2143 5200 2266 5272 ἔτη·
2303 5201 2336 5270 ἡ
2376 5199 2433 5251 δὲ
2465 5197 2508 5269 β’
2538 5198 2627 5251 διὰ
2651 5199 2743 5252 τοῦ
2774 5197 2817 5270 β’
2839 5216 2852 5229 ο
2886 5199 2980 5252 καὶ
3008 5199 3192 5262 ἁπλῶς
3225 5201 3280 5251 αἱ
3305 5199 3478 5250 πᾶσαι
3501 5194 3583 5247 διὰ
3609 5191 3699 5242 τῶν

460 5293 699 5360 quinque
729 5290 783 5345 in
816 5291 1158 5368 Dominicam
1188 5295 1385 5350 cadere
1427 5294 1910 5350 animadvertimus
1950 5312 2018 5350 xv

2144 5293 2554 5365 ὑπερκειμένων
2595 5291 2690 5345 τοῦ
2723 5292 2875 5364 ἡλίου
2923 5291 3080 5345 ὲτῶν.
3116 5291 3333 5354 Τούτοις
3375 5289 3484 5359 γάρ
3511 5288 3586 5350 είς
3616 5282 3699 5351 τὴν

458 5382 542 5434 vel
587 5397 676 5435 va
729 5381 969 5446 illorum,
1001 5399 1164 5452 quam
1201 5400 1301 5439 nos
1336 5401 1428 5439 XIV
1454 5394 1860 5456 computamus,
1895 5401 2018 5455 qtht

2143 5389 2251 5442 τῶν
2276 5388 2576 5458 ἰσαρίθμων
2599 5385 3246 5458 ὲννεακαιδεκαετηρίδων
3273 5374 3697 5452 συνεχρησάμεοα

461 5473 677 5527 nonnisi
723 5473 778 5526 in
822 5490 954 5538 uno,
1009 5477 1094 5530 vel
1145 5477 1380 5541 duobus,
1431 5479 1517 5532 vel
1552 5479 1749 5542 tribus,
1782 5479 1868 5534 vel
1897 5495 2021 5549 qua-

2145 5481 2440 5553 σημασίαν,
2479 5482 2568 5534 ἵνα
2608 5480 2683 5552 μὴ
2737 5478 2826 5532 διὰ
2871 5479 3076 5543 ταύτας
3129 5478 3286 5533 ἄλλον
3331 5471 3695 5545 διαγράφωμεν

462 5569 604 5627 tuor,
633 5564 944 5636 quinqueve
974 5569 1136 5624 annis
1167 5569 1244 5636 lit,
1277 5571 1334 5625 in
1365 5571 1616 5639 pluribus
1650 5587 1759 5626 non
1810 5571 2022 5628 accidit‘

2143 5573 2360 5628 κύκλον.
2388 5573 2556 5625 Πέντε
2586 5573 2641 5626 δὲ
2674 5573 2831 5644 μόνον
2856 5569 3074 5634 κύκλοις
3094 5569 3161 5623 τὰ
3182 5570 3415 5639 ἑκάστης
3440 5567 3696 5619 ἐννεακαι-

529 5719 576 5751 ⁸⁸
604 5719 639 5771 Γ.
673 5720 752 5774 ιδ’.
