3950 6266
282 274 419 331 1257

1048 271 1105 326 S.
1148 268 1392 325 MAXIM]
1429 263 1788 323 MARTYRIS
1824 263 2200 321 COMPUTUS
2236 262 2675 321 ECCLESIAST.

3378 262 3516 317 1258

278 385 655 458 δεκαετηρίδος
688 384 1065 456 τετηρήκαμεν
1096 383 1221 453 ἔτη·
1252 382 1437 453 ἐπειδὴ
1464 382 1584 435 οὐδὲ
1616 381 1712 452 μιᾷ
1740 396 1838 432 πε-

1950 378 2155 432 Etcnim
2210 394 2307 449 per
2357 376 2606 450 quamvis
2652 375 3219 432 enneadecaeteridem
3258 376 3314 431 in
3356 381 3519 434 annis

182 547 186 550 γ
278 477 516 550 ραιτέρω
545 475 653 529 τῶν
682 473 722 528 ε’
752 475 885 529 ὲτῶν
915 476 993 537 εἰς
1014 472 1294 545 Κυριακὴν
1324 473 1531 545 ἡμέραν
1570 469 1838 527 συναντῶ-

284 585 382 621 σαν
412 568 719 639 εὑρήκαμεν
741 565 838 636 τὴν
871 567 996 636 παρ’
1023 563 1249 627 ἐκείνοις
1276 562 1650 635 ψηφιζομένην
1678 561 1717 617 ε’
1750 563 1843 617 καὶ

283 658 336 727 ι’,
368 660 400 732 ἦ
432 657 485 724 ς’
509 658 602 712 καί
636 656 780 722 ι’,είς
820 656 888 741 ἢν
931 655 1051 709 καθ’
1085 657 1229 727 ἡμᾶς
1254 653 1294 707 δ’
1326 654 1416 708 καί
1456 652 1485 707 ι’
1529 653 1840 724 ψηφίζεται,

282 749 396 804 ἀλλ’
427 749 460 818 ἢ
503 750 560 801 ἐν
594 748 692 811 ἐνἰ,
725 746 758 818 ἢ
785 747 952 809 δυσὶν,
994 747 1027 817 ἢ
1054 746 1251 817 τρισὶν,
1280 746 1313 816 ἢ
1343 745 1646 816 τέσσαρσιν,
1679 746 1712 817 ἢ
1760 743 1800 798 ε’
1825 762 1840 776 ο

284 841 449 895 πλείω
473 840 529 893 δὲ
560 836 824 909 οὐδαμῶς,
854 838 1010 892 Κατὰ
1036 839 1211 891 πᾶσαν
1244 838 1340 907 μὲν
1362 836 1469 908 γὰρ
1507 835 1842 890 ἐννεακαιδε-

282 931 576 1003 καετηρίδα
607 929 663 982 ἐν
704 947 763 983 τε
794 932 906 992 τοῖς
936 928 1244 1000 δεκατρισὶν
1273 927 1447 980 ἐτεσιν
1484 925 1524 980 ε’
1550 927 1643 980 καί
1672 923 1725 994 ι’,
1753 926 1845 980 καὶ

281 1022 358 1094 τῷ
391 1024 470 1075 ἑνὶ
514 1014 574 1085 ἒξ
601 1021 693 1074 καὶ
722 1018 753 1074 ι’
782 1020 879 1092 τὴν
922 1017 961 1072 δ’
1004 1021 1097 1073 καὶ
1127 1016 1180 1084 ι’,
1204 1018 1282 1082 ὼς
1307 1017 1462 1087 ἔφην,
1500 1016 1842 1088 ψηφίζουσιν.

284 1116 394 1167 Οὐκ
420 1113 535 1167 ἐστι
563 1113 619 1166 δὲ
639 1114 716 1176 εἰς
738 1111 1018 1183 Κυριακὴν
1046 1112 1279 1182 ἡμέραν.
1317 1109 1405 1175 Ἐξ
1425 1101 1485 1162 οὗ
1518 1108 1618 1162 κᾶν
1641 1110 1689 1161 εἰ
1717 1108 1845 1180 περί

281 1204 377 1276 τὴν
402 1205 501 1275 τῆς
526 1204 751 1274 σελήνης
780 1202 1096 1272 σφάλλονται
1128 1201 1361 1274 ἡμέραν,
1386 1200 1520 1254 ἀλλά
1551 1217 1611 1269 γε
1639 1199 1766 1271 περὶ
1786 1199 1847 1252 τὸ

282 1296 423 1349 κατὰ
466 1295 697 1367 Χριστὸν
744 1296 805 1348 οὐ
844 1293 1264 1366 διαμαρτάνουσι
1302 1292 1494 1362 Πάσχα
1519 1292 1569 1346 δ.
1651 1331 1665 1344 .
1740 1334 1757 1349 .
1830 1327 1847 1343 .

281 1386 372 1440 τοῦ
401 1385 668 1439 τελεῖσθαι
698 1384 855 1456 μέχρι
891 1384 992 1453 τῆς
1031 1384 1123 1436 τοῦ
1167 1384 1399 1452 φέγγους
1429 1381 1639 1445 εἰκάδος
1668 1379 1715 1433 α’
1737 1397 1751 1411 ο
1782 1380 1848 1451 ἢν

278 1478 378 1547 οὐχ
412 1476 847 1549 ὖπερδαίνουσιν,
879 1475 984 1527 ἀπὸ
1008 1474 1262 1547 δευτέρας
1295 1475 1392 1543 τὴν
1433 1471 1473 1526 ε’
1504 1473 1596 1527 καὶ
1636 1470 1667 1526 ι’
1683 1472 1853 1542 ψηφί-

278 1567 682 1639 ζον-τεςῶσπερ
710 1567 829 1621 οὐδὲ
860 1567 966 1620 ἀπὸ
986 1564 1031 1635 γ’
1054 1566 1151 1636 τὴν
1177 1565 1228 1631 ς’
1260 1566 1354 1618 καὶ
1373 1564 1437 1619 ι’.
1455 1566 1607 1619 Ἐπεὶ
1627 1566 1852 1635 ταύτην,

281 1661 421 1730 λέγω
452 1660 508 1714 δὲ
538 1660 633 1732 τὴν
662 1658 713 1726 ς’
735 1661 827 1713 καί
859 1656 910 1724 ι’,
935 1659 1029 1711 ἐὰν
1054 1659 1162 1711 ἀπὸ
1185 1659 1281 1729 τῆς
1297 1657 1439 1712 κατὰ
1465 1658 1559 1730 τὴν
1585 1658 1855 1728 ἑϐδομάδα

281 1751 532 1823 δευτέρας
569 1751 896 1822 ψηφίσωσιν,
928 1750 1309 1823 ὑπερϐαίνουσι
1353 1750 1568 1811 πάντως
1587 1766 1603 1782 ο
1631 1747 1704 1814 ις’
1735 1748 1842 1818 γὰρ
1873 1732 1914 1786 Β

281 1842 373 1894 καὶ
404 1837 456 1905 ς’
489 1838 572 1911 κβ¹
605 1839 867 1895 ποιοῦσιν.
923 1840 1015 1892 Διὸ
1067 1840 1160 1892 καὶ
1208 1838 1276 1892 τά
1310 1839 1479 1902 οὕτως
1512 1842 1640 1910 παρ’
1664 1840 1843 1903 αὐτοῖς

283 1929 621 2001 ψηφιζόμενα
652 1930 754 1999 τῆς
800 1929 1027 2001 σελήνης
1066 1929 1160 1999 ἔτη
1193 1929 1649 2001 ὲσημειωσάμεθα
1679 1929 1765 1983 διὰ
1801 1925 1844 1999 β’

282 2018 545 2090 στιγμῶν.
589 2019 816 2089 Ὁμοίως
844 2019 899 2072 δὲ
930 2019 1022 2071 καὶ
1053 2018 1121 2071 τὰ
1150 2020 1207 2071 ἐν
1231 2014 1311 2082 οἷς
1339 2021 1419 2084 εἰς
1441 2019 1723 2091 Κυριακὴν
1749 2018 1845 2090 τὴν

280 2111 577 2183 εἰρημένην
606 2108 659 2177 ς’
687 2111 781 2164 καὶ
814 2108 843 2163 ι’
880 2110 1227 2182 τηροῦσι,διὰ
1253 2111 1416 2182 τριῶν
1442 2110 1701 2183 στιγμῶν.
1736 2112 1845 2165 Καὶ

281 2194 433 2265 οὗτος
472 2203 503 2254 ὁ
544 2200 673 2271 περὶ
709 2200 816 2254 τῶν
850 2200 1092 2270 στιγμῶν
1131 2200 1285 2269 λόγος
1313 2199 1422 2254 τῶν
1448 2201 1677 2254 ἐνόντων
1704 2202 1845 2255 τισὶν

282 2293 427 2347 ἔτεσι
457 2293 556 2364 τῆς
583 2291 832 2363 σελήνης,
866 2292 927 2356 ἐξ
953 2286 1027 2346 ὧν
1059 2295 1092 2363 ή
1130 2292 1378 2364 διαστολὴ
1412 2292 1619 2361 γίνεται
1653 2293 1763 2346 τῶν
1789 2295 1845 2347 ὲν

280 2378 361 2448 οἷς
386 2383 560 2437 εἰκάδι
590 2380 653 2453 β’,
682 2384 776 2436 καὶ
805 2385 862 2436 ἐν
892 2378 972 2447 οἷς
1012 2383 1185 2437 εἰκάδι
1213 2381 1284 2451 γ’,
1311 2383 1406 2436 καὶ
1443 2385 1501 2436 ὲν
1522 2378 1603 2447 οἷς
1630 2384 1733 2454 πρὸ
1750 2383 1845 2436 τοῦ

294 2472 580 2546 Ἐϐραῖκοῦ
634 2474 823 2545 Πάσχα
868 2474 928 2527 τὸ
978 2475 1117 2528 κατὰ
1164 2474 1394 2545 Χριστὸν
1426 2474 1575 2545 παρὰ
1616 2475 1676 2528 τὸ
1702 2475 1847 2538 εἰκὸς

281 2565 669 2629 κανονίζουσιν.
712 2566 798 2618 Ἐν
837 2566 945 2637 γὰρ
988 2569 1098 2630 τοῖς
1126 2565 1225 2629 τὰς
1260 2565 1353 2619 δύο
1386 2566 1618 2636 στιγμὰς
1663 2566 1845 2637 ἔχουσι

278 2653 438 2708 τοῦτο
475 2651 736 2718 ποιοῦσιν,
775 2656 855 2717 εἰς
891 2652 1170 2726 Κυριακὴν
1201 2653 1414 2725 ἡμέραν
1442 2653 1538 2725 τὴν
1570 2655 1696 2726 παρ’
1718 2656 1846 2725 ἡμῖν

275 2742 411 2815 7'”,
446 2746 540 2799 καὶ
573 2743 624 2810 ι’,
649 2742 689 2797 ε’
720 2747 815 2798 καὶ
843 2742 897 2808 ι’,
921 2745 1073 2798 αὐτοὶ
1097 2744 1190 2797 τοῦ
1231 2745 1464 2814 φέγγους
1497 2745 1844 2817 ψηφίζοντες.

282 2838 377 2901 Εἰς
424 2836 491 2908 ὴν
545 2837 667 2889 ὅσον
701 2836 800 2906 μὲν
846 2836 912 2888 δι’
952 2837 1120 2908 αὐτὴν
1165 2836 1264 2908 τὴν
1306 2834 1347 2888 ε’
1381 2836 1475 2891 καὶ
1515 2835 1544 2888 ι’
1572 2835 1847 2908 ἑορτάζειν

280 2922 505 2992 ὤφελον,
553 2922 708 2977 τοῦτό
736 2940 799 2990 γε
837 2922 931 2978 τοῦ
963 2923 1186 2987 κανόνος
1232 2925 1601 2997 ὲγχωροῦντος
1640 2929 1845 2991 ποιεῖν,

280 3015 403 3069 ὅσον
416 3014 471 3067 δὲ
489 3015 576 3067 διὰ
596 3013 689 3085 τὴν
707 3012 747 3066 δ’
770 3016 862 3068 καὶ
891 3013 921 3068 ι’
947 3018 1013 3086 τῇ
1046 3015 1191 3086 ἑξῆς,
1218 3015 1382 3084 ἡγουν
1403 3019 1470 3087 τῇ
1503 3014 1548 3087 β’
1573 3017 1673 3088 τῆς
1695 3017 1846 3071 €660-

286 3106 452 3178 μάδος
486 3107 852 3177 ὑπάρχουσαν,
888 3107 993 3178 πρὸ
1038 3106 1131 3161 τοῦ
1179 3107 1298 3162 καθ’
1335 3108 1616 3180 Ἐϐραίους
1657 3111 1847 3182 Πάσχα

280 3197 345 3252 τὸ
389 3197 529 3251 κατὰ
558 3197 786 3268 Χριστὸν
820 3197 1125 3269 ἐλέγχονται
1178 3199 1562 3267 κανονίζοντες,
1596 3203 1691 3257 καὶ
1725 3205 1849 3277 περὶ

281 3289 382 3359 τὴν
420 3288 591 3359 ἀληθῆ
618 3289 797 3358 ψῆφον
817 3287 1282 3359 διαμαρτάνοντες.
1308 3293 1371 3346 Εἰ
1403 3292 1510 3365 γάρ
1538 3294 1631 3346 καὶ
1662 3297 1695 3365 ἠ
1725 3311 1848 3347 συν-

285 3380 562 3449 ἐμπτωσις
585 3377 680 3432 τοῦ
708 3379 847 3432 κατὰ
872 3380 1104 3449 Χριστὸν
1134 3381 1269 3452 πρὸς
1308 3381 1370 3434 τὸ
1413 3382 1696 3452 Ἐὅραῖκὸν
1737 3382 1850 3434 δια-

283 3471 537 3526 ϐάλλεται
576 3471 787 3542 Πάσχα,
821 3472 872 3523 τί
903 3470 947 3523 δ’
973 3471 1037 3524 ἄν
1070 3488 1151 3535 τις
1183 3472 1325 3525 εἴποι
1356 3473 1482 3544 περὶ
1512 3473 1613 3543 τῆς
1641 3489 1849 3542 προεμ-

287 3563 574 3627 πτώσεως;
597 3561 890 3633 Συμϐαίνει
916 3562 972 3615 δὲ
1001 3556 1153 3626 αὖθις
1175 3562 1412 3626 ἐκείνους
1434 3563 1494 3616 τὸ
1524 3563 1635 3616 ἴσον
1656 3563 1847 3628 τελεῖν,

288 3655 394 3710 κᾶν
424 3658 535 3718 τοῖς
559 3654 675 3707 to"
707 3693 722 3708 .
798 3692 815 3708 .
889 3695 903 3709 .
985 3692 1001 3708 .
1077 3694 1093 3709 .
1163 3695 1179 3710 .
1256 3695 1271 3708 .
1300 3653 1493 3707 ἔτεσιν.
1531 3655 1618 3707 Ἐν
1643 3654 1851 3717 τούτοις

288 3747 395 3820 γὰρ
443 3746 832 3800 πεντεκαιδεκά
906 3787 920 3801 .
996 3785 1012 3801 .
1090 3786 1105 3801 .
1179 3782 1196 3798 .
1277 3784 1292 3800 .
1365 3785 1380 3799 .
1459 3783 1475 3800 .
1553 3783 1567 3797 .
1601 3743 1699 3816 τὴν
1753 3744 1851 3815 τῆς

287 3842 368 3904 εἰς
399 3839 681 3911 Κυριακὴν
710 3839 932 3910 ,ἡμέραν
969 3837 1107 3908 ψηφί

289 3928 472 3995 ζοντες
500 3929 594 3983 τοῦ
628 3929 851 4000 νομικοῦ
883 3928 1090 3998 Πάσχα.
1133 3927 1220 3991 Ὠς
1243 3927 1311 3981 ἂν
1347 3926 1523 3981 τοίνυν
1556 3967 1570 3982 .
1648 3966 1661 3981 .
1742 3969 1754 3982 .
1832 3969 1848 3982 .

284 4021 422 4091 δῆλα
451 4021 544 4074 καὶ
568 4020 738 4073 ταῦτα
767 4024 880 4084 τοῖς
913 4018 1296 4089 ἐντυγχάνουσι
1366 4058 1380 4071 .
1461 4055 1473 4070 .
1552 4059 1565 4073 .
1648 4062 1660 4073 .
1737 4058 1750 4072 .
1835 4057 1848 4071 .

293 4113 431 4186 μόνῃ
459 4115 658 4184 στιγμῇ
691 4111 1149 4183 διεσημηνάμεθα.
1184 4111 1335 4164 Εἰσὶν
1371 4106 1464 4164 οὖν
1489 4112 1556 4164 τὰ
1588 4111 1853 4183 μηδεμίαν

293 4220 1849 4262 στιγμὴν...............

293 4220 1849 4262 στι

291 4206 568 4366 καὲιμέὴν
590 4296 792 4350 οἰκείαν
818 4295 1071 4366 ἐξάγουσι
1097 4296 1275 4368 ψῆφον
1307 4298 1366 4351 τὸ
1385 4299 1575 4368 Πάσχα
1592 4312 1606 4326 '
1630 4297 1853 4370 πρώτην

1944 484 2066 531 xm,
2096 468 2360 523 decimam
2391 468 2638 538 quintam
2675 484 2688 521 :
2722 467 2776 521 in
2810 481 2939 531 uno,
2973 482 3062 521 xvr
3093 473 3307 537 putant,
3336 476 3395 522 ut
3429 469 3517 524 di-

1939 568 2086 614 ctum
2112 566 2216 623 est,
2261 574 2381 614 eam
2412 574 2533 630 qua:
2562 573 2653 612 xiv
2683 572 2872 613 revera
2900 566 3003 613 est.
3037 557 3142 614 Sed
3177 558 3234 613 in
3274 557 3518 615 Domini-

1943 669 2061 707 cam
2088 668 2165 709 ea:
2196 668 2305 708 non
2342 652 2614 708 incidunt.
2645 650 2803 707 Unde
2837 652 2959 707 licet
2991 652 3046 706 in
3087 652 3173 707 die
3221 651 3342 722 ipso
3376 653 3520 706 lunae

1941 739 2113 809 fugiat
2159 741 2281 795 illos
2334 740 2509 808 ratio,
2562 755 2670 795 non
2698 748 2903 819 tamen
2962 742 3017 794 in
3063 740 3377 796 Christiano
3415 741 3520 795 Pa-

1947 835 2135 889 schate
2177 848 2331 888 error
2366 833 2577 903 obrepit
2608 874 2622 886 .
2655 873 2670 887 .
2706 871 2721 886 .
2754 872 2769 886 .
2800 832 3062 887 celebrari
3113 849 3286 903 usque
3328 833 3395 888 ad
3426 850 3519 888 xu

1944 926 2084 981 lunm
2106 941 2268 996 quam
2293 940 2403 980 non
2430 925 2842 991 transcendunt,
2870 940 2993 979 cum
3022 925 3261 980 secunda
3286 925 3417 980 feria
3451 942 3520 980 xv

1940 1023 2259 1086 computant
2291 1036 2303 1071 :
2337 1015 2794 1085 quemadmodum
2825 1031 2948 1070 cum
2992 1017 3151 1071 tertia
3196 1031 3288 1070 xv:
3334 1032 3520 1070 nume-

1945 1116 2090 1163 rant.
2140 1106 2273 1162 Nam
2319 1106 2365 1163 si
2419 1107 2560 1163 hanc
2609 1108 2784 1178 ipsam
2832 1123 2921 1161 xvi
2956 1107 3090 1164 feria
3124 1125 3160 1163 ιι
3204 1117 3518 1170 numerent.

1947 1201 2138 1269 utique
2182 1199 2683 1270 transgrediuntur.
2735 1198 2945 1269 Quippe
2993 1217 3079 1253 xv:
3124 1208 3179 1255 et
3215 1218 3270 1255 γι
3314 1202 3522 1259 faciunt

1947 1305 2081 1344 xxu.
2106 1286 2188 1343 0b
2212 1289 2353 1342 hanc
2381 1302 2600 1342 causam
2627 1303 2802 1343 annos
2830 1288 2971 1343 lunae
2994 1304 3181 1344 eorum
3209 1291 3418 1348 calculo
3443 1294 3520 1348 ita

1951 1385 2169 1450 putatos
2202 1377 2405 1447 duplici
2443 1384 2646 1448 puncto
2684 1378 2990 1434 notavimus
3023 1396 3036 1434 :
3070 1380 3318 1436 similiter
3346 1398 3519 1437 annos

1950 1484 2067 1529 eos,
2118 1469 2316 1538 quibus
2364 1467 2644 1522 Dominica
2672 1468 2759 1523 die
2790 1484 2878 1523 ιινι
2913 1470 3025 1537 illa,
3060 1485 3221 1539 quam
3252 1471 3513 1539 diximus,

1953 1559 2293 1621 observatur,
2346 1568 2550 1629 puncto
2601 1560 2799 1629 triplici
2852 1560 3219 1618 distinximus.
3275 1563 3386 1620 Hoc
3435 1580 3521 1622 est

1953 1659 2273 1718 punctorum
2308 1649 2521 1702 illorum
2554 1652 2848 1719 negotium,
2883 1665 3003 1720 qua}
3047 1652 3371 1727 quibusdam
3416 1670 3518 1709 an-

1943 1742 2031 1796 nis
2076 1741 2218 1795 lunae
2260 1747 2387 1795 sunt
2439 1740 2736 1811 adscripta,
2780 1751 2835 1796 et
2881 1741 2949 1796 ad
2987 1741 3280 1799 discrimen
3329 1761 3519 1802 eorum

1944 1831 2236 1902 pertinent,
2291 1831 2490 1901 quibus
2547 1833 2604 1886 in
2661 1848 2776 1886 χιιι
2838 1840 2933 1887 aut
2984 1850 3120 1889 xxm
3171 1835 3311 1891 Iunce
3373 1838 3519 1894 diem

1943 1923 2151 1979 Pascha
2194 1923 2301 1978 illis
2332 1922 2524 1977 incidit
2557 1942 2569 1977 :
2603 1930 2719 1977 tum
2747 1923 2909 1979 etiam
2946 1926 3145 1994 quibus
3174 1937 3297 1983 ante
3330 1927 3520 1984 Judai-

1943 2030 2067 2071 cum
2112 2014 2344 2079 Pascha,
2382 2015 2749 2095 Christianum
2797 2017 2867 2072 ab
2898 2018 3111 2082 iisdem,
3135 2028 3324 2075 contra
3353 2037 3518 2093 quam

1943 2115 2175 2177 oportet,
2210 2108 2489 2164 indicitur.
2525 2107 2650 2163 Haec
2679 2109 2824 2163 enim
2867 2110 2935 2166 iis
2969 2111 3128 2166 annis
3161 2111 3388 2178 faciunt,
3423 2116 3520 2184 qui

1943 2200 2157 2255 duobus
2208 2201 2429 2270 punctis
2483 2201 2693 2276 praediti
2748 2209 2910 2270 sunt;
2963 2210 3024 2258 ut
3073 2202 3353 2260 Dominica
3404 2206 3516 2270 die,

1943 2306 2107 2359 quam
2139 2305 2241 2344 nos
2270 2307 2369 2345 xm
2399 2292 2581 2346 lunam
2616 2301 2893 2363 putamus,
2919 2308 3036 2348 eam
3081 2293 3186 2364 ipsi
3227 2311 3297 2349 xv
3327 2311 3521 2351 nume-

1944 2391 2085 2439 rent.
2117 2382 2253 2438 Tum
2283 2384 2450 2447 enim,
2484 2392 2749 2455 quantum
2795 2386 2859 2440 ad
2894 2402 2964 2440 xv
2996 2388 3210 2452 attinet,
3243 2388 3520 2445 celebrare

1944 2469 2154 2527 Pascha
2198 2471 2519 2536 debuerant,
2563 2488 2687 2528 cum
2722 2473 2825 2529 hoc
2859 2473 2973 2528 ﬁeri
3014 2490 3110 2545 per
3138 2491 3400 2532 canonem
3451 2478 3520 2532 li-

1944 2568 2085 2615 ceat.
2133 2559 2415 2628 Quatenus
2467 2570 2648 2619 autem
2695 2580 2786 2618 xiv
2836 2567 3082 2635 sequenti
3126 2567 3234 2628 die,
3285 2568 3391 2624 hoc
3434 2578 3520 2625 est

1946 2652 2080 2709 feria
2120 2655 2358 2711 secunda
2390 2655 2763 2720 hebdomadis,
2795 2658 3044 2723 incurrit,
3076 2667 3202 2715 ante
3231 2659 3518 2718 Iudaicum

1945 2741 2151 2798 Pascha
2182 2743 2548 2799 Christianum
2588 2746 2708 2801 illos
2754 2753 2995 2801 statuere
3016 2790 3031 2813 ,
3068 2756 3124 2803 et
3156 2764 3186 2802 a
3216 2751 3362 2808 veris
3407 2753 3524 2806 cal-

1945 2835 2084 2891 culis
2128 2835 2400 2902 aberrare,
2460 2837 2599 2891 ratio
2647 2840 2766 2906 ipsa
2813 2839 3110 2894 convincit.
3162 2839 3296 2895 Nam
3347 2844 3395 2898 si
3434 2844 3520 2898 vel

1944 2927 2063 2997 ipse
2108 2925 2391 2983 Paschalis
2440 2930 2614 2984 nostri
2664 2945 2789 2984 cum
2845 2929 3075 2986 Jud‘aico
3115 2947 3418 2990 concursus
3462 2936 3523 2991 in

1946 3017 2105 3087 culpa
2155 3024 2273 3083 est,
2323 3019 2455 3088 quid
2505 3020 2797 3075 dicendum
2838 3031 2942 3085 est,
2986 3023 3034 3077 si
3084 3024 3187 3079 hoc
3234 3026 3398 3079 etiam
3451 3027 3525 3081 sit

1949 3107 2081 3175 illud
2112 3110 2393 3165 anterius?
2419 3110 2698 3182 Contiugit
2729 3119 2910 3167 autem
2942 3129 3135 3170 rursus
3176 3115 3299 3172 illos
3328 3116 3524 3173 eodem

1948 3200 2223 3255 celebrare
2263 3201 2444 3265 modo,
2490 3203 2575 3258 his
2607 3207 2765 3260 annis
2847 3244 2859 3258 .
2940 3247 2954 3262 .
3033 3248 3047 3262 .
3126 3249 3140 3263 .
3220 3250 3235 3263 .
3314 3249 3330 3263 .
3407 3249 3423 3264 .
3506 3251 3522 3265 .

1948 3286 2006 3343 In
2054 3291 2140 3345 his
2189 3293 2336 3345 enim
2384 3291 2648 3348 decimam
2711 3297 2958 3366 quintam
3034 3339 3049 3355 .
3127 3342 3142 3354 .
3223 3340 3239 3356 .
3314 3339 3331 3354 .
3403 3317 3526 3372 qua

1950 3377 2005 3432 in
2052 3378 2338 3434 Dominica
2380 3381 2468 3436 die
2514 3393 2862 3454 computatur
2937 3425 2954 3442 .
3029 3425 3046 3443 .
3124 3427 3143 3445 .
3220 3429 3235 3442 .
3314 3391 3527 3461 .legalis

1948 3463 2258 3522 Paschatis.
2320 3466 2392 3521 Ut
2447 3470 2613 3540 igitur
2691 3514 2705 3527 .
2785 3514 2799 3527 .
2880 3514 2895 3529 .
2974 3515 2990 3531 .
3067 3476 3352 3533 manifesta
3410 3479 3526 3534 haec

1949 3557 2242 3614 lectoribus
2310 3601 2324 3615 .
2404 3603 2419 3616 .
2499 3604 2513 3617 .
2594 3604 2607 3620 .
2672 3566 2934 3637 singulari
2966 3577 3166 3637 puncto
3194 3570 3521 3626 notavimus.

1953 3646 2090 3701 Sunt
2119 3649 2285 3719 igitur
2313 3667 2433 3722 qua:
2463 3665 2666 3725 puncto
2698 3659 2843 3712 omni
2875 3669 3062 3714 carent
3128 3701 3142 3715 .
3221 3701 3236 3716 .
3315 3702 3330 3717 .
3408 3701 3425 3718 .
3505 3703 3522 3719 .

1951 3829 2160 3884 Pascha
2211 3834 2279 3887 ad
2327 3849 2456 3890 suas
2497 3839 2740 3897 rationes
2789 3843 3233 3911 accommodant;
3265 3860 3386 3915 qua:
3429 3862 3523 3900 xx:

1951 3922 2321 3979 ecclesiastica
2381 3929 2638 3984 methodo
2685 3939 3049 4002 computatur.
3096 3935 3167 3989 At
3215 3937 3307 4007 qui
3364 3938 3525 3992 unico

1953 4022 2155 4083 puncto
2204 4017 2473 4089 duplicive
2519 4030 2649 4077 sunt
2697 4022 2894 4089 allecti,
2944 4026 2978 4080 ii
3031 4034 3180 4092 sunt,
3223 4028 3278 4082 in
3326 4028 3525 4098 quibus

1954 4119 2061 4158 non
2110 4107 2287 4161 solum
2320 4125 2435 4164 χχιι
2470 4111 2579 4176 die,
2626 4112 2721 4167 sed
2751 4114 2914 4168 etiam
2948 4124 3073 4170 ante
3107 4117 3279 4187 lega‘e
3316 4117 3527 4174 Pascha

1953 4192 2318 4252 Christianum
2364 4201 2433 4256 ab
2479 4202 2549 4258 iis
2590 4203 2849 4258 indicitur
2894 4225 2907 4261 :
2946 4207 3079 4262 adeo
3125 4214 3184 4261 ut
3220 4208 3312 4278 qui
3357 4224 3527 4263 unum

1953 4284 2154 4342 habent
2200 4303 2482 4361 punctum,
2515 4295 2599 4351 his
2635 4304 2856 4366 propter
2886 4299 3183 4354 bissextum
3241 4299 3377 4354 illud
3436 4316 3529 4355 ac-

292 4390 388 4442 καὶ
437 4388 623 4443 εἰκάδα
672 4389 812 4443 κατὰ
856 4388 954 4459 τὴν
1002 4389 1454 4461 ὲκκλησιαστικὴν
1502 4389 1850 4461 ὑπάρχουσαν

1956 4376 2133 4444 cidat;
2169 4382 2260 4450 qui
2291 4382 2493 4454 duplici
2547 4384 2760 4456 praediti
2806 4394 2954 4453 sunt,
2983 4396 3206 4457 propter
3234 4389 3352 4444 dies
3380 4389 3525 4454 illos,

297 4477 532 4546 μέθοδον.
558 4477 636 4529 Τά
655 4476 710 4529 δὲ
734 4476 860 4546 μίαν
882 4477 916 4548 ἢ
936 4476 1028 4531 δύο
1059 4477 1369 4547 κεκτημένα
1403 4478 1657 4547 στιγμὰς,
1684 4481 1743 4530 ἐν
1775 4474 1856 4542 οἷς

293 4571 373 4633 εἰς
389 4567 575 4622 εἰκάδα
595 4566 635 4638 β’
651 4568 712 4621 οὐ
738 4569 912 4638 μόνον,
929 4560 1064 4621 ἀλλὰ
1083 4570 1177 4622 καὶ
1197 4570 1256 4623 τὸ
1280 4569 1438 4623 κατὰ.
1458 4571 1689 4640 Χριστὸν
1700 4570 1794 4622 τοῦ
1806 4571 1854 4602 ⁸⁸

292 4658 517 4730 νομικοῦ
555 4661 654 4730 ﬁ”
681 4658 927 4713 λέλεκται
957 4659 1322 4725 κανονίζουσιν
1341 4676 1353 4688 ⁸
1384 4662 1432 4712 εἰ
1478 4661 1571 4713 καὶ
1606 4664 1719 4724 τοῖς
1757 4661 1856 4730 μὲν

293 4747 403 4805 οἷον
438 4755 546 4815 τοῖς
584 4752 711 4820 μίαν
747 4750 926 4821 ἔχουσι
957 4750 1052 4821 τὴν
1075 4750 1304 4822 στιγμὴν
1330 4750 1417 4804 διὰ
1453 4750 1514 4803 τὸ
1538 4751 1810 4820 βίσσεξτον
1837 4769 1852 4782 ·

295 4845 406 4905 τοῖς
458 4842 514 4896 δὲ
551 4841 647 4903 τὰς
686 4840 779 4894 δύο
825 4841 1055 4910 στιγμὰς
1078 4840 1167 4894 διὰ
1199 4841 1296 4903 τὰς
1319 4845 1383 4894 ὲκ
1410 4841 1516 4894 τῶν
1544 4841 1850 4911 ἑξηκοστῶν

296 4931 680 5004 ἀθροιζομένας
726 4933 906 4994 αὐτοῖς
933 4930 1161 5002 ἡμέρας·
1188 4933 1256 4986 τὰ
1288 4931 1345 4984 δὲ
1378 4932 1555 5001 τρισὶν
1584 4932 1713 5001 ὲνση
1725 4948 1856 5001 μαν-

275 5022 458 5076 ’θέντα
487 5023 758 5091 στιγμαῖς,
784 5022 841 5073 ὲν
876 5014 956 5083 οἷς
985 5020 1065 5083 εἰς
1102 5018 1286 5072 εἰκάδα
1314 5017 1385 5087 γ’,
1413 5019 1548 5090 πρὸς
1585 5018 1679 5072 καί
1713 5036 1852 5073 τισιν

295 5115 501 5186 ἑτέροις
525 5112 908 5184 ποστημορίοις
939 5111 1285 5170 ἐκτείνουσιν,
1333 5112 1468 5182 ὅπερ
1508 5111 1730 5165 ἄτοπον.
1769 5112 1856 5163 Ἐν

296 5205 519 5268 ταύταις
543 5204 598 5258 δὲ
626 5207 744 5268 ταῖς
772 5204 1084 5275 εἰρημέναις
1107 5202 1148 5255 ε’
1175 5202 1391 5266 ζώναις,
1428 5202 1592 5273 ἡγουν
1619 5205 1730 5265 τοῖς
1760 5202 1858 5256 κύ-

297 5297 465 5365 κλοις,
494 5296 851 5367 συνετάξαμεν
883 5299 993 5358 τοῖς
1016 5294 1157 5348 ἔτεσι
1188 5295 1287 5365 τῆς
1318 5295 1545 5366 σελήνης
1566 5293 1625 5360 ἐξ
1647 5294 1857 5349 εὐωνύ-

302 5405 417 5457 μων
439 5386 506 5440 τὰ
527 5387 617 5440 τοῦ
639 5386 787 5458 ἡλίου
813 5386 904 5458 ἔτη
934 5386 1068 5457 μετὰ
1101 5387 1193 5439 καὶ
1213 5387 1319 5439 τῶν
1339 5383 1403 5439 ιθ⁹
1419 5385 1630 5439 κύκλων
1654 5387 1851 5452 αὐτῶν,

298 5475 466 5546 ἦγουν
499 5474 1083 5546 εἰκοσιοκταετηρίδων,
1113 5473 1218 5527 ἀπὸ
1262 5472 1486 5545 σηρικοῢ
1527 5476 1849 5548 γεγραμμέ-

1959 4470 2053 4536 qui
2095 4485 2162 4525 ex
2209 4474 2453 4529 collectis
2501 4478 2848 4547 scxagesimis
2891 4478 3192 4546 accedunt;
3227 4480 3320 4548 qui
3352 4480 3528 4534 tribus

1960 4560 2194 4631 denique
2220 4567 2389 4619 notati
2421 4573 2566 4631 sunt,
2599 4568 2651 4621 in
2682 4568 2750 4623 iis
2775 4568 2841 4622 ad
2870 4584 3002 4623 χχιιι
3035 4584 3209 4639 usque
3236 4569 3377 4623 diem
3402 4585 3527 4624 cum

1960 4654 2372 4709 excurrentibus
2400 4656 2603 4728 aliquot
2643 4660 2915 4729 scrupulis
2948 4658 3156 4715 Pascha
3188 4659 3524 4715 dill‘unditur.

1961 4742 2116 4810 Quod
2155 4755 2236 4801 est
2282 4748 2599 4805 absurdum.
2629 4749 2895 4806 Cmterum
2929 4752 2983 4807 in
3019 4753 3127 4808 illis
3156 4753 3395 4824 quinque
3436 4769 3529 4807 zo-

1961 4836 2068 4902 nis,
2100 4837 2408 4903 circulisvc,
2440 4841 2508 4894 ad
2539 4856 2712 4898 annos
2744 4843 2884 4898 lunae
2910 4845 3116 4901 solares
3154 4844 3221 4898 ad
3251 4845 3527 4900 sinistram

1960 4929 2334 4998 ascripsimus,
2362 4946 2467 4985 una
2494 4946 2617 4986 cum
2641 4950 2734 4987 χιχ
2758 4935 2926 5005 cyclis
2958 4936 3220 5006 ipsorum,
3249 4936 3340 5006 qui
3370 4937 3531 4991 anuis

1962 5019 2157 5088 singuli
2189 5028 2438 5075 constant
2468 5032 2589 5077 octo
2617 5032 2671 5079 et
2702 5026 2888 5096 viginti
2924 5045 2937 5082 ι
2970 5043 3001 5082 ε
3034 5028 3234 5098 quibus
3260 5028 3532 5082 enneade-

1963 5111 2262 5167 caeterides
2306 5114 2524 5169 rubrica
2563 5115 2790 5186 depictas
2827 5128 2956 5173 sunt
3009 5138 3023 5174 :
3078 5129 3137 5175 ut
3189 5120 3528 5190 singularum

1963 5202 2090 5254 anni
2133 5201 2232 5263 illi,
2280 5203 2335 5257 in
2380 5204 2579 5274 quibus
2626 5206 2892 5263 decimam
2936 5217 3206 5279 quartam,
3248 5211 3337 5266 isti
3377 5210 3530 5265 deci-

1963 5307 2105 5348 mam
2128 5293 2285 5365 185
2300 5297 2567 5367 quintam,
2582 5299 2665 5353 vel
2683 5306 2889 5355 sextam
2905 5301 3167 5356 decimam
3189 5310 3525 5372 computant,

1961 5388 2114 5454 quoti
2168 5388 2279 5441 sint
2327 5386 2383 5441 in
2430 5389 2583 5459 cyclo
2629 5390 2780 5453 solis,
2828 5398 2882 5446 et
2934 5391 3094 5460 cujus
3146 5393 3305 5463 cycli,
3356 5391 3530 5461 possit

1963 5475 2183 5542 agnosci
2221 5495 2234 5529 :
2269 5483 2432 5547 atque
2461 5493 2530 5532 ex
2568 5482 2992 5550 congruentibus
3026 5483 3258 5550 epactis,
3298 5495 3420 5549 quae
3446 5496 3530 5535 se-

372 5631 418 5665 ⁸⁶
443 5631 488 5700 1⁵.
511 5630 573 5683 δ’·
650 5629 695 5661 ⁸⁷
730 5627 915 5683 Exesae
951 5628 1005 5681 in
1040 5629 1324 5697 exemplari
1363 5630 1557 5685 littera:
1582 5647 1683 5687 non
1717 5639 1865 5699 potus

1950 5640 1996 5686 ru
2019 5632 2102 5687 hic
2134 5633 2259 5705 legi,
2297 5651 2384 5689 nec
2409 5635 2654 5692 describi.
2730 5638 2776 5670 ⁸⁸
2805 5636 2847 5708 f.
2883 5638 2999 5708 πρδ
3015 5638 3134 5692 τοῦ.
3208 5638 3255 5670 ⁸³
3284 5638 3326 5708 Ῑ.
3365 5633 3400 5712 ᾗ

583 5724 852 5786 Parcae.
891 5724 1007 5785 Gn.
1041 5724 1210 5786 XIX.

3144 5733 3220 5794 ιιι)
