3950 6266
407 316 545 372 1259
1411 302 1513 356 'AD
1550 298 1817 356 EUSEBII
1855 297 2002 355 (ΖΗΕ4

2108 299 2253 355 ιαοΝ
2292 298 2380 354 AP
2393 298 2523 354 PES
2532 298 2644 352 Ι)ίὶ
2657 339 2669 353 .
3520 298 3656 354 12Βο

407 429 587 488 cundo
628 425 838 483 circulo
884 419 1131 494 ejusdem
1171 425 1305 474 rotae
1340 426 1472 474 sunt
1517 418 1810 488 inscriptae,
1850 415 1981 471 feria

2108 433 2190 470 νων
2220 415 2398 471 αὐτῶν
2437 418 2501 487 δὴ
2540 415 2647 468 τῶν
2673 415 3254 487 ὲννεαδεκαετηρίδων·
3300 416 3389 470 ἴνα
3437 416 3653 485 γνωσθῇ

408 517 750 579 conﬁciatur,
784 508 1359 582 compositis'inviccm
1390 508 1518 562 anni
1568 506 1699 562 solis
1748 507 1976 577 epactis,

2108 507 2267 573 ιάσης
2299 508 2922 581 ἐννεακαιδεκαετηρίδος
2960 508 3077 573 ἔτος
3108 512 3187 573 είς
3209 510 3238 563 δ
3265 508 3306 562 ε’
3335 512 3432 564 καὶ
3460 508 3516 577 ι’,
3540 512 3574 582 ἢ
3601 512 3659 579 ἒξ

409 596 463 665 et
490 606 721 662 Romani
752 605 955 660 mensis
980 603 1194 666 diebus,
1225 615 1333 654 una
1380 614 1505 653 cum
1555 597 1849 652 rubricatis
1891 610 1984 651 re-

2108 600 2182 652 ιαί
2228 604 2280 657 ι’.
2304 601 2500 652 ἐκεῖνοι
2555 599 2651 671 τὴν
2680 599 2721 652 δ’
2759 601 2854 654 καὶ
2895 599 2925 653 ι’
2961 600 3280 672 ψηφίζουσι,
3304 602 3507 655 πόστον
3546 603 3659 667 ἔτος

410 698 689 771 gularibus
736 715 751 751 :
803 710 867 749 ac
917 709 1129 749 summa
1178 708 1275 763 per
1318 709 1389 746 vn
1441 691 1638 747 deinde
1666 691 1858 746 divisa.
1902 688 1986 745 Ob

2108 691 2255 762 ιλίου,
2281 694 2375 746 καὶ
2409 694 2567 756 ποίας
2599 694 3155 765 είκοσιοκταετηρίδος
3189 694 3520 766 καθέστηκε.
3554 698 3661 749 κάκ

412 792 554 845 hanc
602 790 748 845 enim
795 801 1017 844 causam
1067 785 1226 840 annis
1273 784 1413 838 luna:
1453 783 1661 838 solares
1695 781 1761 836 ad
1798 781 1985 835 laevam

2108 781 2193 835 τῶν
2227 782 2392 835 αὐτοῦ
2419 783 2742 854 προσφόρων
2764 783 3171 847 ὲπακτῶν,.τῶν
3191 784 3664 855 ἐγγεγραμμένων

414 883 781 955 adiunximus.
800 880 1073 934 Hactenus
1088 878 1155 932 de
1171 886 1305 932 rota:
1324 876 1585 932 mediana:
1599 874 1984 943 descriptione.

2108 873 2231 927 ιατὰ
2257 874 2348 927 τὸν
2377 872 2421 944 β’
2450 874 2646 927 κύκλον
2681 873 2773 927 τοῦ
2799 873 2963 927 αὑτοῦ
2991 874 3210 950 τροχοῦ,
3238 877 3273 945 ή
3298 875 3398 944 τῆς
3429 873 3665 943 ἐϐδομάο

414 972 501 1035 δος
548 971 731 1044 ἡμέρα
779 968 1102 1039 διαγνωσθῇ,
1132 969 1272 1022 κατά
1307 985 1367 1021 τε
1410 966 1508 1039 τὴν
1543 964 1859 1037 συμπλοκὴν
1888 963 1994 1018 τῶν
2021 964 2115 1019 τοῦ
2161 966 2314 1037 ήλίου
2366 966 2518 1030 έτους
2573 966 2845 1030 ὲπακτῶν,
2911 967 3004 1020 καὶ
3037 967 3139 1037 τῆς
3182 966 3281 1020 τοῦ
3354 964 3665 1035 Ῥωμαῖκοῦ

419 1063 585 1134 μηνὸς
629 1063 912 1128 ποσταίας,
940 1060 1186 1115 -καὶητῶν
1230 1061 1337 1114 ἀπὸ
1387 1058 1609 1133 σηρικοῦ
1658 1059 1989 1133 προσθετῶν,
2055 1060 2150 1113 καὶ
2193 1061 2293 1133 τῆς
2326 1064 2406 1126 εἰς
2438 1060 2483 1126 ζ’
2511 1061 2619 1115 τῶν
2660 1061 3064 1133 ἀθροιζομένων
3089 1062 3421 1125 ἀναλύσεως.
3445 1058 3665 1126 Ταύτης

416 1155 525 1226 γὰρ
560 1154 744 1207 ἕνεκεν
780 1155 878 1222 τῆς
906 1152 1217 1216 αἰτίαςντοῖς
1247 1151 1347 1220 τῆς
1375 1152 1603 1223 σελήνης
1627 1150 1770 1205 ἔτεσι
1792 1148 1862 1203 τὰ
1884 1147 1977 1201 τοῦ
2008 1149 2158 1221 ήλίου
2200 1152 2562 1223 συνετάξαμεν
2596 1150 2689 1221 ἐτη
2712 1150 2771 1215 ἐξ
2802 1150 3113 1223 εὐωνύμων.
3163 1152 3347 1205 Ταῦτα
3399 1151 3533 1220 περὶ
3568 1149 3663 1217 τῆς

418 1247 478 1299 ὲν
507 1246 586 1317 τῷ
615 1245 765 1316 μέσῳ
792 1244 971 1316 τροχῷ
994 1244 1318 1317 διαγραφῆς.

912 1375 990 1430 De
1020 1377 1201 1430 tabula
1246 1378 1484 1432 sinislra.

489 1487 578 1546 lll.
632 1487 712 1543 Ex
742 1487 955 1543 duabus
1000 1488 1252 1555 tabellis,
1308 1490 1507 1559 quibus
1550 1490 1982 1560 utrinquevrota

422 1582 679 1653 stipatur,
718 1593 841 1651 quae
871 1579 938 1634 ad
968 1579 1248 1635 sinistram
1277 1580 1532 1636 deorsum
1563 1581 1736 1637 tendit
1782 1597 1812 1636 a
1837 1597 1985 1638 sum-

2331 1372 2467 1440 Περὶ
2507 1371 2611 1425 τοῦ
2644 1370 2713 1435 ἐξ
2743 1370 3064 1439 εὐωνύμων
3100 1371 3406 1425 κανονίου.

2158 1486 2234 1541 Ρ.
2274 1485 2429 1539 Τὰ-δὲ
2459 1483 2794 1557 ἑκατέρωθεν
2824 1483 2918 1537 δύο
2948 1483 3185 1549 κανόνια,
3216 1484 3276 1538 τὺ
3308 1486 3408 1556 μὲν
3437 1485 3500 1551 ἐξ
3525 1489 3662 1542 eam-

2090 1578 2272 1649 νύμων
2317 1576 2519 1631 ἄνωθεν
2567 1574 2659 1630 ἐπὶ
2709 1576 2778 1629 τὰ
2823 1574 2972 1629 κάτω
3023 1576 3340 1649 φερόμενον,
3398 1578 3662 1650 κέκτηται

421 1687 531 1737 mo,
557 1671 662 1725 ista
693 1671 974 1726 continet:
998 1670 1054 1725 in
1085 1670 1261 1741 primo
1289 1686 1453 1728 versu
1481 1681 1688 1742 septem
1720 1680 1848 1728 sunt
1869 1688 1984 1727 em-

2108 1669 2212 1724 ῖάδε
2232 1686 2247 1699 ⁸
2282 1670 2340 1721 ἐν
2371 1667 2449 1739 τῷ
2487 1675 2535 1722 α’
2581 1669 2780 1738 στίχῳ⁸
2813 1667 2940 1730 τοὺς
2968 1666 3012 1730 ζ’
3036 1667 3360 1739 ἐμϐολίμους
3396 1670 3575 1740 μῆνας
3604 1672 3662 1722 ἐν

422 1765 610 1821 bolimi
641 1778 861 1819 menses
910 1762 978 1817 ad
1013 1777 1145 1819 suos
1178 1763 1383 1834 quique
1419 1764 1563 1819 luna:
1606 1779 1780 1820 annos
1818 1764 1989 1819 ascri-

422 1856 536 1926 pti;
570 1856 627 1909 in
662 1853 929 1920 secundo,
963 1854 1091 1908 anni
1136 1853 1277 1908 luna:
1310 1869 1425 1919 xix,
1464 1856 1558 1924 qui
1586 1869 1696 1910 non
1728 1869 1760 1908 a
1789 1855 1987 1925 primo,

424 1944 520 2000 red
544 1958 577 1999 a
607 1952 807 2015 quarto
838 1943 1110 2014 incipiunt
1142 1957 1323 2012 anno;
1366 1945 1423 1998 in
1450 1944 1631 2011 tertio,
1687 1945 1816 1999 anni
1850 1946 1992 1999 lunae

425 2049 520 2092 ιιι
545 2050 577 2089 a
612 2035 789 2104 primo
820 2034 1078 2105 deinceps
1105 2033 1302 2090 ordine
1330 2035 1764 2107 progredientes.
1794 2036 1855 2091 Id
1894 2051 1993 2091 au-

424 2136 535 2183 tem
565 2127 671 2182 hoc
700 2127 863 2182 etiam
903 2127 1025 2182 loco
1054 2133 1342 2198 propterea
1372 2127 1577 2183 factum
1605 2136 1721 2194 est,
1741 2135 1801 2183 ut
1833 2144 1993 2200 quem

425 2220 501 2274 illi
534 2219 771 2290 primum
804 2234 1007 2274 annum
1035 2219 1176 2275 lunai
1208 2228 1552 2291 computant,
1598 2221 1686 2277 hic
1719 2221 1865 2292 apud
1894 2237 1995 2277 nos

424 2326 552 2368 esse
587 2321 817 2382 quartus
855 2311 1179 2367 ostendatur
1209 2330 1223 2367 :
1248 2320 1304 2369 et
1329 2312 1608 2369 secundus
1641 2314 1889 2384 quintus,
1924 2322 1999 2368 at-

424 2419 532 2475 que
558 2402 633 2458 ita
664 2404 923 2474 deinceps
958 2420 1132 2475 usque
1161 2405 1229 2460 ad
1272 2421 1476 2461 annum
1518 2424 1628 2462 xix.
1687 2406 1791 2463 Sed
1821 2407 1998 2478 primo

426 2497 549 2551 loco
593 2510 769 2551 annos
818 2495 1139 2567 posuimus,
1169 2499 1628 2569 quemadmodum
1672 2514 1703 2553 a
1732 2500 1890 2555 nobis
1911 2515 2001 2556 ec-

427 2588 738 2644 clesiastica
786 2590 1000 2643 ratione
1049 2599 1437 2660 computantur
1477 2592 1725 2662 :qui‘bus
1779 2592 1998 2647 illorum

427 2680 640 2736 calculo
699 2687 1015 2736 numeratos
1062 2682 1441 2751 subjecimus:
1485 2682 1635 2754 quod
1693 2683 1869 2738 nostri
1920 2683 1999 2738 illi

428 2770 542 2825 veri
593 2784 657 2824 ac
689 2769 910 2840 legitimi
945 2772 1073 2826 sint.
1115 2769 1178 2825 ln
1214 2788 1265 2827 Iv
1307 2787 1522 2829 versum
1574 2781 1797 2843 epactas
1832 2788 2003 2828 anno-

429 2875 552 2916 rum
578 2861 941 2930 conjecimus,
971 2861 1074 2917 hoc
1123 2870 1208 2917 est
1228 2871 1454 2918 atatem
1504 2866 1665 2931 lunae,
1700 2879 1822 2935 quae
1859 2878 2004 2919 anno

429 2951 552 3022 ejus
600 2949 843 3022 quolibet
882 2949 1162 3007 Ianuariis
1210 2950 1470 3007 Kalendis
1521 2953 1813 3023 competit;
1860 2952 1917 3007 in
1973 2969 2006 3008 ν

2089 1765 2200 1826 τοῖς
2252 1762 2582 1833 προσήκουσι
2628 1761 2730 1831 τῆς
2781 1760 3008 1832 σελήνης
3045 1760 3191 1814 ἔτεσι
3245 1764 3656 1834 κατατεταγμέ-

2090 1867 2245 1915 νους’
2302 1850 2358 1903 ὲν
2401 1849 2481 1920 τῷ
2531 1849 2575 1920 β’
2610 1850 2775 1921 στίχῳ
2814 1849 2883 1903 τὰ
2912 1848 2977 1902 ιθ⁸
3007 1850 3105 1920 τῆς
3132 1849 3358 1921 σελήνης
3392 1850 3513 1922 ἔτη,
3565 1852 3660 1905 οὐκ

2093 1938 2205 1994 ἀπὸ
2237 1937 2454 2010 πρώτου
2486 1937 2658 2001 ἔτους,
2710 1937 2824 1991 ἀλλ’
2850 1937 2957 1991 ἀπὸ
2997 1937 3038 1990 δ’
3061 1939 3160 2010 τὴν
3191 1939 3363 2011 ἀρχὴν
3390 1939 3657 2009 λαχόντα’

2092 2031 2151 2085 ὲν
2181 2029 2259 2100 τῷ
2293 2037 2340 2098 γ’
2380 2028 2552 2099 στίχῳ
2588 2029 2657 2081 τὰ
2690 2028 2754 2082 ιθ⁹
2780 2029 2877 2100 τῆς
2907 2029 3136 2099 σελήνης
3161 2028 3275 2099 ἐτη,
3310 2030 3419 2083 ἀπὸ
3444 2030 3659 2101 πρώτου

2094 2128 2246 2190 έτους
2289 2127 2412 2179 καθ’
2461 2124 2651 2196 εἱρμὸν
2695 2124 3024 2194 τεταγμένα.
3058 2124 3337 2177 ·Τοῦτο·δὲ
3383 2125 3660 2182 κάνταῦθα

2094 2218 2336 2288 γέγονεν,
2376 2218 2462 2270 ἵνα
2507 2216 2569 2268 τὺ
2616 2218 2746 2286 παρ’
2783 2216 3011 2278 ἐκείνοις
3055 2214 3420 2287 ψηφιζόμενον
3449 2218 3665 2289 πρῶτον

2094 2309 2192 2379 τῆς
2220 2308 2448 2379 σελήνης
2479 2307 2595 2371 ἔτος
2626 2306 2836 2379 δηλωθῇ
2881 2305 2923 2360 δ’
2953 2306 3012 2359 ὃν
3037 2309 3165 2379 παρ’
3188 2310 3340 2381 ήμίν,
3377 2309 3471 2363 καὶ
3501 2310 3564 2363 τὸ
3598 2310 3665 2381 β,

2096 2405 2157 2466 ε’,
2188 2399 2282 2452 καὶ
2322 2399 2495 2463 οὕτως
2540 2400 2597 2452 ὲν
2649 2400 2760 2462 τοῖς
2805 2397 3039 2468 καθεξῆς
3066 2400 3191 2471 ἄχρι
3233 2400 3325 2454 τοῦ
3377 2402 3440 2455 ιϐ’
3493 2402 3668 2466 ἔτους.

2098 2494 2485 2566 Προετάγησαν
2510 2491 2588 2545 -δὲ
2614 2491 2780 2544 πάλιν
2824 2491 2930 2545 τῶν
2973 2492 3202 2557 ἐκείνοις
3250 2493 3669 2566 ἀριθμουμένων

2097 2586 2165 2639 τὰ
2186 2586 2316 2657 παρ’
2352 2586 2504 2655 ήμίν,
2538 2583 2678 2637 κατὰ
2694 2582 2803 2655 ’τὴν
2828 2583 3285 2656 ὲκκλησιαστικὴν
3312 2585 3669 2658 ἐξαρίθμησιν

2097 2675 2459 2746 ψηφιζόμενα,
2498 2675 2587 2728 διὰ
2623 2674 2720 2747 τὴν
2771 2677 2827 2729 ὲν
2872 2676 3080 2741 τούτοις
3120 2677 3394 2750 ἀλήθειαν.
3460 2681 3551 2733 Ἐν
3596 2680 3672 2752 τῷ

2099 2770 2139 2823 δ’
2180 2769 2344 2839 στίχῳ
2387 2768 2485 2833 τὰς
2516 2767 2624 2821 τῶν
2656 2768 2792 2821 ὲτῶν
2835 2768 3099 2834 ὲπακτὰς,
3144 2770 3311 2841 ήγουν
3341 2770 3578 2842 ήμέρας,
3606 2771 3673 2835 ἐς

2101 2858 2242 2929 ἔχειν
2294 2859 2401 2911 πᾶν
2455 2857 2573 2921 ἔτος
2607 2858 2835 2929 σελήνης
2878 2857 3194 2928 ψηφίςουσι,
3226 2860 3363 2914 κατὰ
3393 2862 3496 2931 τὴν
3526 2860 3671 2932 πρὼ-

2102 2965 2202 3020 την
2232 2949 2326 3002 τοῦ
2366 2949 2695 3021 Ἰανουαρίου
2729 2948 2915 3020 μηνός
2942 2951 3000 3002 έν
3025 2949 3102 3020 τῷ
3129 2957 3169 3003 ε’
3211 2951 3376 3024 στίχῳ
3406 2950 3508 3015 τὰς
3536 2951 3674 3006 κατὰ

431 3057 617 3107 versu,
650 3051 861 3112 quartae
913 3041 1140 3097 decima:
1193 3042 1359 3112 primi
1386 3044 1593 3098 mensis
1628 3042 2001 3099 redundantes

2108 3041 2202 3112 τὴν
2222 3041 2821 3113 τεσσαρεσκαιδεκάτην
2845 3040 2937 3094 τοῦ
2963 3034 3178 3113 πρώτού
3200 3042 3373 3115 ,μηνὸς
3393 3043 3672 3117 περιττάς,

433 3133 575 3197 dies,
600 3143 693 3188 aut
736 3133 998 3204 aequales,
1026 3148 1149 3202 quae
1198 3140 1327 3188 sunt
1366 3133 1500 3204 ipsae
1525 3134 1749 3189 decimae
1771 3143 1997 3206 quartae.

435 3224 561 3281 Hac
591 3226 646 3280 in
675 3226 899 3281 sinistra
938 3225 1122 3281 tabula
1154 3227 1527 3282 continentur.

686 3360 765 3416 De
793 3361 990 3416 tabella
1016 3376 1133 3432 quo:
1164 3358 1233 3415 ad
1261 3359 1502 3415 dextram
1524 3362 1632 3417 sila
1658 3372 1757 3419 est.

512 3467 601 3524 ιν.
643 3469 775 3537 Quae
803 3469 870 3525 ad
900 3471 1152 3527 dextrum
1180 3472 1333 3528 latus
1360 3479 1443 3528 est
1471 3472 1689 3536 tabella,
1718 3472 1773 3527 in
1799 3487 1958 3529 versu
1976 3489 2004 3528 ι

437 3576 612 3617 annos
655 3562 797 3617 lunae
830 3579 924 3617 ιιι
954 3563 1173 3620 exhibet
1215 3562 1470 3620 ineuntes
1498 3579 1528 3618 a
1557 3573 1782 3634 quarto,
1813 3566 2003 3622 eodem

437 3655 600 3724 plane
652 3654 833 3718 modo,
870 3670 979 3725 quo
1006 3655 1061 3710 in
1108 3655 1333 3710 sinistra
1366 3655 1627 3727 descripti
1664 3664 1791 3713 sunt
1822 3656 1876 3711 in
1907 3671 2008 3712 se-

438 3747 618 3803 cundo
661 3764 847 3812 versu,
910 3755 1030 3802 uta
1065 3749 1222 3804 nobis
1266 3748 1572 3819 computari
1620 3749 1828 3816 solent;
1878 3748 1932 3802 in
1968 3763 2006 3802 ιι

439 3851 604 3891 versu
655 3837 871 3893 illorum
910 3845 1116 3906 epactae
1154 3844 1303 3900 sunt,
1340 3838 1456 3893 sive
1505 3839 1643 3905 dies,
1670 3846 1804 3909 quot
1831 3838 2008 3894 eccle-

441 3927 662 3983 siastico
708 3928 919 3983 calculo
962 3927 1136 3997 pridie
1160 3927 1430 3983 Kalendas
1469 3928 1671 4000 Aprilis
1698 3930 1843 3984 aetati
1871 3930 2011 3984 lunae

440 4019 681 4087 quolibet
714 4033 857 4073 anno
889 4018 1242 4088 tribuuntur;
1273 4020 1326 4073 in
1364 4034 1426 4073 ιιι
1466 4020 1575 4075 duo
1618 4035 1835 4077 menses
1885 4019 2012 4075 Ro-

442 4110 589 4165 mani
625 4117 774 4175 sunt,
823 4108 1052 4164 Martius
1083 4118 1137 4167 et
1188 4110 1432 4181 Aprilis;
1481 4112 1536 4166 in
1578 4128 1630 4164 ιν
1672 4126 1832 4167 versu
1860 4127 2012 4167 men-

443 4193 585 4248 sium
613 4194 926 4248 earumdem
955 4193 1093 4259 dies,
1137 4194 1191 4248 in
1228 4209 1369 4265 quos
1397 4194 1608 4249 decima
1630 4204 1824 4265 quarta
1847 4192 2009 4265 primi

442 4282 655 4338 Iudaici
694 4285 900 4341 mensis
924 4284 1179 4350 incurrit,
1203 4285 1316 4340 sive
1340 4283 1549 4341 Pascha
1574 4287 1716 4356 quod
1749 4287 1825 4340 illi
1853 4295 2012 4356 quot-

2103 3130 2136 3202 ἢ
2171 3131 2266 3184 καὶ
2304 3130 2445 3197 ίσας,
2481 3127 2591 3185 οἷον
2624 3130 2793 3194 αὐτὰς
2816 3130 2958 3199 λέγω
2996 3130 3097 3195 τάς
3146 3131 3224 3184 ιδ’.
3261 3131 3446 3186 Ταῦτα
3482 3132 3583 3203 μὲν
3616 3132 3676 3188 τὶ

2104 3221 2361 3286 ὲξ.εύωνύ
2369 3240 2507 3294 μων.

2410 3358 2547 3428 Περὶ
2578 3358 2683 3413 τοῦ
2712 3358 2781 3412 ἐκ
2813 3357 3027 3424 δεξιῶν
3055 3359 3359 3413 κανονίου.

2150 3471 2249 3524 .Δ’.
2289 3472 2363 3525 Τὸ
2394 3469 2454 3523 δὲ
2480 3472 2544 3523 ὲκ
2574 3470 2762 3536 δεξιῶν
2802 3471 2861 3523 έν
2890 3469 2970 3540 τῷ
2997 3476 3044 3523 α’
3081 3472 3250 3541 στίχῳ
3292 3470 3360 3524 τά
3390 3469 3457 3523 ιθ’
3482 3470 3678 3541 κέκτη-

2106 3581 2195 3618 ται
2236 3563 2336 3634 τῆς
2387 3562 2611 3635 σελήνης
2657 3562 2772 3632 ἐτη,
2821 3561 2931 3616 ἀπὸ
2960 3562 3002 3615 δ’
3038 3560 3192 3626 ἔτους
3236 3561 3334 3632 τὴν
3366 3561 3541 3633 ἀρχὴν
3579 3561 3676 3614 λα-

2110 3654 2292 3718 ϐόντα,
2324 3653 2460 3725 πρὸς
2490 3649 2586 3723 τὴν
2630 3654 2800 3724 αὐτὴν
2837 3654 2930 3707 καὶ
2976 3653 3098 3724 ἴσην
3132 3653 3415 3725 ἐγγραφὴν
3456 3653 3566 3707 τῶν
3612 3652 3675 3716 ἐξ

2109 3746 2402 3817 εὐωνύμων
2459 3745 2810 3817 τεταγμένων
2868 3749 2925 3800 ὲν
2973 3746 3051 3817 τῷ
3104 3746 3145 3816 β’
3177 3746 3366 3817 στίχῳ,
3421 3747 3521 3799 καὶ
3552 3744 3674 3798 καθ’

2109 3837 2254 3907 ἡμᾶς
2280 3835 2661 3906 ψηφιζομένων
2690 3836 2825 3889 ἐτῶν
2846 3853 2860 3866 ·
2899 3838 2955 3889 ὲν
2997 3836 3075 3906 τῷ
3106 3836 3147 3907 β’
3179 3836 3345 3906 στίχῳ
3370 3835 3470 3898 τὰς
3498 3834 3674 3888 αὐτῶν

2110 3926 2370 3990 ὲπακτὰς,
2404 3926 2569 3996 ήγουν
2616 3927 2849 3998 ἡμέρας,
2895 3925 2962 3990 ἃς
2995 3926 3115 3997 ἔχον
3146 3927 3253 3979 πᾶν
3282 3925 3400 3987 ἔτος
3427 3924 3672 3995 εὑρίσκε-

2111 4035 2203 4070 ται
2235 4017 2376 4070 κατὰ
2400 4017 2500 4088 τὴν
2526 4017 2980 4089 ὲκκλησιαστικὴν
3027 4018 3205 4087 ψῆφον
3246 4018 3324 4078 είς
3374 4016 3475 4085 τήν
3518 4031 3669 4085 τρια-

2114 4106 2250 4160 κάδα
2297 4113 2343 4158 α’
2380 4105 2473 4159 τοῦ
2518 4106 2763 4176 Μαρτίου
2803 4106 3001 4177 μηνός·
3039 4108 3096 4159 έν
3141 4104 3219 4175 τῷ
3246 4111 3293 4172 γ’
3336 4104 3506 4173 στίχῳ
3551 4105 3672 4167 τοὺς

2113 4196 2205 4250 δύο
2249 4197 2587 4269 Ῥωμαῖκους
2627 4198 2819 4268 μῆνας,
2864 4198 3106 4267 Μάρτιον
3141 4197 3236 4249 καὶ
3278 4195 3582 4264 Ἀπρίλιον·
3615 4193 3672 4245 ὲν

2114 4289 2192 4359 τῷ
2217 4288 2257 4340 δ’
2290 4290 2456 4359 στίχῳ
2490 4290 2588 4352 τὰς
2617 4287 2794 4341 αὐτῶν
2821 4296 2928 4341 τῶν
2960 4287 3145 4358 μηνῶν
3178 4285 3458 4349 ποσταίας,
3488 4289 3547 4338 ἐν
3588 4278 3672 4346 αἷς

444 4375 604 4431 annis
644 4376 956 4445 celebrant;
981 4378 1035 4431 in
1067 4395 1095 4431 ν
1129 4379 1403 4449 regulares
1434 4378 1602 4433 rubro
1645 4379 1828 4433 colore
1854 4378 2002 4447 picti.

2117 4383 2350 4452 συναντᾷ
2395 4382 2607 4445 πάντως
2647 4381 2681 4450 ἡ
2739 4380 2779 4433 δ’
2827 4381 2921 4433 καὶ
2963 4386 2993 4432 ι’
3025 4378 3119 4432 τοῦ
3160 4377 3374 4449 πρώτου
3413 4377 3537 4431 καθ’
3588 4378 3673 4430 Ἔα

445 4466 569 4521 llaec
601 4467 655 4521 in
709 4469 875 4524 altera
930 4469 1129 4524 tabella
1172 4470 1540 4539 reperiuntur.
1599 4468 1693 4526 Est
1741 4480 1921 4526 autem
1955 4471 2009 4525 in

448 4561 549 4615 hac
570 4560 759 4614 dextra
794 4561 988 4615 tabella
1020 4560 1301 4616 Paschalis
1325 4561 1623 4632 inscriptus
1673 4576 1869 4626 canon,
1912 4578 2004 4617 cu-

441 4650 536 4718 jus
567 4665 595 4703 ο
630 4649 792 4704 nobis
829 4658 911 4704 est
948 4651 1196 4720 proxime
1241 4650 1513 4705 declarata
1546 4652 1704 4715 ratio,
1736 4659 1795 4706 ut
1848 4652 2012 4722 hujus

444 4755 547 4810 ope
586 4756 786 4794 annum
817 4741 1112 4810 quemlibet
1140 4742 1302 4805 lunae,
1338 4748 1500 4809 prout
1530 4741 1599 4795 ab
1626 4743 1735 4797 illis
1765 4750 2007 4812 putatur,

446 4841 607 4903 atque
660 4834 712 4888 in
749 4832 983 4888 secunda
1018 4833 1203 4887 tabula
1238 4833 1561 4902 proponitur
1589 4848 1619 4886 a
1647 4834 1830 4899 nobis,
1877 4850 2009 4890 nec-

448 4940 555 4979 non
591 4924 644 4977 in
680 4924 963 4995 interjecta
994 4930 1133 4985 rota,
1156 4923 1382 4993 ejusque
1410 4923 1631 4979 circulis
1657 4924 1925 4994 quinque;
1953 4932 2013 4978 ut

449 5019 614 5079 hunc,
666 5017 911 5086 inquam,
951 5029 1175 5079 annum,
1208 5029 1317 5083 quo
1356 5030 1445 5067 xw
1468 5012 1751 5070 Paschalis
1788 5015 2009 5069 illorum

450 5109 662 5163 calculo
695 5114 779 5162 est
801 5123 890 5171 xv,
938 5106 1020 5160 vel
1055 5121 1178 5170 xw,
1225 5105 1316 5176 qui
1349 5107 1493 5161 volet
1517 5107 1761 5162 invenire
1812 5107 2006 5175 possit,

447 5209 499 5252 et
531 5206 722 5254 exacte
756 5198 1038 5253 subductis
1086 5198 1313 5255 calculis
1351 5201 1583 5269 probare
1634 5208 1812 5254 utrum
1846 5201 1922 5255 ita
1952 5216 2012 5256 se

448 5302 536 5342 res
568 5288 784 5352 habeat,
819 5289 897 5340 uti
931 5287 1303 5356 disputatione
1341 5298 1530 5345 nostra
1559 5290 1868 5346 docuimus.

2114 4472 2336 4543 ὅραίους
2393 4472 2578 4543 μηνὸς,
2615 4472 2778 4542 ήγουν
2810 4472 2869 4523 τὸ
2905 4471 3024 4524 κατ’
3063 4470 3260 4532 αὐτοὺς
3300 4470 3517 4539 Πάσχα,
3557 4469 3674 4522 καθ’

2114 4562 2341 4615 ἕκαστον
2400 4562 2548 4624 έτο;’
2614 4564 2672 4615 ὲν
2702 4563 2779 4632 τῷ
2824 4568 2865 4614 ε’
2923 4563 3090 4631 στίχῳ
3137 4563 3235 4625 τὰς
3288 4562 3395 4615 ἀπὸ
3451 4561 3675 4633 σηρικού

2116 4652 2433 4724 προσθετάς.
2471 4642 2653 4705 Ταῦτα
2680 4655 2782 4706 κάν
2819 4651 2897 4723 τῷ
2927 4652 3102 4723 δεξιῷ.
3137 4654 3411 4724 Διεγράφη
3454 4653 3513 4706 δὲ
3543 4654 3676 4707 κατὰ

2114 4741 2231 4794 τόδε
2266 4740 2326 4794 τὸ
2357 4740 2525 4805 δεξιὸν
2570 4741 2733 4813 μέρος
2778 4742 2840 4794 τὸ
2870 4741 2963 4795 τοῦ
3001 4742 3196 4813 Πάσχα
3237 4745 3503 4808 κανόνιον,
3552 4745 3675 4815 περὶ

2114 4822 2176 4883 οὗ
2201 4831 2299 4902 τὴν
2332 4830 2588 4901 ἐξήγησιν
2614 4831 2815 4902 ἀρτίως
2849 4833 3260 4903 πεποιήκαμεν·
3297 4834 3361 4886 ἵν’
3394 4835 3460 4886 ὲκ
3492 4835 3674 4887 τούτου

2119 4924 2225 4978 πᾶν
2262 4923 2378 4987 ἔτος
2415 4922 2640 4994 σελήνης
2669 4925 2758 4977 ὑπ’
2786 4925 3006 4979 ἐκείνων
3049 4926 3145 4994 μὲν
3179 4924 3567 4995 ψηφιζόμενον,
3593 4927 3676 4976 ἐν-

2118 5016 2279 5084 ταγὲν
2320 5016 2375 5071 δὲ
2415 5014 2509 5069 νῦν
2543 5016 2630 5084 ὑφ’
2662 5015 2817 5087 ήμῶν
2846 5016 2902 5070 ἓν
2949 5034 3010 5069 τε
3040 5017 3119 5088 τῷ
3151 5017 3412 5087 εὐωνύμῳ
3450 5017 3676 5087 κανονίῳ

2119 5109 2211 5161 καὶ
2240 5106 2317 5179 τῷ
2349 5107 2497 5179 μέσῳ
2527 5108 2701 5179 τροχῷ
2731 5109 2871 5162 κατὰ
2915 5110 3011 5170 τὰς
3041 5108 3186 5163 ἔνδον
3211 5107 3374 5172 οὔσας
3418 5116 3457 5161 ε’
3506 5109 3677 5173 ζώνας

2119 5198 2198 5261 εἰς
2225 5196 2253 5253 ὃ
2278 5203 2319 5250 ε’
2345 5199 2439 5255 καὶ
2471 5205 2521 5261 ι’,
2548 5199 2581 5270 ἢ
2614 5206 2664 5263 ς’
2686 5200 2778 5251 καὶ
2808 5199 2837 5252 ι’
2872 5199 2970 5268 τὴν
2998 5199 3290 5270 εἰρημένην
3318 5199 3363 5252 δ’
3397 5200 3493 5251 καὶ
3525 5207 3554 5253 ι’
3579 5200 3676 5270 ψη-

2119 5291 2384 5362 φίζουσιν,
2444 5291 2578 5365 εὕρῃ
2635 5295 2740 5357 πᾶς
2789 5294 2818 5345 ὁ
2875 5294 3219 5364 βουλόμενος,
3268 5297 3362 5347 καὶ
3411 5295 3674 5365 δοκιμάσῃ

449 5378 602 5431 τοῦτο
632 5378 695 5432 δι’
717 5379 998 5451 ἀκριϐείας
1026 5378 1295 5450 ψηφίζων,
1326 5382 1373 5433 εἰ
1401 5381 1571 5446 οὕτως
1602 5381 1713 5452 ἔχοι
1738 5382 1919 5446 καθὼς
1937 5381 2013 5454 τῷ
2045 5383 2185 5453 λόγῳ
2216 5382 2639 5452 διεστειλάμεθα.

682 5510 1087 5565 Demonstratur
1122 5513 1356 5595 exemplo
1397 5516 1515 5585 quis
1543 5516 1614 5570 sit
1651 5531 1781 5570 usus

1116 5598 1362 5639 canonis.

526 5684 588 5741 Υ.
628 5687 740 5756 Age
770 5703 896 5741 vero
926 5697 1051 5745 ante
1092 5697 1274 5751 omnia
1305 5698 1408 5753 hoc
1439 5699 1615 5768 ipsum
1647 5696 1928 5767 faciamus,
1963 5708 2015 5756 et

2135 5518 2453 5596 ’Υπρδειξις
2482 5518 2588 5596 τού
2632 5521 2871 5596 τρέπου,
2904 5521 3031 5573 καθ’
3058 5520 3128 5596 ὅν
3173 5536 3262 5596 τις
3313 5522 3671 5596 κεχρημένος

2192 5589 2415 5642 εἵσεται
2438 5590 2508 5643 τὰ
2535 5590 2603 5642 ἐν
2624 5589 2769 5655 τῷδε
2795 5589 2872 5654 τῷ
2900 5591 3158 5654 arm-origo
3191 5589 3668 5661 διαγετραιψένὰ.

2198 5703 2268 5756 E'.
2312 5704 2419 5755 Καὶ
2452 5702 2555 5773 πρό
2581 5719 2643 5769 γε
2669 5702 2775 5756 τῶν
2801 5702 2974 5758 ἄλλων
3008 5704 3167 5774 ἡμεῖς
3190 5702 3346 5759 τοῦτο
3373 5706 3672 5774 ποιήσωμεν
