3950 6266
316 328 457 385 1261

1110 326 1166 382 S.
1207 325 1452 381 MAXlMl
1488 322 1842 379 MARTYRIS
1875 321 2253 379 COMPUTUS
2289 322 2727 382 ECCLESIAST.

3377 327 3514 382 1262

315 444 397 507 εἰς
427 443 689 509 ὑπόδειξιν
721 445 827 498 τῶν
865 443 1314 513 ἐντυγχανόντων,
1367 444 1428 497 τὸ
1477 445 1605 513 παρ’
1649 440 1875 504 ἐκείνοις

1974 452 2196 497 cancros
2228 440 2474 510 exemplo
2505 439 2821 506 doceamus,
2859 443 3138 512 proposito
3166 457 3312 498 anno
3339 458 3406 498 eo
3432 446 3528 515 qui

313 533 377 598 ἓξ
410 535 503 587 καὶ
549 533 577 587 ι’
604 536 701 606 τῆς
741 536 967 607 σελήνης
1000 535 1137 598 ἔτος,
1171 537 1298 606 ἡμῖν
1336 536 1393 588 δὲ
1431 533 1794 604 ψηφιζόμενον
1828 532 1871 584 θ’

312 626 412 677 καὶ
443 632 492 690 ι’,
526 627 605 688 εἰς
654 626 814 696 μέσον
852 625 1158 697 προθέντες.
1199 626 1292 689 Εἰς
1318 625 1474 678 τοῦτο
1500 625 1609 697 γάρ
1651 624 1710 678 τὸ
1755 623 1872 686 ἔτος

312 716 781 786 ἑπτακαιδεκάτην
818 717 910 771 τοῦ
951 719 1089 773 κατὰ
1129 717 1426 789 Ῥωμαίους
1463 717 1734 790 ’Δπριλίου
1764 734 1872 788 μη-

310 810 405 874 νὸς
450 812 535 864 ἀεὶ⁴
580 812 670 865 καὶ
713 813 926 875 πάντως
971 815 1003 883 ἡ
1051 813 1093 866 δ’
1133 814 1227 866 κα)⁸
1286 819 1313 865 ι’
1365 813 1550 866 πίπτει
1601 812 1695 866 τοῦ
1750 814 1871 869 καθ’

322 900 608 973 Ἑϐραίους
658 903 872 974 πρώτου
916 904 1102 974 μηνός.
1142 904 1241 959 Διά
1271 904 1427 957 τοῦτο
1458 904 1563 977 γὰρ
1591 905 1683 959 καὶ
1710 907 1767 958 ἑν
1794 906 1871 978 τῷ

309 990 472 1061 δεξιῷ
500 992 725 1063 κανονίῳ
765 993 965 1065 ταύτην
991 993 1090 1063 τὴν
1120 991 1184 1057 ιζ’
1212 994 1291 1057 εἰς
1317 993 1477 1049 αὑτὸν
1502 994 1872 1066 κατετάξαμεν

308 1081 402 1135 τὸν
445 1082 736 1153 Ἀπρίλιον.
775 1084 981 1138 Οὐκοῦν
1003 1084 1101 1148 τὰς
1129 1084 1235 1138 ἀπὸ
1260 1083 1479 1156 πρώτης
1504 1085 1597 1139 τοῦ
1640 1087 1872 1141 Ἰανουα-

308 1173 431 1243 ρίου
470 1174 635 1244 μηνὸς
669 1174 796 1245 ἄχρι
828 1174 929 1243 τῆς
959 1174 1050 1227 τοῦ
1092 1176 1365 1248 Ἀπριλίου
1402 1176 1464 1240 ιζ’
1508 1177 1868 1250 ἀθροίζοντες,

306 1263 570 1335 ποιοῦμεν
610 1265 819 1336 ἡμέρας
854 1267 963 1337 ρξ’·
1002 1262 1118 1320 εἶτα
1161 1268 1344 1321 λοιπὸν
1374 1268 1460 1321 διὰ
1501 1269 1600 1339 μὲν
1625 1270 1723 1340 τῆς
1760 1270 1869 1324 τῶν

310 1360 388 1417 ις’
423 1352 557 1407 ἑτῶν
584 1354 1008 1420 πενταπλώσεως
1035 1364 1108 1422 π’,
1142 1357 1230 1410 διὰ
1257 1358 1313 1411 δὲ
1340 1359 1441 1428 τῆς
1466 1359 1575 1413 τῶν
1619 1363 1739 1414 κατ’
1773 1362 1871 1414 αὐ-

305 1446 407 1509 τὰς
434 1446 735 1519 ἑξηκοστῶν
766 1447 1086 1518 ἀναλήψεως
1116 1455 1167 1517 γ’
1187 1466 1200 1478 ·
1239 1448 1326 1503 διὰ
1355 1450 1411 1502 δὲ
1440 1450 1599 1504 πάλιν
1635 1452 1735 1522 τῆς
1771 1453 1868 1505 αύ-

302 1537 417 1590 τῶν
443 1537 551 1589 τῶν
588 1545 663 1602 ις’
689 1538 826 1592 ἑτῶν
873 1537 1225 1604 ἑξαπλώσεως
1266 1541 1378 1607 ις’.
1448 1543 1535 1605 Ὠς
1583 1539 1720 1597 εἶναι
1769 1543 1868 1608 τὰς

304 1627 488 1692 πάσας
522 1636 650 1694 σπς¹
670 1647 686 1660 ⁸
715 1630 779 1693 ἃς
806 1632 884 1693 εἰς
911 1630 1002 1683 τὸν
1044 1631 1088 1684 λ’
1123 1631 1455 1704 μερίζοντες,
1487 1634 1547 1698 ἒξ
1593 1635 1686 1688 καὶ
1718 1643 1747 1688 ι’
1771 1637 1867 1708 τὴν

301 1717 400 1772 τοῦ
434 1717 650 1788 πρώτου
687 1721 854 1792 μηνὸς
901 1721 941 1774 δ’
989 1722 1083 1775 καὶ
1117 1721 1147 1775 ι’
1178 1723 1519 1795 εὑρίσκομεν.
1565 1726 1779 1799 Ταύτην
1810 1727 1867 1781 δὲ

1974 532 2042 588 ab
2072 532 2181 587 illis
2207 533 2347 587 lunae
2371 548 2481 596 xvi,
2513 547 2544 586 a
2574 532 2731 587 nobis
2769 548 2860 587 xix
2882 543 3214 590 numeratur.
3243 534 3357 590 Hoc
3380 538 3528 591 enim

1973 637 2117 678 anno
2154 639 2244 678 nv
2272 624 2431 693 primi
2470 623 2680 678 Judaici
2727 624 2932 679 mensis
2976 634 3237 694 perpetuo
3273 627 3421 681 cadit
3471 628 3526 681 in

1970 714 2171 786 Aprilis
2199 731 2331 770 xvu.
2376 714 2511 770 Nam
2559 723 2842 787 pr0pterea
2883 716 2939 770 in
2985 716 3179 772 tabella
3229 717 3418 773 dextra
3457 719 3525 774 ad

1971 822 2212 862 mensem
2236 807 2476 877 Aprilem
2506 807 2650 862 diem
2679 822 2790 860 xvn
2815 807 3118 877 posuimus.
3149 806 3320 880 Igitur
3350 810 3468 865 dies
3496 824 3530 863 a

1969 894 2224 952 Kalendis
2240 895 2515 952 Januariis
2537 897 2604 952 ad
2621 896 2822 968 Aprilis
2845 897 3114 977 decimum
3135 901 3423 969 septimum
3452 902 3531 955 in-

1969 987 2225 1057 terjectos
2269 989 2575 1059 colligimus
2621 1004 2852 1044 numero
2890 1004 2996 1043 cvn
3023 1029 3038 1054 ,
3085 999 3200 1045 tum
3238 993 3396 1047 annis
3437 1007 3528 1047 xvi

1969 1078 2260 1148 quinquies
2296 1079 2690 1149 multiplicatis,
2727 1095 2869 1134 Lxxx
2903 1081 3043 1135 dies.
3091 1079 3375 1136 Accedunt
3415 1092 3527 1137 tres

1970 1168 2086 1235 alii,
2110 1185 2250 1239 quos
2283 1170 2620 1240 sexagesima
2657 1170 2913 1240 scrupula
2942 1170 3010 1225 de
3044 1170 3239 1227 diebus
3271 1171 3526 1243 decerpta

1971 1260 2287 1317 coniiciunt.
2333 1260 2546 1317 Rursus
2586 1261 2750 1317 iidem
2784 1261 2912 1315 anni
2943 1277 3033 1316 χιιι
3063 1263 3239 1318 sexies
3267 1263 3530 1334 multipli-

1971 1354 2082 1408 cati
2103 1369 2225 1408 xcvt
2258 1352 2376 1409 dies
2400 1355 2766 1445 accunrulant.
2820 1353 2890 1409 Ut
2922 1370 2989 1409 ex
3027 1354 3279 1411 omnibus
3310 1356 3528 1411 redacta

1968 1461 2204 1510 summa,
2255 1447 2373 1503 dies
2413 1447 2687 1503 exsistunt
2721 1461 3009 1511 ccuxxvr,
3063 1447 3263 1518 quibus
3298 1463 3396 1518 per
3418 1465 3529 1503 xxx

1967 1535 2179 1602 divisis,
2227 1537 2490 1593 decimam
2517 1545 2723 1593 sextam
2754 1537 3057 1593 invenimus
3094 1553 3212 1593 eam
3241 1554 3382 1605 esse,
3408 1555 3530 1610 quas

1969 1644 2158 1685 revera
2186 1631 2256 1684 sit
2287 1631 2451 1700 primi
2482 1631 2686 1686 mensis
2731 1639 2925 1699 quarta
2957 1631 3186 1687 decima.
3236 1631 3368 1698 Quae
3409 1633 3531 1702 qui-

1969 1722 2090 1777 dem
2128 1722 2185 1775 in
2221 1736 2382 1791 quam
2415 1721 2767 1777 hebdomadze
2816 1721 3007 1777 feriam
3039 1723 3246 1777 incidat
3292 1737 3455 1778 nosse
3483 1724 3526 1777 si

307 1810 501 1881 μαθεῖν
531 1813 580 1863 εἰ
614 1812 957 1884 βουληθῶμεν
997 1816 1076 1877 εἰς
1114 1814 1272 1868 ποίαν
1301 1816 1559 1886 ἐμπίπτει
1587 1817 1687 1887 τῆς
1715 1798 1866 1872 ἑϐδο-

1970 1811 2172 1872 lubeat,
2209 1817 2633 1866 consentaneum
2683 1817 2767 1865 est
2805 1812 3095 1868 observare
3141 1826 3345 1866 annum
3395 1812 3529 1868 solis

305 1904 477 1973 μάδος
502 1905 736 1975 ἡμέραν,
763 1905 902 1959 κατὰ
938 1906 1034 1976 μὲν
1062 1908 1159 1978 τὴν
1189 1907 1408 1979 πρώτην
1439 1910 1870 1964 ἐννεακαιδεκαε-

300 1994 500 2065 τηρίδα
530 1997 852 2069 προσφόρως
876 1997 939 2050 τὸ
979 1999 1079 2069 τῆς
1119 1997 1341 2071 πρώτης
1378 2002 1869 2074 εἰκοσιοκταετηρί-

300 2085 393 2149 δος
421 2087 706 2158 ἰσάριθμον
741 2088 833 2141 τοῦ
875 2089 1026 2159 ἡλίου
1055 2089 1192 2154 ἔτος,
1220 2089 1362 2160 λέγω
1393 2091 1450 2145 δὲ
1498 2093 1558 2146 τὸ
1582 2092 1641 2157 ἓξ
1672 2095 1767 2147 καὶ
1814 2101 1866 2157 ι’,

302 2177 362 2242 ἑξ
406 2177 722 2248 εὐωνύμων,
757 2179 832 2243 ὡς
885 2180 1041 2250 ἔφην,
1077 2181 1338 2251 σύνεγγυς
1382 2186 1724 2255 τεταγμένων
1774 2185 1867 2240 τοῦ

301 2266 472 2320 αὐτοῦ
516 2268 618 2338 τῆς
668 2269 894 2341 σελήνης
940 2270 1091 2335 ἔτους
1136 2270 1568 2344 διασκοποῦμεν
1637 2276 1728 2328 καὶ
1770 2274 1869 2338 τὰς

300 2354 471 2410 αὑτοῦ
504 2356 864 2429 λαμϐάνοντες
918 2359 1183 2424 ἑπακτὰς,
1233 2361 1292 2413 ἑν
1335 2361 1412 2432 τῷ
1455 2362 1500 2432 β’
1529 2361 1619 2416 τοῦ
1671 2362 1867 2436 τροχοῦ

300 2445 491 2517 κύκλῳ
508 2447 998 2520 διαγεγραμμένας,
1024 2449 1189 2516 οῦσας
1214 2451 1304 2505 τὸν
1331 2452 1564 2523 ἀριθμὸν
1596 2459 1669 2518 ς’,
1700 2472 1869 2526 προσ-

300 2537 576 2609 πλέκομεν
606 2542 727 2603 ταῖς
761 2541 823 2604 ιζ’
855 2541 947 2594 τοῦ
988 2542 1261 2613 Ἀπριλίου
1295 2543 1459 2615 μηνὸς
1486 2544 1739 2617 ἡμέραις,
1774 2547 1869 2600 καὶ

299 2627 378 2690 εἰς
403 2626 499 2680 τὸν
530 2627 575 2691 ζ’
609 2628 933 2700 μερίζομεψ
970 2633 1077 2683 κὰκ
1102 2630 1210 2684 τῶν
1244 2632 1628 2702 ἀπομενουσῶν
1656 2634 1747 2688 δύο
1768 2636 1868 2705 τὴν

298 2720 400 2789 τῆς
431 2718 729 2795 ἑϐδομάδος
771 2721 982 2793 ἡμέραν
1013 2722 1375 2794 γινώσκομεν,
1409 2726 1489 2788 εἰς
1524 2726 1589 2798 ἢν
1631 2727 1866 2797 Ἑϐραῖοι

297 2809 357 2863 τὸ
406 2811 602 2882 Πάσχα
637 2812 868 2866 τελοῦσι.
921 2815 1013 2868 Διὸ
1060 2818 1126 2886 τῇ
1177 2816 1283 2887 πρὸ
1332 2817 1552 2890 ταύτης,
1587 2819 1753 2890 ήγουν
1798 2823 1864 2892 τῇ

295 2900 435 2972 ἁγίᾳ
467 2904 739 2975 Κυριακῇ,
787 2911 828 2956 ε’
866 2906 960 2959 καὶ
1009 2913 1040 2959 ι’
1086 2909 1282 2963 ἐκεῖνοι
1317 2908 1409 2962 τοῦ
1441 2911 1673 2980 φέγγους
1700 2912 1868 2984 ψηφί-

297 2990 506 3058 ζοντες,
557 2992 662 3067 πρὸ
709 2994 802 3048 τοῦ
853 2996 1134 3068 Ἐϐραῖκοῦ
1175 2998 1236 3053 τδ
1263 3000 1401 3054 κατὰ
1444 3002 1696 3072 Χριστὸν,
1729 3005 1867 3077 ὅπερ

294 3084 356 3137 οὐ
390 3084 570 3185 θέμις,
594 3086 936 3185 κανονίζουσι
964 3089 1170 3160 Πάσχα.
1203 3090 1416 3164 Ταύτης
1436 3089 1529 3147 οῦν
1554 3095 1737 3151 ἕνεκεν
1769 3099 1866 3169 τῆς
1891 3128 1934 3185 c

295 3177 515 3244 αἰτίας,
578 3178 653 3242 ὡς
709 3179 808 3250 ήδη
862 3178 1141 3247 λέλεκται,
1195 3181 1343 3236 δυσὶν
1400 3185 1865 3258 ἑπεσημηνάμεθα

299 3273 557 3341 στιγμαῖς
585 3270 643 3324 τὺ
670 3271 799 3325 αὐτὸ
828 3271 887 3336 ἑξ
918 3273 1011 3326 καὶ
1040 3280 1070 3327 ι’
1086 3273 1222 3338 έτος.
1242 3275 1351 3329 Καὶ
1373 3274 1546 3341 οὕτως
1573 3278 1671 3348 μὲν
1698 3296 1864 3350 προσ-

296 3362 427 3431 ήκει
464 3360 717 3432 ψηφίζειν
766 3364 907 3418 κατὰ
944 3365 1043 3436 τὴν
1090 3366 1314 3439 πρώτην
1358 3370 1864 3441 ἐννεακαιδεκαετη-

297 3453 424 3524 ρίδα
466 3452 525 3505 τὸ
553 3453 685 3506 αὐτὸ
733 3453 793 3518 ἒξ
842 3455 933 3507 καὶ
974 3462 1003 3507 ι’
1032 3456 1131 3527 τῆς
1180 3458 1406 3529 σελήνης
1438 3459 1586 3524 hoc“
1624 3462 1763 3515 κατὰ
1805 3463 1864 3515 δὲ

295 3543 402 3616 τὴν
435 3550 489 3608 ς’
520 3544 1142 3617 ἑννεακαιδεκαετηρίδα,
1173 3549 1220 3601 εἰ
1254 3549 1415 3603 πάλιν
1450 3551 1762 3622 θελήσωμεν
1789 3554 1865 3604 εἰ-

296 3637 449 3692 δέναι
487 3638 615 3709 ποίᾳ
638 3638 734 3709 τῆς
758 3638 1046 3709 ἑϐδομάδος
1074 3641 1255 3712 ήμέρᾳ
1280 3642 1378 3712 τὴν
1427 3641 1489 3707 ἒξ
1520 3642 1614 3695 καὶ
1661 3649 1692 3694 ι’
1719 3644 1864 3696 ἐκεῖ·

296 3748 383 3785 νοι
424 3730 747 3802 ψηφίξουσιν
799 3733 891 3785 ἐπὶ
917 3732 1010 3786 τοῦ
1055 3733 1215 3787 αὐτοῦ
1268 3733 1437 3799 ἔτους,
1484 3736 1648 3805 ήγουν
1679 3735 1771 3789 τοῦ
1804 3736 1864 3803 ἑξ

296 3824 399 3879 καὶ
448 3829 500 3888 ι’,
547 3823 641 3877 τοῦ
696 3823 943 3889 συνόντος
989 3825 1135 3895 αὐτῷ
1184 3825 1243 3890 ἑξ
1301 3825 1594 3897 εὐωνύμων
1637 3827 1862 3898 ἡλιακοῦ

297 3916 477 3980 ἔτους,
516 3915 657 3985 λέγω
705 3917 761 3970 δὲ
807 3916 901 3970 τοῦ
950 3916 1030 3983 κζ’
1080 3918 1177 3989 τῆς
1221 3918 1263 3974 δ’
1317 3918 1863 3990 εἰκοσιοκταετηρίδος

299 4007 658 4077 ὑπάρχοντος,
709 4007 807 4071 τὰς
852 4008 1092 4072 ἑπακτὰς
1135 4008 1516 4079 λαμϐάνοντες,
1563 4007 1729 4071 οῦσας
1771 4008 1864 4061 τὸν

298 4097 533 4170 ἀριθμὸν
560 4104 621 4161 ε’,
663 4101 730 4170 τῇ
779 4099 913 4171 αὐτῇ
958 4099 1049 4152 τοῦ
1091 4099 1362 4170 Ἀπριλίου
1400 4100 1571 4172 μηνὸς
1613 4099 1657 4166 ζ’
1696 4100 1790 4154 καὶ
1832 4106 1862 4152 ι’

300 4188 691 4260 συμπλέκομεν
710 4206 723 4218 ·
756 4189 846 4242 καὶ
876 4191 955 4253 εἰς
982 4190 1071 4242 τὸν
1095 4189 1138 4255 ζ’
1180 4190 1276 4254 τὰς
1306 4174 1387 4260 κβ’
1423 4191 1753 4262 μερίζοντες,
1799 4192 1864 4245 ἑκ

298 4277 404 4346 τῆς
436 4276 810 4348 ἀπομενούσης
839 4279 1123 4349 Κυριακὴν
1166 4279 1265 4351 τὴν
1291 4282 1388 4350 τῆς
1418 4280 1705 4352 ἑϐδομάδος
1729 4283 1762 4352 ή
1773 4281 1865 4351 μέ-

304 4383 410 4437 ραν
448 4366 791 4438 εὑρίσκομεν.
830 4368 923 4420 Ἐκ
962 4367 1165 4436 ταύτης
1213 4369 1309 4439 μὲν
1346 4365 1438 4423 οῦν
1466 4370 1563 4440 τῆς
1607 4371 1746 4424 κατὰ
1773 4370 1864 4423 τὸν

1971 1903 2026 1956 in
2067 1900 2244 1972 primo
2275 1903 2395 1972 ejus
2432 1903 2606 1973 cyclo,
2631 1904 2844 1958 numeri
2879 1902 3121 1972 ejusdem
3158 1918 3282 1959 cum
3328 1902 3528 1966 lunari.

1967 1993 2071 2047 hoc
2101 1999 2186 2048 est
2214 2008 2325 2056 xvr,
2354 2008 2513 2063 quem
2546 1994 2611 2048 ad
2632 1994 2881 2049 dextram
2911 1994 3042 2048 anni
3083 1994 3244 2050 istius
3268 1994 3432 2058 lunae,
3462 2009 3528 2048 ac

1969 2098 2134 2154 prope
2162 2083 2339 2154 ipsum
2368 2085 2602 2154 positum
2634 2100 2756 2141 esse
2777 2084 3083 2142 docuimus.
3110 2084 3284 2157 Hujus
3306 2094 3527 2157 cpactas

1968 2177 2025 2231 in
2076 2176 2318 2232 secundo
2361 2183 2492 2230 rotas
2524 2176 2734 2231 circulo
2764 2175 3088 2246 descriptas,
3137 2192 3259 2248 quae
3288 2186 3417 2232 sunt
3448 2193 3526 2243 vr,

1968 2267 2219 2323 addimus
2261 2282 2375 2321 xvn
2409 2266 2613 2337 Aprilis
2662 2267 2890 2333 diebus;
2930 2281 2994 2321 ac
3013 2274 3186 2321 totum
3215 2267 3270 2322 in
3299 2283 3373 2322 vn
3402 2284 3528 2338 par-

1969 2361 2155 2414 timur.
2190 2358 2292 2426 Qui
2320 2360 2559 2430 reliquus
2589 2367 2673 2416 est
2708 2360 2950 2415 hinarius
2983 2358 3172 2413 feriam
3202 2360 3442 2426 exhibet,
3468 2361 3525 2416 in

1968 2466 2075 2520 qua
2101 2449 2273 2505 Judaei
2310 2449 2520 2506 Pascha
2548 2452 2847 2505 celebrant.
2869 2449 2950 2504 Ob
2979 2450 3033 2503 id
3062 2450 3415 2507 antecedente
3445 2451 3525 2506 illi

1967 2541 2078 2609 die,
2133 2541 2389 2595 nimirum
2436 2538 2760 2606 Dominica,
2805 2556 2873 2595 xv
2928 2541 3072 2595 lunas
3120 2549 3524 2612 computantes,

1968 2641 2094 2686 ante
2128 2630 2412 2686 Iudaicum
2455 2628 2685 2695 Pascha,
2729 2631 2872 2701 quod
2918 2631 3074 2687 nefas
3119 2640 3223 2697 est,
3255 2632 3528 2690 Christia-

1967 2736 2098 2777 num
2147 2728 2413 2777 statuunt.
2463 2719 2760 2792 Propterea
2793 2737 2895 2778 nos
2936 2722 3083 2779 hunc
3110 2724 3287 2795 ipsum
3321 2741 3526 2781 annum

1968 2830 2080 2873 xvr,
2112 2821 2172 2868 ut
2195 2814 2306 2883 jam
2341 2812 2547 2867 dictum
2575 2822 2682 2879 est,
2722 2814 2926 2885 duplici
2964 2826 3167 2885 puncto
3189 2819 3525 2874 notavimus.

1967 2905 2048 2958 Ad
2073 2904 2223 2960 hunc
2255 2908 2474 2961 modum
2507 2920 2802 2961 numerare
2831 2907 3086 2963 convenit
3127 2908 3182 2965 in
3222 2910 3398 2979 primo
3430 2925 3526 2982 cy-

1968 2996 2056 3049 clo
2099 2996 2259 3069 186
2282 2997 2764 3053 decemnovennali
2801 3012 3005 3053 annum
3039 2999 3205 3055 istum
3244 3001 3387 3057 luna:
3413 3018 3526 3057 1m.

1963 3087 2089 3143 1am
2112 3104 2241 3143 vero
2270 3091 2318 3143 si
2349 3089 2403 3143 in
2432 3090 2586 3159 cyclo
2622 3089 3102 3145 decemnovennali
3135 3106 3189 3145 vr
3225 3091 3365 3149 scire
3392 3091 3529 3149 veli-

1968 3196 2114 3244 mus,
2151 3195 2391 3251 quanam
2443 3180 2804 3237 hebdomadis
2847 3181 2981 3238 feria
3002 3182 3269 3239 decimam
3316 3195 3528 3242 sextam

1969 3273 2050 3327 illi
2081 3282 2365 3328 numerent
2398 3274 2450 3327 in
2479 3287 2622 3327 anno
2652 3271 2841 3328 eodem
2864 3288 2976 3341 xw,
3002 3274 3130 3329 anni
3159 3276 3311 3343 solis,
3336 3277 3427 3349 qui
3460 3278 3530 3334 ad

1968 3364 2091 3434 ejus
2123 3363 2401 3419 sinistram
2440 3364 2653 3433 pOsitus
2692 3370 2796 3427 est,
2828 3370 2883 3421 et
2914 3375 2998 3421 cst
3037 3382 3189 3421 xxvii
3218 3369 3355 3439 cycli
3383 3370 3531 3426 sola-

1968 3455 2048 3509 ris
2091 3469 2168 3516 IV,
2203 3454 2481 3509 sumendae
2510 3462 2639 3510 sunt
2668 3463 2875 3524 epacte
2897 3471 2952 3518 v,
3001 3462 3054 3511 et
3080 3457 3149 3511 ad
3184 3473 3294 3512 xvn
3323 3457 3529 3528 Aprilis

1970 3544 2290 3614 adjiciendae
2319 3564 2331 3598 :
2363 3545 2488 3601 inde
2521 3560 2789 3601 summam
2831 3545 3042 3601 dierum
3074 3562 3188 3602 xxn
3219 3564 3314 3618 per
3339 3564 3417 3604 vn
3438 3549 3527 3613 di-

1968 3632 2236 3697 videntes,
2288 3634 2550 3704 reliquam
2586 3634 2844 3691 faciemus
2888 3634 3240 3698 Dominicam.
3288 3655 3409 3710 quae
3444 3648 3530 3698 est

1970 3727 2117 3783 illius
2132 3727 2237 3782 diei
2265 3726 2418 3784 feria.
2440 3727 2516 3783 Ex
2550 3727 2652 3783 hac
2679 3728 2843 3799 igitur
2864 3744 2978 3792 xvi,
3004 3744 3164 3800 quam
3194 3731 3270 3786 illi
3296 3731 3353 3787 in
3374 3742 3528 3790 sexto

1970 3818 2448 3874 decemnovennali
2482 3820 2637 3891 cyclo
2680 3826 3021 3891 computant,
3048 3820 3420 3878 Christianum
3459 3825 3528 3881 ab

1970 3910 2040 3965 iis
2066 3908 2275 3964 Pascha
2310 3910 2365 3963 in
2391 3925 2528 3964 χχιιι
2556 3910 2696 3965 luna:
2718 3910 2863 3966 diem
2904 3909 3188 3969 confertur
3219 3931 3232 3968 :
3271 3914 3528 3982 quoniam

1971 4002 2027 4055 in
2055 3999 2431 4068 insequentem
2474 3999 2808 4055 Dominicam
2849 4001 3220 4058 ecclesiastica
3251 4003 3306 4058 id
3343 4006 3528 4074 regula

1972 4089 2261 4147 transferri
2289 4090 2567 4161 pmcipit;
2593 4105 2662 4147 ex
2688 4107 2752 4147 ea
2776 4107 2923 4156 vero,
2954 4108 3117 4163 quam
3145 4095 3199 4147 in
3225 4095 3400 4164 prima
3432 4111 3517 4150 en.

1970 4181 2416 4238 neadecaeteride
2438 4189 2748 4246 numerant,
2778 4182 2923 4253 quod
2956 4197 3019 4238 ea
3055 4183 3348 4239 secundam
3375 4186 3427 4239 in
3451 4183 3527 4241 fe-

1971 4274 2109 4327 riam
2146 4273 2372 4337 incidat,
2420 4271 2629 4328 Pascha
2658 4272 2713 4326 in
2762 4288 2877 4328 xm
2909 4274 3050 4343 lunae
3073 4274 3215 4330 diem
3245 4275 3525 4346 competit.

1972 4370 2086 4423 Hoc
2133 4368 2299 4437 igitur
2328 4375 2490 4438 pacto
2518 4368 2565 4423 si
2595 4369 2720 4438 quis
2749 4369 2909 4426 annis
2934 4370 3096 4437 lunae,
3147 4372 3241 4442 qui
3280 4372 3334 4427 in
3364 4388 3396 4427 ν
3421 4373 3530 4428 cir-

305 4466 364 4527 ς-⁹
387 4457 986 4534 ἐννεακαιδεκαετηρἰ
1006 4462 1377 4534 ψηφιζομένης
1403 4465 1583 4529 αὐτοῖς
1611 4464 1668 4531 ἒξ
1695 4466 1788 4518 καὶ
1811 4471 1862 4528 ι’,

1971 4460 2110 4515 culis
2140 4466 2271 4513 rota:
2293 4458 2539 4528 inscripti
2568 4465 2717 4525 sunt,
2744 4462 2822 4514 uti
2849 4459 2997 4524 velit,
3031 4460 3085 4515 in
3110 4463 3352 4532 quolibet
3382 4463 3531 4519 inve-

305 4552 480 4607 εἰκάδι
508 4559 578 4622 γ’,
606 4553 666 4606 τὸ
697 4554 835 4607 κατὰ
874 4554 1107 4626 Χριστὸν
1150 4554 1485 4620 κανονίζουσι
1529 4557 1721 4626 Πάσχα
1742 4573 1758 4586 ⁸
1790 4556 1866 4620 ὡς

307 4646 387 4709 εἰς
414 4642 511 4715 τὴν
536 4642 661 4714 ἑξῆς
692 4644 848 4712 ἁγίαν
878 4644 1159 4716 Κυριακὴν
1183 4644 1344 4700 αὑτοῦ
1378 4646 1695 4717 τελουμένου
1724 4648 1867 4701 κατὰ

305 4733 407 4806 τὴν
438 4733 886 4804 ἑκκλησιαστικὴν
926 4736 1255 4804 παράδοσιν*
1291 4738 1350 4791 ἒκ
1387 4736 1442 4788 δὲ
1477 4737 1574 4808 τῆς
1600 4736 1743 4791 κατὰ
1769 4738 1867 4809 τὴν

304 4832 355 4877 α’
400 4824 1027 4896 ἑννεακαιδεκαετηρίδα,
1078 4826 1166 4880 διὰ
1204 4829 1266 4881 τὸ
1316 4827 1645 4899 συμφθάνειν
1686 4829 1765 4892 είς
1823 4828 1866 4899 βο

306 4916 519 4986 ἡμέραν
543 4916 641 4986 τῆς
668 4916 972 4987 ἑϐδομάδος,
1000 4918 1173 4972 εἰκάδι
1200 4919 1245 4989 β’
1268 4918 1359 4972 τοῦ
1393 4920 1646 4988 φέγγους.
1684 4918 1870 4983 Οὕτως

311 5008 409 5078 μὲν
436 5011 482 5060 εἰ
523 5010 774 5081 χρήσοιτο
806 5027 887 5072 τις
913 5011 1039 5082 περί
1066 5010 1171 5063 τῶν
1197 5013 1254 5063 ἑν
1286 5010 1364 5081 τῷ
1402 5011 1580 5083 τροχῷ
1603 5011 1743 5065 κατὰ
1770 5012 1868 5075 τὰς

308 5107 350 5154 ε’
377 5099 548 5165 ζώνας
575 5102 799 5156 ἐνόντων
834 5104 933 5172 τῆς
978 5101 1203 5173 σελήνης
1243 5103 1399 5167 ἑτῶν,
1437 5103 1767 5175 διερευνήσει
1811 5105 1868 5155 ἑν

309 5190 524 5259 ἑκάστῳ
567 5192 664 5260 τὴν
712 5193 810 5262 τῆς
861 5191 1150 5262 ἑϐδομάδος
1202 5199 1248 5244 α’
1285 5192 1517 5264 ἡμέραν,
1553 5192 1586 5263 ἢ
1637 5192 1736 5262 τὴν
1781 5191 1862 5261 β’·

308 5282 437 5351 περὶ
464 5281 519 5334 δὲ
547 5281 652 5335 τῶν
682 5284 737 5335 ὲν
764 5280 841 5351 τῷ
869 5281 1131 5353 εὐωνύμῳ
1153 5282 1659 5354 διαγεγραμμένων,
1691 5282 1867 5353 ζητῶν

311 5374 405 5424 κει)⁸
435 5371 642 5436 τούτοις
666 5374 711 5407 ’θ
742 5374 841 5444 τὴν
890 5373 1026 5443 μετὰ
1053 5373 1149 5445 τὴν
1181 5372 1401 5446 πρώτην
1430 5375 1525 5429 καὶ
1558 5373 1602 5443 β’
1641 5373 1870 5444 ἑϐδομα-

1973 4550 2191 4620 stigahit
2243 4549 2432 4604 feriam
2472 4566 2512 4615 ι,
2547 4560 2641 4605 aut
2664 4565 2703 4604 ιι
2733 4569 2747 4606 :
2784 4551 2928 4621 quod
2959 4551 3027 4606 ad
3059 4566 3155 4609 eos
3196 4568 3326 4609 vero
3364 4555 3531 4625 perti-

1973 4645 2085 4704 net,
2117 4640 2209 4710 qui
2237 4639 2304 4695 ad
2329 4640 2611 4696 sinistram
2652 4640 2814 4710 positi
2847 4648 2997 4708 sunt,
3030 4641 3078 4698 si
3105 4642 3350 4714 inquirat
3382 4660 3526 4709 eam,

1975 4746 2096 4806 quae
2135 4732 2365 4802 primam
2423 4731 2785 4787 secundamve
2822 4735 3089 4803 sequitur,
3124 4750 3184 4789 ιιι
3227 4736 3312 4791 vel
3348 4752 3400 4792 Iv
3448 4738 3535 4794 fe-

1973 4825 2133 4889 riam,
2169 4838 2235 4877 ac
2256 4832 2478 4879 caeteras
2509 4823 2788 4895 deinceps,
2828 4833 2991 4895 prout
3018 4827 3122 4882 erit
3144 4829 3281 4900 cycli
3314 4830 3533 4886 decem-

1974 4915 2295 4971 novennalis
2341 4929 2558 4979 annus,
2609 4915 2703 4986 qui
2748 4919 3090 4987 proponitur,
3144 4929 3530 4991 congruentem

1975 5006 2115 5078 cycli
2147 5006 2343 5062 solaris
2374 5006 2653 5077 indagabit
2692 5020 2894 5062 annum
2922 5026 2936 5075 ;
2983 5010 3143 5080 cujus
3171 5023 3390 5081 epactas
3434 5012 3532 5066 ad-

1971 5099 2163 5169 junget
2191 5098 2255 5152 ad
2292 5098 2432 5153 diem
2455 5097 2681 5153 Romani
2711 5100 2940 5163 mensis,
2976 5101 3032 5155 in
3068 5117 3228 5171 quem
3254 5118 3344 5157 xlv
3371 5102 3530 5173 primi

1974 5190 2182 5246 mensis
2247 5189 2439 5245 incidit
2482 5205 2630 5245 anno
2675 5190 2769 5245 illo
2814 5192 2974 5258 lunae,
3018 5192 3085 5248 de
3114 5208 3223 5264 quo
3250 5194 3530 5263 quaeritur.

1975 5281 2179 5337 Deinde
2222 5282 2516 5352 partitione
2556 5280 2699 5336 facta
2730 5282 2826 5352 'per
2860 5299 2953 5347 vn,
2995 5298 3063 5337 ex
3093 5298 3159 5339 eo
3197 5282 3388 5339 feriam
3435 5283 3534 5338 ob-

1976 5374 2191 5430 tinebit.

311 5461 464 5531 τικὴν
493 5461 719 5533 ἡμέραν,
753 5459 861 5516 οἷον
889 5464 988 5535 τὴν
1021 5470 1090 5532 γ’,
1122 5464 1217 5517 καὶ
1245 5463 1341 5534 τὴν
1366 5464 1428 5527 δ’,
1459 5465 1552 5517 καὶ
1593 5464 1693 5529 τὰς
1725 5464 1852 5536 ἑξῆς
1904 5465 2040 5536 πρὸς
2084 5466 2144 5518 τὸ
2191 5466 2291 5536 τῆς
2337 5465 2710 5537 ψηφιζομένης
2747 5465 3372 5539 ὲννεακαιδεκαετηρίδος
3418 5464 3535 5528 ἔτος

312 5548 657 5622 διακριϐώσει
708 5553 767 5606 τὸ
813 5555 1117 5626 πρόσφορον
1160 5556 1260 5626 τῆς
1287 5558 1858 5631 εἰκοσιοκταετηρίδος,
1891 5559 1985 5614 καὶ
2011 5559 2199 5613 τούτου
2240 5559 2339 5623 τὰς
2382 5561 2626 5626 ὲπακτὰς
2669 5560 2993 5637 προσπλέξει
3029 5564 3095 5633 τῇ
3153 5559 3385 5631 ποσταία
3441 5558 3535 5621 τοῦ

379 5728 424 5762 ⁵⁸
448 5729 492 5798 Ι.
520 5732 578 5785 ὲν
598 5730 826 5796 τούτοις.
