  <div class='ocr_page' id='page_1' title='image "/cluster/home/n/w/nwhite01/storage/ocr_20150623/19/mdp.39015061293422/640.png"; bbox 0 0 3950 6266; ppageno 0'>
   <div class='ocr_carea' id='block_1_1' title="bbox 361 356 497 413">
    <p class='ocr_par' dir='ltr' id='par_1_1' title="bbox 361 356 497 413">
     <span class='ocr_line' id='line_1_1' title="bbox 361 356 497 413; baseline 0.015 -2"><span class='ocrx_word' id='word_1_1' title='bbox 361 356 497 413; x_wconf 68' lang='grc'><strong>1265</strong></span> 
     </span>
    </p>
   </div>
   <div class='ocr_carea' id='block_1_2' title="bbox 634 473 1626 557">
    <p class='ocr_par' dir='ltr' id='par_1_2' title="bbox 634 473 1626 557">
     <span class='ocr_line' id='line_1_2' title="bbox 634 473 1626 557; baseline 0.015 -30"><span class='ocrx_word' id='word_1_2' title='bbox 634 473 770 544; x_wconf 72' lang='grc' dir='ltr'><strong>Περὶ</strong></span> <span class='ocrx_word' id='word_1_3' title='bbox 799 474 906 546; x_wconf 81' lang='grc' dir='ltr'><strong>τῆς</strong></span> <span class='ocrx_word' id='word_1_4' title='bbox 924 477 1252 550; x_wconf 65' lang='grc' dir='ltr'>διαπραφῆς</span> <span class='ocrx_word' id='word_1_5' title='bbox 1272 483 1375 539; x_wconf 87' lang='grc' dir='ltr'><strong>τοῦ</strong></span> <span class='ocrx_word' id='word_1_6' title='bbox 1392 486 1626 557; x_wconf 77' lang='grc' dir='ltr'>τροχοῦ.</span> 
     </span>
    </p>
   </div>
   <div class='ocr_carea' id='block_1_3' title="bbox 354 668 1909 751">
    <p class='ocr_par' dir='ltr' id='par_1_3' title="bbox 354 668 1909 751">
     <span class='ocr_line' id='line_1_3' title="bbox 354 668 1909 751; baseline 0.012 -22"><span class='ocrx_word' id='word_1_7' title='bbox 354 676 513 749; x_wconf 84' lang='grc' dir='ltr'>Τρεῖς</span> <span class='ocrx_word' id='word_1_8' title='bbox 541 668 695 741; x_wconf 70' lang='grc' dir='ltr'>οὗτος</span> <span class='ocrx_word' id='word_1_9' title='bbox 718 678 972 751; x_wconf 82' lang='grc' dir='ltr'>κέκτηται</span> <span class='ocrx_word' id='word_1_10' title='bbox 1010 680 1204 748; x_wconf 76' lang='grc' dir='ltr'><strong>ζώνας,</strong></span> <span class='ocrx_word' id='word_1_11' title='bbox 1246 689 1339 740; x_wconf 78' lang='grc' dir='ltr'><strong>καὶ</strong></span> <span class='ocrx_word' id='word_1_12' title='bbox 1370 687 1515 743; x_wconf 84' lang='grc' dir='ltr'>ἔνδον</span> <span class='ocrx_word' id='word_1_13' title='bbox 1548 691 1725 745; x_wconf 80' lang='grc' dir='ltr'>αὐτῶν</span> <span class='ocrx_word' id='word_1_14' title='bbox 1750 668 1909 746; x_wconf 65' lang='grc' dir='ltr'>κανά-</span> 
     </span>
    </p>
   </div>
   <div class='ocr_carea' id='block_1_4' title="bbox 353 769 1912 853">
    <p class='ocr_par' dir='ltr' id='par_1_4' title="bbox 353 769 1912 853">
     <span class='ocr_line' id='line_1_4' title="bbox 353 769 1912 853; baseline 0.011 -33"><span class='ocrx_word' id='word_1_15' title='bbox 353 783 462 820; x_wconf 89' lang='grc' dir='ltr'>νιον</span> <span class='ocrx_word' id='word_1_16' title='bbox 515 769 950 838; x_wconf 83' lang='grc' dir='ltr'>ίσοτετράγωνον.</span> <span class='ocrx_word' id='word_1_17' title='bbox 1011 773 1073 825; x_wconf 83' lang='grc' dir='ltr'><strong>Ἡ</strong></span> <span class='ocrx_word' id='word_1_18' title='bbox 1114 774 1211 844; x_wconf 85' lang='grc' dir='ltr'><strong>μὲν</strong></span> <span class='ocrx_word' id='word_1_19' title='bbox 1247 772 1338 830; x_wconf 79' lang='grc' dir='ltr'>οὖν</span> <span class='ocrx_word' id='word_1_20' title='bbox 1369 779 1557 851; x_wconf 85' lang='grc' dir='ltr'>πρώτη</span> <span class='ocrx_word' id='word_1_21' title='bbox 1585 779 1727 852; x_wconf 81' lang='grc' dir='ltr'>ζώνη</span> <span class='ocrx_word' id='word_1_22' title='bbox 1760 798 1912 853; x_wconf 85' lang='grc' dir='ltr'>περι-</span> 
     </span>
    </p>
   </div>
   <div class='ocr_carea' id='block_1_5' title="bbox 354 856 1933 943">
    <p class='ocr_par' dir='ltr' id='par_1_5' title="bbox 354 856 1933 943">
     <span class='ocr_line' id='line_1_5' title="bbox 354 856 1933 943; baseline 0.013 -35"><span class='ocrx_word' id='word_1_23' title='bbox 354 856 465 927; x_wconf 82' lang='grc' dir='ltr'>έχει</span> <span class='ocrx_word' id='word_1_24' title='bbox 497 859 594 921; x_wconf 69' lang='grc' dir='ltr'>τὰς</span> <span class='ocrx_word' id='word_1_25' title='bbox 628 859 735 912; x_wconf 77' lang='grc' dir='ltr'><strong>τῶν</strong></span> <span class='ocrx_word' id='word_1_26' title='bbox 767 869 851 931; x_wconf 86' lang='grc' dir='ltr'><strong>κη’</strong></span> <span class='ocrx_word' id='word_1_27' title='bbox 885 862 974 915; x_wconf 77' lang='grc' dir='ltr'><strong>τοῦ</strong></span> <span class='ocrx_word' id='word_1_28' title='bbox 1000 864 1148 934; x_wconf 86' lang='grc' dir='ltr'>ἡλίου</span> <span class='ocrx_word' id='word_1_29' title='bbox 1175 866 1310 921; x_wconf 81' lang='grc' dir='ltr'>ἐτῶν</span> <span class='ocrx_word' id='word_1_30' title='bbox 1339 870 1610 934; x_wconf 82' lang='grc' dir='ltr'><strong>ὲπακτάς·</strong></span> <span class='ocrx_word' id='word_1_31' title='bbox 1641 875 1673 943; x_wconf 90' lang='grc' dir='ltr'>ἡ</span> <span class='ocrx_word' id='word_1_32' title='bbox 1708 873 1764 925; x_wconf 85' lang='grc' dir='ltr'>δὲ</span> <span class='ocrx_word' id='word_1_33' title='bbox 1790 872 1933 926; x_wconf 73' lang='grc' dir='ltr'>δευ-’</span> 
     </span>
    </p>
   </div>
   <div class='ocr_carea' id='block_1_6' title="bbox 352 949 1908 1034">
    <p class='ocr_par' dir='ltr' id='par_1_6' title="bbox 352 949 1908 1034">
     <span class='ocr_line' id='line_1_6' title="bbox 352 949 1908 1034; baseline 0.011 -33"><span class='ocrx_word' id='word_1_34' title='bbox 352 949 487 1019; x_wconf 81' lang='grc' dir='ltr'><strong>τέρα</strong></span> <span class='ocrx_word' id='word_1_35' title='bbox 517 949 654 1004; x_wconf 80' lang='grc' dir='ltr'><strong>αὐτὰ</strong></span> <span class='ocrx_word' id='word_1_36' title='bbox 676 951 744 1004; x_wconf 81' lang='grc' dir='ltr'><strong>τὰ</strong></span> <span class='ocrx_word' id='word_1_37' title='bbox 783 958 868 1024; x_wconf 85' lang='grc' dir='ltr'><strong>κη’</strong></span> <span class='ocrx_word' id='word_1_38' title='bbox 894 952 987 1006; x_wconf 81' lang='grc' dir='ltr'><strong>τοῦ</strong></span> <span class='ocrx_word' id='word_1_39' title='bbox 1030 956 1180 1026; x_wconf 93' lang='grc' dir='ltr'>ἡλίου</span> <span class='ocrx_word' id='word_1_40' title='bbox 1212 957 1303 1031; x_wconf 76' lang='grc' dir='ltr'>ἐτη</span> <span class='ocrx_word' id='word_1_41' title='bbox 1338 960 1443 1014; x_wconf 86' lang='grc' dir='ltr'><strong>ἀπὸ</strong></span> <span class='ocrx_word' id='word_1_42' title='bbox 1496 963 1708 1033; x_wconf 84' lang='grc' dir='ltr'>πρώτου</span> <span class='ocrx_word' id='word_1_43' title='bbox 1750 964 1908 1034; x_wconf 78' lang='grc' dir='ltr'>μέχρι</span> 
     </span>
    </p>
   </div>
   <div class='ocr_carea' id='block_1_7' title="bbox 351 1037 1909 1124">
    <p class='ocr_par' dir='ltr' id='par_1_7' title="bbox 351 1037 1909 1124">
     <span class='ocr_line' id='line_1_7' title="bbox 351 1037 1909 1124; baseline 0.011 -34"><span class='ocrx_word' id='word_1_44' title='bbox 351 1037 444 1090; x_wconf 79' lang='grc' dir='ltr'><strong>τοῦ</strong></span> <span class='ocrx_word' id='word_1_45' title='bbox 492 1039 822 1105; x_wconf 82' lang='grc' dir='ltr'>τελευταίου,</span> <span class='ocrx_word' id='word_1_46' title='bbox 883 1045 1023 1099; x_wconf 74' lang='grc' dir='ltr'>κατὰ</span> <span class='ocrx_word' id='word_1_47' title='bbox 1070 1047 1221 1114; x_wconf 79' lang='grc' dir='ltr'>τάξιν</span> <span class='ocrx_word' id='word_1_48' title='bbox 1272 1049 1749 1123; x_wconf 84' lang='grc' dir='ltr'>διαγεγραμμένα·</span> <span class='ocrx_word' id='word_1_49' title='bbox 1788 1054 1909 1124; x_wconf 84' lang='grc' dir='ltr'><strong>ἡδὲ</strong></span> 
     </span>
    </p>
   </div>
   <div class='ocr_carea' id='block_1_8' title="bbox 351 1128 1910 1212">
    <p class='ocr_par' dir='ltr' id='par_1_8' title="bbox 351 1128 1910 1212">
     <span class='ocr_line' id='line_1_8' title="bbox 351 1128 1910 1212; baseline 0.012 -32"><span class='ocrx_word' id='word_1_50' title='bbox 351 1128 507 1201; x_wconf 80' lang='grc' dir='ltr'><strong><em>τρίτη</em></strong></span> <span class='ocrx_word' id='word_1_51' title='bbox 525 1131 591 1185; x_wconf 82' lang='grc' dir='ltr'><strong>τὰ</strong></span> <span class='ocrx_word' id='word_1_52' title='bbox 611 1132 751 1186; x_wconf 80' lang='grc' dir='ltr'>κατὰ</span> <span class='ocrx_word' id='word_1_53' title='bbox 778 1135 877 1206; x_wconf 81' lang='grc' dir='ltr'><strong>τὴν</strong></span> <span class='ocrx_word' id='word_1_54' title='bbox 898 1140 1284 1211; x_wconf 84' lang='grc' dir='ltr'>τετραετηρίδα</span> <span class='ocrx_word' id='word_1_55' title='bbox 1307 1141 1579 1212; x_wconf 75' lang='grc' dir='ltr'>βίσσεξτα.</span> <span class='ocrx_word' id='word_1_56' title='bbox 1607 1147 1715 1199; x_wconf 71' lang='grc' dir='ltr'><strong>Καὶ</strong></span> <span class='ocrx_word' id='word_1_57' title='bbox 1739 1145 1910 1199; x_wconf 83' lang='grc' dir='ltr'><strong>ταῦτα</strong></span> 
     </span>
    </p>
   </div>
   <div class='ocr_carea' id='block_1_9' title="bbox 354 1221 913 1296">
    <p class='ocr_par' dir='ltr' id='par_1_9' title="bbox 354 1221 913 1296">
     <span class='ocr_line' id='line_1_9' title="bbox 354 1221 913 1296; baseline 0.011 -21"><span class='ocrx_word' id='word_1_58' title='bbox 354 1221 452 1292; x_wconf 86' lang='grc' dir='ltr'><strong>μὲν</strong></span> <span class='ocrx_word' id='word_1_59' title='bbox 481 1225 534 1276; x_wconf 88' lang='grc' dir='ltr'>αί</span> <span class='ocrx_word' id='word_1_60' title='bbox 560 1228 706 1296; x_wconf 83' lang='grc' dir='ltr'>τρεῖς</span> <span class='ocrx_word' id='word_1_61' title='bbox 726 1225 913 1291; x_wconf 81' lang='grc' dir='ltr'>ζῶναι.</span> 
     </span>
    </p>
   </div>
   <div class='ocr_carea' id='block_1_10' title="bbox 586 1337 1711 1413">
    <p class='ocr_par' dir='ltr' id='par_1_10' title="bbox 586 1337 1711 1413">
     <span class='ocr_line' id='line_1_10' title="bbox 586 1337 1711 1413; baseline 0.012 -22"><span class='ocrx_word' id='word_1_62' title='bbox 586 1339 724 1406; x_wconf 76' lang='grc' dir='ltr'><strong>Περὶ</strong></span> <span class='ocrx_word' id='word_1_63' title='bbox 754 1337 864 1409; x_wconf 83' lang='grc' dir='ltr'><strong>τῆς</strong></span> <span class='ocrx_word' id='word_1_64' title='bbox 888 1340 1211 1413; x_wconf 72' lang='grc' dir='ltr'>ὃιαγραφῆς</span> <span class='ocrx_word' id='word_1_65' title='bbox 1239 1346 1343 1400; x_wconf 86' lang='grc' dir='ltr'><strong>τοῦ</strong></span> <span class='ocrx_word' id='word_1_66' title='bbox 1378 1349 1679 1404; x_wconf 81' lang='grc' dir='ltr'>κανονίου.</span> <span class='ocrx_word' id='word_1_67' title='bbox 1704 1400 1711 1403; x_wconf 16' lang='grc' dir='ltr'><strong>ί</strong></span> 
     </span>
    </p>
   </div>
   <div class='ocr_carea' id='block_1_11' title="bbox 423 1447 1910 1531">
    <p class='ocr_par' dir='ltr' id='par_1_11' title="bbox 423 1447 1910 1531">
     <span class='ocr_line' id='line_1_11' title="bbox 423 1447 1910 1531; baseline 0.009 -31"><span class='ocrx_word' id='word_1_68' title='bbox 423 1447 496 1501; x_wconf 78' lang='lat' dir='ltr'><strong>l&quot;.</strong></span> <span class='ocrx_word' id='word_1_69' title='bbox 523 1448 595 1502; x_wconf 83' lang='grc' dir='ltr'>Τὸ</span> <span class='ocrx_word' id='word_1_70' title='bbox 617 1451 673 1503; x_wconf 86' lang='grc' dir='ltr'><strong>δὲ</strong></span> <span class='ocrx_word' id='word_1_71' title='bbox 712 1453 954 1508; x_wconf 77' lang='grc' dir='ltr'>κανόνων</span> <span class='ocrx_word' id='word_1_72' title='bbox 977 1456 1114 1511; x_wconf 79' lang='grc' dir='ltr'>ἑπτὰ</span> <span class='ocrx_word' id='word_1_73' title='bbox 1145 1456 1356 1529; x_wconf 84' lang='grc' dir='ltr'><strong>στίχους</strong></span> <span class='ocrx_word' id='word_1_74' title='bbox 1385 1459 1517 1530; x_wconf 76' lang='grc' dir='ltr'>ἔχει,</span> <span class='ocrx_word' id='word_1_75' title='bbox 1541 1463 1599 1514; x_wconf 86' lang='grc' dir='ltr'><strong>ὲν</strong></span> <span class='ocrx_word' id='word_1_76' title='bbox 1625 1456 1705 1523; x_wconf 74' lang='grc' dir='ltr'><strong>οἷς</strong></span> <span class='ocrx_word' id='word_1_77' title='bbox 1733 1461 1790 1514; x_wconf 83' lang='grc' dir='ltr'><strong>αἱ</strong></span> <span class='ocrx_word' id='word_1_78' title='bbox 1811 1461 1910 1531; x_wconf 84' lang='grc' dir='ltr'><strong>τῆς</strong></span> 
     </span>
    </p>
   </div>
   <div class='ocr_carea' id='block_1_12' title="bbox 350 1540 1908 1625">
    <p class='ocr_par' dir='ltr' id='par_1_12' title="bbox 350 1540 1908 1625">
     <span class='ocr_line' id='line_1_12' title="bbox 350 1540 1908 1625; baseline 0.01 -31"><span class='ocrx_word' id='word_1_79' title='bbox 350 1540 640 1613; x_wconf 72' lang='grc' dir='ltr'>ἑϐδομάδος</span> <span class='ocrx_word' id='word_1_80' title='bbox 659 1547 873 1619; x_wconf 86' lang='grc' dir='ltr'>ἡμέραι</span> <span class='ocrx_word' id='word_1_81' title='bbox 906 1551 1229 1623; x_wconf 78' lang='grc' dir='ltr'><strong>τεταγμέναι</strong></span> <span class='ocrx_word' id='word_1_82' title='bbox 1255 1555 1649 1625; x_wconf 54' lang='grc' dir='ltr'>τυγχάνουσινι</span> <span class='ocrx_word' id='word_1_83' title='bbox 1675 1555 1814 1608; x_wconf 81' lang='grc' dir='ltr'>Ἀλλ’</span> <span class='ocrx_word' id='word_1_84' title='bbox 1850 1556 1908 1609; x_wconf 74' lang='grc' dir='ltr'><strong>ἐν</strong></span> 
     </span>
    </p>
   </div>
   <div class='ocr_carea' id='block_1_13' title="bbox 351 1630 1903 1715">
    <p class='ocr_par' dir='ltr' id='par_1_13' title="bbox 351 1630 1903 1715">
     <span class='ocr_line' id='line_1_13' title="bbox 351 1630 1903 1715; baseline 0.01 -32"><span class='ocrx_word' id='word_1_85' title='bbox 351 1630 452 1701; x_wconf 82' lang='grc' dir='ltr'><strong>μὲν</strong></span> <span class='ocrx_word' id='word_1_86' title='bbox 472 1632 549 1703; x_wconf 81' lang='grc' dir='ltr'><strong>τῷ</strong></span> <span class='ocrx_word' id='word_1_87' title='bbox 574 1634 772 1708; x_wconf 83' lang='grc' dir='ltr'><strong>πρώτῳ</strong></span> <span class='ocrx_word' id='word_1_88' title='bbox 817 1638 981 1710; x_wconf 83' lang='grc' dir='ltr'><strong>στίχῳ</strong></span> <span class='ocrx_word' id='word_1_89' title='bbox 1030 1642 1169 1695; x_wconf 79' lang='grc' dir='ltr'><strong>κατὰ</strong></span> <span class='ocrx_word' id='word_1_90' title='bbox 1192 1643 1361 1710; x_wconf 81' lang='grc' dir='ltr'><strong>τάξιν,</strong></span> <span class='ocrx_word' id='word_1_91' title='bbox 1382 1639 1492 1699; x_wconf 82' lang='grc' dir='ltr'>οἷον</span> <span class='ocrx_word' id='word_1_92' title='bbox 1524 1648 1588 1699; x_wconf 83' lang='grc' dir='ltr'><strong>ὲκ</strong></span> <span class='ocrx_word' id='word_1_93' title='bbox 1615 1652 1683 1710; x_wconf 87' lang='grc' dir='ltr'><strong>α’,</strong></span> <span class='ocrx_word' id='word_1_94' title='bbox 1719 1646 1810 1699; x_wconf 76' lang='grc' dir='ltr'><strong>καὶ</strong></span> <span class='ocrx_word' id='word_1_95' title='bbox 1838 1644 1903 1715; x_wconf 81' lang='grc' dir='ltr'><strong>β’,</strong></span> 
     </span>
    </p>
   </div>
   <div class='ocr_carea' id='block_1_14' title="bbox 349 1721 1906 1806">
    <p class='ocr_par' dir='ltr' id='par_1_14' title="bbox 349 1721 1906 1806">
     <span class='ocr_line' id='line_1_14' title="bbox 349 1721 1906 1806; baseline 0.01 -35"><span class='ocrx_word' id='word_1_96' title='bbox 349 1721 442 1773; x_wconf 80' lang='grc' dir='ltr'><strong>καὶ</strong></span> <span class='ocrx_word' id='word_1_97' title='bbox 458 1721 647 1794; x_wconf 79' lang='grc' dir='ltr'>τρίτης</span> <span class='ocrx_word' id='word_1_98' title='bbox 681 1726 842 1799; x_wconf 83' lang='grc' dir='ltr'>μέχρι</span> <span class='ocrx_word' id='word_1_99' title='bbox 864 1729 972 1782; x_wconf 85' lang='grc' dir='ltr'><strong>τῶν</strong></span> <span class='ocrx_word' id='word_1_100' title='bbox 1002 1730 1046 1794; x_wconf 82' lang='grc' dir='ltr'><strong>ζ’</strong></span> <span class='ocrx_word' id='word_1_101' title='bbox 1064 1748 1079 1761; x_wconf 73' lang='grc' dir='ltr'><strong><em>ο</em></strong></span> <span class='ocrx_word' id='word_1_102' title='bbox 1116 1734 1173 1785; x_wconf 80' lang='grc' dir='ltr'><strong>ὲν</strong></span> <span class='ocrx_word' id='word_1_103' title='bbox 1199 1733 1255 1785; x_wconf 82' lang='grc' dir='ltr'>δὲ</span> <span class='ocrx_word' id='word_1_104' title='bbox 1287 1736 1398 1795; x_wconf 85' lang='grc' dir='ltr'>τοῖς</span> <span class='ocrx_word' id='word_1_105' title='bbox 1421 1735 1557 1805; x_wconf 83' lang='grc' dir='ltr'>μετά</span> <span class='ocrx_word' id='word_1_106' title='bbox 1576 1734 1667 1787; x_wconf 81' lang='grc' dir='ltr'>τὸν</span> <span class='ocrx_word' id='word_1_107' title='bbox 1696 1734 1906 1806; x_wconf 83' lang='grc' dir='ltr'>πρῶτον</span> 
     </span>
    </p>
   </div>
   <div class='ocr_carea' id='block_1_15' title="bbox 1151 364 2772 431">
    <p class='ocr_par' dir='ltr' id='par_1_15' title="bbox 1151 364 2772 431">
     <span class='ocr_line' id='line_1_15' title="bbox 1151 364 2772 431; baseline 0.006 -11"><span class='ocrx_word' id='word_1_108' title='bbox 1151 364 1209 422; x_wconf 90' lang='lat' dir='ltr'><strong>S.</strong></span> <span class='ocrx_word' id='word_1_109' title='bbox 1252 365 1499 423; x_wconf 77' lang='lat' dir='ltr'><strong>MAXIM]</strong></span> <span class='ocrx_word' id='word_1_110' title='bbox 1538 368 1730 427; x_wconf 81' lang='lat' dir='ltr'><strong>MART</strong></span> <span class='ocrx_word' id='word_1_111' title='bbox 1738 370 1895 428; x_wconf 68' lang='grc' dir='ltr'><strong>γωδ</strong></span> <span class='ocrx_word' id='word_1_112' title='bbox 1930 372 2307 431; x_wconf 73' lang='lat' dir='ltr'><strong>COMPUTL‘S</strong></span> <span class='ocrx_word' id='word_1_113' title='bbox 2339 373 2772 431; x_wconf 79' lang='lat' dir='ltr'><strong>ECCLESIAST.</strong></span> 
     </span>
    </p>
   </div>
   <div class='ocr_carea' id='block_1_16' title="bbox 1934 495 1983 556">
    <p class='ocr_par' dir='ltr' id='par_1_16' title="bbox 1934 495 1983 556">
     <span class='ocr_line' id='line_1_16' title="bbox 1934 495 1983 556; baseline 0 0"><span class='ocrx_word' id='word_1_114' title='bbox 1934 495 1983 556; x_wconf 76' lang='grc' dir='ltr'>Α</span> 
     </span>
    </p>
   </div>
   <div class='ocr_carea' id='block_1_17' title="bbox 426 584 1936 675">
    <p class='ocr_par' dir='ltr' id='par_1_17' title="bbox 426 584 1936 675">
     <span class='ocr_line' id='line_1_17' title="bbox 426 584 1936 675; baseline 0.013 -37"><span class='ocrx_word' id='word_1_115' title='bbox 426 585 501 639; x_wconf 90' lang='lat' dir='ltr'><strong>B&#39;.</strong></span> <span class='ocrx_word' id='word_1_116' title='bbox 542 586 727 675; x_wconf 54' lang='grc' dir='ltr'>Ἔστιν</span> <span class='ocrx_word' id='word_1_117' title='bbox 773 584 865 642; x_wconf 76' lang='grc' dir='ltr'><strong>οὖν</strong></span> <span class='ocrx_word' id='word_1_118' title='bbox 906 593 938 662; x_wconf 94' lang='grc' dir='ltr'>ἡ</span> <span class='ocrx_word' id='word_1_119' title='bbox 994 591 1266 667; x_wconf 81' lang='grc' dir='ltr'>διαγραφὴ</span> <span class='ocrx_word' id='word_1_120' title='bbox 1297 596 1390 650; x_wconf 78' lang='grc' dir='ltr'><strong>τοῦ</strong></span> <span class='ocrx_word' id='word_1_121' title='bbox 1437 599 1629 672; x_wconf 87' lang='grc' dir='ltr'>τροχοῦ</span> <span class='ocrx_word' id='word_1_122' title='bbox 1669 602 1936 675; x_wconf 76' lang='grc' dir='ltr'><strong>τοιαύτη..</strong></span> 
     </span>
    </p>
   </div>
   <div class='ocr_carea' id='block_1_18' title="bbox 3433 385 3568 443">
    <p class='ocr_par' dir='ltr' id='par_1_18' title="bbox 3433 385 3568 443">
     <span class='ocr_line' id='line_1_18' title="bbox 3433 385 3568 443; baseline 0.037 -5"><span class='ocrx_word' id='word_1_123' title='bbox 3433 385 3568 443; x_wconf 66' lang='grc' dir='ltr'><strong>ἱῖϐϐ</strong></span> 
     </span>
    </p>
   </div>
   <div class='ocr_carea' id='block_1_19' title="bbox 2362 493 3166 565">
    <p class='ocr_par' dir='ltr' id='par_1_19' title="bbox 2362 493 3166 565">
     <span class='ocr_line' id='line_1_19' title="bbox 2362 493 3166 565; baseline 0.002 -14"><span class='ocrx_word' id='word_1_124' title='bbox 2362 494 2518 565; x_wconf 73' lang='grc'><strong>187</strong></span> <span class='ocrx_word' id='word_1_125' title='bbox 2554 493 2627 549; x_wconf 82' lang='lat' dir='ltr'><strong>De</strong></span> <span class='ocrx_word' id='word_1_126' title='bbox 2653 503 2783 549; x_wconf 75' lang='lat' dir='ltr'><strong>rotat</strong></span> <span class='ocrx_word' id='word_1_127' title='bbox 2810 493 3166 565; x_wconf 76' lang='lat' dir='ltr'><strong>descriptione.</strong></span> 
     </span>
    </p>
   </div>
   <div class='ocr_carea' id='block_1_20' title="bbox 2085 606 3567 679">
    <p class='ocr_par' dir='ltr' id='par_1_20' title="bbox 2085 606 3567 679">
     <span class='ocr_line' id='line_1_20' title="bbox 2085 606 3567 679; baseline 0.007 -20"><span class='ocrx_word' id='word_1_128' title='bbox 2085 606 2148 661; x_wconf 94' lang='lat' dir='ltr'><strong>ll.</strong></span> <span class='ocrx_word' id='word_1_129' title='bbox 2173 606 2308 662; x_wconf 81' lang='lat' dir='ltr'><strong>Haec</strong></span> <span class='ocrx_word' id='word_1_130' title='bbox 2330 608 2495 679; x_wconf 81' lang='lat' dir='ltr'><strong>igitur</strong></span> <span class='ocrx_word' id='word_1_131' title='bbox 2526 621 2642 664; x_wconf 79' lang='lat' dir='ltr'><strong>rota</strong></span> <span class='ocrx_word' id='word_1_132' title='bbox 2684 609 2789 665; x_wconf 85' lang='lat' dir='ltr'><strong>ista</strong></span> <span class='ocrx_word' id='word_1_133' title='bbox 2818 610 3217 679; x_wconf 74' lang='lat' dir='ltr'><strong>complectitur.</strong></span> <span class='ocrx_word' id='word_1_134' title='bbox 3248 610 3384 668; x_wconf 87' lang='lat' dir='ltr'><strong>Tres</strong></span> <span class='ocrx_word' id='word_1_135' title='bbox 3419 630 3473 667; x_wconf 77' lang='lat' dir='ltr'><strong>In</strong></span> <span class='ocrx_word' id='word_1_136' title='bbox 3504 629 3567 670; x_wconf 77' lang='lat' dir='ltr'><strong>ea</strong></span> 
     </span>
    </p>
   </div>
   <div class='ocr_carea' id='block_1_21' title="bbox 2018 699 3568 775">
    <p class='ocr_par' dir='ltr' id='par_1_21' title="bbox 2018 699 3568 775">
     <span class='ocr_line' id='line_1_21' title="bbox 2018 699 3568 775; baseline 0.007 -24"><span class='ocrx_word' id='word_1_137' title='bbox 2018 712 2166 752; x_wconf 72' lang='lat' dir='ltr'><strong>zona:</strong></span> <span class='ocrx_word' id='word_1_138' title='bbox 2196 706 2346 762; x_wconf 69' lang='lat' dir='ltr'><strong>sunt,</strong></span> <span class='ocrx_word' id='word_1_139' title='bbox 2372 705 2427 754; x_wconf 87' lang='lat' dir='ltr'><strong>et</strong></span> <span class='ocrx_word' id='word_1_140' title='bbox 2453 700 2509 753; x_wconf 80' lang='lat' dir='ltr'><strong>in</strong></span> <span class='ocrx_word' id='word_1_141' title='bbox 2539 700 2716 755; x_wconf 91' lang='lat' dir='ltr'><strong>medio</strong></span> <span class='ocrx_word' id='word_1_142' title='bbox 2734 699 3017 769; x_wconf 79' lang='lat' dir='ltr'><strong>quadrata,</strong></span> <span class='ocrx_word' id='word_1_143' title='bbox 3031 702 3211 757; x_wconf 87' lang='lat' dir='ltr'><strong>tabula</strong></span> <span class='ocrx_word' id='word_1_144' title='bbox 3236 704 3568 775; x_wconf 71' lang='lat' dir='ltr'><strong>mquilatera.</strong></span> 
     </span>
    </p>
   </div>
   <div class='ocr_carea' id='block_1_22' title="bbox 2017 789 3572 864">
    <p class='ocr_par' dir='ltr' id='par_1_22' title="bbox 2017 789 3572 864">
     <span class='ocr_line' id='line_1_22' title="bbox 2017 789 3572 864; baseline 0.006 -21"><span class='ocrx_word' id='word_1_145' title='bbox 2017 789 2199 845; x_wconf 87' lang='lat' dir='ltr'><strong>Prima</strong></span> <span class='ocrx_word' id='word_1_146' title='bbox 2227 806 2359 845; x_wconf 82' lang='lat' dir='ltr'><strong>zona</strong></span> <span class='ocrx_word' id='word_1_147' title='bbox 2391 805 2656 845; x_wconf 89' lang='lat' dir='ltr'><strong>annorum</strong></span> <span class='ocrx_word' id='word_1_148' title='bbox 2681 792 2870 863; x_wconf 78' lang='lat' dir='ltr'><strong>viginti</strong></span> <span class='ocrx_word' id='word_1_149' title='bbox 2903 801 3026 848; x_wconf 87' lang='lat' dir='ltr'><strong>octo</strong></span> <span class='ocrx_word' id='word_1_150' title='bbox 3050 793 3181 849; x_wconf 91' lang='lat' dir='ltr'><strong>solis</strong></span> <span class='ocrx_word' id='word_1_151' title='bbox 3202 804 3423 864; x_wconf 87' lang='lat' dir='ltr'><strong>epactas</strong></span> <span class='ocrx_word' id='word_1_152' title='bbox 3439 812 3572 852; x_wconf 86' lang='lat' dir='ltr'><strong>con-</strong></span> 
     </span>
    </p>
   </div>
   <div class='ocr_carea' id='block_1_23' title="bbox 2019 881 3570 956">
    <p class='ocr_par' dir='ltr' id='par_1_23' title="bbox 2019 881 3570 956">
     <span class='ocr_line' id='line_1_23' title="bbox 2019 881 3570 956; baseline 0.004 -22"><span class='ocrx_word' id='word_1_153' title='bbox 2019 881 2187 945; x_wconf 75' lang='lat' dir='ltr'><strong>tinet;</strong></span> <span class='ocrx_word' id='word_1_154' title='bbox 2211 881 2447 936; x_wconf 88' lang='lat' dir='ltr'><strong>secunda</strong></span> <span class='ocrx_word' id='word_1_155' title='bbox 2476 896 2651 937; x_wconf 84' lang='lat' dir='ltr'><strong>annos</strong></span> <span class='ocrx_word' id='word_1_156' title='bbox 2684 881 2833 952; x_wconf 88' lang='lat' dir='ltr'><strong>ipsos</strong></span> <span class='ocrx_word' id='word_1_157' title='bbox 2876 898 3040 937; x_wconf 81' lang='lat' dir='ltr'><strong>xxvm</strong></span> <span class='ocrx_word' id='word_1_158' title='bbox 3077 884 3285 940; x_wconf 90' lang='lat' dir='ltr'><strong>solares</strong></span> <span class='ocrx_word' id='word_1_159' title='bbox 3334 900 3363 939; x_wconf 89' lang='lat' dir='ltr'><strong>a</strong></span> <span class='ocrx_word' id='word_1_160' title='bbox 3393 886 3570 956; x_wconf 90' lang='lat' dir='ltr'><strong>primo</strong></span> 
     </span>
    </p>
   </div>
   <div class='ocr_carea' id='block_1_24' title="bbox 1936 972 3570 1047">
    <p class='ocr_par' dir='ltr' id='par_1_24' title="bbox 1936 972 3570 1047">
     <span class='ocr_line' id='line_1_24' title="bbox 1936 972 3570 1047; baseline -0.001 -16"><span class='ocrx_word' id='word_1_161' title='bbox 1936 1028 1941 1031; x_wconf 85' lang='lat'>_</span> <span class='ocrx_word' id='word_1_162' title='bbox 2019 973 2087 1027; x_wconf 85' lang='lat' dir='ltr'><strong>ad</strong></span> <span class='ocrx_word' id='word_1_163' title='bbox 2103 973 2347 1027; x_wconf 90' lang='lat' dir='ltr'><strong>ultimam</strong></span> <span class='ocrx_word' id='word_1_164' title='bbox 2369 988 2542 1042; x_wconf 92' lang='lat' dir='ltr'><strong>usque</strong></span> <span class='ocrx_word' id='word_1_165' title='bbox 2569 988 2906 1044; x_wconf 82' lang='lat' dir='ltr'><strong>progressos.</strong></span> <span class='ocrx_word' id='word_1_166' title='bbox 2931 972 3116 1029; x_wconf 89' lang='lat' dir='ltr'><strong>Tertia</strong></span> <span class='ocrx_word' id='word_1_167' title='bbox 3129 974 3458 1038; x_wconf 84' lang='lat' dir='ltr'><strong>bissextiles.</strong></span> <span class='ocrx_word' id='word_1_168' title='bbox 3476 978 3570 1047; x_wconf 86' lang='lat' dir='ltr'><strong>qui</strong></span> 
     </span>
    </p>
   </div>
   <div class='ocr_carea' id='block_1_25' title="bbox 2017 1058 3569 1135">
    <p class='ocr_par' dir='ltr' id='par_1_25' title="bbox 2017 1058 3569 1135">
     <span class='ocr_line' id='line_1_25' title="bbox 2017 1058 3569 1135; baseline 0.004 -15"><span class='ocrx_word' id='word_1_169' title='bbox 2017 1064 2377 1135; x_wconf 88' lang='lat' dir='ltr'><strong>quadriennio</strong></span> <span class='ocrx_word' id='word_1_170' title='bbox 2403 1064 2601 1134; x_wconf 89' lang='lat' dir='ltr'><strong>cuique</strong></span> <span class='ocrx_word' id='word_1_171' title='bbox 2616 1058 2950 1134; x_wconf 85' lang='lat' dir='ltr'><strong>competunt.</strong></span> <span class='ocrx_word' id='word_1_172' title='bbox 2969 1064 3092 1120; x_wconf 72' lang='lat' dir='ltr'><strong>Haec</strong></span> <span class='ocrx_word' id='word_1_173' title='bbox 3121 1066 3177 1120; x_wconf 91' lang='lat' dir='ltr'><strong>in</strong></span> <span class='ocrx_word' id='word_1_174' title='bbox 3206 1065 3379 1122; x_wconf 88' lang='lat' dir='ltr'><strong>tribus</strong></span> <span class='ocrx_word' id='word_1_175' title='bbox 3394 1068 3569 1126; x_wconf 80' lang='lat' dir='ltr'><strong>zonis.</strong></span> 
     </span>
    </p>
   </div>
   <div class='ocr_carea' id='block_1_26' title="bbox 2289 1350 3288 1423">
    <p class='ocr_par' dir='ltr' id='par_1_26' title="bbox 2289 1350 3288 1423">
     <span class='ocr_line' id='line_1_26' title="bbox 2289 1350 3288 1423; baseline 0.001 -17"><span class='ocrx_word' id='word_1_176' title='bbox 2289 1350 2369 1406; x_wconf 83' lang='lat' dir='ltr'><strong>De</strong></span> <span class='ocrx_word' id='word_1_177' title='bbox 2411 1350 2669 1407; x_wconf 68' lang='lat' dir='ltr'><strong>mediam:</strong></span> <span class='ocrx_word' id='word_1_178' title='bbox 2708 1351 2901 1407; x_wconf 74' lang='lat' dir='ltr'><strong>tabulw</strong></span> <span class='ocrx_word' id='word_1_179' title='bbox 2929 1351 3288 1423; x_wconf 70' lang='lat' dir='ltr'><strong>descriptione.</strong></span> 
     </span>
    </p>
   </div>
   <div class='ocr_carea' id='block_1_27' title="bbox 2082 1459 3565 1532">
    <p class='ocr_par' dir='ltr' id='par_1_27' title="bbox 2082 1459 3565 1532">
     <span class='ocr_line' id='line_1_27' title="bbox 2082 1459 3565 1532; baseline 0.001 -18"><span class='ocrx_word' id='word_1_180' title='bbox 2082 1459 2175 1514; x_wconf 65' lang='lat' dir='ltr'><strong>lil.’</strong></span> <span class='ocrx_word' id='word_1_181' title='bbox 2206 1459 2415 1515; x_wconf 71' lang='lat' dir='ltr'><strong>Tabula</strong></span> <span class='ocrx_word' id='word_1_182' title='bbox 2461 1468 2665 1530; x_wconf 84' lang='lat' dir='ltr'><strong>septem</strong></span> <span class='ocrx_word' id='word_1_183' title='bbox 2715 1461 2965 1518; x_wconf 85' lang='lat' dir='ltr'><strong>versibus</strong></span> <span class='ocrx_word' id='word_1_184' title='bbox 3007 1468 3239 1527; x_wconf 88' lang='lat' dir='ltr'><strong>constat,</strong></span> <span class='ocrx_word' id='word_1_185' title='bbox 3278 1462 3334 1516; x_wconf 90' lang='lat' dir='ltr'><strong>in</strong></span> <span class='ocrx_word' id='word_1_186' title='bbox 3368 1461 3565 1532; x_wconf 88' lang='lat' dir='ltr'><strong>quibus</strong></span> 
     </span>
    </p>
   </div>
   <div class='ocr_carea' id='block_1_28' title="bbox 2014 1550 3569 1624">
    <p class='ocr_par' dir='ltr' id='par_1_28' title="bbox 2014 1550 3569 1624">
     <span class='ocr_line' id='line_1_28' title="bbox 2014 1550 3569 1624; baseline 0.001 -17"><span class='ocrx_word' id='word_1_187' title='bbox 2014 1559 2220 1622; x_wconf 84' lang='lat' dir='ltr'><strong>septem</strong></span> <span class='ocrx_word' id='word_1_188' title='bbox 2238 1550 2596 1608; x_wconf 84' lang='lat' dir='ltr'><strong>hebdomadis</strong></span> <span class='ocrx_word' id='word_1_189' title='bbox 2619 1552 2739 1608; x_wconf 89' lang='lat' dir='ltr'><strong>dies</strong></span> <span class='ocrx_word' id='word_1_190' title='bbox 2758 1553 3104 1609; x_wconf 84' lang='lat' dir='ltr'><strong>exhibentur.</strong></span> <span class='ocrx_word' id='word_1_191' title='bbox 3129 1553 3186 1608; x_wconf 87' lang='lat' dir='ltr'><strong>In</strong></span> <span class='ocrx_word' id='word_1_192' title='bbox 3212 1554 3385 1624; x_wconf 87' lang='lat' dir='ltr'><strong>primo</strong></span> <span class='ocrx_word' id='word_1_193' title='bbox 3405 1569 3569 1610; x_wconf 89' lang='lat' dir='ltr'><strong>versu</strong></span> 
     </span>
    </p>
   </div>
   <div class='ocr_carea' id='block_1_29' title="bbox 2012 1644 3570 1716">
    <p class='ocr_par' dir='ltr' id='par_1_29' title="bbox 2012 1644 3570 1716">
     <span class='ocr_line' id='line_1_29' title="bbox 2012 1644 3570 1716; baseline -0.001 -16"><span class='ocrx_word' id='word_1_194' title='bbox 2012 1644 2206 1700; x_wconf 87' lang='lat' dir='ltr'><strong>ordine</strong></span> <span class='ocrx_word' id='word_1_195' title='bbox 2229 1644 2533 1709; x_wconf 84' lang='lat' dir='ltr'><strong>procedunt</strong></span> <span class='ocrx_word' id='word_1_196' title='bbox 2558 1645 2628 1698; x_wconf 90' lang='lat' dir='ltr'><strong>ab</strong></span> <span class='ocrx_word' id='word_1_197' title='bbox 2658 1644 2710 1709; x_wconf 84' lang='grc'><strong>1,</strong></span> <span class='ocrx_word' id='word_1_198' title='bbox 2742 1645 2796 1709; x_wconf 78' lang='lat'><strong>2,</strong></span> <span class='ocrx_word' id='word_1_199' title='bbox 2827 1646 2861 1700; x_wconf 79' lang='lat'><strong>5</strong></span> <span class='ocrx_word' id='word_1_200' title='bbox 2887 1661 3060 1716; x_wconf 87' lang='lat' dir='ltr'><strong>usque</strong></span> <span class='ocrx_word' id='word_1_201' title='bbox 3085 1645 3153 1699; x_wconf 85' lang='lat' dir='ltr'><strong>ad</strong></span> <span class='ocrx_word' id='word_1_202' title='bbox 3178 1646 3233 1709; x_wconf 83' lang='lat'><strong>7,</strong></span> <span class='ocrx_word' id='word_1_203' title='bbox 3255 1646 3309 1699; x_wconf 90' lang='lat' dir='ltr'><strong>in</strong></span> <span class='ocrx_word' id='word_1_204' title='bbox 3338 1660 3570 1716; x_wconf 83' lang='lat' dir='ltr'><strong>sequen-</strong></span> 
     </span>
    </p>
   </div>
   <div class='ocr_carea' id='block_1_30' title="bbox 2013 1733 3570 1807">
    <p class='ocr_par' dir='ltr' id='par_1_30' title="bbox 2013 1733 3570 1807">
     <span class='ocr_line' id='line_1_30' title="bbox 2013 1733 3570 1807; baseline -0.001 -18"><span class='ocrx_word' id='word_1_205' title='bbox 2013 1735 2159 1790; x_wconf 85' lang='lat' dir='ltr'><strong>tibus</strong></span> <span class='ocrx_word' id='word_1_206' title='bbox 2187 1742 2348 1807; x_wconf 88' lang='lat' dir='ltr'><strong>prout</strong></span> <span class='ocrx_word' id='word_1_207' title='bbox 2388 1734 2636 1789; x_wconf 83' lang='lat' dir='ltr'><strong>calculus</strong></span> <span class='ocrx_word' id='word_1_208' title='bbox 2689 1735 2836 1790; x_wconf 69' lang='lat' dir='ltr'><strong>tulit.</strong></span> <span class='ocrx_word' id='word_1_209' title='bbox 2890 1735 3158 1805; x_wconf 84' lang='lat' dir='ltr'><strong>Utrinque</strong></span> <span class='ocrx_word' id='word_1_210' title='bbox 3196 1734 3364 1790; x_wconf 85' lang='lat' dir='ltr'><strong>rubro</strong></span> <span class='ocrx_word' id='word_1_211' title='bbox 3413 1733 3570 1804; x_wconf 67' lang='lat' dir='ltr'><strong>picta:</strong></span> 
     </span>
    </p>
   </div>
   <div class='ocr_carea' id='block_1_31' title="bbox 349 1809 1932 1907">
    <p class='ocr_par' dir='ltr' id='par_1_31' title="bbox 349 1809 1904 1907">
     <span class='ocr_line' id='line_1_31' title="bbox 349 1809 1904 1907; baseline 0.013 -48"><span class='ocrx_word' id='word_1_212' title='bbox 349 1809 526 1907; x_wconf 67' lang='grc' dir='ltr'>στίχον</span> <span class='ocrx_word' id='word_1_213' title='bbox 735 1815 912 1887; x_wconf 69' lang='grc' dir='ltr'>ψῆφος</span> <span class='ocrx_word' id='word_1_214' title='bbox 956 1819 1251 1892; x_wconf 80' lang='grc' dir='ltr'><strong>ἀπῄτησεν.</strong></span> <span class='ocrx_word' id='word_1_215' title='bbox 1309 1822 1673 1896; x_wconf 83' lang='grc' dir='ltr'>Ἐκατέρωθεν</span> <span class='ocrx_word' id='word_1_216' title='bbox 1708 1825 1763 1878; x_wconf 77' lang='grc' dir='ltr'><strong>δὲ</strong></span> <span class='ocrx_word' id='word_1_217' title='bbox 1813 1825 1904 1878; x_wconf 75' lang='grc' dir='ltr'><strong>τοῦ</strong></span> 
     </span>
    </p>
   </div>
   <div class='ocr_carea' id='block_1_32' title="bbox 2009 1809 3567 1907">
    <p class='ocr_par' dir='ltr' id='par_1_32' title="bbox 2010 1824 3567 1882">
     <span class='ocr_line' id='line_1_32' title="bbox 2010 1824 3567 1882; baseline -0.003 0"><span class='ocrx_word' id='word_1_218' title='bbox 2010 1834 2138 1882; x_wconf 88' lang='lat' dir='ltr'><strong>sunt</strong></span> <span class='ocrx_word' id='word_1_219' title='bbox 2179 1825 2379 1881; x_wconf 58' lang='lat' dir='ltr'><strong>eadem</strong></span> <span class='ocrx_word' id='word_1_220' title='bbox 2405 1825 2765 1880; x_wconf 88' lang='lat' dir='ltr'><strong>hebdomadis</strong></span> <span class='ocrx_word' id='word_1_221' title='bbox 2782 1824 2935 1881; x_wconf 78' lang='lat' dir='ltr'><strong>feriae</strong></span> <span class='ocrx_word' id='word_1_222' title='bbox 2979 1825 3236 1881; x_wconf 86' lang='lat' dir='ltr'><strong>deorsum</strong></span> <span class='ocrx_word' id='word_1_223' title='bbox 3279 1839 3311 1879; x_wconf 86' lang='lat' dir='ltr'><strong>a</strong></span> <span class='ocrx_word' id='word_1_224' title='bbox 3353 1838 3567 1879; x_wconf 89' lang='lat' dir='ltr'><strong>summo</strong></span> 
     </span>
    </p>
   </div>
   <div class='ocr_carea' id='block_1_33' title="bbox 346 1900 1932 1987">
    <p class='ocr_par' dir='ltr' id='par_1_33' title="bbox 346 1900 1905 1987">
     <span class='ocr_line' id='line_1_33' title="bbox 346 1900 1905 1987; baseline 0.017 -35"><span class='ocrx_word' id='word_1_225' title='bbox 346 1900 509 1955; x_wconf 81' lang='grc' dir='ltr'>αὐτοῦ</span> <span class='ocrx_word' id='word_1_226' title='bbox 544 1903 632 1958; x_wconf 79' lang='grc' dir='ltr'>διὰ</span> <span class='ocrx_word' id='word_1_227' title='bbox 696 1910 923 1979; x_wconf 84' lang='grc' dir='ltr'>σηρικοῦ</span> <span class='ocrx_word' id='word_1_228' title='bbox 957 1914 1337 1983; x_wconf 81' lang='grc' dir='ltr'>γεγραμμέναι</span> <span class='ocrx_word' id='word_1_229' title='bbox 1367 1914 1526 1969; x_wconf 86' lang='grc' dir='ltr'>πάλιν</span> <span class='ocrx_word' id='word_1_230' title='bbox 1558 1917 1694 1970; x_wconf 78' lang='grc' dir='ltr'>είσὶν</span> <span class='ocrx_word' id='word_1_231' title='bbox 1732 1915 1905 1987; x_wconf 80' lang='grc' dir='ltr'>ὀρθῶς</span> 
     </span>
    </p>
   </div>
   <div class='ocr_carea' id='block_1_34' title="bbox 2009 1900 3572 1987">
    <p class='ocr_par' dir='ltr' id='par_1_34' title="bbox 2009 1915 3572 1985">
     <span class='ocr_line' id='line_1_34' title="bbox 2009 1915 3572 1985; baseline -0.003 -13"><span class='ocrx_word' id='word_1_232' title='bbox 2009 1916 2423 1980; x_wconf 86' lang='lat' dir='ltr'><strong>descendentes,</strong></span> <span class='ocrx_word' id='word_1_233' title='bbox 2454 1916 2654 1985; x_wconf 82' lang='lat' dir='ltr'><strong>quibus</strong></span> <span class='ocrx_word' id='word_1_234' title='bbox 2679 1915 2921 1985; x_wconf 72' lang='lat' dir='ltr'><strong>adiuncti</strong></span> <span class='ocrx_word' id='word_1_235' title='bbox 2964 1923 3093 1971; x_wconf 87' lang='lat' dir='ltr'><strong>sunt</strong></span> <span class='ocrx_word' id='word_1_236' title='bbox 3144 1916 3373 1970; x_wconf 76' lang='lat' dir='ltr'><strong>Romani</strong></span> <span class='ocrx_word' id='word_1_237' title='bbox 3418 1930 3572 1969; x_wconf 65' lang='lat' dir='ltr'><strong>mem</strong></span> 
     </span>
    </p>
   </div>
   <div class='ocr_carea' id='block_1_35' title="bbox 346 1994 1905 2079">
    <p class='ocr_par' dir='ltr' id='par_1_35' title="bbox 346 1994 1905 2079">
     <span class='ocr_line' id='line_1_35' title="bbox 346 1994 1905 2079; baseline 0.017 -34"><span class='ocrx_word' id='word_1_238' title='bbox 346 1994 665 2066; x_wconf 77' lang='grc' dir='ltr'>καθιέμεναι</span> <span class='ocrx_word' id='word_1_239' title='bbox 688 2000 744 2053; x_wconf 82' lang='grc' dir='ltr'>αί</span> <span class='ocrx_word' id='word_1_240' title='bbox 775 2002 932 2056; x_wconf 58' lang='grc' dir='ltr'><strong>αὑταὶ¹</strong></span> <span class='ocrx_word' id='word_1_241' title='bbox 968 2003 1066 2075; x_wconf 82' lang='grc' dir='ltr'><strong>τῆς</strong></span> <span class='ocrx_word' id='word_1_242' title='bbox 1107 2005 1393 2076; x_wconf 74' lang='grc' dir='ltr'>ἑϐδομάδος</span> <span class='ocrx_word' id='word_1_243' title='bbox 1429 2008 1630 2079; x_wconf 80' lang='grc' dir='ltr'>ἡμέραι</span> <span class='ocrx_word' id='word_1_244' title='bbox 1653 2025 1667 2038; x_wconf 80' lang='grc'><strong>⁸</strong></span> <span class='ocrx_word' id='word_1_245' title='bbox 1699 2007 1815 2078; x_wconf 86' lang='grc' dir='ltr'>μεθ’</span> <span class='ocrx_word' id='word_1_246' title='bbox 1839 2006 1905 2072; x_wconf 74' lang='grc' dir='ltr'><strong>ἃς</strong></span> 
     </span>
    </p>
   </div>
   <div class='ocr_carea' id='block_1_36' title="bbox 345 2086 1906 2171">
    <p class='ocr_par' dir='ltr' id='par_1_36' title="bbox 345 2086 1906 2171">
     <span class='ocr_line' id='line_1_36' title="bbox 345 2086 1906 2171; baseline 0.009 -34"><span class='ocrx_word' id='word_1_247' title='bbox 345 2086 437 2138; x_wconf 83' lang='grc' dir='ltr'><strong>καὶ</strong></span> <span class='ocrx_word' id='word_1_248' title='bbox 485 2090 532 2141; x_wconf 88' lang='grc' dir='ltr'>οί</span> <span class='ocrx_word' id='word_1_249' title='bbox 580 2089 898 2147; x_wconf 79' lang='grc' dir='ltr'>δυοκαίδεκα</span> <span class='ocrx_word' id='word_1_250' title='bbox 939 2095 1233 2167; x_wconf 77' lang='grc' dir='ltr'>Ῥωμαῖκοὶ</span> <span class='ocrx_word' id='word_1_251' title='bbox 1261 2098 1422 2168; x_wconf 86' lang='grc' dir='ltr'>μῆνες</span> <span class='ocrx_word' id='word_1_252' title='bbox 1448 2099 1906 2171; x_wconf 69' lang='grc' dir='ltr'>δια-γεγραμμένοι</span> 
     </span>
    </p>
   </div>
   <div class='ocr_carea' id='block_1_37' title="bbox 2010 2003 3566 2076">
    <p class='ocr_par' dir='ltr' id='par_1_37' title="bbox 2010 2003 3566 2076">
     <span class='ocr_line' id='line_1_37' title="bbox 2010 2003 3566 2076; baseline -0.003 -13"><span class='ocrx_word' id='word_1_253' title='bbox 2010 2021 2099 2063; x_wconf 89' lang='lat' dir='ltr'><strong>ses</strong></span> <span class='ocrx_word' id='word_1_254' title='bbox 2123 2006 2226 2073; x_wconf 67' lang='lat' dir='ltr'><strong>;,in</strong></span> <span class='ocrx_word' id='word_1_255' title='bbox 2253 2005 2468 2076; x_wconf 77' lang='lat' dir='ltr'><strong>gemino</strong></span> <span class='ocrx_word' id='word_1_256' title='bbox 2492 2020 2656 2060; x_wconf 89' lang='lat' dir='ltr'><strong>versu</strong></span> <span class='ocrx_word' id='word_1_257' title='bbox 2689 2003 2841 2061; x_wconf 73' lang='lat' dir='ltr'><strong>Solus</strong></span> <span class='ocrx_word' id='word_1_258' title='bbox 2868 2005 3168 2075; x_wconf 86' lang='lat' dir='ltr'><strong>inscriptus</strong></span> <span class='ocrx_word' id='word_1_259' title='bbox 3198 2013 3283 2062; x_wconf 90' lang='lat' dir='ltr'><strong>est</strong></span> <span class='ocrx_word' id='word_1_260' title='bbox 3319 2004 3566 2066; x_wconf 81' lang='lat' dir='ltr'><strong>Martius,</strong></span> 
     </span>
    </p>
   </div>
   <div class='ocr_carea' id='block_1_38' title="bbox 2010 2094 3572 2166">
    <p class='ocr_par' dir='ltr' id='par_1_38' title="bbox 2010 2094 3572 2166">
     <span class='ocr_line' id='line_1_38' title="bbox 2010 2094 3572 2166; baseline 0 -19"><span class='ocrx_word' id='word_1_261' title='bbox 2010 2103 2230 2166; x_wconf 80' lang='lat' dir='ltr'><strong>propter</strong></span> <span class='ocrx_word' id='word_1_262' title='bbox 2259 2096 2577 2151; x_wconf 82' lang='lat' dir='ltr'><strong>bissextum.</strong></span> <span class='ocrx_word' id='word_1_263' title='bbox 2603 2094 2879 2161; x_wconf 87' lang='lat' dir='ltr'><strong>Ejusmodi</strong></span> <span class='ocrx_word' id='word_1_264' title='bbox 2908 2103 2992 2151; x_wconf 87' lang='lat' dir='ltr'><strong>est</strong></span> <span class='ocrx_word' id='word_1_265' title='bbox 3023 2097 3229 2152; x_wconf 82' lang='lat' dir='ltr'><strong>tabellae</strong></span> <span class='ocrx_word' id='word_1_266' title='bbox 3255 2094 3572 2164; x_wconf 87' lang='lat' dir='ltr'><strong>descriptio.</strong></span> 
     </span>
    </p>
   </div>
   <div class='ocr_carea' id='block_1_39' title="bbox 343 2182 3571 2265">
    <p class='ocr_par' dir='ltr' id='par_1_39' title="bbox 343 2182 3571 2265">
     <span class='ocr_line' id='line_1_39' title="bbox 343 2182 3571 2265; baseline 0.001 -29"><span class='ocrx_word' id='word_1_267' title='bbox 343 2182 719 2251; x_wconf 74' lang='grc' dir='ltr'>τυγχάνουσιν.</span> <span class='ocrx_word' id='word_1_268' title='bbox 745 2187 849 2241; x_wconf 83' lang='grc' dir='ltr'><strong>,Ἐν</strong></span> <span class='ocrx_word' id='word_1_269' title='bbox 892 2188 1051 2260; x_wconf 84' lang='grc' dir='ltr'>διττῷ</span> <span class='ocrx_word' id='word_1_270' title='bbox 1077 2190 1134 2243; x_wconf 86' lang='grc' dir='ltr'>δὲ</span> <span class='ocrx_word' id='word_1_271' title='bbox 1174 2191 1643 2264; x_wconf 76' lang='grc' dir='ltr'>διαγεγραμμένος</span> <span class='ocrx_word' id='word_1_272' title='bbox 1675 2194 1904 2265; x_wconf 82' lang='grc' dir='ltr'><strong>ὑπάρχει</strong></span> <span class='ocrx_word' id='word_1_273' title='bbox 1927 2192 2140 2263; x_wconf 76' lang='grc' dir='ltr'>μόνοςδ</span> <span class='ocrx_word' id='word_1_274' title='bbox 2157 2190 2398 2260; x_wconf 82' lang='grc' dir='ltr'>Μάρτιος</span> <span class='ocrx_word' id='word_1_275' title='bbox 2423 2189 2510 2243; x_wconf 85' lang='grc' dir='ltr'><strong>διὰ</strong></span> <span class='ocrx_word' id='word_1_276' title='bbox 2528 2188 2590 2242; x_wconf 81' lang='grc' dir='ltr'><strong>τὸ</strong></span> <span class='ocrx_word' id='word_1_277' title='bbox 2612 2187 2904 2258; x_wconf 81' lang='grc' dir='ltr'><strong>βίσσεξτον,</strong></span> <span class='ocrx_word' id='word_1_278' title='bbox 2932 2189 3115 2243; x_wconf 81' lang='grc' dir='ltr'>Ταῦτα</span> <span class='ocrx_word' id='word_1_279' title='bbox 3142 2189 3237 2242; x_wconf 70' lang='grc' dir='ltr'>καὶ</span> <span class='ocrx_word' id='word_1_280' title='bbox 3294 2188 3420 2259; x_wconf 72' lang='grc' dir='ltr'>περὶ</span> <span class='ocrx_word' id='word_1_281' title='bbox 3470 2185 3571 2256; x_wconf 81' lang='grc' dir='ltr'><strong>τῆς</strong></span> 
     </span>
    </p>
   </div>
   <div class='ocr_carea' id='block_1_40' title="bbox 342 2272 1056 2353">
    <p class='ocr_par' dir='ltr' id='par_1_40' title="bbox 342 2272 1056 2353">
     <span class='ocr_line' id='line_1_40' title="bbox 342 2272 1056 2353; baseline 0.015 -28"><span class='ocrx_word' id='word_1_282' title='bbox 342 2272 437 2325; x_wconf 81' lang='grc' dir='ltr'>τοῦ</span> <span class='ocrx_word' id='word_1_283' title='bbox 472 2277 715 2331; x_wconf 84' lang='grc' dir='ltr'>κανονίου</span> <span class='ocrx_word' id='word_1_284' title='bbox 749 2279 1056 2353; x_wconf 85' lang='grc' dir='ltr'>διασκευῆς.</span> 
     </span>
    </p>
   </div>
   <div class='ocr_carea' id='block_1_41' title="bbox 586 2384 1661 2464">
    <p class='ocr_par' dir='ltr' id='par_1_41' title="bbox 586 2384 1661 2464">
     <span class='ocr_line' id='line_1_41' title="bbox 586 2384 1661 2464; baseline 0.011 -27"><span class='ocrx_word' id='word_1_285' title='bbox 586 2384 646 2438; x_wconf 89' lang='grc' dir='ltr'><em>Ὑ</em></span> <span class='ocrx_word' id='word_1_286' title='bbox 642 2385 849 2453; x_wconf 75' lang='grc' dir='ltr'>πόδειξ</span> <span class='ocrx_word' id='word_1_287' title='bbox 853 2406 907 2455; x_wconf 89' lang='grc' dir='ltr'>ις</span> <span class='ocrx_word' id='word_1_288' title='bbox 938 2389 1048 2459; x_wconf 84' lang='grc' dir='ltr'><strong>τῆς</strong></span> <span class='ocrx_word' id='word_1_289' title='bbox 1063 2394 1191 2446; x_wconf 82' lang='grc' dir='ltr'><strong>καθ’</strong></span> <span class='ocrx_word' id='word_1_290' title='bbox 1215 2394 1418 2463; x_wconf 75' lang='grc' dir='ltr'>εἱρμὸν</span> <span class='ocrx_word' id='word_1_291' title='bbox 1435 2395 1661 2464; x_wconf 61' lang='grc' dir='ltr'><strong>ψήφου.</strong></span> 
     </span>
    </p>
   </div>
   <div class='ocr_carea' id='block_1_42' title="bbox 411 2559 1908 2639">
    <p class='ocr_par' dir='ltr' id='par_1_42' title="bbox 411 2559 1908 2639">
     <span class='ocr_line' id='line_1_42' title="bbox 411 2559 1908 2639; baseline 0.003 -22"><span class='ocrx_word' id='word_1_292' title='bbox 411 2559 484 2617; x_wconf 89' lang='grc' dir='ltr'><strong>Δ’.</strong></span> <span class='ocrx_word' id='word_1_293' title='bbox 528 2561 717 2615; x_wconf 87' lang='grc' dir='ltr'>Ἡνίκα</span> <span class='ocrx_word' id='word_1_294' title='bbox 743 2562 919 2616; x_wconf 89' lang='grc' dir='ltr'>τοίνυν</span> <span class='ocrx_word' id='word_1_295' title='bbox 951 2567 1014 2619; x_wconf 77' lang='grc' dir='ltr'>ἐκ</span> <span class='ocrx_word' id='word_1_296' title='bbox 1037 2564 1190 2619; x_wconf 82' lang='grc' dir='ltr'>τοῦδε</span> <span class='ocrx_word' id='word_1_297' title='bbox 1225 2566 1318 2620; x_wconf 78' lang='grc' dir='ltr'><strong>τοῦ</strong></span> <span class='ocrx_word' id='word_1_298' title='bbox 1342 2567 1530 2638; x_wconf 87' lang='grc' dir='ltr'>τροχοῦ</span> <span class='ocrx_word' id='word_1_299' title='bbox 1556 2567 1653 2639; x_wconf 81' lang='grc' dir='ltr'><strong>τὴν</strong></span> <span class='ocrx_word' id='word_1_300' title='bbox 1679 2568 1908 2639; x_wconf 78' lang='grc' dir='ltr'><strong>ἑϐδομα-</strong></span> 
     </span>
    </p>
   </div>
   <div class='ocr_carea' id='block_1_43' title="bbox 342 2651 1903 2732">
    <p class='ocr_par' dir='ltr' id='par_1_43' title="bbox 342 2651 1903 2732">
     <span class='ocr_line' id='line_1_43' title="bbox 342 2651 1903 2732; baseline 0.005 -30"><span class='ocrx_word' id='word_1_301' title='bbox 342 2651 499 2719; x_wconf 82' lang='grc' dir='ltr'>τικὴν</span> <span class='ocrx_word' id='word_1_302' title='bbox 514 2651 744 2722; x_wconf 81' lang='grc' dir='ltr'>ἡμέραν,</span> <span class='ocrx_word' id='word_1_303' title='bbox 763 2654 820 2707; x_wconf 82' lang='grc' dir='ltr'><strong>ἐν</strong></span> <span class='ocrx_word' id='word_1_304' title='bbox 845 2655 930 2725; x_wconf 81' lang='grc' dir='ltr'><strong>οἵᾳ</strong></span> <span class='ocrx_word' id='word_1_305' title='bbox 951 2655 1148 2727; x_wconf 86' lang='grc' dir='ltr'>δήποτε</span> <span class='ocrx_word' id='word_1_306' title='bbox 1164 2657 1466 2729; x_wconf 87' lang='grc' dir='ltr'>Ῥωμαῖκοῦ</span> <span class='ocrx_word' id='word_1_307' title='bbox 1484 2661 1650 2730; x_wconf 85' lang='grc' dir='ltr'>μηνὸς</span> <span class='ocrx_word' id='word_1_308' title='bbox 1671 2660 1903 2732; x_wconf 75' lang='grc' dir='ltr'>ποσταία</span> 
     </span>
    </p>
   </div>
   <div class='ocr_carea' id='block_1_44' title="bbox 346 2739 1902 2823">
    <p class='ocr_par' dir='ltr' id='par_1_44' title="bbox 346 2739 1902 2823">
     <span class='ocr_line' id='line_1_44' title="bbox 346 2739 1902 2823; baseline 0.008 -30"><span class='ocrx_word' id='word_1_309' title='bbox 346 2739 692 2814; x_wconf 80' lang='grc' dir='ltr'>βουληθῶμεν</span> <span class='ocrx_word' id='word_1_310' title='bbox 729 2748 939 2816; x_wconf 85' lang='grc' dir='ltr'>μαθεῖν,</span> <span class='ocrx_word' id='word_1_311' title='bbox 986 2749 1293 2821; x_wconf 81' lang='grc' dir='ltr'><strong>σκοποῦμεν</strong></span> <span class='ocrx_word' id='word_1_312' title='bbox 1313 2750 1527 2822; x_wconf 84' lang='grc' dir='ltr'>πρῶτον</span> <span class='ocrx_word' id='word_1_313' title='bbox 1547 2752 1633 2805; x_wconf 85' lang='grc' dir='ltr'>διὰ</span> <span class='ocrx_word' id='word_1_314' title='bbox 1652 2752 1748 2823; x_wconf 83' lang='grc' dir='ltr'><strong>τῆς</strong></span> <span class='ocrx_word' id='word_1_315' title='bbox 1769 2753 1902 2805; x_wconf 82' lang='grc' dir='ltr'><strong>ὑπο-</strong></span> 
     </span>
    </p>
   </div>
   <div class='ocr_carea' id='block_1_45' title="bbox 341 2833 1897 2914">
    <p class='ocr_par' dir='ltr' id='par_1_45' title="bbox 341 2833 1897 2914">
     <span class='ocr_line' id='line_1_45' title="bbox 341 2833 1897 2914; baseline 0.006 -28"><span class='ocrx_word' id='word_1_316' title='bbox 341 2833 641 2906; x_wconf 78' lang='grc' dir='ltr'>δειχθείσης</span> <span class='ocrx_word' id='word_1_317' title='bbox 695 2837 913 2906; x_wconf 86' lang='grc' dir='ltr'>μεθόδου</span> <span class='ocrx_word' id='word_1_318' title='bbox 955 2839 1015 2892; x_wconf 77' lang='grc' dir='ltr'><strong>τὸ</strong></span> <span class='ocrx_word' id='word_1_319' title='bbox 1052 2841 1397 2912; x_wconf 81' lang='grc' dir='ltr'>ἐνιστάμενον</span> <span class='ocrx_word' id='word_1_320' title='bbox 1422 2843 1514 2896; x_wconf 79' lang='grc' dir='ltr'><strong>τοῦ</strong></span> <span class='ocrx_word' id='word_1_321' title='bbox 1553 2843 1700 2914; x_wconf 88' lang='grc' dir='ltr'>ἡλίου</span> <span class='ocrx_word' id='word_1_322' title='bbox 1746 2843 1897 2906; x_wconf 81' lang='grc' dir='ltr'>ἕτος⁶</span> 
     </span>
    </p>
   </div>
   <div class='ocr_carea' id='block_1_46' title="bbox 339 2924 1925 3005">
    <p class='ocr_par' dir='ltr' id='par_1_46' title="bbox 339 2924 1925 3005">
     <span class='ocr_line' id='line_1_46' title="bbox 339 2924 1925 3005; baseline 0.008 -29"><span class='ocrx_word' id='word_1_323' title='bbox 339 2924 416 2988; x_wconf 81' lang='grc' dir='ltr'><strong>ὡς</strong></span> <span class='ocrx_word' id='word_1_324' title='bbox 461 2927 557 2979; x_wconf 75' lang='grc' dir='ltr'><strong>ἐπὶ</strong></span> <span class='ocrx_word' id='word_1_325' title='bbox 601 2927 695 2981; x_wconf 80' lang='grc' dir='ltr'><strong>τοῦ</strong></span> <span class='ocrx_word' id='word_1_326' title='bbox 739 2928 1030 2993; x_wconf 76' lang='grc' dir='ltr'>ἐνεστῶτος</span> <span class='ocrx_word' id='word_1_327' title='bbox 1070 2932 1202 3003; x_wconf 77' lang='grc' dir='ltr'>φέρε</span> <span class='ocrx_word' id='word_1_328' title='bbox 1233 2934 1427 2997; x_wconf 71' lang='lat' dir='ltr'><strong>simi’v,</strong></span> <span class='ocrx_word' id='word_1_329' title='bbox 1461 2934 1628 3005; x_wconf 77' lang='grc' dir='ltr'>ἡγσυν</span> <span class='ocrx_word' id='word_1_330' title='bbox 1655 2933 1746 2987; x_wconf 81' lang='grc' dir='ltr'><strong>τοῦ</strong></span> <span class='ocrx_word' id='word_1_331' title='bbox 1777 2940 1925 3005; x_wconf 68' lang='grc' dir='ltr'>κη’σ·</span> 
     </span>
    </p>
   </div>
   <div class='ocr_carea' id='block_1_47' title="bbox 341 3009 1896 3090">
    <p class='ocr_par' dir='ltr' id='par_1_47' title="bbox 341 3009 1896 3090">
     <span class='ocr_line' id='line_1_47' title="bbox 341 3009 1896 3090; baseline 0.006 -23"><span class='ocrx_word' id='word_1_332' title='bbox 341 3009 460 3068; x_wconf 71' lang='grc' dir='ltr'><strong>εἶτα</strong></span> <span class='ocrx_word' id='word_1_333' title='bbox 504 3017 602 3081; x_wconf 83' lang='grc' dir='ltr'><strong>τὰς</strong></span> <span class='ocrx_word' id='word_1_334' title='bbox 642 3017 805 3072; x_wconf 82' lang='grc' dir='ltr'>αὐτοῦ</span> <span class='ocrx_word' id='word_1_335' title='bbox 857 3019 1222 3090; x_wconf 79' lang='grc' dir='ltr'>λαμϐάνοντες</span> <span class='ocrx_word' id='word_1_336' title='bbox 1282 3023 1556 3088; x_wconf 76' lang='grc' dir='ltr'><strong>ἐπακτὰς,</strong></span> <span class='ocrx_word' id='word_1_337' title='bbox 1598 3023 1760 3087; x_wconf 72' lang='grc' dir='ltr'>οὔσας</span> <span class='ocrx_word' id='word_1_338' title='bbox 1804 3025 1896 3078; x_wconf 80' lang='grc' dir='ltr'><strong>τὸν</strong></span> 
     </span>
    </p>
   </div>
   <div class='ocr_carea' id='block_1_48' title="bbox 341 3106 1895 3186">
    <p class='ocr_par' dir='ltr' id='par_1_48' title="bbox 341 3106 1895 3186">
     <span class='ocr_line' id='line_1_48' title="bbox 341 3106 1895 3186; baseline 0.006 -27"><span class='ocrx_word' id='word_1_339' title='bbox 341 3106 568 3178; x_wconf 76' lang='grc' dir='ltr'>ἀριθμὸν</span> <span class='ocrx_word' id='word_1_340' title='bbox 597 3115 670 3174; x_wconf 80' lang='grc' dir='ltr'><strong>ς’,</strong></span> <span class='ocrx_word' id='word_1_341' title='bbox 705 3112 753 3163; x_wconf 82' lang='grc' dir='ltr'><strong>εἰ</strong></span> <span class='ocrx_word' id='word_1_342' title='bbox 784 3110 882 3181; x_wconf 83' lang='grc' dir='ltr'>μὲν</span> <span class='ocrx_word' id='word_1_343' title='bbox 913 3114 970 3166; x_wconf 84' lang='grc' dir='ltr'>ὲν</span> <span class='ocrx_word' id='word_1_344' title='bbox 1008 3116 1119 3176; x_wconf 86' lang='grc' dir='ltr'><strong>τοῖς</strong></span> <span class='ocrx_word' id='word_1_345' title='bbox 1145 3114 1225 3177; x_wconf 83' lang='grc' dir='ltr'><strong>είς</strong></span> <span class='ocrx_word' id='word_1_346' title='bbox 1245 3115 1335 3168; x_wconf 84' lang='grc' dir='ltr'>τὸν</span> <span class='ocrx_word' id='word_1_347' title='bbox 1369 3115 1582 3184; x_wconf 83' lang='grc' dir='ltr'>πρῶτον</span> <span class='ocrx_word' id='word_1_348' title='bbox 1606 3117 1782 3186; x_wconf 82' lang='grc' dir='ltr'>στίχον</span> <span class='ocrx_word' id='word_1_349' title='bbox 1803 3132 1895 3168; x_wconf 85' lang='grc' dir='ltr'><strong>τε·-</strong></span> 
     </span>
    </p>
   </div>
   <div class='ocr_carea' id='block_1_49' title="bbox 2145 2387 3423 2459">
    <p class='ocr_par' dir='ltr' id='par_1_49' title="bbox 2145 2387 3423 2459">
     <span class='ocr_line' id='line_1_49' title="bbox 2145 2387 3423 2459; baseline 0 -19"><span class='ocrx_word' id='word_1_350' title='bbox 2145 2390 2392 2459; x_wconf 62' lang='lat' dir='ltr'><strong>thm</strong></span> <span class='ocrx_word' id='word_1_351' title='bbox 2421 2390 2622 2443; x_wconf 81' lang='lat' dir='ltr'><strong>ratione</strong></span> <span class='ocrx_word' id='word_1_352' title='bbox 2651 2387 2886 2443; x_wconf 79' lang='lat' dir='ltr'><strong>calculus</strong></span> <span class='ocrx_word' id='word_1_353' title='bbox 2922 2387 3102 2442; x_wconf 82' lang='lat' dir='ltr'><strong>ordine</strong></span> <span class='ocrx_word' id='word_1_354' title='bbox 3134 2389 3330 2442; x_wconf 83' lang='lat' dir='ltr'><strong>directo</strong></span> <span class='ocrx_word' id='word_1_355' title='bbox 3358 2388 3423 2442; x_wconf 80' lang='lat' dir='ltr'><strong>sit</strong></span> 
     </span>
    </p>
   </div>
   <div class='ocr_carea' id='block_1_50' title="bbox 2593 2459 2966 2514">
    <p class='ocr_par' dir='ltr' id='par_1_50' title="bbox 2593 2459 2966 2514">
     <span class='ocr_line' id='line_1_50' title="bbox 2593 2459 2966 2514; baseline -0.003 0"><span class='ocrx_word' id='word_1_356' title='bbox 2593 2459 2966 2514; x_wconf 75' lang='lat' dir='ltr'><strong>instituendus.</strong></span> 
     </span>
    </p>
   </div>
   <div class='ocr_carea' id='block_1_51' title="bbox 2074 2559 3571 2642">
    <p class='ocr_par' dir='ltr' id='par_1_51' title="bbox 2074 2559 3571 2642">
     <span class='ocr_line' id='line_1_51' title="bbox 2074 2559 3571 2642; baseline 0.003 -18"><span class='ocrx_word' id='word_1_357' title='bbox 2074 2568 2163 2624; x_wconf 83' lang='lat' dir='ltr'><strong>IV.</strong></span> <span class='ocrx_word' id='word_1_358' title='bbox 2195 2559 2267 2625; x_wconf 81' lang='lat' dir='ltr'><strong>U&#39;t</strong></span> <span class='ocrx_word' id='word_1_359' title='bbox 2289 2586 2355 2627; x_wconf 78' lang='lat' dir='ltr'><strong>ex</strong></span> <span class='ocrx_word' id='word_1_360' title='bbox 2380 2571 2483 2625; x_wconf 87' lang='lat' dir='ltr'><strong>bac</strong></span> <span class='ocrx_word' id='word_1_361' title='bbox 2504 2578 2628 2625; x_wconf 88' lang='lat' dir='ltr'><strong>rota</strong></span> <span class='ocrx_word' id='word_1_362' title='bbox 2662 2569 2850 2625; x_wconf 77' lang='lat' dir='ltr'><strong>feriam</strong></span> <span class='ocrx_word' id='word_1_363' title='bbox 2881 2585 3211 2642; x_wconf 89' lang='lat' dir='ltr'><strong>quocunque</strong></span> <span class='ocrx_word' id='word_1_364' title='bbox 3230 2569 3319 2625; x_wconf 82' lang='lat' dir='ltr'><strong>die</strong></span> <span class='ocrx_word' id='word_1_365' title='bbox 3334 2568 3571 2629; x_wconf 82' lang='lat' dir='ltr'><strong>Romani</strong></span> 
     </span>
    </p>
   </div>
   <div class='ocr_carea' id='block_1_52' title="bbox 2005 2660 3564 2733">
    <p class='ocr_par' dir='ltr' id='par_1_52' title="bbox 2005 2660 3564 2733">
     <span class='ocr_line' id='line_1_52' title="bbox 2005 2660 3564 2733; baseline 0.001 -17"><span class='ocrx_word' id='word_1_366' title='bbox 2005 2661 2210 2731; x_wconf 77' lang='lat' dir='ltr'><strong>mensis</strong></span> <span class='ocrx_word' id='word_1_367' title='bbox 2255 2661 2619 2724; x_wconf 87' lang='lat' dir='ltr'><strong>obtineamus,</strong></span> <span class='ocrx_word' id='word_1_368' title='bbox 2665 2660 2899 2730; x_wconf 89' lang='lat' dir='ltr'><strong>primum</strong></span> <span class='ocrx_word' id='word_1_369' title='bbox 2942 2662 3081 2733; x_wconf 89' lang='lat' dir='ltr'><strong>cycli</strong></span> <span class='ocrx_word' id='word_1_370' title='bbox 3125 2661 3321 2716; x_wconf 85' lang='lat' dir='ltr'><strong>solaris</strong></span> <span class='ocrx_word' id='word_1_371' title='bbox 3366 2675 3564 2726; x_wconf 82' lang='lat' dir='ltr'><strong>annus,</strong></span> 
     </span>
    </p>
   </div>
   <div class='ocr_carea' id='block_1_53' title="bbox 2002 2750 3564 2837">
    <p class='ocr_par' dir='ltr' id='par_1_53' title="bbox 2002 2750 3564 2837">
     <span class='ocr_line' id='line_1_53' title="bbox 2002 2750 3564 2837; baseline 0 -31"><span class='ocrx_word' id='word_1_372' title='bbox 2002 2765 2060 2837; x_wconf 60' lang='grc' dir='ltr'>ιιι</span> <span class='ocrx_word' id='word_1_373' title='bbox 2090 2768 2198 2824; x_wconf 91' lang='lat' dir='ltr'><strong>quo</strong></span> <span class='ocrx_word' id='word_1_374' title='bbox 2224 2766 2526 2815; x_wconf 82' lang='lat' dir='ltr'><strong>versamur,</strong></span> <span class='ocrx_word' id='word_1_375' title='bbox 2559 2750 2988 2807; x_wconf 88' lang='lat' dir='ltr'><strong>considerandus</strong></span> <span class='ocrx_word' id='word_1_376' title='bbox 3014 2766 3077 2807; x_wconf 87' lang='lat' dir='ltr'><strong>ea</strong></span> <span class='ocrx_word' id='word_1_377' title='bbox 3122 2751 3376 2808; x_wconf 89' lang='lat' dir='ltr'><strong>methodo</strong></span> <span class='ocrx_word' id='word_1_378' title='bbox 3401 2766 3564 2823; x_wconf 87' lang='lat' dir='ltr'><strong>quam</strong></span> 
     </span>
    </p>
   </div>
   <div class='ocr_carea' id='block_1_54' title="bbox 2005 2841 3567 2914">
    <p class='ocr_par' dir='ltr' id='par_1_54' title="bbox 2005 2841 3567 2914">
     <span class='ocr_line' id='line_1_54' title="bbox 2005 2841 3567 2914; baseline -0.002 -14"><span class='ocrx_word' id='word_1_379' title='bbox 2005 2857 2172 2914; x_wconf 90' lang='lat' dir='ltr'><strong>supra</strong></span> <span class='ocrx_word' id='word_1_380' title='bbox 2226 2841 2723 2899; x_wconf 81' lang='lat' dir='ltr'><strong>demonstravimus</strong></span> <span class='ocrx_word' id='word_1_381' title='bbox 2766 2855 2782 2894; x_wconf 92' lang='lat'><strong>:</strong></span> <span class='ocrx_word' id='word_1_382' title='bbox 2820 2850 2879 2895; x_wconf 90' lang='lat' dir='ltr'><strong>ut</strong></span> <span class='ocrx_word' id='word_1_383' title='bbox 2919 2842 3149 2912; x_wconf 86' lang='lat' dir='ltr'><strong>exempli</strong></span> <span class='ocrx_word' id='word_1_384' title='bbox 3198 2844 3406 2912; x_wconf 80' lang='lat' dir='ltr'><strong>gratia,</strong></span> <span class='ocrx_word' id='word_1_385' title='bbox 3462 2842 3567 2898; x_wconf 88' lang='lat' dir='ltr'><strong>hoc</strong></span> 
     </span>
    </p>
   </div>
   <div class='ocr_carea' id='block_1_55' title="bbox 2006 2931 3566 3003">
    <p class='ocr_par' dir='ltr' id='par_1_55' title="bbox 2006 2931 3566 3003">
     <span class='ocr_line' id='line_1_55' title="bbox 2006 2931 3566 3003; baseline 0 -16"><span class='ocrx_word' id='word_1_386' title='bbox 2006 2949 2152 2989; x_wconf 90' lang='lat' dir='ltr'><strong>anno</strong></span> <span class='ocrx_word' id='word_1_387' title='bbox 2184 2934 2335 3003; x_wconf 72' lang='lat' dir='ltr'><strong>cyclo</strong></span> <span class='ocrx_word' id='word_1_388' title='bbox 2351 2948 2542 2987; x_wconf 72' lang='lat' dir='ltr'><strong>xxvm.</strong></span> <span class='ocrx_word' id='word_1_389' title='bbox 2565 2931 2701 2986; x_wconf 89' lang='lat' dir='ltr'><strong>Tum</strong></span> <span class='ocrx_word' id='word_1_390' title='bbox 2725 2932 3102 3002; x_wconf 81' lang='lat' dir='ltr'><strong>bujusepactae</strong></span> <span class='ocrx_word' id='word_1_391' title='bbox 3118 2933 3394 3002; x_wconf 70' lang='lat' dir='ltr'><strong>capiendae</strong></span> <span class='ocrx_word' id='word_1_392' title='bbox 3414 2940 3566 3001; x_wconf 84' lang='lat' dir='ltr'><strong>sunt,</strong></span> 
     </span>
    </p>
   </div>
   <div class='ocr_carea' id='block_1_56' title="bbox 2003 3022 3565 3095">
    <p class='ocr_par' dir='ltr' id='par_1_56' title="bbox 2003 3022 3565 3095">
     <span class='ocr_line' id='line_1_56' title="bbox 2003 3022 3565 3095; baseline 0.001 -18"><span class='ocrx_word' id='word_1_393' title='bbox 2003 3039 2125 3094; x_wconf 67' lang='lat' dir='ltr'><strong>quae</strong></span> <span class='ocrx_word' id='word_1_394' title='bbox 2153 3031 2282 3078; x_wconf 89' lang='lat' dir='ltr'><strong>sunt</strong></span> <span class='ocrx_word' id='word_1_395' title='bbox 2320 3040 2398 3079; x_wconf 75' lang='grc' dir='ltr'><strong>γι.</strong></span> <span class='ocrx_word' id='word_1_396' title='bbox 2442 3022 2566 3077; x_wconf 80' lang='lat' dir='ltr'><strong>Jam</strong></span> <span class='ocrx_word' id='word_1_397' title='bbox 2602 3022 2818 3078; x_wconf 87' lang='lat' dir='ltr'><strong>duobus</strong></span> <span class='ocrx_word' id='word_1_398' title='bbox 2865 3023 3080 3085; x_wconf 51' lang='lat' dir='ltr'><strong>illistin</strong></span> <span class='ocrx_word' id='word_1_399' title='bbox 3122 3023 3433 3090; x_wconf 65' lang='lat' dir='ltr'><strong>mensibus,</strong></span> <span class='ocrx_word' id='word_1_400' title='bbox 3471 3024 3565 3095; x_wconf 83' lang='lat' dir='ltr'><strong>qui</strong></span> 
     </span>
    </p>
   </div>
   <div class='ocr_carea' id='block_1_57' title="bbox 2001 3112 3561 3188">
    <p class='ocr_par' dir='ltr' id='par_1_57' title="bbox 2001 3112 3561 3188">
     <span class='ocr_line' id='line_1_57' title="bbox 2001 3112 3561 3188; baseline 0.002 -20"><span class='ocrx_word' id='word_1_401' title='bbox 2001 3115 2239 3186; x_wconf 89' lang='lat' dir='ltr'><strong>primum</strong></span> <span class='ocrx_word' id='word_1_402' title='bbox 2277 3128 2499 3170; x_wconf 88' lang='lat' dir='ltr'><strong>versum</strong></span> <span class='ocrx_word' id='word_1_403' title='bbox 2528 3114 2795 3178; x_wconf 89' lang='lat' dir='ltr'><strong>obtinent,</strong></span> <span class='ocrx_word' id='word_1_404' title='bbox 2832 3112 3006 3185; x_wconf 79' lang='lat' dir='ltr'><strong>Aprili</strong></span> <span class='ocrx_word' id='word_1_405' title='bbox 3045 3122 3100 3169; x_wconf 87' lang='lat' dir='ltr'><strong>et</strong></span> <span class='ocrx_word' id='word_1_406' title='bbox 3127 3112 3273 3169; x_wconf 87' lang='lat' dir='ltr'><strong>Julio</strong></span> <span class='ocrx_word' id='word_1_407' title='bbox 3311 3113 3458 3188; x_wconf 87' lang='lat' dir='ltr'><strong>(nam</strong></span> <span class='ocrx_word' id='word_1_408' title='bbox 3502 3115 3561 3171; x_wconf 88' lang='lat' dir='ltr'><strong>hi</strong></span> 
     </span>
    </p>
   </div>
   <div class='ocr_carea' id='block_1_58' title="bbox 342 3200 1932 3280">
    <p class='ocr_par' dir='ltr' id='par_1_58' title="bbox 342 3200 1932 3278">
     <span class='ocr_line' id='line_1_58' title="bbox 342 3200 1932 3278; baseline 0.006 -26"><span class='ocrx_word' id='word_1_409' title='bbox 342 3200 630 3269; x_wconf 84' lang='grc' dir='ltr'>ταγμένοις</span> <span class='ocrx_word' id='word_1_410' title='bbox 692 3202 1017 3271; x_wconf 83' lang='grc' dir='ltr'>Ῥωμαϊκοῖς</span> <span class='ocrx_word' id='word_1_411' title='bbox 1053 3203 1173 3258; x_wconf 72' lang='grc' dir='ltr'>δυσὶ</span> <span class='ocrx_word' id='word_1_412' title='bbox 1214 3205 1369 3276; x_wconf 75' lang='grc' dir='ltr'>μησὶ,</span> <span class='ocrx_word' id='word_1_413' title='bbox 1408 3205 1485 3276; x_wconf 81' lang='grc' dir='ltr'><strong>τῷ</strong></span> <span class='ocrx_word' id='word_1_414' title='bbox 1508 3222 1570 3258; x_wconf 90' lang='grc' dir='ltr'>τε</span> <span class='ocrx_word' id='word_1_415' title='bbox 1624 3206 1932 3278; x_wconf 78' lang='grc' dir='ltr'><strong>Ἀπριλίῳ,.</strong></span> 
     </span>
    </p>
   </div>
   <div class='ocr_carea' id='block_1_59' title="bbox 2009 3200 3561 3280">
    <p class='ocr_par' dir='ltr' id='par_1_59' title="bbox 2009 3204 3561 3276">
     <span class='ocr_line' id='line_1_59' title="bbox 2009 3204 3561 3276; baseline 0.001 -15"><span class='ocrx_word' id='word_1_416' title='bbox 2009 3207 2237 3276; x_wconf 88' lang='lat' dir='ltr'><strong>primum</strong></span> <span class='ocrx_word' id='word_1_417' title='bbox 2284 3206 2350 3260; x_wconf 89' lang='lat' dir='ltr'><strong>ad</strong></span> <span class='ocrx_word' id='word_1_418' title='bbox 2387 3220 2606 3260; x_wconf 84' lang='lat' dir='ltr'><strong>versum</strong></span> <span class='ocrx_word' id='word_1_419' title='bbox 2646 3204 3038 3272; x_wconf 84' lang='lat' dir='ltr'><strong>ascribuntur),</strong></span> <span class='ocrx_word' id='word_1_420' title='bbox 3080 3213 3298 3276; x_wconf 89' lang='lat' dir='ltr'><strong>epactas</strong></span> <span class='ocrx_word' id='word_1_421' title='bbox 3318 3206 3451 3261; x_wconf 81' lang='lat' dir='ltr'><strong>istas</strong></span> <span class='ocrx_word' id='word_1_422' title='bbox 3492 3206 3561 3262; x_wconf 85' lang='lat' dir='ltr'><strong>ad</strong></span> 
     </span>
    </p>
   </div>
   <div class='ocr_carea' id='block_1_60' title="bbox 344 3288 1908 3367">
    <p class='ocr_par' dir='ltr' id='par_1_60' title="bbox 344 3288 1908 3367">
     <span class='ocr_line' id='line_1_60' title="bbox 344 3288 1908 3367; baseline 0.005 -26"><span class='ocrx_word' id='word_1_423' title='bbox 344 3306 415 3360; x_wconf 80' lang='grc' dir='ltr'><strong>φη</strong></span> <span class='ocrx_word' id='word_1_424' title='bbox 424 3290 503 3360; x_wconf 79' lang='grc' dir='ltr'><strong>μὶ,</strong></span> <span class='ocrx_word' id='word_1_425' title='bbox 521 3291 615 3345; x_wconf 73' lang='grc' dir='ltr'>καὶ</span> <span class='ocrx_word' id='word_1_426' title='bbox 644 3291 722 3363; x_wconf 82' lang='grc' dir='ltr'>τῷ</span> <span class='ocrx_word' id='word_1_427' title='bbox 738 3293 935 3364; x_wconf 83' lang='grc' dir='ltr'>Ἰουλίῳ</span> <span class='ocrx_word' id='word_1_428' title='bbox 952 3311 966 3325; x_wconf 74' lang='grc' dir='ltr'><strong><em>ο</em></strong></span> <span class='ocrx_word' id='word_1_429' title='bbox 993 3288 1256 3367; x_wconf 75' lang='grc' dir='ltr'>οὖτοιγάρ</span> <span class='ocrx_word' id='word_1_430' title='bbox 1272 3298 1405 3348; x_wconf 77' lang='grc' dir='ltr'>εἰσιν</span> <span class='ocrx_word' id='word_1_431' title='bbox 1421 3299 1498 3359; x_wconf 81' lang='grc' dir='ltr'>είς</span> <span class='ocrx_word' id='word_1_432' title='bbox 1510 3297 1669 3350; x_wconf 76' lang='grc' dir='ltr'>αὐτὸν</span> <span class='ocrx_word' id='word_1_433' title='bbox 1685 3299 1773 3351; x_wconf 77' lang='grc' dir='ltr'><strong>τὸν</strong></span> <span class='ocrx_word' id='word_1_434' title='bbox 1802 3298 1908 3349; x_wconf 88' lang='grc' dir='ltr'>στί-</span> 
     </span>
    </p>
   </div>
   <div class='ocr_carea' id='block_1_61' title="bbox 343 3382 1929 3461">
    <p class='ocr_par' dir='ltr' id='par_1_61' title="bbox 343 3382 1929 3461">
     <span class='ocr_line' id='line_1_61' title="bbox 343 3382 1929 3461; baseline 0.006 -28"><span class='ocrx_word' id='word_1_435' title='bbox 343 3398 434 3451; x_wconf 88' lang='grc' dir='ltr'>χον</span> <span class='ocrx_word' id='word_1_436' title='bbox 454 3382 931 3454; x_wconf 84' lang='grc' dir='ltr'>διαγεγραμμένοι·</span> <span class='ocrx_word' id='word_1_437' title='bbox 946 3385 1146 3451; x_wconf 76' lang='grc' dir='ltr'>ταύτας</span> <span class='ocrx_word' id='word_1_438' title='bbox 1163 3388 1500 3458; x_wconf 75' lang='grc' dir='ltr'>ἐμϐάλλομεν</span> <span class='ocrx_word' id='word_1_439' title='bbox 1521 3391 1584 3459; x_wconf 79' lang='grc' dir='ltr'>τῇ</span> <span class='ocrx_word' id='word_1_440' title='bbox 1602 3384 1905 3461; x_wconf 74' lang='grc' dir='ltr'>ζητουμένη</span> <span class='ocrx_word' id='word_1_441' title='bbox 1926 3436 1929 3443; x_wconf 89' lang='grc'>.</span> 
     </span>
    </p>
   </div>
   <div class='ocr_carea' id='block_1_62' title="bbox 342 3472 1937 3548">
    <p class='ocr_par' dir='ltr' id='par_1_62' title="bbox 342 3472 1937 3548">
     <span class='ocr_line' id='line_1_62' title="bbox 342 3472 1937 3548; baseline 0.004 -25"><span class='ocrx_word' id='word_1_442' title='bbox 342 3472 473 3542; x_wconf 85' lang='grc' dir='ltr'>ἡμῖν</span> <span class='ocrx_word' id='word_1_443' title='bbox 516 3473 594 3535; x_wconf 85' lang='grc' dir='ltr'><strong>εἰς</strong></span> <span class='ocrx_word' id='word_1_444' title='bbox 642 3473 836 3537; x_wconf 81' lang='grc' dir='ltr'>αὐτοὺς</span> <span class='ocrx_word' id='word_1_445' title='bbox 867 3475 1119 3546; x_wconf 72' lang='grc' dir='ltr'>ποσταία,</span> <span class='ocrx_word' id='word_1_446' title='bbox 1163 3476 1252 3529; x_wconf 65' lang='grc' dir='ltr'><strong>καὶ¹</strong></span> <span class='ocrx_word' id='word_1_447' title='bbox 1281 3480 1361 3541; x_wconf 89' lang='grc' dir='ltr'>είς</span> <span class='ocrx_word' id='word_1_448' title='bbox 1385 3479 1482 3548; x_wconf 81' lang='grc' dir='ltr'><strong>τὴν</strong></span> <span class='ocrx_word' id='word_1_449' title='bbox 1512 3478 1555 3541; x_wconf 81' lang='grc' dir='ltr'><strong>ζ’</strong></span> <span class='ocrx_word' id='word_1_450' title='bbox 1591 3478 1901 3547; x_wconf 82' lang='grc' dir='ltr'>μερίςομεν.</span> <span class='ocrx_word' id='word_1_451' title='bbox 1933 3472 1937 3477; x_wconf 50' lang='grc'><strong><em>⁷</em></strong></span> 
     </span>
    </p>
   </div>
   <div class='ocr_carea' id='block_1_63' title="bbox 341 3563 1905 3638">
    <p class='ocr_par' dir='ltr' id='par_1_63' title="bbox 341 3563 1905 3638">
     <span class='ocr_line' id='line_1_63' title="bbox 341 3563 1905 3638; baseline 0.002 -23"><span class='ocrx_word' id='word_1_452' title='bbox 341 3563 466 3617; x_wconf 83' lang='grc' dir='ltr'>Κὰκ</span> <span class='ocrx_word' id='word_1_453' title='bbox 509 3563 619 3616; x_wconf 86' lang='grc' dir='ltr'>τῶν</span> <span class='ocrx_word' id='word_1_454' title='bbox 662 3565 1045 3634; x_wconf 83' lang='grc' dir='ltr'>άπομενουσῶν</span> <span class='ocrx_word' id='word_1_455' title='bbox 1069 3567 1167 3638; x_wconf 81' lang='grc' dir='ltr'><strong>τὴν</strong></span> <span class='ocrx_word' id='word_1_456' title='bbox 1195 3566 1553 3638; x_wconf 78' lang='grc' dir='ltr'>ἑϐδοματικὴν</span> <span class='ocrx_word' id='word_1_457' title='bbox 1582 3567 1905 3638; x_wconf 84' lang='grc' dir='ltr'>εὑρίσκομεν</span> 
     </span>
    </p>
   </div>
   <div class='ocr_carea' id='block_1_64' title="bbox 344 3652 1906 3729">
    <p class='ocr_par' dir='ltr' id='par_1_64' title="bbox 344 3652 1906 3729">
     <span class='ocr_line' id='line_1_64' title="bbox 344 3652 1906 3729; baseline 0.003 -24"><span class='ocrx_word' id='word_1_458' title='bbox 344 3653 625 3725; x_wconf 88' lang='grc' dir='ltr'>ίσάριθμον</span> <span class='ocrx_word' id='word_1_459' title='bbox 649 3652 813 3709; x_wconf 80' lang='grc' dir='ltr'>οὖσαν</span> <span class='ocrx_word' id='word_1_460' title='bbox 832 3658 1020 3719; x_wconf 80' lang='grc' dir='ltr'>αὐταῖς</span> <span class='ocrx_word' id='word_1_461' title='bbox 1041 3660 1159 3720; x_wconf 85' lang='grc' dir='ltr'>ταῖς</span> <span class='ocrx_word' id='word_1_462' title='bbox 1188 3658 1734 3729; x_wconf 79' lang='grc' dir='ltr'>ὑπολιμπανομέναις.</span> <span class='ocrx_word' id='word_1_463' title='bbox 1752 3657 1906 3710; x_wconf 77' lang='grc' dir='ltr'><strong>Οὕτω</strong></span> 
     </span>
    </p>
   </div>
   <div class='ocr_carea' id='block_1_65' title="bbox 344 3740 1905 3820">
    <p class='ocr_par' dir='ltr' id='par_1_65' title="bbox 344 3740 1905 3820">
     <span class='ocr_line' id='line_1_65' title="bbox 344 3740 1905 3820; baseline 0.002 -23"><span class='ocrx_word' id='word_1_464' title='bbox 344 3743 439 3814; x_wconf 80' lang='grc' dir='ltr'><strong>μὲν</strong></span> <span class='ocrx_word' id='word_1_465' title='bbox 453 3740 545 3800; x_wconf 64' lang='grc' dir='ltr'><strong>οἷν</strong></span> <span class='ocrx_word' id='word_1_466' title='bbox 570 3748 626 3798; x_wconf 83' lang='grc' dir='ltr'>ὲν</span> <span class='ocrx_word' id='word_1_467' title='bbox 642 3749 754 3810; x_wconf 81' lang='grc' dir='ltr'>τοῖς</span> <span class='ocrx_word' id='word_1_468' title='bbox 779 3748 859 3811; x_wconf 84' lang='grc' dir='ltr'>είς</span> <span class='ocrx_word' id='word_1_469' title='bbox 874 3748 964 3801; x_wconf 88' lang='grc' dir='ltr'>τὸν</span> <span class='ocrx_word' id='word_1_470' title='bbox 981 3755 1027 3801; x_wconf 84' lang='grc' dir='ltr'>α’</span> <span class='ocrx_word' id='word_1_471' title='bbox 1053 3750 1230 3819; x_wconf 86' lang='grc' dir='ltr'>στίχον</span> <span class='ocrx_word' id='word_1_472' title='bbox 1247 3750 1600 3820; x_wconf 81' lang='grc' dir='ltr'>τεταγμένοις</span> <span class='ocrx_word' id='word_1_473' title='bbox 1648 3748 1799 3803; x_wconf 75' lang='grc' dir='ltr'>ποιοῦ</span> <span class='ocrx_word' id='word_1_474' title='bbox 1809 3765 1905 3819; x_wconf 88' lang='grc' dir='ltr'>μεν</span> 
     </span>
    </p>
   </div>
   <div class='ocr_carea' id='block_1_66' title="bbox 344 3836 1907 3913">
    <p class='ocr_par' dir='ltr' id='par_1_66' title="bbox 344 3836 1907 3913">
     <span class='ocr_line' id='line_1_66' title="bbox 344 3836 1907 3913; baseline 0.004 -26"><span class='ocrx_word' id='word_1_475' title='bbox 344 3836 533 3905; x_wconf 87' lang='grc' dir='ltr'>μησίν·</span> <span class='ocrx_word' id='word_1_476' title='bbox 577 3838 626 3889; x_wconf 84' lang='grc' dir='ltr'><strong>εί</strong></span> <span class='ocrx_word' id='word_1_477' title='bbox 660 3836 716 3889; x_wconf 86' lang='grc' dir='ltr'>δὲ</span> <span class='ocrx_word' id='word_1_478' title='bbox 746 3839 802 3890; x_wconf 79' lang='grc' dir='ltr'><strong>ἐν</strong></span> <span class='ocrx_word' id='word_1_479' title='bbox 830 3841 941 3901; x_wconf 77' lang='grc' dir='ltr'>τοῖς</span> <span class='ocrx_word' id='word_1_480' title='bbox 984 3842 1064 3902; x_wconf 87' lang='grc' dir='ltr'><strong>εἰς</strong></span> <span class='ocrx_word' id='word_1_481' title='bbox 1102 3840 1193 3893; x_wconf 72' lang='grc' dir='ltr'>τὸν</span> <span class='ocrx_word' id='word_1_482' title='bbox 1224 3840 1267 3910; x_wconf 84' lang='grc' dir='ltr'><strong>β’</strong></span> <span class='ocrx_word' id='word_1_483' title='bbox 1309 3842 1489 3911; x_wconf 87' lang='grc' dir='ltr'>στίχον</span> <span class='ocrx_word' id='word_1_484' title='bbox 1521 3841 1673 3895; x_wconf 78' lang='grc' dir='ltr'>δυσὶν</span> <span class='ocrx_word' id='word_1_485' title='bbox 1702 3840 1907 3913; x_wconf 78' lang='grc' dir='ltr'><strong>ἑτέροις</strong></span> 
     </span>
    </p>
   </div>
   <div class='ocr_carea' id='block_1_67' title="bbox 344 3926 1906 4002">
    <p class='ocr_par' dir='ltr' id='par_1_67' title="bbox 344 3926 1906 4002">
     <span class='ocr_line' id='line_1_67' title="bbox 344 3926 1906 4002; baseline 0.002 -23"><span class='ocrx_word' id='word_1_486' title='bbox 344 3927 495 3997; x_wconf 68' lang='grc' dir='ltr'>μησὶ,</span> <span class='ocrx_word' id='word_1_487' title='bbox 524 3926 601 3998; x_wconf 82' lang='grc' dir='ltr'>τῷ</span> <span class='ocrx_word' id='word_1_488' title='bbox 651 3928 814 3998; x_wconf 82' lang='grc' dir='ltr'><strong>Μαΐῳ</strong></span> <span class='ocrx_word' id='word_1_489' title='bbox 840 3928 982 3997; x_wconf 81' lang='grc' dir='ltr'>λέγω</span> <span class='ocrx_word' id='word_1_490' title='bbox 1019 3930 1112 3983; x_wconf 79' lang='grc' dir='ltr'>καὶ</span> <span class='ocrx_word' id='word_1_491' title='bbox 1143 3930 1220 4002; x_wconf 81' lang='grc' dir='ltr'><strong>τῷ</strong></span> <span class='ocrx_word' id='word_1_492' title='bbox 1256 3931 1592 4002; x_wconf 83' lang='grc' dir='ltr'><strong>Ἰανουαρίῳ,</strong></span> <span class='ocrx_word' id='word_1_493' title='bbox 1626 3933 1745 3985; x_wconf 83' lang='grc' dir='ltr'><strong>κατ’</strong></span> <span class='ocrx_word' id='word_1_494' title='bbox 1777 3930 1906 3983; x_wconf 79' lang='grc' dir='ltr'><strong>αὐτὸ</strong></span> 
     </span>
    </p>
   </div>
   <div class='ocr_carea' id='block_1_68' title="bbox 340 4018 1901 4093">
    <p class='ocr_par' dir='ltr' id='par_1_68' title="bbox 340 4018 1901 4093">
     <span class='ocr_line' id='line_1_68' title="bbox 340 4018 1901 4093; baseline 0.003 -23"><span class='ocrx_word' id='word_1_495' title='bbox 340 4018 403 4071; x_wconf 85' lang='grc' dir='ltr'><strong>τὸ</strong></span> <span class='ocrx_word' id='word_1_496' title='bbox 437 4019 875 4087; x_wconf 77' lang='grc' dir='ltr'>είκοστὺνὸγδοον</span> <span class='ocrx_word' id='word_1_497' title='bbox 901 4019 1019 4084; x_wconf 75' lang='grc' dir='ltr'>ἔτος</span> <span class='ocrx_word' id='word_1_498' title='bbox 1042 4020 1139 4092; x_wconf 81' lang='grc' dir='ltr'><strong>τὴν</strong></span> <span class='ocrx_word' id='word_1_499' title='bbox 1176 4020 1534 4093; x_wconf 79' lang='grc' dir='ltr'><strong>ἑϐδοματικὴν</strong></span> <span class='ocrx_word' id='word_1_500' title='bbox 1559 4021 1867 4093; x_wconf 75' lang='grc' dir='ltr'>ἐρευνῶμεν</span> <span class='ocrx_word' id='word_1_501' title='bbox 1885 4044 1901 4060; x_wconf 80' lang='grc' dir='ltr'><strong><em>ο</em></strong></span> 
     </span>
    </p>
   </div>
   <div class='ocr_carea' id='block_1_69' title="bbox 335 4108 1903 4184">
    <p class='ocr_par' dir='ltr' id='par_1_69' title="bbox 335 4108 1903 4184">
     <span class='ocr_line' id='line_1_69' title="bbox 335 4108 1903 4184; baseline 0.004 -22"><span class='ocrx_word' id='word_1_502' title='bbox 335 4108 435 4174; x_wconf 76' lang='grc' dir='ltr'>τὰς</span> <span class='ocrx_word' id='word_1_503' title='bbox 451 4111 527 4172; x_wconf 89' lang='grc' dir='ltr'>είς</span> <span class='ocrx_word' id='word_1_504' title='bbox 549 4109 646 4180; x_wconf 82' lang='grc' dir='ltr'><strong>τὴν</strong></span> <span class='ocrx_word' id='word_1_505' title='bbox 665 4110 834 4181; x_wconf 80' lang='grc' dir='ltr'>αὐτὴν</span> <span class='ocrx_word' id='word_1_506' title='bbox 862 4111 1040 4164; x_wconf 80' lang='grc' dir='ltr'>σελίδα</span> <span class='ocrx_word' id='word_1_507' title='bbox 1059 4112 1447 4183; x_wconf 81' lang='grc' dir='ltr'>γεγραμμένας</span> <span class='ocrx_word' id='word_1_508' title='bbox 1476 4115 1533 4166; x_wconf 81' lang='grc' dir='ltr'>ὲν</span> <span class='ocrx_word' id='word_1_509' title='bbox 1561 4112 1637 4184; x_wconf 83' lang='grc' dir='ltr'><strong>τῷ</strong></span> <span class='ocrx_word' id='word_1_510' title='bbox 1655 4113 1699 4184; x_wconf 85' lang='grc' dir='ltr'><strong>β’</strong></span> <span class='ocrx_word' id='word_1_511' title='bbox 1716 4114 1903 4184; x_wconf 63' lang='grc' dir='ltr'>στίχῳ,</span> 
     </span>
    </p>
   </div>
   <div class='ocr_carea' id='block_1_70' title="bbox 336 4200 1903 4274">
    <p class='ocr_par' dir='ltr' id='par_1_70' title="bbox 336 4200 1903 4274">
     <span class='ocr_line' id='line_1_70' title="bbox 336 4200 1903 4274; baseline 0.002 -21"><span class='ocrx_word' id='word_1_512' title='bbox 336 4200 430 4253; x_wconf 75' lang='grc' dir='ltr'><strong>καὶ</strong></span> <span class='ocrx_word' id='word_1_513' title='bbox 468 4200 832 4271; x_wconf 78' lang='grc' dir='ltr'><strong>ὑποκειμένας</strong></span> <span class='ocrx_word' id='word_1_514' title='bbox 861 4205 980 4264; x_wconf 80' lang='grc' dir='ltr'>ταῖς</span> <span class='ocrx_word' id='word_1_515' title='bbox 1024 4203 1343 4274; x_wconf 84' lang='grc' dir='ltr'><strong>εἰρημέναις</strong></span> <span class='ocrx_word' id='word_1_516' title='bbox 1371 4202 1428 4269; x_wconf 78' lang='grc' dir='ltr'>ἓξ</span> <span class='ocrx_word' id='word_1_517' title='bbox 1465 4205 1726 4266; x_wconf 80' lang='grc' dir='ltr'>ὲπακταῖς</span> <span class='ocrx_word' id='word_1_518' title='bbox 1762 4203 1903 4274; x_wconf 85' lang='grc' dir='ltr'>λαμ-</span> 
     </span>
    </p>
   </div>
   <div class='ocr_carea' id='block_1_71' title="bbox 337 4291 1906 4366">
    <p class='ocr_par' dir='ltr' id='par_1_71' title="bbox 337 4291 1906 4366">
     <span class='ocr_line' id='line_1_71' title="bbox 337 4291 1906 4366; baseline 0.002 -21"><span class='ocrx_word' id='word_1_519' title='bbox 337 4291 570 4363; x_wconf 75' lang='grc' dir='ltr'>ϐάνομεν</span> <span class='ocrx_word' id='word_1_520' title='bbox 625 4293 857 4364; x_wconf 82' lang='grc' dir='ltr'><strong>ἡμέρας,</strong></span> <span class='ocrx_word' id='word_1_521' title='bbox 914 4294 1156 4347; x_wconf 80' lang='grc' dir='ltr'><strong>τουτέστι</strong></span> <span class='ocrx_word' id='word_1_522' title='bbox 1217 4294 1314 4366; x_wconf 83' lang='grc' dir='ltr'><strong>τὴν</strong></span> <span class='ocrx_word' id='word_1_523' title='bbox 1362 4294 1526 4365; x_wconf 84' lang='grc' dir='ltr'>μίαν·</span> <span class='ocrx_word' id='word_1_524' title='bbox 1581 4296 1674 4349; x_wconf 81' lang='grc' dir='ltr'><strong>καὶ</strong></span> <span class='ocrx_word' id='word_1_525' title='bbox 1702 4295 1906 4365; x_wconf 82' lang='grc' dir='ltr'>ταύτην</span> 
     </span>
    </p>
   </div>
   <div class='ocr_carea' id='block_1_72' title="bbox 335 4383 1906 4459">
    <p class='ocr_par' dir='ltr' id='par_1_72' title="bbox 335 4383 1906 4459">
     <span class='ocr_line' id='line_1_72' title="bbox 335 4383 1906 4459; baseline 0.001 -22"><span class='ocrx_word' id='word_1_526' title='bbox 335 4384 536 4455; x_wconf 82' lang='grc' dir='ltr'>ὁμοίως</span> <span class='ocrx_word' id='word_1_527' title='bbox 591 4383 928 4456; x_wconf 76' lang='grc' dir='ltr'>ἐμϐάλλομεν</span> <span class='ocrx_word' id='word_1_528' title='bbox 973 4388 1038 4457; x_wconf 84' lang='grc' dir='ltr'><strong>τῇ</strong></span> <span class='ocrx_word' id='word_1_529' title='bbox 1092 4384 1397 4459; x_wconf 77' lang='grc' dir='ltr'><strong>ζητουμένη</strong></span> <span class='ocrx_word' id='word_1_530' title='bbox 1429 4388 1559 4457; x_wconf 87' lang='grc' dir='ltr'>ἡμῖν</span> <span class='ocrx_word' id='word_1_531' title='bbox 1591 4389 1669 4450; x_wconf 88' lang='grc' dir='ltr'><strong>είς</strong></span> <span class='ocrx_word' id='word_1_532' title='bbox 1710 4386 1906 4448; x_wconf 74' lang='grc' dir='ltr'>αὐτοὺς</span> 
     </span>
    </p>
   </div>
   <div class='ocr_carea' id='block_1_73' title="bbox 337 4476 1906 4549">
    <p class='ocr_par' dir='ltr' id='par_1_73' title="bbox 337 4476 1906 4549">
     <span class='ocr_line' id='line_1_73' title="bbox 337 4476 1906 4549; baseline 0.001 -20"><span class='ocrx_word' id='word_1_533' title='bbox 337 4476 588 4548; x_wconf 67' lang='grc' dir='ltr'>ποσταία,</span> <span class='ocrx_word' id='word_1_534' title='bbox 621 4478 714 4530; x_wconf 72' lang='grc' dir='ltr'>καὶ</span> <span class='ocrx_word' id='word_1_535' title='bbox 735 4478 813 4542; x_wconf 87' lang='grc' dir='ltr'><strong>είς</strong></span> <span class='ocrx_word' id='word_1_536' title='bbox 839 4477 928 4530; x_wconf 83' lang='grc' dir='ltr'><strong>τὸν</strong></span> <span class='ocrx_word' id='word_1_537' title='bbox 950 4476 995 4542; x_wconf 78' lang='grc' dir='ltr'><strong>ζ’</strong></span> <span class='ocrx_word' id='word_1_538' title='bbox 1017 4477 1113 4540; x_wconf 83' lang='grc' dir='ltr'><strong>τὰς</strong></span> <span class='ocrx_word' id='word_1_539' title='bbox 1129 4477 1255 4540; x_wconf 83' lang='grc' dir='ltr'>ὅλας</span> <span class='ocrx_word' id='word_1_540' title='bbox 1272 4495 1336 4549; x_wconf 89' lang='grc' dir='ltr'>με</span> <span class='ocrx_word' id='word_1_541' title='bbox 1344 4478 1584 4549; x_wconf 77' lang='grc' dir='ltr'><strong>ρίζομεν.</strong></span> <span class='ocrx_word' id='word_1_542' title='bbox 1608 4478 1717 4549; x_wconf 75' lang='grc' dir='ltr'><strong>Τὴν</strong></span> <span class='ocrx_word' id='word_1_543' title='bbox 1737 4476 1906 4548; x_wconf 80' lang='grc' dir='ltr'>αὐτὴν</span> 
     </span>
    </p>
   </div>
   <div class='ocr_carea' id='block_1_74' title="bbox 335 4564 1894 4643">
    <p class='ocr_par' dir='ltr' id='par_1_74' title="bbox 335 4564 1894 4643">
     <span class='ocr_line' id='line_1_74' title="bbox 335 4564 1894 4643; baseline 0.003 -22"><span class='ocrx_word' id='word_1_544' title='bbox 335 4564 430 4622; x_wconf 75' lang='grc' dir='ltr'><strong>οὖν</strong></span> <span class='ocrx_word' id='word_1_545' title='bbox 464 4569 659 4634; x_wconf 85' lang='grc' dir='ltr'>σελίδα,</span> <span class='ocrx_word' id='word_1_546' title='bbox 686 4569 827 4639; x_wconf 81' lang='grc' dir='ltr'>λέγω</span> <span class='ocrx_word' id='word_1_547' title='bbox 851 4571 907 4624; x_wconf 84' lang='grc' dir='ltr'><strong>δὲ</strong></span> <span class='ocrx_word' id='word_1_548' title='bbox 945 4570 1045 4634; x_wconf 76' lang='grc' dir='ltr'><strong>τὰς</strong></span> <span class='ocrx_word' id='word_1_549' title='bbox 1075 4571 1191 4623; x_wconf 75' lang='grc' dir='ltr'><strong>κατ’</strong></span> <span class='ocrx_word' id='word_1_550' title='bbox 1220 4570 1387 4641; x_wconf 80' lang='grc' dir='ltr'>αὐτὴν</span> <span class='ocrx_word' id='word_1_551' title='bbox 1421 4572 1894 4643; x_wconf 76' lang='grc' dir='ltr'>ἐγγεγραμμένας,</span> 
     </span>
    </p>
   </div>
   <div class='ocr_carea' id='block_1_75' title="bbox 2003 3295 3559 3367">
    <p class='ocr_par' dir='ltr' id='par_1_75' title="bbox 2003 3295 3559 3367">
     <span class='ocr_line' id='line_1_75' title="bbox 2003 3295 3559 3367; baseline 0.002 -18"><span class='ocrx_word' id='word_1_552' title='bbox 2003 3298 2347 3367; x_wconf 85' lang='lat' dir='ltr'><strong>propositum</strong></span> <span class='ocrx_word' id='word_1_553' title='bbox 2397 3296 2615 3351; x_wconf 89' lang='lat' dir='ltr'><strong>illorum</strong></span> <span class='ocrx_word' id='word_1_554' title='bbox 2673 3295 2819 3351; x_wconf 89' lang='lat' dir='ltr'><strong>diem</strong></span> <span class='ocrx_word' id='word_1_555' title='bbox 2863 3295 3232 3367; x_wconf 80' lang='lat' dir='ltr'><strong>adjungimus.</strong></span> <span class='ocrx_word' id='word_1_556' title='bbox 3280 3295 3559 3352; x_wconf 84' lang='lat' dir='ltr'><strong>Summam</strong></span> 
     </span>
    </p>
   </div>
   <div class='ocr_carea' id='block_1_76' title="bbox 2003 3388 3561 3460">
    <p class='ocr_par' dir='ltr' id='par_1_76' title="bbox 2003 3388 3561 3460">
     <span class='ocr_line' id='line_1_76' title="bbox 2003 3388 3561 3460; baseline 0.001 -17"><span class='ocrx_word' id='word_1_557' title='bbox 2003 3404 2102 3459; x_wconf 87' lang='lat' dir='ltr'><strong>per</strong></span> <span class='ocrx_word' id='word_1_558' title='bbox 2123 3405 2194 3442; x_wconf 86' lang='lat' dir='ltr'><strong>vn</strong></span> <span class='ocrx_word' id='word_1_559' title='bbox 2219 3392 2504 3458; x_wconf 83' lang='lat' dir='ltr'><strong>partimur.</strong></span> <span class='ocrx_word' id='word_1_560' title='bbox 2538 3388 2804 3458; x_wconf 73' lang='lat' dir='ltr'><strong>Reliquus</strong></span> <span class='ocrx_word' id='word_1_561' title='bbox 2825 3396 2907 3444; x_wconf 90' lang='lat' dir='ltr'><strong>est</strong></span> <span class='ocrx_word' id='word_1_562' title='bbox 2926 3404 3187 3444; x_wconf 89' lang='lat' dir='ltr'><strong>numerus</strong></span> <span class='ocrx_word' id='word_1_563' title='bbox 3207 3388 3373 3454; x_wconf 64' lang='lat' dir='ltr'><strong>ferias,</strong></span> <span class='ocrx_word' id='word_1_564' title='bbox 3398 3404 3561 3460; x_wconf 87' lang='lat' dir='ltr'><strong>quam</strong></span> 
     </span>
    </p>
   </div>
   <div class='ocr_carea' id='block_1_77' title="bbox 2005 3479 3561 3551">
    <p class='ocr_par' dir='ltr' id='par_1_77' title="bbox 2005 3479 3561 3551">
     <span class='ocr_line' id='line_1_77' title="bbox 2005 3479 3561 3551; baseline 0.001 -16"><span class='ocrx_word' id='word_1_565' title='bbox 2005 3483 2220 3551; x_wconf 89' lang='lat' dir='ltr'><strong>assequi</strong></span> <span class='ocrx_word' id='word_1_566' title='bbox 2253 3481 2555 3537; x_wconf 89' lang='lat' dir='ltr'><strong>studemus.</strong></span> <span class='ocrx_word' id='word_1_567' title='bbox 2596 3480 2721 3535; x_wconf 65' lang='lat' dir='ltr'><strong>Haec</strong></span> <span class='ocrx_word' id='word_1_568' title='bbox 2755 3481 2896 3534; x_wconf 87' lang='lat' dir='ltr'><strong>ratio</strong></span> <span class='ocrx_word' id='word_1_569' title='bbox 2924 3479 3158 3534; x_wconf 90' lang='lat' dir='ltr'><strong>tenenda</strong></span> <span class='ocrx_word' id='word_1_570' title='bbox 3202 3488 3286 3534; x_wconf 87' lang='lat' dir='ltr'><strong>est</strong></span> <span class='ocrx_word' id='word_1_571' title='bbox 3323 3480 3378 3534; x_wconf 91' lang='lat' dir='ltr'><strong>in</strong></span> <span class='ocrx_word' id='word_1_572' title='bbox 3421 3483 3561 3536; x_wconf 89' lang='lat' dir='ltr'><strong>duo-</strong></span> 
     </span>
    </p>
   </div>
   <div class='ocr_carea' id='block_1_78' title="bbox 2004 3570 3561 3640">
    <p class='ocr_par' dir='ltr' id='par_1_78' title="bbox 2004 3570 3561 3640">
     <span class='ocr_line' id='line_1_78' title="bbox 2004 3570 3561 3640; baseline 0 -15"><span class='ocrx_word' id='word_1_573' title='bbox 2004 3571 2106 3627; x_wconf 91' lang='lat' dir='ltr'><strong>bus</strong></span> <span class='ocrx_word' id='word_1_574' title='bbox 2136 3572 2294 3640; x_wconf 91' lang='lat' dir='ltr'><strong>primi</strong></span> <span class='ocrx_word' id='word_1_575' title='bbox 2348 3588 2542 3628; x_wconf 90' lang='lat' dir='ltr'><strong>versus</strong></span> <span class='ocrx_word' id='word_1_576' title='bbox 2587 3571 2891 3627; x_wconf 89' lang='lat' dir='ltr'><strong>mensibus.</strong></span> <span class='ocrx_word' id='word_1_577' title='bbox 2941 3571 3038 3624; x_wconf 88' lang='lat' dir='ltr'><strong>Sin</strong></span> <span class='ocrx_word' id='word_1_578' title='bbox 3081 3571 3293 3625; x_wconf 90' lang='lat' dir='ltr'><strong>duobus</strong></span> <span class='ocrx_word' id='word_1_579' title='bbox 3331 3570 3452 3626; x_wconf 89' lang='lat' dir='ltr'><strong>aliis</strong></span> <span class='ocrx_word' id='word_1_580' title='bbox 3505 3571 3561 3625; x_wconf 88' lang='lat' dir='ltr'><strong>in</strong></span> 
     </span>
    </p>
   </div>
   <div class='ocr_carea' id='block_1_79' title="bbox 2004 3656 3563 3731">
    <p class='ocr_par' dir='ltr' id='par_1_79' title="bbox 2004 3656 3563 3731">
     <span class='ocr_line' id='line_1_79' title="bbox 2004 3656 3563 3731; baseline -0.002 -16"><span class='ocrx_word' id='word_1_581' title='bbox 2004 3661 2306 3727; x_wconf 82' lang='lat' dir='ltr'><strong>mensibus,</strong></span> <span class='ocrx_word' id='word_1_582' title='bbox 2338 3662 2431 3731; x_wconf 91' lang='lat' dir='ltr'><strong>qui</strong></span> <span class='ocrx_word' id='word_1_583' title='bbox 2461 3660 2763 3716; x_wconf 89' lang='lat' dir='ltr'><strong>secundum</strong></span> <span class='ocrx_word' id='word_1_584' title='bbox 2792 3674 3007 3714; x_wconf 86' lang='lat' dir='ltr'><strong>versum</strong></span> <span class='ocrx_word' id='word_1_585' title='bbox 3039 3658 3311 3722; x_wconf 84' lang='lat' dir='ltr'><strong>obsident,</strong></span> <span class='ocrx_word' id='word_1_586' title='bbox 3340 3656 3481 3714; x_wconf 78' lang='lat' dir='ltr'><strong>Maio</strong></span> <span class='ocrx_word' id='word_1_587' title='bbox 3506 3666 3563 3713; x_wconf 82' lang='lat' dir='ltr'><strong>et</strong></span> 
     </span>
    </p>
   </div>
   <div class='ocr_carea' id='block_1_80' title="bbox 2002 3749 3563 3824">
    <p class='ocr_par' dir='ltr' id='par_1_80' title="bbox 2002 3749 3563 3824">
     <span class='ocr_line' id='line_1_80' title="bbox 2002 3749 3563 3824; baseline -0.001 -18"><span class='ocrx_word' id='word_1_588' title='bbox 2002 3750 2281 3817; x_wconf 80' lang='lat' dir='ltr'><strong>Januario,</strong></span> <span class='ocrx_word' id='word_1_589' title='bbox 2310 3751 2499 3806; x_wconf 84' lang='lat' dir='ltr'><strong>feriam</strong></span> <span class='ocrx_word' id='word_1_590' title='bbox 2528 3753 2681 3824; x_wconf 82' lang='lat' dir='ltr'><strong>cyclo</strong></span> <span class='ocrx_word' id='word_1_591' title='bbox 2712 3750 2903 3806; x_wconf 89' lang='lat' dir='ltr'><strong>eodem</strong></span> <span class='ocrx_word' id='word_1_592' title='bbox 2934 3763 3102 3804; x_wconf 75' lang='lat' dir='ltr'><strong>xxvntt</strong></span> <span class='ocrx_word' id='word_1_593' title='bbox 3134 3749 3451 3820; x_wconf 62' lang='lat' dir='ltr'><strong>quaerimus,</strong></span> <span class='ocrx_word' id='word_1_594' title='bbox 3473 3763 3563 3805; x_wconf 88' lang='lat' dir='ltr'><strong>se-</strong></span> 
     </span>
    </p>
   </div>
   <div class='ocr_carea' id='block_1_81' title="bbox 2005 3837 3563 3910">
    <p class='ocr_par' dir='ltr' id='par_1_81' title="bbox 2005 3837 3563 3910">
     <span class='ocr_line' id='line_1_81' title="bbox 2005 3837 3563 3910; baseline -0.004 -12"><span class='ocrx_word' id='word_1_595' title='bbox 2005 3842 2170 3898; x_wconf 92' lang='lat' dir='ltr'><strong>cundi</strong></span> <span class='ocrx_word' id='word_1_596' title='bbox 2206 3854 2402 3899; x_wconf 87' lang='lat' dir='ltr'><strong>versus</strong></span> <span class='ocrx_word' id='word_1_597' title='bbox 2447 3842 2565 3898; x_wconf 85' lang='lat' dir='ltr'><strong>dies</strong></span> <span class='ocrx_word' id='word_1_598' title='bbox 2614 3841 2849 3896; x_wconf 84' lang='lat' dir='ltr'><strong>inventis</strong></span> <span class='ocrx_word' id='word_1_599' title='bbox 2896 3840 3103 3910; x_wconf 88' lang='lat' dir='ltr'><strong>epactis</strong></span> <span class='ocrx_word' id='word_1_600' title='bbox 3174 3854 3224 3894; x_wconf 78' lang='lat' dir='ltr'><strong>v1</strong></span> <span class='ocrx_word' id='word_1_601' title='bbox 3280 3837 3563 3907; x_wconf 71' lang='lat' dir='ltr'><strong>subiectas</strong></span> 
     </span>
    </p>
   </div>
   <div class='ocr_carea' id='block_1_82' title="bbox 2004 3928 3563 4002">
    <p class='ocr_par' dir='ltr' id='par_1_82' title="bbox 2004 3928 3563 4002">
     <span class='ocr_line' id='line_1_82' title="bbox 2004 3928 3563 4002; baseline -0.004 -13"><span class='ocrx_word' id='word_1_602' title='bbox 2004 3933 2367 4002; x_wconf 82' lang='lat' dir='ltr'><strong>excerpimus,</strong></span> <span class='ocrx_word' id='word_1_603' title='bbox 2401 3933 2648 3987; x_wconf 79' lang='lat' dir='ltr'><strong>videlicet</strong></span> <span class='ocrx_word' id='word_1_604' title='bbox 2676 3947 2691 3985; x_wconf 97' lang='lat' dir='ltr'><strong>l</strong></span> <span class='ocrx_word' id='word_1_605' title='bbox 2718 3948 2733 3996; x_wconf 87' lang='lat'><strong>;</strong></span> <span class='ocrx_word' id='word_1_606' title='bbox 2766 3946 2873 4002; x_wconf 90' lang='lat' dir='ltr'><strong>qua</strong></span> <span class='ocrx_word' id='word_1_607' title='bbox 2899 3933 3120 4000; x_wconf 88' lang='lat' dir='ltr'><strong>insuper</strong></span> <span class='ocrx_word' id='word_1_608' title='bbox 3138 3928 3204 3983; x_wconf 86' lang='lat' dir='ltr'><strong>ad</strong></span> <span class='ocrx_word' id='word_1_609' title='bbox 3222 3928 3563 4000; x_wconf 81' lang='lat' dir='ltr'><strong>propositum</strong></span> 
     </span>
    </p>
   </div>
   <div class='ocr_carea' id='block_1_83' title="bbox 2005 4020 3556 4088">
    <p class='ocr_par' dir='ltr' id='par_1_83' title="bbox 2005 4020 3556 4088">
     <span class='ocr_line' id='line_1_83' title="bbox 2005 4020 3556 4088; baseline -0.003 -9"><span class='ocrx_word' id='word_1_610' title='bbox 2005 4024 2147 4081; x_wconf 84' lang='lat' dir='ltr'><strong>diem</strong></span> <span class='ocrx_word' id='word_1_611' title='bbox 2179 4026 2383 4081; x_wconf 87' lang='lat' dir='ltr'><strong>mensis</strong></span> <span class='ocrx_word' id='word_1_612' title='bbox 2416 4023 2619 4088; x_wconf 88' lang='lat' dir='ltr'><strong>addita,</strong></span> <span class='ocrx_word' id='word_1_613' title='bbox 2646 4032 2816 4079; x_wconf 87' lang='lat' dir='ltr'><strong>totum</strong></span> <span class='ocrx_word' id='word_1_614' title='bbox 2840 4023 2895 4077; x_wconf 92' lang='lat' dir='ltr'><strong>in</strong></span> <span class='ocrx_word' id='word_1_615' title='bbox 2931 4038 3004 4077; x_wconf 87' lang='lat' dir='ltr'><strong>vn</strong></span> <span class='ocrx_word' id='word_1_616' title='bbox 3031 4022 3349 4079; x_wconf 88' lang='lat' dir='ltr'><strong>tribuimus.</strong></span> <span class='ocrx_word' id='word_1_617' title='bbox 3391 4020 3556 4075; x_wconf 83' lang='lat' dir='ltr'><strong>Eum-</strong></span> 
     </span>
    </p>
   </div>
   <div class='ocr_carea' id='block_1_84' title="bbox 2006 4115 3558 4186">
    <p class='ocr_par' dir='ltr' id='par_1_84' title="bbox 2006 4115 3558 4186">
     <span class='ocr_line' id='line_1_84' title="bbox 2006 4115 3558 4186; baseline -0.004 -14"><span class='ocrx_word' id='word_1_618' title='bbox 2006 4117 2129 4172; x_wconf 86' lang='lat' dir='ltr'><strong>dem</strong></span> <span class='ocrx_word' id='word_1_619' title='bbox 2176 4117 2361 4186; x_wconf 85' lang='lat' dir='ltr'><strong>itaque</strong></span> <span class='ocrx_word' id='word_1_620' title='bbox 2404 4131 2636 4180; x_wconf 86' lang='lat' dir='ltr'><strong>versum,</strong></span> <span class='ocrx_word' id='word_1_621' title='bbox 2680 4125 2734 4170; x_wconf 89' lang='lat' dir='ltr'><strong>et</strong></span> <span class='ocrx_word' id='word_1_622' title='bbox 2785 4115 2913 4169; x_wconf 85' lang='lat' dir='ltr'><strong>huic</strong></span> <span class='ocrx_word' id='word_1_623' title='bbox 2964 4115 3257 4184; x_wconf 85' lang='lat' dir='ltr'><strong>inscriptos</strong></span> <span class='ocrx_word' id='word_1_624' title='bbox 3301 4126 3558 4169; x_wconf 84' lang='lat' dir='ltr'><strong>numeros</strong></span> 
     </span>
    </p>
   </div>
   <div class='ocr_carea' id='block_1_85' title="bbox 2005 4203 3560 4273">
    <p class='ocr_par' dir='ltr' id='par_1_85' title="bbox 2005 4203 3560 4273">
     <span class='ocr_line' id='line_1_85' title="bbox 2005 4203 3560 4273; baseline -0.004 -10"><span class='ocrx_word' id='word_1_625' title='bbox 2005 4207 2219 4263; x_wconf 82' lang='lat' dir='ltr'><strong>caeteris</strong></span> <span class='ocrx_word' id='word_1_626' title='bbox 2243 4209 2297 4262; x_wconf 88' lang='lat' dir='ltr'><strong>in</strong></span> <span class='ocrx_word' id='word_1_627' title='bbox 2328 4208 2574 4263; x_wconf 77' lang='lat' dir='ltr'><strong>versibus</strong></span> <span class='ocrx_word' id='word_1_628' title='bbox 2609 4207 2931 4268; x_wconf 80' lang='lat' dir='ltr'><strong>retinentes,</strong></span> <span class='ocrx_word' id='word_1_629' title='bbox 2961 4206 3015 4259; x_wconf 92' lang='lat' dir='ltr'><strong>in</strong></span> <span class='ocrx_word' id='word_1_630' title='bbox 3056 4204 3346 4273; x_wconf 86' lang='lat' dir='ltr'><strong>descriptis</strong></span> <span class='ocrx_word' id='word_1_631' title='bbox 3382 4203 3560 4258; x_wconf 81' lang='lat' dir='ltr'><strong>utrin-</strong></span> 
     </span>
    </p>
   </div>
   <div class='ocr_carea' id='block_1_86' title="bbox 2004 4294 3560 4369">
    <p class='ocr_par' dir='ltr' id='par_1_86' title="bbox 2004 4294 3560 4369">
     <span class='ocr_line' id='line_1_86' title="bbox 2004 4294 3560 4369; baseline -0.006 -15"><span class='ocrx_word' id='word_1_632' title='bbox 2004 4315 2110 4369; x_wconf 88' lang='lat' dir='ltr'><strong>que</strong></span> <span class='ocrx_word' id='word_1_633' title='bbox 2134 4298 2501 4353; x_wconf 83' lang='lat' dir='ltr'><strong>Romanorum</strong></span> <span class='ocrx_word' id='word_1_634' title='bbox 2533 4297 2812 4352; x_wconf 89' lang='lat' dir='ltr'><strong>mensibus</strong></span> <span class='ocrx_word' id='word_1_635' title='bbox 2860 4296 3027 4366; x_wconf 77' lang='lat'><strong>188</strong></span> <span class='ocrx_word' id='word_1_636' title='bbox 3064 4310 3205 4350; x_wconf 88' lang='lat' dir='ltr'><strong>anno</strong></span> <span class='ocrx_word' id='word_1_637' title='bbox 3231 4294 3351 4364; x_wconf 89' lang='lat' dir='ltr'><strong>ipso</strong></span> <span class='ocrx_word' id='word_1_638' title='bbox 3391 4307 3560 4349; x_wconf 76' lang='lat' dir='ltr'><strong>xxvnt</strong></span> 
     </span>
    </p>
   </div>
   <div class='ocr_carea' id='block_1_87' title="bbox 2005 4380 3559 4458">
    <p class='ocr_par' dir='ltr' id='par_1_87' title="bbox 2005 4380 3559 4458">
     <span class='ocr_line' id='line_1_87' title="bbox 2005 4380 3559 4458; baseline -0.004 -14"><span class='ocrx_word' id='word_1_639' title='bbox 2005 4389 2195 4445; x_wconf 81' lang='lat' dir='ltr'><strong>feriam</strong></span> <span class='ocrx_word' id='word_1_640' title='bbox 2230 4388 2641 4458; x_wconf 79' lang='lat' dir='ltr'><strong>investigamus.</strong></span> <span class='ocrx_word' id='word_1_641' title='bbox 2673 4385 2827 4451; x_wconf 86' lang='lat' dir='ltr'><strong>Quod</strong></span> <span class='ocrx_word' id='word_1_642' title='bbox 2869 4384 3009 4439; x_wconf 90' lang='lat' dir='ltr'><strong>idem</strong></span> <span class='ocrx_word' id='word_1_643' title='bbox 3034 4391 3089 4439; x_wconf 90' lang='lat' dir='ltr'><strong>et</strong></span> <span class='ocrx_word' id='word_1_644' title='bbox 3129 4384 3185 4437; x_wconf 88' lang='lat' dir='ltr'><strong>in</strong></span> <span class='ocrx_word' id='word_1_645' title='bbox 3229 4382 3350 4436; x_wconf 89' lang='lat' dir='ltr'><strong>aliis</strong></span> <span class='ocrx_word' id='word_1_646' title='bbox 3392 4380 3559 4452; x_wconf 83' lang='lat' dir='ltr'><strong>cyclis</strong></span> 
     </span>
    </p>
   </div>
   <div class='ocr_carea' id='block_1_88' title="bbox 2006 4473 3560 4548">
    <p class='ocr_par' dir='ltr' id='par_1_88' title="bbox 2006 4473 3560 4548">
     <span class='ocr_line' id='line_1_88' title="bbox 2006 4473 3560 4548; baseline -0.007 -11"><span class='ocrx_word' id='word_1_647' title='bbox 2006 4480 2138 4537; x_wconf 87' lang='lat' dir='ltr'><strong>solis</strong></span> <span class='ocrx_word' id='word_1_648' title='bbox 2163 4479 2394 4534; x_wconf 83' lang='lat' dir='ltr'><strong>facimus</strong></span> <span class='ocrx_word' id='word_1_649' title='bbox 2425 4497 2439 4532; x_wconf 91' lang='lat'>:</span> <span class='ocrx_word' id='word_1_650' title='bbox 2466 4485 2523 4532; x_wconf 90' lang='lat' dir='ltr'><strong>ut</strong></span> <span class='ocrx_word' id='word_1_651' title='bbox 2551 4477 2607 4532; x_wconf 84' lang='lat' dir='ltr'><strong>in</strong></span> <span class='ocrx_word' id='word_1_652' title='bbox 2635 4477 2825 4548; x_wconf 86' lang='lat' dir='ltr'><strong>primis</strong></span> <span class='ocrx_word' id='word_1_653' title='bbox 2848 4475 2968 4546; x_wconf 83' lang='lat' dir='ltr'><strong>ejus</strong></span> <span class='ocrx_word' id='word_1_654' title='bbox 2985 4483 3189 4546; x_wconf 78' lang='lat' dir='ltr'><strong>epactae</strong></span> <span class='ocrx_word' id='word_1_655' title='bbox 3217 4473 3560 4530; x_wconf 87' lang='lat' dir='ltr'><strong>constituan-</strong></span> 
     </span>
    </p>
   </div>
   <div class='ocr_carea' id='block_1_89' title="bbox 1927 4550 3561 4639">
    <p class='ocr_par' dir='ltr' id='par_1_89' title="bbox 1927 4550 3561 4639">
     <span class='ocr_line' id='line_1_89' title="bbox 1927 4550 3561 4639; baseline -0.004 -14"><span class='ocrx_word' id='word_1_656' title='bbox 1927 4550 1973 4606; x_wconf 81' lang='grc' dir='ltr'><strong>Ῑ)</strong></span> <span class='ocrx_word' id='word_1_657' title='bbox 2000 4578 2091 4625; x_wconf 89' lang='lat' dir='ltr'><strong>tur</strong></span> <span class='ocrx_word' id='word_1_658' title='bbox 2127 4590 2140 4626; x_wconf 92' lang='lat'><strong>:</strong></span> <span class='ocrx_word' id='word_1_659' title='bbox 2168 4570 2364 4626; x_wconf 87' lang='lat' dir='ltr'><strong>deinde</strong></span> <span class='ocrx_word' id='word_1_660' title='bbox 2391 4569 2667 4639; x_wconf 76' lang='lat' dir='ltr'><strong>subjectae,</strong></span> <span class='ocrx_word' id='word_1_661' title='bbox 2701 4577 2755 4623; x_wconf 91' lang='lat' dir='ltr'><strong>et</strong></span> <span class='ocrx_word' id='word_1_662' title='bbox 2792 4567 2845 4621; x_wconf 89' lang='lat' dir='ltr'><strong>iu</strong></span> <span class='ocrx_word' id='word_1_663' title='bbox 2881 4566 3069 4622; x_wconf 86' lang='lat' dir='ltr'><strong>eodem</strong></span> <span class='ocrx_word' id='word_1_664' title='bbox 3099 4581 3262 4621; x_wconf 82' lang='lat' dir='ltr'><strong>versu</strong></span> <span class='ocrx_word' id='word_1_665' title='bbox 3312 4579 3561 4634; x_wconf 84' lang='lat' dir='ltr'><strong>compre-</strong></span> 
     </span>
    </p>
   </div>
   <div class='ocr_carea' id='block_1_90' title="bbox 333 4657 1932 4735">
    <p class='ocr_par' dir='ltr' id='par_1_90' title="bbox 333 4661 1896 4735">
     <span class='ocr_line' id='line_1_90' title="bbox 333 4661 1896 4735; baseline 0.003 -22"><span class='ocrx_word' id='word_1_666' title='bbox 333 4661 429 4714; x_wconf 73' lang='grc' dir='ltr'><strong>καὶ</strong></span> <span class='ocrx_word' id='word_1_667' title='bbox 465 4661 557 4714; x_wconf 76' lang='grc' dir='ltr'>ἐπὶ</span> <span class='ocrx_word' id='word_1_668' title='bbox 598 4661 703 4715; x_wconf 84' lang='grc' dir='ltr'>τῶν</span> <span class='ocrx_word' id='word_1_669' title='bbox 755 4662 956 4716; x_wconf 78' lang='grc' dir='ltr'>λοιπῶν</span> <span class='ocrx_word' id='word_1_670' title='bbox 1004 4663 1200 4733; x_wconf 88' lang='grc' dir='ltr'>στίχων</span> <span class='ocrx_word' id='word_1_671' title='bbox 1249 4662 1541 4735; x_wconf 74' lang='grc' dir='ltr'><strong>τηροῦμεν,</strong></span> <span class='ocrx_word' id='word_1_672' title='bbox 1588 4665 1666 4727; x_wconf 87' lang='grc' dir='ltr'><strong>είς</strong></span> <span class='ocrx_word' id='word_1_673' title='bbox 1692 4663 1753 4717; x_wconf 86' lang='grc' dir='ltr'>τὸ</span> <span class='ocrx_word' id='word_1_674' title='bbox 1797 4665 1896 4735; x_wconf 82' lang='grc' dir='ltr'><strong>τὴν</strong></span> 
     </span>
    </p>
   </div>
   <div class='ocr_carea' id='block_1_91' title="bbox 2009 4657 3558 4735">
    <p class='ocr_par' dir='ltr' id='par_1_91' title="bbox 2009 4657 3558 4733">
     <span class='ocr_line' id='line_1_91' title="bbox 2009 4657 3558 4733; baseline -0.005 -15"><span class='ocrx_word' id='word_1_675' title='bbox 2009 4664 2183 4719; x_wconf 81' lang='lat' dir='ltr'><strong>hensae</strong></span> <span class='ocrx_word' id='word_1_676' title='bbox 2207 4663 2528 4733; x_wconf 86' lang='lat' dir='ltr'><strong>capiantur;</strong></span> <span class='ocrx_word' id='word_1_677' title='bbox 2556 4662 2638 4716; x_wconf 87' lang='lat' dir='ltr'><strong>sic</strong></span> <span class='ocrx_word' id='word_1_678' title='bbox 2670 4669 2729 4716; x_wconf 88' lang='lat' dir='ltr'><strong>ut</strong></span> <span class='ocrx_word' id='word_1_679' title='bbox 2766 4658 2835 4714; x_wconf 84' lang='lat' dir='ltr'><strong>ad</strong></span> <span class='ocrx_word' id='word_1_680' title='bbox 2858 4659 3066 4717; x_wconf 78' lang='lat' dir='ltr'><strong>nullam</strong></span> <span class='ocrx_word' id='word_1_681' title='bbox 3106 4658 3331 4713; x_wconf 87' lang='lat' dir='ltr'><strong>alteram</strong></span> <span class='ocrx_word' id='word_1_682' title='bbox 3370 4657 3558 4712; x_wconf 77' lang='lat' dir='ltr'><strong>dextra</strong></span> 
     </span>
    </p>
   </div>
   <div class='ocr_carea' id='block_1_92' title="bbox 334 4750 1932 4826">
    <p class='ocr_par' dir='ltr' id='par_1_92' title="bbox 334 4751 1895 4826">
     <span class='ocr_line' id='line_1_92' title="bbox 334 4751 1895 4826; baseline 0.001 -21"><span class='ocrx_word' id='word_1_683' title='bbox 334 4751 692 4824; x_wconf 72' lang='grc' dir='ltr'><strong>ὲΰίοματικὴν</strong></span> <span class='ocrx_word' id='word_1_684' title='bbox 748 4752 959 4824; x_wconf 83' lang='grc' dir='ltr'>ἡμέραν</span> <span class='ocrx_word' id='word_1_685' title='bbox 1013 4754 1258 4826; x_wconf 84' lang='grc' dir='ltr'>ἀνευρεῖν</span> <span class='ocrx_word' id='word_1_686' title='bbox 1310 4754 1368 4806; x_wconf 80' lang='grc' dir='ltr'><strong>ἐν</strong></span> <span class='ocrx_word' id='word_1_687' title='bbox 1421 4756 1530 4817; x_wconf 81' lang='grc' dir='ltr'>τοῖς</span> <span class='ocrx_word' id='word_1_688' title='bbox 1558 4753 1895 4824; x_wconf 81' lang='grc' dir='ltr'><strong>ἑκατέρωθεν</strong></span> 
     </span>
    </p>
   </div>
   <div class='ocr_carea' id='block_1_93' title="bbox 2009 4750 3667 4826">
    <p class='ocr_par' dir='ltr' id='par_1_93' title="bbox 2009 4750 3667 4810">
     <span class='ocr_line' id='line_1_93' title="bbox 2009 4750 3667 4810; baseline -0.007 0"><span class='ocrx_word' id='word_1_689' title='bbox 2009 4753 2089 4810; x_wconf 81' lang='lat' dir='ltr'><strong>vel</strong></span> <span class='ocrx_word' id='word_1_690' title='bbox 2127 4753 2354 4810; x_wconf 82' lang='lat' dir='ltr'><strong>sinistra</strong></span> <span class='ocrx_word' id='word_1_691' title='bbox 2383 4753 2731 4810; x_wconf 74' lang='lat' dir='ltr'><strong>deﬂectemus</strong></span> <span class='ocrx_word' id='word_1_692' title='bbox 2761 4773 2775 4808; x_wconf 90' lang='lat'><strong>:</strong></span> <span class='ocrx_word' id='word_1_693' title='bbox 2809 4753 2900 4809; x_wconf 86' lang='lat' dir='ltr'><strong>sed</strong></span> <span class='ocrx_word' id='word_1_694' title='bbox 2934 4751 3003 4807; x_wconf 83' lang='lat' dir='ltr'><strong>ad</strong></span> <span class='ocrx_word' id='word_1_695' title='bbox 3030 4750 3280 4808; x_wconf 89' lang='lat' dir='ltr'><strong>eumdem</strong></span> <span class='ocrx_word' id='word_1_696' title='bbox 3305 4751 3399 4807; x_wconf 92' lang='lat' dir='ltr'><strong>illo</strong></span> <span class='ocrx_word' id='word_1_697' title='bbox 3416 4764 3564 4807; x_wconf 85' lang='lat' dir='ltr'><strong>anno</strong></span> <span class='ocrx_word' id='word_1_698' title='bbox 3665 4797 3667 4799; x_wconf 78' lang='lat'><strong>.</strong></span> 
     </span>
    </p>
   </div>
   <div class='ocr_carea' id='block_1_94' title="bbox 331 4841 1932 4917">
    <p class='ocr_par' dir='ltr' id='par_1_94' title="bbox 331 4843 1897 4917">
     <span class='ocr_line' id='line_1_94' title="bbox 331 4843 1897 4917; baseline 0 -20"><span class='ocrx_word' id='word_1_699' title='bbox 331 4843 824 4915; x_wconf 81' lang='grc' dir='ltr'>διαγεγραμμένοις</span> <span class='ocrx_word' id='word_1_700' title='bbox 855 4847 1035 4910; x_wconf 74' lang='grc' dir='ltr'>αὐτοῖς</span> <span class='ocrx_word' id='word_1_701' title='bbox 1076 4847 1395 4916; x_wconf 80' lang='grc' dir='ltr'>Ῥωμαϊκοῖς</span> <span class='ocrx_word' id='word_1_702' title='bbox 1427 4846 1577 4917; x_wconf 74' lang='grc' dir='ltr'>μησὶ,</span> <span class='ocrx_word' id='word_1_703' title='bbox 1610 4843 1749 4898; x_wconf 80' lang='grc' dir='ltr'>κατὰ</span> <span class='ocrx_word' id='word_1_704' title='bbox 1777 4845 1897 4898; x_wconf 86' lang='grc' dir='ltr'>τόδε</span> 
     </span>
    </p>
   </div>
   <div class='ocr_carea' id='block_1_95' title="bbox 2009 4841 3561 4917">
    <p class='ocr_par' dir='ltr' id='par_1_95' title="bbox 2009 4841 3561 4912">
     <span class='ocr_line' id='line_1_95' title="bbox 2009 4841 3561 4912; baseline -0.005 -11"><span class='ocrx_word' id='word_1_705' title='bbox 2009 4860 2214 4901; x_wconf 81' lang='lat' dir='ltr'><strong>versum</strong></span> <span class='ocrx_word' id='word_1_706' title='bbox 2242 4851 2558 4900; x_wconf 87' lang='lat' dir='ltr'><strong>constanter</strong></span> <span class='ocrx_word' id='word_1_707' title='bbox 2581 4844 2988 4900; x_wconf 59' lang='lat' dir='ltr'><strong>adhereamus:</strong></span> <span class='ocrx_word' id='word_1_708' title='bbox 3025 4844 3101 4897; x_wconf 89' lang='lat' dir='ltr'><strong>ita</strong></span> <span class='ocrx_word' id='word_1_709' title='bbox 3125 4852 3184 4897; x_wconf 89' lang='lat' dir='ltr'><strong>ut</strong></span> <span class='ocrx_word' id='word_1_710' title='bbox 3200 4850 3405 4912; x_wconf 73' lang='lat' dir='ltr'><strong>epactae</strong></span> <span class='ocrx_word' id='word_1_711' title='bbox 3424 4841 3561 4896; x_wconf 86' lang='lat' dir='ltr'><strong>duo-</strong></span> 
     </span>
    </p>
   </div>
   <div class='ocr_carea' id='block_1_96' title="bbox 332 4931 1932 5006">
    <p class='ocr_par' dir='ltr' id='par_1_96' title="bbox 332 4931 1890 5005">
     <span class='ocr_line' id='line_1_96' title="bbox 332 4931 1890 5005; baseline 0 -20"><span class='ocrx_word' id='word_1_712' title='bbox 332 4931 392 4985; x_wconf 79' lang='grc' dir='ltr'><strong>τὸ</strong></span> <span class='ocrx_word' id='word_1_713' title='bbox 424 4940 509 5004; x_wconf 85' lang='grc' dir='ltr'><strong>κη’</strong></span> <span class='ocrx_word' id='word_1_714' title='bbox 538 4932 655 4997; x_wconf 76' lang='grc' dir='ltr'>ἔτος</span> <span class='ocrx_word' id='word_1_715' title='bbox 674 4951 689 4965; x_wconf 66' lang='grc' dir='ltr'><strong>α</strong></span> <span class='ocrx_word' id='word_1_716' title='bbox 720 4934 918 5005; x_wconf 88' lang='grc' dir='ltr'>ὁμοίως</span> <span class='ocrx_word' id='word_1_717' title='bbox 942 4935 998 4987; x_wconf 80' lang='grc' dir='ltr'>δὲ</span> <span class='ocrx_word' id='word_1_718' title='bbox 1038 4936 1131 4988; x_wconf 82' lang='grc' dir='ltr'><strong>καὶ</strong></span> <span class='ocrx_word' id='word_1_719' title='bbox 1158 4937 1236 4999; x_wconf 86' lang='grc' dir='ltr'>είς</span> <span class='ocrx_word' id='word_1_720' title='bbox 1280 4937 1386 4988; x_wconf 84' lang='grc' dir='ltr'><strong>πᾶν</strong></span> <span class='ocrx_word' id='word_1_721' title='bbox 1408 4933 1533 4988; x_wconf 80' lang='grc' dir='ltr'>ἄλλο</span> <span class='ocrx_word' id='word_1_722' title='bbox 1556 4932 1707 5003; x_wconf 86' lang='grc' dir='ltr'>ἡλίου</span> <span class='ocrx_word' id='word_1_723' title='bbox 1734 4932 1852 4996; x_wconf 78' lang='grc' dir='ltr'>ἔτος</span> <span class='ocrx_word' id='word_1_724' title='bbox 1875 4949 1890 4964; x_wconf 85' lang='grc'>⁶</span> 
     </span>
    </p>
   </div>
   <div class='ocr_carea' id='block_1_97' title="bbox 2009 4931 3558 5006">
    <p class='ocr_par' dir='ltr' id='par_1_97' title="bbox 2009 4934 3558 5006">
     <span class='ocr_line' id='line_1_97' title="bbox 2009 4934 3558 5006; baseline -0.002 -15"><span class='ocrx_word' id='word_1_725' title='bbox 2009 4937 2100 4991; x_wconf 81' lang='lat' dir='ltr'><strong>bus</strong></span> <span class='ocrx_word' id='word_1_726' title='bbox 2129 4936 2183 4989; x_wconf 89' lang='lat' dir='ltr'><strong>in</strong></span> <span class='ocrx_word' id='word_1_727' title='bbox 2226 4935 2404 5006; x_wconf 89' lang='lat' dir='ltr'><strong>primo</strong></span> <span class='ocrx_word' id='word_1_728' title='bbox 2454 4950 2615 4991; x_wconf 88' lang='lat' dir='ltr'><strong>versu</strong></span> <span class='ocrx_word' id='word_1_729' title='bbox 2663 4934 2942 5006; x_wconf 88' lang='lat' dir='ltr'><strong>inscriptis</strong></span> <span class='ocrx_word' id='word_1_730' title='bbox 2997 4934 3279 4993; x_wconf 85' lang='lat' dir='ltr'><strong>mensibus</strong></span> <span class='ocrx_word' id='word_1_731' title='bbox 3329 4948 3558 5005; x_wconf 86' lang='lat' dir='ltr'><strong>respon-</strong></span> 
     </span>
    </p>
   </div>
   <div class='ocr_carea' id='block_1_98' title="bbox 333 5023 1932 5096">
    <p class='ocr_par' dir='ltr' id='par_1_98' title="bbox 333 5023 1895 5096">
     <span class='ocr_line' id='line_1_98' title="bbox 333 5023 1895 5096; baseline 0.002 -21"><span class='ocrx_word' id='word_1_732' title='bbox 333 5023 501 5087; x_wconf 79' lang='grc' dir='ltr'>αὑτάς</span> <span class='ocrx_word' id='word_1_733' title='bbox 530 5041 590 5076; x_wconf 89' lang='grc' dir='ltr'><strong>τε</strong></span> <span class='ocrx_word' id='word_1_734' title='bbox 633 5025 1056 5096; x_wconf 83' lang='grc' dir='ltr'><strong>προηγουμένως</strong></span> <span class='ocrx_word' id='word_1_735' title='bbox 1080 5026 1179 5090; x_wconf 84' lang='grc' dir='ltr'><strong>τὰς</strong></span> <span class='ocrx_word' id='word_1_736' title='bbox 1202 5023 1367 5080; x_wconf 74' lang='grc' dir='ltr'>αὑτοῦ</span> <span class='ocrx_word' id='word_1_737' title='bbox 1392 5024 1738 5094; x_wconf 73' lang='grc' dir='ltr'>κανονίζομεν</span> <span class='ocrx_word' id='word_1_738' title='bbox 1762 5024 1895 5078; x_wconf 76' lang='grc' dir='ltr'>ἐπα-</span> 
     </span>
    </p>
   </div>
   <div class='ocr_carea' id='block_1_99' title="bbox 2009 5023 3556 5096">
    <p class='ocr_par' dir='ltr' id='par_1_99' title="bbox 2009 5023 3556 5093">
     <span class='ocr_line' id='line_1_99' title="bbox 2009 5023 3556 5093; baseline -0.003 -13"><span class='ocrx_word' id='word_1_739' title='bbox 2009 5025 2198 5091; x_wconf 80' lang='lat' dir='ltr'><strong>rleant;</strong></span> <span class='ocrx_word' id='word_1_740' title='bbox 2227 5024 2345 5082; x_wconf 88' lang='lat' dir='ltr'><strong>dies</strong></span> <span class='ocrx_word' id='word_1_741' title='bbox 2387 5035 2565 5079; x_wconf 86' lang='lat' dir='ltr'><strong>autem</strong></span> <span class='ocrx_word' id='word_1_742' title='bbox 2591 5024 2648 5077; x_wconf 91' lang='lat' dir='ltr'><strong>in</strong></span> <span class='ocrx_word' id='word_1_743' title='bbox 2703 5024 2891 5080; x_wconf 86' lang='lat' dir='ltr'><strong>eadem</strong></span> <span class='ocrx_word' id='word_1_744' title='bbox 2943 5024 3141 5080; x_wconf 84' lang='lat' dir='ltr'><strong>tabella</strong></span> <span class='ocrx_word' id='word_1_745' title='bbox 3197 5023 3388 5093; x_wconf 69' lang='lat' dir='ltr'><strong>positae</strong></span> <span class='ocrx_word' id='word_1_746' title='bbox 3428 5023 3556 5079; x_wconf 88' lang='lat' dir='ltr'><strong>reli-</strong></span> 
     </span>
    </p>
   </div>
   <div class='ocr_carea' id='block_1_100' title="bbox 332 5112 1932 5187">
    <p class='ocr_par' dir='ltr' id='par_1_100' title="bbox 332 5112 1891 5187">
     <span class='ocr_line' id='line_1_100' title="bbox 332 5112 1891 5187; baseline 0 -20"><span class='ocrx_word' id='word_1_747' title='bbox 332 5114 464 5178; x_wconf 79' lang='grc' dir='ltr'><strong>κτὰς</strong></span> <span class='ocrx_word' id='word_1_748' title='bbox 485 5130 497 5144; x_wconf 83' lang='grc'><em>’</em></span> <span class='ocrx_word' id='word_1_749' title='bbox 545 5112 663 5169; x_wconf 72' lang='grc' dir='ltr'>εἶτα</span> <span class='ocrx_word' id='word_1_750' title='bbox 713 5120 807 5170; x_wconf 72' lang='grc' dir='ltr'><strong>καὶ</strong></span> <span class='ocrx_word' id='word_1_751' title='bbox 844 5117 941 5181; x_wconf 80' lang='grc' dir='ltr'><strong>τὰς</strong></span> <span class='ocrx_word' id='word_1_752' title='bbox 990 5117 1355 5187; x_wconf 79' lang='grc' dir='ltr'>ὑποκειμένας</span> <span class='ocrx_word' id='word_1_753' title='bbox 1385 5117 1574 5179; x_wconf 80' lang='grc' dir='ltr'>αὑτὰς,</span> <span class='ocrx_word' id='word_1_754' title='bbox 1609 5117 1701 5169; x_wconf 80' lang='grc' dir='ltr'>καὶ</span> <span class='ocrx_word' id='word_1_755' title='bbox 1732 5116 1891 5184; x_wconf 75' lang='grc' dir='ltr'>ἐγγε-</span> 
     </span>
    </p>
   </div>
   <div class='ocr_carea' id='block_1_101' title="bbox 2009 5112 3133 5187">
    <p class='ocr_par' dir='ltr' id='par_1_101' title="bbox 2009 5116 3133 5186">
     <span class='ocr_line' id='line_1_101' title="bbox 2009 5116 3133 5186; baseline 0.001 -17"><span class='ocrx_word' id='word_1_756' title='bbox 2009 5116 2122 5186; x_wconf 75' lang='lat' dir='ltr'><strong>quis</strong></span> <span class='ocrx_word' id='word_1_757' title='bbox 2154 5130 2250 5171; x_wconf 71' lang='lat' dir='ltr'><strong>se:</strong></span> <span class='ocrx_word' id='word_1_758' title='bbox 2282 5130 2538 5171; x_wconf 83' lang='lat' dir='ltr'><strong>versuum</strong></span> <span class='ocrx_word' id='word_1_759' title='bbox 2570 5117 2849 5171; x_wconf 84' lang='lat' dir='ltr'><strong>mensibus</strong></span> <span class='ocrx_word' id='word_1_760' title='bbox 2874 5117 3133 5170; x_wconf 87' lang='lat' dir='ltr'><strong>serviant.</strong></span> 
     </span>
    </p>
   </div>
   <div class='ocr_carea' id='block_1_102' title="bbox 331 5204 3556 5280">
    <p class='ocr_par' dir='ltr' id='par_1_102' title="bbox 331 5204 3556 5280">
     <span class='ocr_line' id='line_1_102' title="bbox 331 5204 3556 5280; baseline -0.001 -21"><span class='ocrx_word' id='word_1_761' title='bbox 331 5207 654 5278; x_wconf 82' lang='grc' dir='ltr'>γραμμένας</span> <span class='ocrx_word' id='word_1_762' title='bbox 678 5210 756 5271; x_wconf 84' lang='grc' dir='ltr'>εἰς</span> <span class='ocrx_word' id='word_1_763' title='bbox 791 5209 888 5278; x_wconf 80' lang='grc' dir='ltr'>τὴν</span> <span class='ocrx_word' id='word_1_764' title='bbox 910 5213 1076 5279; x_wconf 78' lang='grc' dir='ltr'>αὐτην</span> <span class='ocrx_word' id='word_1_765' title='bbox 1105 5207 1302 5270; x_wconf 88' lang='grc' dir='ltr'>σελίδα,</span> <span class='ocrx_word' id='word_1_766' title='bbox 1331 5209 1592 5279; x_wconf 78' lang='grc' dir='ltr'><strong>μηδαμῶς</strong></span> <span class='ocrx_word' id='word_1_767' title='bbox 1615 5207 1749 5277; x_wconf 83' lang='grc' dir='ltr'>πρὸς</span> <span class='ocrx_word' id='word_1_768' title='bbox 1770 5207 1961 5280; x_wconf 77' lang='grc' dir='ltr'>ἑτέραν</span> <span class='ocrx_word' id='word_1_769' title='bbox 1986 5208 2094 5261; x_wconf 87' lang='grc' dir='ltr'><strong>τῶν</strong></span> <span class='ocrx_word' id='word_1_770' title='bbox 2120 5207 2409 5279; x_wconf 77' lang='grc' dir='ltr'>εὐωνύμων</span> <span class='ocrx_word' id='word_1_771' title='bbox 2428 5208 2460 5279; x_wconf 84' lang='grc' dir='ltr'>ἦ</span> <span class='ocrx_word' id='word_1_772' title='bbox 2476 5207 2661 5272; x_wconf 79' lang='grc' dir='ltr'>δεξιῶν</span> <span class='ocrx_word' id='word_1_773' title='bbox 2684 5207 3093 5271; x_wconf 81' lang='grc' dir='ltr'><strong>πλαγιάζοντες,</strong></span> <span class='ocrx_word' id='word_1_774' title='bbox 3112 5209 3175 5277; x_wconf 83' lang='grc' dir='ltr'><strong>τῇ</strong></span> <span class='ocrx_word' id='word_1_775' title='bbox 3196 5205 3400 5276; x_wconf 74' lang='grc' dir='ltr'><strong>αὐτῇδὲ</strong></span> <span class='ocrx_word' id='word_1_776' title='bbox 3417 5204 3556 5260; x_wconf 83' lang='grc' dir='ltr'><strong>κατὰ</strong></span> 
     </span>
    </p>
   </div>
   <div class='ocr_carea' id='block_1_103' title="bbox 331 5295 3550 5375">
    <p class='ocr_par' dir='ltr' id='par_1_103' title="bbox 331 5295 3550 5375">
     <span class='ocr_line' id='line_1_103' title="bbox 331 5295 3550 5375; baseline -0.002 -19"><span class='ocrx_word' id='word_1_777' title='bbox 331 5305 392 5357; x_wconf 81' lang='grc' dir='ltr'>τὸ</span> <span class='ocrx_word' id='word_1_778' title='bbox 431 5305 558 5357; x_wconf 86' lang='grc' dir='ltr'>αὐτὸ</span> <span class='ocrx_word' id='word_1_779' title='bbox 588 5305 705 5368; x_wconf 80' lang='grc' dir='ltr'><strong>ἔτος</strong></span> <span class='ocrx_word' id='word_1_780' title='bbox 732 5306 895 5359; x_wconf 73' lang='grc' dir='ltr'>σελιδι</span> <span class='ocrx_word' id='word_1_781' title='bbox 921 5304 1311 5375; x_wconf 82' lang='grc' dir='ltr'>προσμένοντες</span> <span class='ocrx_word' id='word_1_782' title='bbox 1336 5321 1350 5335; x_wconf 77' lang='grc' dir='ltr'><strong><em>ο</em></strong></span> <span class='ocrx_word' id='word_1_783' title='bbox 1381 5303 1516 5357; x_wconf 81' lang='grc' dir='ltr'>ἀλλὰ</span> <span class='ocrx_word' id='word_1_784' title='bbox 1534 5321 1629 5367; x_wconf 88' lang='grc' dir='ltr'>τας</span> <span class='ocrx_word' id='word_1_785' title='bbox 1655 5304 1751 5374; x_wconf 82' lang='grc' dir='ltr'>μὲν</span> <span class='ocrx_word' id='word_1_786' title='bbox 1785 5303 2027 5366; x_wconf 79' lang='grc' dir='ltr'>ὲπακτὰς</span> <span class='ocrx_word' id='word_1_787' title='bbox 2053 5302 2141 5357; x_wconf 76' lang='grc' dir='ltr'>διά</span> <span class='ocrx_word' id='word_1_788' title='bbox 2186 5303 2311 5367; x_wconf 77' lang='grc' dir='ltr'>τοὺς</span> <span class='ocrx_word' id='word_1_789' title='bbox 2350 5306 2407 5357; x_wconf 79' lang='grc' dir='ltr'>ἐν</span> <span class='ocrx_word' id='word_1_790' title='bbox 2434 5302 2512 5373; x_wconf 83' lang='grc' dir='ltr'><strong>τῷ</strong></span> <span class='ocrx_word' id='word_1_791' title='bbox 2539 5301 2736 5373; x_wconf 81' lang='grc' dir='ltr'><strong>πρώτῳ</strong></span> <span class='ocrx_word' id='word_1_792' title='bbox 2775 5302 2942 5372; x_wconf 78' lang='grc' dir='ltr'>στίχῳ</span> <span class='ocrx_word' id='word_1_793' title='bbox 2957 5299 3470 5371; x_wconf 66' lang='grc' dir='ltr'>πατατεταγμὲνους</span> <span class='ocrx_word' id='word_1_794' title='bbox 3506 5295 3550 5366; x_wconf 86' lang='grc' dir='ltr'><strong>β’</strong></span> 
     </span>
    </p>
   </div>
   <div class='ocr_carea' id='block_1_104' title="bbox 336 5395 3552 5470">
    <p class='ocr_par' dir='ltr' id='par_1_104' title="bbox 336 5395 3552 5470">
     <span class='ocr_line' id='line_1_104' title="bbox 336 5395 3552 5470; baseline -0.001 -20"><span class='ocrx_word' id='word_1_795' title='bbox 336 5399 528 5467; x_wconf 82' lang='grc' dir='ltr'><strong>μῆνας,</strong></span> <span class='ocrx_word' id='word_1_796' title='bbox 559 5398 655 5461; x_wconf 85' lang='grc' dir='ltr'><strong>τὰς</strong></span> <span class='ocrx_word' id='word_1_797' title='bbox 682 5399 738 5452; x_wconf 81' lang='grc' dir='ltr'><strong>δὲ</strong></span> <span class='ocrx_word' id='word_1_798' title='bbox 764 5400 841 5461; x_wconf 83' lang='grc' dir='ltr'>είς</span> <span class='ocrx_word' id='word_1_799' title='bbox 871 5398 968 5469; x_wconf 80' lang='grc' dir='ltr'><strong>τὴν</strong></span> <span class='ocrx_word' id='word_1_800' title='bbox 992 5403 1160 5469; x_wconf 80' lang='grc' dir='ltr'>αὐτην</span> <span class='ocrx_word' id='word_1_801' title='bbox 1186 5397 1362 5451; x_wconf 88' lang='grc' dir='ltr'>σελίδα</span> <span class='ocrx_word' id='word_1_802' title='bbox 1374 5402 1761 5469; x_wconf 79' lang='grc' dir='ltr'>γεγραμμένας</span> <span class='ocrx_word' id='word_1_803' title='bbox 1786 5400 1995 5470; x_wconf 76' lang='grc' dir='ltr'>ἡμέρας</span> <span class='ocrx_word' id='word_1_804' title='bbox 2009 5399 2096 5453; x_wconf 84' lang='grc' dir='ltr'>διὰ</span> <span class='ocrx_word' id='word_1_805' title='bbox 2120 5399 2244 5462; x_wconf 82' lang='grc' dir='ltr'>τοὺς</span> <span class='ocrx_word' id='word_1_806' title='bbox 2275 5401 2333 5452; x_wconf 84' lang='grc' dir='ltr'><strong>ὲν</strong></span> <span class='ocrx_word' id='word_1_807' title='bbox 2368 5401 2478 5461; x_wconf 85' lang='grc' dir='ltr'>τοῖς</span> <span class='ocrx_word' id='word_1_808' title='bbox 2498 5396 2675 5461; x_wconf 82' lang='grc' dir='ltr'>ἄλλοις</span> <span class='ocrx_word' id='word_1_809' title='bbox 2701 5404 2753 5461; x_wconf 83' lang='grc' dir='ltr'><strong>ς’</strong></span> <span class='ocrx_word' id='word_1_810' title='bbox 2777 5398 2976 5466; x_wconf 77' lang='grc' dir='ltr'>στίχοις</span> <span class='ocrx_word' id='word_1_811' title='bbox 2994 5396 3334 5467; x_wconf 80' lang='grc' dir='ltr'>ὑπάρχοντας</span> <span class='ocrx_word' id='word_1_812' title='bbox 3360 5395 3552 5466; x_wconf 83' lang='grc' dir='ltr'><strong>μῆνας.</strong></span> 
     </span>
    </p>
   </div>
   <div class='ocr_carea' id='block_1_105' title="bbox 471 5510 1932 5581">
    <p class='ocr_par' dir='ltr' id='par_1_105' title="bbox 471 5510 1721 5581">
     <span class='ocr_line' id='line_1_105' title="bbox 471 5510 1721 5581; baseline 0.001 -17"><span class='ocrx_word' id='word_1_813' title='bbox 471 5512 607 5580; x_wconf 77' lang='grc' dir='ltr'>Περὶ</span> <span class='ocrx_word' id='word_1_814' title='bbox 632 5510 741 5580; x_wconf 85' lang='grc' dir='ltr'>τῆς</span> <span class='ocrx_word' id='word_1_815' title='bbox 767 5511 871 5565; x_wconf 82' lang='grc' dir='ltr'><strong>τοῦ</strong></span> <span class='ocrx_word' id='word_1_816' title='bbox 885 5510 1216 5577; x_wconf 73' lang='grc' dir='ltr'><strong>βισσέξτου</strong></span> <span class='ocrx_word' id='word_1_817' title='bbox 1244 5510 1721 5581; x_wconf 77' lang='grc' dir='ltr'>παρατηρήσεως.</span> 
     </span>
    </p>
   </div>
   <div class='ocr_carea' id='block_1_106' title="bbox 2009 5510 3290 5581">
    <p class='ocr_par' dir='ltr' id='par_1_106' title="bbox 2275 5511 3290 5579">
     <span class='ocr_line' id='line_1_106' title="bbox 2275 5511 3290 5579; baseline -0.004 -14"><span class='ocrx_word' id='word_1_818' title='bbox 2275 5511 2416 5579; x_wconf 84' lang='lat' dir='ltr'><strong>Quid</strong></span> <span class='ocrx_word' id='word_1_819' title='bbox 2434 5512 2503 5565; x_wconf 86' lang='lat' dir='ltr'><strong>in</strong></span> <span class='ocrx_word' id='word_1_820' title='bbox 2537 5511 2766 5567; x_wconf 68' lang='lat' dir='ltr'><strong>bisseno</strong></span> <span class='ocrx_word' id='word_1_821' title='bbox 2796 5525 3003 5564; x_wconf 79' lang='lat' dir='ltr'><strong>servare</strong></span> <span class='ocrx_word' id='word_1_822' title='bbox 3031 5516 3290 5578; x_wconf 79' lang='lat' dir='ltr'><strong>oporteat.</strong></span> 
     </span>
    </p>
   </div>
   <div class='ocr_carea' id='block_1_107' title="bbox 403 5604 1932 5701">
    <p class='ocr_par' dir='ltr' id='par_1_107' title="bbox 403 5621 1896 5701">
     <span class='ocr_line' id='line_1_107' title="bbox 403 5621 1896 5701; baseline 0.001 -25"><span class='ocrx_word' id='word_1_823' title='bbox 403 5623 477 5678; x_wconf 89' lang='lat' dir='ltr'><strong>E’.</strong></span> <span class='ocrx_word' id='word_1_824' title='bbox 532 5621 652 5695; x_wconf 81' lang='grc' dir='ltr'><strong>Χρὴ</strong></span> <span class='ocrx_word' id='word_1_825' title='bbox 732 5622 789 5676; x_wconf 79' lang='grc' dir='ltr'>δὲ</span> <span class='ocrx_word' id='word_1_826' title='bbox 845 5621 1195 5693; x_wconf 79' lang='grc' dir='ltr'>σημειοῦσθαι</span> <span class='ocrx_word' id='word_1_827' title='bbox 1242 5623 1332 5677; x_wconf 85' lang='grc' dir='ltr'>τὸν</span> <span class='ocrx_word' id='word_1_828' title='bbox 1388 5623 1649 5701; x_wconf 76' lang='grc' dir='ltr'><strong>Μάρτιον,</strong></span> <span class='ocrx_word' id='word_1_829' title='bbox 1706 5623 1768 5679; x_wconf 81' lang='grc' dir='ltr'><strong>ἵν’</strong></span> <span class='ocrx_word' id='word_1_830' title='bbox 1805 5624 1896 5678; x_wconf 80' lang='grc' dir='ltr'>ὅτε</span> 
     </span>
    </p>
   </div>
   <div class='ocr_carea' id='block_1_108' title="bbox 2009 5604 3552 5701">
    <p class='ocr_par' dir='ltr' id='par_1_108' title="bbox 2070 5604 3552 5686">
     <span class='ocr_line' id='line_1_108' title="bbox 2070 5604 3552 5686; baseline -0.003 -9"><span class='ocrx_word' id='word_1_831' title='bbox 2070 5604 2150 5681; x_wconf 62' lang='grc' dir='ltr'><strong>νζ</strong></span> <span class='ocrx_word' id='word_1_832' title='bbox 2168 5623 2576 5680; x_wconf 86' lang='lat' dir='ltr'><strong>Observandum</strong></span> <span class='ocrx_word' id='word_1_833' title='bbox 2604 5625 2706 5679; x_wconf 84' lang='lat' dir='ltr'><strong>hoc</strong></span> <span class='ocrx_word' id='word_1_834' title='bbox 2732 5625 2836 5679; x_wconf 87' lang='lat' dir='ltr'><strong>erit</strong></span> <span class='ocrx_word' id='word_1_835' title='bbox 2864 5624 2919 5678; x_wconf 91' lang='lat' dir='ltr'><strong>in</strong></span> <span class='ocrx_word' id='word_1_836' title='bbox 2946 5624 3168 5686; x_wconf 86' lang='lat' dir='ltr'><strong>Martio,</strong></span> <span class='ocrx_word' id='word_1_837' title='bbox 3223 5629 3283 5676; x_wconf 85' lang='lat' dir='ltr'><strong>ut</strong></span> <span class='ocrx_word' id='word_1_838' title='bbox 3308 5620 3366 5675; x_wconf 86' lang='lat' dir='ltr'><strong>in</strong></span> <span class='ocrx_word' id='word_1_839' title='bbox 3410 5634 3552 5673; x_wconf 88' lang='lat' dir='ltr'><strong>anno</strong></span> 
     </span>
    </p>
   </div>
   <div class='ocr_carea' id='block_1_109' title="bbox 239 5711 1932 5793">
    <p class='ocr_par' dir='ltr' id='par_1_109' title="bbox 239 5713 1896 5793">
     <span class='ocr_line' id='line_1_109' title="bbox 239 5713 1896 5793; baseline 0.002 -25"><span class='ocrx_word' id='word_1_840' title='bbox 239 5788 245 5793; x_wconf 23' lang='grc' dir='ltr'><strong>Ι</strong></span> <span class='ocrx_word' id='word_1_841' title='bbox 337 5713 608 5785; x_wconf 75' lang='grc' dir='ltr'>βίσσεξτον</span> <span class='ocrx_word' id='word_1_842' title='bbox 622 5716 720 5768; x_wconf 75' lang='grc' dir='ltr'>οὐκ</span> <span class='ocrx_word' id='word_1_843' title='bbox 732 5714 862 5779; x_wconf 71' lang='grc' dir='ltr'>ἔστι,</span> <span class='ocrx_word' id='word_1_844' title='bbox 884 5713 969 5769; x_wconf 81' lang='grc' dir='ltr'>διὰ</span> <span class='ocrx_word' id='word_1_845' title='bbox 991 5714 1097 5769; x_wconf 82' lang='grc' dir='ltr'>τῶν</span> <span class='ocrx_word' id='word_1_846' title='bbox 1112 5713 1205 5770; x_wconf 80' lang='grc' dir='ltr'><strong>τοῦ</strong></span> <span class='ocrx_word' id='word_1_847' title='bbox 1224 5716 1583 5789; x_wconf 76' lang='grc' dir='ltr'>Φεϐρουάριον</span> <span class='ocrx_word' id='word_1_848' title='bbox 1599 5714 1896 5788; x_wconf 76' lang='grc' dir='ltr'><strong>ψηφίζηται</strong></span> 
     </span>
    </p>
   </div>
   <div class='ocr_carea' id='block_1_110' title="bbox 2009 5711 3584 5793">
    <p class='ocr_par' dir='ltr' id='par_1_110' title="bbox 2009 5711 3584 5788">
     <span class='ocr_line' id='line_1_110' title="bbox 2009 5711 3584 5788; baseline -0.005 -15"><span class='ocrx_word' id='word_1_849' title='bbox 2009 5717 2275 5773; x_wconf 79' lang='lat' dir='ltr'><strong>communi</strong></span> <span class='ocrx_word' id='word_1_850' title='bbox 2294 5717 2536 5773; x_wconf 87' lang='lat' dir='ltr'><strong>calculus</strong></span> <span class='ocrx_word' id='word_1_851' title='bbox 2557 5715 2675 5788; x_wconf 81' lang='lat' dir='ltr'><strong>ejus</strong></span> <span class='ocrx_word' id='word_1_852' title='bbox 2704 5719 2816 5772; x_wconf 79' lang='lat' dir='ltr'><strong>sint</strong></span> <span class='ocrx_word' id='word_1_853' title='bbox 2843 5714 3124 5772; x_wconf 85' lang='lat' dir='ltr'><strong>Februarii</strong></span> <span class='ocrx_word' id='word_1_854' title='bbox 3145 5713 3264 5770; x_wconf 85' lang='lat' dir='ltr'><strong>dies</strong></span> <span class='ocrx_word' id='word_1_855' title='bbox 3291 5730 3308 5781; x_wconf 90' lang='lat'><strong>;</strong></span> <span class='ocrx_word' id='word_1_856' title='bbox 3357 5712 3415 5767; x_wconf 90' lang='lat' dir='ltr'><strong>in</strong></span> <span class='ocrx_word' id='word_1_857' title='bbox 3441 5711 3584 5766; x_wconf 66' lang='lat' dir='ltr'><strong>bis-</strong></span> 
     </span>
    </p>
   </div>
  </div>
