3950 6266
431 346 566 405 1267

1437 343 1523 402 AD
1560 342 1824 399 EUSEBll
1861 338 2252 397 CHRONICON
2293 336 2632 395 APPENDIX

3514 332 3639 386 1268

429 466 611 523 senili
657 481 808 529 vero,
854 465 1210 521 Decembris:
1242 480 1403 536 quem
1455 464 1523 519 ad
1584 478 1826 518 mensem
1879 461 2023 516 bis-l

2135 461 2316 533 μερῶν
2339 479 2355 491 ’
2384 461 2471 513 ὅτε
2494 457 2767 530 βίσσεξτὸν
2796 458 2927 518 ἐστι,
2946 454 3033 507 διὰ
3052 454 3157 507 τῶν
3175 452 3268 507 τοῦ
3294 453 3637 525 Δεκεμϐρίων.

432 568 647 616 sextum
677 558 1074 613 adnotavimus.
1113 557 1246 612 Nam
1295 565 1579 628 propterea
1630 555 1844 610 duobus
1894 553 2000 608 illis

2126 551 2227 604 νθα
2260 553 2353 605 καὶ
2387 552 2448 604 τὸ
2480 548 2751 620 βίσσεξτον
2776 547 3062 619 διεγράφη.
3097 545 3314 616 Ταύτης
3331 545 3438 616 γὰρ
3473 547 3642 601 ’ἐνεκεν

430 650 715 706 mensibus
749 648 1002 704 Martium
1054 649 1424 719 adiunximus.
1477 646 1570 703 Sic
1600 647 1765 719 igitur
1795 661 1862 700 ex
1911 645 2002 698 illa

2126 643 2198 713 τῆς
2257 644 2433 706 αἰτίας
2473 644 2531 695 ὲν
2570 643 2682 704 τοῖς
2729 640 2846 693 δυσὶ
2878 639 3085 702 τούτοις
3121 637 3256 709 μησὶ
3293 638 3382 691 τὸν
3423 639 3643 711 Μάρτιον

435 750 557 796 rota
591 741 781 797 feriam
816 742 1286 814 investigabimus,
1336 740 1556 811 quando
1584 739 1829 794 calculus
1856 743 2003 792 recta

438 832 580 887 serie
595 841 960 902 promovetur,
984 831 1251 902 abAprili,
1268 830 1346 886 uti
1361 831 1563 885 dictum
1581 841 1681 897 est,
1701 829 1767 884 ad
1783 826 2001 890 Maium,

437 920 658 977 Junium
685 930 739 977 et
769 930 1018 979 caeteros.

527 1120 802 1188 Quomodo
831 1120 1067 1177 calculus
1091 1121 1398 1193 retrogrado
1421 1124 1603 1179 ordine
1626 1122 1910 1196 dirigatur.

519 1232 601 1288 Vl.
628 1232 733 1288 Sed
773 1250 896 1289 cum
950 1243 1097 1289 retro
1145 1234 1419 1291 subducto
1462 1236 1673 1291 calculo
1719 1252 1816 1306 per
1862 1234 2007 1290 Mar-

440 1322 601 1387 tium,
634 1321 992 1378 Februarium
1026 1333 1080 1378 et
1120 1321 1467 1391 Ianuarium,
1520 1326 2014 1396 antecedentesque

440 1426 659 1467 menses
687 1427 784 1481 per
809 1423 1028 1482 epactas
1059 1416 1345 1483 praesentis
1377 1416 1529 1478 anni,
1573 1416 1667 1486 qui
1696 1424 1780 1471 est
1818 1429 2011 1477 xxvm,

444 1501 635 1558 feriam
697 1505 982 1575 explorare
1022 1507 1295 1572 volumus,
1349 1523 1526 1574 neque
1577 1507 1835 1576 praeteriti
1888 1510 2017 1561 anni

444 1610 593 1649 xxvu
665 1603 887 1666 epactas
961 1600 1294 1654 assumimus
1343 1618 1356 1654 :
1407 1600 1454 1654 si
1512 1598 1730 1668 quidem
1793 1598 1850 1652 in
1893 1599 2020 1654 duo-

444 1686 550 1742 bus
588 1702 779 1743 versus
827 1689 988 1758 primi
1026 1690 1311 1746 mensibus
1354 1690 1408 1745 id
1445 1698 1662 1761 agatur,
1702 1697 1922 1759 epactas
1960 1688 2018 1754 6,

2106 734 2494 807 κατετάξαμεν.
2524 733 2709 798 Οὕτως
2739 735 2834 805 μὲν
2848 728 2941 786 οὖν
2968 735 3031 785 ὲκ
3060 731 3211 784 τοῦδε
3236 731 3330 784 τοῦ
3355 730 3541 802 τροχοῦ
3558 732 3644 803 τὴν

2107 827 2463 899 ὲόδοματικὴν
2492 828 2831 899 εὑρίσκομεν,
2860 826 2947 879 ὅτε
2979 826 3077 896 τὴν
3104 825 3285 895 ψῆφον
3327 823 3447 877 καθ’
3477 825 3644 896 εἱρμὸν

2108 917 2416 987 ὲξανύομεν,
2464 916 2552 971 διά
2590 932 2648 969 τε
2686 915 2779 969 τοῦ
2820 914 3111 986 Ἀπριλίου,
3163 911 3351 975 καθὼς
3382 912 3542 984 ἔφην,
3565 915 3647 966 καὶ

2110 1010 2307 1075 Μαΐου,
2341 1010 2434 1062 καὶ
2467 1009 2708 1072 Ἰουνίου,
2734 1006 2827 1059 καὶ
2858 1005 2966 1058 τῶν
3001 1004 3119 1058 καθ’
3144 1005 3295 1076 ἑξῆς.

2384 1124 2522 1191 Περὶ
2544 1122 2654 1189 τῆς
2668 1118 3137 1187 ἀναποδιζούσης
3156 1118 3391 1188 ψήφου.

2183 1234 2270 1303 ς’.
2312 1235 2571 1305 Ὀπηνίκα
2602 1237 2659 1288 δὲ
2683 1236 2820 1289 κατὰ
2845 1234 3225 1305 άναποδισμὺν,
3253 1229 3368 1287 οἷον
3398 1233 3482 1288 διὰ
3515 1235 3651 1306 Μαρ-

2112 1327 2248 1390 τίου,
2275 1327 2367 1380 καί
2388 1326 2769 1399 Φεϐρουαρὼυ,
2794 1328 2887 1380 καὶ
2928 1325 3275 1397 Ἰανουαρίου,
3306 1323 3401 1379 καὶ
3434 1325 3535 1378 τῶν
3560 1326 3651 1389 πρὸ

2113 1418 2315 1471 τούτων
2349 1418 2549 1488 μηνῶν,
2578 1418 2762 1471 ἐκτῶν
2782 1417 3033 1472 ἐπακτῶν
3057 1416 3148 1471 τοῦ
3175 1416 3468 1480 ἐνεστῶτος
3498 1417 3650 1481 ἔτους,

2117 1510 2281 1580 ἤγουν
2312 1509 2405 1562 τοῦ
2428 1516 2534 1579 κη’,
2564 1510 2660 1579 τὴν
2692 1509 3045 1580 έὸδοματικὴν
3082 1508 3433 1580 βουληθῶμεν
3463 1509 3651 1580 μαθεῖν,

2117 1601 2177 1653 οὐ
2201 1598 2607 1670 προσχρώμενοι
2656 1603 2774 1663 ταῖς
2800 1600 2892 1654 τοῦ
2919 1599 3212 1663 διελθόντος
3251 1600 3333 1665 κζ’
3363 1600 3512 1663 ἔτους
3542 1603 3656 1654 ἐπα-

2119 1695 2274 1755 κταϊς
2306 1693 2386 1754 εἰς
2415 1691 2511 1762 τὴν
2556 1691 2754 1761 ταύτης
2807 1690 3104 1761 κατάληψιν
3126 1709 3140 1721 ο
3168 1692 3217 1744 εί
3257 1692 3355 1762 μὲν
3384 1693 3440 1743 ὲν
3464 1693 3569 1753 τοῖς
3589 1692 3657 1754 είς

447 1793 587 1848 quas
611 1778 725 1849 jam
759 1781 1087 1850 reperimus,
1135 1782 1200 1835 ad
1248 1782 1429 1837 datam
1467 1783 1611 1837 diem
1661 1782 1883 1852 Aprilis,
1926 1789 2020 1837 aut

2126 1783 2209 1837 τὸν
2236 1782 2448 1854 πρῶτον
2498 1782 2673 1852 στίχον
2710 1782 3057 1853 τεταγμένοις
3093 1782 3226 1853 μησὶ
3253 1783 3456 1852 ταύτην
3487 1784 3656 1853 ζητοῦ-

448 1869 600 1936 .lulii,
622 1885 731 1925 una
759 1887 881 1927 cum
907 1874 1114 1941 epactis
1143 1873 1209 1927 ad
1242 1874 1481 1943 Aprilem
1505 1874 1670 1929 rubro
1718 1873 1901 1928 colore
1930 1872 2016 1942 pi~

451 1963 577 2025 etis,
612 1978 734 2032 qua;
762 1973 888 2018 sunt
915 1963 970 2027 6,
1022 1962 1369 2035 adjungimus
1422 1964 1479 2018 in
1517 1979 1662 2018 anno
1715 1963 2012 2027 communi,

454 2068 819 2110 acsummam
853 2056 1120 2125 partimur
1147 2056 1203 2111 in
1238 2057 1288 2111 7.
1328 2055 1384 2110 In
1415 2057 1683 2113 bissextili
1716 2071 1848 2112 vero
1889 2070 2016 2125 epa-

453 2153 576 2202 ctas
600 2145 721 2201 illas
751 2146 1020 2217 capimus,
1052 2161 1172 2216 quae
1203 2146 1270 2201 ad
1301 2145 1505 2201 Julium
1535 2147 1825 2203 rubricata:
1864 2152 2016 2206 sunt,

455 2249 653 2304 nempe
675 2234 729 2297 5,
765 2250 888 2289 cum
918 2234 952 2289 6
978 2235 1123 2301 aliis,
1162 2243 1216 2290 et
1252 2251 1347 2307 per
1379 2235 1629 2296 eumdem
1678 2250 1963 2291 numerum
1988 2235 2019 2287 7

459 2339 727 2379 summam
761 2325 1077 2383 dividimus.
1134 2327 1267 2383 Nam
1299 2329 1415 2384 dies
1462 2329 1541 2383 illi
1589 2329 1870 2394 rubricati,
1924 2327 2017 2398 qui

459 2417 518 2472 in
547 2414 772 2474 sinistro
808 2418 983 2475 latere
1021 2420 1181 2490 positi
1216 2428 1366 2485 sunt,
1416 2421 1745 2476 adhibentur
1774 2422 1830 2475 in
1876 2434 2020 2475 anno

445 2505 742 2573 'bissextili,
775 2510 1001 2580 quando
1038 2513 1355 2582 retrogrado
1393 2512 1585 2568 ordine
1620 2519 2018 2582 computamus.

467 2597 532 2654 At
558 2602 614 2656 in
642 2601 912 2656 bissextili
954 2601 1128 2657 dextri
1162 2603 1350 2659 lateris
1386 2604 1547 2658 simul
1581 2603 1874 2659 rubricatis
1914 2603 2022 2656 uti-

458 2710 603 2752 mur.
633 2695 758 2752 Haec
784 2696 852 2752 de
880 2697 1095 2753 duobus
1121 2713 1315 2754 versus
1358 2698 1519 2768 primi
1573 2698 1851 2754 mensibus
1895 2712 2027 2767 prae-

462 2787 777 2845 scribimus.
807 2788 873 2844 In.
900 2790 985 2845 his
1014 2805 1199 2859 porro,
1237 2791 1332 2860 qui
1362 2791 1661 2846 secundum
1689 2806 1904 2846 versum
1931 2805 2026 2845 oc-

2118 1893 2238 1946 μεν,
2261 1876 2360 1939 τὰς
2391 1875 2723 1946 δηλωθείσας
2777 1875 2834 1942 ἐξ
2882 1877 3125 1941 ὲπακτάς
3160 1880 3226 1948 τῇ
3256 1874 3353 1930 τοῦ
3405 1876 3655 1948 ’Δπριλίου

2115 1965 2210 2018 καὶ
2263 1965 2480 2019 Ἰουνίου
2541 1964 2706 2035 μηνὸς
2758 1967 2989 2037 ποσταία
3022 1964 3158 2038 μετὰ
3182 1966 3292 2019 τῶν
3318 1964 3424 2019 ἀπὸ
3453 1966 3655 2037 σηρικοῢ

2117 2057 2527 2130 παρακειμένων
2547 2056 2625 2128 τῷ
2659 2057 2937 2129 ’Δπριλίῳ,
2962 2059 3204 2111 τουτέστι
3223 2056 3337 2110 τῶν
3367 2063 3420 2121 ς’
3443 2054 3655 2129 ἡμερῶν.

2115 2149 2203 2202 ὅτε
2237 2148 2509 2218 βίσσεξτον
2543 2148 2642 2202 οὐκ
2671 2148 2804 2213 ἔστι,
2839 2149 3231 2219 συμϐάλλομεν,
3273 2150 3370 2201 καὶ
3407 2150 3483 2212 είς
3512 2148 3594 2201 τὸν
3619 2146 3656 2212 ζ’

2116 2239 2213 2305 τὰς
2256 2241 2380 2304 ὅλας
2407 2239 2726 2311 μερίξομεν-
2751 2241 2838 2293 ὅτε
2864 2241 2922 2293 δὲ
2959 2240 3233 2309 βίσσεξτόν
3276 2243 3412 2302 ἐστι,
3450 2240 3543 2301 τὰς
3568 2238 3659 2291 ἀπὸ

2121 2333 2343 2406 σηρικοῦ
2366 2334 2768 2405 παρακειμένας
2800 2333 2880 2405 τῷ
2923 2334 3142 2404 Ἰουλίῳ,
3166 2332 3457 2403 ἦγουντάς
3480 2338 3525 2385 ετ
3542 2331 3658 2402 ἡμέ-

2120 2442 2241 2497 ρας,
2276 2427 2394 2495 μετ’
2415 2424 2592 2478 αὐτῶν
2618 2424 2725 2478 τῶν
2753 2425 2811 2491 ἒξ
2855 2424 3127 2488 ὲπακτῶν,
3166 2425 3265 2477 καὶ
3295 2426 3373 2488 είς
3402 2423 3490 2476 τὸν
3515 2422 3660 2491 δηλω-

2121 2515 2281 2569 θέντα
2338 2516 2628 2588 μερίζομεν
2672 2515 2920 2587 ἀριθμόν.
2973 2517 3104 2580 Ταῖς
3144 2514 3253 2587 γὰρ
3300 2515 3361 2579 ἐξ
3396 2513 3658 2583 εὕωνύμων

2120 2605 2228 2659 ἀπὸ
2280 2604 2504 2677 σηρικοῢ
2548 2607 2905 2677 τεταγμέναις
2930 2606 3165 2677 ἡμέραις
3192 2604 3494 2676 κεχρῆσθαι
3515 2619 3659 2674 προσ-

2123 2697 2266 2768 ήκει,
2294 2696 2565 2767 βισσέξτου
2589 2698 2774 2767 χωρὶς,
2798 2696 2939 2751 κατὰ
2963 2697 3116 2767 τήνδε
3138 2698 3238 2766 τὴν
3266 2695 3660 2759 ἀναποδίζουσαν

2120 2788 2296 2861 ψῆφον
2314 2807 2327 2820 ο
2359 2790 2445 2843 ὅτε
2465 2789 2521 2843 δὲ
2549 2789 2821 2859 βίσσεξτόν
2846 2793 2981 2853 ἐστι,
3001 2794 3119 2855 ταῖς
3142 2791 3205 2843 ὲκ
3223 2788 3416 2854 δεξιῶν
3427 2787 3551 2858 ὁμοῦ
3572 2787 3662 2839 ἀπὸ

463 2889 684 2951 cupant,
721 2881 860 2938 Maio
887 2892 939 2938 et
967 2881 1246 2946 Januario,
1271 2882 1329 2937 in
1358 2897 1500 2937 anno
1537 2899 1705 2937 xxvm
1726 2923 1743 2947 ,
1803 2892 2023 2952 epactas

2126 2882 2351 2951 σηρικοῦ
2400 2882 2830 2954 γεγραμμέναις.
2890 2881 3075 2936 Ταῦτα
3128 2882 3227 2952 μὲν
3261 2882 3343 2944 εἰς
3372 2880 3494 2942 τοὺς
3523 2880 3574 2931 ὲν
3596 2875 3660 2946 τῷ

464 2973 499 3027 6
530 2973 599 3027 ad
626 2974 911 3044 quaesitum
944 2975 1161 3029 illorum
1196 2975 1339 3030 diem
1367 2975 1618 3030 addimus
1643 2991 1750 3029 una
1778 2990 1900 3029 cum
1923 2991 2023 3029 nu-

2126 2971 2325 3043 πρώτῳ
2377 2974 2542 3043 στίχῳ
2590 2972 2682 3025 δύο
2716 2974 2918 3044 μῆνας⁸
2956 2974 3094 3026 έν-δὲ
3128 2976 3244 3037 τοῖς
3282 2974 3364 3035 εἰς
3385 2970 3471 3023 τὸν
3501 2967 3540 3039 β’
3566 2968 3662 3021 στί-

466 3077 619 3116 mero
642 3064 707 3119 ad
729 3043 1050 3119 Ianuarium
1075 3066 1243 3119 rubro
1272 3065 1455 3120 colore
1499 3064 1668 3134 picto,
1711 3066 1805 3135 qui
1840 3075 1925 3120 est
1972 3066 2020 3121 7.

2127 3082 2240 3134 χον,
2302 3065 2378 3136 τῷ
2408 3062 2475 3118 ’τε
2509 3067 2666 3137 Μαΐῳ
2708 3065 2851 3135 λέγω
2904 3068 2996 3121 καί
3042 3065 3120 3136 τῷ
3178 3064 3507 3135 Ἰανουαρίῳ,
3542 3058 3661 3114 κατὰ

468 3151 749 3208 Summam
804 3172 900 3226 per
941 3157 1193 3212 eumdem
1249 3172 1534 3211 numerum
1580 3158 1865 3226 partimur.
1905 3157 2023 3213 Dixi

2126 3154 2243 3208 τόδε
2269 3155 2326 3208 τὸ
2354 3155 2439 3227 κη’
2468 3156 2605 3221 ἔτος,
2641 3136 2810 3220 αὑτὰς
2837 3158 2935 3221 τὰς
2974 3154 3033 3222 ἓξ
3076 3156 3321 3219 ἐπακτὰς
3356 3153 3662 3225 ἐμϐάλλομεν

458 3248 757 3303 numerum
784 3249 850 3303 ad
875 3246 1195 3304 Ianuarium
1217 3249 1513 3318 appictum,
1551 3248 1697 3319 quod
1721 3248 2023 3318 praeteritus

2126 3245 2302 3298 αὐτῶν
2362 3249 2426 3317 τῇ
2479 3247 2778 3318 ζητουμένη
2833 3250 2965 3319 ἡμῖν
3011 3247 3243 3317 morai;
3286 3244 3541 3318 μετὰτῶν
3574 3242 3662 3297 ἀπὸ

470 3355 647 3394 annus
679 3356 825 3395 xxvu
855 3342 1189 3396 bissextilem
1220 3341 1506 3407 habuerit;
1548 3343 1828 3411 pertinent
1848 3348 2023 3396 autem

2128 3338 2354 3408 σηρικοῦ
2389 3341 2804 3411 παρακειμένων
2828 3341 2905 3412 τῷ
2948 3340 3288 3412 Ἰανουαρίῳ,
3315 3339 3549 3394 τουτέστι
3573 3334 3662 3388 τῶν

469 3431 754 3497 rubricati,
780 3432 1130 3496 utidiximus.
1158 3432 1366 3487 numeri
1393 3432 1459 3486 ad
1493 3446 1663 3488 annos
1698 3432 2023 3487 bissextiles.

2131 3429 2175 3494 ζ’
2204 3431 2451 3502 ἡμερῶνο
2486 3434 2578 3486 καὶ
2599 3435 2680 3497 εἰς
2705 3434 2796 3487 τὸν
2846 3434 3007 3488 αὐτὸν
3043 3432 3277 3505 ἀριθμὸν
3328 3432 3492 3486 ταῦτα
3531 3426 3663 3499 μερί-

462 3522 655 3594 ’ζομεν.
685 3528 782 3578 Διὰ
814 3525 972 3579 τοῦτο
991 3524 1048 3578 δὲ
1082 3521 1235 3579 εἷπον
1261 3526 1358 3589 τὰς
1389 3525 1792 3597 παρακειμένας
1820 3524 1897 3597 τῷ
1930 3524 2254 3595 Ἰανουαρίῳ,
2285 3526 2469 3595 ἐπειδὴ
2497 3525 2557 3579 τὸ
2577 3525 2781 3579 διελθὸν
2819 3526 2953 3590 ἔτος,
2978 3529 3143 3597 ἤγουν
3195 3526 3258 3579 τδ
3292 3524 3391 3590 κζ’,
3425 3520 3665 3594 βίσσεξτον

462 3617 620 3690 ,εἶχεο
654 3624 745 3673 καὶ
775 3618 942 3681 ἔστιν,
979 3618 1054 3681 ὡς
1093 3617 1248 3689 ἔφην,
1283 3622 1316 3690 ἡ
1353 3620 1416 3671 ὲκ
1442 3618 1631 3681 δεξιῶν
1680 3616 1788 3670 τῶν
1821 3617 1928 3670 ἀπὸ
1953 3614 2177 3686 σηρικοῦ
2212 3617 2556 3687 καταγραφὴ,
2583 3616 2668 3670 διὰ
2688 3617 2748 3669 τὸ
2778 3617 3068 3687 βίσσεξτον.

780 3732 858 3787 De
894 3732 1265 3788 observatione
1287 3732 1568 3787 bissextilic
1608 3733 1752 3786 anni.

2306 3730 2444 3799 Περὶ
2467 3729 2576 3798 τῆς
2599 3731 2703 3785 τοῦ
2720 3729 3051 3795 βισσέξτου
3075 3726 3543 3797 παρατηρήσεως.

551 3822 751 3877 Vll..ln
794 3822 898 3876 bac
944 3830 1090 3877 retro
1144 3822 1498 3892 computandi
1546 3822 1804 3877 methodo
1856 3820 2023 3875 Martii

2206 3820 2274 3872 Z'.
2309 3820 2465 3873 Κατὰ
2492 3819 2694 3890 ταύτην
2715 3818 2771 3873 δὲ
2798 3820 2957 3873 πάλιν
2984 3819 3081 3890 τὴν
3099 3817 3502 3882 ἁναποδίζουσιν
3530 3810 3665 3883 μέθο-

474 3915 722 3968 habenda
773 3914 917 3968 ratio
972 3921 1056 3969 est
1088 3933 1100 3967 :
1137 3921 1196 3968 ut
1224 3915 1338 3969 sive
1382 3923 1505 3983 post
1555 3916 1874 3976 bissextum,
1920 3910 2023 3968 sive

2135 3910 2243 3975 δον,
2262 3910 2352 3963 τδν
2368 3911 2606 3981 Μάρτιον
2634 3908 3071 3982 ἐπισημήνασθαι
3089 3907 3215 3979 χρὴ,
3246 3908 3384 3976 πρὸς
3405 3904 3463 3957 τὸ
3482 3903 3666 3978 πάντως

476 4005 684 4074 absque
710 4005 972 4068 bissexto,
1003 4006 1280 4077 regulares
1311 4008 1361 4061 ei
1402 4005 1718 4062 Decembris
1763 4005 2023 4075 imputena

2137 4003 2298 4057 αὑτὸν
2314 4003 2407 4056 καὶ
2441 4004 2575 4073 μετὰ
2596 4002 2890 4073 gemam»).
2912 3996 3003 4053 ὀιαὶ
3017 4000 3136 4070 δίχα
3156 3998 3449 4069 βισσέξτου,
3477 3992 3555 4048 διὰ
3576 3990 3665 4044 τῶν

478 4104 590 4158 tur,
625 4096 718 4166 qui
754 4105 882 4151 sunt
913 4098 947 4151 4
977 4097 1283 4152 rubricatb:
1319 4080 1454 4152 adeo
1486 4105 1551 4151 ut
1573 4112 1751 4168 neque
1791 4095 2023 4166 Septem-

2138 4097 2231 4150 τοῦ
2252 4095 2580 4168 Δεκεμϐρίου
2607 4094 2932 4166 ῂφίζεσθαι
2959 4092 3196 4165 ἡμερῶν
3220 4091 3362 4160 λέγω
3393 4089 3445 4142 δὲ
3458 4085 3555 4139 τῶν
3579 4081 3666 4136 ἀπὸ

478 4189 563 4242 hri
593 4229 606 4248 ,
654 4204 755 4243 nec
804 4187 1099 4243 Februario
1164 4189 1385 4259 ascripti
1432 4196 1718 4243 sumantur
1747 4203 2023 4259 unquam:

2143 4189 2367 4261 σηρικοῢ
2415 4190 2688 4259 τεσσάρων
2709 4208 2722 4220 ο
2777 4187 2870 4240 καὶ
2901 4188 3034 4257 μήτε
3072 4183 3160 4237 διὰ
3193 4183 3302 4236 τῶν
3328 4180 3419 4235 τοῦ
3460 4179 3666 4242 Σεπτεμ-

478 4286 541 4333 ut
572 4280 635 4333 in
658 4287 802 4333 recta
819 4280 1095 4348 putatione
1123 4294 1185 4332 ac
1206 4279 1457 4334 methodo
1480 4279 1595 4333 ﬁeri
1613 4285 1864 4351 oportere
1884 4294 2023 4333 mone

2143 4283 2317 4355 δρίου,
2406 4282 2541 4352 μήτε
2605 4280 2691 4333 διὰ
2758 4278 2866 4331 τῶν
2928 4276 3021 4330 τοῦ
3081 4274 3476 4346 Φεϐρουαρίου,
3523 4264 3665 4321 καθά-

486 4372 781 4426 stravimus
813 4390 824 4424 :
860 4369 953 4426 sed
990 4381 1250 4441 perpetuo
1283 4372 1557 4442 regulares
1588 4371 1676 4425 isti
1707 4371 1740 4423 4
1771 4370 1921 4424 rubri
1947 4385 2023 4423 ca:

2145 4393 2251 4445 περ
2303 4376 2542 4443 εἴπομεν,
2598 4373 2768 4424 ποιεῖν
2815 4371 2872 4423 ὲν
2918 4372 2983 4440 τῇ
3037 4366 3172 4421 me"
3204 4366 3391 4438 εἱρμὸν
3425 4362 3573 4432 ψήφῳ
3618 4370 3663 4405 τε

491 4461 731 4530 piantur,
763 4463 856 4531 qui
884 4460 1165 4516 Decembri
1199 4462 1542 4532 respondent.
1565 4461 1631 4514 Et
1652 4468 1711 4514 ut
1739 4475 1847 4514 uno
1877 4462 2023 4516 verbt

2147 4443 2242 4521 καλ
2295 4465 2501 4535 μεθόδῳ
2519 4506 2532 4528 ,
2568 4463 2700 4516 ἀλλὰ
2739 4462 2894 4533 μόνον
2945 4461 3010 4514 δι’
3067 4460 3243 4512 αὐτῶν
3290 4460 3395 4510 τῶν
3454 4451 3551 4507 ἀπὸ
3591 4463 3668 4535 σης

486 4560 779 4623 utrumque
814 4554 1085 4608 calculum
1138 4555 1435 4618 absolvam,
1478 4555 1534 4607 in
1565 4556 1804 4624 septenis
1844 4555 2023 4610 tabula

2153 4553 2300 4628 ρικοῦ
2368 4552 2643 4623 τεσσάρων
2700 4550 2940 4621 ἡμερῶν,
3003 4548 3108 4603 τῶν
3157 4540 3553 4618 παρακειμένων
3604 4532 3665 4603 τῷ

482 4645 754 4709 versibus,
799 4644 866 4698 ad
900 4644 1185 4699 duodecim
1223 4643 1496 4699 Romanos
1528 4660 1756 4701 menses-
1791 4647 2023 4717 utrinque

2149 4644 2465 4716 Δεκεμϐρίῳ
2500 4643 2647 4714 μηνίέ
2701 4643 2809 4695 Καὶ
2871 4640 3057 4703 ἁπλῶς
3100 4641 3291 4699 εἰπεῖν,
3339 4636 3401 4689 ἵν’
3434 4629 3666 4717 sui.sz

481 4737 690 4806 positos
714 4744 897 4791 rectus
922 4736 1167 4791 calculus
1210 4736 1543 4802 assumitur,
1580 4736 1633 4790 in
1667 4736 1880 4793 duobus
1916 4755 2023 4794 veri

2150 4736 2279 4808 περὶ
2322 4734 2641 4806 ἀμφοτέρων
2702 4731 3042 4801 διαλάϐωμεν
3096 4726 3204 4782 τῶν
3235 4728 3456 4799 ψήφων·
3485 4723 3536 4773 ἐν
3586 4716 3664 4787 μὲν

482 4808 653 4881 rubro
681 4826 861 4880 colore
881 4824 1162 4894 inscriptis
1185 4824 1455 4887 versibus,
1481 4825 1573 4894 qui
1598 4841 1628 4877 a
1650 4841 1862 4882 summo
1887 4834 2045 4882 deor-

485 4933 609 4972 sum
629 4917 927 4985 pertinent,
971 4915 1289 4985 retrograda
1326 4916 1614 4970 methodus
1652 4917 1827 4971 locum
1866 4918 2042 4984 habet,

486 5008 687 5062 additis
715 5007 924 5077 epactis
944 5006 1367 5061 currentisanui
1400 5007 1616 5067 solaris,
1641 5023 1709 5062 ex
1735 5009 1933 5077 quibus
1962 5025 2046 5064 se-

485 5104 631 5167 ptem
656 5098 865 5152 tabellze
886 5112 1074 5152 versus
1093 5097 1327 5151 ordinati
1357 5108 1504 5153 sunt.
1530 5097 1625 5154 His
1656 5098 1723 5153 de
1743 5108 1873 5154 rota:
1901 5099 2047 5155 illius

486 5191 851 5260 explicatione
911 5191 1092 5254 dictis,
1141 5190 1352 5244 facilem
1405 5191 1732 5256 lectoribus,
1782 5201 2047 5261 quantum

489 5283 606 5336 ﬁeri
637 5283 835 5352 potuit,
865 5284 1007 5340 viam
1031 5284 1366 5353 aperuimus,
1399 5299 1503 5352 qua
1535 5282 1723 5337 feriam
1754 5283 2049 5339 hebdoma-

491 5372 577 5430 dis
602 5375 845 5444 cujusvis
878 5374 1205 5447 investigare
1233 5384 1506 5445 poterunt.

2150 4830 2261 4888 τοῖς
2286 4824 2328 4890 ζ’
2352 4825 2445 4877 τοῦ
2484 4823 2728 4876 κανονίου
2758 4821 2957 4891 στίχοις
2992 4822 3069 4884 είς
3102 4821 3227 4882 τοὺς
3259 4812 3571 4885 ἑκατέρωθεν
3595 4821 3665 4857 τε·

2149 4918 2451 4988 ταγμένους
2506 4912 2882 4969 δυοδεκαίδεκα
2920 4911 3257 4980 Ῥωμαῖκοὺς
3293 4909 3453 4979 μῆνας
3475 4904 3534 4972 τῇ
3566 4894 3661 4950 καθ’

2152 5011 2339 5082 εἱρμὸν
2369 5009 2533 5080 ψήφῳ
2578 5004 2895 5078 κεχρήμεθα
2923 5003 3063 5057 κατὰ
3100 5004 3206 5056 πᾶν
3238 5002 3353 5064 έτος
3381 5015 3393 5028 ⁸
3426 5012 3477 5047 ιν
3505 4992 3554 5045 δὲ
3577 4988 3665 5082 τοξ

2152 5102 2326 5175 ὀρθῶς
2379 5098 2718 5170 καθιεμένοις
2762 5098 2912 5150 δυσὶν
2952 5095 3057 5148 ἀπὸ
3110 5091 3333 5165 σηρικοῦ
3389 5098 3563 5155 στιχοις
3602 5075 3656 5145 τῇ

2155 5197 2272 5249 κατ’
2306 5191 2665 5262 ἁναποὸισμὸν
2702 5189 2909 5261 μεθόδῳ
2936 5184 3370 5262 προσχρώμεθα,
3395 5175 3519 5232 κατὰ
3547 5185 3657 5263 ante

2157 5285 2381 5355 πλοκὴν,
2410 5283 2485 5345 ὡς
2510 5282 2664 5351 ἔφην,
2697 5278 2805 5332 τῶν
2834 5277 3085 5331 ὲπακτῶν
3114 5275 3275 5328 αὐτοῦ
3308 5272 3394 5328 τοῦ
3420 5260 3655 5355 ὲνισταμές

2157 5395 2247 5430 νου
2279 5372 2503 5446 ἡλιακοῦ
2538 5373 2709 5434 ἔτους,
2733 5371 2800 5423 δι’
2820 5364 2893 5424 ὧν
2929 5370 3022 5423 καὶ
3047 5370 3095 5420 oi
3128 5368 3398 5438 λεχθέντες
3427 5361 3465 5427 ζ’
3492 5348 3662 5446 Ialm-5:

492 5466 672 5527 ζονται
719 5471 907 5540 στίχοι.
954 5468 1138 5524 Ταῦτα
1170 5472 1263 5523 καὶ
1311 5471 1436 5541 περὶ
1471 5469 1622 5523 τοῦδε
1644 5471 1736 5524 τοῦ
1762 5470 1957 5542 τροχοῦ
2004 5472 2420 5542 σαφηνίσαντες,
2463 5465 2662 5536 εὐχερῆ
2725 5464 2837 5525 τοῖς
2882 5459 3275 5529 ἐντυγχάνουσιν
3306 5457 3398 5528 τὴν
3434 5456 3587 5514 πάσης
3609 5441 3647 5491 δι

494 5558 655 5610 αὑτοῦ
690 5561 988 5632 κατάληψιν
1017 5562 1373 5632 έδδοματικῆς
1400 5562 1606 5633 ἡμέρας
1668 5563 1805 5616 κατὰ
1834 5563 1897 5616 τό
1958 5565 2177 5618 δυνατὸν
2210 5567 2602 5632 πεποιήκαμεν.

730 5678 1003 5744 Quomodo
1016 5678 1373 5745 computanda
1402 5680 1474 5732 sit
1497 5689 1626 5732 artas
1650 5679 1806 5736 luna.

572 5763 700 5823 Vill.
726 5768 967 5822 Primum
1006 5771 1145 5822 lunae
1178 5776 1393 5837 epactas
1449 5770 1748 5838 accipimus
1783 5786 1890 5824 una
1928 5787 2050 5827 cum

2253 5675 2385 5740 Πῶς
2415 5673 2508 5728 δεῖ
2528 5672 2642 5738 τὴν
2668 5669 2896 5739 ἡμέραν
2918 5667 3026 5735 τῆς
3043 5664 3308 5732 σελήνης
3320 5653 3583 5745 Ψηφίᾴίῂ
3616 5731 3624 5745 ,

2233 5769 2313 5837 _H'.
2332 5771 2397 5819 α’.
2420 5761 2638 5834 Κρατοῦ
2646 5778 2743 5831 μεν
2758 5759 2854 5822 τὰς
2874 5755 3117 5821 ὲπακτὰς
3142 5758 3238 5827 τῆς
3258 5752 3461 5823 σελήνης
3480 5740 3555 5796 καὶ
3587 5740 3673 5801 τὴν
