3950 6266
349 335 483 391 1269

1118 344 1174 400 S.
1221 344 1472 401 MAXIM]
1513 345 1877 402 MARTYRIS
1918 346 2296 410 COMPUTUS
2332 355 2774 417 ECCLESIAST.

3448 372 3583 428 1270

341 451 434 505 τοῦ
467 455 757 520 ἐνεστῶτος
801 458 1176 527 Αἰγυπτιακοῦ
1227 463 1394 534 μηνὸς
1434 465 1718 531 ποσταίαν,
1742 466 1837 520 καὶ
1859 465 1901 519 τὲ

2021 474 2302 542 proposito
2332 474 2421 531 die
2456 476 2690 536 labentis
2721 480 3029 553 Egyptiaci
3068 488 3295 542 mensis.
3341 486 3422 542 Ad
3472 488 3583 545 haec

341 546 510 617 ἥμισυ
533 546 643 601 τῶν
662 549 846 622 μηνῶν
874 550 982 606 τῶν
1015 553 1122 607 ἀπὸ
1150 554 1292 621 Θὼθ,
1323 557 1417 610 καὶ
1446 557 1575 628 μίαν
1602 558 1911 630 καθολικὴν.

340 635 451 688 Καὶ
494 637 544 689 εἰ
587 637 687 709 μὲν
736 638 780 691 λ’
826 640 1029 706 ταύτας
1078 644 1403 717 εὑρήσομεν,
1452 647 1485 718 ἢ
1529 648 1681 720 παρὰ
1710 648 1809 712 τὰς
1849 648 1911 711 λ’,

338 725 605 791 τοσαύτας
663 727 889 800 ἔχουσαν
926 731 1024 802 τὴν
1066 734 1295 807 σελήνην
1326 735 1665 809 γινώσκομεν
1688 755 1703 768 ο
1760 740 1809 792 εἰ
1855 739 1912 793 δὲ

338 815 480 889 ὑπὲρ
513 816 610 881 τὰς
641 818 704 885 λ’,
740 821 952 886 ὲκείνας
971 822 1129 877 πάλιν
1157 825 1295 896 μετὰ
1315 826 1413 898 τὴν
1437 828 1719 901 ὑφαίρεσιν
1735 830 1911 885 αὐτῶν

338 906 448 961 τῶν
475 910 788 980 τριάκοντα.

409 996 474 1068 β’.
508 999 734 1064 Ἀλλως.
758 1001 836 1055 Τὰ
861 1002 967 1056 ἀπὸ
985 1005 1369 1077 Διοκλητιανοῦ
1399 1008 1493 1081 Ετη
1527 1011 1675 1080 παρὰ
1711 1010 1768 1063 ἓν
1795 1010 1911 1074 ἔτος

336 1089 634 1156 ποιοῦντες,
685 1090 978 1166 μερίζομεν
1023 1098 1104 1161 εἰς
1126 1098 1218 1152 τὸν
1261 1097 1325 1152 ιθ’
1363 1100 1457 1153 καὶ
1489 1101 1556 1155 τὰ
1587 1102 1747 1156 λοιπὰ
1776 1119 1911 1174 κρα-

334 1176 557 1245 τοῦμεν,
610 1183 703 1236 καὶ
750 1182 961 1249 τούτοις
1023 1187 1385 1261 ὲπιὸάλλομεν
1438 1191 1579 1263 ὑπὲρ
1643 1191 1761 1255 ἐνὸς
1811 1191 1910 1262 μὲν

335 1267 510 1334 ἔτους,
559 1270 654 1324 ἐὰν
702 1272 861 1327 τοῦτο
895 1275 1054 1346 μόνον
1102 1278 1261 1350 τυχὸν
1294 1281 1627 1354 καταλειφθῇ
1652 1283 1790 1365 μεεᾲ
1819 1283 1909 1336 τὸν

2017 564 2301 622 dimidium
2351 568 2619 625 mensium
2662 587 2975 638 numerum,
3019 577 3167 646 quia
3201 576 3377 633 Thotli
3410 580 3583 651 elapsi

2016 665 2164 724 sunt,
2196 672 2321 712 cum
2348 674 2459 715 uno
2487 662 2744 733 regulari.
2795 662 2854 717 Si
2897 679 3108 723 summa
3151 669 3369 738 triginta
3412 670 3584 724 conli-

2013 750 2142 813 ciat,
2172 752 2469 810 autminus
2496 755 2746 826 triginta,
2773 755 2999 813 totidem
3030 757 3352 814 dieslunam
3378 762 3582 819 habere

2011 844 2411 915 cognoscimus.
2433 845 2530 901 Sin
2563 848 2799 904 tricenos
2830 849 2950 904 dies
2965 849 3211 915 excedat,
3229 850 3463 923 demptis
3487 856 3582 909 tri-

2010 933 2159 1003 ginta
2175 942 2308 1005 quot
2327 947 2675 1007 supererunt,
2694 939 2921 995 totidem
2934 944 3080 997 aetati
3098 943 3241 1001 luna:
3253 947 3577 1004 tribuemus.

2067 1024 2187 1079 Alia
2217 1026 2376 1082 ratio.
2427 1030 2615 1086 Annos
2645 1046 2677 1085 a
2709 1030 3047 1090 Diocletiano
3076 1050 3186 1090 uno
3215 1037 3402 1093 minus
3429 1040 3582 1108 capi-

2011 1131 2133 1174 mus
2164 1133 2366 1189 eosque
2394 1121 2664 1190 partimur
2716 1122 2771 1177 in
2796 1139 2931 1193 xu;
2969 1124 3014 1179 si
3072 1125 3354 1183 residuum
3399 1143 3580 1184 annus

2010 1208 2206 1265 unicus
2243 1210 2337 1274 sit,
2373 1212 2442 1266 ad
2489 1227 2613 1268 eum
2657 1213 2945 1284 adjicimus
2977 1232 3050 1283 x.;
3088 1217 3135 1272 si
3183 1218 3293 1274 duo
3347 1229 3575 1285 restent,

2013 1316 2081 1355 xx
2104 1318 2131 1369 ;.
2157 1301 2203 1357 si
2233 1309 2377 1367 tres,
2408 1303 2562 1358 nihil.
2596 1305 2733 1360 Cum
2764 1321 2977 1372 novem,
3025 1316 3119 1363 aut
3143 1309 3454 1376 duodecim,
3484 1318 3579 1365 aut

337 1360 624 1472 μερισμὸν,
670 1363 881 1436 ἡμέρας
922 1373 974 1419 ι’·
1021 1368 1162 1441 ὑπὲρ
1197 1369 1240 1440 β’
1274 1370 1332 1424 δὲ
1364 1370 1501 1425 ὲτῶν
1532 1378 1579 1425 κ’
1606 1389 1621 1404 ·
1669 1360 1813 1445 ὑπὲρ
1853 1372 1901 1429 δὲ

2018 1394 2233 1450 omnino
2270 1396 2499 1466 quilibet
2531 1396 2747 1454 tertius
2770 1413 2951 1455 anuus
2971 1401 3213 1456 exstitit:
3249 1402 3473 1472 perinde
3492 1403 3579 1456 ui-

335 1455 385 1522 γ’
410 1446 529 1507 οὐδὲ
553 1455 711 1526 μίανο
741 1456 930 1531 ῶσπερ
955 1461 1048 1514 καὶ
1072 1462 1163 1517 ἐπὶ
1187 1465 1301 1527 τοῖς
1334 1470 1386 1530 ς’
1418 1464 1537 1518 οὐδὲ
1569 1464 1723 1537 μίαν·
1744 1465 1777 1537 ἢ
1801 1464 1908 1519 τῶν

336 1544 403 1610 θ’,
432 1547 466 1618 ἢ
501 1548 608 1602 τῶν
635 1548 700 1620 ιβ’
721 1566 736 1582 θ
764 1551 798 1622 ἢ
830 1552 1014 1618 ἁπλῶς
1055 1553 1156 1625 τῆς
1210 1554 1500 1610 ὁποιασοῦν
1532 1557 1867 1631 τριετηρίδος
1889 1576 1902 1589 ’

336 1632 477 1710 ύπὲρ
524 1636 581 1691 δὲ
637 1640 744 1695 τῶν
785 1643 826 1696 δ’
873 1644 1034 1698 πάλιν
1088 1645 1226 1700 ἐτῶν
1267 1645 1319 1710 ι’,
1364 1648 1459 1701 καὶ
1509 1649 1657 1720 ὑπὲρ
1702 1648 1811 1703 τῶν
1847 1657 1887 1702 ε’

333 1732 404 1781 κ’.
437 1729 546 1782 Καὶ
569 1726 741 1796 οὕτως
774 1733 1008 1806 καθεξῆς
1043 1735 1184 1808 ὑπὲρ
1228 1736 1336 1790 τῶν
1367 1739 1435 1804 ζ’,
1469 1740 1563 1793 καὶ
1589 1739 1696 1795 τῶν
1732 1747 1788 1807 ι’,
1812 1743 1906 1796 καὶ

331 1817 447 1873 τῶν
477 1828 542 1874 ια’
566 1822 610 1854 ’ί
632 1840 644 1852 ·
671 1825 764 1876 καὶ
789 1824 899 1880 τῶν
930 1826 1065 1897 μετὰ
1097 1828 1194 1892 τὰς
1239 1828 1906 1905 τριετηρίδαςψηφιζὸμέ-
1936 1815 1982 1875 Β

331 1926 458 1965 νων.
519 1913 847 1985 Κρατοῦμεν
901 1917 1099 1983 τοίνυν,
1145 1919 1221 1984 ώς
1252 1920 1410 1994 ἔφην,
1461 1921 1530 1976 τὰ
1565 1923 1905 1995 ἀπομένοντα

332 2000 425 2074 ἔτη
477 2003 570 2056 καὶ
620 2003 720 2070 τὰς
762 2007 903 2079 ὑπὲρ
950 2009 1155 2066 τούτων
1212 2010 1425 2085 ἡμέρας
1470 2014 1612 2069 κατὰ
1656 2016 1749 2071 τὸν
1774 2017 1906 2072 ὑπο-

330 2092 609 2164 δειχθέντα
663 2098 882 2170 τρόπον·
945 2103 1039 2154 καὶ
1061 2102 1168 2175 τὴν
1194 2106 1455 2161 ποσταίαν
1476 2106 1571 2161 τοῦ
1612 2108 1906 2174 ἐνεστῶτος

331 2184 700 2254 Δίγυπτιακοῦ
746 2192 934 2261 μηνὸς,
992 2195 1087 2249 καὶ
1133 2196 1192 2250 τὸ
1219 2198 1391 2269 ἥμισυ
1419 2199 1527 2254 τῶν
1564 2201 1749 2273 μηνῶν
1793 2202 1904 2258 τῶν

331 2275 440 2329 ἀπὸ
502 2276 644 2342 Θὼθ,
673 2281 768 2335 καὶ
818 2277 948 2353 μίαν
1007 2287 1334 2361 καθολικήνο
1365 2292 1459 2346 καὶ
1505 2293 1585 2357 εἰς
1616 2290 1707 2349 τὸν
1735 2294 1778 2347 λ’
1808 2294 1904 2360 τὰς

331 2367 460 2433 ὅλας
480 2362 793 2444 μερίξομεν.

400 2458 469 2529 γ’.
508 2460 738 2529 Ἄλλως.
768 2468 1092 2543 Κρατοῦμεν
1118 2472 1216 2538 τὰς
1253 2476 1496 2541 ὲπακτὰς
1521 2477 1623 2549 τῆς
1652 2478 1901 2552 σελήνης,

329 2553 423 2643 καὶ
466 2555 606 2630 ὑπὲρ
651 2558 877 2615 ἑκάστου
913 2563 1220 2635 Ῥωμαῖκοῦ
1269 2568 1456 2639 μηνὸς,
1505 2570 1611 2624 ἀπὸ
1658 2574 1905 2644 Σεπτεμ-

329 2638 485 2716 ϐρίου
500 2647 788 2720 ἀρχόμενοι
815 2652 975 2725 μέχρι
1003 2655 1097 2708 τοῦ
1122 2638 1491 2731 ψηφιζομένου
1519 2662 1645 2732 μίαν
1667 2638 1900 2736 ἡμέραν·

330 2736 425 2788 καὶ
466 2736 562 2808 τὴν
607 2742 868 2795 ποσταίαν
912 2743 1077 2798 αὐτοῦ
1124 2746 1220 2801 τοῦ
1267 2749 1558 2815 ἐνεστῶτος
1597 2751 1901 2824 Ῥωμαϊκοῦ

332 2824 521 2896 μηνὸς,
553 2828 646 2881 καὶ
689 2828 782 2883 δύο
826 2831 1138 2902 καθολικὰς,
1185 2840 1279 2891 καὶ
1315 2834 1397 2904 εἰς
1440 2839 1531 2894 τὸν
1563 2840 1605 2894 λ’
1637 2840 1736 2907 τὰς
1776 2842 1903 2909 ὅλας

331 2915 648 2987 μερίζομεν.

396 3006 458 3100 δ’,
494 3009 718 3100 ⁸Ἄλλως.
768 3014 1097 3088 Κρατοῦμεν
1126 3018 1225 3083 τὰς
1255 3022 1499 3087 ὲπακτὰς
1528 3025 1627 3097 τῆς
1673 3025 1902 3100 σελήνης

328 3099 474 3221 impii
487 3099 634 3221 μίμν,
660 3105 753 3221 κριὶ
771 3106 878 3211 τὰς
906 3108 1013 3162 ἀπὸ
1045 3111 1369 3221 ’Ξανουαρίου
1392 3115 1775 3191 ἡμέραςμέχρι
1802 3099 1904 3192 τῆς
1928 3162 1995 3221 c-

2009 1485 2088 1541 hil
2115 1486 2353 1542 additur.
2405 1489 2473 1544 At
2516 1505 2617 1560 pro
2670 1499 2909 1561 quatuor
2953 1493 3113 1549 annis
3149 1509 3220 1547 x:
3277 1494 3441 1565 189
3479 1510 3578 1565 pro

2008 1579 2250 1650 quinque
2278 1581 2511 1637 addendi
2553 1591 2681 1638 sunt
2709 1600 2799 1639 xx.
2831 1585 3010 1655 Atque
3058 1585 3133 1640 ita
3175 1586 3437 1657 deinceps
3478 1603 3578 1658 pro

2009 1688 2082 1728 vti
2111 1688 2175 1729 ac
2213 1691 2266 1738 κ,
2313 1675 2430 1731 dies
2473 1692 2501 1730 ι
2541 1676 2916 1747 adjiciuntur;
2985 1678 3064 1732 uti
3121 1685 3178 1734 et
3222 1694 3320 1749 pro
3354 1694 3451 1733 xm
3514 1693 3578 1733 ac

1990 1765 2255 1836 _reliquis,
2288 1767 2378 1837 qui
2407 1782 2574 1837 supra
2607 1768 2905 1823 triennium
2951 1769 3229 1841 quodlibet
3257 1779 3573 1827 excurrunt.

2010 1859 2279 1918 Residuos
2319 1861 2486 1933 igitur
2515 1877 2711 1929 annos,
2765 1879 2829 1920 ac
2860 1865 3104 1936 singulos
3150 1880 3249 1936 pro
3296 1866 3406 1923 illis
3458 1867 3576 1923 dies

2003 1953 2109 2009 hoc
2134 1954 2294 2010 modo
2327 1956 2596 2011 sumimus
2608 1971 2730 2011 cum
2764 1957 3044 2029 proposito
3068 1956 3156 2013 die
3177 1959 3384 2015 mensis
3406 1958 3575 2032 IEgy—

2005 2044 2168 2116 ptiaci
2196 2083 2211 2109 ,
2243 2044 2445 2115 quibus
2470 2045 2755 2103 dimidium
2797 2049 3010 2105 accedit
3037 2050 3251 2106 numeri
3280 2052 3573 2119 mensium,

2003 2135 2097 2206 qui
2129 2150 2160 2189 a
2186 2134 2363 2191 Thotb
2394 2137 2568 2209 elapsi
2610 2146 2762 2206 sunt,
2790 2155 2915 2196 cum
2956 2155 3065 2197 uno
3106 2142 3348 2215 regulari
3376 2161 3389 2200 :
3423 2160 3574 2202 sum-

2005 2243 2147 2283 mam
2180 2243 2277 2299 per
2303 2245 2411 2284 xxx
2437 2228 2752 2287 dividimus.

2074 2483 2268 2539 Aliter.
2301 2482 2617 2555 Accipimus
2652 2493 2875 2556 epactas
2914 2485 3081 2552 lunas,
3109 2494 3165 2541 et
3196 2500 3298 2556 pro
3326 2485 3570 2557 quolibet

2001 2573 2376 2631 Romanorum
2410 2590 2620 2641 mense,
2666 2576 2827 2633 initio
2860 2577 2929 2634 ab
2965 2577 3141 2648 Aprili
3191 2577 3355 2643 iacto,
3396 2592 3573 2648 usque

2003 2667 2071 2724 ad
2094 2668 2455 2740 propositum,
2484 2669 2734 2739 singulos
2770 2669 2887 2727 dies
2935 2671 3267 2742 colligimus,
3309 2685 3375 2727 ac
3406 2686 3571 2743 regu-

2003 2759 2343 2818 lares‘duas.
2367 2759 2648 2817 Summam
2679 2777 2776 2833 per
2801 2778 2907 2818 xxx
2929 2762 3216 2833 partimur.

2071 3017 2265 3076 Aliter.
2300 3019 2535 3091 Epactas
2568 3022 2711 3078 luna:
2752 3023 2964 3080 unitate
3007 2998 3189 3080 minus
3216 3037 3341 3078 cum
3376 3022 3572 3078 diebus

2005 3124 2036 3165 a
2066 3110 2329 3168 Kalendis
2349 3111 2629 3171 Januariis
2658 3114 2726 3170 ad
2764 3115 2907 3170 diem
2937 3115 3033 3185 qui
3069 3113 3336 3185 quaaritur
3367 3113 3571 3184 elapsis

327 3187 662 3263 ζητουμένης
691 3194 849 3265 ἡμῖν’
885 3199 980 3251 καὶ
1018 3198 1086 3252 τὰ
1118 3202 1321 3257 τούτων
1342 3202 1416 3269 ξζῖ
1442 3207 1520 3238 9"
1558 3187 1651 3261 καὶ
1812 3187 1901 3265 τον

2018 3218 2122 3259 :om
2128 3204 2380 3275 ponimus
2399 3223 2413 3272 ;
2433 3206 2687 3261 addimus
2699 3215 2753 3262 et
2767 3207 2963 3261 borum
2977 3207 3372 3277 sexagesimam
3386 3220 3574 3276 quam-

327 3280 370 3333 λ¹
407 3281 506 3347 τὰς
530 3283 656 3349 ὅλας
686 3288 998 3359 μερίζομεν.

396 3372 457 3466 ε’.
480 3376 719 3466 ΑἈλλως.
751 3381 1077 3453 Κρατοῦμεν
1114 3385 1212 3450 τὰς
1242 3389 1487 3454 ὲπακτὰς
1519 3393 1617 3463 τῆς
1651 3394 1899 3466 σελήνης,

326 3464 503 3518 καὶτὸ
525 3467 695 3538 ἥμισυ
722 3469 829 3522 τῶν
863 3473 1050 3543 μηνῶν
1090 3475 1198 3529 τῶν
1232 3480 1338 3533 ἀπὸ
1359 3482 1454 3534 τοῦ
1495 3484 1766 3554 Ἀπριλίου
1808 3464 1901 3556 μέ-

325 3572 418 3628 χρι
446 3558 540 3645 τού
589 3559 987 3632 ψηφιζομένου,
1034 3566 1128 3618 καὶ
1176 3569 1274 3632 τὰς
1316 3573 1610 3642 τριακάδας
1658 3576 1897 3646 πρώτας,

328 3650 548 3735 καὶιτήν
583 3655 843 3708 ποσταίαν
882 3656 975 3709 τοῦ
1016 3658 1309 3735 ἐνεστῶτος
1342 3666 1536 3735 μηνός·
1568 3667 1660 3720 καὶ
1699 3669 1778 3731 είς
1809 3669 1900 3723 τὸν

325 3732 369 3792 λ’
392 3740 489 3804 τὰς
518 3734 644 3806 ὅλας
679 3741 993 3816 μερίζόμεν.

366 3837 473 3911 .ς¹.
510 3832 738 3896 Ἀλλως.
802 3834 1393 3912 Ἐνδεκαπλασιάζομεν
1434 3843 1494 3896 τὸ
1532 3847 1631 3915 τῆς
1673 3846 1897 3919 σελήνης

328 3922 467 3987 ἔτος,
492 3924 585 3978 καὶ
607 3925 916 3998 κρατοῦμεν
936 3929 1035 3994 τὰς
1063 3931 1171 3984 ἀπὸ
1199 3932 1419 4006 πρώτης
1448 3935 1772 4007 Ἰανουαρίου
1798 3938 1896 4009 μέ-

325 4033 416 4088 χρι
440 4017 540 4089 τῆς
564 4017 900 4092 ζητουμένης
923 4024 1152 4095 ἡμέρας,
1175 4026 1269 4079 καὶ⁵
1292 4027 1359 4080 τὰ
1385 4027 1588 4083 τούτων
1620 4028 1692 4097 ξξ¹
1712 4047 1726 4062 ο
1749 4035 1895 4100 τρεῖς

2003 3311 2109 3367 que
2141 3305 2373 3366 partem.
2400 3295 2595 3353 Totum
2628 3297 2826 3354 deinde
2852 3313 2950 3369 per
2975 3315 3082 3354 xxx
3108 3297 3426 3355 dividimus.

2072 3386 2267 3443 Aliter.
2301 3387 2537 3459 Epactas
2582 3391 2724 3447 luna:
2761 3406 2885 3447 cum
2922 3391 3150 3447 dimidio
3194 3392 3465 3449 mensium
3502 3394 3571 3448 ab

1999 3476 2172 3548 Aprili
2205 3494 2378 3552 usque
2400 3481 2469 3536 ad
2495 3482 2785 3550 quasitum
2813 3499 3054 3539 mensem
3073 3524 3087 3549 ,
3122 3492 3238 3539 tum
3259 3484 3570 3541 tricesimos

1999 3568 2205 3636 primos
2235 3584 2482 3639 quosque
2502 3570 2621 3627 dies
2653 3587 2760 3626 una
2785 3587 2908 3626 cum
2939 3573 3218 3642 proposita
3249 3573 3457 3628 mensis
3480 3573 3570 3628 die

2000 3663 2056 3716 in
2078 3676 2247 3715 unum
2259 3663 2641 3733 componimus
2658 3702 2673 3727 ,
2705 3661 2854 3733 quod
2869 3663 3064 3718 deinde
3083 3663 3352 3735 partimur
3367 3664 3422 3720 in
3440 3681 3568 3720 xxx.

2067 3840 2259 3897 Aliter.
2320 3842 2539 3897 Annum
2593 3842 2738 3898 lunae
2791 3843 2849 3898 in
2896 3858 2952 3897 ιι
3023 3843 3299 3909 ducimus,
3342 3860 3407 3900 ac
3449 3845 3569 3902 dies

1997 3946 2186 3987 omnes
2218 3933 2312 4002 qui
2341 3948 2373 3986 a
2404 3933 2669 3989 Kalendis
2685 3933 2961 3991 Januariis
2980 3936 3046 3991 ad
3063 3937 3404 4007 propositum
3426 3936 3579 3993 diem

1994 4022 2289 4091 ﬂuxerunt,
2326 4039 2450 4079 cum
2478 4024 2677 4079 horum
2720 4027 3059 4097 sexagesima
3107 4043 3325 4100 quaque
3368 4038 3565 4099 parte;

322 4124 382 4159 τε
413 4107 715 4173 καθολικῶς
740 4111 1115 4183 ἀφαιροῦντες,
1144 4115 1286 4170 οὕτω
1317 4117 1415 4182 τὰς
1441 4118 1567 4182 ὅλας
1602 4119 1894 4191 μερίζομεν

2018 4113 2120 4169 nde
2141 4114 2322 4169 tribus
2349 4114 2696 4186 regularibus
2718 4115 2972 4186 abjectis,
3016 4134 3288 4174 summam
3327 4134 3422 4191 per
3459 4135 3570 4175 xu
3610 4194 3613 4195 ν

321 4191 403 4262 εἰς
428 4200 515 4253 τὸν
535 4199 596 4253 λ’.
1991 4204 2319 4261 tribuimus»

394 4288 460 4354 ζ’.
492 4292 721 4359 Ἀλλως.
752 4294 1072 4368 Κρατοῦμεν
1107 4299 1207 4363 τὰς
1231 4302 1475 4366 ὲπακτὰς
1505 4304 1605 4375 τῆς
1644 4304 1889 4377 σελήνης,

2062 4297 2257 4353 Aliter.
2286 4296 2521 4368 Epactas
2556 4298 2698 4354 lunae
2726 4298 2781 4353 in
2813 4296 3148 4357 Januario'et
3172 4299 3472 4357 Februario
3493 4300 3571 4355 in-

323 4385 420 4439 καὶ
452 4385 677 4453 ταύταις
718 4388 775 4444 ἐν
822 4407 882 4444 τε
921 4390 1001 4463 τῷ
1046 4393 1358 4466 Ἰανουαρίῳ
1408 4396 1504 4449 καὶ
1544 4396 1893 4471 Φεϐρουαρίῳ

2018 4404 2209 4461 egros,
2257 4390 2313 4444 in
2378 4389 2573 4446 Martio
2622 4392 2834 4447 unitate
2891 4392 3085 4449 minus
3114 4392 3456 4471 accipimus,
3511 4393 3569 4447 in

325 4478 554 4551 πλήρεσι
580 4482 897 4554 κεχρήμεθα
917 4501 931 4514 ο
964 4485 1115 4556 παρὰ
1136 4487 1263 4557 μίαν
1284 4487 1340 4540 δὲ
1368 4489 1536 4560 μόνην
1565 4493 1623 4545 ὲν
1648 4491 1727 4564 τῷ
1751 4494 1899 4566 Map-

2018 4480 2171 4551 lprili
2196 4495 2260 4536 ac
2274 4481 2524 4552 reliquis,
2547 4481 2793 4553 integras
2829 4501 2843 4536 :
2877 4483 3005 4539 item
3036 4497 3139 4554 pro
3158 4483 3390 4555 singulis
3414 4498 3569 4539 men-

322 4571 453 4642 τίῳ’
484 4574 541 4625 ὲν
572 4572 630 4626 δὲ
658 4573 737 4644 τῷ
773 4574 1033 4648 Ἀπριλίῳ
1067 4578 1161 4631 καὶ
1194 4580 1303 4642 τοῖς
1328 4582 1446 4651 μετ’
1474 4583 1635 4636 αὐτὸν
1666 4584 1892 4657 πλήρεις

2018 4572 2152 4629 sibus
2181 4588 2353 4644 usque
2373 4573 2440 4627 ad
2460 4574 2820 4645 propositum,
2839 4574 3085 4646 singulos
3106 4574 3225 4632 dies
3243 4589 3570 4631 annumera-

326 4664 809 4750 συλλαμϐάνοντες,
837 4669 931 4722 καὶ
954 4669 1083 4739 μίαν
1104 4668 1276 4742 ,ἄλλην
1301 4672 1441 4744 ὑπὲρ
1467 4675 1696 4729 ἑκάστου
1723 4678 1891 4750 μηνὸς

2018 4680 2152 4729 nus,
2184 4680 2283 4735 pro
2306 4667 2552 4738 Augusto
2586 4682 2715 4722 vero
2730 4666 2891 4733 duos,
2918 4667 3118 4739 quibus
3148 4667 3332 4723 addita
3352 4667 3569 4739 quasiti

323 4757 452 4829 ἄχρι
479 4756 572 4810 τοῦ
594 4743 965 4830 ψηφιζομένου
985 4775 998 4788 ·
1029 4760 1121 4815 δύο
1140 4762 1196 4815 δὲ
1231 4763 1389 4834 μόνον
1414 4743 1554 4838 ύπὲρ
1573 4766 1666 4820 τοῦ
1694 4743 1892 4837 Abimu-

326 4865 481 4928 στουο
532 4850 626 4903 καὶ
668 4850 766 4921 τὴν
795 4851 1056 4905 ποσταίαν
1100 4852 1195 4906 τοῦ
1234 4856 1431 4926 μηνός*
1474 4858 1568 4910 καὶ
1606 4859 1687 4922 είς
1725 4858 1816 4913 τὸν
1836 4860 1890 4913 ιλ*

321 4939 427 5004 τὰς
458 4939 585 5005 ὅλας
618 4941 931 5013 μερίζομεν.

392 5038 464 5104 ην,
500 5032 725 5096 Ἀλλως,
759 5034 1083 5105 Κρατοῦμεν
1116 5036 1215 5101 τὰς
1248 5039 1491 5106 ὲπακτὰς
1516 5043 1890 5115 τῆς,σελήνης.

324 5123 419 5176 καὶ
445 5122 544 5188 τὰς
576 5124 685 5177 ἀπὸ
723 5124 947 5197 πρώτης
992 5126 1266 5200 Ἀπριλίου
1299 5132 1459 5203 μέχρι
1492 5134 1593 5205 τῆς
1633 5135 1896 5208 ζητουμέ-

321 5232 443 5287 νης,
482 5218 577 5271 καὶ
619 5218 719 5290 τήν
753 5220 1014 5292 ποσταίαν
1060 5221 1154 5275 τοῦ
1198 5223 1393 5294 μηνός·
1429 5227 1523 5279 καὶ
1565 5229 1647 5291 είς
1684 5228 1772 5282 τὸν
1811 5227 1893 5284 κθ¹

322 5309 492 5380 ἥμισυ
524 5310 624 5374 τὰς
654 5311 779 5375 ὅλας
810 5310 1117 5384 μερίζομεν.

322 5420 462 5501 Περὶ
492 5420 611 5476 τῶν
634 5423 752 5501 ἀπο
782 5424 1206 5501 Aperantiam}?
1231 5425 1382 5501 ἑτῶν
1400 5447 1430 5501 -_
1455 5427 1580 5497 πῶς
1611 5433 1892 5501 2131M?!—

404 5491 608 5570 ζονται,
638 5493 735 5570 sca}
767 5491 892 5559 πῶς
919 5493 993 5547 δι’
1031 5493 1230 5549 αὐτῶν
1262 5496 1329 5550 τὸ
1359 5499 1466 5567 τῆς
1496 5491 1895 5570 σὲλήνῆςὲὐι

391 5562 668 5629 plcxum
689 5562 843 5629 ἔτος.

394 5648 451 5703 8'
509 5652 590 5706 Τὰ
620 5653 725 5707 ἀπὸ
753 5652 1132 5724 Διοκλητιανοῡ
1165 5656 1446 5730 ἕτημέχρι
1476 5659 1571 5733 τῆς
1612 5664 1892 5735 παρούσης

390 5764 433 5795 ’ί
475 5768 651 5837 μιν..
718 5767 761 5799 υ
788 5768 827 5836 r.
866 5765 940 5833 ξεν
973 5776 1028 5821 αι
1054 5770 1147 5839 iur.

1997 4756 2203 4812 mensis
2225 4755 2336 4822 die,
2368 4770 2584 4813 summa
2616 4773 2713 4827 per
2746 4774 2853 4813 xxx
2883 4757 3165 4815 dividitur.

2063 5029 2258 5084 Aliter;
2281 5028 2516 5100 Epactas
2547 5029 2692 5085 lunae
2716 5045 2842 5086 cum
2860 5031 3056 5087 diebus
3077 5047 3107 5087 a
3124 5031 3383 5088 Kalendis
3406 5030 3567 5101 Apriv-

1993 5121 2137 5177 libus
2164 5122 2234 5178 ad
2260 5123 2547 5194 quaesitum
2583 5125 2818 5182 evolutis
2839 5140 2965 5181 cum
2987 5124 3269 5196 proposita
3298 5124 3387 5180 die
3411 5138 3566 5179 com-

1995 5215 2269 5284 ponimus.
2304 5213 2582 5271 Summam
2610 5233 2707 5288 per
2748 5234 2875 5274 XXIX
2917 5218 3022 5291 1/2
3059 5218 3345 5289 partimur.

1994 5436 2074 5492 De
2096 5436 2247 5492 annis
2270 5455 2314 5509 7a
2342 5435 2709 5509 Diocletiano;
2743 5438 3000 5509 quomodo
3041 5446 3337 5509 putentur,
3370 5446 3420 5492 et
3460 5453 3564 5509 qua

2170 5508 2376 5562 ratione
2401 5518 2532 5562 (stas
2561 5508 2704 5564 lunia
2732 5507 2789 5562 in
2819 5508 2929 5563 illis
2956 5507 3267 5564 invenienda
3293 5508 3380 5563 sit.

2068 5661 2162 5718 1x.
2193 5663 2334 5718 Anni
2367 5678 2396 5717 a
2441 5662 2779 5718 Diocletiano
2826 5659 2893 5716 ad
2937 5668 3261 5731 praesentem
3302 5659 3564 5717 indictio-c
