3950 6266
239 283 368 339 ιεει

1092 281 1320 339 ISAACI
1354 279 1661 337 MONACHI
1700 276 2075 336 COMPUTUS
2098 277 2557 343 ‘ECCLESIA’ST.

3316 285 3457 345 1283

239 403 343 459 τῶν
379 402 759 476 ῥηθησομένων
792 400 1080 460 ἀποδοῦναί
1113 420 1196 458 σοι
1247 402 1499 473 μεθόδους
1521 418 1535 432 ·
1580 400 1716 472 πρὸς
1741 398 1785 453 δὲ

1895 397 2178 468 judicasti,
2212 400 2306 469 qui
2330 414 2540 464 eorum,
2566 398 2633 455 de
2661 399 2862 471 quibus
2892 399 3089 456 dicturi
3109 415 3319 467 sumus,
3340 405 3454 460 vias

239 497 330 551 καὶ
372 495 471 559 τὰς
520 495 613 548 ἐπὶ
667 494 889 559 ταύταις
930 494 1037 547 τῶν
1088 494 1259 562 λόγων
1304 495 1511 556 αἱτίας’
1566 493 1648 564 (οὐ
1692 492 1800 563 γὰρ

237 587 443 656 ἀγνοῶν
487 588 561 656 μὴ
608 586 779 650 οῦτως
825 588 974 658 ἡμᾶς
1005 586 1245 657 ἔχοντας,
1278 587 1341 640 τὸ
1383 585 1619 640 τοιοῦτον
1667 585 1799 655 ἡμῖν

234 676 586 750 τεθαρρηκὼς
645 676 961 747 σπούδασμα
1022 676 1383 747 προσανέθουο
1454 675 1673 744 εὔλογον
1742 674 1800 726 δὲ

233 771 428 839 ἡγήσω
464 771 530 839 τῇ
561 768 1088 840 φιλίᾳ,χαρίσασθαι,
1118 768 1275 839 φύσει
1316 767 1649 841 τυραννούσῃ
1674 767 1800 829 τοὺς

232 864 370 935 αὐτῇ
405 862 606 934 κυρίῳς
629 861 941 933 χρωμένους
973 862 1065 914 καὶ
1088 861 1184 923 τὰς
1209 859 1422 931 ψήφους
1451 858 1697 913 ἐντεῦθεν
1723 857 1801 909 δε-

233 953 421 1019 κάζειν
458 951 1008 1025 παρασκευαζούσῃ·)
1052 952 1145 1006 καὶ
1178 954 1360 1023 ἡμεῖς,
1394 951 1469 1014 ὡς
1510 948 1796 1016 ἐπέταξας,

233 1046 488 1118 κινοῦμεν
515 1046 615 1116 ήδη
641 1045 739 1116 τὴν
768 1048 923 1115 χεῖρα
957 1045 1093 1115 πρὸς
1128 1042 1377 1116 τοῦργον,
1407 1042 1505 1115 τὴν
1546 1042 1643 1115 σὴν
1672 1042 1799 1113 περὶ

231 1142 383 1211 ἡμᾶς
421 1138 600 1208 ψῆφον
629 1137 1059 1205 δυσωπηθέντες,
1106 1137 1199 1191 καὶ
1245 1134 1384 1189 κατὰ
1413 1134 1475 1188 τὸ
1510 1132 1798 1187 ἀκόλουθον

236 1230 359 1301 μηδ’
392 1231 553 1300 ἡμεῖς
578 1226 815 1283 ὁντινοῦν
838 1226 936 1296 τῆς
959 1226 1163 1279 ἑαυτῶν
1192 1226 1319 1298 περὶ
1342 1225 1402 1278 τὸ
1443 1224 1797 1296 προκείμενον

232 1321 528 1392 ἀδυναμίας
565 1319 920 1390 ποιησάμενοι
963 1318 1137 1386 λόγον.
1169 1318 1356 1381 Ὅπως
1386 1316 1431 1370 δ’
1462 1316 1527 1371 ἂν
1554 1316 1797 1386 ἀπαντή-

235 1431 347 1468 σειε
373 1414 435 1466 τὸ
463 1413 634 1485 πέρας
678 1414 828 1485 ἡμῖν,
865 1411 1100 1480 εὐλόγως
1142 1409 1356 1465 κεῖσθαί
1391 1426 1473 1463 σοι
1507 1409 1637 1480 παρ’
1675 1406 1797 1479 ἐμοὶ

231 1505 332 1577 τὴν
364 1505 521 1578 χάριν
559 1504 903 1575 ὁμολογήσω·
933 1502 1026 1555 τοῦ
1071 1502 1168 1573 μὲν
1205 1500 1567 1572 κατορθῶσαι,
1601 1500 1683 1552 ὅτι
1731 1498 1795 1552 σὺ

234 1596 451 1661 πάντως
494 1597 592 1671 ἔσῃ
636 1597 758 1660 δοὺς
803 1597 900 1660 τὰς
950 1596 1227 1667 ἀφορμάς’
1267 1592 1361 1647 τοῦ
1405 1592 1449 1646 δ’
1483 1591 1793 1661 ἀποτυχεῖν,

233 1689 321 1760 ὅτι
351 1688 425 1760 μὴ
465 1688 649 1753 ἀξίους
695 1688 855 1751 ὅντας
900 1688 1082 1752 ἀξίους
1122 1685 1218 1739 τοῦ
1265 1684 1584 1756 πράγματος
1611 1682 1797 1752 κέκρι-

235 1796 354 1844 κας.

578 1978 713 2046 Περὶ
751 1975 870 2032 τῶν
899 1973 1166 2045 ἡλιακῶν
1192 1974 1453 2028 κύκλων.

299 2094 376 2146 A'.
416 2092 569 2145 Ἐστι
601 2091 665 2162 δὴ
708 2089 922 2161 πρῶτον
958 2090 1090 2159 ἡμῖν
1127 2085 1235 2139 τῶν
1288 2081 1660 2156 προκειμένων
1714 2080 1794 2143 είς

234 2183 420 2253 σκέψιν
459 2182 517 2235 τὸ
558 2182 684 2252 περὶ
732 2180 843 2233 τῶν
892 2178 1235 2249 καλουμένων
1280 2174 1516 2247 ἡλιακῶν
1558 2170 1791 2236 κύκλων,

230 2277 377 2339 ὅπως
407 2292 466 2328 τε
490 2273 676 2328 κύκλοι
696 2271 1005 2335 καλοῦνται,
1041 2271 1132 2322 καὶ
1162 2268 1249 2322 διὰ
1279 2267 1354 2331 τί,
1392 2266 1550 2337 μέχρι
1572 2263 1681 2317 τῶν
1707 2268 1793 2333 κη’

229 2367 525 2440 προϊόντες,
577 2364 735 2417 πάλιν
781 2362 950 2434 ἀρχὴν
978 2360 1338 2428 λαμϐάνουσιν
1369 2357 1474 2410 ἀπὸ
1506 2353 1600 2408 τοῦ
1641 2351 1791 2425 πρώ-

226 2474 319 2511 του
341 2474 355 2488 ·
383 2456 463 2508 ἔτι
486 2455 541 2508 δὲ
563 2455 654 2507 καὶ
677 2454 782 2506 τίνι
806 2451 1010 2523 μεθόδῳ
1031 2449 1312 2518 ζητοῦντες
1330 2447 1482 2500 τόνδε
1507 2443 1629 2499 τινὰ
1651 2442 1792 2497 κατὰ

226 2547 287 2601 τὸ
312 2547 659 2617 ἐνιστάμενον
693 2544 808 2608 έτος
840 2542 1094 2606 ποσταῖός
1133 2542 1271 2606 ἐστι,
1314 2536 1553 2611 ἀκριϐῶς
1599 2534 1665 2589 ἂν
1701 2533 1792 2587 δυο

225 2635 457 2706 ναίμεθα
482 2634 795 2706 λαμϐάνειν.

309 2747 426 2815 Ἐφ’
450 2739 494 2814 ᾧ
516 2747 608 2799 καὶ
635 2744 884 2815 λέγομεν,
911 2744 991 2798 ὅτι
1022 2743 1210 2797 κύκλοι
1238 2741 1336 2813 μὲν
1362 2737 1672 2802 καλοῦνται,
1705 2734 1791 2790 διὰ

223 2836 285 2889 τὸ
312 2835 543 2888 ἕκαστον
575 2835 777 2888 τούτων
817 2837 1142 2888 ἐνιαυσιαῖον
1177 2832 1446 2905 περιέχειν
1483 2829 1786 2898 διάστημα·

1900 505 1965 544 ac
1993 490 2232 547 rationes
2267 492 2364 546 tibi
2398 493 2758 555 traderemus.
2802 499 2919 547 tum
2953 495 3263 548 earumdem
3301 494 3457 551 insu-

1898 594 1994 650 per
2023 579 2232 635 viarum
2254 581 2636 651 rationumque
2667 596 2864 637 causas
2904 582 3034 653 (non
3071 585 3214 638 enim
3246 584 3341 639 tali
3380 584 3457 639 fa-

1898 671 2102 726 cultate
2130 671 2425 730 destitutos
2453 688 2554 728 nos
2579 688 2700 730 esse
2730 674 3005 740 nesciens,
3036 674 3092 729 id
3131 676 3287 732 nobis
3325 691 3457 748 ope-

1897 770 1974 825 ris
1996 771 2254 828 audacter
2299 772 2607 841 imposuisti
2643 789 2870 828 :verum
2904 775 3157 830 amicitiae
3209 776 3456 832 tribuen-

1897 860 2025 916 dum
2066 863 2170 917 hoc
2214 862 2417 934 putasti
2452 880 2466 917 :
2501 876 2623 933 quas
2667 863 3007 934 tyrannidem
3054 865 3344 935 quamdam
3398 866 3455 920 in

1897 968 1992 1008 eos
2013 969 2268 1011 exercere
2291 955 2449 1020 solet,
2491 954 2583 1024 qui
2619 969 2678 1009 se
2706 961 2852 1010 totos
2882 956 2959 1009 illi
2985 957 3329 1026 permittunt,
3360 970 3457 1010 eo-

1896 1061 2127 1116 rumque
2154 1045 2409 1115 sull‘ragia
2454 1061 2519 1100 ac
2548 1046 2752 1116 judicia
2782 1047 3141 1116 corrumpit);
3180 1047 3302 1101 ideo
3330 1062 3453 1114 nos,

1897 1153 1995 1207 pro
2025 1153 2090 1192 eo
2113 1152 2176 1192 ac
2203 1138 2445 1207 jussisti,
2490 1152 2711 1192 manum
2743 1152 2870 1192 ecce
2898 1137 3247 1191 admovemus
3279 1138 3454 1207 operi,

1897 1236 2050 1282 tuum
2077 1228 2145 1283 de
2164 1228 2324 1284 nobis
2348 1228 2615 1297 judicium
2657 1226 2898 1295 reveriti,
2930 1233 3007 1292 et,
3050 1226 3195 1296 quod
3225 1242 3456 1283 consen—

1897 1330 2114 1376 taneum
2145 1329 2251 1385 est,
2271 1323 2475 1376 nullam
2501 1320 2889 1377 imbecillitatis
2918 1330 3118 1375 nostra:
3138 1320 3202 1374 ad
3228 1320 3281 1374 id
3308 1321 3457 1391 quod

1896 1413 2235 1484 propositum
2267 1421 2352 1467 est
2370 1411 2710 1467 elliciendum
2738 1412 3005 1465 rationem
3040 1410 3325 1466 ducentes.
3358 1408 3456 1466 Ut-

1895 1519 2111 1573 cunque
2130 1519 2259 1559 vero
2289 1519 2604 1560 successum
2642 1503 2801 1558 nobis
2830 1501 3016 1565 fuerit,
3041 1501 3339 1556 debitorem
3368 1515 3457 1558 me

1895 1596 1991 1651 tibi
2024 1596 2211 1667 gratias
2234 1594 2463 1662 fatebor,
2497 1595 2665 1667 quod,
2691 1595 2804 1650 sive
2850 1609 2965 1650 rem
3012 1609 3080 1648 ex
3119 1593 3286 1647 animi
3324 1609 3454 1649 sen-

1898 1688 2067 1743 tentia
2094 1687 2392 1758 perfecero,
2429 1696 2485 1742 tu
2510 1688 2641 1743 mihi
2679 1687 2802 1758 ejus
2831 1688 2970 1743 bene
3014 1686 3265 1758 gerenda:
3290 1701 3455 1742 occa-

1896 1779 2100 1835 sionem
2124 1779 2354 1847 dedisti;
2395 1779 2509 1835 sive
2528 1781 2745 1850 assequi
2797 1795 2907 1835 non
2962 1788 3214 1850 potuero,
3281 1788 3340 1835 tu
3368 1794 3455 1836 me
3556 1850 3561 1855 _

1895 1873 2191 1945 quamlibet
2220 1873 2504 1943 imparem,
2539 1871 2798 1928 idoneum
2835 1872 2884 1927 ei
2927 1873 3007 1927 rei
3032 1870 3308 1941 judicasﬁ.

2380 1983 2456 2038 De
2486 1984 2647 2055 cyclis
2678 1982 2960 2038 solaribus.

1963 2094 2004 2149 1.
2036 2092 2221 2148 Prima
2270 2094 2430 2150 nobis
2490 2093 2768 2160 omnium,
2823 2092 3099 2164 cyclorum
3139 2100 3197 2145 ut
3231 2097 3450 2158 vocant,

1894 2183 2154 2238 solarium
2201 2185 2480 2256 proposita
2535 2183 2902 2239 consideratio
2950 2190 3054 2247 est,
3110 2197 3209 2236 cur
3230 2189 3285 2236 et
3314 2182 3451 2254 cycli

1894 2283 2177 2340 vocentur,
2208 2284 2261 2331 et
2318 2276 2382 2331 ad
2440 2291 2611 2330 xxvur
2655 2274 2927 2345 progressi
2977 2288 3168 2329 rursus
3219 2272 3286 2327 ad
3339 2273 3453 2344 pri-

1891 2380 2040 2419 mum
2084 2366 2338 2434 redeant;
2384 2366 2514 2422 item
2574 2382 2696 2437 quae
2740 2367 2812 2422 sit
2856 2365 3145 2421 methodus
3195 2380 3303 2437 qua
3353 2381 3449 2437 cy-

1891 2458 2035 2510 clum
2063 2458 2362 2527 quemlibet
2387 2457 2514 2513 dato
2535 2473 2682 2513 anno
2712 2466 2914 2528 quotus
2940 2459 3014 2514 sit
3045 2465 3234 2512 exacte
3259 2473 3448 2528 perve-

1892 2548 2175 2619 stigemus.

1954 2747 2030 2805 De
2058 2765 2166 2820 quo
2191 2749 2320 2804 illud
2345 2749 2663 2816 asserimus,
2704 2750 2888 2822 cyclos
2920 2750 3137 2822 quidem
3160 2758 3446 2822 propterea

1890 2839 2181 2903 nominari,
2217 2838 2361 2908 quod
2400 2839 2776 2909 unusquisque
2806 2855 3046 2894 annuum
3074 2840 3237 2895 habet
3277 2841 3449 2896 inter~

223 2924 410 2995 ἐπειδὴ
437 2923 545 2994 γὰρ
577 2925 602 2977 ὁ
623 2925 862 2987 ἐνιαυτὸς
897 2925 961 2994 τῇ
988 2921 1080 2976 τοῦ
1120 2921 1269 2994 ἡλίου
1298 2921 1508 2992 κινήσει
1543 2932 1785 2988 παραμε-

1892 2931 2129 2998 vallum;
2155 2944 2277 2984 nam
2297 2931 2425 3002 quia
2468 2932 2600 2988 solis
2626 2948 2790 2987 cursu
2814 2932 3070 2988 metimur
3093 2947 3293 2987 annum
3310 2973 3326 2998 ,
3357 2948 3449 2988 so-

221 3019 461 3087 τρεῖται·
498 3018 530 3087 ἡ
574 3015 630 3068 δὲ
655 3014 749 3068 τοῦ
784 3014 931 3085 ἡλίου
975 3013 1186 3084 κίνησις
1232 3009 1503 3073 κυκλικῶς
1542 3008 1785 3077 ἐνεργου-

1892 3019 1959 3073 lis
1985 3032 2113 3074 vero
2143 3027 2320 3073 motus
2346 3018 2399 3073 in
2422 3020 2608 3089 orbem
2634 3021 2904 3084 evolutus,
2925 3030 2979 3077 et
3006 3021 3075 3075 ab
3104 3037 3212 3076 uno
3244 3030 3448 3093 puncto

226 3107 385 3178 μένη,
425 3107 515 3160 καὶ
547 3105 652 3158 ἀπὺ
691 3105 783 3158 τοῦ
817 3105 979 3159 αὑτοῦ
1023 3102 1247 3175 σημείου
1288 3103 1366 3165 είς
1396 3099 1456 3154 τὸ
1486 3098 1618 3153 αὐτὸ
1655 3099 1785 3151 ἀπο·

1892 3109 1957 3165 ad
1996 3109 2139 3164 idem
2177 3124 2430 3165 reversus
2471 3109 2660 3165 definit
2714 3125 2958 3179 annum;
3015 3112 3277 3183 temporis
3312 3112 3446 3167 illud

223 3196 611 3269 καθισταμένη,
653 3196 743 3249 τὸν
786 3194 1029 3249 ἐνιαυτὸν
1070 3194 1241 3266 ὁρίζει
1265 3210 1278 3223 ο
1314 3192 1554 3253 εἰκότως
1595 3188 1688 3244 καὶ
1729 3186 1785 3241 τὺ

1892 3198 2225 3253 intervallum
2253 3200 2397 3270 quod
2453 3200 2712 3256 solarium
2757 3201 3085 3255 circuituum
3122 3202 3306 3272 spatia
3338 3202 3449 3257 cir-

220 3284 536 3358 ὁριζόμενον
575 3285 820 3358 χρονικὺν
859 3285 1131 3356 διάστημα
1187 3283 1290 3336 ὑπὸ
1338 3282 1448 3336 τῶν
1499 3280 1591 3335 τοῦ
1638 3279 1785 3352 ἡλίου

1892 3291 2279 3355 cumscribunt,
2304 3291 2542 3349 circulus
2564 3293 2747 3347 vocari
2770 3293 2966 3347 meruit
2996 3308 3010 3345 :
3036 3309 3144 3364 quo
3167 3309 3290 3348 cum
3314 3293 3444 3348 anni

222 3375 495 3428 κυκλικῶν
542 3376 827 3445 κινήσεων,
862 3372 890 3424 ὃ
932 3372 1027 3425 καὶ
1074 3370 1317 3424 ἐνιαυτὸν
1363 3366 1655 3436 καλοῦμεν,
1687 3363 1786 3418 κύ-

222 3466 349 3529 κλος
390 3465 590 3537 ἐκλήθη
610 3482 624 3496 ·
661 3462 1142 3532 συνεπινοουμένης
1168 3461 1261 3514 καὶ
1292 3460 1389 3529 τῆς
1418 3457 1511 3511 τοῦ
1540 3452 1785 3509 ἐνιαυτοῦ

222 3556 484 3627 κλήσεως,
518 3553 744 3618 ἐντελῶς
787 3552 983 3617 κύκλος
1029 3550 1296 3613 ἐνιαύσιος
1340 3548 1426 3619 εἴη
1458 3546 1525 3601 ἂν
1567 3546 1783 3615 ὠνομα-

224 3647 437 3718 σμένος.

294 3741 519 3812 Προῖασι.
544 3739 588 3792 δ’
620 3739 669 3791 οἱ
700 3736 957 3791 ἐνιαύσιοι
982 3728 1126 3789 οὗτοι
1160 3733 1347 3787 κύκλοι
1376 3729 1470 3784 τοῦ
1496 3728 1645 3800 ἡλίου
1688 3726 1783 3799 ἀφ’

223 3831 339 3894 ἑνὸς
368 3829 493 3901 ἄχρι
520 3828 628 3882 τῶν
657 3834 762 3899 κη’,
794 3828 888 3880 καὶ
915 3826 1074 3880 πάλιν
1106 3826 1278 3897 ἀρχὴν
1302 3822 1666 3895 λαμϐάνουσιν
1689 3820 1781 3888 ἀφ’

221 3923 360 3986 ἑνὸς,
381 3922 444 3973 δι’
479 3921 655 3975 αἰτίαν
678 3919 946 3991 τοιαύτην.

223 4038 324 4091 Διὰ
381 4036 438 4089 τί
477 4032 654 4103 μέχρι
718 4016 838 4087 τῶν·
885 4031 1295 4156 κηῇτροΐασιν
1341 4031 1395 4082 οἱ
1449 4027 1555 4082 τοῦ
1598 4025 1780 4094 ἡλίου

884 4121 960 4156 xv
1043 4120 1117 4156 οι.

884 4120 1117 4156 arvum.

294 4220 368 4273 B’.
404 4217 511 4273 Τοῦ
532 4217 861 4292 δημιουργοῦ
882 4217 988 4271 τῶν
1016 4217 1151 4270 ὅλων
1183 4214 1317 4269 Θεοῦ
1336 4214 1495 4287 τήνδε
1522 4214 1621 4286 τὴν
1641 4216 1780 4286 ὁρω-

224 4312 391 4384 μένην
418 4314 596 4365 πᾶσαν
626 4312 802 4365 κτίσιν
824 4313 881 4364 ἐν
909 4310 1142 4382 ἡμέραις
1168 4307 1229 4373 ἒξ
1247 4310 1327 4372 είς
1353 4308 1412 4361 τὸ
1434 4304 1575 4363 εἶναι
1599 4324 1777 4379 παρα-

1884 3398 2103 3453 quoque
2138 3384 2724 3454 appellationejuncta,
2749 3400 2966 3439 annuus
2993 3384 3233 3440 circulus
3268 3384 3445 3440 nomi-

1885 3479 2066 3530 natur.

1945 3736 2116 3791 Porro
2143 3736 2366 3792 annales
2394 3736 2485 3792 isti
2504 3735 2694 3792 circuli
2717 3735 2848 3792 solis
2871 3736 2940 3791 ab
2968 3751 2986 3789 ι
3019 3735 3087 3791 ad
3114 3751 3283 3792 xxvm
3310 3750 3439 3807 pro-

1880 3826 2214 3897 gressionem
2243 3825 2481 3892 faciunt;
2528 3825 2762 3897 indeque
2810 3827 2880 3882 ab
2928 3842 3042 3882 uno
3099 3842 3292 3883 rursus
3348 3829 3436 3881 in-

1879 3921 2154 3973 choantur
2190 3933 2202 3968 :
2242 3919 2384 3987 quod
2422 3918 2492 3973 ob
2521 3917 2661 3974 hanc
2684 3932 2905 3973 causam
2930 3917 3150 3974 accidit.

1884 4029 2039 4101 195
2103 4029 2278 4096 Quare
2319 4029 2389 4083 ad
2442 4045 2614 4111 xxwtt
2667 4045 2830 4153 πίεσαι
2889 4032 3175 4098 procedunt
3237 4028 3437 4084 salares

2541 4116 2688 4153 ctrcu
2714 4117 2751 4153 ι.

2541 4116 2751 4154 σίνεται.

1946 4209 2010 4266 ll.
2049 4209 2185 4266 Cum
2219 4210 2416 4267 artifex
2448 4224 2631 4266 rerum
2655 4209 2897 4265 omnium
2926 4208 3071 4264 Deus
3102 4216 3266 4263 totam
3296 4208 3436 4263 hanc

1878 4309 2183 4358 creatarum
2214 4317 2394 4358 rerum
2426 4300 2837 4357 universitatem
2880 4301 3100 4354 molitus
3143 4300 3214 4354 sit
3243 4299 3436 4354 diebus

219 4405 501 4475 γαγόντος,
540 4407 604 4476 τῇ
639 4404 682 4457 δ’
726 4402 925 4474 ἑϐδόμη
955 4401 1466 4472 καταπαυσαμένου,
1503 4401 1577 4464 ὡς
1607 4402 1640 4471 ἡ
1677 4400 1776 4470 τῆς

1892 4393 2102 4447 πηιιίηο
2126 4408 2217 4449 sex
2239 4432 2256 4461 ,
2284 4391 2514 4463 septima
2538 4390 2889 4461 requieverit,
2923 4399 2984 4444 ut
3003 4396 3088 4445 est
3117 4390 3171 4444 in
3205 4389 3435 4444 historia

219 4497 260 4549 Γ
261 4497 488 4560 ενέσεως
517 4497 715 4566 ἱστορεῖ
738 4494 935 4564 βίϐλος,
956 4495 984 4547 ὁ
1011 4494 1126 4564 μετ’
1144 4493 1357 4564 ἐκείνην
1379 4493 1478 4565 τὴν
1506 4492 1775 4563 ἑϐδομάδα

221 4588 816 4660 συμπαρεκτεινόμενος
866 4587 1011 4649 ἄπας
1058 4586 1246 4657 χρόνος
1291 4588 1404 4650 τοῖς
1435 4582 1584 4639 οὖσιν
1629 4585 1777 4638 ἑϐδο-

222 4679 465 4751 ματικῶς
492 4681 612 4732 κατ’
627 4679 842 4750 ἐκείνην
866 4681 1162 4750 μετρεῖται.
1177 4677 1423 4749 Κάπειδὴ
1442 4678 1533 4732 καὶ
1552 4680 1581 4733 ὁ
1603 4677 1771 4748 ἥλιος,

216 4769 314 4839 τὴν
355 4767 487 4821 ἰδίαν
511 4767 827 4839 ποιούμενος
853 4766 1087 4838 κίνησιν,
1119 4765 1225 4819 ἀπὸ
1262 4764 1357 4818 τοῦ
1400 4764 1563 4819 αὐτοῦ
1608 4768 1688 4828 εἰς
1714 4766 1775 4819 τὸ

214 4862 346 4916 αὐτὸ
375 4864 596 4931 σημεῖον
618 4860 685 4914 δι’
716 4859 936 4930 ἡμερῶν
967 4860 1072 4925 τξε¹
1114 4859 1206 4912 καὶ
1233 4858 1272 4911 δ’
1307 4858 1532 4927 ἔγγιστα
1559 4859 1771 4911 ἀποκα-

215 4952 482 5015 θίσταται,
523 4953 615 5005 καὶ
667 4953 810 5004 ποιεί
839 4951 929 5002 τὸν
974 4948 1242 5003 ἐνιαύσιον
1279 4950 1478 5004 κύκλον
1523 4947 1771 5002 ἐντεῦθεν

213 5042 478 5106 τοσαύτας
503 5041 803 5112 περιέχειν·
824 5040 877 5093 αἱ
898 5039 955 5093 δὲ
987 5037 1244 5093 τοσαῦται
1265 5039 1469 5110 ἡμέραι
1500 5037 1651 5109 παρὰ
1680 5038 1771 5090 τὸν

214 5135 311 5204 τῆς
334 5133 618 5205 ἑϐδομάδος
640 5131 838 5186 κύκλον
872 5130 1221 5203 μεριζόμεναι
1249 5130 1324 5201 νβ’
1352 5130 1595 5184 ποιοῦσιν
1620 5130 1771 5184 ἐϐδο-

216 5225 390 5295 μάδας
418 5226 512 5277 καὶ
535 5223 744 5296 ἡμέραν
779 5222 905 5293 μίαν
922 5263 937 5287 ,
984 5223 1077 5275 καὶ
1103 5220 1229 5292 α’[ᾶ
1248 5238 1262 5251 ο
1295 5221 1526 5293 φανερὸν
1546 5259 1561 5285 ,
1588 5222 1669 5275 ὅτι
1708 5220 1768 5274 ού

212 5319 381 5370 πᾶσαι
402 5314 512 5369 τῶν
544 5315 680 5368 ἐτῶν
708 5316 765 5368 αἱ
798 5314 962 5385 ἀρχαὶ
988 5312 1131 5366 κατὰ
1169 5311 1267 5384 τὴν
1293 5313 1459 5384 αὐτὴν
1493 5314 1587 5367 καὶ
1640 5313 1768 5384 μίαν

209 5407 318 5460 τῶν
368 5406 467 5475 τῆς
512 5405 800 5476 ἑϐδομάδος
833 5401 1054 5475 ἡμερῶν
1094 5403 1383 5474 ἄρχονται·
1431 5403 1566 5457 ἀλλὰ
1602 5421 1768 5475 μετα-

210 5497 487 5551 ϐαίνουσιν
534 5496 639 5549 ἀπὸ
689 5496 787 5566 μὲν
841 5492 1065 5567 πρώτης
1109 5496 1189 5558 είς
1231 5493 1529 5567 δευτέραν,
1564 5496 1671 5551 ἀπὸ
1710 5496 1767 5550 δὲ

205 5590 464 5659 δευτέρας
489 5591 568 5654 είς
599 5588 809 5660 τρίτην,
844 5587 938 5642 καὶ
970 5585 1220 5657 καθεξῆς.

1876 4484 2141 4541 Genesis:
2174 4491 2388 4555 tempus
2440 4483 2697 4553 deinceps
2739 4496 2922 4548 omne,
2957 4481 3099 4551 quod
3133 4481 3433 4536 secundum

1876 4576 2022 4632 illam
2052 4574 2447 4631 hebdomadam
2485 4587 2610 4628 cum
2660 4587 2841 4626 rerum
2870 4571 3215 4627 successione
3258 4569 3437 4625 conti-

1874 4680 1985 4719 nuo
2027 4672 2376 4734 propagatur,
2422 4662 2491 4717 ad
2533 4661 2722 4733 primae
2761 4661 2908 4716 illius
2954 4660 3172 4715 modum
3218 4675 3315 4730 per
3347 4677 3435 4717 se-

1877 4757 2183 4828 ptenarium
2238 4770 2526 4810 numerum
2567 4752 2822 4824 exigitur.
2886 4752 2952 4807 Et
3015 4753 3272 4825 quoniam
3350 4754 3436 4809 sol

1872 4848 2152 4918 praprium
2193 4847 2417 4916 explens
2448 4846 2657 4912 orbem,
2702 4846 2771 4901 ab
2802 4861 2912 4899 uno
2950 4854 3152 4916 puncto
3193 4845 3259 4900 ad
3288 4844 3433 4900 idem

1871 4954 2071 4994 cccrxv
2127 4938 2344 5003 diebus,
2405 4945 2461 4993 et
2518 4938 2625 4992 diei
2678 4936 3066 5007 propemodum
3131 4935 3433 5005 quadrante

1872 5031 2171 5086 revolvitur
2210 5040 2371 5100 atque
2393 5044 2634 5084 annuum
2659 5029 2948 5083 circuitum
2974 5026 3196 5081 totidem
3236 5027 3430 5082 diebus

1872 5129 2210 5176 constantem
2238 5120 2402 5175 ellicit
2434 5138 2447 5175 :
2487 5134 2606 5188 qua:
2637 5119 2856 5190 quidem
2897 5118 3015 5172 dies
3045 5133 3142 5187 per
3180 5125 3434 5187 septena~

1872 5213 2013 5267 rium
2046 5214 2315 5268 circulum
2349 5212 2655 5267 distributae
2704 5220 2902 5282 praeter
2949 5210 3315 5267 hebdomadas
3355 5224 3430 5265 Lit

1871 5319 2036 5359 unam
2066 5304 2208 5358 diem
2251 5302 2497 5359 efficiunt
2533 5317 2656 5357 cum
2697 5303 3022 5371 quadrante,
3073 5299 3423 5355 manifestum

1869 5403 1954 5452 est
1985 5412 2093 5450 non
2122 5394 2364 5450 omnium
2399 5408 2668 5449 annorum
2700 5393 2857 5448 initia
2892 5394 2961 5448 ab
2998 5408 3106 5448 una
3135 5393 3431 5462 eademque

1869 5487 1957 5542 die
1996 5484 2353 5541 hebdomadis
2391 5486 2674 5556 incipere:
2718 5484 2814 5540 sed
2858 5499 2888 5538 a
2928 5484 3102 5555 prima
3133 5482 3427 5537 transitum

1870 5576 1936 5631 ad
1980 5577 2274 5633 secundam
2324 5575 2501 5633 facere
2535 5595 2549 5631 :
2587 5576 2654 5632 ab
2705 5577 2806 5633 hac
2853 5577 2919 5632 ad
2978 5577 3215 5642 tertiam,
3267 5573 3427 5630 dein-

1870 5685 2105 5741 cepsque
2128 5676 2379 5725 caeteras.
