3950 6266
528 316 666 371 1285

527 526 689 582 etiam
733 523 979 594 pluribus
1031 522 1211 585 annis,
1262 520 1354 590 qui
1397 525 1519 588 post
1570 517 1757 571 mundi
1805 516 2084 570 conditum

529 614 772 683 proxime
814 611 1054 666 fuerunt.
1104 609 1397 678 Postquam
1439 607 1584 661 enim
1643 605 1853 675 primus
1909 619 2085 659 annus

528 704 690 773 erepit
720 702 852 756 feria
884 701 1076 768 prima,
1109 714 1173 753 ac
1226 706 1494 752 trecentos
1523 696 1816 766 {sexaginta
1851 696 2088 766 quinque

529 810 654 848 cum
715 794 1019 864 quadrante
1068 792 1186 846 dies
1237 791 1516 860 explicuit,
1571 789 1861 858 insequens
1909 804 2086 844 annus

530 884 802 940 secundus
828 881 1151 953 abjsccunda
1169 881 1354 948 utique
1377 879 1511 933 feria
1533 885 1725 932 nactus
1746 886 1828 933 est
1852 876 2084 943 initium,

529 977 725 1031 tertius
760 991 790 1028 a
824 975 1006 1036 tertia,
1044 980 1099 1027 et
1145 973 1224 1027 sic
1255 971 1530 1039 deinceps.
1565 969 1773 1039 Quippe
1806 969 2088 1038 quadrans

531 1068 620 1122 ille
647 1068 777 1130 diei,
805 1067 895 1136 qui
920 1063 986 1118 ad
1008 1078 1209 1118 cccuv
1237 1064 1353 1117 dies
1382 1061 1646 1116 accedens
1675 1069 1970 1115 vertentem
1996 1075 2090 1112 ex-

531 1160 642 1228 plet
670 1173 891 1220 aimum,
922 1171 1262 1224 nequaquam
1297 1154 1526 1224 singulis
1559 1154 1717 1208 annis
1753 1152 2085 1221 imputatur;

533 1251 628 1306 sed
671 1258 793 1320 post
822 1265 995 1304 annos
1025 1257 1282 1318 quatuor,
1320 1247 1531 1318 integro
1556 1247 1667 1316 jam
1703 1247 1934 1300 collecto
1977 1245 2084 1300 die.

531 1341 668 1396 Nam
702 1349 893 1412 quater
921 1342 1184 1412 repetitus
1211 1339 1486 1409 quadrans
1504 1354 1668 1394 unum
1694 1337 1883 1394 efficit.
1913 1336 2089 1406 Atque

533 1433 624 1487 hic
653 1435 742 1488 ille
771 1435 887 1488 dies
910 1433 1194 1487 absolutus
1225 1432 1290 1485 ad
1319 1446 1522 1486 cccuv
1551 1431 1667 1486 dies
1693 1429 1908 1484 additur
1932 1445 1946 1484 :
1981 1444 2089 1498 quo

539 1526 598 1579 fit
627 1533 684 1578 ut
710 1541 886 1580 annus
918 1526 1021 1579 iste
1048 1524 1257 1579 dierum
1290 1523 1360 1578 sit
1391 1537 1636 1586 cccuvn,
1667 1537 1828 1592 quem
1859 1538 1958 1577 nos
1979 1521 2090 1575 Ro-

533 1631 691 1670 mana
718 1617 899 1686 lingua
931 1616 1212 1670 bissextum
1239 1615 1600 1670 nominamus.
1633 1614 1899 1681 Quocirca
1930 1615 2092 1686 quin-

534 1717 624 1761 tus
660 1722 837 1762 annus
866 1706 1078 1770 mundi,
1115 1722 1225 1761 non
1250 1715 1308 1762 ut
1342 1707 1552 1776 priores
1576 1707 1664 1760 alii
1690 1721 1718 1759 a
1742 1706 1876 1760 feria
1899 1707 2090 1776 quinta

539 1799 682 1868 cepit
729 1798 1037 1863 exordium,
1071 1799 1164 1853 sed
1193 1813 1222 1850 a
1252 1808 1426 1862 sexta,
1459 1807 1677 1867 propter
1708 1797 1871 1852 unius
1905 1811 2089 1852 acces-
2120 1777 2161 1834 Β

536 1893 743 1946 sionem
769 1890 897 1954 diei,
916 1892 1006 1960 qui
1029 1907 1092 1945 ex
1117 1889 1509 1960 quadrantibus
1527 1890 1786 1943 collectus
1807 1888 1873 1941 ad
1892 1903 2093 1946 annum

535 1989 788 2051 quartum
817 1981 1150 2050 przeteritum
1177 1979 1423 2048 adjectus
1449 1987 1551 2032 est.
1583 1977 1718 2032 Tum
1749 1977 1943 2032 deinde
1973 1993 2096 2033 sex-

537 2081 648 2138 tus,
672 2075 955 2144 scptimus,
980 2082 1033 2127 et
1061 2081 1285 2127 octavus
1310 2072 1432 2138 ritc,
1461 2073 1540 2125 uti
1565 2071 1735 2126 series
1764 2072 2094 2142 postulabat,

538 2165 890 2220 hebdomade:
918 2165 1037 2219 dies
1062 2165 1334 2228 obierunt,
1371 2165 1473 2218 hoc
1502 2175 1586 2218 est
1618 2181 1716 2229 vn,
1750 2181 1765 2218 ι
1801 2171 1855 2219 et
1887 2180 1961 2229 u;
1999 2177 2096 2217 no-

538 2275 643 2314 nus
682 2267 860 2313 autem
893 2274 1000 2312 non
1027 2259 1267 2324 tertiam,
1298 2260 1392 2314 sed
1423 2267 1670 2329 quartam
1698 2259 1921 2313 habuit:
1950 2256 2098 2329 quod

538 2351 596 2403 in
629 2349 983 2420 sequentibus
1017 2348 1204 2403 eadem
1238 2349 1450 2402 ratione
1485 2349 1735 2420 contigit.

610 2524 688 2580 Ex
721 2525 789 2581 iis
823 2533 1066 2596 apparet,
1097 2526 1143 2580 si
1177 2527 1394 2597 quidem
1425 2542 1602 2582 annus
1628 2527 1820 2582 diebus
1857 2533 2097 2581 tantum-

541 2619 702 2673 modo
744 2627 954 2674 constet
992 2634 1212 2686 cccuv,
1259 2621 1378 2676 sine
1425 2621 1534 2674 ulla
1563 2620 1878 2690 quadrantis
1914 2635 2100 2674 acces-

543 2713 719 2772 sione,
749 2719 954 2783 septem
982 2728 1090 2766 non
1119 2714 1352 2783 amplius
1382 2714 1614 2768 evolutis
1641 2713 1822 2777 annis,
1860 2713 2102 2782 singulo-

542 2821 661 2858 rum
686 2805 838 2859 initia
860 2805 926 2860 ad
945 2806 1189 2860 eamdem
1215 2805 1401 2860 feriam
1421 2822 1542 2861 esse
1568 2807 1829 2860 reditura.
1852 2804 1955 2860 Sed
1977 2821 2101 2859 cum

541 2897 815 2966 quadrans
844 2898 1065 2968 insuper
1091 2897 1331 2963 accedat,
1359 2899 1516 2966 cujus
1547 2899 1719 2968 gratia
1748 2905 1944 2967 quarto
1975 2911 2104 2967 quo-

543 3005 648 3056 que
668 3004 807 3043 anno
836 2991 894 3042 fit
921 3005 1062 3045 unus
1079 2989 1194 3044 dies
1225 2990 1485 3058 reliquus,
1503 2990 1594 3058 qui
1622 2990 2101 3059 ex,quadrantibus

542 3089 776 3148 quatuor
812 3080 1069 3146 eflicitur,
1100 3079 1222 3134 ideo
1250 3096 1346 3150 per
1383 3096 1556 3135 annos
1585 3088 1786 3147 octo_et
1814 3082 2003 3150 viginti
2035 3083 2100 3136 ad

545 3172 760 3238 easdem
789 3171 1137 3227 bebdomadze
1168 3173 1328 3228 ferias
1353 3188 1620 3228 annorum
1664 3175 1962 3246 primordia
2014 3190 2102 3229 re-

547 3269 828 3316 vocantur.
861 3261 993 3316 Nam
1021 3265 1067 3319 si
1103 3281 1177 3318 vu
1205 3265 1428 3321 duxeris
1460 3267 1514 3319 in
1564 3282 1638 3330 Iv,
1672 3268 1774 3321 hoc
1802 3274 1885 3321 est
1918 3267 2104 3321 initio-

547 3370 668 3407 rum
697 3355 822 3409 anni
852 3357 1202 3422 mutationes,
1225 3358 1715 3427 qu2e,_utdiximus,
1745 3359 2104 3428 quadriennio

546 3463 761 3519 quoque
817 3449 1084 3514 incidunt,
1148 3451 1384 3506 confient
1433 3460 1560 3506 octo
1606 3460 1660 3507 et
1707 3454 1921 3524 viginti.
1972 3454 2103 3520 Quae

545 3554 713 3597 causa
753 3550 838 3596 est
888 3556 986 3595 cur
1026 3557 1200 3610 neque
1239 3543 1507 3611 pluribus,
1552 3559 1728 3614 neque
1752 3547 2102 3614 paucioribus

551 3633 730 3699 annis,
751 3649 912 3704 quam
943 3650 1135 3700 xxvm,
1162 3637 1326 3689 annui
1355 3636 1548 3690 circuli
1579 3638 1710 3693 solis
1734 3640 2097 3708 explicantur.

617 3813 876 3884 Superest
907 3824 966 3870 ut
997 3826 1146 3872 certa
1179 3818 1317 3872 ratio
1349 3817 1614 3882 tradatur,
1651 3833 1748 3888 per
1771 3833 1932 3889 quam
1963 3834 2106 3874 anno

546 3908 739 3975 quovis
770 3908 954 3961 oblato
982 3910 1253 3963 ineuntem
1281 3911 1494 3980 cyclum
1528 3912 1659 3966 solis
1689 3925 1883 3980 capere
1929 3912 2105 3980 possi-

548 4014 690 4052 mus.
726 3998 797 4052 Ea
843 4015 968 4054 vero
995 4011 1077 4077 est
1109 4001 1401 4068 ejusmodi.

681 4175 952 4233 Methodus
982 4178 1272 4233 inveniendi
1301 4189 1485 4248 quotus
1511 4182 1578 4233 sit
1608 4181 1784 4250 cyclus
1815 4181 1967 4235 solis.

622 4332 703 4387 ιςι.
740 4332 929 4389 Annos
973 4336 1041 4390 ab
1081 4337 1236 4389 initio
1279 4339 1463 4391 mundi
1515 4339 1581 4392 ad
1613 4339 1889 4392 ineuntem
1925 4353 2104 4408 usque.

1504 307 1590 362 AD
1629 283 1893 362 eusser!
1931 300 2322 360 cuaomcon
2370 303 2734 360 APPENDIX.

598 431 810 488 Clarius
842 431 946 486 hoc
988 428 1078 486 ﬁet
1129 438 1397 497 exempto,
1434 427 1659 496 prolatis
1702 425 1937 489 duobus,
1992 430 2084 477 aut
2113 431 2160 481 Α

3621 305 3748 358 1283

2258 423 2596 494 Σαφέστερον
2618 423 2672 476 δὲ
2698 422 2852 478 τοῦτο
2877 424 2947 477 δι’
2974 425 3368 494 ὑποδείγματος
3389 423 3746 494 ποιησόμεθα.

2191 513 2284 566 δύο
2335 515 2368 585 ἢ
2411 516 2502 568 καὶ
2560 516 2727 568 πλείω
2781 517 3261 587 προχειρισάμενοι
3311 516 3420 568 τῶν
3470 515 3614 586 μετά
3663 517 3752 585 τὴν

2192 608 2364 679 ἀρχὴν
2385 609 2483 679 τῆς
2507 611 2890 679 κοσμογενείας
2919 609 3075 664 ἑτῶν.
3102 609 3206 662 Τοῦ
3233 611 3340 680 γάρ
3365 608 3586 680 πρώτου
3611 608 3754 668 ἔτους

2193 702 2302 753 ἀπὸ
2335 702 2544 773 ἡμέρας
2583 702 2805 772 πρώτης
2846 701 3175 772 ἀρξαμένου,
3222 703 3322 755 κάν
3359 701 3468 764 τξε¹
3521 702 3753 771 ἡμέραις

2194 794 2288 845 καὶ
2317 793 2443 862 cal/6'
2467 793 2910 864 περιενεχθέντος
2929 836 2943 859 ,
2990 796 3051 848 τὸ
3080 796 3194 864 μετ’
3225 795 3354 846 αὐτὸ
3401 793 3445 863 β’
3491 793 3616 855 ἔτος
3656 793 3755 844 ἀπὸ

2193 882 2404 952 ἡμέρας
2452 882 2709 954 δευτέρας
2764 884 2962 954 ἤρξατο
3013 885 3260 948 πάντως,
3313 885 3406 938 καὶ
3464 884 3528 936 τὸ
3580 885 3754 954 τρίτον

2193 972 2452 1036 ὡσαύτως
2491 975 2597 1027 ἀπὸ
2630 976 2839 1046 τρίτης,
2876 976 2970 1028 καὶ
2998 976 3214 1046 ἑφεξῆς.
3248 977 3318 1029 Τὸ
3353 977 3462 1047 γὰρ
3500 977 3756 1046 τέταρτον

2198 1065 2363 1135 μέρος
2406 1066 2504 1136 τῆς
2549 1068 2758 1138 ἡμέρας
2813 1067 2872 1120 τὸ
2903 1069 3294 1138 προσκείμενον
3317 1071 3438 1130 ταῖς
3481 1066 3757 1127 τοιαύταις

2193 1155 2298 1220 τξε¹
2325 1158 2557 1228 ἡμέραις
2582 1159 2660 1221 εἰς
2690 1159 2787 1228 τὴν
2815 1159 2906 1212 τοῦ
2947 1159 3193 1212 ἐνιαυτοῦ
3220 1159 3430 1212 τελείαν
3464 1161 3757 1229 άπάρτισιν

2194 1249 2254 1301 οὐ
2287 1249 2406 1301 καθ’
2445 1249 2673 1302 ἑκαστον
2721 1249 2840 1314 ἔτος
2872 1251 3216 1322 ἀριθμεῖται,
3251 1251 3385 1304 ἀλλά
3418 1253 3564 1304 κατά
3594 1250 3636 1302 δ’
3668 1250 3753 1320 ἔτη

2199 1341 2323 1409 μιᾶς
2347 1339 2558 1410 ἡμέρας
2589 1342 2975 1410 συναγομένης.
3001 1343 3266 1413 Τετράκις
3287 1342 3394 1412 γὰρ
3417 1343 3478 1394 τὸ
3518 1343 3653 1411 a'/6'
3681 1343 3754 1397 ἓν.

2195 1432 2340 1502 Αύτὴ
2367 1435 2398 1502 ἡ
2422 1432 2602 1485 τελεία
2635 1433 2814 1504 ἡμέρα
2844 1434 3189 1504 προστίθεται
3215 1438 3335 1498 ταῖς
3355 1435 3461 1500 τξε¹
3488 1435 3751 1504 ἡμέραις·

2195 1525 2288 1577 καὶ
2322 1525 2525 1592 γίνεται
2559 1525 2618 1577 τὸ
2650 1524 2768 1588 ἔτος
2807 1527 2983 1578 ἑκείνο
3019 1525 3138 1591 τξς¹
3182 1527 3423 1597 ἡμερῶν,
3457 1526 3486 1577 δ
3533 1527 3631 1578 καὶ
3662 1543 3755 1576 κα-

2194 1613 2362 1668 λεῖται
2394 1616 2520 1684 παρ’
2549 1616 2677 1683 ἡμῖν
2713 1614 3029 1684 Ῥωμαῖκῶς
3058 1615 3348 1684 βίσσεξτον.
3393 1615 3469 1667 Τὸ
3515 1613 3629 1666 ἀπὸ
3665 1614 3755 1683 τῆς

2195 1706 2580 1774 κοσμογενείας
2607 1708 2712 1775 ἄρα
2747 1707 2990 1776 πέμπτον
3013 1706 3131 1767 ἔτος
3153 1708 3248 1759 οὐκ
3277 1707 3481 1777 ἧρξατο
3503 1707 3600 1773 ἀφ’
3624 1707 3752 1775 ἠμέ-

2195 1817 2293 1870 ρας
2336 1799 2592 1868 πέμπτης
2637 1798 2944 1862 ἀκολούθως
2975 1801 3086 1860 τοῖς
3129 1799 3233 1868 πρὸ
3284 1798 3471 1859 αὑτοῦ,
3514 1798 3632 1850 ἀλλ’
3669 1801 3752 1866 ἀφ’

2193 1888 2356 1958 ἑκτης
2377 1888 2463 1940 διὰ
2479 1888 2575 1958 τὴν
2591 1889 2686 1958 τῆς
2709 1889 2814 1941 ἀπὸ
2829 1890 2934 1940 τῶν
2958 1896 3003 1941 α’
3007 1890 3085 1958 /6'
3107 1888 3379 1959 τετάρτων
3403 1888 3754 1956 συναχθείσης

2199 1981 2326 2051 μιᾶς
2363 1980 2575 2050 ἡμέρας
2621 1979 2918 2050 γενομένην
2967 1979 3280 2050 προσθήκην
3311 1977 3388 2047 τῷ
3435 1978 3753 2048 παρελθόντι

2195 2074 2234 2126 δ’
2267 2074 2393 2126 ἔτει.
2426 2074 2534 2125 Καὶ
2577 2073 2773 2141 ἑφεξῆς
2804 2073 2865 2125 τὸ
2896 2072 2992 2142 μὲν
3025 2073 3202 2135 ἕκτον,
3246 2073 3340 2125 καὶ
3370 2071 3627 2141 ἕϐδομον,
3671 2072 3756 2123 καὶ

2196 2171 2242 2235 η’
2275 2163 2392 2225 ἕτος
2423 2163 2842 2234 ἀπαραλείπτως
2875 2161 3016 2215 κατά
3045 2162 3196 2226 τάξιν
3220 2162 3317 2226 τὰς
3341 2163 3440 2232 τῆς
3466 2161 3757 2231 ἑϐδομάδος

2197 2255 2484 2330 περιῆλθον
2505 2255 2737 2327 ἡμέρας,
2769 2255 3014 2307 τουτέστι
3042 2256 3139 2326 τήν
3167 2271 3224 2306 τε
3252 2254 3316 2318 ζ’,
3346 2255 3440 2306 καὶ
3471 2255 3645 2324 αὐτὴν
3667 2252 3756 2320 τὴν

2197 2347 2456 2419 πρώτην,
2519 2347 2614 2399 καὶ
2659 2347 2754 2418 τὴν
2800 2347 3088 2416 δευτέραν·
3125 2347 3184 2398 τὸ
3223 2346 3279 2399 δὲ
3327 2345 3512 2398 ἔνατον
3556 2346 3619 2398 οὐ
3668 2345 3755 2412 τὴν

2197 2441 2408 2513 τρίτην,
2441 2439 2575 2492 ἀλλά
2610 2439 2706 2510 τὴν
2733 2440 2794 2501 δ’,
2829 2441 2926 2492 κάν
2956 2442 3066 2501 τοῖς
3098 2439 3293 2508 ἑφεξῆς
3327 2439 3550 2508 ὁμοίως.

2267 2531 2500 2602 Φανερὸν
2531 2525 2621 2582 οὖν
2653 2531 2715 2580 ἑκ
2767 2528 2989 2594 τούτων,
3019 2527 3127 2592 ὡς,
3169 2529 3218 2579 εί
3274 2527 3371 2597 μὲν
3426 2529 3673 2597 περιεῖχε
3703 2526 3756 2577 τὸ

2201 2623 2318 2686 ἔτος
2347 2622 2452 2686 τξε¹
2485 2621 2644 2692 μόνον
2683 2621 2912 2690 ἡμέρας,
2943 2619 3016 2690 μὴ
3043 2617 3434 2690 προσκειμένου
3463 2615 3560 2670 τοῦ
3596 2616 3637 2668 δ’
3670 2617 3756 2686 μέ-

2206 2735 2348 2788 ρους,
2378 2717 2445 2770 δι’
2476 2715 2614 2768 ἑπτὰ
2639 2713 2703 2768 ἂν
2741 2713 2875 2768 ἑτῶν
2906 2713 3081 2782 μόνων
3112 2715 3166 2766 αἱ
3204 2712 3404 2766 τούτων
3436 2711 3605 2782 ἀρχαὶ
3633 2711 3755 2781 πρὸς

2202 2812 2299 2882 τὴν
2337 2809 2435 2878 τῆς
2470 2807 2760 2878 ἑϐδομάδος
2795 2806 3003 2877 ἡμέραν
3047 2803 3509 2856 ἀποκαθίσταντοο
3546 2801 3670 2854 ἐπεὶ
3708 2801 3757 2853 δὲ

2204 2903 2459 2974 πρόσεστι
2497 2899 2720 2961 ταύταις
2756 2900 2848 2951 καὶ
2891 2898 2952 2950 τὸ
2996 2897 3142 2967 α’ίδ,
3177 2896 3270 2948 καὶ
3306 2895 3396 2948 διὰ
3435 2894 3597 2947 τοῦτο
3628 2894 3759 2948 κατὰ

2203 2995 2243 3047 δ’
2285 2995 2378 3064 ἔτη
2412 2991 2804 3064 παραλείπεται
2831 2989 3012 3060 ἡμέρα
3034 2997 3103 3052 α’,
3137 2990 3168 3057 ἡ
3201 2987 3306 3039 ἀπὸ
3331 2985 3439 3039 τῶν
3484 2987 3760 3055 τεσσάρων

2127 3107 2172 3166 c
2207 3085 2542 3155 συναγομένη
2575 3082 2730 3152 α’ίδ”
2762 3081 2848 3134 διὰ
2881 3087 2964 3152 κη’
3002 3079 3138 3134 ἑτῶν
3174 3079 3464 3146 συνάγεται
3486 3076 3757 3130 ἀποκατά-

2208 3195 2393 3240 στασις
2416 3176 2522 3228 τῶν
2558 3173 2698 3228 κατὰ
2733 3172 2801 3225 τὰ
2842 3172 2934 3241 ἑτη
2973 3169 3154 3241 ἀρχῶν
3193 3171 3327 3240 πρὸς
3360 3170 3460 3230 τὰς
3493 3168 3596 3236 τῆς
3623 3167 3761 3220 ἑϐδο-

2207 3271 2368 3342 μάδος
2394 3267 2621 3338 ἡμέρας.
2659 3262 3270 3330 Πολλαπλασιαζομένου
3311 3261 3418 3332 γὰρ
3453 3260 3546 3314 τοῦ
3581 3259 3624 3322 ζ’
3651 3261 3762 3329 ἦτοι

2203 3362 2309 3415 τῶν
2342 3361 2438 3430 τῆς
2462 3357 2752 3428 ἑϐδομάδος
2776 3355 2996 3426 ἡμερῶν
3023 3355 3115 3406 ἐπὶ
3135 3354 3222 3406 τὸν
3254 3353 3314 3416 δ’,
3348 3353 3596 3404 τουτέστι
3633 3351 3761 3405 κατά

2203 3455 2300 3517 τὰς
2333 3450 2772 3522 τετραετηρίδας,
2803 3448 2876 3511 ὡς
2912 3447 3250 3516 διείληπται,
3301 3445 3634 3516 μεταϐάσεις
3664 3443 3760 3496 τῶν

2205 3544 2385 3616 ἀρχῶν
2434 3541 2540 3593 τῶν
2573 3540 2708 3592 ἑτῶν
2755 3539 2989 3606 γίνονται
3033 3537 3137 3608 κη’.
3177 3538 3286 3590 Καὶ
3342 3537 3482 3604 αὕτη
3540 3537 3686 3588 ἐστὶν
3732 3538 3761 3604 ἡ

2206 3635 2351 3689 αἰτία
2373 3634 2464 3686 τοῦ
2495 3633 2630 3703 μήτε
2663 3630 2920 3683 πλειόνων
2952 3631 3073 3701 μήτ’
3091 3629 3384 3682 ἐλαττόνων
3408 3629 3519 3681 τῶν
3542 3635 3628 3698 acr,’
3648 3629 3761 3691 τοῖος

2207 3726 2504 3788 ἐνιαυσίους
2525 3724 2615 3776 τοῦ
2647 3723 2798 3793 ἡλίου
2827 3720 3294 3792 συγκορυφοῦσθαι
3326 3719 3579 3782 κύκλους.

2275 3819 2473 3874 Λοιπὸν
2501 3818 2544 3870 δ’
2571 3817 2634 3871 ἂν
2673 3815 2757 3884 εἴη
2789 3815 2883 3869 καὶ
2909 3814 3007 3884 τὴν
3054 3813 3273 3884 μέθοδον
3310 3813 3575 3871 ἐκθεῖναι,
3609 3811 3674 3863 δι’
3701 3806 3762 3879 ἧς

2207 3914 2271 3967 ἂν
2305 3914 2424 3967 καθ’
2460 3915 2640 3965 ὁποῖον
2708 3911 2826 3973 ἔτος
2873 3907 3160 3978 ζητοῦντες
3201 3907 3496 3977 λαμϐάνειν
3546 3903 3636 3959 τὸν
3687 3905 3763 3955 ἑν-

2209 4004 2418 4058 εστῶτα
2448 4002 2644 4056 κύκλον
2678 4000 2768 4054 τοῦ
2800 3999 2968 4070 ἡλίου,
3002 3998 3192 4053 τοῦτον
3225 3998 3621 4070 λαμϐάνοιμεν.
3663 3997 3763 4053 Καὶ

2208 4099 2352 4150 ἔστιν
2387 4097 2543 4164 αὓτη.

2207 4188 2470 4254 Μέθοδος
2510 4187 2583 4240 δι’
2632 4183 2707 4256 ἧς
2734 4187 3068 4265 εὑρίσκετίᾳ
3113 4189 3145 4238 ό
3190 4184 3294 4238 τοῦ
3340 4187 3516 4252 ἡλίου
3549 4186 3762 4249 κύκλος

2835 4268 3143 4320 stomaon

2280 4349 2353 4400 I".
2382 4347 2462 4400 Τά
2489 4346 2595 4400 ἀπὸ
2627 4345 2725 4414 τῆς
2754 4344 3140 4414 κοσμογενείας
3173 4343 3266 4414 ἔτη
3296 4344 3455 4416 μέχρι
3487 4345 3582 4396 καὶ
3609 4342 3758 4397 αὑτοῦ

549 4439 645 4492 per
682 4441 848 4478 xxvm
891 4427 1176 4494 partimur,
1213 4435 1265 4482 et
1294 4428 1555 4498 quidquid
1587 4437 1668 4482 est
1714 4429 1851 4481 infra
1909 4445 2100 4491 xxvnt,

2211 4439 2303 4492 τοῦ
2333 4438 2678 4508 ἐνισταμένου
2705 4436 2857 4497 ἔτους
2885 4434 3267 4505 λαμϐάνοντες,
3303 4437 3394 4487 καὶ
3422 4434 3598 4487 ταῦτα
3626 4435 3760 4502 παρᾶ

549 4514 732 4584 cyclus
755 4525 838 4570 est
866 4517 1016 4577 solis.
1053 4518 1144 4586 qui
1180 4519 1462 4586 quaeritur.
1491 4518 1730 4587 Exempli
1757 4519 1952 4588 gratia.
1978 4519 2105 4572 anui

550 4605 618 4657 ab
639 4603 767 4656 orbe
795 4606 1012 4657 condito
1035 4607 1102 4659 ad
1131 4607 1274 4659 hunc
1303 4623 1502 4660 annum
1536 4617 1893 4662 numerantur
1937 4607 2102 4669 688i,

549 4695 616 4748 de
666 4695 864 4762 quibus
901 4697 1152 4765 demptis,
1193 4698 1371 4766 qmvad
1401 4699 1546 4757 licet.
1593 4699 1682 4758 28,
1728 4701 1930 4754 residui
1981 4709 2108 4754 sunt

547 4785 637 4838 9-1.
669 4785 822 4841 Unde
846 4788 1030 4858 cyclus
1055 4797 1138 4843 est
1171 4789 1232 4843 2t
1267 4804 1409 4844 anno
1437 4791 1623 4844 mundi
1657 4791 1760 4846 688
1781 4794 1823 4847 l.

1163 4877 1182 4902 0

620 5064 753 5119 Cum
788 5077 964 5122 autem
987 5085 1051 5124 ex
1079 5071 1224 5124 omni
1258 5071 1508 5126 methodn
1538 5074 1842 5143 expeditior
1877 5091 2105 5145 qumque

551 5159 890 5226 praafcratur,
925 5161 1068 5216 illam
1093 5163 1265 5231 ipsam
1296 5164 1349 5216 in
1384 5163 1683 5220 faciliorem
1714 5177 2108 5222 commutantes

551 5251 622 5304 ita
649 5253 1028 5310 tractabimus.

619 5341 748 5398 Post.
780 5346 1104 5414 completum
1153 5348 1526 5401 centenarium
1561 5349 1888 5418 quemlibet,
1925 5351 2104 5403 ultimi

551 5436 758 5502 cyclum
779 5451 874 5504 pro
904 5438 1082 5491 radice
1106 5446 1402 5500 sumentes,
1448 5439 1512 5492 ad
1537 5440 1838 5494 centenarii
1869 5457 2109 5511 sequen~

553 5525 621 5576 tis
645 5539 815 5578 annos
847 5527 1127 5581 addimus:
1154 5543 1216 5582 ac
1241 5545 1451 5582 summa
1481 5545 1576 5600 per
1598 5530 1667 5582 23
1690 5532 1863 5584 divisa
1895 5533 2108 5596 eodem,

552 5628 660 5681 quo
695 5630 881 5683 supra,
917 5619 1099 5681 modo,
1135 5620 1277 5688 quod
1323 5623 1585 5689 quaeritur
1639 5624 1968 5678 obtinemus.
2001 5623 2105 5676 Ex-

553 5703 718 5771 empli
743 5719 916 5774 causa
948 5709 1003 5762 in
1034 5724 1176 5764 anno
1206 5713 1506 5780 proposito,
1537 5715 1795 5782 quoniam
1830 5717 2108 5784 pratterito

2211 4531 2279 4583 τὰ
2298 4537 2380 4600 κη’
2406 4529 2735 4599 μερίζοντες,
2753 4528 2822 4581 τὰ
2840 4527 3083 4580 κάτωθεν
3105 4526 3212 4578 τῶν
3230 4534 3313 4596 κη’
3331 4526 3566 4588 κύκλους
3582 4526 3759 4594 ἔχομεν

2211 4620 2486 4691 ἡλιακούς.
2525 4613 2648 4672 Οἶον
2681 4618 2756 4681 ὡς
2791 4619 2848 4668 ἑν
2882 4616 3260 4686 ὑποδείγματι,
3289 4615 3357 4666 τά
3393 4614 3504 4668 ἀπὸ
3535 4615 3632 4683 τῆς
3677 4629 3758 4663 κο⁴

2211 4712 2528 4782 σμογενείας
2567 4710 2659 4779 ἔτη
2719 4709 2879 4779 μέχρι
2911 4707 3005 4759 τοῦ
3057 4705 3344 4768 ὲνεστῶτός
3393 4708 3500 4758 είσι
3552 4710 3756 4775 ,ςωπαδ

2210 4805 2272 4855 ὲκ
2310 4800 2512 4853 τούτων
2561 4798 2974 4868 ἀφαιρουμένων
3008 4797 3114 4848 τῶν
3148 4803 3256 4866 κη’,
3297 4796 3487 4856 ὁσάκις
3521 4797 3758 4866 ἐγχωρεῖ,

2209 4893 2626 4947 καταλείπονται
2655 4897 2760 4943 κα⁹.
2787 4890 2898 4943 Καὶ
2921 4889 3071 4941 ἔστιν
3101 4890 3128 4940 ὁ
3158 4887 3296 4940 κατά
3328 4888 3388 4939 τὸ
3425 4888 3762 4956 ἑνιστάμενον

2209 4995 2403 5058 ,ςωπσυ
2427 4986 2543 5049 ἔτος
2572 4984 2767 5047 κύκλος
2795 4985 2948 5054 ἡλίου
2983 4989 3089 5036 κε’.

2293 5079 2442 5130 Ἐπεὶ
2469 5077 2522 5128 δὲ
2545 5076 2728 5146 πάσης
2763 5074 2986 5144 μεθόδου
3019 5073 3115 5144 τὴν
3141 5071 3562 5144 προχειροτέραν
3593 5071 3764 5140 ἑγκρί-

2210 5184 2392 5236 νομεν,
2415 5165 2508 5217 καὶ
2541 5164 2744 5234 ταύτην
2778 5167 2856 5227 εἰς
2887 5162 2948 5215 τὸ
2984 5164 3396 5235 προχειρότερον
3426 5159 3766 5231 μεταποιοῦν-

2210 5274 2298 5319 τες
2324 5255 2493 5316 οὕτως
2534 5254 2598 5307 ἂν
2636 5253 3049 5324 μεθοδεύσομεν.

2280 5347 2415 5399 Καθ’
2441 5347 2676 5415 ἑκάστην
2705 5345 3094 5416 συμπλήρωσιν
3123 5343 3630 5414 ἑκατονταετηρίδος
3657 5356 3766 5392 3x0-

2213 5437 2442 5498 πούντες
2502 5436 2592 5488 τὸν
2627 5436 2897 5487 ἐνεστῶτα
2951 5435 3071 5487 τότε
3099 5435 3319 5499 κύκλον,
3355 5435 3452 5486 κα)⁸
3489 5433 3674 5485 τοῦτον
3699 5430 3766 5490 ὡς

2213 5531 2460 5601 θεμέλιον
2500 5530 2738 5598 ἔχοντες.
2775 5527 3133 5598 προστίθεμεν
3165 5532 3276 5590 τοῖς
3300 5529 3437 5579 κατά
3464 5527 3561 5594 τὴν
3590 5521 3762 5578 ἐπιοῦ-

2215 5644 2311 5678 σαν
2343 5622 2828 5694 ἑκατονταετηρίδα
2867 5623 3030 5683 ἔτεσι,
3072 5621 3165 5674 καὶ
3201 5624 3269 5673 τά
3297 5620 3636 5689 συναγόμενα
3679 5633 3764 5686 με·

2217 5717 2452 5788 ρίζοντες
2487 5715 2634 5787 παρά
2669 5714 2758 5766 τὸν
2785 5719 2891 5784 κη’,
2929 5711 3067 5767 κατά
3095 5711 3184 5764 τὸν
3213 5710 3517 5764 δηλωθέντα
3558 5711 3760 5780 τρόπον,
