3950 6266
241 310 379 365 ἱεὶΒὸ

1140 319 1365 377 ISAACI
1401 321 1707 380 MONACHI
1746 325 2123 385 COMPUTUS
2161 329 2604 393 ECCLESIAST.

3340 352 3360 404 1
3371 350 3479 407 286

239 428 434 500 ἔχομεν
458 429 519 483 τὸ
547 430 896 505 ζητούμενον.
926 416 1049 489 Οῗον
1078 435 1153 501 ὡς
1174 439 1230 493 ἐν
1266 439 1622 512 ὑποδείγματι
1664 444 1802 498 κατὰ

1910 448 2221 505 centenario
2266 458 2529 516 vertente,
2586 451 2690 508 hoc
2733 462 2818 511 est
2869 459 3046 517 sexies
3093 461 3384 520 millesimo
3420 474 3475 520 et

239 520 299 573 τὸ
347 521 707 593 προκείμενον
756 524 906 590 ἔτος,
943 527 1101 591 ἐπεὶ,
1163 530 1659 605 συμπληρουμένης
1708 536 1807 607 τῆς

240 611 615 686 παρελθούσης
633 615 1160 690 ἐκατονταετηρίδος,
1185 622 1350 693 ἤγουν
1374 623 1468 677 τοῦ
1488 631 1602 690 ,ςω’
1632 625 1805 691 ἔτους,

240 703 314 756 κδ’
339 698 408 775 ἦν
440 705 468 758 6
498 704 593 758 τοῦ
623 705 775 777 ἡλίου
815 708 1034 773 κύκλος,
1068 710 1239 766 ταῦτα
1274 715 1351 768 κδ’
1391 716 1700 787 κρατοῦμεν
1732 718 1807 782 ὡς

236 795 489 867 θεμέλιον
523 799 653 870 παρ’
685 799 814 871 ὃλην
878 801 976 873 τὴν
1023 803 1379 878 ἐνισταμένην
1422 809 1809 880 ἑκατονταετη-

240 888 391 960 ρῖδα’
418 891 514 943 καὶ
544 892 754 956 τούτοις
779 894 1159 964 προστιθέντες
1182 897 1251 952 τὰ
1281 899 1441 971 μέχρι
1475 900 1567 954 τοῦ
1589 900 1685 955 νῦν
1714 901 1808 954 καὶ

239 979 402 1034 αὐτοῦ
430 981 522 1054 ἔτη
557 989 669 1051 παν,
698 982 768 1037 τὰ
796 985 1062 1057 γενόμενα
1104 995 1179 1061 ρε¹
1209 992 1503 1064 μερίζομεν
1540 994 1689 1066 παρὰ
1718 995 1807 1049 τὸν

239 1079 347 1145 κη’,
377 1075 471 1127 καὶ
501 1074 568 1128 τὰ
593 1077 1030 1150 καταλειπόμενα
1065 1083 1159 1135 καὶ
1185 1082 1327 1138 οὕτω
1356 1084 1445 1138 κα¹
1469 1087 1645 1159 φαμὲν
1667 1082 1806 1141 εἶναι

236 1164 327 1218 τὸν
353 1166 550 1220 κύκλον
580 1166 673 1221 τοῦ
703 1169 875 1239 ἡλίου.

310 1258 546 1328 Εῡλογον
581 1260 626 1313 δ’
676 1261 744 1315 ἂν
798 1262 883 1337 εἴη
914 1266 1009 1320 καὶ
1059 1265 1160 1337 τὴν
1202 1268 1293 1322 ἐπὶ
1336 1271 1448 1334 τοῖς
1499 1271 1808 1343 εἰρημένοις

236 1346 655 1406 ἀνακύπτουσαν
686 1352 1043 1425 προθεμένοις
1087 1357 1320 1429 ἀπορίαν
1360 1360 1609 1415 ἐνταυθοί
1650 1361 1806 1421 λῦσαι

237 1443 378 1496 κατὰ
407 1442 469 1496 τὸ
516 1445 815 1519 ἐγχωροῦν.
844 1450 997 1513 ’Ἐστι
1028 1449 1083 1502 δὲ
1117 1449 1276 1522 α’ύτη.
1312 1451 1384 1504 Τὸ
1435 1450 1649 1522 πρῶτον
1690 1451 1808 1516 ἔτος

238 1532 346 1585 τῶν
379 1533 621 1603 ἡλιακῶν
655 1535 870 1592 κύκλων
915 1538 1023 1592 ἀπὸ
1050 1539 1261 1611 ἡμέρας
1290 1539 1533 1613 πρώτης,
1562 1542 1806 1596 τουτέστι

236 1624 545 1697 Κυριακῆς,
578 1625 788 1698 ἔφαμεν
811 1629 1109 1700 ἄρχεσθαι,
1144 1619 1286 1685 καθᾶ
1317 1631 1379 1704 δὴ
1433 1633 1525 1687 καὶ
1553 1633 1660 1686 ἀπὸ
1708 1634 1808 1705 τῆς

237 1718 622 1787 κοσμογενείας
677 1720 911 1791 πρῶτον.
957 1722 1116 1777 Ἀλλὰ
1156 1723 1284 1787 νῦν,
1313 1725 1478 1795 ἡνίκα
1520 1726 1549 1779 6
1594 1727 1808 1800 πρῶτος

1908 539 2384 609 octingentesimo,
2424 545 2611 614 cyclus
2645 555 2763 601 erat
2792 548 2929 605 solis
2972 567 3122 619 xxiv,
3171 553 3319 609 hunc
3370 572 3478 612 nu-

1908 641 2140 692 merum,
2185 630 2332 685 velut
2381 632 2643 699 radicem,
2690 642 2808 691 toto
2849 651 3113 709 sequente
3156 648 3478 703 centenario

1906 717 2225 785 retinemus,
2262 722 2329 776 ad
2359 740 2520 794 quem
2553 727 2806 785 residuos
2847 731 2912 785 ad
2957 734 3104 789 hunc
3127 752 3301 795 annos
3344 742 3479 811 adji-

1907 807 2113 866 cientes
2152 811 2241 878 81,
2291 828 2559 871 summam
2604 818 2731 876 inde
2771 820 3076 881 confectam
3119 829 3222 884 105
3268 848 3365 904 per
3405 807 3477 891 Q8

1908 899 2223 968 dividimus,
2259 906 2404 975 quod
2433 908 2705 980 reliquum
2746 921 2851 976 est,
2897 931 3093 989 nempe
3130 920 3221 989 21,
3258 899 3475 996 cyclum

1910 991 2043 1047 solis
2070 1007 2192 1051 esse
2218 994 2473 1054 dicimus.

1979 1253 2085 1312 Sed
2129 1273 2240 1313 non
2291 1261 2389 1316 abs
2438 1278 2499 1317 re
2551 1261 2712 1320 fuerit
2759 1268 3113 1337 quaestionem
3161 1276 3474 1344 quamdam,

1906 1359 2027 1414 quae
2053 1361 2120 1401 ex
2141 1347 2210 1404 iis
2231 1364 2352 1419 quae
2368 1352 2510 1406 dicta
2533 1363 2661 1409 sunt
2677 1357 2872 1422 oritur,
2901 1358 3008 1424 hic,
3031 1365 3211 1431 quoad
3237 1367 3291 1420 in
3314 1369 3475 1426 nobis

1908 1434 2074 1491 situm
2101 1447 2204 1504 est,
2232 1441 2553 1500 dissolvere.
2579 1445 2673 1501 Est
2706 1457 2887 1505 autem
2921 1453 3210 1521 ejusmodi.
3231 1457 3476 1517 Primum

1908 1542 2110 1583 annum
2161 1534 2439 1603 cyclorum
2499 1538 2760 1594 solarium
2813 1556 2842 1595 a
2895 1544 3073 1614 prima
3138 1547 3295 1616 feria,
3360 1555 3479 1610 sive

1908 1617 2212 1689 Dominica,
2243 1625 2487 1682 inchoari
2513 1627 2774 1697 diximus,
2806 1633 2934 1688 item
2975 1644 3035 1689 ut
3073 1652 3251 1696 annus
3283 1645 3475 1699 mundi

1908 1713 2117 1783 primus
2162 1715 2398 1773 indidem
2459 1722 2715 1791 occoepit.
2781 1723 2952 1796 Atqui
3007 1728 3193 1795 hodie,
3258 1735 3477 1802 quoties

236 1808 460 1879 ἡλιακὸς
503 1812 663 1883 ἐνστῇ
700 1811 920 1878 κύκλος,
973 1814 1080 1868 ἀπὸ
1114 1814 1326 1887 ἡμέρας
1356 1815 1403 1887 β’
1431 1816 1679 1889 ἄρχεται,
1712 1819 1802 1873 καὶ

1910 1804 2117 1875 primus
2157 1806 2259 1860 init
2303 1808 2436 1865 solis
2478 1810 2741 1878 circulus,
2797 1816 2957 1888 196
2997 1817 3186 1892 incipit
3216 1823 3353 1878 feria
3388 1841 3476 1881 se-

234 1902 297 1954 οὐ
329 1902 571 1974 πρώτης.
618 1905 729 1958 Καὶ
766 1905 820 1958 τί
847 1905 913 1961 ἂν
956 1906 1040 1978 εἴη
1086 1907 1147 1960 τὸ
1188 1907 1358 1963 αἴτιον
1403 1910 1504 1980 τῆς
1536 1911 1675 1965 κατὰ
1709 1912 1805 1985 τὴν

239 1989 462 2060 πρώτην
508 1993 720 2064 ἡμέραν
748 1994 953 2069 ταύτην
994 1996 1294 2069 διαφορᾶς;
1336 1999 1446 2052 Καὶ
1475 1999 1612 2074 αὕτη
1652 2003 1802 2075 μὲνὴ

237 2082 441 2136 ἀπορία
458 2100 470 2113 ·
506 2083 689 2157 λυθείη
717 2086 763 2139 δ’
795 2087 860 2141 ἂν
881 2086 1054 2153 οὕτως
1082 2090 1222 2143 κατὰ
1245 2090 1306 2143 τὸ
1343 2089 1584 2161 εὔλογον.

303 2172 414 2242 Τῆς
451 2173 656 2244 κυρίως
705 2175 879 2247 ἀρχῆς
932 2177 1026 2229 τοῦ
1050 2176 1222 2242 ἔτους,
1266 2179 1389 2248 ἤτις
1438 2182 1556 2235 ἐστὶ
1589 2180 1711 2237 καθ’
1737 2183 1805 2256 ἢν

232 2264 448 2336 ἡμέραν
484 2268 512 2319 6
569 2265 896 2340 δημιουργὸς
938 2268 1047 2323 τῶν
1090 2269 1226 2324 ὅλων
1273 2270 1407 2336 Θεὸς
1448 2273 1550 2343 τῆς
1600 2273 1805 2329 τούτων

232 2356 499 2424 γενέσεως
521 2356 743 2428 ἤρξατο,
768 2358 1138 2431 ἀγνοουμένης
1162 2362 1219 2414 ἐν
1249 2360 1377 2433 ποίᾳ
1404 2362 1513 2416 τῶν
1534 2362 1625 2416 τοῦ
1652 2362 1805 2428 ἔτους

230 2447 381 2501 ἐστὶν
414 2448 655 2520 ἡμερῶν,
685 2448 858 2504 ἄλλων
886 2450 1054 2515 ἄλλας
1082 2453 1254 2523 ἀρχὰς
1275 2453 1681 2526 ὑποτιθεμένων
1708 2455 1802 2510 τοῦ

232 2539 411 2605 ἔτους·
459 2541 680 2614 ἐπειδὴ,
710 2544 838 2596 ὅταν
890 2544 1084 2616 ἐπιστῇ
1138 2545 1167 2597 6
1198 2546 1327 2616 παρ’
1372 2547 1503 2617 ἡμῖν
1554 2547 1803 2618 Σεπτέμ-

234 2632 406 2703 ϐριος,
435 2632 494 2686 ὃν
524 2633 696 2706 ἀρχὴν
731 2633 1034 2706 ποιούμεθα
1070 2634 1165 2688 τοῦ
1193 2635 1367 2700 ἔτους,
1404 2634 1450 2700 ζ’
1494 2637 1642 2691 ἐστὶν
1671 2639 1806 2709 ἡμέ-

238 2742 331 2796 pa:
370 2728 499 2780 ὅταν
544 2727 601 2781 δὲ
644 2729 675 2781 6
733 2728 1057 2801 Ὀκτὼϐριος
1080 2769 1095 2795 ,
1138 2728 1214 2800 ﬁ"
1247 2731 1581 2802 οἰκειοτέραν
1629 2731 1804 2803 ἀρχὴν

190 2837 200 2842 ·
234 2817 533 2891 ποιούμεθα
560 2820 670 2874 τῶν
704 2820 948 2891 ἡλιακῶν
976 2821 1190 2876 κύκλων
1217 2823 1315 2894 τὴν
1341 2822 1435 2876 τοῦ
1475 2824 1801 2896 Ὀκτωϐρίου

230 2910 427 2983 ἀρχὴν,
454 2911 487 2981 ἢ
514 2910 612 2982 τὴν
641 2910 734 2965 τοῦ
770 2912 1163 2986 Σεπτεμϐρίου.
1193 2913 1365 2968 Τοῦτο
1387 2915 1447 2969 δὲ
1473 2915 1802 2989 σαφέστερον

232 3005 531 3075 ποιήσομεν
552 3005 658 3058 κάν
702 3006 770 3076 τῇ
804 3004 1012 3076 μεθόδῳ
1058 3005 1153 3059 τοῦ
1184 3008 1641 3080 ἡμεροευρεσίου·⁸
1679 3009 1802 3081 ἡτις

231 3095 327 3148 καὶ
358 3094 470 3166 ἔχει
505 3095 698 3160 οὕτως.

565 3210 828 3278 Μέθοδος
856 3211 961 3266 τοῦ
983 3211 1470 3282 ἠμεροευρεσίου.

299 3305 373 3357 Δ’.
410 3302 579 3356 Ὅταν
614 3303 770 3374 τὴνδε
802 3304 923 3358 τινὰ
946 3305 1038 3358 τοῦ
1085 3306 1436 3377 ἐνισταμένου
1472 3306 1640 3377 μηνὸς
1664 3307 1803 3378 ἡμέ-

234 3410 331 3463 ραν
361 3392 613 3463 ζητῶμεν
644 3393 842 3464 εύρεῖν,
868 3395 925 3446 ἐν
953 3394 1058 3448 τίνι
1091 3395 1199 3448 τῶν
1221 3396 1322 3466 τῆς
1352 3397 1641 3468 ἑϐδομάδος
1668 3399 1805 3467 ἡμε-

233 3484 342 3554 ρῶν
376 3485 686 3557 συμϐαίνει,
720 3485 1069 3557 λαμϐάνομεν
1125 3487 1215 3540 τὸν
1255 3486 1487 3559 ἀριθμὸν
1522 3487 1631 3541 τῶν
1661 3505 1803 3561 παρ-

230 3575 494 3630 ελθόντων
532 3575 748 3631 κύκλων
798 3575 891 3629 τοῦ
925 3576 1098 3646 ἡλίου,
1144 3576 1281 3648 πλὴν
1325 3577 1420 3630 τοῦ
1474 3577 1798 3642 ἐνεστῶτος·

227 3667 325 3721 καὶ
354 3664 529 3738 τούτῳ
574 3665 935 3738 προστίθεμεν
978 3667 1076 3731 τάς
1107 3683 1166 3719 τε
1212 3667 1319 3720 ἀπὸ
1363 3668 1463 3738 τῆς
1493 3667 1667 3739 ἀρχῆς
1705 3665 1801 3719 τοῦ

230 3758 402 3832 μηνὸς
435 3758 645 3813 ἐκείνου
689 3758 903 3832 ἡμέρας
937 3758 1062 3831 ἄχρι
1099 3759 1193 3812 καὶ
1234 3759 1408 3829 αὐτῆς
1454 3759 1554 3831 τῆς
1604 3755 1800 3830 ζητου-

232 3847 427 3919 μένης,
456 3847 535 3901 ἔτι
577 3864 638 3903 τε
683 3848 782 3920 τὴν
816 3846 1059 3916 ἐπακτὴν
1108 3845 1202 3899 τοῦ
1238 3845 1402 3900 αὐτοῦ
1446 3844 1632 3915 μηνὸς,
1678 3846 1802 3916 ἥτις

228 3935 377 3991 ἐστὶν
425 3936 754 4009 Ὀκτωϐρίου
797 3937 894 4008 μὲν
930 3936 1111 4008 ἡμέρα
1147 3934 1217 3988 α’.
1262 3934 1393 3987 Ἀπὸ
1425 3935 1532 4006 γὰρ
1559 3935 1657 4006 τῆς
1702 3953 1800 3988 κυ-

228 4029 359 4101 ρίως
391 4029 565 4101 ἀρχῆς
591 4029 686 4083 τοῦ
729 4028 900 4094 ἔτους,
941 4030 1063 4099 ἡτις
1097 4027 1244 4081 ἐστὶν
1271 4025 1454 4097 ἡμέρα
1487 4031 1558 4089 α’,
1590 4026 1623 4097 ἢ
1660 4025 1800 4079 κατὰ

222 4120 323 4193 τὴν
356 4128 404 4175 α’
444 4122 542 4193 μὲν
571 4121 665 4174 τοῦ
720 4121 1078 4192 Ὀκτωϐρίου,
1124 4120 1181 4172 ἐν
1212 4119 1399 4191 ἡμέρᾳ
1439 4116 1481 4185 β’
1515 4118 1796 4189 γινομένη,

228 4215 356 4285 μιᾶς
382 4201 594 4286 ἡμέρας
615 4215 758 4267 ποιεῖ
783 4212 1094 4284 μετάθεσιν.

656 4324 884 4378 Ὀκτώϐ.
1064 4323 1141 4377 λα’
1186 4332 1235 4376 α’

644 4395 947 4466 Νοέμϐριος
1070 4464 1078 4466 _
1101 4394 1147 4446 λ’
1192 4394 1233 4446 δ’

644 4464 878 4535 Δεκέμϐ.
1068 4464 1146 4535 λα’
1181 4470 1235 4535 ς’

656 4533 918 4607 Ἰανουάρ.
1066 4534 1147 4586 λα’
1188 4533 1233 4603 β’

650 4605 951 4677 φεϐρουάρ.
1064 4611 1148 4677 κη’
1195 4610 1236 4657 ε’

651 4673 913 4748 Μάρτιος.
1069 4673 1150 4748 λα’
1198 4680 1239 4725 ε’

664 4743 935 4817 Ἀπρίλιος
1072 4814 1082 4817 _
1108 4743 1151 4797 λ’
1190 4751 1238 4797 α’

649 4814 826 4879 mare;
1071 4814 1149 4867 λα’
1189 4821 1238 4882 γ’

659 4887 875 4949 Ἰούνιος
1104 4884 1148 4936 λ’
1180 4891 1235 4948 ς’

658 4956 874 5019 Ἰούλιος
1066 4955 1147 5008 λα’
1185 4960 1235 5007 α’

645 5027 951 5095 Αὔγουστος
1063 5026 1143 5078 λα’
1191 5024 1235 5095 δ’

646 5093 916 5167 Σεπτέμϐ.
1105 5095 1150 5147 λ’
1188 5093 1232 5157 ζ’

291 5214 405 5268 Καὶ
442 5212 585 5266 τοῦτ’
607 5212 753 5265 ἐστὶν
776 5212 913 5282 ὅπερ
940 5208 1034 5263 καὶ
1062 5209 1318 5279 ἀνωτέρω
1338 5209 1625 5279 ἐλέγομεν,
1645 5208 1796 5263 λύον-

216 5323 310 5368 τες
337 5304 436 5375 τὴν
464 5301 900 5372 ἀναφαινομένην
944 5299 1199 5371 ἀπορίαν.
1231 5298 1343 5351 Καὶ
1380 5297 1580 5370 ἐφεξῆς
1618 5298 1797 5370 Νοεμ-

221 5397 375 5469 ϐρίου
405 5396 611 5466 ἡμέραι
653 5394 711 5448 δ’.
760 5393 901 5457 Ὅτι,
928 5390 1007 5445 λα’
1052 5391 1265 5461 ἡμέρας
1311 5388 1406 5442 τοῦ
1460 5389 1794 5461 Ὀκτωϐρίου

218 5488 456 5559 ἔχοντες,
487 5487 687 5558 ἡμέραι
721 5491 769 5554 γ’
812 5482 948 5555 μετὰ
981 5483 1083 5545 τὰς
1117 5482 1159 5536 δ’
1192 5481 1604 5553 περιττεύουσιν
1646 5481 1796 5535 ἐϐδο-

223 5578 396 5650 μάδας
417 5595 429 5607 ·
469 5572 627 5632 αὗται
650 5576 706 5630 δὲ
742 5574 879 5647 μετὰ
916 5574 1011 5628 καὶ
1047 5574 1147 5644 τῆς
1181 5574 1290 5645 πρὸ
1316 5572 1410 5626 τοῦ
1461 5572 1794 5646 Ὀκτωϐρίου

222 5672 353 5742 μιᾶς
386 5671 427 5723 δ’
470 5670 701 5724 ποιοῦσι.
738 5667 1074 5739 Δεκεμϐρίου
1108 5667 1165 5720 δὲ
1198 5672 1253 5732 ς’
1274 5683 1287 5695 ·
1324 5667 1406 5720 ὅτι
1458 5665 1596 5737 μετὰ
1625 5665 1725 5729 τὰς
1752 5665 1795 5718 δ’

219 5762 523 5830 ἑϐδομάδας
550 5764 577 5814 6
616 5759 912 5845 Νοέμϐριος
950 5759 993 5829 β’
1036 5758 1253 5831 ἡμέρας
1294 5757 1405 5829 ἔχει
1447 5757 1797 5831 περιττευού-

1826 3149 1875 3209 C

1906 1894 2106 1959 cunda,
2148 1912 2258 1952 non
2310 1898 2509 1969 prima.
2568 1900 2852 1959 Undenam
2892 1921 3021 1977 ergo
3095 1909 3284 1978 prima;
3327 1913 3478 1969 illius

1905 1986 2015 2042 diei
2064 1988 2360 2046 discrimen
2426 1994 2672 2049 accidit?
2726 1995 2823 2051 Est
2856 1996 2971 2054 haec
3022 1999 3136 2057 fere
3188 2002 3475 2060 dubitandi

1903 2076 2087 2132 ratio:
2126 2079 2214 2132 cui
2256 2094 2356 2135 nos
2392 2091 2759 2141 consentanee
2779 2087 2860 2142 sic
2890 2092 3259 2147 occurrimus.

1980 2165 2175 2223 Verum
2206 2170 2335 2224 anni
2362 2172 2745 2241 primordium,
2778 2175 2884 2231 hoc
2931 2188 3015 2233 est
3043 2179 3162 2236 dies
3194 2182 3307 2246 illa,
3365 2198 3475 2254 qua

1903 2274 2089 2315 rerum
2142 2261 2386 2316 omnium
2447 2265 2783 2321 molitionem
2835 2283 3023 2324 earum
3077 2271 3275 2327 artifex
3330 2272 3477 2331 Deus

1906 2350 2164 2417 instituit,
2190 2353 2458 2408 incertum
2483 2362 2567 2410 est
2593 2371 2756 2427 quam
2785 2358 2841 2412 in
2869 2360 2997 2414 anni
3025 2360 3168 2418 diem
3199 2364 3472 2429 inciderit,

1904 2457 2031 2498 cum
2076 2444 2169 2499 alii
2228 2445 2334 2499 alia
2385 2456 2607 2502 sumant
2658 2464 2927 2506 annorum
2968 2452 3212 2510 exordia.
3264 2454 3479 2527 Quippe

1902 2535 2126 2592 ineunte
2176 2536 2482 2609 Septembri
2536 2548 2745 2609 n0stro,
2792 2545 2886 2615 qui
2932 2560 3135 2601 annum
3184 2549 3325 2618 apud
3372 2565 3477 2606 nos

1905 2627 2138 2694 orditur,
2193 2631 2423 2701 septima
2483 2640 2569 2689 est
2621 2633 2796 2703 feria;
2831 2653 2957 2693 cum
3015 2648 3196 2697 autem
3239 2640 3477 2700 October

1903 2717 2118 2788 incipit,
2149 2722 2410 2776 secunda.
2442 2721 2570 2779 Ideo
2590 2724 2660 2779 ad
2686 2728 2817 2782 anni
2844 2729 3178 2801 principium
3207 2734 3472 2804 aptiorem

1903 2810 2159 2868 duximus
2200 2811 2511 2885 Septembri
2542 2816 2820 2874 ineuntem
2854 2819 3170 2878 Octobrem.
3220 2824 3377 2890 Quod
3416 2827 3475 2882 in

1903 2898 2152 2968 subjecta
2211 2902 2469 2959 methodo
2510 2905 2904 2979 investigandae
2954 2910 3105 2967 feriae
3166 2915 3477 2972 evidentius

1901 2990 2205 3060 apparebit,
2229 3007 2353 3063 quae
2380 2994 2449 3049 ad
2482 2995 2629 3051 hunc
2658 3000 2881 3054 modum
2914 3017 2974 3058 se
3007 3002 3189 3060 habet.

2252 3194 2534 3253 Methodus
2568 3200 2944 3273 investigandae
2964 3204 3130 3273 ferire.

1974 3281 2064 3341 Ν.
2108 3284 2313 3345 Mensis
2360 3289 2656 3359 cujuslibet
2687 3292 2919 3349 labentis
2944 3295 3086 3350 diem
3132 3296 3475 3369 inquirentes

1904 3390 2067 3445 quam
2111 3378 2164 3431 in
2224 3378 2584 3435 hebdomadis
2648 3382 2838 3437 feriam
2895 3384 3126 3451 incidat,
3183 3405 3474 3447 numerum

1905 3467 2175 3538 imprimis
2222 3477 2625 3528 transactorum
2659 3476 2793 3532 solis
2837 3479 3118 3548 cyclorum
3148 3483 3471 3552 accipimus,

1901 3576 1969 3616 eo
2003 3570 2250 3633 excepto,
2283 3565 2378 3634 qui
2415 3566 2707 3622 inchoatus
2737 3574 2856 3633 est;
2902 3577 3017 3621 tum
3065 3569 3134 3623 ad
3174 3571 3321 3627 hunc
3368 3590 3472 3628 nu-

1903 3667 2116 3708 merum
2145 3655 2262 3711 dies
2296 3658 2505 3713 mensis
2544 3657 2613 3711 ad
2654 3673 2778 3713 eum
2826 3672 3000 3727 usque
3041 3659 3135 3729 qui
3186 3665 3470 3734 quaeritur,

1902 3759 2027 3799 cum
2057 3751 2266 3817 epactis
2294 3749 2539 3819 ejusdem
2584 3749 2791 3805 mensis
2820 3749 3144 3819 adjicimus;
3179 3768 3244 3809 ea
3272 3756 3329 3810 in
3375 3754 3473 3811 Oc-

1902 3837 2150 3893 tobriest
2184 3839 2237 3892 1.
2288 3838 2422 3894 Nam
2451 3857 2480 3895 a
2526 3854 2656 3895 vero
2692 3840 2823 3894 anni
2852 3840 3175 3911 primordio,
3221 3846 3368 3916 quod
3414 3848 3472 3904 in

1901 3928 2093 3985 feriam
2146 3931 2376 4000 primam
2427 3939 2737 4003 competere
2785 3932 2966 3996 debet,
3032 3933 3356 4005 trajectione
3409 3938 3471 3995 in

1901 4022 2130 4078 Kalend.
2166 4022 2429 4080 Octobres
2483 4024 2624 4079 facta
2645 4064 2661 4090 ,
2707 4040 2828 4095 quae
2860 4025 3064 4080 cadunt
3094 4027 3147 4082 in
3173 4030 3469 4086 secundam

1900 4114 2112 4183 feriam,
2137 4123 2192 4171 et
2220 4117 2347 4172 anni
2376 4117 2699 4188 principium
2727 4133 2758 4172 a
2794 4116 2954 4173 nobis
2984 4116 3375 4186 instituuntur,
3410 4121 3469 4176 iit

1900 4205 2065 4261 unius
2091 4206 2198 4262 diei
2229 4207 2479 4262 mutatio.

2178 4316 2413 4374 October
2628 4337 2755 4377 xxxi
2905 4326 2928 4378 1

2177 4388 2484 4445 November
2626 4406 2734 4446 xxx
2897 4395 2927 4447 εί

2181 4458 2480 4515 December
2625 4476 2752 4515 xxxi
2899 4465 2932 4518 6

2173 4528 2469 4584 Januarius
2625 4547 2754 4584 xxxi
2898 4534 2933 4586 2

2176 4598 2508 4657 Februarius
2622 4617 2791 4656 xxvnt
2893 4603 2927 4657 5

2173 4668 2401 4726 Martius
2616 4688 2744 4726 xxxi
2891 4673 2926 4726 5

2177 4742 2380 4807 Aprilis
2629 4757 2735 4796 xxx
2903 4745 2928 4798 1

2179 4809 2355 4866 Maius
2624 4826 2751 4866 xxx:
2896 4814 2930 4865 5

2176 4880 2371 4935 Junius
2627 4898 2733 4935 xxx
2802 4898 2809 4911 ι
2895 4885 2927 4936 ϐ

2177 4949 2359 5006 Julius
2624 4968 2753 5006 κιαι
2898 4955 2921 5006 1

2178 5024 2457 5092 Augustus
2624 5038 2748 5078 xx.“
2895 5023 2926 5075 4

2181 5090 2501 5161 September
2621 5108 2730 5146 xxx
2898 5092 2929 5145 7

1967 5201 2144 5272 Atque
2174 5201 2278 5257 hoc
2304 5202 2487 5273 ipsum
2517 5212 2623 5268 est,
2654 5202 2802 5274 quod
2832 5205 3088 5276 superius
3120 5205 3463 5272 dicebamus,

1899 5310 2023 5351 cum
2075 5299 2370 5367 emergenti
2400 5297 2710 5367 ,quazstioni
2760 5299 3161 5369 respondimus.
3200 5298 3466 5369 Deinceps

1898 5386 2190 5442 Novembri
2245 5388 2364 5445 dies
2422 5404 2474 5443 Iv
2520 5395 2851 5460 congruunt.
2919 5389 3132 5461 Quippe
3174 5406 3304 5445 xxxi
3347 5393 3466 5448 dies

1900 5478 2063 5534 habet
2098 5477 2337 5535 October
2390 5500 2404 5536 :
2441 5480 2588 5536 unde
2627 5496 2794 5552 supra
2826 5483 3197 5539 hebdomadas
3241 5499 3295 5538 ιν
3337 5484 3466 5539 reli-

1898 5571 1992 5642 qui
2022 5578 2151 5626 sunt
2169 5570 2286 5627 dies
2314 5578 2470 5628 tres:
2515 5573 2715 5643 quibus
2755 5572 2943 5629 addito
2991 5588 3008 5628 ι
3053 5574 3144 5644 qui
3172 5571 3465 5628 Octobrem

1899 5663 2213 5727 antecessit,
2248 5660 2384 5717 ﬁunt
2413 5679 2486 5717 IV.
2512 5660 2807 5719 December
2844 5678 2897 5717 v1
2937 5663 3161 5734 praebet,
3205 5661 3464 5732 quoniam

1900 5763 2096 5828 praeter
2122 5752 2508 5831 hebdomadas
2559 5769 2634 5810 tv.
2679 5754 2984 5812 November
3027 5755 3256 5812 biduum
3296 5752 3463 5809 relin-
