3950 6266
525 280 542 333 1
554 278 660 336 287

1523 274 1609 331 AD
1645 273 1912 331 EUSEBII
1950 273 2343 331 CHRONICON
2387 274 2750 331 APPENDIX.

3623 281 3754 335 I283

519 393 658 463 quit,
693 390 839 464 quod
883 405 1006 445 cum
1052 390 1333 464 prioribus
1359 395 1595 461 quatuor
1642 404 1739 445 sex
1778 389 1961 445 eliicit.
1995 386 2085 443 Ja-
2114 396 2156 451 Α
2189 407 2317 454 σας·
2347 408 2378 444 α

2189 407 2285 454 σας
2304 407 2317 421 ο
2347 383 2503 444 αὗται
2531 391 2589 444 δὲ
2621 389 2758 463 μετὰ
2788 393 2893 446 τῶν
2924 393 3206 466 προτέρων
3236 394 3276 448 δ’
3304 400 3358 460 ς’
3386 393 3628 449 ποιοῦσι.
3652 397 3755 449 Καὶ

521 483 751 540 auarius
800 497 928 537 vero
972 497 1011 536 ιι
1063 482 1293 537 obtinet.
1340 480 1550 552 Quippe
1592 494 1646 535 vt
1699 479 2083 536 antecedentes

518 592 643 631 cum
678 574 969 645 superﬂnis
996 589 1081 638 ιιι,
1108 588 1246 643 quas
1268 589 1435 644 supra
1486 590 1539 627 IV
1574 571 1943 627 hebdomadas
1982 570 2084 626 De-

515 668 736 722 cember
767 666 947 731 habet,
977 681 1028 720 ix
1061 665 1380 729 coniiciunt,
1414 664 1481 719 de
1513 664 1714 733 quibus
1746 662 2085 717 hebdomade

514 760 819 819 subtracta,
866 756 1146 811 residuum
1192 764 1275 811 est
1317 756 1567 816 biduum,
1604 762 1765 823 atque
1811 754 1884 806 ita
1932 755 2086 808 (lein—

512 861 665 917 ceps,
691 846 1020 901 Februarius
1045 863 1096 911 ν,
1127 844 1351 899 Martius
1375 862 1424 909 v,
1457 844 1711 914 quoniam
1731 842 2081 905 Februarius,

512 941 706 996 diebus
761 947 1023 994 constans
1068 945 1193 992 octo
1244 937 1507 992 duntaxat
1562 944 1616 991 et
1658 935 1872 1006 viginti,
1908 936 2085 990 nullas

512 1030 684 1085 mensi
722 1030 966 1099 sequenti
985 1030 1240 1098 relinquit
1259 1038 1496 1097 epactas.
1515 1026 1716 1096 Aprilis
1740 1043 1776 1088 ι,
1801 1026 1972 1081 Maius
2000 1041 2080 1090 ιιι,

507 1117 706 1173 Junius
737 1134 811 1183 γι,
846 1117 1021 1173 Julius
1054 1134 1091 1178 ι,
1128 1118 1409 1186 Augustus
1438 1132 1511 1179 IV,
1550 1115 1869 1185 September
1893 1130 1987 1168 vn.

2182 482 2384 554 ὁμοίως
2428 483 2753 556 Ἰανουαρίου
2876 486 2940 537 Δί
2981 485 3091 557 γὰρ
3140 486 3399 558 πρότεραι
3441 486 3540 553 ἒξ,
3581 486 3675 539 καὶ
3703 490 3755 542 ai

2184 574 2594 646 περιττεύουσαι
2624 575 2724 639 τὰς
2767 576 3063 647 ἑϐδομάδας
3113 579 3252 632 κατὰ
3291 580 3381 632 τὸν
3423 579 3756 651 Δεκέμϐριον

2183 674 2251 736 γ’,
2278 667 2322 721 θ’
2353 666 2593 721 ποιοῦσιν
2613 685 2627 698 '
2675 661 2749 721 ὧν
2780 668 3069 739 ἑϐδομάδος
3114 671 3546 741 ἀφαιρουμένης,
3579 671 3626 741 β’
3656 672 3758 724 λεί-

2183 774 2372 812 πονται
2402 760 2625 830 ἡμέραι.
2658 758 2769 811 Καὶ
2810 760 3007 829 ἐφεξῆς
3050 761 3357 826 ἀκολούθως
3388 763 3755 835 Φεόρουαρίου

2182 854 2244 913 ε’,
2271 849 2515 919 Μαρτίου
2551 848 2713 902 πάλιν
2759 856 2820 912 ε’,
2854 850 2941 903 διὰ
2986 851 3046 903 τὸ
3080 859 3166 922 κη’
3204 852 3429 924 ἡμερῶν
3482 854 3617 905 ὄντα
3666 854 3753 907 τὸν

2180 939 2540 1011 Φεϐρουάριον
2576 941 2845 1011 μηδεμίαν
2889 946 3060 995 ποιεῖν
3107 943 3184 1013 τῷ
3216 945 3414 1015 ἐφεξῆς
3446 946 3583 1015 μηκὶ
3625 947 3755 998 em-

2182 1026 2335 1096 κτήν.
2367 1025 2641 1097 Ἀπριλίου
2674 1034 2744 1091 α’,
2780 1028 2955 1081 Μαΐου
2978 1034 3048 1096 γ’,
3090 1028 3305 1081 Ἰουνίου
3330 1036 3404 1095 ς’,
3439 1029 3663 1082 Ἰουλίου
3689 1035 3755 1095 α’,

2180 1114 2492 1182 Αὐγούστου
2514 1117 2577 1179 δ’,
2604 1117 2697 1170 καὶ
2723 1117 3092 1187 Σεπτεμϐρίου
3120 1116 3186 1182 ζ’.

2251 1205 2434 1258 Ταῦτα
2465 1206 2641 1260 τοίνυν
2674 1207 3009 1271 συντιθέντες
3045 1207 3315 1278 ἀλλήλοις,
3347 1207 3447 1272 τάς
3477 1225 3536 1260 τε
3566 1206 3752 1277 δηλον-

2179 1297 2261 1349 ότι
2293 1295 2384 1350 τοῦ
2416 1298 2762 1367 ἐνισταμένου
2801 1299 2966 1367 μηνὸς
3005 1299 3215 1369 ἡμέρας
3246 1299 3407 1371 μέχρι
3455 1299 3554 1352 καὶ
3588 1298 3755 1368 αὐτῆς

2178 1386 2276 1456 τῆς
2314 1386 2762 1457 ἐπιζητουμένης,
2806 1387 2899 1439 καὶ⁵
2946 1386 3044 1450 τὰς
3076 1385 3169 1440 τοῦ
3215 1388 3379 1441 αὐτοῦ
3419 1387 3594 1459 μηνὸς
3626 1389 3756 1441 ἐπα-

2180 1477 2333 1541 κτὰς,
2356 1479 2449 1531 καὶ
2474 1479 2609 1550 πρὸς
2632 1478 2843 1541 τούτοις
2871 1478 2998 1541 τούς
3022 1496 3081 1531 τε
3107 1479 3472 1550 παρελθόντας
3497 1480 3754 1550 ἡλιακοὺς

579 1209 676 1264 llis
726 1211 892 1279 igitur
935 1210 1166 1264 invicem
1217 1208 1437 1272 additis,
1476 1208 1734 1262 nimirum
1769 1209 1971 1263 mensis
2000 1209 2082 1261 in-

510 1301 691 1357 choati
751 1301 943 1356 diebus
1000 1300 1069 1355 ad
1126 1302 1467 1371 propositum
1527 1316 1723 1371 usque,
1772 1307 1825 1355 et
1876 1299 2081 1354 mensis

507 1393 737 1464 epactis,
793 1407 1004 1446 necnon
1062 1391 1350 1461 praeteritis
1407 1391 1575 1461 cyclis
1634 1390 1944 1453 solaribns,
2021 1398 2082 1442 ut

512 1483 718 1538 dictum
760 1489 864 1547 est,
896 1498 1020 1537 cum
1056 1498 1243 1537 eorum
1284 1483 1703 1552 quadrantibus,
1740 1482 1943 1536 omisso
1975 1479 2079 1533 mi-

507 1589 643 1629 nore
688 1590 849 1644 quam
922 1590 975 1627 ιν
1024 1589 1290 1641 numero;
1337 1588 1550 1629 summa
1600 1574 1836 1643 denique
1868 1588 1965 1642 per
2004 1588 2079 1626 vn
2179 1568 2376 1622 κύκλου

2187 1568 2429 1634 κύκλους,
2452 1569 2526 1634 ὡς
2555 1572 2801 1641 εἴρηται,
2833 1571 2925 1622 καὶ
2949 1569 3017 1623 τὰ
3042 1570 3243 1624 τούτων
3276 1571 3403 1641 a’/6’
3435 1572 3753 1643 παρεῶντες

505 1664 705 1726 divisa,
755 1665 1064 1729 residuum,
1113 1665 1259 1736 quod
1310 1666 1495 1720 minus
1536 1672 1619 1721 est
1657 1673 1887 1735 septem,
1924 1663 2081 1718 docet
2178 1658 2245 1713 τὰ
2282 1659 2377 1713 ἐλά

2187 1658 2245 1713 τὰ
2282 1659 2537 1715 ἐλάττονα
2578 1662 2685 1715 τῶν
2718 1663 2783 1726 δ’,
2826 1662 2920 1715 καὶ
2954 1663 3045 1716 τὸν
3091 1663 3370 1735 γινόμενον
3418 1665 3559 1733 ὀμοῦ
3592 1665 3752 1718 πάλιν

507 1771 669 1827 quam
695 1757 749 1811 in
777 1758 963 1812 feriam
994 1758 1252 1828 quaesitus
1275 1758 1390 1812 dies
1414 1758 1620 1814 mensis
1643 1759 1789 1813 illius
1811 1758 2075 1811 incurrat.
2109 1738 2151 1792 Β
2178 1751 2375 1823 ἀριθμδ

2187 1751 2405 1823 ἀριθμὸν
2441 1753 2752 1825 μερίζοντες
2791 1755 2941 1827 παρὰ
2983 1757 3072 1809 τὸν
3102 1756 3167 1821 ζ’,
3210 1756 3279 1809 τὰ
3310 1756 3748 1827 καταλειπόμενα

504 1852 761 1907 ἐλάττονα
778 1853 887 1907 τῶν
907 1854 970 1919 ζ’,
989 1854 1181 1925 ἔχομεν
1206 1856 1262 1907 ἐν
1289 1854 1416 1926 ποίᾳ
1433 1856 1538 1908 τῶν
1562 1853 1661 1924 τῆς
1680 1853 1969 1925 ἑϐδομάδος
1993 1846 2213 1921 ἡμερῶν
2243 1846 2524 1919 συμϐαίνει
2545 1851 2576 1919 ἡ
2595 1849 2992 1921 ἐπιζητουμένη
3019 1851 3197 1922 ἡμέρα
3219 1850 3311 1904 τοῦ
3333 1853 3500 1922 μηνὸς
3517 1851 3746 1909 ἐκείνου.

2259 1955 2383 2013 Οἷον
2407 1961 2499 2015 ἐπὶ
2532 1960 2946 2033 ὕποδείγματος,
2976 1962 3115 2016 ἔστω
3146 1962 3324 2034 ζητεῖν
3351 1966 3499 2036 ἡμᾶς
3528 1965 3632 2037 τὴν
3660 1966 3746 2019 τοῦ

2182 2053 2445 2123 παρόντος
2479 2054 2809 2125 Ὀκτωϐρίου
2838 2061 2928 2119 κς⁹
2956 2058 3154 2126 εὑρεῖν,
3190 2057 3247 2108 ἐν
3286 2057 3415 2127 ποίᾳ
3456 2057 3561 2126 τῆς
3603 2057 3745 2111 €680-

2181 2143 2345 2214 μάδος
2368 2144 2590 2217 ἡμερῶν
2634 2145 2941 2215 συμϐαίνει.
2984 2147 3342 2218 Λαμϐἀνομεν
3371 2149 3471 2213 τὰς
3508 2149 3621 2203 ἀπὸ
3654 2151 3747 2222 τῆς

2176 2235 2469 2306 νουμηνίας
2497 2234 2660 2289 αὐτοῦ
2685 2236 2845 2308 μέχρι
2878 2238 2977 2309 τῆς
3002 2245 3093 2303 κς¹
3114 2239 3206 2291 καὶ
3234 2240 3399 2311 αὐτῆς
3418 2241 3641 2312 ἡμέρας
3660 2250 3744 2306 κζ’

2174 2325 2267 2381 καὶ
2313 2325 2538 2391 ταύταις
2594 2327 2955 2399 προστίθεμεν
2999 2331 3097 2401 τήν
3129 2347 3188 2383 τε
3232 2331 3395 2384 αὑτοῦ
3444 2332 3542 2385 τοῦ
3584 2335 3745 2402 μηνὸς

2173 2417 2413 2490 ὲπακτὴν
2446 2426 2515 2485 α’,
2551 2420 2643 2472 καὶ
2674 2418 2755 2472 ἔτι
2801 2423 2928 2484 τοὺς
2974 2422 3336 2495 παρελθόντας
3372 2429 3421 2477 κ’
3454 2424 3551 2477 τοῦ
3598 2425 3741 2495 ἡλίου

2173 2510 2422 2575 κύκλους,
2448 2513 2542 2565 καὶ
2560 2512 2629 2566 τὰ
2652 2512 2855 2566 τούτων
2873 2513 3021 2584 a'/8',
3046 2514 3081 2569 ἆ
3101 2517 3205 2568 είσι
3226 2522 3285 2569 ε’.
3319 2516 3392 2568 Τὸ
3407 2517 3517 2590 γὰρ
3547 2524 3597 2572 α’
3623 2518 3742 2589 ἄχρι

576 1964 819 2037 Exempli
866 1969 1076 2036 gratia:
1125 1966 1469 2037 Propositum
1503 1968 1574 2022 sit
1616 1967 1893 2036 inquirere
1939 1980 2078 2035 prae-

506 2058 679 2112 sentis
710 2059 917 2114 mensis
946 2058 1199 2114 Octobris
1233 2060 1374 2114 diem
1408 2075 1556 2123 xm,
1591 2074 1753 2129 quam
1786 2058 1840 2113 in
1872 2057 2079 2113 hebdo-

501 2148 680 2206 madis
708 2148 900 2204 feriam
932 2150 1112 2205 cadat.
1157 2149 1359 2220 Accipe
1387 2151 1506 2205 dies
1541 2144 1953 2221 primum‘xxvr,
1984 2149 2077 2218 qui

504 2239 575 2295 ab
602 2240 722 2308 ejus
770 2240 1028 2296 Kalendis
1058 2242 1229 2312 elapsi
1263 2249 1390 2296 sunt
1436 2260 1450 2297 :
1490 2242 1577 2296 IIIS
1615 2241 1752 2296 adde
1798 2249 1909 2294 tam
1951 2255 2079 2310 epa-

500 2338 651 2386 ctam
681 2346 700 2386 ι
737 2332 943 2387 mensis
975 2332 1144 2398 illius,
1180 2348 1341 2403 quam
1373 2349 1467 2396 xx,
1518 2334 1589 2388 ob
1637 2333 1859 2388 totidem
1892 2334 2075 2404 cyclos

499 2425 843 2494 praeteritos:
873 2442 975 2482 nec
1007 2443 1117 2482 non
1143 2427 1480 2498 quadrantes
1500 2442 1713 2494 eorum,
1740 2427 1831 2496 qui
1866 2433 1994 2481 sunt
2019 2442 2070 2479 ν.

500 2514 637 2571 Nam
691 2533 708 2571 ι
750 2534 923 2588 usque
964 2518 1033 2573 ad
1081 2535 1133 2573 ιν
1171 2519 1556 2589 relinquimus,
1612 2526 1672 2573 ut
1727 2534 1891 2589 supra
1938 2517 2071 2573 dixi.

2171 2602 2279 2655 τῶν
2300 2603 2340 2656 δ’
2359 2604 2859 2675 καταλιμπάνομεν,
2883 2604 2959 2670 ὡς
2986 2606 3241 2678 ἀνωτέρω
3272 2609 3612 2679 εἰρήκειμεν.
3641 2609 3742 2661 Καὶ

2170 2694 2238 2749 τὰ
2277 2695 2543 2766 γενόμενα
2590 2694 2727 2767 ὁμοῦ
2771 2694 2849 2764 νβ’
2888 2697 3206 2768 μερίσαντες
3251 2701 3399 2770 παρὰ
3440 2699 3535 2751 τὸν
3581 2700 3647 2764 ζ’,
3678 2700 3740 2752 τὰ

2172 2785 2596 2856 καταλειφθέντα
2645 2793 2695 2856 γ’
2765 2787 2960 2859 ἔχομεν
3023 2776 3123 2860 τὴν
3187 2795 3279 2853 κς¹
3329 2790 3424 2842 τοῦ
3479 2792 3742 2860 παρόντος

2181 2877 2509 2948 Ὀκτωϐρίου
2546 2878 2716 2949 μηνὸς
2751 2878 2810 2931 ὲν
2835 2878 3020 2949 ἡμέρᾳ
3062 2885 3109 2947 γ’
3140 2880 3564 2952 γεννησομένην.

2240 2969 2350 3022 Καὶ
2383 2969 2582 3041 ὁμοίως
2614 2969 2670 3022 δὲ
2702 2971 2801 3040 τὴν
2830 2970 3002 3041 ἀρχὴν
3044 2972 3273 3025 ἑκάστου
3309 2972 3479 3043 μηνὸς
3516 2972 3739 3045 ζητοῦν-

2169 3078 2279 3125 τες,
2321 3061 2420 3131 τήν
2462 3078 2523 3113 τε
2556 3066 2604 3115 α’
2648 3060 2742 3113 τοῦ
2779 3062 2945 3133 μηνὸς
2985 3062 3371 3132 λαμϐάνοντες,
3424 3066 3521 3118 καὶ
3573 3066 3739 3137 ταύτῃ

503 2608 727 2665 Summa
756 2611 985 2666 collecta
1022 2624 1095 2665 ιιι
1139 2626 1235 2681 per
1265 2627 1341 2665 vn
1368 2610 1564 2673 divisa,
1615 2626 1674 2663 ιιι
1702 2611 1943 2679 reliquos
1973 2609 2073 2662 ba-

501 2701 693 2756 bemus
725 2721 737 2756 :
768 2701 846 2757 ita
876 2709 936 2757 ut
964 2702 1280 2772 propositus
1309 2700 1426 2757 dies
1474 2701 1728 2757 Octobris
1764 2717 1890 2755 xxvu
1935 2700 2072 2755 feria

498 2791 663 2847 tertia
679 2792 751 2847 sit
763 2818 768 2825 -
779 2790 1019 2848 futurus.

570 2967 775 3024 Eodem
803 2970 969 3025 modo
1010 2986 1134 3026 cum
1177 2972 1393 3027 initium
1432 2975 1638 3030 mensis
1683 2974 2073 3043 cujusquam-

495 3059 755 3130 quiritur,
787 3061 907 3131 ejus
933 3062 1200 3119 Kalendas
1234 3066 1521 3131 sumimus,
1552 3080 1674 3120 cum
1697 3066 1903 3135 epactis
1927 3064 2072 3133 ejus-

498 3150 646 3216 dem,
672 3159 726 3205 et
745 3153 912 3221 cyclis
942 3154 1095 3218 solis,
1128 3144 1427 3226 eorumque
1458 3157 1889 3227 quadrantibus:
1940 3155 2067 3226 qui-
2109 3226 2133 3228 _
2170 3153 2267 3223 τὴν
2295 3153 2378 3204 ἐπι

2187 3153 2267 3223 τὴν
2295 3152 2540 3223 ὲπακτὴν
2573 3153 2760 3215 αὑτοῦ,
2796 3152 2919 3217 τούς
2955 3172 3016 3208 τε
3065 3155 3294 3220 κύκλους
3330 3157 3424 3210 τοῦ
3470 3157 3623 3228 ἡλίου
3652 3161 3740 3212 καὶ

498 3238 602 3294 bus
657 3255 725 3294 ex
778 3242 1033 3297 omnibus
1090 3244 1485 3301 coalescentetn
1550 3261 1817 3301 summam
1881 3246 1936 3301 in
1992 3226 2135 3301 mc
2168 3243 2376 3296 τὰτούτ

2187 3243 2235 3296 τὰ
2250 3243 2452 3296 τούτων
2472 3251 2519 3297 α’
2521 3244 2598 3313 /8'
2614 3244 3014 3315 προστιθέντες,
3038 3247 3232 3300 καὶτὸν
3255 3249 3316 3299 ἐκ
3331 3248 3428 3318 τῆς
3446 3226 3739 3314 συνθέσεως

498 3330 786 3398 partimur,
839 3339 900 3385 ut
951 3332 1097 3402 quod
1153 3336 1440 3404 quaesitum
1488 3344 1570 3391 est
1620 3336 1938 3391 habeamus.
1999 3335 2065 3390 Et
2173 3334 2322 3405 παρὰ
2352 3353 2378 3388 τ

2187 3334 2322 3405 παρὰ
2352 3336 2440 3389 τὸν
2467 3335 2511 3399 ζ’
2546 3334 2876 3407 μερίζοντες,
2906 3336 3098 3408 ἕξομεν
3130 3339 3190 3392 τὸ
3212 3339 3561 3410 ζητούμενον.
3593 3342 3737 3394 Ἐπεὶ

494 3420 780 3489 quoniam,
812 3429 872 3475 ut
895 3423 1198 3493 expeditior
1222 3425 1294 3479 sit
1322 3425 1624 3489 methodus,
1649 3425 1902 3480 tabellam
1934 3426 2065 3481 sub—
2171 3425 2228 3479 δὲ
2259 3426 2355 3479 καὶ

2187 3425 2228 3478 se
2259 3426 2355 3479 καὶ
2408 3427 2650 3480 κανόνιον
2695 3427 3040 3498 ἐκθησόμεθα
3084 3432 3510 3503 προχειροτῲας
3560 3433 3738 3486 ἕνεκεν

491 3512 691 3580 jecturi
726 3528 937 3579 sumus,
979 3514 1046 3570 de
1076 3515 1178 3571 bac
1208 3531 1329 3586 quae
1375 3517 1431 3571 in
1475 3532 1588 3572 rem
1633 3516 1838 3572 fuerint
1882 3518 2057 3587 expli-
2171 3516 2378 3587 εὑρέσει

2187 3516 2439 3587 εὑρέσεως
2460 3517 2566 3570 τῶν
2593 3518 2870 3583 τοιούτων,
2887 3518 3123 3591 ἐροῦμεν
3149 3521 3239 3573 καὶ
3273 3522 3400 3593 περὶ
3428 3523 3621 3575 τούτου
3643 3526 3738 3577 ὅσα

493 3602 763 3658 cabimus.
2171 3608 2338 3671 εἰκός.

2187 3608 2338 3671 εἰκός.

565 3691 671 3746 Sed
690 3693 821 3748 illud
840 3696 1151 3750 necessario
1172 3697 1461 3756 tenendum
1489 3704 1593 3763 est,
1616 3696 1830 3769 quoties
1855 3698 2069 3754 bissex-
2236 3698 2347 3751 Καὶ
2377 3721 2378 3731 ι

2236 3698 2347 3751 Καὶ
2377 3697 2533 3752 τοῦτο
2571 3699 2615 3752 δ’
2646 3699 2941 3768 ἀναγκαῖον
2984 3703 3133 3772 ἡμᾶς
3174 3702 3391 3767 εἰδέναι,
3429 3703 3527 3768 ὡς,
3578 3706 3736 3778 ἡνίκα

492 3785 645 3840 tilem
689 3802 890 3842 annum
942 3789 1147 3845 habens
1190 3792 1377 3862 cyclus
1420 3792 1680 3856 occurrit,
1730 3794 1810 3845 uti
1858 3808 1933 3857 ιν,
1980 3792 2066 3847 vel
2166 3789 2359 3861 ἐπιστῇ

2187 3792 2359 3861 ,πιστῇ
2381 3789 2575 3855 κύκλος
2604 3792 2757 3863 ἡλίου
2790 3792 3068 3863 βίσσεξτον
3101 3794 3217 3859 ἔτος
3248 3796 3437 3861 ποιῶν,
3467 3793 3582 3851 οἷον
3607 3798 3669 3863 δ’,
3701 3798 3732 3870 ἦ

496 3891 616 3939 νιιι,
640 3884 691 3931 et
722 3879 924 3943 caeteri,
960 3879 1117 3950 197
1142 3897 1243 3937 nos
1269 3898 1379 3937 non
1403 3884 1475 3936 ab
1498 3883 1717 3937 ineunte
1742 3883 1884 3953 cycli
1917 3884 2065 3939 illius
2163 3887 2237 3950 η’,
2263 3881 2378 3932 καὶι

2187 3887 2237 3950 ι’,
2263 3881 2356 3932 καὶ
2377 3881 2426 3933 οἱ
2456 3880 2653 3953 ἐφεξῆς
2674 3881 2815 3935 κατὰ
2846 3883 3160 3950 ἀκόλουθον,
3189 3886 3288 3937 ούκ
3317 3886 3411 3939 ἀπ’
3440 3887 3614 3958 αὐτῆς
3640 3888 3732 3957 τῆς

495 3978 647 4019 anno
690 3966 1022 4034 quadrantes
1070 3971 1348 4040 cyclorum
1394 3971 1664 4041 accipere,
1714 3971 1808 4025 sed
1850 3987 1881 4024 a
1930 3988 2060 4027 χχιι
2164 3972 2378 4043 ἀρχῆςι

2187 3972 2339 4043 ιρχῆς
2362 3970 2456 4025 τοῦ
2489 3973 2609 4025 κατ’
2638 3975 2842 4027 ἐκεῖνον
2869 3975 2959 4027 τὸν
2989 3975 3186 4029 κύκλον
3214 3975 3364 4041 ἔτους
3389 3977 3729 4049 λαμϐάνομεν

490 4053 582 4109 die
607 4053 914 4120 Februarii,
951 4057 1044 4127 qui
1076 4068 1205 4113 tunc
1236 4076 1361 4114 χιιι
1385 4067 1603 4116 constat
1630 4058 1819 4114 diebus
1847 4078 1859 4114 :
1886 4076 2062 4130 quan-
2164 4064 2224 4115 τὸ
2249 4062 2291 4115 δ’
2324 4063 2378 4115 τι]

2187 4064 2224 4115 τὸ
2249 4062 2291 4115 δ’
2324 4062 2431 4115 τῶν
2458 4063 2693 4128 κύκλων,
2730 4064 2844 4117 ἀλλ’
2866 4065 2974 4118 ἀπὸ
2993 4067 3092 4136 τῆς
3122 4066 3201 4120 κθ⁹
3233 4067 3325 4120 τοῦ
3344 4067 3724 4140 Φεϐρουαρίου,

489 4144 789 4215 doquidem
854 4148 1017 4219 hujus
1081 4152 1159 4205 rei
1229 4151 1404 4221 gratia
1459 4151 1718 4207 solarium
1785 4154 2060 4222 cyclorum
2165 4152 2246 4205 κθ⁹
2274 4170 2373 4224 την

2187 4152 2246 4205 ιθ⁹
2274 4152 2577 4224 τηνικαῦτα
2623 4154 2838 4225 ἡμέρας
2874 4155 3118 4225 ἔχοντος’
3180 4157 3364 4229 ἐπειδὴ
3401 4161 3497 4211 καὶ
3543 4160 3722 4213 τούτου

486 4240 824 4308 quadrantes
850 4240 918 4295 ad
949 4243 1328 4312 computanda:
1356 4242 1507 4299 feria:
1549 4243 1867 4298 methodum
1903 4259 2061 4299 assu-
2166 4242 2327 4313 χάριν
2355 4260 2378 4296 τ

2187 4242 2327 4313 εάριν
2355 4243 2421 4297 τὰ
2442 4244 2567 4314 a'/6'
2582 4245 2690 4298 τῶν
2706 4246 2944 4316 ἡλιακῶν
2968 4248 3182 4302 κύκλων
3203 4248 3511 4321 ζητοῦντες,
3537 4253 3615 4311 εἰς
3633 4252 3721 4324 τὴν

489 4329 712 4388 mimus.
2096 4331 2140 4385 D
2167 4334 2389 4405 μέθοδον
2416 4336 2509 4389 τοῦ
2540 4339 2962 4411 ήμεροευρεσίου
2992 4341 3515 4415 παραλαμϐάνομεν.

1492 4429 1852 4483 ΚΛΝΟΝῙυΝ
1901 4427 2039 4483 ΤΟΥ
2089 4431 2689 4487 ΗΜΕΡΟΕΥΡΕΣΙΟΥ.

1540 4519 1878 4575 Laterculum
1910 4522 1980 4575 ad
2025 4522 2441 4592 investigandum
2471 4524 2677 4593 feriam.

2015 4638 2887 4695 12591056

1326 4706 1552 4760 Romani
2018 4708 2050 4761 7
2160 4708 2190 4755 7
2264 4708 2331 4762 15
2400 4709 2467 4763 14
2540 4709 2608 4763 15
2677 4709 2740 4763 21
2820 4712 2880 4765 11

1325 4776 1536 4831 Menses
1984 4777 2048 4832 I8
2121 4778 2189 4832 19
2258 4779 2329 4833 25
2398 4778 2468 4831 26
2538 4779 2606 4832 27
2666 4780 2749 4834 ’22
2818 4782 2890 4834 9.3

1982 4847 2887 4905 122482041628

1324 4939 1553 4994 Martius
1791 4940 1853 4993 51
1966 4938 2032 4992 Vl
2099 4940 2187 4993 VII
2272 4939 2290 4992 1
2396 4939 2439 4994 II
2528 4940 2593 4994 III
2662 4941 2727 4994 IV
2807 4942 2850 4996 V

1319 5012 1514 5079 Aprilis
1784 5012 1852 5063 su
1958 5010 2017 5079 ιι
2097 5008 2165 5062 ιιι
2241 5011 2308 5064 ιν
2364 5009 2432 5079 έν
2507 5011 2574 5064 v1
2634 5011 2727 5065 vn
2809 5012 2827 5064 ι

1320 5080 1496 5133 Maius
1785 5079 1847 5132 51
1955 5078 2020 5130 IV
2107 5080 2150 5132 V
2240 5079 2303 5132 VI
2360 5078 2447 5135 VII
2527 5081 2547 5133 I
2660 5083 2698 5135 11
2784 5082 2849 5137 I.I

1316 5150 1510 5203 Junius
1785 5150 1853 5202 50
1945 5148 2035 5202 VII
2124 5148 2144 5201 Ι
2249 5150 2293 5204 Il
2378 5151 2442 5203 ΙΙΙ
2516 5150 2581 5206 IV
2659 5151 2701 5203 V
2786 5153 2849 5207 VI

1315 5219 1494 5272 Julius
1783 5219 1843 5271 51
1977 5221 2013 5271 ll
2100 5219 2166 5273 III
2237 5218 2301 5273 IV
2390 5219 2431 5273 V
2516 5221 2573 5275 VI
2635 5222 2726 5277 VII
2817 5222 2837 5274 I

1316 5291 1583 5359 Augustus
1786 5289 1872 5359 51.
1972 5287 2015 5341 ν
2094 5289 2163 5359 Vl
2222 5289 2309 5342 VII
2393 5292 2411 5345 I
2527 5292 2567 5344 II
2637 5292 2703 5345 III
2778 5290 2846 5346 IV

1318 5357 1612 5426 Seplember
1786 5357 1856 5411 30
1974 5360 1995 5411 I
2099 5358 2140 5411 II
2237 5360 2299 5412 Ill
2376 5359 2444 5413 IV
2530 5362 2573 5416 V
2630 5362 2696 5417 VI
2770 5363 2862 5418 VII

1319 5429 1542 5484 October
1786 5429 1848 5482 51
1964 5427 2028 5482 ΙΙΙ
2094 5429 2163 5483 IV
2250 5429 2288 5484 V
2375 5430 2440 5484 VI
2499 5431 2590 5486 VII
2670 5434 2689 5485 I
2801 5433 2844 5487 II

1319 5497 1609 5552 November
1781 5499 1851 5552 50
1974 5498 2040 5552 Vl
2093 5498 2183 5552 VII
2253 5501 2271 5553 I
2380 5502 2419 5554 II
2522 5502 2585 5556 lII
2660 5500 2727 5556 IV
2799 5501 2842 5555 V

1316 5569 1595 5621 December
1776 5569 1836 5621 51
1971 5567 1989 5620 I
2106 5570 2145 5621 II
2224 5570 2289 5622 IIl
2360 5571 2426 5624 IV
2507 5570 2551 5626 V
2636 5573 2700 5627 VI
2768 5571 2861 5626 VII

1314 5637 1608 5692 Ianuarius
1780 5638 1842 5691 51
1962 5637 2028 5693 IV
2096 5639 2140 5693 V
2226 5640 2291 5695 VI
2355 5640 2444 5695 VII
2527 5641 2547 5694 I
2645 5644 2688 5697 Il
2772 5643 2841 5699 III

1316 5705 1641 5762 Februarius
1723 5707 1889 5764 28-29
1940 5708 2029 5765 VII
2096 5711 2117 5763 I
2226 5710 2273 5765 II
2353 5711 2422 5764 Ill
2499 5710 2567 5766 IV
2648 5712 2691 5766 V
2774 5712 2838 5767 VI
