3950 6266
253 378 391 433 1289

423 494 561 565 Περὶ
589 495 690 549 τοῦ
722 495 1003 549 κανονίου
1034 495 1139 549 τοῦ
1171 496 1649 565 ἡμεροευρεσιου.

322 584 343 615 ¹
376 584 440 636 ΑΞ
475 585 571 655 μὲν
600 580 693 638 οὖν
723 584 1012 655 νουμηνίαι
1053 583 1279 638 αὐτόθεν
1324 587 1388 638 ὲκ
1431 584 1529 638 τοῦ
1569 587 1817 640 κανονίου

250 672 633 744 λαμϐάνονται.
678 674 782 727 Τὸν
814 674 922 746 γὰρ
947 674 1290 744 ἐνιστάμενον
1323 673 1519 729 κύκλον
1542 676 1636 729 τοῦ
1666 677 1818 748 ἡλίου

248 765 615 837 λαμϐάνοντες
653 768 717 818 ὲκ
757 764 852 818 τοῦ
884 764 1102 838 πρώτου
1134 765 1358 819 σελιδίου
1378 805 1394 831 ,
1427 766 1456 819 ὃ
1489 767 1629 821 κατὰ
1658 766 1819 838 βάθος

249 858 455 920 πάντας
505 859 631 920 τοὺς
676 856 907 920 κύκλους
947 856 1109 911 αὑτοῦ
1157 858 1436 929 περιέχει,
1475 860 1569 912 καὶ⁸
1614 861 1679 912 ὲκ
1721 858 1816 912 τοῦ

246 946 524 1011 ἀνωτάτω,
559 946 652 1000 καὶ
675 947 980 1019 πρωτίστου
1006 946 1184 1019 στίχου
1210 947 1303 1002 τοῦ
1330 948 1672 1020 περιέχοντος
1690 949 1816 1012 τοὺς

248 1039 426 1110 μῆνας
445 1081 459 1105 ,
487 1038 578 1092 τὸν
607 1040 958 1111 ἐνιστάμενον
993 1040 1164 1111 μῆνα,
1195 1033 1258 1095 οὗ
1286 1038 1383 1111 τὴν
1407 1041 1699 1111 νουμηνίαν
1724 1039 1816 1113 ζη-

242 1118 465 1202 τοῦμεν,
492 1131 593 1203 τὴν
615 1132 672 1184 ἐν
700 1130 776 1201 τῷ
813 1134 960 1202 μέσῳ
990 1129 1084 1185 τοῦ
1121 1131 1368 1186 κανονίου
1399 1134 1812 1205 παρακειμένην

241 1221 321 1294 τῷ
346 1222 847 1294 ἐνεστῶτι’ἡλιακῷ
892 1223 1104 1295 κύκλῳ,
1150 1224 1242 1278 καὶ
1275 1224 1381 1278 ὑπὸ
1407 1225 1498 1279 τὸν
1538 1224 1812 1296 ληφθέντα

245 1311 391 1383 μῆνα
422 1310 564 1364 κατὰ
594 1311 787 1381 βάθος,
809 1311 1013 1383 ταύτην
1052 1313 1293 1383 φήσομεν
1329 1307 1469 1365 εἶναι
1514 1312 1808 1383 νουμηνίαν

240 1401 337 1457 τοῦ
366 1403 533 1475 μηνὸς
560 1395 619 1455 οὗ
646 1400 936 1475 ζητοῦμεν.
964 1402 1178 1474 Ταύτην
1207 1402 1264 1455 δὲ
1296 1402 1680 1473 λαμϐάνοντες,
1714 1401 1808 1457 καὶ

240 1494 308 1565 ἢν
352 1494 418 1548 ἂν
457 1494 779 1565 βουλοίμεθα
811 1494 918 1549 τῶν
957 1493 1154 1564 ἐφεξῆς
1193 1493 1414 1565 ἡμερῶν
1443 1493 1608 1547 αὐτοῦ
1638 1493 1804 1565 ληψό-

245 1585 403 1656 μεθα.
430 1585 473 1636 Τ
477 1585 538 1648 ὰς
572 1584 680 1655 γὰρ
711 1583 817 1638 ἀπὸ
848 1590 895 1638 α’
919 1584 1046 1655 ἄχρι
1074 1583 1168 1637 τοῦ
1209 1583 1348 1638 κατὰ
1374 1581 1471 1654 τὴν
1511 1582 1805 1654 νουμηνίαν

241 1676 473 1750 ἀριθμοῦ
494 1678 592 1748 τῆς
612 1677 825 1749 ἡμέρας
855 1677 1027 1750 παρὲξ
1048 1676 1217 1747 αὐτῆς
1242 1675 1514 1741 λαϐόντες,
1547 1675 1641 1730 καὶ
1669 1675 1803 1729 ταύ-

238 1784 361 1831 ταις
384 1766 708 1839 προσθέντες
738 1768 837 1832 τὰς
856 1767 963 1821 ἀπὸ
989 1770 1088 1839 τῆς
1120 1768 1414 1839 νουμηνίας
1438 1767 1566 1838 ἄχρι
1594 1768 1687 1822 καὶ
1707 1768 1804 1821 αύ-

240 1860 339 1931 τῆς
370 1855 440 1931 ἧς
480 1857 747 1930 ζητοῦμεν
772 1858 984 1931 ἡμέρας
1002 1898 1016 1921 ,
1044 1858 1138 1912 καὶ
1167 1858 1265 1923 τὰς
1294 1858 1645 1930 συναχθείσας
1670 1858 1803 1930 ὁμοῦ
1833 1851 1878 1906 Β

239 1952 418 2016 πάσας
445 1951 763 2023 μερίσαντες
786 1951 934 2023 παρὰ
958 1951 1048 2004 τὸν
1074 1948 1139 2015 ζ’,
1155 1949 1348 2022 ἕξομεν
1366 1950 1426 2004 τὸ
1454 1950 1780 2023 ζητούμενον

843 2041 1200 2113 ’Υπὸδειγμα.

307 2133 424 2187 Καὶ
454 2133 593 2188 ἔστω
636 2134 702 2188 δι’
741 2134 1138 2205 ὑποδείγματας
1183 2132 1364 2204 ζητεῖν
1416 2136 1563 2206 ἡμᾶς
1602 2135 1703 2207 τήν
1740 2152 1800 2188 τε

236 2225 532 2298 νουμηνίαν
628 2264 644 2280 .
751 2267 764 2280 .
854 2267 867 2279 .

306 2409 389 2463 Τὰ
423 2411 520 2480 μὲν
544 2410 607 2480 δὴ
645 2411 773 2480 περὶ
810 2408 919 2462 τῶν
945 2407 1185 2479 ἡλιακῶν
1210 2408 1443 2474 κύκλων,
1467 2410 1561 2462 καὶ
1594 2407 1801 2473 τούτοις

235 2499 514 2571 ἑπομένων
554 2501 862 2570 ἀναγκαίως
893 2498 1221 2571 ὀφειλόμενα
1255 2499 1616 2574 θεωρηθῆναι,
1644 2500 1797 2554 ταῦτ’

233 2591 299 2647 ἂν
344 2592 450 2664 είη,
491 2593 719 2647 καθόσον
766 2590 1059 2665 ἐνεχώρει,
1089 2592 1181 2646 τὸν
1227 2593 1357 2664 περὶ
1401 2593 1606 2648 τούτων
1643 2590 1799 2663 λόγον

233 2684 651 2739 ἁποδεδωκότων
680 2683 958 2755 ἀνελλιπῆ.
998 2684 1258 2738 Μετιτέον
1287 2684 1344 2738 δὲ
1369 2684 1553 2738 λοιπον
1586 2685 1678 2739 ἐπὶ
1708 2684 1799 2739 τὸν

232 2777 363 2849 περὶ
393 2778 648 2848 σελήνης,
671 2775 812 2830 κατὰ
843 2775 934 2828 τὸν
971 2775 1154 2844 ὅμοιον
1194 2778 1307 2839 τοῖς
1353 2774 1481 2846 περὶ
1524 2773 1619 2829 τοῦ
1648 2775 1796 2847 ἡλίου

230 2865 389 2934 λόγον
417 2864 691 2919 κάνταῦθα
718 2864 815 2936 τῆς
837 2862 1079 2932 σκέψεως
1109 2865 1391 2936 ἐσομένης.

229 2974 371 3044 Περὶ
394 2974 684 3043 εὑρέσεως
710 2973 1368 3044 σεληνιακῶνξκύκλων,
1399 2974 1498 3028 καὶ
1527 2974 1645 3029 τῶν
1664 2977 1797 3031 τού-

448 3042 469 3063 ’⁷
776 3060 902 3109 τοις
926 3042 1252 3112 ἑπομένων.

301 3134 377 3190 ιζ’·
418 3134 529 3204 Τῆς
563 3133 788 3204 σελήνης
819 3134 960 3186 κατὰ
1005 3135 1104 3207 τὴν
1140 3135 1405 3208 τετάρτην
1449 3138 1659 3211 ἡμέραν
1697 3140 1796 3211 τῆς

1133 377 1355 433 lSAACl
1396 374 1700 433 MONACHI
1738 375 2112 434 COMPUTUS
2160 376 2605 435 ECCIESIAST.

1841 502 1890 557 Α

3342 388 3481 447 1296

2214 493 2291 549 De
2320 494 2572 549 la:erculo
2604 496 2751 565 feria:
2775 495 3166 570 investigandae.

1989 584 2243 641 Kalendae
2289 587 2560 641 mensium
2605 602 2670 642 ex
2723 587 2921 643 tabella
2974 598 3289 647 sumuntur.
3339 587 3475 647 Nam

1917 676 2131 748 cyclum
2190 676 2322 732 solis
2364 677 2641 733 ineuntem
2694 694 2763 733 ex
2802 679 2985 749 priore
3030 680 3281 738 laterculi
3322 691 3478 754 parte

1915 769 2225 840 capientes,
2259 784 2380 840 quae
2407 770 2594 841 cyclos
2621 785 2810 827 omnes
2841 772 2987 830 illius
3033 774 3312 839 continet,
3358 784 3473 830 tum

1896 859 1973 913 .in
2002 874 2218 915 summo
2263 861 2551 930 primoque
2590 877 2790 927 versu,
2830 862 2925 934 qui
2972 879 3187 920 menses
3219 863 3474 931 exhibet,

1915 965 2155 1007 mensem
2200 952 2358 1021 cujus
2415 952 2669 1009 Kalendae
2700 955 3044 1024 postulantur
3096 955 3470 1025 inquirentes,

1914 1057 2258 1113 quaecunque
2294 1042 2429 1099 feria
2460 1045 2641 1100 medio
2680 1046 2736 1101 in
2782 1046 3048 1102 laterculo
3081 1045 3150 1100 ad
3194 1046 3472 1103 ineuntem

1914 1132 2132 1205 cyclum
2172 1136 2348 1204 posita
2383 1142 2503 1199 est,
2537 1145 2591 1191 et
2623 1137 2798 1193 mensi
2832 1137 2945 1208 jam
2980 1145 3196 1208 reperto
3231 1137 3287 1192 in
3325 1137 3473 1192 dire-

1910 1237 2057 1282 ctum
2099 1227 2361 1297 subiacet,
2392 1229 2491 1284 has
2522 1228 2791 1285 Kalendas
2820 1244 2943 1306 esse
2976 1231 3178 1285 mensis
3208 1229 3354 1284 illius
3385 1227 3470 1282 di-

1911 1336 2131 1386 cemus,
2171 1321 2237 1377 de
2267 1337 2376 1393 quo
2413 1323 2692 1393 quaeritur.
2734 1323 2845 1379 Hac
2881 1325 3135 1389 inventa,
3172 1322 3471 1394 quamlibet

1914 1414 2261 1485 sequentium
2297 1416 2542 1485 ejusdem
2578 1416 2781 1473 mensis
2821 1416 3208 1472 obtinebimus.
3260 1414 3470 1485 Quippe

1909 1503 2076 1563 ferias
2101 1521 2293 1562 omnes
2327 1523 2356 1560 a
2389 1521 2404 1560 I
2439 1496 2507 1563 ad
2554 1522 2675 1563 eam
2722 1523 2844 1577 quae
2870 1506 3129 1562 Kalendis
3176 1506 3427 1561 convenit
3448 1543 3464 1567 ,

1908 1584 2107 1666 praeter
2152 1595 2294 1652 hanc
2335 1597 2508 1667 ipsam
2530 1636 2545 1663 ,
2577 1606 2863 1669 putantes,
2899 1596 3102 1653 additis
3128 1596 3319 1651 diebus
3348 1610 3468 1649 om-

1905 1687 2070 1744 nibus
2119 1704 2150 1743 a
2183 1687 2438 1745 Kalendis
2482 1688 2547 1742 ad
2596 1690 2929 1761 propositam
2972 1688 3148 1753 diem,
3197 1701 3463 1743 summam

1904 1796 2003 1853 per
2030 1796 2106 1836 vn
2135 1782 2403 1852 partimur
2427 1797 2449 1835 :7
2473 1788 2634 1839 atoue
2664 1781 2740 1835 ita
2773 1780 2962 1837 feriam
2993 1779 3337 1835 habebimus.

1975 2152 2300 2225 Exemplum.
2411 2150 2733 2218 Quaerantur
2751 2144 3002 2203 Kalendae

1972 2426 2098 2483 Haec
2130 2433 2294 2489 sunt,
2329 2438 2448 2495 quae
2478 2438 2546 2480 ue
2571 2422 2738 2494 cyclis
2781 2423 3086 2484 solaribns,
3119 2429 3173 2475 et
3210 2421 3310 2485 iis,
3343 2433 3464 2490 qua

1898 2519 2029 2577 inde
2060 2515 2455 2587 consequentia
2493 2521 2656 2581 sunt,
2689 2515 3057 2570 necessariam
3093 2514 3294 2569 habere
3325 2527 3461 2567 con-

1899 2608 2282 2669 sidcrationem
2311 2603 2493 2677 putavi
2519 2618 2790 2676 :-quorum
2814 2603 3060 2661 absoluta
3087 2642 3104 2668 ,
3134 2600 3312 2674 quoad
3343 2601 3461 2656 ﬁeri

1897 2702 2109 2775 potuit,
2144 2706 2232 2756 est
2262 2713 2295 2752 a
2324 2697 2483 2752 nobis
2520 2697 2684 2751 allata
2718 2698 2880 2752 ratio.
2910 2695 3070 2752 Nunc
3100 2695 3168 2752 ad
3209 2694 3458 2752 intrarent

1896 2792 2192 2849 transitum
2241 2787 2542 2852 faciemus.
2595 2794 2754 2857 quem
2789 2787 3016 2853 eadem,
3066 2802 3131 2842 ac
3185 2787 3457 2853 solerem,

1896 2880 1988 2935 via
2020 2887 2075 2935 et
2115 2875 2373 2933 methodo
2406 2875 2790 2933 tractabimus.

2003 2992 2081 3048 De
2108 2989 2479 3061 inveuigandis
2517 2989 2676 3061 cyclis
2716 2988 3025 3056 lunaribus,
3054 2999 3104 3045 et
3138 3006 3255 3061 qua:
3288 2990 3358 3045 iis

2421 3069 2770 3114 consentanea
2798 3068 2943 3114 sunt.

1972 3150 2033 3206 V.
2074 3150 2211 3205 Cum
2239 3148 2308 3204 ab
2334 3147 2484 3203 orbis
2513 3145 2735 3202 conditu
2764 3154 2957 3216 quarto
2990 3145 3077 3200 die
3104 3144 3231 3199 luna
3262 3143 3421 3214 plena
3439 3181 3458 3206 ,

228 3198 614 3296 κοσμογενείας
654 3198 803 3296 παρά
840 3224 931 3278 τοῦ
974 3198 1303 3300 δημιουργού
1343 3198 1626 3284 τῶνιϐλων
1653 3198 1792 3284 Θεοξ

1897 3253 1951 3298 et
1982 3241 2233 3298 absoluto
2261 3239 2394 3294 orbe
2428 3243 2689 3293 constans
2722 3235 2791 3291 ab
2816 3232 3062 3290 omnium
3101 3247 3282 3288 rerum
3320 3231 3455 3284 arti-

228 3322 310 3384 είς
340 3319 548 3388 γένεσιν
594 3318 967 3391 παραχθείσης
1003 3323 1061 3375 ὲν
1107 3321 1425 3394 πανσελήνῳ
1463 3324 1559 3377 καὶ
1602 3324 1791 3395 τελείῳ

227 3406 307 3478 τῷ
354 3409 588 3479 σχήματι
628 3405 808 3478 (τοῦτο
837 3409 946 3481 γὰρ
989 3410 1022 3480 ἡ
1061 3409 1160 3480 τῆς
1190 3411 1460 3475 Γενέσεως
1496 3412 1675 3483 βίϐλος
1705 3414 1790 3466 al-

226 3501 463 3555 νίττεται
484 3542 500 3566 ,
524 3501 787 3570 λέγουσαο
826 3517 846 3552 ι
875 3500 985 3555 Καὶ
1011 3500 1263 3574 ἐπονησεν
1296 3504 1325 3557 ὁ
1360 3502 1491 3567 Θεὸς
1531 3504 1655 3568 τοὺς
1698 3503 1791 3556 δύο

226 3589 519 3660 φωστῆρας
545 3590 672 3653 τοὺς
708 3589 976 3661 μεγάλους
997 3630 1014 3656 ,
1053 3590 1144 3645 τὸν
1187 3593 1450 3664 φωστῆρα
1484 3592 1575 3646 τὸν
1616 3593 1790 3664 μέγαν

226 3682 308 3744 είς
333 3681 507 3753 ἀρχὴν
536 3681 636 3751 τῆς
661 3681 897 3753 ἡμέρας,
924 3681 1019 3736 καὶ
1049 3681 1140 3736 τὸν
1170 3682 1430 3755 φωστῆρα
1462 3684 1551 3737 τὸν
1585 3681 1789 3737 ἐλάττω

226 3774 306 3836 είς
348 3772 522 3843 ἀρχὰς
569 3771 671 3843 τῆς
718 3773 910 3837 νυκτός
949 3773 1021 3844 ›)·
1058 3773 1309 3827 οὐδέποτε
1356 3773 1464 3847 γὰρ
1505 3774 1599 3828 τοῦ
1637 3774 1786 3845 ἡλίου

225 3859 860 3945 ἀνατέλλοντος,’δύναιτ’
907 3865 974 3920 ἂν
1016 3866 1110 3920 καὶ
1149 3867 1183 3937 ἡ
1226 3866 1418 3939 σελήνη
1467 3867 1586 3921 κατ’
1618 3866 1786 3939 αὐτὴν

223 3954 322 4026 τὴν
354 3956 568 4026 ἡμέραν
595 3957 675 4018 εἰς
705 3956 878 4027 ἀρχὰς
911 3958 1009 4029 τῆς
1033 3957 1260 4021 νυκτὸς,
1293 3958 1325 4030 ἡ
1356 3958 1432 4022 ὡς
1456 3958 1788 4030 ἅκρόνυκτος

224 4047 556 4111 ἀνατέλλειν,
590 4048 665 4120 μὴ
691 4048 1057 4122 διαμετροῦσα
1079 4049 1171 4103 τὸν
1195 4049 1363 4121 ἥλιον,
1394 4051 1490 4104 καὶ
1513 4050 1784 4123 πανσέλη-

223 4158 313 4206 νος
345 4140 594 4194 ἐντεῦθεν
621 4141 901 4212 γινομένη,
924 4141 1082 4213 εἴπερ
1108 4141 1328 4214 ύποθείη
1338 4160 1434 4214 μεν
1457 4142 1567 4197 ἀπὸ
1596 4159 1787 4213 προγε-

221 4231 443 4301 γονυίας
470 4232 688 4287 συνόδου
716 4233 917 4303 ταύτην
940 4233 1310 4305 γεγενημένην
1332 4251 1347 4266 ο
1366 4233 1491 4287 ἐπεὶ⁸
1519 4233 1660 4288 κατὰ
1687 4233 1785 4304 τὴν

221 4324 261 4378 ᾶ
295 4323 504 4396 ἡμέραν
528 4323 628 4394 τῆς
650 4323 1037 4395 κοσμογενείας
1061 4324 1576 4379 πεντεκαιδεκαταία
1600 4320 1667 4395 ῆν
1696 4324 1780 4378 ἄν’

222 4417 451 4488 φανερὸν
488 4416 584 4487 μὲν
603 4456 618 4481 ,
648 4416 724 4480 ὡς
747 4415 886 4470 κατὰ
920 4416 1018 4487 τὴν
1056 4416 1232 4488 ἀρχὴν
1268 4416 1367 4487 τῆς
1397 4417 1784 4488 κοσμογενείας

220 4507 554 4562 δωδεκαταία
588 4502 687 4579 ἦν·
722 4513 788 4560 ια’
809 4506 866 4560 δὲ
895 4509 948 4561 αί
968 4506 1172 4579 ταύτης
1197 4507 1462 4561 ὲπακταί·
1500 4508 1595 4562 καὶ
1625 4501 1783 4562 αὗται

220 4602 278 4657 αἱ
326 4609 395 4655 ια’
424 4601 649 4671 ἔγγιστα
690 4601 891 4674 ἡμέραι
932 4603 1216 4673 θαυμαστῇ
1255 4600 1349 4655 καὶ
1393 4601 1781 4674 ἀνυπερϐλήτῳ

217 4693 321 4762 τῆς
351 4692 604 4762 προνοίας
637 4691 797 4762 σοφίᾳ
825 4692 946 4747 καθ’
976 4693 1202 4746 ἕκαστον
1230 4691 1346 4757 ἔτος
1375 4692 1513 4762 μετὰ
1551 4692 1648 4764 τήν
1671 4694 1780 4747 τῶν

216 4784 423 4837 δώδεκα
466 4782 797 4854 σεληνιακῶν
842 4782 1027 4854 μηνῶν
1076 4781 1464 4854 συμπλήρωσιν
1489 4821 1504 4846 ,
1549 4783 1652 4837 τνδ⁹
1686 4784 1780 4837 καὶ

217 4872 403 4944 μεῖζον
435 4874 469 4947 ἡ
511 4880 559 4943 γ’
603 4872 764 4945 μέρος
795 4873 1462 4946 ἡμέραςὰπαρτιζόντων,
1506 4873 1779 4928 λείπονται

215 4967 296 5030 εἰς
329 4965 426 5038 τὴν
469 4964 563 5018 τοῦ
604 4964 930 5036 ἐνιαυσιαίου
980 4963 1169 5035 χρόνου
1218 4964 1643 5036 συμπλήρωσιν,
1675 4965 1780 5032 τξε¹

213 5057 438 5128 ἡμερῶν
478 5057 628 5121 ὄντος
675 5056 769 5110 καὶ
812 5055 854 5109 δ’
894 5054 1137 5125 ἔγγιστα.
1178 5056 1340 5108 Ὥστε
1388 5056 1444 5109 ἐν
1478 5057 1591 5123 τοῖς
1629 5057 1779 5111 δυσὶν

214 5144 360 5197 ἔτεσι
399 5144 878 5214 διπλασιαζόμεναι
924 5136 1084 5197 αὗται
1116 5143 1173 5197 αἱ
1220 5150 1285 5196 ια’
1319 5142 1521 5216 ἡμέραι
1565 5132 1776 5200 πειοῦσι

213 5235 314 5299 τὰς
342 5235 583 5300 ἐπακτὰς
605 5234 688 5306 κβ¹
713 5251 726 5267 ο
756 5237 812 5289 ἐν
842 5235 898 5288 δὲ
932 5236 1043 5298 τοῖς
1072 5233 1217 5305 τρισὶ
1244 5233 1344 5302 λγ’.
1375 5228 1475 5287 Ὧν
1505 5236 1778 5307 συναχθει-

215 5324 348 5391 σῶν,
378 5327 791 5399 ἀφαιρουμένων
817 5326 924 5380 τῶν
945 5326 1010 5389 λ’,
1041 5324 1160 5378 ἐπεὶ
1197 5324 1341 5396 μῆνα
1370 5323 1592 5394 ἔγγιστα
1620 5325 1776 5398 σελη-

214 5417 402 5472 νιακὸν
428 5416 804 5491 ἀπαρτίζουσι,
831 5416 1245 5470 καταλείπονται
1275 5422 1339 5484 γ’.
1367 5415 1477 5470 Καί
1511 5418 1647 5472 εἰσιν
1684 5419 1774 5472 ἐν·

212 5505 402 5560 τεῦθεν
428 5505 522 5560 τοῦ
556 5507 736 5579 τρίτου
762 5505 914 5569 ἔτους
936 5506 1173 5559 ἐπακταὶ
1196 5511 1244 5574 γ’
1267 5522 1280 5536 ·
1311 5505 1404 5559 καὶ
1422 5505 1619 5578 ἐφεξῆς
1646 5508 1775 5562 ἁκο-

1888 3335 1991 3400 1ce
2009 3332 2119 3388 Deo
2141 3336 2426 3402 procreata
2475 3327 2547 3385 sit
2581 3327 2707 3398 (hoc
2728 3327 2871 3382 enim
2899 3326 3035 3382 liber
3055 3320 3280 3379 Genesis
3305 3338 3343 3391 ι,
3370 3321 3460 3387 16.

1889 3425 2094 3480 indicat
2119 3422 2205 3479 bis
2227 3421 2440 3477 verbis:
2471 3416 2567 3473 «Et
2587 3418 2714 3474 fecit
2738 3418 2877 3474 Deus
2900 3416 3190 3472 luminaria
3213 3415 3321 3471 duo
3341 3430 3462 3469 ma-

1886 3527 1994 3585 gna
2026 3531 2041 3567 :
2077 3511 2340 3566 luminare
2371 3509 2549 3577 majus
2580 3506 2649 3561 ad
2693 3507 2908 3562 initium
2938 3507 2960 3538 ³
2999 3504 3105 3561 dici
3127 3543 3144 3572 ,
3196 3514 3250 3559 et
3297 3503 3462 3557 lumi-

1886 3617 2020 3668 nare
2045 3602 2227 3657 minus
2256 3600 2320 3655 ad
2349 3599 2563 3654 initium
2610 3598 2789 3653 noctis
2819 3596 2906 3665 t);
2943 3595 3142 3666 quippe
3178 3606 3455 3663 nunquam

1889 3695 2099 3750 oriente
2129 3692 2244 3750 sole
2276 3690 2464 3747 eadem
2497 3689 2584 3747 die
2617 3689 2749 3744 luna
2783 3695 2966 3759 posset
3003 3684 3069 3741 ad
3104 3685 3317 3741 initium
3353 3698 3459 3738 no-

1887 3786 2032 3851 ctis,
2069 3784 2184 3840 sive
2233 3783 2338 3840 sub
2386 3789 2603 3839 noctem
2655 3781 2887 3852 primam
2936 3777 3178 3842 exoriri,
3229 3774 3341 3830 nisi
3389 3786 3457 3830 ex

1886 3873 2157 3930 diametro
2185 3872 2237 3928 ei
2268 3878 2415 3928 esset
2451 3868 2699 3940 opposita
2727 3908 2743 3935 ,
2784 3866 3016 3937 ideoque
3052 3866 3212 3938 plena
3250 3862 3402 3919 ﬁeret
3436 3879 3454 3926 ;

1887 3965 1934 4020 si
1968 3964 2038 4018 ab
2067 3959 2422 4018 antecedente
2454 3959 2587 4031 jugo
2625 3958 2694 4014 ad
2731 3957 3095 4031 plenilunium
3135 3954 3458 4026 pervenisse

1884 4055 2202 4125 ﬁngamus;
2264 4051 2520 4124 quoniam
2581 4060 2780 4123 quarto
2842 4049 3035 4105 mundi
3093 4046 3299 4105 conditi
3364 4046 3455 4101 die

1885 4147 2075 4217 quinta
2135 4143 2346 4199 decima
2411 4141 2551 4207 fuit;
2613 4140 2968 4198 manifestum
3032 4150 3156 4204 est,
3218 4137 3273 4193 in
3334 4139 3457 4208 ipso

1883 4237 2072 4293 mundi
2128 4232 2429 4311 primordio
2489 4232 2867 4311 duodecimam
2927 4230 3119 4287 fuisse.
3182 4229 3449 4285 Undecim

1883 4342 2015 4400 ergo
2052 4333 2210 4383 erant
2251 4310 2385 4393 ejus
2412 4332 2638 4397 epactae.
2691 4310 2822 4390 Quae
2865 4322 3088 4392 quidem
3127 4336 3185 4376 ιι
3230 4319 3454 4376 circiter

1883 4420 2001 4476 dies
2052 4415 2359 4472 admirabili
2413 4414 2575 4485 198
2611 4420 2664 4469 et
2702 4413 2970 4468 immensa
3003 4426 3232 4482 prorsus
3263 4410 3452 4482 pravis

1816 4535 1859 4590 D
1884 4511 2080 4566 dentiae
2105 4509 2301 4564 divinae
2330 4507 2550 4563 solertia
2569 4546 2585 4573 ,
2613 4505 2844 4575 singulis
2871 4504 3031 4560 annis
3052 4544 3066 4565 ,
3102 4510 3225 4574 post
3258 4518 3333 4557 ιιι
3364 4501 3451 4556 Ιιι-

1884 4617 2048 4658 nares
2077 4614 2295 4655 menses
2321 4599 2601 4654 absolutos
2619 4636 2636 4660 ,
2665 4596 2757 4668 qui
2790 4595 2909 4652 dies
2937 4594 3201 4666 colligunt
3230 4607 3448 4663 cccuv;

1883 4701 1939 4750 et
1988 4693 2151 4764 paulo
2199 4691 2323 4762 plus
2374 4690 2535 4746 tertia
2579 4688 2684 4744 diei
2731 4697 2915 4758 parte,
2961 4686 3264 4744 desunt'ad
3303 4700 3449 4741 exat-

1884 4784 2161 4856 quandum
2194 4782 2328 4837 solis
2353 4796 2557 4835 annum
2582 4798 2597 4835 :
2630 4779 2723 4849 qui
2755 4778 2949 4837 diebus
2979 4783 3196 4834 constat
3221 4791 3444 4842 cccuv,

1884 4882 1940 4929 et
1971 4872 2273 4944 quadrante
2307 4872 2439 4927 fere.
2470 4869 2609 4925 Hinc
2638 4871 2693 4925 in
2723 4869 2883 4924 annis
2913 4870 3128 4925 duobus
3159 4869 3447 4939 duplicatae

1886 4964 2002 5020 dies
2028 4962 2231 5019 eaedem
2258 4973 2479 5033 epactas
2508 4961 2714 5016 faciunt
2743 4976 2853 5015 xxn
2882 4978 2897 5024 ;
2932 4960 2989 5015 in
3030 4960 3188 5016 annis
3226 4958 3404 5014 tribus
3426 4997 3445 5022 ,

1885 5071 2078 5110 χχχιιι.
2107 5053 2182 5109 De
2209 5069 2318 5123 qua
2351 5069 2565 5110 summa
2592 5054 2842 5110 deductis
2871 5069 2979 5109 xxx
3000 5092 3016 5118 ,
3049 5069 3171 5123 qure
3203 5065 3444 5107 mensem

1882 5147 2129 5201 lunarem
2166 5145 2387 5200 circiter
2423 5144 2696 5210 eﬂleiunt,
2734 5145 2958 5215 reliquae
2996 5153 3127 5200 sunt
3165 5158 3250 5199 ιιι.
3290 5140 3449 5197 Unde

1881 5237 2075 5291 tertius
2099 5248 2276 5290 annus
2305 5242 2525 5306 epactas
2553 5234 2714 5291 habet
2736 5251 2832 5303 In;
2862 5250 2926 5289 ac
2953 5235 3035 5290 sic
3062 5233 3319 5301 deinceps
3347 5247 3447 5287 us~

1879 5343 1987 5398 que
2024 5326 2092 5382 ad
2129 5342 2263 5384 χιιι
2300 5328 2500 5383 etenim
2541 5341 2686 5382 anno
2723 5343 2812 5382 nx
2848 5326 3118 5382 mensium
3166 5325 3310 5379 lunae
3358 5337 3446 5376 re-

1879 5417 2084 5474 volutio
2118 5416 2174 5471 ﬁt
2204 5435 2218 5471 :
2255 5416 2393 5473 adeo
2422 5425 2485 5471 ut
2519 5431 2664 5473 anno
2697 5417 2958 5473 vicesimo
2992 5425 3213 5488 epaetas
3249 5412 3448 5469 habeat

1877 5510 2006 5565 luna
2040 5525 2233 5565 rursus
2266 5525 2341 5564 xl.

210 5595 417 5661 λούθως
472 5562 630 5668 ἄχρίς
662 5596 796 5649 ἐτῶν
825 5562 909 5648 ιθθζ
950 5595 1105 5650 Κατὰ
1147 5562 1254 5668 γάρ
1294 5596 1359 5650 ιθ⁹
1405 5562 2010 5667 ἔτοςνάποκατάστασις
2041 5562 2405 5671 γτίῦν
2465 5600 2799 5676 σεληνιακῶν
2847 5601 3030 5674 μηνῶν
3051 5617 3067 5633 ο
3115 5598 3256 5656 ὥστε
3301 5562 3459 5652 xum"

210 5689 274 5743 τὸ
305 5694 353 5742 κ’
376 5687 492 5749 ἔτος
517 5685 676 5740 πάλιν
710 5690 774 5739 ια’
808 5683 943 5742 εἶναι
967 5688 1065 5753 τὰς
1091 5688 1189 5761 τῆς
1215 5689 1444 5761 σελήνης
1469 5690 1729 5754 ἐπακτάς.

286 5810 308 5839 ³
335 5805 462 5861 Haec
492 5805 548 5858 in
575 5813 739 5859 vetere
767 5805 932 5859 altera
955 5805 1165 5864 desunt.
1239 5808 1261 5842 ³
1294 5806 1382 5863 Sic
1408 5820 1579 5865 vacem
1600 5809 1774 5882 ἀρχὴν
1802 5809 2020 5879 accepit,
2056 5819 2114 5864 ut
2137 5807 2351 5879 quidam
2391 5820 2602 5868 veteres.

489 5897 737 5959 Pauor.
792 5898 906 5960 Gn;
953 5898 1128 5961 XIX.

3085 5901 3154 5962 Μ
