3948 6264
243 339 375 396 1295

1166 336 1386 396 ISAACI
1418 338 1724 397 MONACHI
1759 339 2139 398 COMPUTUS
2171 337 2612 398 ECCLESIAST.

3325 345 3461 403 129i

240 455 360 510 κλου
381 453 526 506 τόνδε
565 453 656 507 τὸν
691 453 890 525 τρόπον
932 454 1234 526 ληψόμεθα.
1266 458 1521 527 Ἔχοντες
1552 459 1661 532 γὰρ
1698 459 1790 513 τὸν

1905 459 2154 515 iciemus.
2184 457 2406 530 Cyelum
2437 459 2580 513 lunae
2604 457 2716 528 jam
2751 463 3021 526 repertum
3055 471 3151 527 per
3185 472 3240 512 ιι
3276 461 3461 513 multi-

240 545 428 598 κύκλον
459 546 557 614 τῆς
592 544 852 615 σελήνης,
894 545 1456 619 ἑνδεκαπλασιάσομεν
1487 550 1668 615 αὐτὸν,
1701 551 1795 605 καὶ

241 635 610 708 προσθήσομεν
641 635 790 706 αύτῷ
829 637 922 689 καὶ
964 637 1174 709 ἡμέρας
1215 642 1362 710 τρεῖς
1402 641 1530 711 περὶ
1574 637 1649 694 ὧν
1677 643 1793 712 μετ’

237 729 406 796 ὀλίγον
456 726 687 798 ἐροῦμεν
709 745 722 758 ο
773 729 867 782 καὶ
905 727 999 782 τοῦ
1041 729 1331 800 γενομένου
1373 731 1472 796 τὰς
1513 750 1792 804 παρεμπι-

239 821 468 883 matiam;
519 819 911 891 τριακοντάδας
954 819 1134 884 πάσας
1181 821 1506 893 ἀφελοῦμεν,
1551 825 1625 887 ὡς
1665 825 1794 879 ἐκά-

241 927 365 981 στην
400 912 546 982 μῆνα
575 911 888 983 σεληνιακὸν
924 913 1326 984 ἀπαρτίζουσαν
1350 930 1365 945 ο
1409 916 1502 968 καὶ
1527 915 1595 969 τὰ
1616 916 1794 970 κάτω-

240 1001 326 1055 θεν
351 1002 458 1056 τῶν
491 1002 533 1055 λ’
566 1001 807 1066 ἐπακτάς
849 1003 1056 1058 ἐκείνου
1094 1003 1188 1057 τοῦ
1231 1005 1549 1078 σεληνιακοῦ
1594 1006 1792 1061 κύκλου

237 1088 369 1147 εἶναι
390 1095 656 1166 φήσομεν.

311 1184 674 1255 Ὑπόδειγμα·
707 1179 815 1238 οἷον
849 1184 924 1247 ὡς
959 1185 1016 1237 ἐν
1051 1184 1438 1256 ὑποδείγματι·
1475 1188 1598 1240 ἐπεὶ
1642 1189 1670 1240 ὁ
1714 1189 1797 1241 ἐν-

242 1274 406 1338 εστὼς
433 1277 530 1346 τῆς
562 1275 788 1346 σελήνης
820 1275 1016 1340 κύκλος
1055 1277 1098 1347 β’
1131 1273 1269 1332 εἶναι
1296 1279 1580 1346 δέδεικται,
1611 1281 1795 1336 τοῦτον

235 1367 836 1431 ἐνδεκαπλασιάσαντες,
864 1368 957 1421 καὶ
983 1371 1093 1432 τοῖς
1115 1370 1425 1440 γενομένοις
1450 1370 1532 1441 κβ¹
1560 1377 1607 1440 γ’
1637 1389 1796 1444 προσ-

236 1460 433 1523 θέντες,
466 1459 534 1512 τὰ
565 1459 831 1530 γενόμενα
859 1467 938 1513 κε’
967 1460 1066 1525 τὰς
1093 1461 1186 1515 τοῦ
1226 1463 1517 1529 ἐνεστῶτος
1547 1466 1794 1537 σεληνια-

235 1551 330 1606 κοῦ
362 1551 558 1607 κύκλου
584 1552 775 1623 ἔχομεν
807 1552 1048 1617 ὲπακτάς
1079 1561 1178 1608 κε’.

313 1643 375 1697 Ἦ
406 1644 464 1697 δὲ
494 1644 604 1696 τῶν
639 1650 684 1712 γ’
718 1645 937 1715 ἡμερῶν
963 1643 1244 1715 προσθήκη
1279 1643 1346 1697 δι’
1385 1646 1562 1700 αἰτίαν
1589 1647 1795 1716 γίνεται

233 1733 449 1804 ταύτην.
507 1735 664 1786 Δοκεῖ
725 1734 832 1806 γὰρ
891 1735 1121 1807 ἀπορίαν
1181 1735 1425 1805 ἐμποιεῖν
1484 1739 1518 1808 ή
1574 1738 1791 1810 τοιαύτη

1897 551 2244 622 plicahimus,
2279 549 2438 620 199
2465 549 2530 604 ad
2562 563 2796 617 eumque
2821 556 2933 603 tres
2961 549 3079 604 dies
3111 547 3456 618 adjiciemus,

1895 642 1963 698 de
1993 643 2190 713 quibus
2225 643 2388 713 paulo
2417 648 2783 712 postagetur.
2837 638 2911 693 Ex
2945 639 3048 694 hac
3092 655 3304 694 summa
3355 640 3453 692 tri.

1895 735 2146 792 cenarios
2192 748 2418 802 omnes,
2455 732 2635 803 quoad
2679 732 2794 786 ﬁeri
2839 737 3049 801 potest,
3095 731 3454 798 auferemus;

1895 827 1989 896 qui
2043 826 2288 897 singulos
2336 825 2480 880 lunae
2529 836 2747 882 menses
2800 821 3060 878 alliciunt.
3112 821 3456 886 Residuum,

1895 916 2040 988 quod
2069 918 2252 973 minus
2283 925 2369 973 est
2395 932 2499 970 xxx
2521 955 2536 978 ,
2572 929 2672 986 pro
2700 914 2842 969 lunae
2869 913 3077 986 epactls
3109 913 3451 971 habebimus.

1963 1179 2206 1250 Exempli
2243 1193 2444 1234 causa:
2478 1178 2738 1248 quoniam
2772 1177 3053 1247 praesentis
3085 1175 3214 1230 anni
3241 1174 3451 1231 lunaris

1895 1273 2084 1343 cyclus
2117 1279 2201 1327 est
2233 1287 2308 1337 ιι,
2344 1279 2407 1326 ιιι
2440 1269 2780 1328 ostendimus
2807 1287 2820 1324 :
2855 1269 3001 1323 hunc
3047 1283 3143 1339 per
3170 1283 3226 1322 ιι
3260 1267 3450 1324 multi-

1893 1364 2195 1434 plicantes-,
2222 1373 2276 1418 et
2306 1364 2370 1417 ad
2407 1379 2548 1429 xm,
2583 1361 2676 1432 qui
2711 1360 2838 1416 inde
2886 1359 3057 1423 ﬁunt,
3109 1359 3307 1415 additis
3356 1374 3450 1424 ιιι,

1893 1455 1986 1526 qui
2020 1457 2144 1509 inde
2175 1454 2745 1527 consurgit'numerus
2777 1467 2904 1520 xxv,
2933 1450 3097 1522 hujus
3126 1451 3267 1523 cyeli
3297 1451 3454 1508 luna-
3549 1489 3563 1501 .

1893 1548 1973 1603 ris
2002 1554 2222 1618 epactas
2256 1547 2407 1600 illum
2435 1561 2556 1602 esse
2581 1545 2836 1600 dicimus.

1963 1639 2231 1695 Caeterum
2272 1639 2514 1694 triduum
2559 1636 2705 1692 istud
2747 1636 2817 1690 ob
2865 1649 3005 1690 naue
3043 1649 3266 1691 causam
3315 1634 3452 1705 adji-

1895 1733 2056 1788 citur.
2095 1731 2221 1786 Hmc
2253 1733 2396 1786 enim
2431 1729 2672 1784 accessio
2702 1726 3057 1782 dubitationis
3086 1725 3333 1781 nonnihil
3366 1725 3455 1779 af-

237 1826 534 1897 προσθήκη.
566 1827 719 1878 Ἐστι
757 1825 799 1878 δ’
836 1825 1004 1879 αἴτιον
1048 1825 1328 1880 κάνταῦθα
1370 1829 1402 1898 ή
1446 1807 1542 1899 τῆς
1593 1807 1794 1903 κυρίως

1905 1824 2038 1880 ferre
2065 1825 2296 1878 videtur.
2329 1821 2435 1877 Sed
2466 1822 2584 1891 ejus
2612 1834 2827 1891 quoque
2853 1818 2993 1874 ratio
3033 1833 3102 1873 ex
3139 1818 3254 1874 veri
3301 1818 3454 1889 prin-

205 1917 403 1988 .ἀρχῆς
439 1917 532 1970 τοῦ
575 1916 726 1982 ἔτους
771 1917 980 1987 ἄγνοια.
1017 1918 1233 1988 Ταύτην
1267 1917 1375 1988 γὰρ
1421 1919 1663 1990 ἀκριϐῶς
1701 1922 1799 1974 οὐκ

236 2008 451 2072 εἰδότες,
493 2009 617 2062 ἐπεὶ
654 2003 812 2080 εῦρον
853 2013 900 2063 οἱ
945 2011 1061 2064 κατ’
1088 2010 1261 2082 ἀρχὰς
1295 2012 1363 2066 τὰ
1407 2013 1632 2066 τοιαῦτα
1673 2013 1798 2082 μεθ-

237 2098 568 2162 οδεύσαντες,
611 2099 709 2170 τὴν
747 2101 973 2172 σελήνην
1015 2103 1073 2154 έν
1104 2108 1150 2153 α’
1182 2101 1204 2134 ⁸
1240 2102 1421 2174 κύκλῳ
1453 2104 1624 2174 αὐτῆς
1660 2105 1798 2158 κατά

235 2188 328 2259 τὴν
354 2196 398 2243 α’
433 2190 524 2243 τοῦ
571 2191 897 2263 Ἰανουαρίου
929 2193 1261 2266 πανσέληνον
1297 2195 1604 2267 γινομένην,
1645 2213 1801 2249 τουτ-

237 2281 347 2334 έστι
386 2283 934 2337 πεντεκαιδεκαταίαν
969 2279 1132 2337 οὖσαν
1154 2301 1166 2315 ·
1205 2281 1272 2354 ἦν
1301 2284 1357 2338 δὲ
1384 2286 1479 2339 καὶ
1527 2287 1614 2339 ὅτε
1647 2286 1801 2358 δεδη-

237 2373 354 2442 μιού
365 2391 559 2445 ργηται
579 2374 1115 2428 πεντεκαιδεκαταία·
1137 2375 1229 2428 καὶ
1252 2375 1338 2428 διὰ
1359 2375 1514 2430 τοῦτο
1533 2379 1678 2448 τρεῖς
1705 2378 1801 2448 μὲν

233 2460 369 2535 ἦσαν
397 2468 452 2519 αί
482 2465 589 2537 πρὸ
616 2465 714 2536 τῆς
738 2465 1092 2538 δημιουργίας
1118 2468 1288 2538 αὐτῆς
1311 2466 1535 2540 ἡμέραι,
1565 2475 1630 2521 ια’
1657 2469 1714 2522 δέ
1743 2471 1800 2524 αί

237 2555 341 2608 ἀπὸ
365 2556 466 2626 τῆς
506 2556 964 2627 προῦποτεθείσης
993 2557 1233 2622 συνόδου,
1277 2558 1536 2613 ὑπέθεντο
1576 2560 1674 2630 μὲν
1703 2561 1801 2632 τὴν

231 2646 400 2719 ἀρχὴν
427 2649 523 2702 τοῦ
567 2651 910 2722 Ἰανουαρίου,
942 2651 1038 2704 καὶ
1083 2652 1192 2704 τῶν
1227 2653 1560 2725 σεληνιακῶν
1589 2655 1800 2711 κύκλων

233 2739 423 2811 ἀρχὴν,
455 2740 801 2811 προσέθηκαν
842 2740 900 2794 δὲ
941 2741 1036 2794 καὶ
1065 2741 1165 2806 τὰς
1201 2749 1249 2812 γ’
1279 2743 1511 2816 ἡμέρας,
1543 2745 1628 2799 ἵνα
1661 2746 1801 2800 κατὰ

233 2830 405 2883 πάντα
457 2829 776 2902 ὁμοιότης
811 2831 945 2902 πρὸς
1001 2832 1214 2903 ἐκείνην
1256 2833 1354 2906 τὴν
1402 2835 1637 2908 ἡμέραν,
1677 2838 1799 2892 καθ’

232 2920 297 2992 ῆν
335 2921 457 2992 δεδη
467 2921 589 2992 μιού
599 2938 812 2991 ργηται.

232 3032 462 3108 neque
485 3051 576 3100 τις
614 3035 710 3108 καὶ
915 3034 1024 3102 τῆς
1045 3037 1262 3108 -ῥψεως
1305 3038 1650 3108 κατανοήσῃ
1686 3037 1800 3106 τὴν

299 3104 572 3228 σελτὲνηῖ
596 3106 715 3158 εἴτε
744 3104 864 3159 ἀπὸ
899 3104 1183 3171 συνόδου,
1212 3108 1331 3162 εἴτε
1359 3107 1475 3162 ἀπὸ
1503 3104 1800 3164 πανσελῦ-

299 3191 406 3228 νου
451 3190 539 3228 -στ
567 3191 624 3228 ν.

296 3191 406 3229 νου
429 3190 624 3228 εστιν.

297 3281 378 3333 Η’.
429 3279 646 3352 Ἐπειδὴ
668 3281 732 3334 ἐκ
755 3282 850 3335 τοῦ
873 3282 1021 3354 ἡλίου
1051 3283 1262 3356 δέχεται
1297 3283 1357 3339 τὸ
1377 3285 1490 3356 φῶς
1516 3288 1550 3359 ή
1579 3287 1794 3360 σελήνη,

230 3369 316 3422 ἀεὶ
353 3371 413 3423 τὸ
453 3371 866 3442 πεφωτισμένον
908 3374 1078 3444 αὐτῆς
1129 3375 1292 3446 μέρος
1333 3372 1468 3448 πρὸς
1509 3377 1599 3431 τὸν
1645 3379 1797 3448 ἥλιον

231 3461 389 3516 νεύει.
421 3462 584 3517 Ὅθεν
619 3461 888 3536 αὐξομένη
921 3465 1019 3536 μὲν
1050 3468 1116 3536 τῇ
1157 3466 1453 3522 ἀποστάσει
1490 3468 1584 3522 τοῦ
1623 3470 1794 3540 ήλίου,

229 3555 470 3608 τουτέστι
519 3555 868 3609 συνοδεύουσα
903 3555 980 3627 τῷ
1021 3557 1174 3628 ήλίῳ,
1215 3559 1309 3613 καὶ
1347 3560 1437 3614 ἐπὶ¹
1469 3561 1798 3632 πανσέληνον

230 3644 519 3717 ἐρχομένη,
563 3644 622 3698 τὸ
674 3646 771 3716 μὲν
804 3647 1211 3718 πεφωτισμένον
1259 3650 1430 3720 αὐτῆς
1463 3650 1625 3722 μέρος
1655 3653 1798 3706 νεύει

231 3738 364 3808 πρὸς
421 3737 667 3808 δυσμὰς,
725 3738 1081 3811 δυτικωτέρου
1134 3740 1285 3805 ὄντος
1346 3743 1644 3814 τηνικαῦτα
1702 3745 1796 3798 τοῦ

231 3829 397 3899 ἡλίου,
422 3831 485 3884 τὺ
514 3831 568 3883 δὲ
597 3831 935 3902 κερατοειδὲς
978 3831 1147 3902 αὐτῆς
1193 3833 1288 3887 καὶ
1326 3833 1626 3903 ἀφώτιστον
1654 3835 1796 3890 νεύει

230 3923 363 3994 πρὸς
398 3923 696 3987 ἀνατολάς·
733 3923 869 3977 ἐπάν
911 3923 969 3977 δὲ
1004 3924 1225 3997 γένηται
1261 3925 1668 3998 ἀντιπρόσωπος
1701 3927 1797 4000 ὅλη

229 4009 304 4080 τῷ
328 4011 486 4083 ήλίῳ,
521 4011 614 4065 καὶ
663 4011 802 4065 κατά
841 4011 1129 4084 διάμετρον
1181 4013 1344 4066 αὐτοῦ
1394 4015 1626 4087 ἀποστῇ,
1674 4017 1796 4070 τότε

233 4105 378 4156 πᾶσα
427 4103 756 4173 φωτίζεται,
808 4102 902 4175 ὅλη
943 4105 1048 4175 ὅλῳ
1096 4104 1173 4176 τῷ
1223 4105 1359 4178 ἡλίῳ
1400 4107 1793 4178 προσϐαλοῦσα.

240 4196 369 4268 Ὀλη
394 4197 455 4250 δὲ
487 4196 628 4264 λέγω
677 4196 819 4249 κατὰ
866 4197 927 4249 τὸ
974 4197 1109 4268 πρὸς
1157 4201 1302 4269 ἡμᾶς
1348 4201 1517 4270 αὐτῆς
1553 4203 1796 4266 νενευκὸς

234 4289 412 4359 μέρος.
460 4289 650 4343 Ἦνίκα
681 4290 738 4342 δέ
771 4288 908 4358 μετὰ
957 4291 1310 4362 πανσέληνον·
1340 4292 1569 4364 ἄρξηται
1616 4294 1796 4365 μειοῦ-

234 4379 372 4444 σθαι,
417 4382 516 4435 καὶ
558 4382 694 4453 πρὸς
742 4381 956 4435 σύνοδον
1006 4381 1259 4452 ἔρχεσθαι
1310 4383 1404 4438 τοῦ
1454 4385 1622 4456 ήλίου,
1673 4388 1794 4441 τότε

1898 1914 2058 1985 cipii,
2109 1929 2139 1968 a
2189 1928 2297 1983 quo
2350 1926 2526 1967 annus
2575 1909 2792 1980 incipit,
2843 1907 3184 1979 ignoratione
3225 1908 3453 1978 petitur.

1899 2006 2052 2074 Quod
2082 2020 2205 2060 cum
2237 2013 2489 2059 accurate
2519 2017 2629 2058 non
2658 2008 2903 2056 tenerent
2945 1999 3106 2070 primi
3149 1999 3297 2054 illius
3339 2013 3456 2053 me-

1897 2098 2051 2152 thodi
2079 2097 2390 2151 conditores
2409 2134 2425 2159 ,
2456 2110 2520 2149 ac
2548 2098 2722 2165 primo
2751 2092 2892 2146 lunae
2921 2090 3074 2161 cyclo
3113 2088 3457 2143 animadver-

1899 2199 2074 2246 terent
2109 2187 2368 2244 Kalendis
2395 2185 2636 2242 Januarii
2683 2186 2910 2256 plenam,
2935 2198 3058 2239 esse
3095 2183 3316 2250 lunam,
3350 2181 3456 2237 hoc

1899 2290 1984 2339 est
2014 2282 2258 2352 quintam
2286 2281 2550 2336 decimam
2575 2296 2591 2346 ;
2623 2293 2686 2332 ac
2717 2285 2922 2331 tantam
2955 2276 3158 2341 fuisse,
3192 2290 3314 2331 cum
3343 2274 3457 2345 pri-

1899 2391 2048 2429 mum
2091 2381 2174 2431 est
2224 2381 2541 2444 procreata,
2592 2379 2906 2430 constaret,
2947 2375 3009 2422 ut
3065 2375 3179 2423 tres
3231 2368 3455 2422 omnino

1900 2465 2017 2523 dies
2054 2464 2333 2520 conditum
2377 2463 2525 2518 illius
2567 2459 2990 2522 antecesserint,
3034 2457 3286 2514 undecim
3325 2470 3454 2512 vero

1901 2574 1932 2613 a
1966 2558 2141 2629 primo
2168 2557 2316 2611 coitu
2336 2595 2351 2619 ,
2379 2569 2538 2626 quem
2582 2553 2835 2624 ﬁngimus
2855 2592 2870 2616 ,
2901 2548 3206 2606 efﬂuxerint
3235 2567 3248 2604 :
3294 2547 3366 2602 ob
3399 2547 3456 2604 id

1899 2651 2157 2708 Kalendis
2183 2649 2457 2704 Ianuariis
2500 2646 2776 2718 cyclorum
2821 2644 2965 2698 lunae
3006 2641 3335 2713 principium
3365 2649 3455 2694 at-

1900 2742 2248 2809 tribuerunt;
2283 2755 2348 2794 ac
2377 2747 2488 2794 tres
2529 2738 2655 2792 illos
2685 2735 3002 2805 adjecerunt
3028 2731 3178 2796 dies,
3227 2737 3289 2785 ut
3328 2745 3456 2784 cum

1900 2850 1987 2900 ea,
2017 2850 2124 2906 qua
2145 2834 2380 2904 primum
2435 2830 2652 2887 condita
2686 2835 2790 2894 est,
2825 2827 2913 2881 die
2955 2839 3050 2896 per
3094 2822 3272 2880 omnia
3323 2837 3459 2878 con-

1900 2934 2138 2998 grueret.

1958 3041 2079 3108 Qua
2105 3037 2308 3092 ratione
2335 3035 2594 3108 quispiam
2621 3033 2736 3108 uisu
2764 3032 2877 3101 ipso
2901 3029 3167 3108 discernat
3188 3035 3408 3108 tutntur

2112 3110 2237 3161 luna
2268 3099 2503 3176 proxime
2532 3105 2585 3157 in
2605 3102 2734 3172 jugo
2754 3099 2874 3169 ,ἀνι
2901 3100 3054 3168 plena
3085 3099 3266 3168 fuerit.

1971 3285 2108 3341 Vlll.
2147 3285 2286 3341 Cum
2318 3283 2386 3338 ab
2433 3281 2549 3338 sole
2593 3255 2772 3336 lucem
2807 3279 2937 3333 luna
2981 3276 3298 3342 foeneretur,
3331 3287 3461 3344 pars

1901 3378 2022 3448 ejus
2047 3375 2346 3430 illuminata
2371 3374 2540 3430 solem
2565 3377 2826 3442 perpetuo
2845 3369 3086 3440 reSpieit.
3107 3366 3232 3422 Ideo
3248 3379 3370 3422 eum
3394 3363 3462 3418 ab

1857 3461 1863 3467 ’
1903 3470 2017 3526 sole
2047 3467 2311 3538 paulatim
2356 3472 2565 3521 remota
2597 3463 2833 3529 crescit,
2867 3461 2972 3518 hoe
3000 3468 3084 3516 est
3124 3466 3248 3530 post
3291 3459 3462 3527 ipsius

1902 3573 2027 3614 cum
2058 3557 2174 3612 sole
2201 3569 2588 3626 congressum,
2623 3567 2687 3607 ac
2739 3551 2914 3607 tendit
2953 3550 3023 3605 ad
3068 3549 3459 3620 plenilunium,

1902 3665 2010 3721 qua
2049 3657 2202 3719 parte
2245 3647 2420 3703 lucem
2468 3644 2698 3715 accipit,
2729 3642 2904 3712 vergit
2949 3641 3004 3695 in
3030 3654 3323 3704 occasum,
3375 3654 3466 3694 so-

1903 3743 2010 3797 lem
2063 3751 2193 3795 tunc
2243 3739 2448 3794 habens
2480 3738 2550 3792 ab
2581 3735 2897 3798 occidente;
2934 3747 3042 3803 qua
3072 3745 3202 3786 vero
3233 3737 3467 3785 cornuta

1902 3842 2020 3897 est,
2053 3839 2107 3887 et
2133 3847 2328 3900 expers
2359 3828 2612 3890 luminis,
2644 3826 2700 3880 in
2724 3825 3008 3880 orientem.
3037 3821 3210 3878 Porro
3242 3836 3367 3878 cum
3395 3837 3465 3878 ex

1903 3927 2130 3982 adverso
2163 3925 2265 3980 soli
2317 3923 2533 3993 penitus
2581 3919 2823 3989 objacet,
2875 3915 3164 3972 intervallo
3214 3913 3466 3970 diametri

1903 4021 1972 4075 ab
2001 4019 2190 4075 eodem
2219 4017 2474 4082 distans;
2522 4023 2656 4068 tunc
2701 4009 2951 4066 videlicet
2996 4008 3160 4079 pleno
3193 4007 3337 4072 ,orhe
3377 4020 3467 4062 re-

1903 4109 2186 4180 splendet,
2216 4115 2392 4162 totum
2417 4113 2529 4161 tota
2555 4103 2726 4160 solem
2751 4101 3072 4171 respiciens.
3109 4093 3304 4154 Totam
3338 4111 3466 4152 cum

1902 4205 2046 4271 dico,
2074 4213 2280 4274 partem
2308 4200 2429 4270 ejus
2458 4198 2700 4267 intelligo
2719 4237 2734 4262 ,
2768 4209 2888 4266 quae
2915 4194 3074 4250 nobis
3098 4193 3328 4249 obversa
3356 4198 3463 4247 est.

1901 4298 1973 4352 At
2005 4310 2130 4352 cum
2162 4303 2286 4364 post
2316 4291 2717 4363 oppositionem
2768 4287 3087 4343 decrescere
3131 4284 3358 4355 incipit,
3408 4288 3469 4338 et

1901 4389 1969 4444 ad
2000 4388 2133 4445 solis
2162 4399 2456 4457 preperare
2481 4395 2878 4452 congressum;
2923 4386 3054 4433 tunc
3098 4377 3294 4432 iterum
3336 4388 3468 4445 pars

230 4473 387 4527 πάλιν
412 4474 480 4528 τὸ
515 4475 613 4544 μὲν
642 4473 1048 4544 πεφωτισμένον
1084 4474 1254 4544 αὐτῆς
1281 4475 1446 4546 μέρος
1482 4475 1625 4530 νεύει
1660 4478 1796 4549 πρὸς

1905 4482 2048 4536 illius
2075 4479 2256 4534 lucida
2287 4485 2498 4548 spectat
2528 4476 2816 4530 orientem.
2855 4471 3033 4543 (Tum
3073 4470 3218 4525 enim
3265 4469 3349 4524 sol
3394 4467 3469 4524 ad

231 4565 493 4636 ἀνατολὴν
523 4563 618 4617 τοῦ
666 4564 814 4635 ἡλίσυ
863 4565 1320 4635 ἀνατολικωτέρου
1364 4567 1482 4619 τότε
1528 4567 1696 4634 ὄντος,
1735 4570 1798 4623 τὸ

231 4658 286 4713 δὲ
319 4659 622 4728 ἀφώτιστον
665 4657 759 4710 καὶ
801 4656 1138 4728 κερατοειδὲς
1188 4657 1324 4728 πρὸς
1369 4657 1598 4729 δυσμάς.
1634 4663 1798 4715 Ὅταν

232 4750 338 4822 ἄρα
362 4751 423 4804 τὺ
458 4749 868 4819 πεφωτισμένον
899 4748 997 4819 τῆς
1037 4749 1263 4820 σελήνης
1303 4750 1469 4822 μέρος
1507 4752 1635 4824 νεύῃ
1664 4755 1800 4824 πρὸς

231 4843 461 4914 δυσμὰς,
494 4842 602 4896 ἀπὸ
625 4840 839 4894 συνόδου
865 4840 1010 4895 ἐστὶν
1034 4843 1067 4911 ἡ
1097 4840 1313 4912 σελήνη,
1343 4844 1440 4897 καὶ¹
1471 4844 1564 4897 ἐπὶ
1599 4846 1799 4898 πανσέ-

235 4933 389 5004 ληνον
426 4933 671 5006 ἔρχεταιο
703 4934 830 4986 ὅταν
869 4931 926 4985 δὲ
960 4931 1121 4986 πάλιν
1155 4934 1217 4987 τὺ
1255 4935 1666 5006 πεφωτισμένον
1702 4937 1798 4988 αὐ-

233 5025 331 5095 τῆς
379 5026 541 5097 μέρος
600 5024 729 5096 νεύῃ
778 5024 916 5096 πρὸς
964 5023 1246 5088 ἀνατολὰς,
1305 5025 1413 5079 ἀπὸ
1463 5026 1793 5098 πανσελήνου

237 5117 378 5170 ἐστὶν
410 5119 444 5188 ή
476 5117 690 5188 σελήνη,
723 5116 817 5169 καὶ
853 5114 946 5169 ἐπὶ
972 5114 1185 5168 σύνοδον
1216 5114 1455 5186 ἔρχεται.

233 5227 366 5294 ’Πῶς
397 5229 474 5283 ἂν
502 5229 773 5296 εὕροιμεν
800 5229 1006 5296 πόσων
1031 5225 1200 5279 ἐστὶν
1219 5224 1463 5296 ,ἡμερῶν
1488 5227 1527 5295 ἡ
1561 5225 1795 5296 σελήνη

302 5293 419 5352 ἀπὸ
469 5293 754 5361 συνόδου,
787 5298 914 5352 καθ’
968 5293 1047 5362 ἢν
1088 5297 1164 5350 ἂν
1197 5293 1425 5364 ἡμέραν
1463 5293 1570 5350 τοῦ
1606 5293 1800 5366 μηνὸς

210 5415 212 5424 .
303 5368 477 5423 τοῦτο
507 5367 834 5436 ζητοίημεν.

302 5479 378 5532 Θ¹.
396 5479 596 5532 Ἐπειδ⁸
619 5477 814 5548 ἔχομεν
830 5478 922 5531 καὶ
937 5477 1028 5530 τὸν
1049 5494 1114 5530 πε
1123 5455 1177 5548 pl.
1191 5476 1379 5531 τούτου
1410 5477 1587 5546 λόγον,
1606 5476 1801 5549 ἐπόμεο

237 5586 318 5623 νον
343 5569 408 5625 ἂν
438 5571 522 5642 εἴη
561 5569 873 5641 προσθεῖναι
921 5569 1014 5623 καὶ
1065 5569 1210 5633 ὅπως
1247 5569 1325 5621 δεῖ
1371 5569 1668 5640 λαμϐάνειν
1699 5569 1798 5640 τὴν

304 5721 324 5753 ⁸
359 5741 449 5790 no.
487 5724 679 5794 ἐνάτῳ,
719 5732 766 5778 et
797 5738 916 5777 mox
946 5720 1085 5776 κατά
1116 5720 1212 5794 τὴν
1250 5728 1336 5776 ια’.

1901 4573 2164 4628 orientem
2195 4570 2369 4642 magis
2399 4567 2626 4623 accedit.
2656 4566 2674 4634 )
2708 4562 2844 4618 Pars
2876 4570 3058 4617 autem
3097 4574 3219 4632 qua
3260 4559 3467 4615 lumine

1900 4678 2095 4719 carens
2141 4672 2256 4730 est,
2305 4668 2358 4716 et
2413 4664 2677 4723 cornuta,
2729 4652 3066 4709 occidentem
3111 4651 3327 4722 aspicit.
3383 4648 3466 4704 Ad

1901 4768 2168 4811 summam
2187 4795 2202 4818 ,
2233 4751 2454 4823 quando
2483 4764 2612 4820 pars
2638 4748 2781 4801 luna:
2810 4743 3092 4816 splendida
3123 4743 3180 4800 in
3211 4741 3467 4797 occiden-

1898 4855 2010 4904 tem
2033 4845 2240 4917 vergit,
2273 4859 2304 4898 a
2333 4856 2630 4912 congressu
2663 4837 2925 4906 recedens
2971 4832 3145 4889 tendit
3187 4831 3257 4886 ad
3295 4843 3467 4900 oppo-

1903 4936 2204 5001 sitionem;
2237 4947 2361 4987 cum
2390 4938 2571 4985 autem
2619 4927 2800 4983 denuo
2852 4940 2980 4995 pars
3027 4921 3207 4977 lucida
3255 4925 3466 4990 spectat

1904 5027 2166 5083 orientem
2187 5065 2202 5092 ,
2235 5022 2304 5078 ab
2332 5020 2670 5093 oppositione
2695 5016 2838 5073 redit
2867 5015 2930 5069 ad
2966 5012 3252 5085 synodum.

1906 5228 2182 5298 Quomodo
2219 5221 2687 5298 investiganda_sit
2725 5227 2854 5272 wtas
2893 5215 3063 5276 Iunce,
3101 5212 3198 5290 hoc
3233 5207 3464 5298 estejus

2008 5279 2351 5354 ἰὲὶὶὲὲιὶαιιιίὴί
2377 5279 2636 5363 α”δῃηοόο
2655 5330 2670 5354 ,
2701 5301 3005 5359 quacunque
3031 5281 3225 5336 mensis
3253 5279 3357 5332 die.

1973 5475 2064 5531 IX.
2105 5475 2203 5531 llis
2229 5475 2304 5530 ita
2324 5469 2662 5535 constitutis,
2684 5480 3024 5536 consequens
3047 5467 3132 5518 est
3151 5499 3167 5526 ,
3191 5466 3250 5513 ut
3274 5471 3468 5528 quem-

1903 5567 2193 5624 admodum
2236 5574 2369 5622 aetas
2414 5565 2557 5619 lunae
2601 5572 2924 5631 quacunque
2969 5551 3236 5626 propositi
3261 5546 3469 5607 mensis
