  <div class='ocr_page' id='page_1' title='image "/cluster/home/n/w/nwhite01/storage/ocr_20150623/19/mdp.39015061293422/655.png"; bbox 0 0 3948 6264; ppageno 0'>
   <div class='ocr_carea' id='block_1_1' title="bbox 473 337 3752 406">
    <p class='ocr_par' dir='ltr' id='par_1_1' title="bbox 473 337 3752 406">
     <span class='ocr_line' id='line_1_1' title="bbox 473 337 3752 406; baseline -0.004 -2"><span class='ocrx_word' id='word_1_1' title='bbox 473 344 636 404; x_wconf 56' lang='grc'><strong>⁸1295</strong></span> <span class='ocrx_word' id='word_1_2' title='bbox 1383 345 1389 350; x_wconf 78' lang='grc'><em>’</em></span> <span class='ocrx_word' id='word_1_3' title='bbox 1525 343 1613 396; x_wconf 85' lang='lat' dir='ltr'><strong>AD</strong></span> <span class='ocrx_word' id='word_1_4' title='bbox 1650 340 1922 398; x_wconf 85' lang='lat' dir='ltr'><strong>EUSEBll</strong></span> <span class='ocrx_word' id='word_1_5' title='bbox 1957 337 2350 396; x_wconf 79' lang='lat' dir='ltr'><strong>CHRONICON</strong></span> <span class='ocrx_word' id='word_1_6' title='bbox 2401 340 2766 396; x_wconf 73' lang='lat' dir='ltr'><strong>APPENDIX.</strong></span> <span class='ocrx_word' id='word_1_7' title='bbox 3612 347 3752 406; x_wconf 65' lang='lat'><strong>1296</strong></span> 
     </span>
    </p>
   </div>
   <div class='ocr_carea' id='block_1_2' title="bbox 494 459 2053 535">
    <p class='ocr_par' dir='ltr' id='par_1_2' title="bbox 494 460 2053 535">
     <span class='ocr_line' id='line_1_2' title="bbox 494 460 2053 535; baseline -0.005 -13"><span class='ocrx_word' id='word_1_8' title='bbox 494 467 582 522; x_wconf 80' lang='lat' dir='ltr'><strong>die</strong></span> <span class='ocrx_word' id='word_1_9' title='bbox 612 463 912 535; x_wconf 84' lang='lat' dir='ltr'><strong>colligenda</strong></span> <span class='ocrx_word' id='word_1_10' title='bbox 948 465 1053 526; x_wconf 86' lang='lat' dir='ltr'><strong>sit,</strong></span> <span class='ocrx_word' id='word_1_11' title='bbox 1081 461 1434 534; x_wconf 80' lang='lat' dir='ltr'><strong>explicemus.</strong></span> <span class='ocrx_word' id='word_1_12' title='bbox 1467 460 1631 532; x_wconf 84' lang='lat' dir='ltr'><strong>igitur</strong></span> <span class='ocrx_word' id='word_1_13' title='bbox 1660 463 1898 516; x_wconf 89' lang='lat' dir='ltr'><strong>ineuntis</strong></span> <span class='ocrx_word' id='word_1_14' title='bbox 1925 461 2053 532; x_wconf 83' lang='lat' dir='ltr'><strong>cycli</strong></span> 
     </span>
    </p>
   </div>
   <div class='ocr_carea' id='block_1_3' title="bbox 2191 459 3750 535">
    <p class='ocr_par' dir='ltr' id='par_1_3' title="bbox 2191 459 3750 530">
     <span class='ocr_line' id='line_1_3' title="bbox 2191 459 3750 530; baseline 0.006 -21"><span class='ocrx_word' id='word_1_15' title='bbox 2191 459 2396 529; x_wconf 67' lang='grc' dir='ltr'>τελὴνην</span> <span class='ocrx_word' id='word_1_16' title='bbox 2453 460 2630 513; x_wconf 85' lang='grc' dir='ltr'>πόσων</span> <span class='ocrx_word' id='word_1_17' title='bbox 2683 460 2902 530; x_wconf 88' lang='grc' dir='ltr'>ἡμερῶν</span> <span class='ocrx_word' id='word_1_18' title='bbox 2955 461 3100 514; x_wconf 76' lang='grc' dir='ltr'>ἐστιν</span> <span class='ocrx_word' id='word_1_19' title='bbox 3155 461 3264 515; x_wconf 78' lang='grc' dir='ltr'><strong>ἀπὸ</strong></span> <span class='ocrx_word' id='word_1_20' title='bbox 3311 462 3568 528; x_wconf 81' lang='grc' dir='ltr'>συνόδου,</span> <span class='ocrx_word' id='word_1_21' title='bbox 3628 465 3750 518; x_wconf 81' lang='grc' dir='ltr'>καθ’</span> 
     </span>
    </p>
   </div>
   <div class='ocr_carea' id='block_1_4' title="bbox 495 549 2054 626">
    <p class='ocr_par' dir='ltr' id='par_1_4' title="bbox 495 553 2054 626">
     <span class='ocr_line' id='line_1_4' title="bbox 495 553 2054 626; baseline -0.004 -14"><span class='ocrx_word' id='word_1_22' title='bbox 495 557 707 612; x_wconf 88' lang='lat' dir='ltr'><strong>lunaris</strong></span> <span class='ocrx_word' id='word_1_23' title='bbox 739 556 945 626; x_wconf 87' lang='lat' dir='ltr'><strong>epactis</strong></span> <span class='ocrx_word' id='word_1_24' title='bbox 980 553 1048 609; x_wconf 88' lang='lat' dir='ltr'><strong>ad</strong></span> <span class='ocrx_word' id='word_1_25' title='bbox 1077 554 1219 609; x_wconf 89' lang='lat' dir='ltr'><strong>diem</strong></span> <span class='ocrx_word' id='word_1_26' title='bbox 1250 555 1488 618; x_wconf 88' lang='lat' dir='ltr'><strong>mensis,</strong></span> <span class='ocrx_word' id='word_1_27' title='bbox 1526 554 1581 607; x_wconf 92' lang='lat' dir='ltr'><strong>in</strong></span> <span class='ocrx_word' id='word_1_28' title='bbox 1615 569 1724 623; x_wconf 92' lang='lat' dir='ltr'><strong>quo</strong></span> <span class='ocrx_word' id='word_1_29' title='bbox 1757 561 1887 608; x_wconf 72' lang='lat' dir='ltr'><strong>aetas</strong></span> <span class='ocrx_word' id='word_1_30' title='bbox 1921 553 2054 606; x_wconf 67' lang='lat' dir='ltr'><strong>lunm</strong></span> 
     </span>
    </p>
   </div>
   <div class='ocr_carea' id='block_1_5' title="bbox 2189 549 3748 626">
    <p class='ocr_par' dir='ltr' id='par_1_5' title="bbox 2189 549 3748 626">
     <span class='ocr_line' id='line_1_5' title="bbox 2189 549 3748 626; baseline 0.006 -26"><span class='ocrx_word' id='word_1_31' title='bbox 2189 551 2358 604; x_wconf 72' lang='lat' dir='ltr'><strong>imiav</strong></span> <span class='ocrx_word' id='word_1_32' title='bbox 2379 549 2446 604; x_wconf 78' lang='grc' dir='ltr'><strong>ἂν</strong></span> <span class='ocrx_word' id='word_1_33' title='bbox 2475 550 2686 622; x_wconf 84' lang='grc' dir='ltr'>ἡμέραν</span> <span class='ocrx_word' id='word_1_34' title='bbox 2715 551 2867 605; x_wconf 85' lang='grc' dir='ltr'>τοῦδὲ</span> <span class='ocrx_word' id='word_1_35' title='bbox 2890 569 3032 615; x_wconf 81' lang='grc' dir='ltr'>τινος</span> <span class='ocrx_word' id='word_1_36' title='bbox 3068 553 3235 624; x_wconf 83' lang='grc' dir='ltr'>μηνὸς</span> <span class='ocrx_word' id='word_1_37' title='bbox 3265 553 3562 626; x_wconf 82' lang='grc' dir='ltr'>ζητοίημεν</span> <span class='ocrx_word' id='word_1_38' title='bbox 3590 554 3748 610; x_wconf 85' lang='grc' dir='ltr'>τοῦτο</span> 
     </span>
    </p>
   </div>
   <div class='ocr_carea' id='block_1_6' title="bbox 495 640 2054 721">
    <p class='ocr_par' dir='ltr' id='par_1_6' title="bbox 495 643 2054 721">
     <span class='ocr_line' id='line_1_6' title="bbox 495 643 2054 721; baseline -0.005 -16"><span class='ocrx_word' id='word_1_39' title='bbox 495 650 775 721; x_wconf 71' lang='lat' dir='ltr'><strong>quaeritur,</strong></span> <span class='ocrx_word' id='word_1_40' title='bbox 835 647 1140 719; x_wconf 86' lang='lat' dir='ltr'><strong>adjunctis,</strong></span> <span class='ocrx_word' id='word_1_41' title='bbox 1201 662 1232 700; x_wconf 92' lang='lat' dir='ltr'><strong>a</strong></span> <span class='ocrx_word' id='word_1_42' title='bbox 1287 645 1478 700; x_wconf 85' lang='lat' dir='ltr'><strong>Martio</strong></span> <span class='ocrx_word' id='word_1_43' title='bbox 1538 647 1857 715; x_wconf 65' lang='lat' dir='ltr'><strong>caeterisque</strong></span> <span class='ocrx_word' id='word_1_44' title='bbox 1911 643 2054 698; x_wconf 85' lang='lat' dir='ltr'><strong>dein-</strong></span> 
     </span>
    </p>
   </div>
   <div class='ocr_carea' id='block_1_7' title="bbox 2184 640 3743 721">
    <p class='ocr_par' dir='ltr' id='par_1_7' title="bbox 2184 640 3743 717">
     <span class='ocr_line' id='line_1_7' title="bbox 2184 640 3743 717; baseline 0.004 -23"><span class='ocrx_word' id='word_1_45' title='bbox 2184 640 2372 696; x_wconf 71' lang='lat' dir='ltr'><strong>taﬁsi‘v.</strong></span> <span class='ocrx_word' id='word_1_46' title='bbox 2401 642 2656 712; x_wconf 82' lang='grc' dir='ltr'>Ἔχοντες</span> <span class='ocrx_word' id='word_1_47' title='bbox 2687 643 2794 716; x_wconf 87' lang='grc' dir='ltr'><strong>γὰρ</strong></span> <span class='ocrx_word' id='word_1_48' title='bbox 2831 642 2926 696; x_wconf 91' lang='grc' dir='ltr'><strong>τοῦ</strong></span> <span class='ocrx_word' id='word_1_49' title='bbox 2969 643 3261 709; x_wconf 76' lang='grc' dir='ltr'><strong>ἐνεστῶτος</strong></span> <span class='ocrx_word' id='word_1_50' title='bbox 3291 645 3615 717; x_wconf 90' lang='grc' dir='ltr'>σεληνιακοῦ</span> <span class='ocrx_word' id='word_1_51' title='bbox 3648 647 3743 701; x_wconf 89' lang='grc' dir='ltr'>κύ-</span> 
     </span>
    </p>
   </div>
   <div class='ocr_carea' id='block_1_8' title="bbox 491 731 2050 810">
    <p class='ocr_par' dir='ltr' id='par_1_8' title="bbox 491 736 2050 810">
     <span class='ocr_line' id='line_1_8' title="bbox 491 736 2050 810; baseline -0.006 -14"><span class='ocrx_word' id='word_1_52' title='bbox 491 757 622 810; x_wconf 85' lang='lat' dir='ltr'><strong>ceps</strong></span> <span class='ocrx_word' id='word_1_53' title='bbox 665 739 984 806; x_wconf 84' lang='lat' dir='ltr'><strong>mensibus,</strong></span> <span class='ocrx_word' id='word_1_54' title='bbox 1025 745 1252 808; x_wconf 86' lang='lat' dir='ltr'><strong>excepto</strong></span> <span class='ocrx_word' id='word_1_55' title='bbox 1305 737 1436 804; x_wconf 87' lang='lat' dir='ltr'><strong>illo,</strong></span> <span class='ocrx_word' id='word_1_56' title='bbox 1481 736 1573 806; x_wconf 89' lang='lat' dir='ltr'><strong>qui</strong></span> <span class='ocrx_word' id='word_1_57' title='bbox 1624 737 1970 806; x_wconf 61' lang='lat' dir='ltr'><strong>prolionitur,</strong></span> <span class='ocrx_word' id='word_1_58' title='bbox 2018 736 2050 789; x_wconf 75' lang='lat' dir='ltr'><strong>si</strong></span> 
     </span>
    </p>
   </div>
   <div class='ocr_carea' id='block_1_9' title="bbox 2185 731 3744 810">
    <p class='ocr_par' dir='ltr' id='par_1_9' title="bbox 2185 731 3744 810">
     <span class='ocr_line' id='line_1_9' title="bbox 2185 731 3744 810; baseline 0.003 -25"><span class='ocrx_word' id='word_1_59' title='bbox 2185 733 2299 786; x_wconf 79' lang='grc' dir='ltr'>ιλου</span> <span class='ocrx_word' id='word_1_60' title='bbox 2351 731 2452 797; x_wconf 81' lang='grc' dir='ltr'>τὰς</span> <span class='ocrx_word' id='word_1_61' title='bbox 2513 733 2774 799; x_wconf 83' lang='grc' dir='ltr'>ἐπακτὰς,</span> <span class='ocrx_word' id='word_1_62' title='bbox 2832 736 2926 789; x_wconf 80' lang='grc' dir='ltr'>καὶ</span> <span class='ocrx_word' id='word_1_63' title='bbox 2988 735 3364 808; x_wconf 77' lang='grc' dir='ltr'><strong>προστιθέντες</strong></span> <span class='ocrx_word' id='word_1_64' title='bbox 3413 737 3623 802; x_wconf 87' lang='grc' dir='ltr'>ταύτας</span> <span class='ocrx_word' id='word_1_65' title='bbox 3679 741 3744 810; x_wconf 83' lang='grc' dir='ltr'>τῇ</span> 
     </span>
    </p>
   </div>
   <div class='ocr_carea' id='block_1_10' title="bbox 491 825 2050 903">
    <p class='ocr_par' dir='ltr' id='par_1_10' title="bbox 491 825 2050 903">
     <span class='ocr_line' id='line_1_10' title="bbox 491 825 2050 903; baseline -0.005 -17"><span class='ocrx_word' id='word_1_66' title='bbox 491 832 708 903; x_wconf 81' lang='lat' dir='ltr'><strong>quidem</strong></span> <span class='ocrx_word' id='word_1_67' title='bbox 760 831 953 886; x_wconf 90' lang='lat' dir='ltr'><strong>diebus</strong></span> <span class='ocrx_word' id='word_1_68' title='bbox 1001 837 1255 884; x_wconf 82' lang='lat' dir='ltr'><strong>constent</strong></span> <span class='ocrx_word' id='word_1_69' title='bbox 1301 845 1478 892; x_wconf 78' lang='lat' dir='ltr'><strong>mu,</strong></span> <span class='ocrx_word' id='word_1_70' title='bbox 1533 827 1865 898; x_wconf 89' lang='lat' dir='ltr'><strong>sesquidiem</strong></span> <span class='ocrx_word' id='word_1_71' title='bbox 1916 825 2050 895; x_wconf 91' lang='lat' dir='ltr'><strong>capi-</strong></span> 
     </span>
    </p>
   </div>
   <div class='ocr_carea' id='block_1_11' title="bbox 2187 825 3746 903">
    <p class='ocr_par' dir='ltr' id='par_1_11' title="bbox 2187 825 3746 902">
     <span class='ocr_line' id='line_1_11' title="bbox 2187 825 3746 902; baseline 0.003 -24"><span class='ocrx_word' id='word_1_72' title='bbox 2187 825 2352 897; x_wconf 62' lang='grc' dir='ltr'>ἡμέρᾳ</span> <span class='ocrx_word' id='word_1_73' title='bbox 2375 825 2468 879; x_wconf 91' lang='grc' dir='ltr'><strong>τοῦ</strong></span> <span class='ocrx_word' id='word_1_74' title='bbox 2503 827 2687 898; x_wconf 76' lang='grc' dir='ltr'>μηνὸς,</span> <span class='ocrx_word' id='word_1_75' title='bbox 2719 826 2841 881; x_wconf 87' lang='grc' dir='ltr'>καθ’</span> <span class='ocrx_word' id='word_1_76' title='bbox 2863 829 2929 900; x_wconf 75' lang='grc' dir='ltr'>ἣν</span> <span class='ocrx_word' id='word_1_77' title='bbox 2957 827 3224 899; x_wconf 82' lang='grc' dir='ltr'>ζητοῦμεν</span> <span class='ocrx_word' id='word_1_78' title='bbox 3257 829 3437 882; x_wconf 84' lang='grc' dir='ltr'>λαϐεῖν</span> <span class='ocrx_word' id='word_1_79' title='bbox 3462 830 3564 901; x_wconf 82' lang='grc' dir='ltr'><strong>τὴν</strong></span> <span class='ocrx_word' id='word_1_80' title='bbox 3594 830 3746 902; x_wconf 86' lang='grc' dir='ltr'>σελὴ-</span> 
     </span>
    </p>
   </div>
   <div class='ocr_carea' id='block_1_12' title="bbox 489 918 2048 994">
    <p class='ocr_par' dir='ltr' id='par_1_12' title="bbox 489 918 2048 983">
     <span class='ocr_line' id='line_1_12' title="bbox 489 918 2048 983; baseline -0.006 -5"><span class='ocrx_word' id='word_1_81' title='bbox 489 939 656 979; x_wconf 89' lang='lat' dir='ltr'><strong>mus:</strong></span> <span class='ocrx_word' id='word_1_82' title='bbox 715 922 798 977; x_wconf 77' lang='lat' dir='ltr'><strong>sin</strong></span> <span class='ocrx_word' id='word_1_83' title='bbox 843 922 960 976; x_wconf 89' lang='lat' dir='ltr'><strong>dies</strong></span> <span class='ocrx_word' id='word_1_84' title='bbox 1000 921 1237 975; x_wconf 88' lang='lat' dir='ltr'><strong>habeant</strong></span> <span class='ocrx_word' id='word_1_85' title='bbox 1292 935 1434 983; x_wconf 75' lang='lat' dir='ltr'><strong>xxx,</strong></span> <span class='ocrx_word' id='word_1_86' title='bbox 1493 918 1836 973; x_wconf 86' lang='lat' dir='ltr'><strong>dimidiatum</strong></span> <span class='ocrx_word' id='word_1_87' title='bbox 1890 918 2048 972; x_wconf 88' lang='lat' dir='ltr'><strong>diem.</strong></span> 
     </span>
    </p>
   </div>
   <div class='ocr_carea' id='block_1_13' title="bbox 2186 918 3745 994">
    <p class='ocr_par' dir='ltr' id='par_1_13' title="bbox 2186 918 3745 994">
     <span class='ocr_line' id='line_1_13' title="bbox 2186 918 3745 994; baseline 0.007 -29"><span class='ocrx_word' id='word_1_88' title='bbox 2186 935 2265 989; x_wconf 72' lang='grc' dir='ltr'>νην</span> <span class='ocrx_word' id='word_1_89' title='bbox 2295 918 2476 973; x_wconf 87' lang='grc' dir='ltr'>πόσων</span> <span class='ocrx_word' id='word_1_90' title='bbox 2511 919 2658 973; x_wconf 68' lang='grc' dir='ltr'>ἐστὶν</span> <span class='ocrx_word' id='word_1_91' title='bbox 2690 919 2911 992; x_wconf 88' lang='grc' dir='ltr'>ἡμερῶν</span> <span class='ocrx_word' id='word_1_92' title='bbox 2931 938 2944 950; x_wconf 91' lang='grc'><strong>·</strong></span> <span class='ocrx_word' id='word_1_93' title='bbox 2982 921 3076 973; x_wconf 73' lang='grc' dir='ltr'><strong>καὶ</strong></span> <span class='ocrx_word' id='word_1_94' title='bbox 3107 921 3214 974; x_wconf 82' lang='grc' dir='ltr'><strong>ἀπὸ</strong></span> <span class='ocrx_word' id='word_1_95' title='bbox 3251 921 3346 974; x_wconf 89' lang='grc' dir='ltr'><strong>τοῦ</strong></span> <span class='ocrx_word' id='word_1_96' title='bbox 3374 923 3623 994; x_wconf 76' lang='grc' dir='ltr'>Μαρτίου</span> <span class='ocrx_word' id='word_1_97' title='bbox 3654 925 3745 976; x_wconf 70' lang='grc' dir='ltr'><strong>καὶ</strong></span> 
     </span>
    </p>
   </div>
   <div class='ocr_carea' id='block_1_14' title="bbox 489 1006 2048 1084">
    <p class='ocr_par' dir='ltr' id='par_1_14' title="bbox 489 1010 2048 1080">
     <span class='ocr_line' id='line_1_14' title="bbox 489 1010 2048 1080; baseline -0.001 -15"><span class='ocrx_word' id='word_1_98' title='bbox 489 1011 611 1066; x_wconf 74' lang='lat' dir='ltr'><strong>Mox</strong></span> <span class='ocrx_word' id='word_1_99' title='bbox 646 1011 713 1066; x_wconf 90' lang='lat' dir='ltr'><strong>de</strong></span> <span class='ocrx_word' id='word_1_100' title='bbox 755 1025 1001 1074; x_wconf 90' lang='lat' dir='ltr'><strong>summa,</strong></span> <span class='ocrx_word' id='word_1_101' title='bbox 1058 1010 1105 1064; x_wconf 90' lang='lat' dir='ltr'><strong>si</strong></span> <span class='ocrx_word' id='word_1_102' title='bbox 1156 1010 1328 1078; x_wconf 89' lang='lat' dir='ltr'><strong>major</strong></span> <span class='ocrx_word' id='word_1_103' title='bbox 1378 1011 1451 1064; x_wconf 93' lang='lat' dir='ltr'><strong>sit</strong></span> <span class='ocrx_word' id='word_1_104' title='bbox 1508 1010 1772 1080; x_wconf 81' lang='lat' dir='ltr'><strong>triginta,</strong></span> <span class='ocrx_word' id='word_1_105' title='bbox 1828 1011 2048 1066; x_wconf 85' lang='lat' dir='ltr'><strong>totidem</strong></span> 
     </span>
    </p>
   </div>
   <div class='ocr_carea' id='block_1_15' title="bbox 2182 1006 3741 1084">
    <p class='ocr_par' dir='ltr' id='par_1_15' title="bbox 2182 1006 3741 1084">
     <span class='ocr_line' id='line_1_15' title="bbox 2182 1006 3741 1084; baseline 0.005 -26"><span class='ocrx_word' id='word_1_106' title='bbox 2182 1007 2266 1059; x_wconf 74' lang='grc' dir='ltr'>τῶν</span> <span class='ocrx_word' id='word_1_107' title='bbox 2291 1006 2418 1078; x_wconf 78' lang='grc' dir='ltr'>ἑξῆς</span> <span class='ocrx_word' id='word_1_108' title='bbox 2454 1007 2658 1079; x_wconf 87' lang='grc' dir='ltr'>μηνῶν,</span> <span class='ocrx_word' id='word_1_109' title='bbox 2691 1008 2830 1081; x_wconf 80' lang='grc' dir='ltr'>πλὴν</span> <span class='ocrx_word' id='word_1_110' title='bbox 2870 1009 3035 1063; x_wconf 90' lang='grc' dir='ltr'>αὑτοῦ</span> <span class='ocrx_word' id='word_1_111' title='bbox 3076 1009 3172 1062; x_wconf 91' lang='grc' dir='ltr'><strong>τοῦ</strong></span> <span class='ocrx_word' id='word_1_112' title='bbox 3215 1011 3307 1080; x_wconf 74' lang='grc' dir='ltr'><strong>ἀφ’</strong></span> <span class='ocrx_word' id='word_1_113' title='bbox 3338 1007 3399 1063; x_wconf 81' lang='grc' dir='ltr'><strong>οῦ</strong></span> <span class='ocrx_word' id='word_1_114' title='bbox 3436 1012 3470 1082; x_wconf 91' lang='grc' dir='ltr'><strong>ἡ</strong></span> <span class='ocrx_word' id='word_1_115' title='bbox 3512 1012 3741 1084; x_wconf 80' lang='grc' dir='ltr'>ζήτησις</span> 
     </span>
    </p>
   </div>
   <div class='ocr_carea' id='block_1_16' title="bbox 488 1098 2047 1174">
    <p class='ocr_par' dir='ltr' id='par_1_16' title="bbox 488 1098 2047 1167">
     <span class='ocr_line' id='line_1_16' title="bbox 488 1098 2047 1167; baseline 0.001 -13"><span class='ocrx_word' id='word_1_116' title='bbox 488 1099 831 1165; x_wconf 78' lang='lat' dir='ltr'><strong>auferimus;</strong></span> <span class='ocrx_word' id='word_1_117' title='bbox 885 1098 1166 1154; x_wconf 87' lang='lat' dir='ltr'><strong>residuum</strong></span> <span class='ocrx_word' id='word_1_118' title='bbox 1209 1100 1330 1167; x_wconf 90' lang='lat' dir='ltr'><strong>plus</strong></span> <span class='ocrx_word' id='word_1_119' title='bbox 1379 1099 1561 1153; x_wconf 88' lang='lat' dir='ltr'><strong>minus</strong></span> <span class='ocrx_word' id='word_1_120' title='bbox 1607 1107 1821 1155; x_wconf 78' lang='lat' dir='ltr'><strong>aetatem</strong></span> <span class='ocrx_word' id='word_1_121' title='bbox 1871 1100 2047 1164; x_wconf 67' lang='lat' dir='ltr'><strong>lunae,</strong></span> 
     </span>
    </p>
   </div>
   <div class='ocr_carea' id='block_1_17' title="bbox 2180 1098 3739 1174">
    <p class='ocr_par' dir='ltr' id='par_1_17' title="bbox 2180 1099 3739 1174">
     <span class='ocr_line' id='line_1_17' title="bbox 2180 1099 3739 1174; baseline 0.004 -22"><span class='ocrx_word' id='word_1_122' title='bbox 2180 1100 2383 1166; x_wconf 59' lang='grc' dir='ltr'>πίνεται,</span> <span class='ocrx_word' id='word_1_123' title='bbox 2430 1099 2797 1170; x_wconf 81' lang='grc' dir='ltr'>λαμϐάνοντες</span> <span class='ocrx_word' id='word_1_124' title='bbox 2843 1100 2937 1154; x_wconf 90' lang='grc' dir='ltr'><strong>τοῦ</strong></span> <span class='ocrx_word' id='word_1_125' title='bbox 2975 1101 3073 1170; x_wconf 87' lang='grc' dir='ltr'>μὲν</span> <span class='ocrx_word' id='word_1_126' title='bbox 3122 1101 3336 1172; x_wconf 78' lang='grc' dir='ltr'>ἔχοντος</span> <span class='ocrx_word' id='word_1_127' title='bbox 3389 1103 3606 1174; x_wconf 82' lang='grc' dir='ltr'>ἡμέρας</span> <span class='ocrx_word' id='word_1_128' title='bbox 3638 1103 3739 1165; x_wconf 85' lang='grc' dir='ltr'>λα’,</span> 
     </span>
    </p>
   </div>
   <div class='ocr_carea' id='block_1_18' title="bbox 485 1189 2044 1267">
    <p class='ocr_par' dir='ltr' id='par_1_18' title="bbox 485 1189 1352 1262">
     <span class='ocr_line' id='line_1_18' title="bbox 485 1189 1352 1262; baseline 0 -17"><span class='ocrx_word' id='word_1_129' title='bbox 485 1207 649 1262; x_wconf 88' lang='lat' dir='ltr'><strong>quam</strong></span> <span class='ocrx_word' id='word_1_130' title='bbox 683 1189 1010 1261; x_wconf 85' lang='lat' dir='ltr'><strong>inquirimus</strong></span> <span class='ocrx_word' id='word_1_131' title='bbox 1031 1229 1046 1255; x_wconf 93' lang='lat'><strong>,</strong></span> <span class='ocrx_word' id='word_1_132' title='bbox 1078 1189 1352 1245; x_wconf 83' lang='lat' dir='ltr'><strong>ostendet.</strong></span> 
     </span>
    </p>
   </div>
   <div class='ocr_carea' id='block_1_19' title="bbox 2178 1189 3737 1267">
    <p class='ocr_par' dir='ltr' id='par_1_19' title="bbox 2178 1189 3737 1267">
     <span class='ocr_line' id='line_1_19' title="bbox 2178 1189 3737 1267; baseline 0.015 -24"><span class='ocrx_word' id='word_1_133' title='bbox 2178 1190 2366 1262; x_wconf 60' lang='lat' dir='ltr'><strong>jpépav</strong></span> <span class='ocrx_word' id='word_1_134' title='bbox 2397 1189 2444 1244; x_wconf 80' lang='grc' dir='ltr'>α’</span> <span class='ocrx_word' id='word_1_135' title='bbox 2475 1190 2560 1257; x_wconf 85' lang='lat' dir='ltr'><strong>S&quot;,</strong></span> <span class='ocrx_word' id='word_1_136' title='bbox 2590 1190 2681 1246; x_wconf 88' lang='grc' dir='ltr'><strong>τοῦ</strong></span> <span class='ocrx_word' id='word_1_137' title='bbox 2707 1194 2750 1246; x_wconf 85' lang='grc' dir='ltr'>δ’</span> <span class='ocrx_word' id='word_1_138' title='bbox 2785 1191 2997 1263; x_wconf 81' lang='grc' dir='ltr'>ἔχοντος</span> <span class='ocrx_word' id='word_1_139' title='bbox 3040 1193 3253 1263; x_wconf 83' lang='grc' dir='ltr'>ἡμέρας</span> <span class='ocrx_word' id='word_1_140' title='bbox 3293 1193 3356 1258; x_wconf 66' lang='grc' dir='ltr'><strong>λ’,</strong></span> <span class='ocrx_word' id='word_1_141' title='bbox 3394 1194 3460 1248; x_wconf 79' lang='lat' dir='ltr'><strong>S&quot;</strong></span> <span class='ocrx_word' id='word_1_142' title='bbox 3506 1195 3737 1267; x_wconf 65' lang='grc' dir='ltr'><strong>ἡμέρας.</strong></span> 
     </span>
    </p>
   </div>
   <div class='ocr_carea' id='block_1_20' title="bbox 484 1281 3742 1356">
    <p class='ocr_par' dir='ltr' id='par_1_20' title="bbox 484 1281 3742 1356">
     <span class='ocr_line' id='line_1_20' title="bbox 484 1281 3742 1356; baseline 0 -18"><span class='ocrx_word' id='word_1_143' title='bbox 484 1285 577 1338; x_wconf 78' lang='grc' dir='ltr'>καὶ</span> <span class='ocrx_word' id='word_1_144' title='bbox 624 1284 733 1337; x_wconf 90' lang='grc' dir='ltr'><strong>τῶν</strong></span> <span class='ocrx_word' id='word_1_145' title='bbox 780 1281 1143 1353; x_wconf 81' lang='grc' dir='ltr'>συναχθεισῶν</span> <span class='ocrx_word' id='word_1_146' title='bbox 1203 1282 1563 1354; x_wconf 87' lang='grc' dir='ltr'>τριακοντάδα</span> <span class='ocrx_word' id='word_1_147' title='bbox 1619 1281 1946 1349; x_wconf 80' lang='grc' dir='ltr'>ἀφελόντες,</span> <span class='ocrx_word' id='word_1_148' title='bbox 2004 1284 2053 1335; x_wconf 86' lang='grc' dir='ltr'><strong>εί</strong></span> <span class='ocrx_word' id='word_1_149' title='bbox 2114 1283 2498 1354; x_wconf 89' lang='grc' dir='ltr'>ὑπερϐαίνουσι</span> <span class='ocrx_word' id='word_1_150' title='bbox 2539 1282 2824 1354; x_wconf 75' lang='grc' dir='ltr'>δηλονότι,</span> <span class='ocrx_word' id='word_1_151' title='bbox 2872 1284 2970 1347; x_wconf 82' lang='grc' dir='ltr'><strong>τὰς</strong></span> <span class='ocrx_word' id='word_1_152' title='bbox 3020 1283 3213 1346; x_wconf 76' lang='grc' dir='ltr'>λοιπὰς</span> <span class='ocrx_word' id='word_1_153' title='bbox 3268 1283 3461 1356; x_wconf 74' lang='grc' dir='ltr'>ἕξομεν</span> <span class='ocrx_word' id='word_1_154' title='bbox 3526 1284 3742 1356; x_wconf 79' lang='grc' dir='ltr'>ὁλοσχε-</span> 
     </span>
    </p>
   </div>
   <div class='ocr_carea' id='block_1_21' title="bbox 488 1377 2374 1452">
    <p class='ocr_par' dir='ltr' id='par_1_21' title="bbox 488 1377 2374 1452">
     <span class='ocr_line' id='line_1_21' title="bbox 488 1377 2374 1452; baseline 0 -19"><span class='ocrx_word' id='word_1_155' title='bbox 488 1379 596 1452; x_wconf 83' lang='grc' dir='ltr'><strong>ρῶς</strong></span> <span class='ocrx_word' id='word_1_156' title='bbox 638 1380 776 1433; x_wconf 83' lang='grc' dir='ltr'>ὅσων</span> <span class='ocrx_word' id='word_1_157' title='bbox 819 1379 1036 1450; x_wconf 86' lang='grc' dir='ltr'>ἡμερῶν</span> <span class='ocrx_word' id='word_1_158' title='bbox 1083 1379 1231 1432; x_wconf 81' lang='grc' dir='ltr'>ἐστιν</span> <span class='ocrx_word' id='word_1_159' title='bbox 1277 1381 1310 1451; x_wconf 88' lang='grc' dir='ltr'><strong>ἡ</strong></span> <span class='ocrx_word' id='word_1_160' title='bbox 1357 1380 1574 1451; x_wconf 86' lang='grc' dir='ltr'>σελήνη,</span> <span class='ocrx_word' id='word_1_161' title='bbox 1620 1381 1740 1434; x_wconf 88' lang='grc' dir='ltr'>καθ’</span> <span class='ocrx_word' id='word_1_162' title='bbox 1785 1381 1851 1451; x_wconf 85' lang='grc' dir='ltr'>ἢν</span> <span class='ocrx_word' id='word_1_163' title='bbox 1894 1379 2050 1433; x_wconf 90' lang='grc' dir='ltr'>τοῦτο</span> <span class='ocrx_word' id='word_1_164' title='bbox 2087 1377 2374 1451; x_wconf 80' lang='grc' dir='ltr'>ζητοῦμεν.</span> 
     </span>
    </p>
   </div>
   <div class='ocr_carea' id='block_1_22' title="bbox 554 1468 2113 1543">
    <p class='ocr_par' dir='ltr' id='par_1_22' title="bbox 554 1470 2055 1540">
     <span class='ocr_line' id='line_1_22' title="bbox 554 1470 2055 1540; baseline 0.002 -16"><span class='ocrx_word' id='word_1_165' title='bbox 554 1470 799 1540; x_wconf 85' lang='lat' dir='ltr'><strong>Exempli</strong></span> <span class='ocrx_word' id='word_1_166' title='bbox 831 1471 1004 1540; x_wconf 78' lang='lat' dir='ltr'><strong>gratia</strong></span> <span class='ocrx_word' id='word_1_167' title='bbox 1033 1489 1045 1526; x_wconf 94' lang='lat'>:</span> <span class='ocrx_word' id='word_1_168' title='bbox 1078 1472 1361 1540; x_wconf 89' lang='lat' dir='ltr'><strong>proposita</strong></span> <span class='ocrx_word' id='word_1_169' title='bbox 1389 1473 1460 1526; x_wconf 89' lang='lat' dir='ltr'><strong>sit</strong></span> <span class='ocrx_word' id='word_1_170' title='bbox 1491 1489 1618 1526; x_wconf 70' lang='lat' dir='ltr'><strong>xxv:</strong></span> <span class='ocrx_word' id='word_1_171' title='bbox 1649 1473 1767 1528; x_wconf 89' lang='lat' dir='ltr'><strong>dics</strong></span> <span class='ocrx_word' id='word_1_172' title='bbox 1799 1472 2055 1528; x_wconf 84' lang='lat' dir='ltr'><strong>Octobris</strong></span> 
     </span>
    </p>
   </div>
   <div class='ocr_carea' id='block_1_23' title="bbox 2179 1468 3738 1543">
    <p class='ocr_par' dir='ltr' id='par_1_23' title="bbox 2230 1468 3738 1543">
     <span class='ocr_line' id='line_1_23' title="bbox 2230 1468 3738 1543; baseline 0 -18"><span class='ocrx_word' id='word_1_173' title='bbox 2230 1468 2374 1538; x_wconf 75' lang='grc' dir='ltr'>υἷον,</span> <span class='ocrx_word' id='word_1_174' title='bbox 2409 1473 2485 1537; x_wconf 86' lang='grc' dir='ltr'>ὡς</span> <span class='ocrx_word' id='word_1_175' title='bbox 2513 1474 2570 1526; x_wconf 84' lang='grc' dir='ltr'>ὲν</span> <span class='ocrx_word' id='word_1_176' title='bbox 2609 1471 2988 1543; x_wconf 80' lang='grc' dir='ltr'>ὑποδείγματι,</span> <span class='ocrx_word' id='word_1_177' title='bbox 3029 1470 3170 1524; x_wconf 72' lang='grc' dir='ltr'>ἔστω</span> <span class='ocrx_word' id='word_1_178' title='bbox 3208 1479 3302 1542; x_wconf 82' lang='grc' dir='ltr'>κς¹</span> <span class='ocrx_word' id='word_1_179' title='bbox 3337 1471 3431 1525; x_wconf 87' lang='grc' dir='ltr'><strong>τοῦ</strong></span> <span class='ocrx_word' id='word_1_180' title='bbox 3473 1473 3738 1542; x_wconf 84' lang='grc' dir='ltr'>παρόντος</span> 
     </span>
    </p>
   </div>
   <div class='ocr_carea' id='block_1_24' title="bbox 482 1560 2041 1636">
    <p class='ocr_par' dir='ltr' id='par_1_24' title="bbox 482 1560 2041 1636">
     <span class='ocr_line' id='line_1_24' title="bbox 482 1560 2041 1636; baseline -0.001 -18"><span class='ocrx_word' id='word_1_181' title='bbox 482 1563 540 1618; x_wconf 85' lang='lat' dir='ltr'><strong>in</strong></span> <span class='ocrx_word' id='word_1_182' title='bbox 569 1577 676 1632; x_wconf 93' lang='lat' dir='ltr'><strong>quo</strong></span> <span class='ocrx_word' id='word_1_183' title='bbox 701 1576 1004 1618; x_wconf 86' lang='lat' dir='ltr'><strong>versamur.</strong></span> <span class='ocrx_word' id='word_1_184' title='bbox 1035 1560 1115 1616; x_wconf 86' lang='lat' dir='ltr'><strong>Ad</strong></span> <span class='ocrx_word' id='word_1_185' title='bbox 1149 1562 1289 1616; x_wconf 91' lang='lat' dir='ltr'><strong>hanc</strong></span> <span class='ocrx_word' id='word_1_186' title='bbox 1317 1571 1536 1636; x_wconf 75' lang='lat' dir='ltr'><strong>cpactas</strong></span> <span class='ocrx_word' id='word_1_187' title='bbox 1563 1563 1846 1633; x_wconf 82' lang='lat' dir='ltr'><strong>praesentis</strong></span> <span class='ocrx_word' id='word_1_188' title='bbox 1875 1563 2012 1635; x_wconf 76' lang='lat' dir='ltr'><strong>cycli</strong></span> <span class='ocrx_word' id='word_1_189' title='bbox 2037 1603 2041 1626; x_wconf 52' lang='grc' dir='ltr'>ε</span> 
     </span>
    </p>
   </div>
   <div class='ocr_carea' id='block_1_25' title="bbox 2179 1560 3738 1636">
    <p class='ocr_par' dir='ltr' id='par_1_25' title="bbox 2179 1562 3738 1636">
     <span class='ocr_line' id='line_1_25' title="bbox 2179 1562 3738 1636; baseline -0.001 -19"><span class='ocrx_word' id='word_1_190' title='bbox 2179 1564 2500 1636; x_wconf 88' lang='grc' dir='ltr'>Ὀκτωϐρίου</span> <span class='ocrx_word' id='word_1_191' title='bbox 2543 1564 2725 1635; x_wconf 84' lang='grc' dir='ltr'>μηνός.</span> <span class='ocrx_word' id='word_1_192' title='bbox 2777 1562 2958 1636; x_wconf 85' lang='grc' dir='ltr'>Ταύτῃ</span> <span class='ocrx_word' id='word_1_193' title='bbox 3006 1562 3331 1634; x_wconf 87' lang='grc' dir='ltr'>προσθέντες</span> <span class='ocrx_word' id='word_1_194' title='bbox 3373 1563 3472 1626; x_wconf 80' lang='grc' dir='ltr'>τὰς</span> <span class='ocrx_word' id='word_1_195' title='bbox 3526 1563 3738 1616; x_wconf 76' lang='grc' dir='ltr'>ἀποδει-</span> 
     </span>
    </p>
   </div>
   <div class='ocr_carea' id='block_1_26' title="bbox 485 1653 2044 1727">
    <p class='ocr_par' dir='ltr' id='par_1_26' title="bbox 485 1654 2044 1727">
     <span class='ocr_line' id='line_1_26' title="bbox 485 1654 2044 1727; baseline -0.001 -16"><span class='ocrx_word' id='word_1_196' title='bbox 485 1671 625 1727; x_wconf 86' lang='lat' dir='ltr'><strong>quas</strong></span> <span class='ocrx_word' id='word_1_197' title='bbox 661 1671 769 1711; x_wconf 80' lang='lat' dir='ltr'><strong>xxv</strong></span> <span class='ocrx_word' id='word_1_198' title='bbox 799 1654 912 1726; x_wconf 85' lang='lat' dir='ltr'><strong>jam</strong></span> <span class='ocrx_word' id='word_1_199' title='bbox 966 1657 1306 1724; x_wconf 89' lang='lat' dir='ltr'><strong>reperimus,</strong></span> <span class='ocrx_word' id='word_1_200' title='bbox 1359 1655 1618 1710; x_wconf 87' lang='lat' dir='ltr'><strong>addentes</strong></span> <span class='ocrx_word' id='word_1_201' title='bbox 1682 1669 1892 1710; x_wconf 87' lang='lat' dir='ltr'><strong>necnon</strong></span> <span class='ocrx_word' id='word_1_202' title='bbox 1938 1655 2044 1710; x_wconf 80' lang='lat' dir='ltr'><strong>dies</strong></span> 
     </span>
    </p>
   </div>
   <div class='ocr_carea' id='block_1_27' title="bbox 2174 1653 3733 1727">
    <p class='ocr_par' dir='ltr' id='par_1_27' title="bbox 2174 1653 3733 1726">
     <span class='ocr_line' id='line_1_27' title="bbox 2174 1653 3733 1726; baseline 0.001 -19"><span class='ocrx_word' id='word_1_203' title='bbox 2174 1654 2379 1725; x_wconf 75' lang='grc' dir='ltr'>(θείσας</span> <span class='ocrx_word' id='word_1_204' title='bbox 2417 1654 2511 1708; x_wconf 91' lang='grc' dir='ltr'><strong>τοῦ</strong></span> <span class='ocrx_word' id='word_1_205' title='bbox 2555 1653 2845 1718; x_wconf 77' lang='grc' dir='ltr'>ἐνεστῶτος</span> <span class='ocrx_word' id='word_1_206' title='bbox 2891 1654 3207 1726; x_wconf 81' lang='grc' dir='ltr'>σεληνιακοῦ</span> <span class='ocrx_word' id='word_1_207' title='bbox 3251 1654 3452 1708; x_wconf 78' lang='grc' dir='ltr'>κύκλου</span> <span class='ocrx_word' id='word_1_208' title='bbox 3492 1655 3733 1720; x_wconf 71' lang='grc' dir='ltr'>ὲπακτάς</span> 
     </span>
    </p>
   </div>
   <div class='ocr_carea' id='block_1_28' title="bbox 480 1743 2039 1818">
    <p class='ocr_par' dir='ltr' id='par_1_28' title="bbox 480 1743 2039 1816">
     <span class='ocr_line' id='line_1_28' title="bbox 480 1743 2039 1816; baseline -0.001 -16"><span class='ocrx_word' id='word_1_209' title='bbox 480 1761 707 1810; x_wconf 89' lang='lat' dir='ltr'><strong>omnes,</strong></span> <span class='ocrx_word' id='word_1_210' title='bbox 743 1746 838 1816; x_wconf 91' lang='lat' dir='ltr'><strong>qui</strong></span> <span class='ocrx_word' id='word_1_211' title='bbox 871 1759 902 1798; x_wconf 87' lang='lat' dir='ltr'><strong>a</strong></span> <span class='ocrx_word' id='word_1_212' title='bbox 935 1743 1130 1799; x_wconf 81' lang='lat' dir='ltr'><strong>Martio</strong></span> <span class='ocrx_word' id='word_1_213' title='bbox 1163 1744 1232 1797; x_wconf 91' lang='lat' dir='ltr'><strong>ad</strong></span> <span class='ocrx_word' id='word_1_214' title='bbox 1273 1743 1433 1798; x_wconf 89' lang='lat' dir='ltr'><strong>ﬁnem</strong></span> <span class='ocrx_word' id='word_1_215' title='bbox 1469 1743 1804 1816; x_wconf 87' lang='lat' dir='ltr'><strong>Septembris</strong></span> <span class='ocrx_word' id='word_1_216' title='bbox 1836 1744 2039 1800; x_wconf 77' lang='lat' dir='ltr'><strong>collecti</strong></span> 
     </span>
    </p>
   </div>
   <div class='ocr_carea' id='block_1_29' title="bbox 2173 1743 3732 1818">
    <p class='ocr_par' dir='ltr' id='par_1_29' title="bbox 2173 1745 3732 1818">
     <span class='ocr_line' id='line_1_29' title="bbox 2173 1745 3732 1818; baseline 0.001 -19"><span class='ocrx_word' id='word_1_217' title='bbox 2173 1753 2258 1810; x_wconf 70' lang='grc' dir='ltr'>ιε’,</span> <span class='ocrx_word' id='word_1_218' title='bbox 2305 1747 2396 1800; x_wconf 78' lang='grc' dir='ltr'>καὶ</span> <span class='ocrx_word' id='word_1_219' title='bbox 2434 1746 2534 1811; x_wconf 81' lang='grc' dir='ltr'>τὰς</span> <span class='ocrx_word' id='word_1_220' title='bbox 2581 1746 2688 1800; x_wconf 80' lang='grc' dir='ltr'><strong>ἀπὸ</strong></span> <span class='ocrx_word' id='word_1_221' title='bbox 2732 1746 2826 1799; x_wconf 93' lang='grc' dir='ltr'><strong>τοῦ</strong></span> <span class='ocrx_word' id='word_1_222' title='bbox 2872 1746 3116 1816; x_wconf 82' lang='grc' dir='ltr'>Μαρτίου</span> <span class='ocrx_word' id='word_1_223' title='bbox 3163 1745 3324 1818; x_wconf 86' lang='grc' dir='ltr'>μέχρι</span> <span class='ocrx_word' id='word_1_224' title='bbox 3355 1747 3448 1800; x_wconf 81' lang='grc' dir='ltr'>καὶ</span> <span class='ocrx_word' id='word_1_225' title='bbox 3486 1747 3612 1801; x_wconf 82' lang='grc' dir='ltr'>ὅλου</span> <span class='ocrx_word' id='word_1_226' title='bbox 3641 1747 3732 1800; x_wconf 84' lang='grc' dir='ltr'><strong>τοῦ</strong></span> 
     </span>
    </p>
   </div>
   <div class='ocr_carea' id='block_1_30' title="bbox 479 1800 2038 1914">
    <p class='ocr_par' dir='ltr' id='par_1_30' title="bbox 479 1835 2038 1914">
     <span class='ocr_line' id='line_1_30' title="bbox 479 1835 2038 1914; baseline -0.004 -20"><span class='ocrx_word' id='word_1_227' title='bbox 479 1845 644 1903; x_wconf 88' lang='lat' dir='ltr'><strong>sunt,</strong></span> <span class='ocrx_word' id='word_1_228' title='bbox 681 1851 908 1891; x_wconf 87' lang='lat' dir='ltr'><strong>numero</strong></span> <span class='ocrx_word' id='word_1_229' title='bbox 944 1845 1149 1906; x_wconf 86' lang='lat' dir='ltr'><strong>septem</strong></span> <span class='ocrx_word' id='word_1_230' title='bbox 1184 1853 1199 1902; x_wconf 89' lang='lat'><strong>;</strong></span> <span class='ocrx_word' id='word_1_231' title='bbox 1230 1835 1297 1890; x_wconf 90' lang='lat' dir='ltr'><strong>de</strong></span> <span class='ocrx_word' id='word_1_232' title='bbox 1326 1851 1541 1891; x_wconf 90' lang='lat' dir='ltr'><strong>summa</strong></span> <span class='ocrx_word' id='word_1_233' title='bbox 1565 1876 1580 1900; x_wconf 94' lang='lat'><strong>,</strong></span> <span class='ocrx_word' id='word_1_234' title='bbox 1615 1851 1735 1906; x_wconf 73' lang='lat' dir='ltr'><strong>quae</strong></span> <span class='ocrx_word' id='word_1_235' title='bbox 1768 1842 1852 1914; x_wconf 77' lang='lat' dir='ltr'><strong>est</strong></span> <span class='ocrx_word' id='word_1_236' title='bbox 1882 1850 2038 1899; x_wconf 72' lang='lat' dir='ltr'><strong>Lvm1</strong></span> 
     </span>
    </p>
   </div>
   <div class='ocr_carea' id='block_1_31' title="bbox 2172 1800 3731 1914">
    <p class='ocr_par' dir='ltr' id='par_1_31' title="bbox 2172 1800 3731 1909">
     <span class='ocr_line' id='line_1_31' title="bbox 2172 1800 3731 1909; baseline 0.001 -21"><span class='ocrx_word' id='word_1_237' title='bbox 2172 1800 2531 1909; x_wconf 77' lang='grc' dir='ltr'>Σεπτεμϐρίού</span> <span class='ocrx_word' id='word_1_238' title='bbox 2567 1835 2938 1906; x_wconf 84' lang='grc' dir='ltr'>συναγομένας</span> <span class='ocrx_word' id='word_1_239' title='bbox 2973 1800 3189 1907; x_wconf 67' lang='grc' dir='ltr'>ἡμέρας</span> <span class='ocrx_word' id='word_1_240' title='bbox 3216 1800 3282 1900; x_wconf 51' lang='grc' dir='ltr'><strong>ζτξ</strong></span> <span class='ocrx_word' id='word_1_241' title='bbox 3314 1836 3408 1890; x_wconf 73' lang='grc' dir='ltr'>καὶ</span> <span class='ocrx_word' id='word_1_242' title='bbox 3439 1800 3550 1889; x_wconf 86' lang='grc' dir='ltr'><strong>τῶν</strong></span> <span class='ocrx_word' id='word_1_243' title='bbox 3578 1854 3731 1906; x_wconf 84' lang='grc' dir='ltr'>γενο-</span> 
     </span>
    </p>
   </div>
   <div class='ocr_carea' id='block_1_32' title="bbox 480 1925 2039 1999">
    <p class='ocr_par' dir='ltr' id='par_1_32' title="bbox 480 1925 2039 1993">
     <span class='ocr_line' id='line_1_32' title="bbox 480 1925 2039 1993; baseline -0.001 -9"><span class='ocrx_word' id='word_1_244' title='bbox 480 1929 712 1985; x_wconf 84' lang='lat' dir='ltr'><strong>sublatis</strong></span> <span class='ocrx_word' id='word_1_245' title='bbox 741 1943 846 1982; x_wconf 79' lang='lat' dir='ltr'><strong>xxx</strong></span> <span class='ocrx_word' id='word_1_246' title='bbox 865 1967 880 1993; x_wconf 92' lang='lat'><strong>,</strong></span> <span class='ocrx_word' id='word_1_247' title='bbox 903 1936 1115 1982; x_wconf 62' lang='lat' dir='ltr'><strong>aetatem</strong></span> <span class='ocrx_word' id='word_1_248' title='bbox 1147 1928 1287 1980; x_wconf 72' lang='lat' dir='ltr'><strong>inme</strong></span> <span class='ocrx_word' id='word_1_249' title='bbox 1315 1927 1576 1982; x_wconf 89' lang='lat' dir='ltr'><strong>habemus</strong></span> <span class='ocrx_word' id='word_1_250' title='bbox 1605 1928 1658 1982; x_wconf 91' lang='lat' dir='ltr'><strong>in</strong></span> <span class='ocrx_word' id='word_1_251' title='bbox 1687 1925 1936 1984; x_wconf 79' lang='lat' dir='ltr'><strong>Octobris</strong></span> <span class='ocrx_word' id='word_1_252' title='bbox 1965 1927 2039 1983; x_wconf 67' lang='lat' dir='ltr'><strong>dii</strong></span> 
     </span>
    </p>
   </div>
   <div class='ocr_carea' id='block_1_33' title="bbox 2170 1925 3729 1999">
    <p class='ocr_par' dir='ltr' id='par_1_33' title="bbox 2170 1925 3729 1999">
     <span class='ocr_line' id='line_1_33' title="bbox 2170 1925 3729 1999; baseline 0.003 -22"><span class='ocrx_word' id='word_1_253' title='bbox 2170 1925 2325 1980; x_wconf 84' lang='grc' dir='ltr'>ιένων</span> <span class='ocrx_word' id='word_1_254' title='bbox 2356 1925 2490 1997; x_wconf 84' lang='grc' dir='ltr'>ὁμοῦ</span> <span class='ocrx_word' id='word_1_255' title='bbox 2527 1933 2608 1998; x_wconf 79' lang='grc' dir='ltr'>νη¹</span> <span class='ocrx_word' id='word_1_256' title='bbox 2648 1927 3008 1998; x_wconf 86' lang='grc' dir='ltr'>τριακοντάδα</span> <span class='ocrx_word' id='word_1_257' title='bbox 3048 1926 3356 1996; x_wconf 67' lang='grc' dir='ltr'>ἀτρελόντες,</span> <span class='ocrx_word' id='word_1_258' title='bbox 3401 1926 3601 1998; x_wconf 78' lang='grc' dir='ltr'>ἔχομεν</span> <span class='ocrx_word' id='word_1_259' title='bbox 3632 1929 3729 1999; x_wconf 79' lang='grc' dir='ltr'>τὴν</span> 
     </span>
    </p>
   </div>
   <div class='ocr_carea' id='block_1_34' title="bbox 478 2014 2037 2091">
    <p class='ocr_par' dir='ltr' id='par_1_34' title="bbox 478 2017 1388 2091">
     <span class='ocr_line' id='line_1_34' title="bbox 478 2017 1388 2091; baseline -0.002 -14"><span class='ocrx_word' id='word_1_260' title='bbox 478 2036 638 2086; x_wconf 74' lang='lat' dir='ltr'><strong>nrt,</strong></span> <span class='ocrx_word' id='word_1_261' title='bbox 669 2035 790 2091; x_wconf 82' lang='lat' dir='ltr'><strong>quae</strong></span> <span class='ocrx_word' id='word_1_262' title='bbox 821 2027 906 2076; x_wconf 90' lang='lat' dir='ltr'><strong>est</strong></span> <span class='ocrx_word' id='word_1_263' title='bbox 936 2033 1110 2074; x_wconf 80' lang='lat' dir='ltr'><strong>xxvm</strong></span> <span class='ocrx_word' id='word_1_264' title='bbox 1145 2017 1388 2075; x_wconf 91' lang='lat' dir='ltr'><strong>dierum.</strong></span> 
     </span>
    </p>
   </div>
   <div class='ocr_carea' id='block_1_35' title="bbox 2165 2014 3724 2091">
    <p class='ocr_par' dir='ltr' id='par_1_35' title="bbox 2165 2014 3724 2088">
     <span class='ocr_line' id='line_1_35' title="bbox 2165 2014 3724 2088; baseline 0.001 -21"><span class='ocrx_word' id='word_1_265' title='bbox 2165 2014 2378 2086; x_wconf 73' lang='grc' dir='ltr'>τελήνην</span> <span class='ocrx_word' id='word_1_266' title='bbox 2433 2014 2572 2069; x_wconf 84' lang='grc' dir='ltr'>κατὰ</span> <span class='ocrx_word' id='word_1_267' title='bbox 2619 2015 2718 2086; x_wconf 81' lang='grc' dir='ltr'>τὴν</span> <span class='ocrx_word' id='word_1_268' title='bbox 2784 2015 3254 2087; x_wconf 81' lang='grc' dir='ltr'>προχειρισθεῖσαν</span> <span class='ocrx_word' id='word_1_269' title='bbox 3306 2019 3441 2088; x_wconf 84' lang='grc' dir='ltr'>ἡμῖν</span> <span class='ocrx_word' id='word_1_270' title='bbox 3494 2018 3724 2088; x_wconf 86' lang='grc' dir='ltr'>ἡμέραν,</span> 
     </span>
    </p>
   </div>
   <div class='ocr_carea' id='block_1_36' title="bbox 2145 2105 3727 2180">
    <p class='ocr_par' dir='ltr' id='par_1_36' title="bbox 2145 2105 3727 2180">
     <span class='ocr_line' id='line_1_36' title="bbox 2145 2105 3727 2180; baseline 0.003 -22"><span class='ocrx_word' id='word_1_271' title='bbox 2145 2105 2390 2159; x_wconf 89' lang='grc' dir='ltr'>τουτέστι</span> <span class='ocrx_word' id='word_1_272' title='bbox 2420 2105 2517 2178; x_wconf 80' lang='grc' dir='ltr'><strong>τὴν</strong></span> <span class='ocrx_word' id='word_1_273' title='bbox 2561 2113 2652 2171; x_wconf 84' lang='grc' dir='ltr'>κς¹</span> <span class='ocrx_word' id='word_1_274' title='bbox 2705 2105 2800 2160; x_wconf 93' lang='grc' dir='ltr'><strong>τοῦ</strong></span> <span class='ocrx_word' id='word_1_275' title='bbox 2861 2107 3126 2177; x_wconf 82' lang='grc' dir='ltr'>παρόντος</span> <span class='ocrx_word' id='word_1_276' title='bbox 3179 2107 3508 2180; x_wconf 85' lang='grc' dir='ltr'>Ὀκτωϐρίου</span> <span class='ocrx_word' id='word_1_277' title='bbox 3532 2149 3546 2173; x_wconf 95' lang='grc'><strong>,</strong></span> <span class='ocrx_word' id='word_1_278' title='bbox 3597 2110 3727 2180; x_wconf 83' lang='grc' dir='ltr'>ἡμε-</span> 
     </span>
    </p>
   </div>
   <div class='ocr_carea' id='block_1_37' title="bbox 2183 2193 2593 2267">
    <p class='ocr_par' dir='ltr' id='par_1_37' title="bbox 2183 2193 2593 2267">
     <span class='ocr_line' id='line_1_37' title="bbox 2183 2193 2593 2267; baseline 0.005 -17"><span class='ocrx_word' id='word_1_279' title='bbox 2183 2196 2256 2250; x_wconf 90' lang='grc' dir='ltr'><strong>ῶν</strong></span> <span class='ocrx_word' id='word_1_280' title='bbox 2288 2193 2453 2250; x_wconf 80' lang='grc' dir='ltr'>οὖσαν</span> <span class='ocrx_word' id='word_1_281' title='bbox 2485 2203 2593 2267; x_wconf 79' lang='grc' dir='ltr'>κη’.</span> 
     </span>
    </p>
   </div>
   <div class='ocr_carea' id='block_1_38' title="bbox 546 2213 2105 2361">
    <p class='ocr_par' dir='ltr' id='par_1_38' title="bbox 546 2287 2045 2361">
     <span class='ocr_line' id='line_1_38' title="bbox 546 2287 2045 2361; baseline -0.003 -15"><span class='ocrx_word' id='word_1_282' title='bbox 546 2289 732 2361; x_wconf 89' lang='lat' dir='ltr'><strong>Neque</strong></span> <span class='ocrx_word' id='word_1_283' title='bbox 763 2306 892 2346; x_wconf 83' lang='lat' dir='ltr'><strong>vero</strong></span> <span class='ocrx_word' id='word_1_284' title='bbox 924 2289 1082 2345; x_wconf 80' lang='lat' dir='ltr'><strong>facile</strong></span> <span class='ocrx_word' id='word_1_285' title='bbox 1106 2287 1618 2360; x_wconf 71' lang='lat' dir='ltr'><strong>praztermittendum</strong></span> <span class='ocrx_word' id='word_1_286' title='bbox 1643 2287 1786 2342; x_wconf 88' lang='lat' dir='ltr'><strong>istud</strong></span> <span class='ocrx_word' id='word_1_287' title='bbox 1808 2296 1911 2354; x_wconf 88' lang='lat' dir='ltr'><strong>est,</strong></span> <span class='ocrx_word' id='word_1_288' title='bbox 1939 2304 2045 2359; x_wconf 87' lang='lat' dir='ltr'><strong>qua</strong></span> 
     </span>
    </p>
   </div>
   <div class='ocr_carea' id='block_1_39' title="bbox 2164 2213 3723 2361">
    <p class='ocr_par' dir='ltr' id='par_1_39' title="bbox 2164 2213 3723 2361">
     <span class='ocr_line' id='line_1_39' title="bbox 2164 2213 2593 2267; baseline 0.007 -18"><span class='ocrx_word' id='word_1_289' title='bbox 2164 2213 2256 2250; x_wconf 74' lang='grc' dir='ltr'>&gt;ων</span> <span class='ocrx_word' id='word_1_290' title='bbox 2288 2213 2453 2250; x_wconf 87' lang='grc' dir='ltr'>ουσαν</span> <span class='ocrx_word' id='word_1_291' title='bbox 2485 2213 2593 2267; x_wconf 80' lang='grc' dir='ltr'>κη’.</span> 
     </span>
     <span class='ocr_line' id='line_1_40' title="bbox 2214 2287 3723 2361; baseline 0.002 -20"><span class='ocrx_word' id='word_1_292' title='bbox 2214 2289 2323 2342; x_wconf 73' lang='grc' dir='ltr'><strong>Καὶ</strong></span> <span class='ocrx_word' id='word_1_293' title='bbox 2358 2287 2515 2342; x_wconf 90' lang='grc' dir='ltr'>τοῦτο</span> <span class='ocrx_word' id='word_1_294' title='bbox 2552 2287 2597 2340; x_wconf 88' lang='grc' dir='ltr'>δ’</span> <span class='ocrx_word' id='word_1_295' title='bbox 2620 2287 2722 2342; x_wconf 86' lang='grc' dir='ltr'><strong>οὑκ</strong></span> <span class='ocrx_word' id='word_1_296' title='bbox 2751 2287 2972 2342; x_wconf 76' lang='grc' dir='ltr'>εὔκολον</span> <span class='ocrx_word' id='word_1_297' title='bbox 3004 2289 3405 2361; x_wconf 83' lang='grc' dir='ltr'>παραδραμεῖν,</span> <span class='ocrx_word' id='word_1_298' title='bbox 3441 2291 3594 2354; x_wconf 82' lang='grc' dir='ltr'>τίνος</span> <span class='ocrx_word' id='word_1_299' title='bbox 3623 2290 3723 2360; x_wconf 82' lang='grc' dir='ltr'>χά-</span> 
     </span>
    </p>
   </div>
   <div class='ocr_carea' id='block_1_40' title="bbox 473 2377 2032 2452">
    <p class='ocr_par' dir='ltr' id='par_1_40' title="bbox 473 2377 2032 2448">
     <span class='ocr_line' id='line_1_41' title="bbox 473 2377 2032 2448; baseline 0 -14"><span class='ocrx_word' id='word_1_300' title='bbox 473 2379 718 2435; x_wconf 87' lang='lat' dir='ltr'><strong>decausa</strong></span> <span class='ocrx_word' id='word_1_301' title='bbox 753 2377 1053 2448; x_wconf 84' lang='lat' dir='ltr'><strong>sesquidies</strong></span> <span class='ocrx_word' id='word_1_302' title='bbox 1083 2377 1316 2443; x_wconf 75' lang='lat' dir='ltr'><strong>illos,vel</strong></span> <span class='ocrx_word' id='word_1_303' title='bbox 1353 2377 1662 2433; x_wconf 90' lang='lat' dir='ltr'><strong>dimidiatos</strong></span> <span class='ocrx_word' id='word_1_304' title='bbox 1679 2377 1794 2432; x_wconf 91' lang='lat' dir='ltr'><strong>dies</strong></span> <span class='ocrx_word' id='word_1_305' title='bbox 1832 2378 2032 2434; x_wconf 70' lang='lat' dir='ltr'><strong>auferre</strong></span> 
     </span>
    </p>
   </div>
   <div class='ocr_carea' id='block_1_41' title="bbox 2164 2377 3723 2452">
    <p class='ocr_par' dir='ltr' id='par_1_41' title="bbox 2164 2380 3723 2452">
     <span class='ocr_line' id='line_1_42' title="bbox 2164 2380 3723 2452; baseline 0.003 -21"><span class='ocrx_word' id='word_1_306' title='bbox 2164 2397 2230 2432; x_wconf 78' lang='lat' dir='ltr'><strong>nv</strong></span> <span class='ocrx_word' id='word_1_307' title='bbox 2261 2381 2358 2452; x_wconf 85' lang='grc' dir='ltr'>τὴν</span> <span class='ocrx_word' id='word_1_308' title='bbox 2387 2381 2494 2434; x_wconf 90' lang='grc' dir='ltr'><strong>τῶν</strong></span> <span class='ocrx_word' id='word_1_309' title='bbox 2519 2380 2740 2452; x_wconf 87' lang='grc' dir='ltr'>ἡμερῶν</span> <span class='ocrx_word' id='word_1_310' title='bbox 2780 2381 2939 2452; x_wconf 72' lang='grc' dir='ltr'>λῆψιν</span> <span class='ocrx_word' id='word_1_311' title='bbox 2971 2380 3072 2451; x_wconf 86' lang='grc' dir='ltr'><strong>τῆς</strong></span> <span class='ocrx_word' id='word_1_312' title='bbox 3103 2396 3162 2434; x_wconf 88' lang='grc' dir='ltr'><strong>τε</strong></span> <span class='ocrx_word' id='word_1_313' title='bbox 3207 2388 3255 2435; x_wconf 88' lang='grc' dir='ltr'>α’</span> <span class='ocrx_word' id='word_1_314' title='bbox 3293 2380 3359 2436; x_wconf 90' lang='lat' dir='ltr'><strong>S&quot;</strong></span> <span class='ocrx_word' id='word_1_315' title='bbox 3388 2383 3482 2434; x_wconf 74' lang='grc' dir='ltr'>καὶ</span> <span class='ocrx_word' id='word_1_316' title='bbox 3526 2382 3629 2448; x_wconf 84' lang='grc' dir='ltr'><strong>τῆς</strong></span> <span class='ocrx_word' id='word_1_317' title='bbox 3662 2381 3723 2436; x_wconf 85' lang='lat' dir='ltr'><strong>S”</strong></span> 
     </span>
    </p>
   </div>
   <div class='ocr_carea' id='block_1_42' title="bbox 473 2467 2032 2545">
    <p class='ocr_par' dir='ltr' id='par_1_42' title="bbox 473 2467 2032 2539">
     <span class='ocr_line' id='line_1_43' title="bbox 473 2467 2032 2539; baseline -0.001 -15"><span class='ocrx_word' id='word_1_318' title='bbox 473 2468 542 2526; x_wconf 85' lang='lat' dir='ltr'><strong>de</strong></span> <span class='ocrx_word' id='word_1_319' title='bbox 569 2469 850 2525; x_wconf 88' lang='lat' dir='ltr'><strong>mensibus</strong></span> <span class='ocrx_word' id='word_1_320' title='bbox 881 2469 1208 2539; x_wconf 90' lang='lat' dir='ltr'><strong>incipiamus</strong></span> <span class='ocrx_word' id='word_1_321' title='bbox 1237 2484 1265 2521; x_wconf 86' lang='lat' dir='ltr'><strong>a</strong></span> <span class='ocrx_word' id='word_1_322' title='bbox 1298 2467 1512 2533; x_wconf 78' lang='lat' dir='ltr'><strong>Martio,</strong></span> <span class='ocrx_word' id='word_1_323' title='bbox 1543 2485 1652 2523; x_wconf 92' lang='lat' dir='ltr'><strong>non</strong></span> <span class='ocrx_word' id='word_1_324' title='bbox 1683 2484 1713 2523; x_wconf 85' lang='lat' dir='ltr'><strong>a</strong></span> <span class='ocrx_word' id='word_1_325' title='bbox 1743 2467 2032 2535; x_wconf 79' lang='lat' dir='ltr'><strong>Januario;</strong></span> 
     </span>
    </p>
   </div>
   <div class='ocr_carea' id='block_1_43' title="bbox 2162 2467 3721 2545">
    <p class='ocr_par' dir='ltr' id='par_1_43' title="bbox 2162 2471 3721 2545">
     <span class='ocr_line' id='line_1_44' title="bbox 2162 2471 3721 2545; baseline 0.001 -19"><span class='ocrx_word' id='word_1_326' title='bbox 2162 2472 2257 2526; x_wconf 66' lang='grc' dir='ltr'>Ξπὸ</span> <span class='ocrx_word' id='word_1_327' title='bbox 2284 2471 2377 2526; x_wconf 91' lang='grc' dir='ltr'><strong>τοῦ</strong></span> <span class='ocrx_word' id='word_1_328' title='bbox 2408 2472 2650 2545; x_wconf 78' lang='grc' dir='ltr'>Μαρτίου</span> <span class='ocrx_word' id='word_1_329' title='bbox 2679 2473 2959 2544; x_wconf 82' lang='grc' dir='ltr'>ἀρχόμεθα</span> <span class='ocrx_word' id='word_1_330' title='bbox 2999 2472 3314 2544; x_wconf 87' lang='grc' dir='ltr'>λαμϐάνειν,</span> <span class='ocrx_word' id='word_1_331' title='bbox 3352 2475 3448 2528; x_wconf 70' lang='grc' dir='ltr'>καὶ</span> <span class='ocrx_word' id='word_1_332' title='bbox 3485 2475 3587 2527; x_wconf 89' lang='grc' dir='ltr'><strong>ούκ</strong></span> <span class='ocrx_word' id='word_1_333' title='bbox 3619 2474 3721 2527; x_wconf 78' lang='grc' dir='ltr'><strong>ἀπὸ</strong></span> 
     </span>
    </p>
   </div>
   <div class='ocr_carea' id='block_1_44' title="bbox 471 2559 2030 2637">
    <p class='ocr_par' dir='ltr' id='par_1_44' title="bbox 471 2559 2030 2630">
     <span class='ocr_line' id='line_1_45' title="bbox 471 2559 2030 2630; baseline -0.001 -16"><span class='ocrx_word' id='word_1_334' title='bbox 471 2574 600 2615; x_wconf 89' lang='lat' dir='ltr'><strong>cum</strong></span> <span class='ocrx_word' id='word_1_335' title='bbox 634 2559 703 2614; x_wconf 90' lang='lat' dir='ltr'><strong>ab</strong></span> <span class='ocrx_word' id='word_1_336' title='bbox 737 2559 839 2613; x_wconf 86' lang='lat' dir='ltr'><strong>hoc</strong></span> <span class='ocrx_word' id='word_1_337' title='bbox 873 2559 1147 2613; x_wconf 89' lang='lat' dir='ltr'><strong>lunarium</strong></span> <span class='ocrx_word' id='word_1_338' title='bbox 1181 2559 1456 2630; x_wconf 89' lang='lat' dir='ltr'><strong>cyclorum</strong></span> <span class='ocrx_word' id='word_1_339' title='bbox 1477 2599 1492 2627; x_wconf 89' lang='lat'><strong>,</strong></span> <span class='ocrx_word' id='word_1_340' title='bbox 1535 2567 1589 2613; x_wconf 90' lang='lat' dir='ltr'><strong>et</strong></span> <span class='ocrx_word' id='word_1_341' title='bbox 1627 2559 2030 2629; x_wconf 87' lang='lat' dir='ltr'><strong>congruentium</strong></span> 
     </span>
    </p>
   </div>
   <div class='ocr_carea' id='block_1_45' title="bbox 2159 2559 3718 2637">
    <p class='ocr_par' dir='ltr' id='par_1_45' title="bbox 2159 2565 3718 2637">
     <span class='ocr_line' id='line_1_46' title="bbox 2159 2565 3718 2637; baseline 0.001 -19"><span class='ocrx_word' id='word_1_342' title='bbox 2159 2565 2233 2619; x_wconf 79' lang='grc' dir='ltr'>τοῦ</span> <span class='ocrx_word' id='word_1_343' title='bbox 2268 2565 2610 2637; x_wconf 87' lang='grc' dir='ltr'>Ἰανουαρίου,</span> <span class='ocrx_word' id='word_1_344' title='bbox 2652 2565 2772 2619; x_wconf 87' lang='grc' dir='ltr'>καθ’</span> <span class='ocrx_word' id='word_1_345' title='bbox 2802 2565 2861 2619; x_wconf 79' lang='grc' dir='ltr'>ὃν</span> <span class='ocrx_word' id='word_1_346' title='bbox 2897 2566 2993 2637; x_wconf 90' lang='grc' dir='ltr'><strong>τὴν</strong></span> <span class='ocrx_word' id='word_1_347' title='bbox 3023 2582 3081 2617; x_wconf 89' lang='grc' dir='ltr'><strong>τε</strong></span> <span class='ocrx_word' id='word_1_348' title='bbox 3129 2565 3301 2636; x_wconf 80' lang='grc' dir='ltr'>ἀρχὴν</span> <span class='ocrx_word' id='word_1_349' title='bbox 3327 2566 3437 2619; x_wconf 91' lang='grc' dir='ltr'><strong>τῶν</strong></span> <span class='ocrx_word' id='word_1_350' title='bbox 3473 2566 3718 2636; x_wconf 85' lang='grc' dir='ltr'>σεληνια-</span> 
     </span>
    </p>
   </div>
   <div class='ocr_carea' id='block_1_46' title="bbox 471 2646 2030 2730">
    <p class='ocr_par' dir='ltr' id='par_1_46' title="bbox 471 2646 2030 2720">
     <span class='ocr_line' id='line_1_47' title="bbox 471 2646 2030 2720; baseline -0.003 -16"><span class='ocrx_word' id='word_1_351' title='bbox 471 2648 541 2705; x_wconf 89' lang='lat' dir='ltr'><strong>iis</strong></span> <span class='ocrx_word' id='word_1_352' title='bbox 568 2656 882 2720; x_wconf 89' lang='lat' dir='ltr'><strong>epactarum</strong></span> <span class='ocrx_word' id='word_1_353' title='bbox 931 2649 1083 2702; x_wconf 85' lang='lat' dir='ltr'><strong>initia</strong></span> <span class='ocrx_word' id='word_1_354' title='bbox 1129 2647 1420 2704; x_wconf 84' lang='lat' dir='ltr'><strong>ducantur.</strong></span> <span class='ocrx_word' id='word_1_355' title='bbox 1473 2646 1628 2719; x_wconf 83' lang='lat' dir='ltr'><strong>(Hoc</strong></span> <span class='ocrx_word' id='word_1_356' title='bbox 1662 2648 1806 2701; x_wconf 87' lang='lat' dir='ltr'><strong>enim</strong></span> <span class='ocrx_word' id='word_1_357' title='bbox 1850 2655 2030 2702; x_wconf 84' lang='lat' dir='ltr'><strong>contra</strong></span> 
     </span>
    </p>
   </div>
   <div class='ocr_carea' id='block_1_47' title="bbox 2155 2646 3714 2730">
    <p class='ocr_par' dir='ltr' id='par_1_47' title="bbox 2155 2655 3714 2730">
     <span class='ocr_line' id='line_1_48' title="bbox 2155 2655 3714 2730; baseline 0.001 -20"><span class='ocrx_word' id='word_1_358' title='bbox 2155 2656 2252 2712; x_wconf 65' lang='lat' dir='ltr'><strong>«Iw</strong></span> <span class='ocrx_word' id='word_1_359' title='bbox 2309 2655 2608 2727; x_wconf 83' lang='grc' dir='ltr'>ποιούμεθα</span> <span class='ocrx_word' id='word_1_360' title='bbox 2651 2655 2886 2722; x_wconf 90' lang='grc' dir='ltr'>κύκλων,</span> <span class='ocrx_word' id='word_1_361' title='bbox 2937 2658 3031 2712; x_wconf 80' lang='grc' dir='ltr'>καὶ</span> <span class='ocrx_word' id='word_1_362' title='bbox 3079 2658 3178 2730; x_wconf 74' lang='grc' dir='ltr'><strong>τὴν</strong></span> <span class='ocrx_word' id='word_1_363' title='bbox 3202 2658 3308 2711; x_wconf 87' lang='grc' dir='ltr'><strong>τῶν</strong></span> <span class='ocrx_word' id='word_1_364' title='bbox 3357 2659 3482 2712; x_wconf 82' lang='grc' dir='ltr'>κατ’</span> <span class='ocrx_word' id='word_1_365' title='bbox 3520 2659 3714 2722; x_wconf 72' lang='grc' dir='ltr'>αὑτοὺς</span> 
     </span>
    </p>
   </div>
   <div class='ocr_carea' id='block_1_48' title="bbox 469 2734 2028 2819">
    <p class='ocr_par' dir='ltr' id='par_1_48' title="bbox 469 2734 2028 2810">
     <span class='ocr_line' id='line_1_49' title="bbox 469 2734 2028 2810; baseline -0.003 -16"><span class='ocrx_word' id='word_1_366' title='bbox 469 2739 564 2794; x_wconf 90' lang='lat' dir='ltr'><strong>illa</strong></span> <span class='ocrx_word' id='word_1_367' title='bbox 600 2755 722 2810; x_wconf 70' lang='lat' dir='ltr'><strong>qua:</strong></span> <span class='ocrx_word' id='word_1_368' title='bbox 753 2739 900 2794; x_wconf 85' lang='lat' dir='ltr'><strong>dicta</strong></span> <span class='ocrx_word' id='word_1_369' title='bbox 920 2746 1064 2798; x_wconf 90' lang='lat' dir='ltr'><strong>.sunt</strong></span> <span class='ocrx_word' id='word_1_370' title='bbox 1097 2738 1491 2793; x_wconf 77' lang='lat' dir='ltr'><strong>dubitationem</strong></span> <span class='ocrx_word' id='word_1_371' title='bbox 1529 2752 1723 2808; x_wconf 80' lang='lat' dir='ltr'><strong>parere</strong></span> <span class='ocrx_word' id='word_1_372' title='bbox 1759 2737 1990 2792; x_wconf 80' lang='lat' dir='ltr'><strong>videtur.</strong></span> <span class='ocrx_word' id='word_1_373' title='bbox 2018 2734 2028 2806; x_wconf 70' lang='lat' dir='ltr'><strong>j</strong></span> 
     </span>
    </p>
   </div>
   <div class='ocr_carea' id='block_1_49' title="bbox 2156 2734 3715 2819">
    <p class='ocr_par' dir='ltr' id='par_1_49' title="bbox 2156 2745 3715 2819">
     <span class='ocr_line' id='line_1_50' title="bbox 2156 2745 3715 2819; baseline 0 -19"><span class='ocrx_word' id='word_1_374' title='bbox 2156 2745 2391 2801; x_wconf 86' lang='grc' dir='ltr'>;πακτῶν</span> <span class='ocrx_word' id='word_1_375' title='bbox 2441 2746 2601 2818; x_wconf 77' lang='grc' dir='ltr'>λῆψιν</span> <span class='ocrx_word' id='word_1_376' title='bbox 2653 2745 2821 2816; x_wconf 84' lang='grc' dir='ltr'>(δοκεῖ</span> <span class='ocrx_word' id='word_1_377' title='bbox 2878 2746 2987 2819; x_wconf 84' lang='grc' dir='ltr'><strong>γὰρ</strong></span> <span class='ocrx_word' id='word_1_378' title='bbox 3045 2747 3278 2818; x_wconf 85' lang='grc' dir='ltr'>ἀπορίαν</span> <span class='ocrx_word' id='word_1_379' title='bbox 3325 2748 3580 2817; x_wconf 78' lang='grc' dir='ltr'>ἐμποιεῖν</span> <span class='ocrx_word' id='word_1_380' title='bbox 3625 2748 3715 2800; x_wconf 81' lang='grc' dir='ltr'>καὶ</span> 
     </span>
    </p>
   </div>
   <div class='ocr_carea' id='block_1_50' title="bbox 466 2828 2025 2911">
    <p class='ocr_par' dir='ltr' id='par_1_50' title="bbox 466 2828 2025 2900">
     <span class='ocr_line' id='line_1_51' title="bbox 466 2828 2025 2900; baseline -0.002 -16"><span class='ocrx_word' id='word_1_381' title='bbox 466 2828 607 2884; x_wconf 85' lang='lat' dir='ltr'><strong>Tum</strong></span> <span class='ocrx_word' id='word_1_382' title='bbox 638 2829 771 2883; x_wconf 90' lang='lat' dir='ltr'><strong>illud</strong></span> <span class='ocrx_word' id='word_1_383' title='bbox 803 2829 974 2899; x_wconf 68' lang='lat' dir='ltr'><strong>quazri</strong></span> <span class='ocrx_word' id='word_1_384' title='bbox 1008 2835 1219 2900; x_wconf 88' lang='lat' dir='ltr'><strong>potest,</strong></span> <span class='ocrx_word' id='word_1_385' title='bbox 1246 2845 1344 2884; x_wconf 90' lang='lat' dir='ltr'><strong>cur</strong></span> <span class='ocrx_word' id='word_1_386' title='bbox 1374 2829 1491 2884; x_wconf 87' lang='lat' dir='ltr'><strong>dies</strong></span> <span class='ocrx_word' id='word_1_387' title='bbox 1522 2828 1645 2884; x_wconf 89' lang='lat' dir='ltr'><strong>illos</strong></span> <span class='ocrx_word' id='word_1_388' title='bbox 1673 2843 2025 2883; x_wconf 87' lang='lat' dir='ltr'><strong>assumamus.</strong></span> 
     </span>
    </p>
   </div>
   <div class='ocr_carea' id='block_1_51' title="bbox 2156 2828 3715 2911">
    <p class='ocr_par' dir='ltr' id='par_1_51' title="bbox 2156 2838 3715 2911">
     <span class='ocr_line' id='line_1_52' title="bbox 2156 2838 3715 2911; baseline 0.001 -18"><span class='ocrx_word' id='word_1_389' title='bbox 2156 2840 2291 2893; x_wconf 76' lang='grc' dir='ltr'>τοῦτο</span> <span class='ocrx_word' id='word_1_390' title='bbox 2324 2841 2434 2902; x_wconf 84' lang='grc' dir='ltr'>τοῖς</span> <span class='ocrx_word' id='word_1_391' title='bbox 2461 2839 2826 2910; x_wconf 78' lang='grc' dir='ltr'>εἰρημένοις),</span> <span class='ocrx_word' id='word_1_392' title='bbox 2855 2838 2935 2893; x_wconf 79' lang='grc' dir='ltr'>ἔτι</span> <span class='ocrx_word' id='word_1_393' title='bbox 2976 2855 3034 2893; x_wconf 90' lang='grc' dir='ltr'><strong>τε</strong></span> <span class='ocrx_word' id='word_1_394' title='bbox 3079 2841 3174 2894; x_wconf 75' lang='grc' dir='ltr'>καὶ</span> <span class='ocrx_word' id='word_1_395' title='bbox 3218 2839 3286 2892; x_wconf 88' lang='grc' dir='ltr'>δι’</span> <span class='ocrx_word' id='word_1_396' title='bbox 3315 2841 3381 2910; x_wconf 80' lang='grc' dir='ltr'>ἠν</span> <span class='ocrx_word' id='word_1_397' title='bbox 3411 2841 3595 2894; x_wconf 85' lang='grc' dir='ltr'>αἰτίαν</span> <span class='ocrx_word' id='word_1_398' title='bbox 3619 2841 3715 2911; x_wconf 78' lang='grc' dir='ltr'><strong>τὴν</strong></span> 
     </span>
    </p>
   </div>
   <div class='ocr_carea' id='block_1_52' title="bbox 2134 2929 3279 3001">
    <p class='ocr_par' dir='ltr' id='par_1_52' title="bbox 2134 2929 3279 3001">
     <span class='ocr_line' id='line_1_53' title="bbox 2134 2929 3279 3001; baseline 0.002 -19"><span class='ocrx_word' id='word_1_399' title='bbox 2134 2929 2241 2982; x_wconf 89' lang='grc' dir='ltr'><strong>τῶν</strong></span> <span class='ocrx_word' id='word_1_400' title='bbox 2270 2929 2497 3000; x_wconf 87' lang='grc' dir='ltr'>ἡμερῶν</span> <span class='ocrx_word' id='word_1_401' title='bbox 2530 2929 2734 2983; x_wconf 90' lang='grc' dir='ltr'>τούτων</span> <span class='ocrx_word' id='word_1_402' title='bbox 2763 2929 3066 3001; x_wconf 88' lang='grc' dir='ltr'>ποιούμεθα</span> <span class='ocrx_word' id='word_1_403' title='bbox 3099 2930 3279 3001; x_wconf 78' lang='grc' dir='ltr'>λῆψιν.</span> 
     </span>
    </p>
   </div>
   <div class='ocr_carea' id='block_1_53' title="bbox 537 3003 2096 3098">
    <p class='ocr_par' dir='ltr' id='par_1_53' title="bbox 537 3003 2033 3076">
     <span class='ocr_line' id='line_1_54' title="bbox 537 3003 2033 3076; baseline -0.004 -12"><span class='ocrx_word' id='word_1_404' title='bbox 537 3009 883 3064; x_wconf 78' lang='lat' dir='ltr'><strong>Manifestum</strong></span> <span class='ocrx_word' id='word_1_405' title='bbox 922 3015 1006 3063; x_wconf 91' lang='lat' dir='ltr'><strong>est</strong></span> <span class='ocrx_word' id='word_1_406' title='bbox 1039 3007 1221 3076; x_wconf 89' lang='lat' dir='ltr'><strong>itaque</strong></span> <span class='ocrx_word' id='word_1_407' title='bbox 1245 3046 1260 3071; x_wconf 90' lang='lat'><strong>,</strong></span> <span class='ocrx_word' id='word_1_408' title='bbox 1294 3005 1550 3076; x_wconf 91' lang='lat' dir='ltr'><strong>quoniam</strong></span> <span class='ocrx_word' id='word_1_409' title='bbox 1583 3005 1794 3059; x_wconf 88' lang='lat' dir='ltr'><strong>lunaris</strong></span> <span class='ocrx_word' id='word_1_410' title='bbox 1828 3003 2033 3058; x_wconf 87' lang='lat' dir='ltr'><strong>mensis</strong></span> 
     </span>
    </p>
   </div>
   <div class='ocr_carea' id='block_1_54' title="bbox 2154 3003 3713 3098">
    <p class='ocr_par' dir='ltr' id='par_1_54' title="bbox 2205 3018 3713 3098">
     <span class='ocr_line' id='line_1_55' title="bbox 2205 3018 3713 3098; baseline 0.002 -23"><span class='ocrx_word' id='word_1_411' title='bbox 2205 3023 2358 3076; x_wconf 84' lang='grc' dir='ltr'>Ἐστι</span> <span class='ocrx_word' id='word_1_412' title='bbox 2401 3023 2500 3094; x_wconf 82' lang='grc' dir='ltr'><strong>μὲν</strong></span> <span class='ocrx_word' id='word_1_413' title='bbox 2545 3018 2638 3076; x_wconf 84' lang='grc' dir='ltr'><strong>οῦν</strong></span> <span class='ocrx_word' id='word_1_414' title='bbox 2673 3023 2851 3093; x_wconf 89' lang='grc' dir='ltr'>δῆλον,</span> <span class='ocrx_word' id='word_1_415' title='bbox 2881 3024 2977 3090; x_wconf 82' lang='grc' dir='ltr'><strong>ὡς,</strong></span> <span class='ocrx_word' id='word_1_416' title='bbox 3021 3026 3145 3078; x_wconf 79' lang='grc' dir='ltr'>ἐπεὶ</span> <span class='ocrx_word' id='word_1_417' title='bbox 3183 3027 3211 3078; x_wconf 86' lang='grc' dir='ltr'><strong>ὁ</strong></span> <span class='ocrx_word' id='word_1_418' title='bbox 3253 3024 3569 3098; x_wconf 84' lang='grc' dir='ltr'>σεληνιακὺς</span> <span class='ocrx_word' id='word_1_419' title='bbox 3612 3025 3713 3096; x_wconf 74' lang='grc' dir='ltr'>μὴν</span> 
     </span>
    </p>
   </div>
   <div class='ocr_carea' id='block_1_55' title="bbox 464 3095 2023 3195">
    <p class='ocr_par' dir='ltr' id='par_1_55' title="bbox 464 3095 2023 3166">
     <span class='ocr_line' id='line_1_56' title="bbox 464 3095 2023 3166; baseline -0.005 -9"><span class='ocrx_word' id='word_1_420' title='bbox 464 3101 660 3157; x_wconf 90' lang='lat' dir='ltr'><strong>diebus</strong></span> <span class='ocrx_word' id='word_1_421' title='bbox 687 3101 905 3154; x_wconf 89' lang='lat' dir='ltr'><strong>circiter</strong></span> <span class='ocrx_word' id='word_1_422' title='bbox 933 3106 1146 3155; x_wconf 88' lang='lat' dir='ltr'><strong>constat</strong></span> <span class='ocrx_word' id='word_1_423' title='bbox 1168 3111 1296 3152; x_wconf 80' lang='lat' dir='ltr'><strong>xxix</strong></span> <span class='ocrx_word' id='word_1_424' title='bbox 1316 3095 1438 3166; x_wconf 69' lang='lat'><strong>1/2,</strong></span> <span class='ocrx_word' id='word_1_425' title='bbox 1465 3095 1738 3166; x_wconf 90' lang='lat' dir='ltr'><strong>sesquidie</strong></span> <span class='ocrx_word' id='word_1_426' title='bbox 1767 3095 2023 3149; x_wconf 82' lang='lat' dir='ltr'><strong>minoren.</strong></span> 
     </span>
    </p>
   </div>
   <div class='ocr_carea' id='block_1_56' title="bbox 2152 3095 3711 3195">
    <p class='ocr_par' dir='ltr' id='par_1_56' title="bbox 2152 3095 3711 3192">
     <span class='ocr_line' id='line_1_57' title="bbox 2152 3095 3711 3192; baseline 0.003 -25"><span class='ocrx_word' id='word_1_427' title='bbox 2152 3114 2348 3186; x_wconf 62' lang='grc' dir='ltr'><strong>ιιμέραν</strong></span> <span class='ocrx_word' id='word_1_428' title='bbox 2391 3115 2474 3168; x_wconf 80' lang='grc' dir='ltr'>κθ¹</span> <span class='ocrx_word' id='word_1_429' title='bbox 2507 3114 2572 3170; x_wconf 88' lang='lat' dir='ltr'><strong>S&quot;</strong></span> <span class='ocrx_word' id='word_1_430' title='bbox 2593 3115 2818 3185; x_wconf 80' lang='grc' dir='ltr'>ἔγγιστα</span> <span class='ocrx_word' id='word_1_431' title='bbox 2865 3117 3130 3192; x_wconf 80' lang='grc' dir='ltr'>περιέχει,</span> <span class='ocrx_word' id='word_1_432' title='bbox 3177 3117 3283 3172; x_wconf 88' lang='grc' dir='ltr'><strong>τῶν</strong></span> <span class='ocrx_word' id='word_1_433' title='bbox 3330 3095 3432 3189; x_wconf 68' lang='grc' dir='ltr'><strong>μέν</strong></span> <span class='ocrx_word' id='word_1_434' title='bbox 3481 3095 3711 3189; x_wconf 71' lang='grc' dir='ltr'>ἐχόντων</span> 
     </span>
    </p>
   </div>
   <div class='ocr_carea' id='block_1_57' title="bbox 463 3185 2022 3282">
    <p class='ocr_par' dir='ltr' id='par_1_57' title="bbox 463 3185 2022 3261">
     <span class='ocr_line' id='line_1_58' title="bbox 463 3185 2022 3261; baseline -0.005 -14"><span class='ocrx_word' id='word_1_435' title='bbox 463 3192 532 3249; x_wconf 91' lang='lat' dir='ltr'><strong>iis</strong></span> <span class='ocrx_word' id='word_1_436' title='bbox 563 3207 714 3256; x_wconf 87' lang='lat' dir='ltr'><strong>esse,</strong></span> <span class='ocrx_word' id='word_1_437' title='bbox 746 3192 946 3261; x_wconf 89' lang='lat' dir='ltr'><strong>quibus</strong></span> <span class='ocrx_word' id='word_1_438' title='bbox 993 3191 1110 3247; x_wconf 91' lang='lat' dir='ltr'><strong>dies</strong></span> <span class='ocrx_word' id='word_1_439' title='bbox 1162 3205 1289 3243; x_wconf 67' lang='lat' dir='ltr'><strong>xxx:</strong></span> <span class='ocrx_word' id='word_1_440' title='bbox 1337 3196 1692 3258; x_wconf 85' lang='lat' dir='ltr'><strong>competunt;</strong></span> <span class='ocrx_word' id='word_1_441' title='bbox 1747 3185 2022 3241; x_wconf 77' lang='lat' dir='ltr'><strong>dimidiato</strong></span> 
     </span>
    </p>
   </div>
   <div class='ocr_carea' id='block_1_58' title="bbox 2149 3185 3708 3282">
    <p class='ocr_par' dir='ltr' id='par_1_58' title="bbox 2149 3185 3708 3282">
     <span class='ocr_line' id='line_1_59' title="bbox 2149 3185 3708 3282; baseline 0.003 -23"><span class='ocrx_word' id='word_1_442' title='bbox 2149 3185 2218 3260; x_wconf 68' lang='grc' dir='ltr'>ία¹</span> <span class='ocrx_word' id='word_1_443' title='bbox 2243 3206 2456 3281; x_wconf 87' lang='grc' dir='ltr'>ἡμέρας</span> <span class='ocrx_word' id='word_1_444' title='bbox 2487 3209 2692 3280; x_wconf 85' lang='grc' dir='ltr'>μηνῶν,</span> <span class='ocrx_word' id='word_1_445' title='bbox 2728 3185 2953 3281; x_wconf 27' lang='grc' dir='ltr'>μιᾷηκαὶ-</span> <span class='ocrx_word' id='word_1_446' title='bbox 2990 3185 3058 3263; x_wconf 56' lang='lat' dir='ltr'><strong>S;</strong></span> <span class='ocrx_word' id='word_1_447' title='bbox 3083 3210 3268 3282; x_wconf 74' lang='grc' dir='ltr'>ἡμέρᾳ</span> <span class='ocrx_word' id='word_1_448' title='bbox 3306 3185 3574 3274; x_wconf 79' lang='grc' dir='ltr'>λείπεται,</span> <span class='ocrx_word' id='word_1_449' title='bbox 3607 3213 3708 3266; x_wconf 83' lang='grc' dir='ltr'><strong>τῶν</strong></span> 
     </span>
    </p>
   </div>
   <div class='ocr_carea' id='block_1_59' title="bbox 462 3279 2021 3373">
    <p class='ocr_par' dir='ltr' id='par_1_59' title="bbox 462 3279 2021 3350">
     <span class='ocr_line' id='line_1_60' title="bbox 462 3279 2021 3350; baseline -0.003 -12"><span class='ocrx_word' id='word_1_450' title='bbox 462 3299 592 3340; x_wconf 83' lang='lat' dir='ltr'><strong>vero</strong></span> <span class='ocrx_word' id='word_1_451' title='bbox 621 3284 804 3339; x_wconf 91' lang='lat' dir='ltr'><strong>minus</strong></span> <span class='ocrx_word' id='word_1_452' title='bbox 835 3282 943 3336; x_wconf 93' lang='lat' dir='ltr'><strong>illis</strong></span> <span class='ocrx_word' id='word_1_453' title='bbox 986 3281 1223 3346; x_wconf 88' lang='lat' dir='ltr'><strong>habere,</strong></span> <span class='ocrx_word' id='word_1_454' title='bbox 1275 3281 1367 3350; x_wconf 91' lang='lat' dir='ltr'><strong>qni</strong></span> <span class='ocrx_word' id='word_1_455' title='bbox 1420 3279 1700 3335; x_wconf 89' lang='lat' dir='ltr'><strong>tricenarii</strong></span> <span class='ocrx_word' id='word_1_456' title='bbox 1754 3286 1919 3342; x_wconf 89' lang='lat' dir='ltr'><strong>sunt;</strong></span> <span class='ocrx_word' id='word_1_457' title='bbox 1969 3293 2021 3334; x_wconf 77' lang='lat' dir='ltr'><strong>ac</strong></span> 
     </span>
    </p>
   </div>
   <div class='ocr_carea' id='block_1_60' title="bbox 2147 3279 3706 3373">
    <p class='ocr_par' dir='ltr' id='par_1_60' title="bbox 2147 3279 3706 3373">
     <span class='ocr_line' id='line_1_61' title="bbox 2147 3279 3706 3373; baseline 0.001 -21"><span class='ocrx_word' id='word_1_458' title='bbox 2147 3298 2190 3352; x_wconf 63' lang='grc' dir='ltr'><strong>δὲ</strong></span> <span class='ocrx_word' id='word_1_459' title='bbox 2233 3300 2299 3364; x_wconf 87' lang='grc' dir='ltr'>λ’,</span> <span class='ocrx_word' id='word_1_460' title='bbox 2334 3279 2432 3354; x_wconf 75' lang='lat' dir='ltr'><strong>S&#39;“</strong></span> <span class='ocrx_word' id='word_1_461' title='bbox 2474 3279 2567 3354; x_wconf 82' lang='grc' dir='ltr'>καὶ</span> <span class='ocrx_word' id='word_1_462' title='bbox 2603 3300 2692 3355; x_wconf 84' lang='grc' dir='ltr'><strong>διὰ</strong></span> <span class='ocrx_word' id='word_1_463' title='bbox 2731 3279 2893 3355; x_wconf 82' lang='grc' dir='ltr'>τοῦτο</span> <span class='ocrx_word' id='word_1_464' title='bbox 2931 3300 3029 3372; x_wconf 83' lang='grc' dir='ltr'>τὴν</span> <span class='ocrx_word' id='word_1_465' title='bbox 3072 3279 3466 3372; x_wconf 72' lang='grc' dir='ltr'>λοιπαζομένην</span> <span class='ocrx_word' id='word_1_466' title='bbox 3506 3301 3706 3373; x_wconf 84' lang='grc' dir='ltr'>ταύτην</span> 
     </span>
    </p>
   </div>
   <div class='ocr_carea' id='block_1_61' title="bbox 461 3370 2020 3464">
    <p class='ocr_par' dir='ltr' id='par_1_61' title="bbox 461 3370 2020 3446">
     <span class='ocr_line' id='line_1_62' title="bbox 461 3370 2020 3446; baseline -0.001 -20"><span class='ocrx_word' id='word_1_467' title='bbox 461 3383 748 3446; x_wconf 83' lang='lat' dir='ltr'><strong>pmpterea</strong></span> <span class='ocrx_word' id='word_1_468' title='bbox 781 3373 924 3428; x_wconf 90' lang='lat' dir='ltr'><strong>diem</strong></span> <span class='ocrx_word' id='word_1_469' title='bbox 958 3373 1110 3426; x_wconf 94' lang='lat' dir='ltr'><strong>illum</strong></span> <span class='ocrx_word' id='word_1_470' title='bbox 1143 3386 1266 3426; x_wconf 92' lang='lat' dir='ltr'><strong>cum</strong></span> <span class='ocrx_word' id='word_1_471' title='bbox 1303 3371 1529 3426; x_wconf 90' lang='lat' dir='ltr'><strong>dimidio</strong></span> <span class='ocrx_word' id='word_1_472' title='bbox 1550 3410 1565 3437; x_wconf 92' lang='lat'><strong>,</strong></span> <span class='ocrx_word' id='word_1_473' title='bbox 1616 3371 1702 3426; x_wconf 74' lang='lat' dir='ltr'><strong>vel</strong></span> <span class='ocrx_word' id='word_1_474' title='bbox 1746 3370 2020 3425; x_wconf 88' lang='lat' dir='ltr'><strong>dimidium</strong></span> 
     </span>
    </p>
   </div>
   <div class='ocr_carea' id='block_1_62' title="bbox 2147 3370 3706 3464">
    <p class='ocr_par' dir='ltr' id='par_1_62' title="bbox 2147 3370 3706 3464">
     <span class='ocr_line' id='line_1_63' title="bbox 2147 3370 3706 3464; baseline 0.001 -21"><span class='ocrx_word' id='word_1_475' title='bbox 2147 3396 2182 3442; x_wconf 80' lang='grc' dir='ltr'>ι’</span> <span class='ocrx_word' id='word_1_476' title='bbox 2219 3390 2361 3462; x_wconf 71' lang='grc' dir='ltr'><strong>δ”,ἦ</strong></span> <span class='ocrx_word' id='word_1_477' title='bbox 2393 3389 2459 3444; x_wconf 90' lang='lat' dir='ltr'><strong>S&quot;</strong></span> <span class='ocrx_word' id='word_1_478' title='bbox 2485 3391 2700 3463; x_wconf 82' lang='grc' dir='ltr'>ἡμέραν</span> <span class='ocrx_word' id='word_1_479' title='bbox 2733 3394 2854 3456; x_wconf 85' lang='grc' dir='ltr'>ταῖς</span> <span class='ocrx_word' id='word_1_480' title='bbox 2896 3370 2996 3445; x_wconf 85' lang='grc' dir='ltr'><strong>τοῦ</strong></span> <span class='ocrx_word' id='word_1_481' title='bbox 3034 3391 3231 3462; x_wconf 79' lang='grc' dir='ltr'>ἐφεξῆς</span> <span class='ocrx_word' id='word_1_482' title='bbox 3266 3370 3432 3463; x_wconf 74' lang='grc' dir='ltr'>μηνὸς</span> <span class='ocrx_word' id='word_1_483' title='bbox 3472 3370 3706 3464; x_wconf 78' lang='grc' dir='ltr'>ἡμέραις</span> 
     </span>
    </p>
   </div>
   <div class='ocr_carea' id='block_1_63' title="bbox 460 3459 2019 3554">
    <p class='ocr_par' dir='ltr' id='par_1_63' title="bbox 460 3459 2019 3542">
     <span class='ocr_line' id='line_1_64' title="bbox 460 3459 2019 3542; baseline -0.004 -21"><span class='ocrx_word' id='word_1_484' title='bbox 460 3467 673 3542; x_wconf 79' lang='lat' dir='ltr'><strong>solum,</strong></span> <span class='ocrx_word' id='word_1_485' title='bbox 718 3463 1057 3534; x_wconf 88' lang='lat' dir='ltr'><strong>insequentis</strong></span> <span class='ocrx_word' id='word_1_486' title='bbox 1097 3463 1301 3518; x_wconf 88' lang='lat' dir='ltr'><strong>mensis</strong></span> <span class='ocrx_word' id='word_1_487' title='bbox 1334 3461 1527 3516; x_wconf 90' lang='lat' dir='ltr'><strong>diebus</strong></span> <span class='ocrx_word' id='word_1_488' title='bbox 1550 3501 1565 3526; x_wconf 92' lang='lat'><strong>,</strong></span> <span class='ocrx_word' id='word_1_489' title='bbox 1603 3475 1774 3531; x_wconf 91' lang='lat' dir='ltr'><strong>usque</strong></span> <span class='ocrx_word' id='word_1_490' title='bbox 1807 3459 1874 3514; x_wconf 88' lang='lat' dir='ltr'><strong>ad</strong></span> <span class='ocrx_word' id='word_1_491' title='bbox 1905 3475 2019 3530; x_wconf 70' lang='lat' dir='ltr'><strong>pro«</strong></span> 
     </span>
    </p>
   </div>
   <div class='ocr_carea' id='block_1_64' title="bbox 2146 3459 3705 3554">
    <p class='ocr_par' dir='ltr' id='par_1_64' title="bbox 2146 3459 3705 3554">
     <span class='ocr_line' id='line_1_65' title="bbox 2146 3459 3705 3554; baseline 0.001 -19"><span class='ocrx_word' id='word_1_492' title='bbox 2146 3481 2259 3554; x_wconf 70' lang='grc' dir='ltr'>ίχρι</span> <span class='ocrx_word' id='word_1_493' title='bbox 2315 3459 2408 3536; x_wconf 69' lang='grc' dir='ltr'>καὶ</span> <span class='ocrx_word' id='word_1_494' title='bbox 2593 3459 2932 3554; x_wconf 65' lang='grc' dir='ltr'>ζητουμένης</span> <span class='ocrx_word' id='word_1_495' title='bbox 2986 3459 3338 3554; x_wconf 47' lang='grc' dir='ltr'>συντίθεμενί</span> <span class='ocrx_word' id='word_1_496' title='bbox 3385 3459 3705 3538; x_wconf 25' lang='grc' dir='ltr'>Καὶ-*τοῦτο</span> 
     </span>
    </p>
   </div>
   <div class='ocr_carea' id='block_1_65' title="bbox 459 3550 2018 3647">
    <p class='ocr_par' dir='ltr' id='par_1_65' title="bbox 459 3550 2018 3628">
     <span class='ocr_line' id='line_1_66' title="bbox 459 3550 2018 3628; baseline -0.002 -16"><span class='ocrx_word' id='word_1_497' title='bbox 459 3558 734 3628; x_wconf 87' lang='lat' dir='ltr'><strong>positum,</strong></span> <span class='ocrx_word' id='word_1_498' title='bbox 785 3555 1158 3625; x_wconf 82' lang='lat' dir='ltr'><strong>adjungimus.</strong></span> <span class='ocrx_word' id='word_1_499' title='bbox 1221 3552 1377 3620; x_wconf 87' lang='lat' dir='ltr'><strong>Quod</strong></span> <span class='ocrx_word' id='word_1_500' title='bbox 1429 3553 1571 3608; x_wconf 88' lang='lat' dir='ltr'><strong>idem</strong></span> <span class='ocrx_word' id='word_1_501' title='bbox 1626 3552 1681 3607; x_wconf 91' lang='lat' dir='ltr'><strong>in</strong></span> <span class='ocrx_word' id='word_1_502' title='bbox 1733 3550 2018 3609; x_wconf 83' lang='lat' dir='ltr'><strong>Fcbruaric</strong></span> 
     </span>
    </p>
   </div>
   <div class='ocr_carea' id='block_1_66' title="bbox 2144 3550 3703 3647">
    <p class='ocr_par' dir='ltr' id='par_1_66' title="bbox 2144 3550 3703 3647">
     <span class='ocr_line' id='line_1_67' title="bbox 2144 3550 3703 3647; baseline 0.003 -21"><span class='ocrx_word' id='word_1_503' title='bbox 2144 3550 2398 3644; x_wconf 31' lang='grc' dir='ltr'>Ξί-ύμοίως</span> <span class='ocrx_word' id='word_1_504' title='bbox 2419 3550 2520 3628; x_wconf 82' lang='grc' dir='ltr'><strong>κάν</strong></span> <span class='ocrx_word' id='word_1_505' title='bbox 2556 3573 2632 3643; x_wconf 85' lang='grc' dir='ltr'>τῷ</span> <span class='ocrx_word' id='word_1_506' title='bbox 2648 3550 3000 3646; x_wconf 36' lang='grc' dir='ltr'>-Φεϐρουαρίῳ</span> <span class='ocrx_word' id='word_1_507' title='bbox 3026 3550 3302 3647; x_wconf 79' lang='grc' dir='ltr'>ποιοῦμεν,</span> <span class='ocrx_word' id='word_1_508' title='bbox 3331 3575 3430 3646; x_wconf 78' lang='grc' dir='ltr'>τὴν</span> <span class='ocrx_word' id='word_1_509' title='bbox 3457 3575 3703 3641; x_wconf 82' lang='grc' dir='ltr'>λοιπαζο-</span> 
     </span>
    </p>
   </div>
   <div class='ocr_carea' id='block_1_67' title="bbox 457 3644 2016 3739">
    <p class='ocr_par' dir='ltr' id='par_1_67' title="bbox 457 3644 2016 3719">
     <span class='ocr_line' id='line_1_68' title="bbox 457 3644 2016 3719; baseline -0.002 -18"><span class='ocrx_word' id='word_1_510' title='bbox 457 3663 674 3719; x_wconf 80' lang='lat' dir='ltr'><strong>quoque</strong></span> <span class='ocrx_word' id='word_1_511' title='bbox 702 3649 760 3701; x_wconf 86' lang='lat' dir='ltr'><strong>iit</strong></span> <span class='ocrx_word' id='word_1_512' title='bbox 794 3664 808 3712; x_wconf 92' lang='lat'><strong>;</strong></span> <span class='ocrx_word' id='word_1_513' title='bbox 843 3646 1002 3716; x_wconf 91' lang='lat' dir='ltr'><strong>cujus</strong></span> <span class='ocrx_word' id='word_1_514' title='bbox 1031 3645 1222 3700; x_wconf 89' lang='lat' dir='ltr'><strong>diebus</strong></span> <span class='ocrx_word' id='word_1_515' title='bbox 1258 3645 1586 3714; x_wconf 90' lang='lat' dir='ltr'><strong>sesquidiem</strong></span> <span class='ocrx_word' id='word_1_516' title='bbox 1621 3644 1871 3699; x_wconf 91' lang='lat' dir='ltr'><strong>addimus</strong></span> <span class='ocrx_word' id='word_1_517' title='bbox 1903 3660 2016 3699; x_wconf 86' lang='lat' dir='ltr'><strong>eum</strong></span> 
     </span>
    </p>
   </div>
   <div class='ocr_carea' id='block_1_68' title="bbox 2142 3644 3701 3739">
    <p class='ocr_par' dir='ltr' id='par_1_68' title="bbox 2142 3644 3701 3739">
     <span class='ocr_line' id='line_1_69' title="bbox 2142 3644 3701 3739; baseline 0.003 -22"><span class='ocrx_word' id='word_1_518' title='bbox 2142 3664 2300 3735; x_wconf 82' lang='grc' dir='ltr'>μένην</span> <span class='ocrx_word' id='word_1_519' title='bbox 2329 3667 2386 3718; x_wconf 81' lang='grc' dir='ltr'>ὲν</span> <span class='ocrx_word' id='word_1_520' title='bbox 2413 3665 2489 3735; x_wconf 83' lang='grc' dir='ltr'>τῷ</span> <span class='ocrx_word' id='word_1_521' title='bbox 2526 3644 2836 3737; x_wconf 78' lang='grc' dir='ltr'>Ἰανουαρίῳ</span> <span class='ocrx_word' id='word_1_522' title='bbox 2869 3644 2916 3719; x_wconf 53' lang='grc' dir='ltr'>α)</span> <span class='ocrx_word' id='word_1_523' title='bbox 2949 3644 3013 3720; x_wconf 82' lang='lat' dir='ltr'><strong>S”</strong></span> <span class='ocrx_word' id='word_1_524' title='bbox 3053 3644 3264 3739; x_wconf 82' lang='grc' dir='ltr'>ἡμέραν</span> <span class='ocrx_word' id='word_1_525' title='bbox 3303 3644 3426 3730; x_wconf 76' lang='grc' dir='ltr'>ταίς</span> <span class='ocrx_word' id='word_1_526' title='bbox 3472 3667 3569 3720; x_wconf 88' lang='grc' dir='ltr'><strong>τοῦ</strong></span> <span class='ocrx_word' id='word_1_527' title='bbox 3606 3669 3701 3721; x_wconf 75' lang='grc' dir='ltr'><strong>Φε-</strong></span> 
     </span>
    </p>
   </div>
   <div class='ocr_carea' id='block_1_69' title="bbox 458 3733 2017 3829">
    <p class='ocr_par' dir='ltr' id='par_1_69' title="bbox 458 3733 2017 3808">
     <span class='ocr_line' id='line_1_70' title="bbox 458 3733 2017 3808; baseline -0.001 -16"><span class='ocrx_word' id='word_1_528' title='bbox 458 3739 551 3808; x_wconf 91' lang='lat' dir='ltr'><strong>qui</strong></span> <span class='ocrx_word' id='word_1_529' title='bbox 585 3739 651 3793; x_wconf 90' lang='lat' dir='ltr'><strong>de</strong></span> <span class='ocrx_word' id='word_1_530' title='bbox 687 3735 950 3793; x_wconf 78' lang='lat' dir='ltr'><strong>Januario</strong></span> <span class='ocrx_word' id='word_1_531' title='bbox 995 3736 1345 3807; x_wconf 87' lang='lat' dir='ltr'><strong>relinquitur.</strong></span> <span class='ocrx_word' id='word_1_532' title='bbox 1387 3734 1586 3792; x_wconf 80' lang='lat' dir='ltr'><strong>Verum</strong></span> <span class='ocrx_word' id='word_1_533' title='bbox 1622 3735 1748 3806; x_wconf 89' lang='lat' dir='ltr'><strong>quia</strong></span> <span class='ocrx_word' id='word_1_534' title='bbox 1781 3733 2017 3790; x_wconf 89' lang='lat' dir='ltr'><strong>Februa-</strong></span> 
     </span>
    </p>
   </div>
   <div class='ocr_carea' id='block_1_70' title="bbox 2139 3733 3698 3829">
    <p class='ocr_par' dir='ltr' id='par_1_70' title="bbox 2139 3733 3698 3829">
     <span class='ocr_line' id='line_1_71' title="bbox 2139 3733 3698 3829; baseline 0.002 -21"><span class='ocrx_word' id='word_1_535' title='bbox 2139 3733 2418 3827; x_wconf 12' lang='grc' dir='ltr'>ϐρουήαρίου</span> <span class='ocrx_word' id='word_1_536' title='bbox 2452 3733 2848 3829; x_wconf 79' lang='grc' dir='ltr'>προστιθέντες.</span> <span class='ocrx_word' id='word_1_537' title='bbox 2887 3755 3026 3810; x_wconf 82' lang='grc' dir='ltr'>Ἀλλ’</span> <span class='ocrx_word' id='word_1_538' title='bbox 3053 3733 3239 3828; x_wconf 63' lang='grc' dir='ltr'>ἐπειδὴ</span> <span class='ocrx_word' id='word_1_539' title='bbox 3265 3759 3292 3810; x_wconf 81' lang='grc' dir='ltr'>ὁ</span> <span class='ocrx_word' id='word_1_540' title='bbox 3317 3757 3698 3829; x_wconf 80' lang='grc' dir='ltr'>Φεϐρουάριος,</span> 
     </span>
    </p>
   </div>
   <div class='ocr_carea' id='block_1_71' title="bbox 458 3827 2017 3922">
    <p class='ocr_par' dir='ltr' id='par_1_71' title="bbox 458 3827 2017 3899">
     <span class='ocr_line' id='line_1_72' title="bbox 458 3827 2017 3899; baseline -0.001 -17"><span class='ocrx_word' id='word_1_541' title='bbox 458 3831 576 3884; x_wconf 90' lang='lat' dir='ltr'><strong>rius</strong></span> <span class='ocrx_word' id='word_1_542' title='bbox 611 3829 771 3899; x_wconf 82' lang='lat'><strong>200</strong></span> <span class='ocrx_word' id='word_1_543' title='bbox 804 3837 930 3883; x_wconf 90' lang='lat' dir='ltr'><strong>octo</strong></span> <span class='ocrx_word' id='word_1_544' title='bbox 962 3837 1016 3884; x_wconf 92' lang='lat' dir='ltr'><strong>et</strong></span> <span class='ocrx_word' id='word_1_545' title='bbox 1046 3827 1235 3899; x_wconf 82' lang='lat' dir='ltr'><strong>viginti</strong></span> <span class='ocrx_word' id='word_1_546' title='bbox 1270 3827 1389 3884; x_wconf 90' lang='lat' dir='ltr'><strong>dies</strong></span> <span class='ocrx_word' id='word_1_547' title='bbox 1423 3827 1662 3892; x_wconf 81' lang='lat' dir='ltr'><strong>habens,</strong></span> <span class='ocrx_word' id='word_1_548' title='bbox 1696 3827 2017 3897; x_wconf 86' lang='lat' dir='ltr'><strong>sesquidiem</strong></span> 
     </span>
    </p>
   </div>
   <div class='ocr_carea' id='block_1_72' title="bbox 2140 3827 3699 3922">
    <p class='ocr_par' dir='ltr' id='par_1_72' title="bbox 2140 3827 3699 3922">
     <span class='ocr_line' id='line_1_73' title="bbox 2140 3827 3699 3922; baseline 0.002 -20"><span class='ocrx_word' id='word_1_549' title='bbox 2140 3855 2217 3919; x_wconf 79' lang='grc' dir='ltr'>κη’</span> <span class='ocrx_word' id='word_1_550' title='bbox 2274 3827 2508 3919; x_wconf 77' lang='grc' dir='ltr'>ἡμερῶν</span> <span class='ocrx_word' id='word_1_551' title='bbox 2540 3849 2831 3920; x_wconf 84' lang='grc' dir='ltr'>ὑπάρχων,</span> <span class='ocrx_word' id='word_1_552' title='bbox 2871 3848 3117 3904; x_wconf 89' lang='grc' dir='ltr'>λείπεται</span> <span class='ocrx_word' id='word_1_553' title='bbox 3182 3827 3376 3922; x_wconf 69' lang='grc' dir='ltr'>μᾶλλον</span> <span class='ocrx_word' id='word_1_554' title='bbox 3417 3827 3585 3916; x_wconf 20' lang='grc' dir='ltr'>οὗτος*</span> <span class='ocrx_word' id='word_1_555' title='bbox 3611 3852 3699 3907; x_wconf 87' lang='grc' dir='ltr'><strong>τοῦ</strong></span> 
     </span>
    </p>
   </div>
   <div class='ocr_carea' id='block_1_73' title="bbox 446 3919 2005 4012">
    <p class='ocr_par' dir='ltr' id='par_1_73' title="bbox 446 3919 2005 3989">
     <span class='ocr_line' id='line_1_74' title="bbox 446 3919 2005 3989; baseline -0.001 -15"><span class='ocrx_word' id='word_1_556' title='bbox 446 3921 637 3989; x_wconf 81' lang='lat' dir='ltr'><strong>potius</strong></span> <span class='ocrx_word' id='word_1_557' title='bbox 691 3921 759 3974; x_wconf 92' lang='lat' dir='ltr'><strong>ab</strong></span> <span class='ocrx_word' id='word_1_558' title='bbox 811 3921 989 3974; x_wconf 88' lang='lat' dir='ltr'><strong>lunari</strong></span> <span class='ocrx_word' id='word_1_559' title='bbox 1031 3936 1218 3976; x_wconf 90' lang='lat' dir='ltr'><strong>mense</strong></span> <span class='ocrx_word' id='word_1_560' title='bbox 1250 3919 1473 3984; x_wconf 91' lang='lat' dir='ltr'><strong>deﬁcit;</strong></span> <span class='ocrx_word' id='word_1_561' title='bbox 1509 3919 1631 3974; x_wconf 88' lang='lat' dir='ltr'><strong>ideo</strong></span> <span class='ocrx_word' id='word_1_562' title='bbox 1682 3934 1806 3973; x_wconf 92' lang='lat' dir='ltr'><strong>cum</strong></span> <span class='ocrx_word' id='word_1_563' title='bbox 1837 3933 2005 3988; x_wconf 78' lang='lat' dir='ltr'><strong>super</strong></span> 
     </span>
    </p>
   </div>
   <div class='ocr_carea' id='block_1_74' title="bbox 2136 3919 3695 4012">
    <p class='ocr_par' dir='ltr' id='par_1_74' title="bbox 2136 3919 3695 4012">
     <span class='ocr_line' id='line_1_75' title="bbox 2136 3919 3695 4012; baseline 0.004 -22"><span class='ocrx_word' id='word_1_564' title='bbox 2136 3939 2446 4008; x_wconf 81' lang='grc' dir='ltr'>σεληνιακοῦ</span> <span class='ocrx_word' id='word_1_565' title='bbox 2472 3939 2639 4010; x_wconf 85' lang='grc' dir='ltr'>μηνὸς</span> <span class='ocrx_word' id='word_1_566' title='bbox 2709 3919 2774 4011; x_wconf 86' lang='grc' dir='ltr'><strong>μέ</strong></span> <span class='ocrx_word' id='word_1_567' title='bbox 2785 3957 2850 4011; x_wconf 82' lang='grc' dir='ltr'><strong>ρᾳ</strong></span> <span class='ocrx_word' id='word_1_568' title='bbox 2873 3946 2921 3993; x_wconf 91' lang='grc' dir='ltr'>α’</span> <span class='ocrx_word' id='word_1_569' title='bbox 2950 3937 3034 4006; x_wconf 86' lang='lat' dir='ltr'><strong>S&quot;,</strong></span> <span class='ocrx_word' id='word_1_570' title='bbox 3069 3939 3156 3993; x_wconf 84' lang='grc' dir='ltr'>διὰ</span> <span class='ocrx_word' id='word_1_571' title='bbox 3175 3919 3328 3994; x_wconf 84' lang='grc' dir='ltr'>τοῦτο</span> <span class='ocrx_word' id='word_1_572' title='bbox 3347 3941 3446 4012; x_wconf 89' lang='grc' dir='ltr'><strong>τῆς</strong></span> <span class='ocrx_word' id='word_1_573' title='bbox 3463 3941 3562 3995; x_wconf 87' lang='grc' dir='ltr'><strong>τοῦ</strong></span> <span class='ocrx_word' id='word_1_574' title='bbox 3598 3945 3695 3997; x_wconf 84' lang='grc' dir='ltr'><strong>Ἰα-</strong></span> 
     </span>
    </p>
   </div>
   <div class='ocr_carea' id='block_1_75' title="bbox 452 4007 2011 4104">
    <p class='ocr_par' dir='ltr' id='par_1_75' title="bbox 452 4007 2011 4080">
     <span class='ocr_line' id='line_1_76' title="bbox 452 4007 2011 4080; baseline 0 -16"><span class='ocrx_word' id='word_1_575' title='bbox 452 4011 596 4066; x_wconf 85' lang='lat' dir='ltr'><strong>ﬁuus</strong></span> <span class='ocrx_word' id='word_1_576' title='bbox 627 4014 694 4066; x_wconf 89' lang='lat' dir='ltr'><strong>de</strong></span> <span class='ocrx_word' id='word_1_577' title='bbox 720 4009 981 4065; x_wconf 84' lang='lat' dir='ltr'><strong>Januario</strong></span> <span class='ocrx_word' id='word_1_578' title='bbox 1010 4011 1127 4066; x_wconf 88' lang='lat' dir='ltr'><strong>dies</strong></span> <span class='ocrx_word' id='word_1_579' title='bbox 1161 4027 1283 4064; x_wconf 89' lang='lat' dir='ltr'><strong>cum</strong></span> <span class='ocrx_word' id='word_1_580' title='bbox 1318 4011 1542 4066; x_wconf 87' lang='lat' dir='ltr'><strong>dimidio</strong></span> <span class='ocrx_word' id='word_1_581' title='bbox 1571 4009 1715 4080; x_wconf 91' lang='lat' dir='ltr'><strong>quod</strong></span> <span class='ocrx_word' id='word_1_582' title='bbox 1746 4009 1897 4064; x_wconf 90' lang='lat' dir='ltr'><strong>deest</strong></span> <span class='ocrx_word' id='word_1_583' title='bbox 1918 4007 2011 4064; x_wconf 89' lang='lat' dir='ltr'><strong>Fe-</strong></span> 
     </span>
    </p>
   </div>
   <div class='ocr_carea' id='block_1_76' title="bbox 2137 4007 3696 4104">
    <p class='ocr_par' dir='ltr' id='par_1_76' title="bbox 2137 4007 3696 4104">
     <span class='ocr_line' id='line_1_77' title="bbox 2137 4007 3696 4104; baseline 0.003 -22"><span class='ocrx_word' id='word_1_584' title='bbox 2137 4007 2373 4101; x_wconf 78' lang='grc' dir='ltr'>νουαρίου</span> <span class='ocrx_word' id='word_1_585' title='bbox 2409 4007 2838 4103; x_wconf 24' lang='grc' dir='ltr'>πενριττευονύσης-</span> <span class='ocrx_word' id='word_1_586' title='bbox 2872 4037 2920 4084; x_wconf 83' lang='grc' dir='ltr'>α’</span> <span class='ocrx_word' id='word_1_587' title='bbox 2959 4032 3051 4084; x_wconf 74' lang='grc' dir='ltr'><strong>καὶ</strong></span> <span class='ocrx_word' id='word_1_588' title='bbox 3089 4030 3153 4086; x_wconf 84' lang='lat' dir='ltr'><strong>S”</strong></span> <span class='ocrx_word' id='word_1_589' title='bbox 3182 4007 3696 4104; x_wconf 76' lang='grc' dir='ltr'>ἀνταναπληρούσης</span> 
     </span>
    </p>
   </div>
   <div class='ocr_carea' id='block_1_77' title="bbox 451 4101 2010 4191">
    <p class='ocr_par' dir='ltr' id='par_1_77' title="bbox 451 4101 2010 4172">
     <span class='ocr_line' id='line_1_78' title="bbox 451 4101 2010 4172; baseline -0.003 -16"><span class='ocrx_word' id='word_1_590' title='bbox 451 4101 674 4156; x_wconf 88' lang='lat' dir='ltr'><strong>bruario</strong></span> <span class='ocrx_word' id='word_1_591' title='bbox 705 4107 1016 4172; x_wconf 89' lang='lat' dir='ltr'><strong>compensct</strong></span> <span class='ocrx_word' id='word_1_592' title='bbox 1037 4141 1052 4165; x_wconf 92' lang='lat'><strong>,</strong></span> <span class='ocrx_word' id='word_1_593' title='bbox 1083 4101 1215 4155; x_wconf 87' lang='lat' dir='ltr'><strong>nihil</strong></span> <span class='ocrx_word' id='word_1_594' title='bbox 1245 4101 1311 4156; x_wconf 91' lang='lat' dir='ltr'><strong>ad</strong></span> <span class='ocrx_word' id='word_1_595' title='bbox 1341 4101 1516 4155; x_wconf 83' lang='lat' dir='ltr'><strong>Martii</strong></span> <span class='ocrx_word' id='word_1_596' title='bbox 1551 4101 1667 4156; x_wconf 91' lang='lat' dir='ltr'><strong>dies</strong></span> <span class='ocrx_word' id='word_1_597' title='bbox 1693 4101 1900 4156; x_wconf 89' lang='lat' dir='ltr'><strong>accedit</strong></span> <span class='ocrx_word' id='word_1_598' title='bbox 1927 4119 1939 4156; x_wconf 94' lang='lat'>:</span> <span class='ocrx_word' id='word_1_599' title='bbox 1971 4111 2010 4158; x_wconf 81' lang='lat' dir='ltr'><strong>el</strong></span> 
     </span>
    </p>
   </div>
   <div class='ocr_carea' id='block_1_78' title="bbox 2134 4101 3693 4191">
    <p class='ocr_par' dir='ltr' id='par_1_78' title="bbox 2134 4101 3693 4191">
     <span class='ocr_line' id='line_1_79' title="bbox 2134 4101 3693 4191; baseline 0 -19"><span class='ocrx_word' id='word_1_600' title='bbox 2134 4119 2221 4191; x_wconf 74' lang='grc' dir='ltr'><strong>τὴν</strong></span> <span class='ocrx_word' id='word_1_601' title='bbox 2255 4119 2348 4173; x_wconf 91' lang='grc' dir='ltr'><strong>τοῦ</strong></span> <span class='ocrx_word' id='word_1_602' title='bbox 2373 4120 2735 4191; x_wconf 85' lang='grc' dir='ltr'>Φεϐρουαρίου</span> <span class='ocrx_word' id='word_1_603' title='bbox 2765 4101 3125 4182; x_wconf 79' lang='grc' dir='ltr'>λοιπάζουσαν</span> <span class='ocrx_word' id='word_1_604' title='bbox 3144 4136 3156 4149; x_wconf 89' lang='grc'><strong>·</strong></span> <span class='ocrx_word' id='word_1_605' title='bbox 3184 4123 3304 4183; x_wconf 86' lang='grc' dir='ltr'>ταῖς</span> <span class='ocrx_word' id='word_1_606' title='bbox 3327 4119 3423 4173; x_wconf 91' lang='grc' dir='ltr'><strong>τοῦ</strong></span> <span class='ocrx_word' id='word_1_607' title='bbox 3452 4101 3693 4190; x_wconf 67' lang='grc' dir='ltr'>Μαρτίου</span> 
     </span>
    </p>
   </div>
   <div class='ocr_carea' id='block_1_79' title="bbox 454 4193 2013 4280">
    <p class='ocr_par' dir='ltr' id='par_1_79' title="bbox 454 4193 2013 4266">
     <span class='ocr_line' id='line_1_80' title="bbox 454 4193 2013 4266; baseline 0.003 -19"><span class='ocrx_word' id='word_1_608' title='bbox 454 4193 522 4248; x_wconf 91' lang='lat' dir='ltr'><strong>iis</strong></span> <span class='ocrx_word' id='word_1_609' title='bbox 552 4194 792 4249; x_wconf 88' lang='lat' dir='ltr'><strong>contenti</strong></span> <span class='ocrx_word' id='word_1_610' title='bbox 815 4202 1034 4265; x_wconf 88' lang='lat' dir='ltr'><strong>cpactas</strong></span> <span class='ocrx_word' id='word_1_611' title='bbox 1070 4195 1217 4250; x_wconf 91' lang='lat' dir='ltr'><strong>solas</strong></span> <span class='ocrx_word' id='word_1_612' title='bbox 1248 4195 1315 4248; x_wconf 89' lang='lat' dir='ltr'><strong>ad</strong></span> <span class='ocrx_word' id='word_1_613' title='bbox 1347 4194 1400 4249; x_wconf 92' lang='lat' dir='ltr'><strong>id</strong></span> <span class='ocrx_word' id='word_1_614' title='bbox 1429 4195 1845 4260; x_wconf 86' lang='lat' dir='ltr'><strong>inveniendum,</strong></span> <span class='ocrx_word' id='word_1_615' title='bbox 1876 4196 2013 4266; x_wconf 88' lang='lat' dir='ltr'><strong>quod</strong></span> 
     </span>
    </p>
   </div>
   <div class='ocr_carea' id='block_1_80' title="bbox 2134 4193 3693 4280">
    <p class='ocr_par' dir='ltr' id='par_1_80' title="bbox 2134 4207 3693 4280">
     <span class='ocr_line' id='line_1_81' title="bbox 2134 4207 3693 4280; baseline 0 -20"><span class='ocrx_word' id='word_1_616' title='bbox 2134 4208 2358 4280; x_wconf 81' lang='grc' dir='ltr'>ἡμέραις</span> <span class='ocrx_word' id='word_1_617' title='bbox 2390 4208 2541 4262; x_wconf 84' lang='grc' dir='ltr'>οὐδέν</span> <span class='ocrx_word' id='word_1_618' title='bbox 2578 4225 2630 4261; x_wconf 90' lang='grc' dir='ltr'><strong>τι</strong></span> <span class='ocrx_word' id='word_1_619' title='bbox 2672 4209 3066 4280; x_wconf 83' lang='grc' dir='ltr'>προστίθεμεν,</span> <span class='ocrx_word' id='word_1_620' title='bbox 3103 4207 3428 4279; x_wconf 86' lang='grc' dir='ltr'>ἀρκούμενοι</span> <span class='ocrx_word' id='word_1_621' title='bbox 3472 4208 3693 4274; x_wconf 85' lang='grc' dir='ltr'>ταύταις</span> 
     </span>
    </p>
   </div>
   <div class='ocr_carea' id='block_1_81' title="bbox 451 4283 2010 4368">
    <p class='ocr_par' dir='ltr' id='par_1_81' title="bbox 451 4283 2010 4358">
     <span class='ocr_line' id='line_1_82' title="bbox 451 4283 2010 4358; baseline 0.004 -21"><span class='ocrx_word' id='word_1_622' title='bbox 451 4283 733 4352; x_wconf 67' lang='lat' dir='ltr'><strong>qumritur,</strong></span> <span class='ocrx_word' id='word_1_623' title='bbox 754 4284 1227 4341; x_wconf 82' lang='lat' dir='ltr'><strong>accommodamus</strong></span> <span class='ocrx_word' id='word_1_624' title='bbox 1245 4303 1260 4351; x_wconf 85' lang='lat'><strong>;</strong></span> <span class='ocrx_word' id='word_1_625' title='bbox 1280 4293 1401 4356; x_wconf 90' lang='lat' dir='ltr'><strong>post</strong></span> <span class='ocrx_word' id='word_1_626' title='bbox 1419 4285 1667 4341; x_wconf 83' lang='lat' dir='ltr'><strong>Martium</strong></span> <span class='ocrx_word' id='word_1_627' title='bbox 1683 4301 1748 4342; x_wconf 89' lang='lat' dir='ltr'><strong>ac</strong></span> <span class='ocrx_word' id='word_1_628' title='bbox 1766 4286 2010 4358; x_wconf 72' lang='lat' dir='ltr'><strong>deinceps</strong></span> 
     </span>
    </p>
   </div>
   <div class='ocr_carea' id='block_1_82' title="bbox 2131 4283 3690 4368">
    <p class='ocr_par' dir='ltr' id='par_1_82' title="bbox 2131 4295 3690 4368">
     <span class='ocr_line' id='line_1_83' title="bbox 2131 4295 3690 4368; baseline 0.001 -19"><span class='ocrx_word' id='word_1_629' title='bbox 2131 4297 2222 4349; x_wconf 81' lang='grc' dir='ltr'><strong>σὺν</strong></span> <span class='ocrx_word' id='word_1_630' title='bbox 2248 4299 2312 4367; x_wconf 82' lang='grc' dir='ltr'><strong>τῇ</strong></span> <span class='ocrx_word' id='word_1_631' title='bbox 2343 4297 2624 4368; x_wconf 79' lang='grc' dir='ltr'>προσθήκῃ</span> <span class='ocrx_word' id='word_1_632' title='bbox 2649 4297 2758 4350; x_wconf 89' lang='grc' dir='ltr'><strong>τῶν</strong></span> <span class='ocrx_word' id='word_1_633' title='bbox 2785 4295 3062 4360; x_wconf 84' lang='grc' dir='ltr'>ὲπακτῶν,</span> <span class='ocrx_word' id='word_1_634' title='bbox 3107 4298 3186 4358; x_wconf 82' lang='grc' dir='ltr'><strong>είς</strong></span> <span class='ocrx_word' id='word_1_635' title='bbox 3227 4295 3441 4367; x_wconf 76' lang='grc' dir='ltr'>εὕρεσιν</span> <span class='ocrx_word' id='word_1_636' title='bbox 3472 4297 3569 4350; x_wconf 84' lang='grc' dir='ltr'><strong>τοῦ</strong></span> <span class='ocrx_word' id='word_1_637' title='bbox 3597 4297 3690 4368; x_wconf 79' lang='grc' dir='ltr'><strong>ζη-</strong></span> 
     </span>
    </p>
   </div>
   <div class='ocr_carea' id='block_1_83' title="bbox 449 4372 2008 4460">
    <p class='ocr_par' dir='ltr' id='par_1_83' title="bbox 449 4372 2008 4450">
     <span class='ocr_line' id='line_1_84' title="bbox 449 4372 2008 4450; baseline 0.004 -24"><span class='ocrx_word' id='word_1_638' title='bbox 449 4372 510 4426; x_wconf 87' lang='lat' dir='ltr'><strong>ﬁt</strong></span> <span class='ocrx_word' id='word_1_639' title='bbox 567 4372 736 4436; x_wconf 87' lang='lat' dir='ltr'><strong>illud,</strong></span> <span class='ocrx_word' id='word_1_640' title='bbox 787 4374 933 4443; x_wconf 91' lang='lat' dir='ltr'><strong>quod</strong></span> <span class='ocrx_word' id='word_1_641' title='bbox 989 4383 1151 4428; x_wconf 84' lang='lat' dir='ltr'><strong>antea</strong></span> <span class='ocrx_word' id='word_1_642' title='bbox 1207 4375 1664 4446; x_wconf 62' lang='lat' dir='ltr'><strong>praeseripsimus.</strong></span> <span class='ocrx_word' id='word_1_643' title='bbox 1721 4375 1834 4432; x_wconf 81' lang='lat' dir='ltr'><strong>Hoc</strong></span> <span class='ocrx_word' id='word_1_644' title='bbox 1888 4393 2008 4450; x_wconf 77' lang='lat' dir='ltr'><strong>ergo</strong></span> 
     </span>
    </p>
   </div>
   <div class='ocr_carea' id='block_1_84' title="bbox 2130 4372 3689 4460">
    <p class='ocr_par' dir='ltr' id='par_1_84' title="bbox 2130 4387 3689 4460">
     <span class='ocr_line' id='line_1_85' title="bbox 2130 4387 3689 4460; baseline 0.002 -21"><span class='ocrx_word' id='word_1_645' title='bbox 2130 4387 2400 4457; x_wconf 86' lang='grc' dir='ltr'>τουμένου.</span> <span class='ocrx_word' id='word_1_646' title='bbox 2431 4388 2586 4442; x_wconf 86' lang='grc' dir='ltr'><strong>Μετά</strong></span> <span class='ocrx_word' id='word_1_647' title='bbox 2608 4389 2664 4441; x_wconf 81' lang='grc' dir='ltr'>δὲ</span> <span class='ocrx_word' id='word_1_648' title='bbox 2687 4389 2778 4442; x_wconf 84' lang='grc' dir='ltr'><strong>τὸν</strong></span> <span class='ocrx_word' id='word_1_649' title='bbox 2797 4390 3040 4460; x_wconf 84' lang='grc' dir='ltr'>Μάρτιον</span> <span class='ocrx_word' id='word_1_650' title='bbox 3071 4387 3162 4441; x_wconf 82' lang='grc' dir='ltr'><strong>καὶ</strong></span> <span class='ocrx_word' id='word_1_651' title='bbox 3187 4387 3382 4458; x_wconf 78' lang='grc' dir='ltr'>ἐφεξῆς</span> <span class='ocrx_word' id='word_1_652' title='bbox 3409 4389 3689 4460; x_wconf 72' lang='grc' dir='ltr'>ποιοῦμεν,</span> 
     </span>
    </p>
   </div>
   <div class='ocr_carea' id='block_1_85' title="bbox 446 4461 2005 4553">
    <p class='ocr_par' dir='ltr' id='par_1_85' title="bbox 446 4461 2005 4535">
     <span class='ocr_line' id='line_1_86' title="bbox 446 4461 2005 4535; baseline 0.005 -20"><span class='ocrx_word' id='word_1_653' title='bbox 446 4462 787 4518; x_wconf 72' lang='lat' dir='ltr'><strong>considerari</strong></span> <span class='ocrx_word' id='word_1_654' title='bbox 833 4461 1026 4529; x_wconf 90' lang='lat' dir='ltr'><strong>debet,</strong></span> <span class='ocrx_word' id='word_1_655' title='bbox 1077 4463 1381 4535; x_wconf 86' lang='lat' dir='ltr'><strong>superﬂuos</strong></span> <span class='ocrx_word' id='word_1_656' title='bbox 1432 4466 1566 4521; x_wconf 87' lang='lat' dir='ltr'><strong>istos</strong></span> <span class='ocrx_word' id='word_1_657' title='bbox 1617 4481 1648 4521; x_wconf 90' lang='lat' dir='ltr'><strong>a</strong></span> <span class='ocrx_word' id='word_1_658' title='bbox 1693 4464 1886 4522; x_wconf 87' lang='lat' dir='ltr'><strong>Martio</strong></span> <span class='ocrx_word' id='word_1_659' title='bbox 1943 4469 2005 4523; x_wconf 91' lang='lat' dir='ltr'><strong>ad</strong></span> 
     </span>
    </p>
   </div>
   <div class='ocr_carea' id='block_1_86' title="bbox 2128 4461 3687 4553">
    <p class='ocr_par' dir='ltr' id='par_1_86' title="bbox 2128 4476 3687 4553">
     <span class='ocr_line' id='line_1_87' title="bbox 2128 4476 3687 4553; baseline 0.002 -22"><span class='ocrx_word' id='word_1_660' title='bbox 2128 4479 2190 4544; x_wconf 64' lang='lat' dir='ltr'><strong>ii;</strong></span> <span class='ocrx_word' id='word_1_661' title='bbox 2219 4478 2474 4550; x_wconf 86' lang='grc' dir='ltr'>ἀνωτέρω</span> <span class='ocrx_word' id='word_1_662' title='bbox 2495 4480 2829 4553; x_wconf 73' lang='grc' dir='ltr'>εἰρήκειμεν.</span> <span class='ocrx_word' id='word_1_663' title='bbox 2861 4479 3128 4533; x_wconf 87' lang='grc' dir='ltr'>Σκεπτέον</span> <span class='ocrx_word' id='word_1_664' title='bbox 3159 4476 3272 4544; x_wconf 78' lang='grc' dir='ltr'>οὖν,</span> <span class='ocrx_word' id='word_1_665' title='bbox 3302 4479 3381 4532; x_wconf 82' lang='grc' dir='ltr'>ὃτι</span> <span class='ocrx_word' id='word_1_666' title='bbox 3417 4480 3512 4533; x_wconf 76' lang='grc' dir='ltr'>καὶ</span> <span class='ocrx_word' id='word_1_667' title='bbox 3534 4476 3687 4535; x_wconf 75' lang='grc' dir='ltr'>αὗται</span> 
     </span>
    </p>
   </div>
   <div class='ocr_carea' id='block_1_87' title="bbox 448 4551 2007 4644">
    <p class='ocr_par' dir='ltr' id='par_1_87' title="bbox 448 4551 2007 4630">
     <span class='ocr_line' id='line_1_88' title="bbox 448 4551 2007 4630; baseline 0.007 -26"><span class='ocrx_word' id='word_1_668' title='bbox 448 4551 608 4606; x_wconf 90' lang='lat' dir='ltr'><strong>ﬁnem</strong></span> <span class='ocrx_word' id='word_1_669' title='bbox 663 4552 976 4610; x_wconf 89' lang='lat' dir='ltr'><strong>Decembris</strong></span> <span class='ocrx_word' id='word_1_670' title='bbox 1004 4570 1070 4610; x_wconf 82' lang='lat' dir='ltr'><strong>ex</strong></span> <span class='ocrx_word' id='word_1_671' title='bbox 1105 4571 1428 4626; x_wconf 89' lang='lat' dir='ltr'><strong>unoquoque</strong></span> <span class='ocrx_word' id='word_1_672' title='bbox 1471 4572 1658 4614; x_wconf 90' lang='lat' dir='ltr'><strong>mense</strong></span> <span class='ocrx_word' id='word_1_673' title='bbox 1696 4570 2007 4630; x_wconf 80' lang='lat' dir='ltr'><strong>corrogatos</strong></span> 
     </span>
    </p>
   </div>
   <div class='ocr_carea' id='block_1_88' title="bbox 2126 4551 3685 4644">
    <p class='ocr_par' dir='ltr' id='par_1_88' title="bbox 2126 4568 3685 4644">
     <span class='ocr_line' id='line_1_89' title="bbox 2126 4568 3685 4644; baseline 0.003 -23"><span class='ocrx_word' id='word_1_674' title='bbox 2126 4569 2171 4621; x_wconf 76' lang='grc' dir='ltr'><strong>ιί</strong></span> <span class='ocrx_word' id='word_1_675' title='bbox 2198 4568 2610 4640; x_wconf 89' lang='grc' dir='ltr'>περιττεύουσαι</span> <span class='ocrx_word' id='word_1_676' title='bbox 2647 4570 2766 4623; x_wconf 75' lang='grc' dir='ltr'>καθ’</span> <span class='ocrx_word' id='word_1_677' title='bbox 2795 4570 3024 4623; x_wconf 83' lang='grc' dir='ltr'>’ἑκαστον</span> <span class='ocrx_word' id='word_1_678' title='bbox 3057 4570 3200 4640; x_wconf 85' lang='grc' dir='ltr'>μῆνα</span> <span class='ocrx_word' id='word_1_679' title='bbox 3242 4569 3350 4622; x_wconf 77' lang='grc' dir='ltr'><strong>ἀπὸ</strong></span> <span class='ocrx_word' id='word_1_680' title='bbox 3395 4570 3490 4624; x_wconf 89' lang='grc' dir='ltr'><strong>τοῦ</strong></span> <span class='ocrx_word' id='word_1_681' title='bbox 3543 4573 3685 4644; x_wconf 86' lang='grc' dir='ltr'>Μαρ-</span> 
     </span>
    </p>
   </div>
   <div class='ocr_carea' id='block_1_89' title="bbox 445 4641 2004 4732">
    <p class='ocr_par' dir='ltr' id='par_1_89' title="bbox 445 4641 2004 4716">
     <span class='ocr_line' id='line_1_90' title="bbox 445 4641 2004 4716; baseline 0.007 -21"><span class='ocrx_word' id='word_1_682' title='bbox 445 4641 562 4697; x_wconf 87' lang='lat' dir='ltr'><strong>dies</strong></span> <span class='ocrx_word' id='word_1_683' title='bbox 593 4659 689 4714; x_wconf 89' lang='lat' dir='ltr'><strong>per</strong></span> <span class='ocrx_word' id='word_1_684' title='bbox 720 4660 776 4699; x_wconf 73' lang='grc' dir='ltr'>ιι</span> <span class='ocrx_word' id='word_1_685' title='bbox 811 4646 1069 4701; x_wconf 89' lang='lat' dir='ltr'><strong>collectos</strong></span> <span class='ocrx_word' id='word_1_686' title='bbox 1116 4654 1337 4716; x_wconf 84' lang='lat' dir='ltr'><strong>epactas</strong></span> <span class='ocrx_word' id='word_1_687' title='bbox 1386 4647 1603 4703; x_wconf 90' lang='lat' dir='ltr'><strong>easdem</strong></span> <span class='ocrx_word' id='word_1_688' title='bbox 1657 4648 1837 4706; x_wconf 77' lang='lat' dir='ltr'><strong>facere</strong></span> <span class='ocrx_word' id='word_1_689' title='bbox 1885 4667 2004 4706; x_wconf 92' lang='lat' dir='ltr'><strong>cum</strong></span> 
     </span>
    </p>
   </div>
   <div class='ocr_carea' id='block_1_90' title="bbox 2124 4641 3683 4732">
    <p class='ocr_par' dir='ltr' id='par_1_90' title="bbox 2124 4641 3683 4732">
     <span class='ocr_line' id='line_1_91' title="bbox 2124 4641 3683 4732; baseline 0.001 -20"><span class='ocrx_word' id='word_1_690' title='bbox 2124 4660 2226 4712; x_wconf 81' lang='grc' dir='ltr'>τίου</span> <span class='ocrx_word' id='word_1_691' title='bbox 2261 4659 2420 4731; x_wconf 87' lang='grc' dir='ltr'>μέχρι</span> <span class='ocrx_word' id='word_1_692' title='bbox 2446 4659 2540 4713; x_wconf 80' lang='grc' dir='ltr'>καὶ</span> <span class='ocrx_word' id='word_1_693' title='bbox 2569 4659 2689 4712; x_wconf 84' lang='grc' dir='ltr'>ὅλου</span> <span class='ocrx_word' id='word_1_694' title='bbox 2717 4659 2809 4712; x_wconf 89' lang='grc' dir='ltr'><strong>τοῦ</strong></span> <span class='ocrx_word' id='word_1_695' title='bbox 2841 4659 3197 4730; x_wconf 88' lang='grc' dir='ltr'>Δεκεμϐρίου,</span> <span class='ocrx_word' id='word_1_696' title='bbox 3223 4661 3302 4724; x_wconf 83' lang='grc' dir='ltr'><strong>είς</strong></span> <span class='ocrx_word' id='word_1_697' title='bbox 3328 4659 3424 4723; x_wconf 80' lang='grc' dir='ltr'>τὰς</span> <span class='ocrx_word' id='word_1_698' title='bbox 3456 4669 3526 4714; x_wconf 80' lang='grc' dir='ltr'>ια’</span> <span class='ocrx_word' id='word_1_699' title='bbox 3557 4641 3683 4732; x_wconf 70' lang='grc' dir='ltr'>συμ-</span> 
     </span>
    </p>
   </div>
   <div class='ocr_carea' id='block_1_91' title="bbox 445 4731 2004 4822">
    <p class='ocr_par' dir='ltr' id='par_1_91' title="bbox 445 4731 2000 4805">
     <span class='ocr_line' id='line_1_92' title="bbox 445 4731 2000 4805; baseline 0.009 -21"><span class='ocrx_word' id='word_1_700' title='bbox 445 4731 513 4788; x_wconf 93' lang='lat' dir='ltr'><strong>iis</strong></span> <span class='ocrx_word' id='word_1_701' title='bbox 554 4749 674 4802; x_wconf 69' lang='lat' dir='ltr'><strong>qua:</strong></span> <span class='ocrx_word' id='word_1_702' title='bbox 714 4734 990 4789; x_wconf 86' lang='lat' dir='ltr'><strong>ducuntur</strong></span> <span class='ocrx_word' id='word_1_703' title='bbox 1032 4752 1062 4790; x_wconf 88' lang='lat' dir='ltr'><strong>a</strong></span> <span class='ocrx_word' id='word_1_704' title='bbox 1107 4736 1387 4794; x_wconf 90' lang='lat' dir='ltr'><strong>Januario.</strong></span> <span class='ocrx_word' id='word_1_705' title='bbox 1434 4739 1565 4805; x_wconf 76' lang='lat' dir='ltr'><strong>Qua:</strong></span> <span class='ocrx_word' id='word_1_706' title='bbox 1608 4754 1733 4794; x_wconf 89' lang='lat' dir='ltr'><strong>cum</strong></span> <span class='ocrx_word' id='word_1_707' title='bbox 1787 4750 2000 4798; x_wconf 89' lang='lat' dir='ltr'><strong>antece-</strong></span> 
     </span>
    </p>
   </div>
   <div class='ocr_carea' id='block_1_92' title="bbox 2124 4731 3683 4822">
    <p class='ocr_par' dir='ltr' id='par_1_92' title="bbox 2124 4748 3683 4822">
     <span class='ocr_line' id='line_1_93' title="bbox 2124 4748 3683 4822; baseline 0.003 -22"><span class='ocrx_word' id='word_1_708' title='bbox 2124 4748 2466 4818; x_wconf 83' lang='grc' dir='ltr'>ποσούμεναι,</span> <span class='ocrx_word' id='word_1_709' title='bbox 2511 4749 2610 4812; x_wconf 76' lang='grc' dir='ltr'>τὰς</span> <span class='ocrx_word' id='word_1_710' title='bbox 2637 4749 2745 4802; x_wconf 80' lang='grc' dir='ltr'><strong>ἀπὸ</strong></span> <span class='ocrx_word' id='word_1_711' title='bbox 2792 4749 2886 4802; x_wconf 87' lang='grc' dir='ltr'><strong>τοῦ</strong></span> <span class='ocrx_word' id='word_1_712' title='bbox 2930 4751 3257 4822; x_wconf 87' lang='grc' dir='ltr'>Ἰανουαρίου</span> <span class='ocrx_word' id='word_1_713' title='bbox 3304 4751 3552 4807; x_wconf 88' lang='grc' dir='ltr'>ποιοῦσιν</span> <span class='ocrx_word' id='word_1_714' title='bbox 3594 4756 3683 4806; x_wconf 79' lang='grc' dir='ltr'><strong>ἐπ-</strong></span> 
     </span>
    </p>
   </div>
   <div class='ocr_carea' id='block_1_93' title="bbox 442 4822 2001 4914">
    <p class='ocr_par' dir='ltr' id='par_1_93' title="bbox 442 4822 2001 4904">
     <span class='ocr_line' id='line_1_94' title="bbox 442 4822 2001 4904; baseline 0.008 -28"><span class='ocrx_word' id='word_1_715' title='bbox 442 4822 623 4879; x_wconf 91' lang='lat' dir='ltr'><strong>dentis</strong></span> <span class='ocrx_word' id='word_1_716' title='bbox 650 4825 787 4894; x_wconf 89' lang='lat' dir='ltr'><strong>cycli</strong></span> <span class='ocrx_word' id='word_1_717' title='bbox 817 4825 1027 4882; x_wconf 88' lang='lat' dir='ltr'><strong>lunaris</strong></span> <span class='ocrx_word' id='word_1_718' title='bbox 1056 4828 1262 4897; x_wconf 90' lang='lat' dir='ltr'><strong>epactis</strong></span> <span class='ocrx_word' id='word_1_719' title='bbox 1293 4828 1492 4885; x_wconf 59' lang='lat' dir='ltr'><strong>addita</strong></span> <span class='ocrx_word' id='word_1_720' title='bbox 1521 4831 1758 4888; x_wconf 91' lang='lat' dir='ltr'><strong>ineuntis</strong></span> <span class='ocrx_word' id='word_1_721' title='bbox 1786 4841 2001 4904; x_wconf 78' lang='lat' dir='ltr'><strong>epactas</strong></span> 
     </span>
    </p>
   </div>
   <div class='ocr_carea' id='block_1_94' title="bbox 2122 4822 3681 4914">
    <p class='ocr_par' dir='ltr' id='par_1_94' title="bbox 2122 4839 3681 4914">
     <span class='ocr_line' id='line_1_95' title="bbox 2122 4839 3681 4914; baseline 0.004 -23"><span class='ocrx_word' id='word_1_722' title='bbox 2122 4839 2310 4902; x_wconf 74' lang='grc' dir='ltr'>κκτάς·</span> <span class='ocrx_word' id='word_1_723' title='bbox 2340 4840 2562 4904; x_wconf 80' lang='grc' dir='ltr'>αἵτινες,</span> <span class='ocrx_word' id='word_1_724' title='bbox 2589 4842 2710 4904; x_wconf 89' lang='grc' dir='ltr'>ταῖς</span> <span class='ocrx_word' id='word_1_725' title='bbox 2732 4840 2826 4894; x_wconf 91' lang='grc' dir='ltr'><strong>τοῦ</strong></span> <span class='ocrx_word' id='word_1_726' title='bbox 2855 4840 3210 4914; x_wconf 84' lang='grc' dir='ltr'>παρελθόντος</span> <span class='ocrx_word' id='word_1_727' title='bbox 3240 4842 3563 4913; x_wconf 80' lang='grc' dir='ltr'>σεληνιακοῦ</span> <span class='ocrx_word' id='word_1_728' title='bbox 3595 4845 3681 4898; x_wconf 80' lang='grc' dir='ltr'>κύ-</span> 
     </span>
    </p>
   </div>
   <div class='ocr_carea' id='block_1_95' title="bbox 442 4916 2001 5006">
    <p class='ocr_par' dir='ltr' id='par_1_95' title="bbox 442 4916 921 4974">
     <span class='ocr_line' id='line_1_96' title="bbox 442 4916 921 4974; baseline 0.008 -6"><span class='ocrx_word' id='word_1_729' title='bbox 442 4916 569 4969; x_wconf 84' lang='lat' dir='ltr'><strong>anni</strong></span> <span class='ocrx_word' id='word_1_730' title='bbox 605 4917 921 4974; x_wconf 90' lang='lat' dir='ltr'><strong>conﬁciunt.</strong></span> 
     </span>
    </p>
   </div>
   <div class='ocr_carea' id='block_1_96' title="bbox 1987 4916 3546 5006">
    <p class='ocr_par' dir='ltr' id='par_1_96' title="bbox 2112 4933 3546 5006">
     <span class='ocr_line' id='line_1_97' title="bbox 2112 4933 3546 5006; baseline 0.003 -21"><span class='ocrx_word' id='word_1_731' title='bbox 2112 4933 2239 4986; x_wconf 88' lang='grc' dir='ltr'>κλου</span> <span class='ocrx_word' id='word_1_732' title='bbox 2275 4933 2715 5006; x_wconf 88' lang='grc' dir='ltr'>προστιθέμεναι,</span> <span class='ocrx_word' id='word_1_733' title='bbox 2749 4933 2849 4997; x_wconf 89' lang='grc' dir='ltr'><strong>τάς</strong></span> <span class='ocrx_word' id='word_1_734' title='bbox 2875 4935 2969 4987; x_wconf 91' lang='grc' dir='ltr'><strong>τοῦ</strong></span> <span class='ocrx_word' id='word_1_735' title='bbox 2993 4934 3285 4998; x_wconf 82' lang='grc' dir='ltr'>ἐνεστῶτος</span> <span class='ocrx_word' id='word_1_736' title='bbox 3313 4934 3546 4989; x_wconf 87' lang='grc' dir='ltr'>ποιοῦσι.</span> 
     </span>
    </p>
   </div>
   <div class='ocr_carea' id='block_1_97' title="bbox 1033 5010 2592 5093">
    <p class='ocr_par' dir='ltr' id='par_1_97' title="bbox 1033 5010 1419 5066">
     <span class='ocr_line' id='line_1_98' title="bbox 1033 5010 1419 5066; baseline 0.01 -4"><span class='ocrx_word' id='word_1_737' title='bbox 1033 5010 1105 5064; x_wconf 85' lang='lat' dir='ltr'><strong>De</strong></span> <span class='ocrx_word' id='word_1_738' title='bbox 1141 5011 1419 5066; x_wconf 77' lang='lat' dir='ltr'><strong>Paschate.</strong></span> 
     </span>
    </p>
   </div>
   <div class='ocr_carea' id='block_1_98' title="bbox 1605 5010 3164 5093">
    <p class='ocr_par' dir='ltr' id='par_1_98' title="bbox 2614 5021 3164 5093">
     <span class='ocr_line' id='line_1_99' title="bbox 2614 5021 3164 5093; baseline 0.004 -18"><span class='ocrx_word' id='word_1_739' title='bbox 2614 5021 2756 5090; x_wconf 77' lang='grc' dir='ltr'>Περὶ</span> <span class='ocrx_word' id='word_1_740' title='bbox 2791 5022 2896 5076; x_wconf 85' lang='grc' dir='ltr'><strong>τοῦ</strong></span> <span class='ocrx_word' id='word_1_741' title='bbox 2930 5023 3164 5093; x_wconf 81' lang='grc' dir='ltr'>Πάσχα.</span> 
     </span>
    </p>
   </div>
   <div class='ocr_carea' id='block_1_99' title="bbox 513 5095 2072 5187">
    <p class='ocr_par' dir='ltr' id='par_1_99' title="bbox 513 5095 2006 5177">
     <span class='ocr_line' id='line_1_100' title="bbox 513 5095 2006 5177; baseline 0.007 -28"><span class='ocrx_word' id='word_1_742' title='bbox 513 5095 580 5149; x_wconf 87' lang='grc' dir='ltr'><strong>Χ.</strong></span> <span class='ocrx_word' id='word_1_743' title='bbox 621 5095 718 5152; x_wconf 80' lang='lat' dir='ltr'><strong>llis</strong></span> <span class='ocrx_word' id='word_1_744' title='bbox 750 5101 1174 5177; x_wconf 78' lang='lat' dir='ltr'><strong>animadversis,</strong></span> <span class='ocrx_word' id='word_1_745' title='bbox 1207 5119 1328 5174; x_wconf 54' lang='lat' dir='ltr'><strong>quae</strong></span> <span class='ocrx_word' id='word_1_746' title='bbox 1360 5103 1427 5158; x_wconf 93' lang='lat' dir='ltr'><strong>ad</strong></span> <span class='ocrx_word' id='word_1_747' title='bbox 1461 5105 1592 5160; x_wconf 89' lang='lat' dir='ltr'><strong>solis</strong></span> <span class='ocrx_word' id='word_1_748' title='bbox 1640 5109 1889 5176; x_wconf 59' lang='lat' dir='ltr'><strong>lunaque</strong></span> <span class='ocrx_word' id='word_1_749' title='bbox 1918 5121 2006 5161; x_wconf 87' lang='lat' dir='ltr'><strong>ra-</strong></span> 
     </span>
    </p>
   </div>
   <div class='ocr_carea' id='block_1_100' title="bbox 2118 5095 3677 5187">
    <p class='ocr_par' dir='ltr' id='par_1_100' title="bbox 2179 5109 3677 5187">
     <span class='ocr_line' id='line_1_101' title="bbox 2179 5109 3677 5187; baseline 0.002 -22"><span class='ocrx_word' id='word_1_750' title='bbox 2179 5115 2232 5166; x_wconf 94' lang='lat' dir='ltr'><strong>l&#39;.</strong></span> <span class='ocrx_word' id='word_1_751' title='bbox 2269 5113 2482 5167; x_wconf 89' lang='grc' dir='ltr'>Τούτων</span> <span class='ocrx_word' id='word_1_752' title='bbox 2503 5113 2566 5185; x_wconf 80' lang='grc' dir='ltr'>δὴ</span> <span class='ocrx_word' id='word_1_753' title='bbox 2591 5109 2706 5181; x_wconf 79' lang='grc' dir='ltr'>οὖν,</span> <span class='ocrx_word' id='word_1_754' title='bbox 2732 5113 2840 5167; x_wconf 90' lang='grc' dir='ltr'><strong>τῶν</strong></span> <span class='ocrx_word' id='word_1_755' title='bbox 2873 5115 3013 5168; x_wconf 84' lang='grc' dir='ltr'>κατὰ</span> <span class='ocrx_word' id='word_1_756' title='bbox 3050 5115 3141 5170; x_wconf 85' lang='grc' dir='ltr'><strong>τὸν</strong></span> <span class='ocrx_word' id='word_1_757' title='bbox 3179 5115 3327 5182; x_wconf 81' lang='grc' dir='ltr'>ἥλιον</span> <span class='ocrx_word' id='word_1_758' title='bbox 3363 5115 3566 5187; x_wconf 86' lang='grc' dir='ltr'>δηλαδὴ</span> <span class='ocrx_word' id='word_1_759' title='bbox 3593 5115 3677 5170; x_wconf 79' lang='grc' dir='ltr'>καὶ</span> 
     </span>
    </p>
   </div>
   <div class='ocr_carea' id='block_1_101' title="bbox 439 5190 1998 5279">
    <p class='ocr_par' dir='ltr' id='par_1_101' title="bbox 439 5190 1998 5269">
     <span class='ocr_line' id='line_1_102' title="bbox 439 5190 1998 5269; baseline 0.008 -28"><span class='ocrx_word' id='word_1_760' title='bbox 439 5190 666 5244; x_wconf 88' lang='lat' dir='ltr'><strong>tiocinia</strong></span> <span class='ocrx_word' id='word_1_761' title='bbox 715 5193 1019 5262; x_wconf 87' lang='lat' dir='ltr'><strong>pertinent,</strong></span> <span class='ocrx_word' id='word_1_762' title='bbox 1077 5202 1130 5249; x_wconf 92' lang='lat' dir='ltr'><strong>et</strong></span> <span class='ocrx_word' id='word_1_763' title='bbox 1178 5196 1450 5265; x_wconf 91' lang='lat' dir='ltr'><strong>quomodo</strong></span> <span class='ocrx_word' id='word_1_764' title='bbox 1501 5197 1777 5268; x_wconf 88' lang='lat' dir='ltr'><strong>potuimus</strong></span> <span class='ocrx_word' id='word_1_765' title='bbox 1831 5201 1998 5269; x_wconf 73' lang='lat' dir='ltr'><strong>expli-</strong></span> 
     </span>
    </p>
   </div>
   <div class='ocr_carea' id='block_1_102' title="bbox 2115 5190 3674 5279">
    <p class='ocr_par' dir='ltr' id='par_1_102' title="bbox 2115 5203 3674 5279">
     <span class='ocr_line' id='line_1_103' title="bbox 2115 5203 3674 5279; baseline 0.004 -24"><span class='ocrx_word' id='word_1_766' title='bbox 2115 5203 2204 5275; x_wconf 80' lang='grc' dir='ltr'>τὴν</span> <span class='ocrx_word' id='word_1_767' title='bbox 2229 5205 2476 5276; x_wconf 80' lang='grc' dir='ltr'>σελήνην,</span> <span class='ocrx_word' id='word_1_768' title='bbox 2511 5205 2585 5270; x_wconf 85' lang='grc' dir='ltr'>ὡς</span> <span class='ocrx_word' id='word_1_769' title='bbox 2610 5207 2758 5278; x_wconf 76' lang='grc' dir='ltr'>ἐνῆν,</span> <span class='ocrx_word' id='word_1_770' title='bbox 2799 5207 2924 5276; x_wconf 74' lang='grc' dir='ltr'>ἐμοὶ</span> <span class='ocrx_word' id='word_1_771' title='bbox 2969 5206 3525 5279; x_wconf 84' lang='grc' dir='ltr'>προτεθεωρημένων,</span> <span class='ocrx_word' id='word_1_772' title='bbox 3560 5207 3674 5277; x_wconf 79' lang='grc' dir='ltr'>ἑξῆς</span> 
     </span>
    </p>
   </div>
   <div class='ocr_carea' id='block_1_103' title="bbox 439 5283 1998 5371">
    <p class='ocr_par' dir='ltr' id='par_1_103' title="bbox 439 5283 1998 5359">
     <span class='ocr_line' id='line_1_104' title="bbox 439 5283 1998 5359; baseline 0.008 -24"><span class='ocrx_word' id='word_1_773' title='bbox 439 5284 578 5336; x_wconf 88' lang='lat' dir='ltr'><strong>catis</strong></span> <span class='ocrx_word' id='word_1_774' title='bbox 597 5324 610 5345; x_wconf 90' lang='lat'><strong>,</strong></span> <span class='ocrx_word' id='word_1_775' title='bbox 639 5283 706 5339; x_wconf 89' lang='lat' dir='ltr'><strong>de</strong></span> <span class='ocrx_word' id='word_1_776' title='bbox 729 5284 994 5341; x_wconf 80' lang='lat' dir='ltr'><strong>Pascliate</strong></span> <span class='ocrx_word' id='word_1_777' title='bbox 1015 5289 1271 5359; x_wconf 87' lang='lat' dir='ltr'><strong>deinceps</strong></span> <span class='ocrx_word' id='word_1_778' title='bbox 1297 5304 1602 5345; x_wconf 85' lang='lat' dir='ltr'><strong>sermonem</strong></span> <span class='ocrx_word' id='word_1_779' title='bbox 1632 5291 1998 5347; x_wconf 89' lang='lat' dir='ltr'><strong>instituemus.</strong></span> 
     </span>
    </p>
   </div>
   <div class='ocr_carea' id='block_1_104' title="bbox 2113 5283 3672 5371">
    <p class='ocr_par' dir='ltr' id='par_1_104' title="bbox 2113 5295 3672 5370">
     <span class='ocr_line' id='line_1_105' title="bbox 2113 5295 3672 5370; baseline 0.001 -23"><span class='ocrx_word' id='word_1_780' title='bbox 2113 5296 2235 5366; x_wconf 77' lang='grc' dir='ltr'>περὶ</span> <span class='ocrx_word' id='word_1_781' title='bbox 2265 5295 2358 5349; x_wconf 91' lang='grc' dir='ltr'><strong>τοῦ</strong></span> <span class='ocrx_word' id='word_1_782' title='bbox 2393 5297 2587 5368; x_wconf 83' lang='grc' dir='ltr'>Πάσχα</span> <span class='ocrx_word' id='word_1_783' title='bbox 2622 5297 2712 5352; x_wconf 88' lang='grc' dir='ltr'><strong>τὸν</strong></span> <span class='ocrx_word' id='word_1_784' title='bbox 2756 5297 2912 5366; x_wconf 86' lang='grc' dir='ltr'>λόγον</span> <span class='ocrx_word' id='word_1_785' title='bbox 2955 5297 3312 5370; x_wconf 87' lang='grc' dir='ltr'>ποιησόμεθα.</span> <span class='ocrx_word' id='word_1_786' title='bbox 3353 5299 3432 5351; x_wconf 91' lang='grc' dir='ltr'><strong>Δι’</strong></span> <span class='ocrx_word' id='word_1_787' title='bbox 3458 5299 3672 5351; x_wconf 80' lang='grc' dir='ltr'>ἐκείνων</span> 
     </span>
    </p>
   </div>
   <div class='ocr_carea' id='block_1_105' title="bbox 440 5372 1999 5462">
    <p class='ocr_par' dir='ltr' id='par_1_105' title="bbox 440 5372 1999 5460">
     <span class='ocr_line' id='line_1_106' title="bbox 440 5372 1999 5460; baseline 0.009 -36"><span class='ocrx_word' id='word_1_788' title='bbox 440 5372 614 5442; x_wconf 81' lang='lat' dir='ltr'><strong>Hujus</strong></span> <span class='ocrx_word' id='word_1_789' title='bbox 644 5378 788 5460; x_wconf 77' lang='lat' dir='ltr'><strong>enim</strong></span> <span class='ocrx_word' id='word_1_790' title='bbox 817 5379 1078 5434; x_wconf 87' lang='lat' dir='ltr'><strong>elementa</strong></span> <span class='ocrx_word' id='word_1_791' title='bbox 1125 5382 1229 5436; x_wconf 90' lang='lat' dir='ltr'><strong>ista</strong></span> <span class='ocrx_word' id='word_1_792' title='bbox 1280 5389 1444 5446; x_wconf 85' lang='lat' dir='ltr'><strong>sunt,</strong></span> <span class='ocrx_word' id='word_1_793' title='bbox 1499 5383 1757 5451; x_wconf 89' lang='lat' dir='ltr'><strong>quoniam</strong></span> <span class='ocrx_word' id='word_1_794' title='bbox 1805 5398 1999 5454; x_wconf 91' lang='lat' dir='ltr'><strong>propo-</strong></span> 
     </span>
    </p>
   </div>
   <div class='ocr_carea' id='block_1_106' title="bbox 2113 5372 3672 5462">
    <p class='ocr_par' dir='ltr' id='par_1_106' title="bbox 2113 5380 3672 5462">
     <span class='ocr_line' id='line_1_107' title="bbox 2113 5380 3672 5462; baseline 0.001 -23"><span class='ocrx_word' id='word_1_795' title='bbox 2113 5386 2214 5458; x_wconf 77' lang='grc' dir='ltr'>γὰρ</span> <span class='ocrx_word' id='word_1_796' title='bbox 2253 5380 2406 5451; x_wconf 75' lang='grc' dir='ltr'>οὗτος</span> <span class='ocrx_word' id='word_1_797' title='bbox 2453 5389 2790 5460; x_wconf 66' lang='grc' dir='ltr'>περαίνεται·</span> <span class='ocrx_word' id='word_1_798' title='bbox 2823 5389 2884 5442; x_wconf 87' lang='grc' dir='ltr'><strong>τό</strong></span> <span class='ocrx_word' id='word_1_799' title='bbox 2921 5406 2980 5442; x_wconf 88' lang='grc' dir='ltr'><strong>τε</strong></span> <span class='ocrx_word' id='word_1_800' title='bbox 3018 5390 3127 5460; x_wconf 84' lang='grc' dir='ltr'><strong>γὰρ</strong></span> <span class='ocrx_word' id='word_1_801' title='bbox 3170 5390 3488 5462; x_wconf 82' lang='grc' dir='ltr'>ἐκκείμενον</span> <span class='ocrx_word' id='word_1_802' title='bbox 3529 5389 3672 5443; x_wconf 83' lang='grc' dir='ltr'>κανό-</span> 
     </span>
    </p>
   </div>
   <div class='ocr_carea' id='block_1_107' title="bbox 437 5463 1996 5551">
    <p class='ocr_par' dir='ltr' id='par_1_107' title="bbox 437 5463 1996 5544">
     <span class='ocr_line' id='line_1_108' title="bbox 437 5463 1996 5544; baseline 0.008 -28"><span class='ocrx_word' id='word_1_803' title='bbox 437 5463 603 5516; x_wconf 86' lang='lat' dir='ltr'><strong>situm</strong></span> <span class='ocrx_word' id='word_1_804' title='bbox 647 5465 997 5535; x_wconf 90' lang='lat' dir='ltr'><strong>laterculum,</strong></span> <span class='ocrx_word' id='word_1_805' title='bbox 1050 5471 1208 5539; x_wconf 90' lang='lat' dir='ltr'><strong>cujus</strong></span> <span class='ocrx_word' id='word_1_806' title='bbox 1256 5487 1357 5540; x_wconf 91' lang='lat' dir='ltr'><strong>ope</strong></span> <span class='ocrx_word' id='word_1_807' title='bbox 1405 5471 1614 5526; x_wconf 88' lang='lat' dir='ltr'><strong>Pascha</strong></span> <span class='ocrx_word' id='word_1_808' title='bbox 1657 5471 1712 5526; x_wconf 91' lang='lat' dir='ltr'><strong>in</strong></span> <span class='ocrx_word' id='word_1_809' title='bbox 1750 5481 1996 5544; x_wconf 89' lang='lat' dir='ltr'><strong>promptu</strong></span> 
     </span>
    </p>
   </div>
   <div class='ocr_carea' id='block_1_108' title="bbox 2111 5463 3670 5551">
    <p class='ocr_par' dir='ltr' id='par_1_108' title="bbox 2111 5474 3670 5551">
     <span class='ocr_line' id='line_1_109' title="bbox 2111 5474 3670 5551; baseline -0.001 -20"><span class='ocrx_word' id='word_1_810' title='bbox 2111 5493 2236 5542; x_wconf 87' lang='grc' dir='ltr'>νιον,</span> <span class='ocrx_word' id='word_1_811' title='bbox 2259 5477 2325 5531; x_wconf 87' lang='grc' dir='ltr'><strong>δι’</strong></span> <span class='ocrx_word' id='word_1_812' title='bbox 2347 5474 2409 5533; x_wconf 80' lang='grc' dir='ltr'><strong>οῦ</strong></span> <span class='ocrx_word' id='word_1_813' title='bbox 2451 5480 2755 5551; x_wconf 90' lang='grc' dir='ltr'>προχείρως</span> <span class='ocrx_word' id='word_1_814' title='bbox 2804 5481 2864 5533; x_wconf 80' lang='grc' dir='ltr'>τὸ</span> <span class='ocrx_word' id='word_1_815' title='bbox 2911 5479 3146 5532; x_wconf 88' lang='grc' dir='ltr'>τοιοῦτον</span> <span class='ocrx_word' id='word_1_816' title='bbox 3184 5480 3376 5551; x_wconf 87' lang='grc' dir='ltr'>Πάσχα</span> <span class='ocrx_word' id='word_1_817' title='bbox 3407 5479 3670 5550; x_wconf 82' lang='grc' dir='ltr'>λαμϐάνο-</span> 
     </span>
    </p>
   </div>
   <div class='ocr_carea' id='block_1_109' title="bbox 440 5552 1999 5642">
    <p class='ocr_par' dir='ltr' id='par_1_109' title="bbox 440 5552 1999 5634">
     <span class='ocr_line' id='line_1_110' title="bbox 440 5552 1999 5634; baseline 0.011 -31"><span class='ocrx_word' id='word_1_818' title='bbox 440 5552 686 5619; x_wconf 83' lang='lat' dir='ltr'><strong>habetur,</strong></span> <span class='ocrx_word' id='word_1_819' title='bbox 716 5573 781 5611; x_wconf 81' lang='lat' dir='ltr'><strong>ex</strong></span> <span class='ocrx_word' id='word_1_820' title='bbox 812 5561 943 5614; x_wconf 90' lang='lat' dir='ltr'><strong>solis</strong></span> <span class='ocrx_word' id='word_1_821' title='bbox 991 5571 1044 5615; x_wconf 91' lang='lat' dir='ltr'><strong>et</strong></span> <span class='ocrx_word' id='word_1_822' title='bbox 1083 5562 1224 5616; x_wconf 71' lang='lat' dir='ltr'><strong>lunae</strong></span> <span class='ocrx_word' id='word_1_823' title='bbox 1271 5563 1440 5634; x_wconf 88' lang='lat' dir='ltr'><strong>cyclis</strong></span> <span class='ocrx_word' id='word_1_824' title='bbox 1473 5563 1778 5618; x_wconf 88' lang='lat' dir='ltr'><strong>conﬁcitur.</strong></span> <span class='ocrx_word' id='word_1_825' title='bbox 1809 5565 1999 5620; x_wconf 91' lang='lat' dir='ltr'><strong>Iisdem</strong></span> 
     </span>
    </p>
   </div>
   <div class='ocr_carea' id='block_1_110' title="bbox 2108 5552 3667 5642">
    <p class='ocr_par' dir='ltr' id='par_1_110' title="bbox 2108 5567 3667 5642">
     <span class='ocr_line' id='line_1_111' title="bbox 2108 5567 3667 5642; baseline 0.001 -22"><span class='ocrx_word' id='word_1_826' title='bbox 2108 5585 2225 5638; x_wconf 87' lang='grc' dir='ltr'>μεν,</span> <span class='ocrx_word' id='word_1_827' title='bbox 2254 5567 2341 5622; x_wconf 85' lang='grc' dir='ltr'><strong>διὰ</strong></span> <span class='ocrx_word' id='word_1_828' title='bbox 2365 5568 2475 5622; x_wconf 88' lang='grc' dir='ltr'><strong>τῶν</strong></span> <span class='ocrx_word' id='word_1_829' title='bbox 2501 5569 2740 5641; x_wconf 81' lang='grc' dir='ltr'>ἡλιακῶν</span> <span class='ocrx_word' id='word_1_830' title='bbox 2764 5571 2856 5623; x_wconf 80' lang='grc' dir='ltr'>καὶ</span> <span class='ocrx_word' id='word_1_831' title='bbox 2884 5569 3211 5642; x_wconf 89' lang='grc' dir='ltr'>σεληνιακῶν</span> <span class='ocrx_word' id='word_1_832' title='bbox 3234 5569 3450 5624; x_wconf 88' lang='grc' dir='ltr'>κύκλων</span> <span class='ocrx_word' id='word_1_833' title='bbox 3473 5585 3667 5638; x_wconf 84' lang='grc' dir='ltr'>πεπρα-</span> 
     </span>
    </p>
   </div>
   <div class='ocr_carea' id='block_1_111' title="bbox 439 5649 1998 5735">
    <p class='ocr_par' dir='ltr' id='par_1_111' title="bbox 439 5649 1998 5725">
     <span class='ocr_line' id='line_1_112' title="bbox 439 5649 1998 5725; baseline 0.012 -32"><span class='ocrx_word' id='word_1_834' title='bbox 439 5657 656 5712; x_wconf 89' lang='lat' dir='ltr'><strong>quoque</strong></span> <span class='ocrx_word' id='word_1_835' title='bbox 683 5649 970 5706; x_wconf 81' lang='lat' dir='ltr'><strong>methodus</strong></span> <span class='ocrx_word' id='word_1_836' title='bbox 1022 5662 1248 5722; x_wconf 88' lang='lat' dir='ltr'><strong>utraque</strong></span> <span class='ocrx_word' id='word_1_837' title='bbox 1301 5654 1507 5718; x_wconf 91' lang='lat' dir='ltr'><strong>nititur,</strong></span> <span class='ocrx_word' id='word_1_838' title='bbox 1558 5663 1669 5709; x_wconf 91' lang='lat' dir='ltr'><strong>tam</strong></span> <span class='ocrx_word' id='word_1_839' title='bbox 1716 5672 1836 5725; x_wconf 67' lang='lat' dir='ltr'><strong>qua:</strong></span> <span class='ocrx_word' id='word_1_840' title='bbox 1878 5664 1998 5712; x_wconf 88' lang='lat' dir='ltr'><strong>ante</strong></span> 
     </span>
    </p>
   </div>
   <div class='ocr_carea' id='block_1_112' title="bbox 2106 5649 3665 5735">
    <p class='ocr_par' dir='ltr' id='par_1_112' title="bbox 2106 5659 3665 5735">
     <span class='ocr_line' id='line_1_113' title="bbox 2106 5659 3665 5735; baseline -0.001 -22"><span class='ocrx_word' id='word_1_841' title='bbox 2106 5659 2405 5730; x_wconf 84' lang='grc' dir='ltr'>γμάτευται</span> <span class='ocrx_word' id='word_1_842' title='bbox 2427 5676 2441 5691; x_wconf 76' lang='grc' dir='ltr'><strong><em>ο</em></strong></span> <span class='ocrx_word' id='word_1_843' title='bbox 2468 5661 2604 5732; x_wconf 82' lang='grc' dir='ltr'>πρὸς</span> <span class='ocrx_word' id='word_1_844' title='bbox 2634 5661 2692 5716; x_wconf 83' lang='grc' dir='ltr'><strong>δὲ</strong></span> <span class='ocrx_word' id='word_1_845' title='bbox 2723 5664 2816 5716; x_wconf 68' lang='grc' dir='ltr'><strong>καὶ</strong></span> <span class='ocrx_word' id='word_1_846' title='bbox 2841 5665 2895 5718; x_wconf 86' lang='grc' dir='ltr'><strong>αί</strong></span> <span class='ocrx_word' id='word_1_847' title='bbox 2919 5664 3044 5735; x_wconf 77' lang='grc' dir='ltr'>περὶ</span> <span class='ocrx_word' id='word_1_848' title='bbox 3069 5661 3257 5716; x_wconf 90' lang='grc' dir='ltr'>τούτου</span> <span class='ocrx_word' id='word_1_849' title='bbox 3291 5661 3524 5732; x_wconf 76' lang='grc' dir='ltr'>μέθοδοι,</span> <span class='ocrx_word' id='word_1_850' title='bbox 3550 5661 3585 5730; x_wconf 87' lang='grc' dir='ltr'><strong>ἡ</strong></span> <span class='ocrx_word' id='word_1_851' title='bbox 3612 5674 3665 5712; x_wconf 75' lang='grc' dir='ltr'><strong>τε</strong></span> 
     </span>
    </p>
   </div>
   <div class='ocr_carea' id='block_1_113' title="bbox 441 5739 2000 5826">
    <p class='ocr_par' dir='ltr' id='par_1_113' title="bbox 441 5739 1894 5819">
     <span class='ocr_line' id='line_1_114' title="bbox 441 5739 1894 5819; baseline 0.012 -32"><span class='ocrx_word' id='word_1_852' title='bbox 441 5749 541 5788; x_wconf 83' lang='lat' dir='ltr'><strong>nos</strong></span> <span class='ocrx_word' id='word_1_853' title='bbox 570 5739 809 5803; x_wconf 79' lang='lat' dir='ltr'><strong>exstitit,</strong></span> <span class='ocrx_word' id='word_1_854' title='bbox 840 5757 1000 5810; x_wconf 89' lang='lat' dir='ltr'><strong>quam</strong></span> <span class='ocrx_word' id='word_1_855' title='bbox 1030 5759 1150 5814; x_wconf 74' lang='lat' dir='ltr'><strong>quae</strong></span> <span class='ocrx_word' id='word_1_856' title='bbox 1181 5760 1211 5799; x_wconf 89' lang='lat' dir='ltr'><strong>a</strong></span> <span class='ocrx_word' id='word_1_857' title='bbox 1245 5745 1404 5800; x_wconf 88' lang='lat' dir='ltr'><strong>nobis</strong></span> <span class='ocrx_word' id='word_1_858' title='bbox 1433 5748 1739 5819; x_wconf 77' lang='lat' dir='ltr'><strong>excogitata</strong></span> <span class='ocrx_word' id='word_1_859' title='bbox 1770 5747 1894 5804; x_wconf 79' lang='lat' dir='ltr'><strong>fuit.</strong></span> 
     </span>
    </p>
   </div>
   <div class='ocr_carea' id='block_1_114' title="bbox 1795 5739 3354 5826">
    <p class='ocr_par' dir='ltr' id='par_1_114' title="bbox 1795 5749 3354 5826">
     <span class='ocr_line' id='line_1_115' title="bbox 1795 5749 3354 5826; baseline 0.003 -24"><span class='ocrx_word' id='word_1_860' title='bbox 1795 5749 1894 5804; x_wconf 85' lang='lat' dir='ltr'><strong>uit.</strong></span> <span class='ocrx_word' id='word_1_861' title='bbox 2105 5749 2211 5821; x_wconf 87' lang='grc' dir='ltr'>πρὸ</span> <span class='ocrx_word' id='word_1_862' title='bbox 2248 5751 2402 5822; x_wconf 85' lang='grc' dir='ltr'>ἡμῶν</span> <span class='ocrx_word' id='word_1_863' title='bbox 2427 5753 2722 5826; x_wconf 80' lang='grc' dir='ltr'>εὑρημένη,</span> <span class='ocrx_word' id='word_1_864' title='bbox 2759 5753 2852 5807; x_wconf 72' lang='grc' dir='ltr'>καὶ</span> <span class='ocrx_word' id='word_1_865' title='bbox 2880 5755 2913 5825; x_wconf 90' lang='grc' dir='ltr'><strong>ἡ</strong></span> <span class='ocrx_word' id='word_1_866' title='bbox 2939 5752 3032 5807; x_wconf 88' lang='grc' dir='ltr'><strong>νῦν</strong></span> <span class='ocrx_word' id='word_1_867' title='bbox 3054 5754 3146 5823; x_wconf 77' lang='grc' dir='ltr'><strong>ὑφ’</strong></span> <span class='ocrx_word' id='word_1_868' title='bbox 3177 5751 3354 5826; x_wconf 86' lang='grc' dir='ltr'>ἡμῶν.</span> 
     </span>
    </p>
   </div>
  </div>
