  <div class='ocr_page' id='page_1' title='image "/cluster/home/n/w/nwhite01/storage/ocr_20150623/19/mdp.39015061293422/657.png"; bbox 0 0 3948 6264; ppageno 0'>
   <div class='ocr_carea' id='block_1_1' title="bbox 414 357 3722 452">
    <p class='ocr_par' dir='ltr' id='par_1_1' title="bbox 414 357 3722 452">
     <span class='ocr_line' id='line_1_1' title="bbox 414 357 3722 452; baseline 0.005 -19"><span class='ocrx_word' id='word_1_1' title='bbox 414 357 422 362; x_wconf 87' lang='grc'><strong>’</strong></span> <span class='ocrx_word' id='word_1_2' title='bbox 500 375 638 434; x_wconf 68' lang='lat'><strong>1299</strong></span> <span class='ocrx_word' id='word_1_3' title='bbox 1534 383 1627 440; x_wconf 84' lang='lat' dir='ltr'><strong>AD</strong></span> <span class='ocrx_word' id='word_1_4' title='bbox 1665 383 1929 440; x_wconf 87' lang='lat' dir='ltr'><strong>EUSEBII</strong></span> <span class='ocrx_word' id='word_1_5' title='bbox 1966 386 2359 444; x_wconf 68' lang='lat' dir='ltr'><strong>cunomcou</strong></span> <span class='ocrx_word' id='word_1_6' title='bbox 2397 387 2754 442; x_wconf 81' lang='lat' dir='ltr'><strong>APPENDIX.</strong></span> <span class='ocrx_word' id='word_1_7' title='bbox 3591 397 3722 452; x_wconf 67' lang='lat'><strong>4500</strong></span> 
     </span>
    </p>
   </div>
   <div class='ocr_carea' id='block_1_2' title="bbox 567 493 2047 585">
    <p class='ocr_par' dir='ltr' id='par_1_2' title="bbox 567 493 2047 578">
     <span class='ocr_line' id='line_1_2' title="bbox 567 493 2047 578; baseline 0.009 -30"><span class='ocrx_word' id='word_1_8' title='bbox 567 493 720 561; x_wconf 86' lang='lat' dir='ltr'><strong>Quod</strong></span> <span class='ocrx_word' id='word_1_9' title='bbox 743 495 789 552; x_wconf 87' lang='lat' dir='ltr'><strong>si</strong></span> <span class='ocrx_word' id='word_1_10' title='bbox 821 494 945 565; x_wconf 86' lang='lat' dir='ltr'><strong>quis</strong></span> <span class='ocrx_word' id='word_1_11' title='bbox 983 497 1215 555; x_wconf 79' lang='lat' dir='ltr'><strong>fortasse</strong></span> <span class='ocrx_word' id='word_1_12' title='bbox 1244 508 1471 570; x_wconf 83' lang='lat' dir='ltr'><strong>quaerat,</strong></span> <span class='ocrx_word' id='word_1_13' title='bbox 1507 516 1606 557; x_wconf 91' lang='lat' dir='ltr'><strong>cur</strong></span> <span class='ocrx_word' id='word_1_14' title='bbox 1643 519 1753 561; x_wconf 89' lang='lat' dir='ltr'><strong>non</strong></span> <span class='ocrx_word' id='word_1_15' title='bbox 1774 507 2047 578; x_wconf 76' lang='lat' dir='ltr'><strong>cyclorum</strong></span> 
     </span>
    </p>
   </div>
   <div class='ocr_carea' id='block_1_3' title="bbox 2153 493 3722 585">
    <p class='ocr_par' dir='ltr' id='par_1_3' title="bbox 2227 509 3722 585">
     <span class='ocr_line' id='line_1_3' title="bbox 2227 509 3722 585; baseline 0.005 -22"><span class='ocrx_word' id='word_1_16' title='bbox 2227 510 2337 564; x_wconf 79' lang='lat' dir='ltr'><strong>Kal.</strong></span> <span class='ocrx_word' id='word_1_17' title='bbox 2363 510 2491 581; x_wconf 73' lang='grc' dir='ltr'>περὶ</span> <span class='ocrx_word' id='word_1_18' title='bbox 2527 509 2729 564; x_wconf 89' lang='grc' dir='ltr'>τούτων</span> <span class='ocrx_word' id='word_1_19' title='bbox 2745 510 2871 564; x_wconf 88' lang='grc' dir='ltr'><strong>δέεί</strong></span> <span class='ocrx_word' id='word_1_20' title='bbox 2885 527 2969 574; x_wconf 89' lang='grc' dir='ltr'><strong>τις</strong></span> <span class='ocrx_word' id='word_1_21' title='bbox 3002 512 3255 585; x_wconf 81' lang='grc' dir='ltr'><strong>ἀποροίη,</strong></span> <span class='ocrx_word' id='word_1_22' title='bbox 3276 513 3360 566; x_wconf 71' lang='grc' dir='ltr'>διὰ</span> <span class='ocrx_word' id='word_1_23' title='bbox 3382 513 3447 567; x_wconf 76' lang='grc' dir='ltr'><strong>τὸ</strong></span> <span class='ocrx_word' id='word_1_24' title='bbox 3472 515 3552 585; x_wconf 83' lang='grc' dir='ltr'>μὴ</span> <span class='ocrx_word' id='word_1_25' title='bbox 3587 517 3722 571; x_wconf 82' lang='grc' dir='ltr'><strong>κατά</strong></span> 
     </span>
    </p>
   </div>
   <div class='ocr_carea' id='block_1_4' title="bbox 498 588 2047 677">
    <p class='ocr_par' dir='ltr' id='par_1_4' title="bbox 498 588 2047 668">
     <span class='ocr_line' id='line_1_4' title="bbox 498 588 2047 668; baseline 0.009 -28"><span class='ocrx_word' id='word_1_26' title='bbox 498 599 756 642; x_wconf 90' lang='lat' dir='ltr'><strong>numeros</strong></span> <span class='ocrx_word' id='word_1_27' title='bbox 780 588 972 644; x_wconf 83' lang='lat' dir='ltr'><strong>ordine</strong></span> <span class='ocrx_word' id='word_1_28' title='bbox 994 590 1469 660; x_wconf 89' lang='lat' dir='ltr'><strong>descripserimus,</strong></span> <span class='ocrx_word' id='word_1_29' title='bbox 1502 594 1629 650; x_wconf 88' lang='lat' dir='ltr'><strong>huic</strong></span> <span class='ocrx_word' id='word_1_30' title='bbox 1659 612 1758 652; x_wconf 89' lang='lat' dir='ltr'><strong>nos</strong></span> <span class='ocrx_word' id='word_1_31' title='bbox 1796 597 1870 651; x_wconf 91' lang='lat' dir='ltr'><strong>ita</strong></span> <span class='ocrx_word' id='word_1_32' title='bbox 1907 613 2047 668; x_wconf 85' lang='lat' dir='ltr'><strong>quae-</strong></span> 
     </span>
    </p>
   </div>
   <div class='ocr_carea' id='block_1_5' title="bbox 2153 588 3720 677">
    <p class='ocr_par' dir='ltr' id='par_1_5' title="bbox 2156 598 3720 677">
     <span class='ocr_line' id='line_1_5' title="bbox 2156 598 3720 677; baseline 0.007 -25"><span class='ocrx_word' id='word_1_33' title='bbox 2156 598 2308 665; x_wconf 84' lang='grc' dir='ltr'>τάξιν</span> <span class='ocrx_word' id='word_1_34' title='bbox 2347 601 2560 655; x_wconf 85' lang='grc' dir='ltr'>κεῖσθαι</span> <span class='ocrx_word' id='word_1_35' title='bbox 2584 603 2709 667; x_wconf 82' lang='grc' dir='ltr'>τοὺς</span> <span class='ocrx_word' id='word_1_36' title='bbox 2737 603 3002 674; x_wconf 79' lang='grc' dir='ltr'>ἀριθμοὺς</span> <span class='ocrx_word' id='word_1_37' title='bbox 3023 604 3131 657; x_wconf 88' lang='grc' dir='ltr'><strong>τῶν</strong></span> <span class='ocrx_word' id='word_1_38' title='bbox 3153 605 3387 670; x_wconf 89' lang='grc' dir='ltr'>κύκλων,</span> <span class='ocrx_word' id='word_1_39' title='bbox 3410 609 3599 677; x_wconf 80' lang='grc' dir='ltr'><strong>ἡμεῖς,</strong></span> <span class='ocrx_word' id='word_1_40' title='bbox 3632 612 3720 664; x_wconf 76' lang='grc' dir='ltr'>καὶ</span> 
     </span>
    </p>
   </div>
   <div class='ocr_carea' id='block_1_6' title="bbox 501 679 2047 768">
    <p class='ocr_par' dir='ltr' id='par_1_6' title="bbox 501 679 2047 756">
     <span class='ocr_line' id='line_1_6' title="bbox 501 679 2047 756; baseline 0.008 -22"><span class='ocrx_word' id='word_1_41' title='bbox 501 679 666 734; x_wconf 87' lang='lat' dir='ltr'><strong>stioni</strong></span> <span class='ocrx_word' id='word_1_42' title='bbox 705 681 1178 752; x_wconf 87' lang='lat' dir='ltr'><strong>respondebimus,</strong></span> <span class='ocrx_word' id='word_1_43' title='bbox 1206 694 1264 739; x_wconf 93' lang='lat' dir='ltr'><strong>ut</strong></span> <span class='ocrx_word' id='word_1_44' title='bbox 1315 687 1594 756; x_wconf 87' lang='lat' dir='ltr'><strong>proposita</strong></span> <span class='ocrx_word' id='word_1_45' title='bbox 1631 691 1766 744; x_wconf 89' lang='lat' dir='ltr'><strong>recti</strong></span> <span class='ocrx_word' id='word_1_46' title='bbox 1803 706 2047 746; x_wconf 89' lang='lat' dir='ltr'><strong>numero-</strong></span> 
     </span>
    </p>
   </div>
   <div class='ocr_carea' id='block_1_7' title="bbox 2153 679 3720 768">
    <p class='ocr_par' dir='ltr' id='par_1_7' title="bbox 2156 691 3720 768">
     <span class='ocr_line' id='line_1_7' title="bbox 2156 691 3720 768; baseline 0.005 -24"><span class='ocrx_word' id='word_1_47' title='bbox 2156 691 2358 764; x_wconf 89' lang='grc' dir='ltr'>ταύτην</span> <span class='ocrx_word' id='word_1_48' title='bbox 2383 693 2600 758; x_wconf 80' lang='grc' dir='ltr'><strong>λύοντες</strong></span> <span class='ocrx_word' id='word_1_49' title='bbox 2623 695 2719 766; x_wconf 82' lang='grc' dir='ltr'>τὴν</span> <span class='ocrx_word' id='word_1_50' title='bbox 2736 696 2985 766; x_wconf 81' lang='grc' dir='ltr'><strong>ἀπορίαν,</strong></span> <span class='ocrx_word' id='word_1_51' title='bbox 3002 697 3246 768; x_wconf 78' lang='grc' dir='ltr'><strong>δείξομεν</strong></span> <span class='ocrx_word' id='word_1_52' title='bbox 3266 699 3358 753; x_wconf 80' lang='grc' dir='ltr'><strong>καὶ</strong></span> <span class='ocrx_word' id='word_1_53' title='bbox 3375 699 3442 751; x_wconf 86' lang='grc' dir='ltr'><strong>δι’</strong></span> <span class='ocrx_word' id='word_1_54' title='bbox 3459 699 3720 765; x_wconf 77' lang='grc' dir='ltr'><strong>ἐκθέσεως</strong></span> 
     </span>
    </p>
   </div>
   <div class='ocr_carea' id='block_1_8' title="bbox 499 772 2047 862">
    <p class='ocr_par' dir='ltr' id='par_1_8' title="bbox 499 772 2047 841">
     <span class='ocr_line' id='line_1_8' title="bbox 499 772 2047 841; baseline 0.01 -20"><span class='ocrx_word' id='word_1_55' title='bbox 499 785 620 823; x_wconf 93' lang='lat' dir='ltr'><strong>rum</strong></span> <span class='ocrx_word' id='word_1_56' title='bbox 660 772 871 827; x_wconf 84' lang='lat' dir='ltr'><strong>ordinis</strong></span> <span class='ocrx_word' id='word_1_57' title='bbox 903 773 1100 828; x_wconf 90' lang='lat' dir='ltr'><strong>tabella</strong></span> <span class='ocrx_word' id='word_1_58' title='bbox 1142 783 1376 841; x_wconf 84' lang='lat' dir='ltr'><strong>constet,</strong></span> <span class='ocrx_word' id='word_1_59' title='bbox 1410 777 1544 832; x_wconf 88' lang='lat' dir='ltr'><strong>nihil</strong></span> <span class='ocrx_word' id='word_1_60' title='bbox 1597 779 1738 834; x_wconf 91' lang='lat' dir='ltr'><strong>hanc</strong></span> <span class='ocrx_word' id='word_1_61' title='bbox 1787 781 1855 835; x_wconf 91' lang='lat' dir='ltr'><strong>ab</strong></span> <span class='ocrx_word' id='word_1_62' title='bbox 1888 782 2047 837; x_wconf 88' lang='lat' dir='ltr'><strong>altera</strong></span> 
     </span>
    </p>
   </div>
   <div class='ocr_carea' id='block_1_9' title="bbox 2153 772 3719 862">
    <p class='ocr_par' dir='ltr' id='par_1_9' title="bbox 2153 777 3719 862">
     <span class='ocr_line' id='line_1_9' title="bbox 2153 777 3719 862; baseline -0.003 -17"><span class='ocrx_word' id='word_1_63' title='bbox 2153 784 2305 850; x_wconf 80' lang='grc' dir='ltr'>τάξιν</span> <span class='ocrx_word' id='word_1_64' title='bbox 2328 785 2554 856; x_wconf 82' lang='grc' dir='ltr'>ἐχούσης</span> <span class='ocrx_word' id='word_1_65' title='bbox 2589 787 2752 858; x_wconf 86' lang='grc' dir='ltr'>μηδὲν</span> <span class='ocrx_word' id='word_1_66' title='bbox 2780 777 3060 860; x_wconf 75' lang='grc' dir='ltr'><strong>διαφέρειν</strong></span> <span class='ocrx_word' id='word_1_67' title='bbox 3085 790 3298 861; x_wconf 82' lang='grc' dir='ltr'>ἐκείνης</span> <span class='ocrx_word' id='word_1_68' title='bbox 3334 792 3432 861; x_wconf 80' lang='grc' dir='ltr'>τῆς</span> <span class='ocrx_word' id='word_1_69' title='bbox 3461 808 3719 862; x_wconf 81' lang='grc' dir='ltr'>συγκεχυ-</span> 
     </span>
    </p>
   </div>
   <div class='ocr_carea' id='block_1_10' title="bbox 497 861 2047 954">
    <p class='ocr_par' dir='ltr' id='par_1_10' title="bbox 497 861 2047 934">
     <span class='ocr_line' id='line_1_10' title="bbox 497 861 2047 934; baseline 0.005 -15"><span class='ocrx_word' id='word_1_70' title='bbox 497 861 736 926; x_wconf 82' lang='lat' dir='ltr'><strong>dill‘erre,</strong></span> <span class='ocrx_word' id='word_1_71' title='bbox 760 878 882 933; x_wconf 87' lang='lat' dir='ltr'><strong>quae</strong></span> <span class='ocrx_word' id='word_1_72' title='bbox 915 866 1264 934; x_wconf 89' lang='lat' dir='ltr'><strong>perturbatos</strong></span> <span class='ocrx_word' id='word_1_73' title='bbox 1296 868 1516 923; x_wconf 86' lang='lat' dir='ltr'><strong>eosdem</strong></span> <span class='ocrx_word' id='word_1_74' title='bbox 1547 872 1810 926; x_wconf 77' lang='lat' dir='ltr'><strong>continet.</strong></span> <span class='ocrx_word' id='word_1_75' title='bbox 1843 871 2047 928; x_wconf 80' lang='lat' dir='ltr'><strong>Descri-</strong></span> 
     </span>
    </p>
   </div>
   <div class='ocr_carea' id='block_1_11' title="bbox 2153 861 3720 954">
    <p class='ocr_par' dir='ltr' id='par_1_11' title="bbox 2162 861 3720 954">
     <span class='ocr_line' id='line_1_11' title="bbox 2162 861 3720 954; baseline 0.006 -27"><span class='ocrx_word' id='word_1_76' title='bbox 2162 876 2347 947; x_wconf 81' lang='grc' dir='ltr'><strong>μένης.</strong></span> <span class='ocrx_word' id='word_1_77' title='bbox 2427 879 2726 932; x_wconf 80' lang='grc' dir='ltr'><strong>Ἐκκείσθω</strong></span> <span class='ocrx_word' id='word_1_78' title='bbox 2775 880 2882 950; x_wconf 80' lang='grc' dir='ltr'>γὰρ</span> <span class='ocrx_word' id='word_1_79' title='bbox 2929 881 3178 935; x_wconf 80' lang='grc' dir='ltr'>ἐνταυθοῖ</span> <span class='ocrx_word' id='word_1_80' title='bbox 3239 884 3296 934; x_wconf 85' lang='grc' dir='ltr'><strong>ἐν</strong></span> <span class='ocrx_word' id='word_1_81' title='bbox 3343 861 3720 954; x_wconf 57' lang='grc' dir='ltr'>καταγραφαῖς</span> 
     </span>
    </p>
   </div>
   <div class='ocr_carea' id='block_1_12' title="bbox 496 952 2047 1045">
    <p class='ocr_par' dir='ltr' id='par_1_12' title="bbox 496 952 2047 1032">
     <span class='ocr_line' id='line_1_12' title="bbox 496 952 2047 1032; baseline 0.007 -25"><span class='ocrx_word' id='word_1_82' title='bbox 496 952 695 1007; x_wconf 82' lang='lat' dir='ltr'><strong>bantur</strong></span> <span class='ocrx_word' id='word_1_83' title='bbox 722 955 868 1010; x_wconf 89' lang='lat' dir='ltr'><strong>enim</strong></span> <span class='ocrx_word' id='word_1_84' title='bbox 899 954 1002 1010; x_wconf 91' lang='lat' dir='ltr'><strong>hoc</strong></span> <span class='ocrx_word' id='word_1_85' title='bbox 1042 955 1162 1011; x_wconf 91' lang='lat' dir='ltr'><strong>loco</strong></span> <span class='ocrx_word' id='word_1_86' title='bbox 1199 957 1401 1027; x_wconf 84' lang='lat' dir='ltr'><strong>duplici</strong></span> <span class='ocrx_word' id='word_1_87' title='bbox 1441 959 1497 1014; x_wconf 90' lang='lat' dir='ltr'><strong>in</strong></span> <span class='ocrx_word' id='word_1_88' title='bbox 1555 961 1769 1026; x_wconf 86' lang='lat' dir='ltr'><strong>tabella,</strong></span> <span class='ocrx_word' id='word_1_89' title='bbox 1819 963 2047 1032; x_wconf 89' lang='lat' dir='ltr'><strong>primum</strong></span> 
     </span>
    </p>
   </div>
   <div class='ocr_carea' id='block_1_13' title="bbox 2153 952 3717 1045">
    <p class='ocr_par' dir='ltr' id='par_1_13' title="bbox 2159 952 3717 1045">
     <span class='ocr_line' id='line_1_13' title="bbox 2159 952 3717 1045; baseline 0.006 -27"><span class='ocrx_word' id='word_1_90' title='bbox 2159 966 2370 1037; x_wconf 85' lang='grc' dir='ltr'>πρῶτον</span> <span class='ocrx_word' id='word_1_91' title='bbox 2404 967 2502 1039; x_wconf 84' lang='grc' dir='ltr'><strong>μὲν</strong></span> <span class='ocrx_word' id='word_1_92' title='bbox 2554 970 2587 1040; x_wconf 88' lang='grc' dir='ltr'>ὴ</span> <span class='ocrx_word' id='word_1_93' title='bbox 2619 971 2674 1022; x_wconf 88' lang='grc' dir='ltr'><strong>ἐν</strong></span> <span class='ocrx_word' id='word_1_94' title='bbox 2705 969 2783 1040; x_wconf 80' lang='grc' dir='ltr'>τῷ</span> <span class='ocrx_word' id='word_1_95' title='bbox 2811 971 3081 1042; x_wconf 80' lang='grc' dir='ltr'><strong>εἰρημένῳ</strong></span> <span class='ocrx_word' id='word_1_96' title='bbox 3119 972 3348 1042; x_wconf 86' lang='grc' dir='ltr'>κανονίῳ</span> <span class='ocrx_word' id='word_1_97' title='bbox 3379 952 3717 1045; x_wconf 79' lang='grc' dir='ltr'>συγκεχυμέ-</span> 
     </span>
    </p>
   </div>
   <div class='ocr_carea' id='block_1_14' title="bbox 496 1041 2047 1134">
    <p class='ocr_par' dir='ltr' id='par_1_14' title="bbox 496 1041 2047 1119">
     <span class='ocr_line' id='line_1_14' title="bbox 496 1041 2047 1119; baseline 0.011 -25"><span class='ocrx_word' id='word_1_98' title='bbox 496 1041 707 1109; x_wconf 89' lang='lat' dir='ltr'><strong>ordine,</strong></span> <span class='ocrx_word' id='word_1_99' title='bbox 729 1049 788 1096; x_wconf 92' lang='lat' dir='ltr'><strong>ut</strong></span> <span class='ocrx_word' id='word_1_100' title='bbox 809 1043 863 1096; x_wconf 91' lang='lat' dir='ltr'><strong>in</strong></span> <span class='ocrx_word' id='word_1_101' title='bbox 885 1045 1164 1115; x_wconf 86' lang='lat' dir='ltr'><strong>superiore</strong></span> <span class='ocrx_word' id='word_1_102' title='bbox 1198 1047 1478 1116; x_wconf 63' lang='lat' dir='ltr'><strong>laterculo,</strong></span> <span class='ocrx_word' id='word_1_103' title='bbox 1511 1051 1776 1119; x_wconf 76' lang='lat' dir='ltr'><strong>confuso;</strong></span> <span class='ocrx_word' id='word_1_104' title='bbox 1806 1062 1920 1110; x_wconf 93' lang='lat' dir='ltr'><strong>tum</strong></span> <span class='ocrx_word' id='word_1_105' title='bbox 1966 1071 2047 1111; x_wconf 74' lang='lat' dir='ltr'><strong>re~</strong></span> 
     </span>
    </p>
   </div>
   <div class='ocr_carea' id='block_1_15' title="bbox 2153 1041 3719 1134">
    <p class='ocr_par' dir='ltr' id='par_1_15' title="bbox 2157 1058 3719 1134">
     <span class='ocr_line' id='line_1_15' title="bbox 2157 1058 3719 1134; baseline 0.004 -25"><span class='ocrx_word' id='word_1_106' title='bbox 2157 1072 2263 1120; x_wconf 81' lang='grc' dir='ltr'><strong>νως</strong></span> <span class='ocrx_word' id='word_1_107' title='bbox 2299 1058 2612 1131; x_wconf 86' lang='grc' dir='ltr'>ἐκκειμένη,</span> <span class='ocrx_word' id='word_1_108' title='bbox 2645 1060 2832 1115; x_wconf 73' lang='grc' dir='ltr'>ἔπειτα</span> <span class='ocrx_word' id='word_1_109' title='bbox 2862 1062 2918 1116; x_wconf 83' lang='grc' dir='ltr'>δὲ</span> <span class='ocrx_word' id='word_1_110' title='bbox 2945 1065 2979 1134; x_wconf 86' lang='grc' dir='ltr'><strong>ἡ</strong></span> <span class='ocrx_word' id='word_1_111' title='bbox 3013 1062 3318 1127; x_wconf 82' lang='grc' dir='ltr'><strong>εὐτάκτως·</strong></span> <span class='ocrx_word' id='word_1_112' title='bbox 3357 1065 3453 1116; x_wconf 72' lang='grc' dir='ltr'>καὶ</span> <span class='ocrx_word' id='word_1_113' title='bbox 3485 1063 3719 1116; x_wconf 75' lang='grc' dir='ltr'>ἔστωσαν</span> 
     </span>
    </p>
   </div>
   <div class='ocr_carea' id='block_1_16' title="bbox 495 1135 2047 1207">
    <p class='ocr_par' dir='ltr' id='par_1_16' title="bbox 495 1135 1162 1207">
     <span class='ocr_line' id='line_1_16' title="bbox 495 1135 1162 1207; baseline 0.007 -21"><span class='ocrx_word' id='word_1_114' title='bbox 495 1141 586 1187; x_wconf 86' lang='lat' dir='ltr'><strong>cto</strong></span> <span class='ocrx_word' id='word_1_115' title='bbox 613 1152 626 1188; x_wconf 88' lang='lat'><strong>:</strong></span> <span class='ocrx_word' id='word_1_116' title='bbox 652 1147 717 1188; x_wconf 92' lang='lat' dir='ltr'><strong>ac</strong></span> <span class='ocrx_word' id='word_1_117' title='bbox 746 1135 854 1191; x_wconf 89' lang='lat' dir='ltr'><strong>sint</strong></span> <span class='ocrx_word' id='word_1_118' title='bbox 873 1135 1162 1207; x_wconf 87' lang='lat' dir='ltr'><strong>ejusmodi.</strong></span> 
     </span>
    </p>
   </div>
   <div class='ocr_carea' id='block_1_17' title="bbox 2153 1135 2351 1207">
    <p class='ocr_par' dir='ltr' id='par_1_17' title="bbox 2159 1142 2351 1204">
     <span class='ocr_line' id='line_1_17' title="bbox 2159 1142 2351 1204; baseline -0.005 -2"><span class='ocrx_word' id='word_1_119' title='bbox 2159 1142 2315 1204; x_wconf 74' lang='grc' dir='ltr'>αὗται</span> <span class='ocrx_word' id='word_1_120' title='bbox 2335 1166 2351 1181; x_wconf 77' lang='grc' dir='ltr'><strong><em>ο</em></strong></span> 
     </span>
    </p>
   </div>
   <div class='ocr_carea' id='block_1_18' title="bbox 1880 1298 2333 1374">
    <p class='ocr_par' dir='ltr' id='par_1_18' title="bbox 1880 1298 2333 1374">
     <span class='ocr_line' id='line_1_18' title="bbox 1880 1298 2333 1374; baseline 0.007 -21"><span class='ocrx_word' id='word_1_121' title='bbox 1880 1298 1937 1353; x_wconf 81' lang='grc' dir='ltr'><strong>Α⁹</strong></span> <span class='ocrx_word' id='word_1_122' title='bbox 1973 1301 2333 1374; x_wconf 72' lang='grc' dir='ltr'>Καταγραφή.</span> 
     </span>
    </p>
   </div>
   <div class='ocr_carea' id='block_1_19' title="bbox 1434 1401 2781 1479">
    <p class='ocr_par' dir='ltr' id='par_1_19' title="bbox 1434 1401 2781 1479">
     <span class='ocr_line' id='line_1_19' title="bbox 1434 1401 2781 1479; baseline 0.008 -24"><span class='ocrx_word' id='word_1_123' title='bbox 1434 1405 1482 1455; x_wconf 79' lang='grc' dir='ltr'>α’</span> <span class='ocrx_word' id='word_1_124' title='bbox 1655 1401 1701 1472; x_wconf 66' lang='grc' dir='ltr'><strong>β’</strong></span> <span class='ocrx_word' id='word_1_125' title='bbox 1878 1411 1925 1472; x_wconf 66' lang='grc' dir='ltr'><strong>γ</strong></span> <span class='ocrx_word' id='word_1_126' title='bbox 2094 1405 2139 1458; x_wconf 65' lang='grc' dir='ltr'><strong>θ’</strong></span> <span class='ocrx_word' id='word_1_127' title='bbox 2313 1415 2342 1462; x_wconf 81' lang='grc' dir='ltr'><strong>ι’</strong></span> <span class='ocrx_word' id='word_1_128' title='bbox 2527 1419 2568 1464; x_wconf 85' lang='grc' dir='ltr'>ε’</span> <span class='ocrx_word' id='word_1_129' title='bbox 2731 1421 2781 1479; x_wconf 81' lang='grc' dir='ltr'>ς’</span> 
     </span>
    </p>
   </div>
   <div class='ocr_carea' id='block_1_20' title="bbox 1438 1492 2790 1572">
    <p class='ocr_par' dir='ltr' id='par_1_20' title="bbox 1438 1492 2790 1572">
     <span class='ocr_line' id='line_1_20' title="bbox 1438 1492 2790 1572; baseline 0.011 -28"><span class='ocrx_word' id='word_1_130' title='bbox 1438 1492 1483 1555; x_wconf 77' lang='grc' dir='ltr'><strong>ζ’</strong></span> <span class='ocrx_word' id='word_1_131' title='bbox 1630 1501 1696 1561; x_wconf 86' lang='grc' dir='ltr'>ιγ’</span> <span class='ocrx_word' id='word_1_132' title='bbox 1839 1503 1916 1548; x_wconf 84' lang='grc' dir='ltr'>κε’</span> <span class='ocrx_word' id='word_1_133' title='bbox 2070 1501 2131 1549; x_wconf 86' lang='grc' dir='ltr'>ιε’</span> <span class='ocrx_word' id='word_1_134' title='bbox 2281 1507 2366 1552; x_wconf 89' lang='grc' dir='ltr'>κα¹</span> <span class='ocrx_word' id='word_1_135' title='bbox 2501 1502 2584 1572; x_wconf 84' lang='grc' dir='ltr'><strong>κβ¹</strong></span> <span class='ocrx_word' id='word_1_136' title='bbox 2729 1508 2790 1572; x_wconf 75' lang='grc' dir='ltr'><strong>ιζ’</strong></span> 
     </span>
    </p>
   </div>
   <div class='ocr_carea' id='block_1_21' title="bbox 1427 1585 2805 1669">
    <p class='ocr_par' dir='ltr' id='par_1_21' title="bbox 1427 1585 2805 1669">
     <span class='ocr_line' id='line_1_21' title="bbox 1427 1585 2805 1669; baseline 0.012 -32"><span class='ocrx_word' id='word_1_137' title='bbox 1427 1590 1495 1654; x_wconf 87' lang='grc' dir='ltr'>ιη’</span> <span class='ocrx_word' id='word_1_138' title='bbox 1638 1585 1703 1639; x_wconf 81' lang='grc' dir='ltr'>ιθ¹</span> <span class='ocrx_word' id='word_1_139' title='bbox 1855 1588 1914 1641; x_wconf 88' lang='grc' dir='ltr'>ιδ’</span> <span class='ocrx_word' id='word_1_140' title='bbox 2047 1597 2137 1653; x_wconf 78' lang='grc' dir='ltr'>κς¹</span> <span class='ocrx_word' id='word_1_141' title='bbox 2291 1591 2372 1655; x_wconf 80' lang='grc' dir='ltr'><strong>κζ’</strong></span> <span class='ocrx_word' id='word_1_142' title='bbox 2523 1603 2590 1650; x_wconf 86' lang='grc' dir='ltr'>ια’</span> <span class='ocrx_word' id='word_1_143' title='bbox 2720 1607 2805 1669; x_wconf 86' lang='grc' dir='ltr'>κγ’</span> 
     </span>
    </p>
   </div>
   <div class='ocr_carea' id='block_1_22' title="bbox 1428 1676 2803 1767">
    <p class='ocr_par' dir='ltr' id='par_1_22' title="bbox 1428 1676 2803 1767">
     <span class='ocr_line' id='line_1_22' title="bbox 1428 1676 2803 1767; baseline 0.012 -37"><span class='ocrx_word' id='word_1_144' title='bbox 1428 1676 1493 1746; x_wconf 83' lang='grc' dir='ltr'><strong>ιβ’</strong></span> <span class='ocrx_word' id='word_1_145' title='bbox 1634 1679 1710 1732; x_wconf 83' lang='grc' dir='ltr'>κδ’</span> <span class='ocrx_word' id='word_1_146' title='bbox 1865 1688 1913 1752; x_wconf 84' lang='grc' dir='ltr'>η’</span> <span class='ocrx_word' id='word_1_147' title='bbox 2075 1689 2126 1737; x_wconf 85' lang='grc' dir='ltr'>κ’</span> <span class='ocrx_word' id='word_1_148' title='bbox 2305 1687 2348 1740; x_wconf 82' lang='grc' dir='ltr'>δ’</span> <span class='ocrx_word' id='word_1_149' title='bbox 2517 1698 2590 1755; x_wconf 80' lang='grc' dir='ltr'>ις’</span> <span class='ocrx_word' id='word_1_150' title='bbox 2719 1703 2803 1767; x_wconf 85' lang='grc' dir='ltr'>κη’</span> 
     </span>
    </p>
   </div>
   <div class='ocr_carea' id='block_1_23' title="bbox 1879 1793 2329 1871">
    <p class='ocr_par' dir='ltr' id='par_1_23' title="bbox 1879 1793 2329 1871">
     <span class='ocr_line' id='line_1_23' title="bbox 1879 1793 2329 1871; baseline 0.013 -24"><span class='ocrx_word' id='word_1_151' title='bbox 1879 1793 1934 1847; x_wconf 88' lang='lat' dir='ltr'><strong>B&#39;</strong></span> <span class='ocrx_word' id='word_1_152' title='bbox 1969 1797 2329 1871; x_wconf 77' lang='grc' dir='ltr'>Καταγραφή.</span> 
     </span>
    </p>
   </div>
   <div class='ocr_carea' id='block_1_24' title="bbox 1436 1907 2803 1988">
    <p class='ocr_par' dir='ltr' id='par_1_24' title="bbox 1436 1907 2803 1988">
     <span class='ocr_line' id='line_1_24' title="bbox 1436 1907 2803 1988; baseline 0.01 -13"><span class='ocrx_word' id='word_1_153' title='bbox 1436 1907 1897 1978; x_wconf 68' lang='grc' dir='ltr'><strong>α’β’γ</strong></span> <span class='ocrx_word' id='word_1_154' title='bbox 2303 1914 2803 1988; x_wconf 67' lang='grc' dir='ltr'>δ’έςι</span> 
     </span>
    </p>
   </div>
   <div class='ocr_carea' id='block_1_25' title="bbox 1442 1998 2582 2071">
    <p class='ocr_par' dir='ltr' id='par_1_25' title="bbox 1442 1998 2582 2071">
     <span class='ocr_line' id='line_1_25' title="bbox 1442 1998 2582 2071; baseline 0.011 -20"><span class='ocrx_word' id='word_1_155' title='bbox 1442 1998 1486 2064; x_wconf 80' lang='grc' dir='ltr'><strong>ζ’</strong></span> <span class='ocrx_word' id='word_1_156' title='bbox 1852 2007 1900 2071; x_wconf 78' lang='grc' dir='ltr'>η’</span> <span class='ocrx_word' id='word_1_157' title='bbox 2066 2001 2110 2055; x_wconf 89' lang='grc' dir='ltr'>θ’</span> <span class='ocrx_word' id='word_1_158' title='bbox 2301 2043 2319 2060; x_wconf 91' lang='grc'><strong>.</strong></span> <span class='ocrx_word' id='word_1_159' title='bbox 2518 2016 2582 2064; x_wconf 74' lang='lat' dir='ltr'><strong>tat‘</strong></span> 
     </span>
    </p>
   </div>
   <div class='ocr_carea' id='block_1_26' title="bbox 1423 2091 2791 2173">
    <p class='ocr_par' dir='ltr' id='par_1_26' title="bbox 1423 2091 2791 2173">
     <span class='ocr_line' id='line_1_26' title="bbox 1423 2091 2791 2173; baseline 0.004 -29"><span class='ocrx_word' id='word_1_160' title='bbox 1423 2091 1488 2161; x_wconf 82' lang='grc' dir='ltr'><strong>ιβ’</strong></span> <span class='ocrx_word' id='word_1_161' title='bbox 1635 2098 1700 2158; x_wconf 74' lang='grc' dir='ltr'>ιγ’</span> <span class='ocrx_word' id='word_1_162' title='bbox 1838 2091 1895 2144; x_wconf 79' lang='grc' dir='ltr'>ιδ’</span> <span class='ocrx_word' id='word_1_163' title='bbox 2042 2100 2100 2146; x_wconf 83' lang='grc' dir='ltr'>ιε’</span> <span class='ocrx_word' id='word_1_164' title='bbox 2511 2111 2583 2168; x_wconf 78' lang='grc' dir='ltr'>ις’</span> <span class='ocrx_word' id='word_1_165' title='bbox 2728 2109 2791 2173; x_wconf 74' lang='grc' dir='ltr'><strong>ιζ’</strong></span> 
     </span>
    </p>
   </div>
   <div class='ocr_carea' id='block_1_27' title="bbox 1414 2181 2802 2267">
    <p class='ocr_par' dir='ltr' id='par_1_27' title="bbox 1414 2181 2802 2267">
     <span class='ocr_line' id='line_1_27' title="bbox 1414 2181 2802 2267; baseline -0.006 -31"><span class='ocrx_word' id='word_1_166' title='bbox 1414 2189 1481 2253; x_wconf 82' lang='grc' dir='ltr'>ιη’</span> <span class='ocrx_word' id='word_1_167' title='bbox 1630 2181 1693 2234; x_wconf 90' lang='grc' dir='ltr'>ιθ¹</span> <span class='ocrx_word' id='word_1_168' title='bbox 2055 2189 2104 2236; x_wconf 83' lang='grc' dir='ltr'>κ’</span> <span class='ocrx_word' id='word_1_169' title='bbox 2261 2195 2345 2240; x_wconf 79' lang='grc' dir='ltr'>και</span> <span class='ocrx_word' id='word_1_170' title='bbox 2497 2193 2580 2264; x_wconf 75' lang='grc' dir='ltr'>κβι</span> <span class='ocrx_word' id='word_1_171' title='bbox 2717 2207 2802 2267; x_wconf 72' lang='grc' dir='ltr'>κγ,</span> 
     </span>
    </p>
   </div>
   <div class='ocr_carea' id='block_1_28' title="bbox 1624 2273 2809 2362">
    <p class='ocr_par' dir='ltr' id='par_1_28' title="bbox 1624 2273 2809 2362">
     <span class='ocr_line' id='line_1_28' title="bbox 1624 2273 2809 2362; baseline 0.007 -35"><span class='ocrx_word' id='word_1_172' title='bbox 1624 2273 1701 2327; x_wconf 83' lang='grc' dir='ltr'>κδ’</span> <span class='ocrx_word' id='word_1_173' title='bbox 1833 2280 1909 2328; x_wconf 84' lang='grc' dir='ltr'>κε’</span> <span class='ocrx_word' id='word_1_174' title='bbox 2042 2282 2133 2340; x_wconf 87' lang='grc' dir='ltr'>κς¹</span> <span class='ocrx_word' id='word_1_175' title='bbox 2257 2279 2338 2344; x_wconf 78' lang='grc' dir='ltr'><strong>κζ’</strong></span> <span class='ocrx_word' id='word_1_176' title='bbox 2724 2298 2809 2362; x_wconf 73' lang='grc' dir='ltr'><strong>κη’</strong></span> 
     </span>
    </p>
   </div>
   <div class='ocr_carea' id='block_1_29' title="bbox 553 2427 2047 2528">
    <p class='ocr_par' dir='ltr' id='par_1_29' title="bbox 553 2427 2045 2504">
     <span class='ocr_line' id='line_1_29' title="bbox 553 2427 2045 2504; baseline -0.003 -19"><span class='ocrx_word' id='word_1_177' title='bbox 553 2429 1001 2486; x_wconf 84' lang='lat' dir='ltr'><strong>Animadvertere</strong></span> <span class='ocrx_word' id='word_1_178' title='bbox 1035 2431 1201 2504; x_wconf 74' lang='lat' dir='ltr'><strong>igitur</strong></span> <span class='ocrx_word' id='word_1_179' title='bbox 1229 2437 1468 2502; x_wconf 86' lang='lat' dir='ltr'><strong>oportet,</strong></span> <span class='ocrx_word' id='word_1_180' title='bbox 1499 2428 1965 2501; x_wconf 82' lang='lat' dir='ltr'><strong>quemadmodum</strong></span> <span class='ocrx_word' id='word_1_181' title='bbox 1989 2427 2045 2482; x_wconf 92' lang='lat' dir='ltr'><strong>in</strong></span> 
     </span>
    </p>
   </div>
   <div class='ocr_carea' id='block_1_30' title="bbox 2153 2427 3711 2528">
    <p class='ocr_par' dir='ltr' id='par_1_30' title="bbox 2158 2433 3711 2528">
     <span class='ocr_line' id='line_1_30' title="bbox 2158 2433 3711 2528; baseline 0.023 -45"><span class='ocrx_word' id='word_1_182' title='bbox 2158 2525 2178 2528; x_wconf 28' lang='lat' dir='ltr'><strong>ﬂ</strong></span> <span class='ocrx_word' id='word_1_183' title='bbox 2215 2433 2490 2492; x_wconf 86' lang='grc' dir='ltr'>Σκεπτέον</span> <span class='ocrx_word' id='word_1_184' title='bbox 2546 2441 2744 2509; x_wconf 86' lang='grc' dir='ltr'>τοίνυν,</span> <span class='ocrx_word' id='word_1_185' title='bbox 2776 2446 2852 2511; x_wconf 85' lang='grc' dir='ltr'>ὡς</span> <span class='ocrx_word' id='word_1_186' title='bbox 2886 2447 2944 2502; x_wconf 84' lang='grc' dir='ltr'><strong>ἐν</strong></span> <span class='ocrx_word' id='word_1_187' title='bbox 2972 2453 3036 2522; x_wconf 84' lang='grc' dir='ltr'>τῇ</span> <span class='ocrx_word' id='word_1_188' title='bbox 3097 2451 3325 2526; x_wconf 75' lang='grc' dir='ltr'>δευτέρᾳ</span> <span class='ocrx_word' id='word_1_189' title='bbox 3367 2459 3711 2528; x_wconf 66' lang='grc' dir='ltr'>καταγραφῇ,</span> 
     </span>
    </p>
   </div>
   <div class='ocr_carea' id='block_1_31' title="bbox 483 2519 2049 2591">
    <p class='ocr_par' dir='ltr' id='par_1_31' title="bbox 483 2519 2049 2591">
     <span class='ocr_line' id='line_1_31' title="bbox 483 2519 2049 2591; baseline -0.003 -14"><span class='ocrx_word' id='word_1_190' title='bbox 483 2520 726 2577; x_wconf 81' lang='lat' dir='ltr'><strong>secunda</strong></span> <span class='ocrx_word' id='word_1_191' title='bbox 756 2521 962 2585; x_wconf 89' lang='lat' dir='ltr'><strong>tabula,</strong></span> <span class='ocrx_word' id='word_1_192' title='bbox 991 2536 1114 2591; x_wconf 82' lang='lat' dir='ltr'><strong>quae</strong></span> <span class='ocrx_word' id='word_1_193' title='bbox 1139 2521 1421 2576; x_wconf 90' lang='lat' dir='ltr'><strong>ordinatos</strong></span> <span class='ocrx_word' id='word_1_194' title='bbox 1449 2519 1610 2576; x_wconf 78' lang='lat' dir='ltr'><strong>habet</strong></span> <span class='ocrx_word' id='word_1_195' title='bbox 1645 2519 1925 2590; x_wconf 81' lang='lat' dir='ltr'><strong>cyclorum</strong></span> <span class='ocrx_word' id='word_1_196' title='bbox 1946 2533 2049 2572; x_wconf 88' lang='lat' dir='ltr'><strong>nu-</strong></span> 
     </span>
    </p>
   </div>
   <div class='ocr_carea' id='block_1_32' title="bbox 483 2613 2052 2686">
    <p class='ocr_par' dir='ltr' id='par_1_32' title="bbox 483 2613 2052 2686">
     <span class='ocr_line' id='line_1_32' title="bbox 483 2613 2052 2686; baseline -0.003 -18"><span class='ocrx_word' id='word_1_197' title='bbox 483 2628 666 2670; x_wconf 89' lang='lat' dir='ltr'><strong>meros</strong></span> <span class='ocrx_word' id='word_1_198' title='bbox 689 2652 704 2679; x_wconf 93' lang='lat'><strong>,</strong></span> <span class='ocrx_word' id='word_1_199' title='bbox 754 2622 951 2685; x_wconf 86' lang='lat' dir='ltr'><strong>quarta</strong></span> <span class='ocrx_word' id='word_1_200' title='bbox 994 2630 1223 2686; x_wconf 65' lang='lat' dir='ltr'><strong>quaeque</strong></span> <span class='ocrx_word' id='word_1_201' title='bbox 1257 2614 1439 2670; x_wconf 89' lang='lat' dir='ltr'><strong>areola</strong></span> <span class='ocrx_word' id='word_1_202' title='bbox 1475 2613 1719 2668; x_wconf 89' lang='lat' dir='ltr'><strong>numeris</strong></span> <span class='ocrx_word' id='word_1_203' title='bbox 1750 2625 1920 2666; x_wconf 89' lang='lat' dir='ltr'><strong>vacua</strong></span> <span class='ocrx_word' id='word_1_204' title='bbox 1964 2625 2052 2665; x_wconf 89' lang='lat' dir='ltr'><strong>re-</strong></span> 
     </span>
    </p>
   </div>
   <div class='ocr_carea' id='block_1_33' title="bbox 481 2705 2052 2776">
    <p class='ocr_par' dir='ltr' id='par_1_33' title="bbox 481 2705 2052 2776">
     <span class='ocr_line' id='line_1_33' title="bbox 481 2705 2052 2776; baseline -0.003 -16"><span class='ocrx_word' id='word_1_205' title='bbox 481 2707 610 2760; x_wconf 81' lang='lat' dir='ltr'><strong>licta</strong></span> <span class='ocrx_word' id='word_1_206' title='bbox 637 2705 712 2762; x_wconf 85' lang='lat' dir='ltr'><strong>sit</strong></span> <span class='ocrx_word' id='word_1_207' title='bbox 752 2720 769 2760; x_wconf 83' lang='lat'><strong>:</strong></span> <span class='ocrx_word' id='word_1_208' title='bbox 807 2721 929 2776; x_wconf 70' lang='lat' dir='ltr'><strong>qua:</strong></span> <span class='ocrx_word' id='word_1_209' title='bbox 961 2721 1049 2764; x_wconf 87' lang='lat' dir='ltr'><strong>res</strong></span> <span class='ocrx_word' id='word_1_210' title='bbox 1083 2707 1310 2772; x_wconf 85' lang='lat' dir='ltr'><strong>indicat,</strong></span> <span class='ocrx_word' id='word_1_211' title='bbox 1341 2712 1465 2775; x_wconf 88' lang='lat' dir='ltr'><strong>post</strong></span> <span class='ocrx_word' id='word_1_212' title='bbox 1487 2719 1662 2760; x_wconf 91' lang='lat' dir='ltr'><strong>annos</strong></span> <span class='ocrx_word' id='word_1_213' title='bbox 1693 2711 1930 2774; x_wconf 86' lang='lat' dir='ltr'><strong>quatuor</strong></span> <span class='ocrx_word' id='word_1_214' title='bbox 1955 2717 2052 2755; x_wconf 91' lang='lat' dir='ltr'><strong>an-</strong></span> 
     </span>
    </p>
   </div>
   <div class='ocr_carea' id='block_1_34' title="bbox 479 2794 2050 2878">
    <p class='ocr_par' dir='ltr' id='par_1_34' title="bbox 479 2794 2050 2878">
     <span class='ocr_line' id='line_1_34' title="bbox 479 2794 2050 2878; baseline -0.001 -27"><span class='ocrx_word' id='word_1_215' title='bbox 479 2812 614 2852; x_wconf 92' lang='lat' dir='ltr'><strong>num</strong></span> <span class='ocrx_word' id='word_1_216' title='bbox 647 2813 758 2852; x_wconf 87' lang='lat' dir='ltr'><strong>uno</strong></span> <span class='ocrx_word' id='word_1_217' title='bbox 793 2798 880 2854; x_wconf 88' lang='lat' dir='ltr'><strong>die</strong></span> <span class='ocrx_word' id='word_1_218' title='bbox 909 2798 1147 2868; x_wconf 91' lang='lat' dir='ltr'><strong>priorem</strong></span> <span class='ocrx_word' id='word_1_219' title='bbox 1172 2798 1421 2853; x_wconf 89' lang='lat' dir='ltr'><strong>ordinem</strong></span> <span class='ocrx_word' id='word_1_220' title='bbox 1452 2795 1844 2852; x_wconf 83' lang='lat' dir='ltr'><strong>transcendere</strong></span> <span class='ocrx_word' id='word_1_221' title='bbox 1873 2814 1884 2848; x_wconf 95' lang='lat'>:</span> <span class='ocrx_word' id='word_1_222' title='bbox 1911 2794 2050 2878; x_wconf 70' lang='lat' dir='ltr'><strong>situs</strong></span> 
     </span>
    </p>
   </div>
   <div class='ocr_carea' id='block_1_35' title="bbox 483 2887 2050 2960">
    <p class='ocr_par' dir='ltr' id='par_1_35' title="bbox 483 2887 2050 2960">
     <span class='ocr_line' id='line_1_35' title="bbox 483 2887 2050 2960; baseline -0.004 -15"><span class='ocrx_word' id='word_1_223' title='bbox 483 2904 649 2960; x_wconf 86' lang='lat' dir='ltr'><strong>porro</strong></span> <span class='ocrx_word' id='word_1_224' title='bbox 669 2903 1020 2945; x_wconf 88' lang='lat' dir='ltr'><strong>numerorum</strong></span> <span class='ocrx_word' id='word_1_225' title='bbox 1057 2889 1113 2944; x_wconf 88' lang='lat' dir='ltr'><strong>in</strong></span> <span class='ocrx_word' id='word_1_226' title='bbox 1149 2889 1391 2958; x_wconf 91' lang='lat' dir='ltr'><strong>quolibet</strong></span> <span class='ocrx_word' id='word_1_227' title='bbox 1423 2904 1588 2944; x_wconf 87' lang='lat' dir='ltr'><strong>versu</strong></span> <span class='ocrx_word' id='word_1_228' title='bbox 1614 2887 1757 2942; x_wconf 91' lang='lat' dir='ltr'><strong>idem</strong></span> <span class='ocrx_word' id='word_1_229' title='bbox 1785 2895 1869 2942; x_wconf 90' lang='lat' dir='ltr'><strong>est</strong></span> <span class='ocrx_word' id='word_1_230' title='bbox 1898 2893 2050 2939; x_wconf 89' lang='lat' dir='ltr'><strong>utro-</strong></span> 
     </span>
    </p>
   </div>
   <div class='ocr_carea' id='block_1_36' title="bbox 479 2978 2050 3051">
    <p class='ocr_par' dir='ltr' id='par_1_36' title="bbox 479 2978 2050 3051">
     <span class='ocr_line' id='line_1_36' title="bbox 479 2978 2050 3051; baseline -0.003 -16"><span class='ocrx_word' id='word_1_231' title='bbox 479 2980 666 3051; x_wconf 84' lang='lat' dir='ltr'><strong>bique,</strong></span> <span class='ocrx_word' id='word_1_232' title='bbox 701 2995 766 3034; x_wconf 91' lang='lat' dir='ltr'><strong>ac</strong></span> <span class='ocrx_word' id='word_1_233' title='bbox 803 2979 988 3034; x_wconf 90' lang='lat' dir='ltr'><strong>videre</strong></span> <span class='ocrx_word' id='word_1_234' title='bbox 1043 2979 1172 3034; x_wconf 87' lang='lat' dir='ltr'><strong>licet</strong></span> <span class='ocrx_word' id='word_1_235' title='bbox 1205 2980 1262 3034; x_wconf 91' lang='lat' dir='ltr'><strong>in</strong></span> <span class='ocrx_word' id='word_1_236' title='bbox 1304 2980 1497 3050; x_wconf 87' lang='lat' dir='ltr'><strong>primis</strong></span> <span class='ocrx_word' id='word_1_237' title='bbox 1537 2978 1788 3039; x_wconf 85' lang='lat' dir='ltr'><strong>.versibus</strong></span> <span class='ocrx_word' id='word_1_238' title='bbox 1827 2978 2050 3033; x_wconf 89' lang='lat' dir='ltr'><strong>eosdem</strong></span> 
     </span>
    </p>
   </div>
   <div class='ocr_carea' id='block_1_37' title="bbox 480 3066 2050 3139">
    <p class='ocr_par' dir='ltr' id='par_1_37' title="bbox 480 3066 2050 3139">
     <span class='ocr_line' id='line_1_37' title="bbox 480 3066 2050 3139; baseline -0.001 -15"><span class='ocrx_word' id='word_1_239' title='bbox 480 3069 758 3139; x_wconf 87' lang='lat' dir='ltr'><strong>cyclorum</strong></span> <span class='ocrx_word' id='word_1_240' title='bbox 801 3083 1060 3124; x_wconf 88' lang='lat' dir='ltr'><strong>numeros</strong></span> <span class='ocrx_word' id='word_1_241' title='bbox 1098 3068 1415 3124; x_wconf 89' lang='lat' dir='ltr'><strong>collocatos.</strong></span> <span class='ocrx_word' id='word_1_242' title='bbox 1452 3066 1566 3123; x_wconf 88' lang='lat' dir='ltr'><strong>Etsi</strong></span> <span class='ocrx_word' id='word_1_243' title='bbox 1607 3068 1753 3122; x_wconf 86' lang='lat' dir='ltr'><strong>enim</strong></span> <span class='ocrx_word' id='word_1_244' title='bbox 1783 3067 1836 3120; x_wconf 94' lang='lat' dir='ltr'><strong>in</strong></span> <span class='ocrx_word' id='word_1_245' title='bbox 1867 3067 2050 3136; x_wconf 90' lang='lat' dir='ltr'><strong>priore</strong></span> 
     </span>
    </p>
   </div>
   <div class='ocr_carea' id='block_1_38' title="bbox 480 3160 2049 3230">
    <p class='ocr_par' dir='ltr' id='par_1_38' title="bbox 480 3160 2049 3230">
     <span class='ocr_line' id='line_1_38' title="bbox 480 3160 2049 3230; baseline -0.001 -16"><span class='ocrx_word' id='word_1_246' title='bbox 480 3160 682 3215; x_wconf 87' lang='lat' dir='ltr'><strong>tabella</strong></span> <span class='ocrx_word' id='word_1_247' title='bbox 710 3177 843 3215; x_wconf 82' lang='lat' dir='ltr'><strong>xvm</strong></span> <span class='ocrx_word' id='word_1_248' title='bbox 875 3175 1039 3230; x_wconf 86' lang='lat' dir='ltr'><strong>supra</strong></span> <span class='ocrx_word' id='word_1_249' title='bbox 1072 3176 1148 3214; x_wconf 75' lang='lat' dir='ltr'><strong>xu</strong></span> <span class='ocrx_word' id='word_1_250' title='bbox 1172 3160 1385 3230; x_wconf 87' lang='lat' dir='ltr'><strong>positus</strong></span> <span class='ocrx_word' id='word_1_251' title='bbox 1433 3161 1541 3224; x_wconf 90' lang='lat' dir='ltr'><strong>sit;</strong></span> <span class='ocrx_word' id='word_1_252' title='bbox 1575 3166 1753 3214; x_wconf 87' lang='lat' dir='ltr'><strong>tamen</strong></span> <span class='ocrx_word' id='word_1_253' title='bbox 1788 3175 1912 3214; x_wconf 92' lang='lat' dir='ltr'><strong>cum</strong></span> <span class='ocrx_word' id='word_1_254' title='bbox 1955 3174 2049 3213; x_wconf 89' lang='lat' dir='ltr'><strong>eo-</strong></span> 
     </span>
    </p>
   </div>
   <div class='ocr_carea' id='block_1_39' title="bbox 479 3251 2047 3323">
    <p class='ocr_par' dir='ltr' id='par_1_39' title="bbox 479 3251 2047 3323">
     <span class='ocr_line' id='line_1_39' title="bbox 479 3251 2047 3323; baseline 0.001 -17"><span class='ocrx_word' id='word_1_255' title='bbox 479 3251 604 3307; x_wconf 87' lang='lat' dir='ltr'><strong>dem</strong></span> <span class='ocrx_word' id='word_1_256' title='bbox 636 3259 866 3322; x_wconf 88' lang='lat' dir='ltr'><strong>ulerque</strong></span> <span class='ocrx_word' id='word_1_257' title='bbox 887 3269 1050 3308; x_wconf 88' lang='lat' dir='ltr'><strong>versu</strong></span> <span class='ocrx_word' id='word_1_258' title='bbox 1084 3255 1453 3317; x_wconf 87' lang='lat' dir='ltr'><strong>contineatur,</strong></span> <span class='ocrx_word' id='word_1_259' title='bbox 1489 3255 1699 3308; x_wconf 89' lang='lat' dir='ltr'><strong>nullum</strong></span> <span class='ocrx_word' id='word_1_260' title='bbox 1734 3269 1797 3309; x_wconf 77' lang='lat' dir='ltr'><strong>ex</strong></span> <span class='ocrx_word' id='word_1_261' title='bbox 1831 3261 2047 3323; x_wconf 90' lang='lat' dir='ltr'><strong>pertur-</strong></span> 
     </span>
    </p>
   </div>
   <div class='ocr_carea' id='block_1_40' title="bbox 477 3343 2047 3413">
    <p class='ocr_par' dir='ltr' id='par_1_40' title="bbox 477 3343 2047 3413">
     <span class='ocr_line' id='line_1_40' title="bbox 477 3343 2047 3413; baseline 0.003 -15"><span class='ocrx_word' id='word_1_262' title='bbox 477 3343 607 3398; x_wconf 82' lang='lat' dir='ltr'><strong>bata</strong></span> <span class='ocrx_word' id='word_1_263' title='bbox 638 3343 733 3398; x_wconf 88' lang='lat' dir='ltr'><strong>illa</strong></span> <span class='ocrx_word' id='word_1_264' title='bbox 777 3343 1138 3413; x_wconf 82' lang='lat' dir='ltr'><strong>dispositione</strong></span> <span class='ocrx_word' id='word_1_265' title='bbox 1165 3345 1461 3400; x_wconf 90' lang='lat' dir='ltr'><strong>discrimen</strong></span> <span class='ocrx_word' id='word_1_266' title='bbox 1490 3346 1689 3400; x_wconf 91' lang='lat' dir='ltr'><strong>oritur.</strong></span> <span class='ocrx_word' id='word_1_267' title='bbox 1720 3345 1864 3401; x_wconf 86' lang='lat' dir='ltr'><strong>idem</strong></span> <span class='ocrx_word' id='word_1_268' title='bbox 1904 3356 1957 3402; x_wconf 90' lang='lat' dir='ltr'><strong>et</strong></span> <span class='ocrx_word' id='word_1_269' title='bbox 1991 3347 2047 3402; x_wconf 93' lang='lat' dir='ltr'><strong>in</strong></span> 
     </span>
    </p>
   </div>
   <div class='ocr_carea' id='block_1_41' title="bbox 478 3427 2046 3499">
    <p class='ocr_par' dir='ltr' id='par_1_41' title="bbox 478 3427 2046 3499">
     <span class='ocr_line' id='line_1_41' title="bbox 478 3427 2046 3499; baseline 0.002 -17"><span class='ocrx_word' id='word_1_270' title='bbox 478 3427 710 3499; x_wconf 88' lang='lat' dir='ltr'><strong>reliquis</strong></span> <span class='ocrx_word' id='word_1_271' title='bbox 735 3429 984 3485; x_wconf 76' lang='lat' dir='ltr'><strong>versibus</strong></span> <span class='ocrx_word' id='word_1_272' title='bbox 1001 3436 1246 3499; x_wconf 88' lang='lat' dir='ltr'><strong>apparet,</strong></span> <span class='ocrx_word' id='word_1_273' title='bbox 1271 3437 1332 3483; x_wconf 93' lang='lat' dir='ltr'><strong>ut</strong></span> <span class='ocrx_word' id='word_1_274' title='bbox 1359 3430 1607 3499; x_wconf 87' lang='lat' dir='ltr'><strong>quamvis</strong></span> <span class='ocrx_word' id='word_1_275' title='bbox 1633 3430 2046 3485; x_wconf 89' lang='lat' dir='ltr'><strong>tumultuarium</strong></span> 
     </span>
    </p>
   </div>
   <div class='ocr_carea' id='block_1_42' title="bbox 478 3519 2048 3583">
    <p class='ocr_par' dir='ltr' id='par_1_42' title="bbox 478 3519 2048 3583">
     <span class='ocr_line' id='line_1_42' title="bbox 478 3519 2048 3583; baseline 0.002 -10"><span class='ocrx_word' id='word_1_276' title='bbox 478 3519 734 3575; x_wconf 84' lang='lat' dir='ltr'><strong>videatur</strong></span> <span class='ocrx_word' id='word_1_277' title='bbox 765 3535 908 3583; x_wconf 87' lang='lat' dir='ltr'><strong>esse,</strong></span> <span class='ocrx_word' id='word_1_278' title='bbox 939 3536 1052 3574; x_wconf 92' lang='lat' dir='ltr'><strong>non</strong></span> <span class='ocrx_word' id='word_1_279' title='bbox 1084 3530 1264 3576; x_wconf 87' lang='lat' dir='ltr'><strong>tamen</strong></span> <span class='ocrx_word' id='word_1_280' title='bbox 1313 3520 1542 3575; x_wconf 82' lang='lat' dir='ltr'><strong>excedat</strong></span> <span class='ocrx_word' id='word_1_281' title='bbox 1576 3521 1844 3576; x_wconf 88' lang='lat' dir='ltr'><strong>ordinem.</strong></span> <span class='ocrx_word' id='word_1_282' title='bbox 1880 3521 2048 3576; x_wconf 74' lang='lat' dir='ltr'><strong>Caete-</strong></span> 
     </span>
    </p>
   </div>
   <div class='ocr_carea' id='block_1_43' title="bbox 478 3610 2047 3685">
    <p class='ocr_par' dir='ltr' id='par_1_43' title="bbox 478 3610 2047 3685">
     <span class='ocr_line' id='line_1_43' title="bbox 478 3610 2047 3685; baseline 0.002 -20"><span class='ocrx_word' id='word_1_283' title='bbox 478 3626 601 3665; x_wconf 91' lang='lat' dir='ltr'><strong>rum</strong></span> <span class='ocrx_word' id='word_1_284' title='bbox 634 3610 947 3666; x_wconf 88' lang='lat' dir='ltr'><strong>istiusmodi</strong></span> <span class='ocrx_word' id='word_1_285' title='bbox 981 3612 1260 3684; x_wconf 87' lang='lat' dir='ltr'><strong>cyclorum</strong></span> <span class='ocrx_word' id='word_1_286' title='bbox 1289 3613 1559 3669; x_wconf 89' lang='lat' dir='ltr'><strong>ordinatio</strong></span> <span class='ocrx_word' id='word_1_287' title='bbox 1610 3614 1679 3668; x_wconf 92' lang='lat' dir='ltr'><strong>ab</strong></span> <span class='ocrx_word' id='word_1_288' title='bbox 1703 3630 1766 3670; x_wconf 87' lang='lat' dir='ltr'><strong>eo</strong></span> <span class='ocrx_word' id='word_1_289' title='bbox 1805 3613 1894 3685; x_wconf 92' lang='lat' dir='ltr'><strong>qui</strong></span> <span class='ocrx_word' id='word_1_290' title='bbox 1936 3615 2047 3684; x_wconf 92' lang='lat' dir='ltr'><strong>pri-</strong></span> 
     </span>
    </p>
   </div>
   <div class='ocr_carea' id='block_1_44' title="bbox 477 3701 2044 3776">
    <p class='ocr_par' dir='ltr' id='par_1_44' title="bbox 477 3701 2044 3776">
     <span class='ocr_line' id='line_1_44' title="bbox 477 3701 2044 3776; baseline 0.001 -20"><span class='ocrx_word' id='word_1_291' title='bbox 477 3716 603 3757; x_wconf 89' lang='lat' dir='ltr'><strong>mus</strong></span> <span class='ocrx_word' id='word_1_292' title='bbox 642 3701 966 3756; x_wconf 87' lang='lat' dir='ltr'><strong>laterculum</strong></span> <span class='ocrx_word' id='word_1_293' title='bbox 1016 3702 1294 3767; x_wconf 88' lang='lat' dir='ltr'><strong>condidit,</strong></span> <span class='ocrx_word' id='word_1_294' title='bbox 1338 3703 1390 3757; x_wconf 90' lang='lat' dir='ltr'><strong>in</strong></span> <span class='ocrx_word' id='word_1_295' title='bbox 1431 3720 1555 3760; x_wconf 89' lang='lat' dir='ltr'><strong>eum</strong></span> <span class='ocrx_word' id='word_1_296' title='bbox 1603 3713 1686 3762; x_wconf 86' lang='lat' dir='ltr'><strong>est</strong></span> <span class='ocrx_word' id='word_1_297' title='bbox 1736 3706 2044 3776; x_wconf 80' lang='lat' dir='ltr'><strong>excogitata</strong></span> 
     </span>
    </p>
   </div>
   <div class='ocr_carea' id='block_1_45' title="bbox 477 3778 2112 3866">
    <p class='ocr_par' dir='ltr' id='par_1_45' title="bbox 477 3778 2112 3866">
     <span class='ocr_line' id='line_1_45' title="bbox 477 3778 2112 3866; baseline 0.003 -20"><span class='ocrx_word' id='word_1_298' title='bbox 477 3791 666 3854; x_wconf 80' lang='lat' dir='ltr'><strong>ﬁnem,</strong></span> <span class='ocrx_word' id='word_1_299' title='bbox 701 3799 759 3846; x_wconf 89' lang='lat' dir='ltr'><strong>ut</strong></span> <span class='ocrx_word' id='word_1_300' title='bbox 784 3807 847 3846; x_wconf 89' lang='lat' dir='ltr'><strong>ea</strong></span> <span class='ocrx_word' id='word_1_301' title='bbox 875 3792 1160 3847; x_wconf 89' lang='lat' dir='ltr'><strong>intervalla</strong></span> <span class='ocrx_word' id='word_1_302' title='bbox 1200 3795 1531 3863; x_wconf 89' lang='lat' dir='ltr'><strong>repleantur,</strong></span> <span class='ocrx_word' id='word_1_303' title='bbox 1559 3811 1679 3866; x_wconf 88' lang='lat' dir='ltr'><strong>quae</strong></span> <span class='ocrx_word' id='word_1_304' title='bbox 1716 3797 1769 3850; x_wconf 91' lang='lat' dir='ltr'><strong>in</strong></span> <span class='ocrx_word' id='word_1_305' title='bbox 1803 3797 2041 3852; x_wconf 89' lang='lat' dir='ltr'><strong>secunda</strong></span> <span class='ocrx_word' id='word_1_306' title='bbox 2070 3778 2112 3836; x_wconf 67' lang='grc' dir='ltr'>ο</span> 
     </span>
    </p>
   </div>
   <div class='ocr_carea' id='block_1_46' title="bbox 477 3880 2044 3954">
    <p class='ocr_par' dir='ltr' id='par_1_46' title="bbox 477 3880 2044 3954">
     <span class='ocr_line' id='line_1_46' title="bbox 477 3880 2044 3954; baseline 0.006 -20"><span class='ocrx_word' id='word_1_307' title='bbox 477 3880 846 3954; x_wconf 88' lang='lat' dir='ltr'><strong>descriptione</strong></span> <span class='ocrx_word' id='word_1_308' title='bbox 883 3882 956 3937; x_wconf 90' lang='lat' dir='ltr'><strong>ob</strong></span> <span class='ocrx_word' id='word_1_309' title='bbox 1007 3898 1126 3936; x_wconf 88' lang='lat' dir='ltr'><strong>eam</strong></span> <span class='ocrx_word' id='word_1_310' title='bbox 1181 3899 1344 3954; x_wconf 89' lang='lat' dir='ltr'><strong>quam</strong></span> <span class='ocrx_word' id='word_1_311' title='bbox 1377 3884 1616 3942; x_wconf 76' lang='lat' dir='ltr'><strong>diximus</strong></span> <span class='ocrx_word' id='word_1_312' title='bbox 1657 3901 1878 3943; x_wconf 86' lang='lat' dir='ltr'><strong>causam</strong></span> <span class='ocrx_word' id='word_1_313' title='bbox 1915 3897 2044 3944; x_wconf 89' lang='lat' dir='ltr'><strong>sunt</strong></span> 
     </span>
    </p>
   </div>
   <div class='ocr_carea' id='block_1_47' title="bbox 476 3973 907 4029">
    <p class='ocr_par' dir='ltr' id='par_1_47' title="bbox 476 3973 907 4029">
     <span class='ocr_line' id='line_1_47' title="bbox 476 3973 907 4029; baseline 0 -2"><span class='ocrx_word' id='word_1_314' title='bbox 476 3973 663 4027; x_wconf 84' lang='lat' dir='ltr'><strong>inania</strong></span> <span class='ocrx_word' id='word_1_315' title='bbox 694 3975 907 4029; x_wconf 87' lang='lat' dir='ltr'><strong>relicta.</strong></span> 
     </span>
    </p>
   </div>
   <div class='ocr_carea' id='block_1_48' title="bbox 545 4062 2044 4138">
    <p class='ocr_par' dir='ltr' id='par_1_48' title="bbox 545 4062 2044 4138">
     <span class='ocr_line' id='line_1_48' title="bbox 545 4062 2044 4138; baseline 0.007 -21"><span class='ocrx_word' id='word_1_316' title='bbox 545 4062 912 4135; x_wconf 86' lang='lat' dir='ltr'><strong>Quamobrem</strong></span> <span class='ocrx_word' id='word_1_317' title='bbox 953 4073 1012 4121; x_wconf 91' lang='lat' dir='ltr'><strong>ut</strong></span> <span class='ocrx_word' id='word_1_318' title='bbox 1063 4067 1118 4121; x_wconf 93' lang='lat' dir='ltr'><strong>in</strong></span> <span class='ocrx_word' id='word_1_319' title='bbox 1175 4075 1414 4138; x_wconf 90' lang='lat' dir='ltr'><strong>quatuor</strong></span> <span class='ocrx_word' id='word_1_320' title='bbox 1445 4071 1696 4126; x_wconf 87' lang='lat' dir='ltr'><strong>versibus</strong></span> <span class='ocrx_word' id='word_1_321' title='bbox 1742 4071 2044 4129; x_wconf 89' lang='lat' dir='ltr'><strong>ordinatior</strong></span> 
     </span>
    </p>
   </div>
   <div class='ocr_carea' id='block_1_49' title="bbox 477 4153 2039 4231">
    <p class='ocr_par' dir='ltr' id='par_1_49' title="bbox 477 4153 2039 4231">
     <span class='ocr_line' id='line_1_49' title="bbox 477 4153 2039 4231; baseline 0.006 -23"><span class='ocrx_word' id='word_1_322' title='bbox 477 4153 572 4209; x_wconf 83' lang='lat' dir='ltr'><strong>ﬂat</strong></span> <span class='ocrx_word' id='word_1_323' title='bbox 603 4171 633 4208; x_wconf 89' lang='lat' dir='ltr'><strong>a</strong></span> <span class='ocrx_word' id='word_1_324' title='bbox 666 4156 824 4212; x_wconf 88' lang='lat' dir='ltr'><strong>nobis</strong></span> <span class='ocrx_word' id='word_1_325' title='bbox 867 4157 1183 4229; x_wconf 87' lang='lat' dir='ltr'><strong>descriptio,</strong></span> <span class='ocrx_word' id='word_1_326' title='bbox 1216 4160 1271 4214; x_wconf 91' lang='lat' dir='ltr'><strong>in</strong></span> <span class='ocrx_word' id='word_1_327' title='bbox 1309 4162 1488 4230; x_wconf 90' lang='lat' dir='ltr'><strong>primo</strong></span> <span class='ocrx_word' id='word_1_328' title='bbox 1544 4170 1817 4231; x_wconf 88' lang='lat' dir='ltr'><strong>ponantur</strong></span> <span class='ocrx_word' id='word_1_329' title='bbox 1857 4163 1968 4228; x_wconf 90' lang='lat' dir='ltr'><strong>isti,</strong></span> <span class='ocrx_word' id='word_1_330' title='bbox 2002 4181 2039 4227; x_wconf 86' lang='grc' dir='ltr'><strong>ι,</strong></span> 
     </span>
    </p>
   </div>
   <div class='ocr_carea' id='block_1_50' title="bbox 474 4249 2044 4320">
    <p class='ocr_par' dir='ltr' id='par_1_50' title="bbox 474 4249 2044 4320">
     <span class='ocr_line' id='line_1_50' title="bbox 474 4249 2044 4320; baseline 0.004 -19"><span class='ocrx_word' id='word_1_331' title='bbox 474 4261 574 4309; x_wconf 84' lang='lat' dir='ltr'><strong>vn,</strong></span> <span class='ocrx_word' id='word_1_332' title='bbox 616 4262 717 4311; x_wconf 80' lang='lat' dir='ltr'><strong>xu,</strong></span> <span class='ocrx_word' id='word_1_333' title='bbox 747 4263 919 4319; x_wconf 76' lang='lat' dir='ltr'><strong>xvm;</strong></span> <span class='ocrx_word' id='word_1_334' title='bbox 955 4249 1012 4304; x_wconf 90' lang='lat' dir='ltr'><strong>in</strong></span> <span class='ocrx_word' id='word_1_335' title='bbox 1054 4251 1298 4307; x_wconf 90' lang='lat' dir='ltr'><strong>secundo</strong></span> <span class='ocrx_word' id='word_1_336' title='bbox 1333 4251 1494 4306; x_wconf 92' lang='lat' dir='ltr'><strong>iidem</strong></span> <span class='ocrx_word' id='word_1_337' title='bbox 1536 4261 1887 4320; x_wconf 89' lang='lat' dir='ltr'><strong>remaneant;</strong></span> <span class='ocrx_word' id='word_1_338' title='bbox 1932 4262 2044 4309; x_wconf 91' lang='lat' dir='ltr'><strong>ter-</strong></span> 
     </span>
    </p>
   </div>
   <div class='ocr_carea' id='block_1_51' title="bbox 477 4337 2038 4415">
    <p class='ocr_par' dir='ltr' id='par_1_51' title="bbox 477 4337 2038 4415">
     <span class='ocr_line' id='line_1_51' title="bbox 477 4337 2038 4415; baseline 0.004 -23"><span class='ocrx_word' id='word_1_339' title='bbox 477 4337 586 4394; x_wconf 83' lang='lat' dir='ltr'><strong>tius</strong></span> <span class='ocrx_word' id='word_1_340' title='bbox 624 4339 761 4395; x_wconf 92' lang='lat' dir='ltr'><strong>istos</strong></span> <span class='ocrx_word' id='word_1_341' title='bbox 789 4339 1005 4406; x_wconf 86' lang='lat' dir='ltr'><strong>habeat,</strong></span> <span class='ocrx_word' id='word_1_342' title='bbox 1047 4357 1130 4410; x_wconf 86' lang='lat' dir='ltr'><strong>m,</strong></span> <span class='ocrx_word' id='word_1_343' title='bbox 1173 4359 1291 4408; x_wconf 84' lang='lat' dir='ltr'><strong>vm,</strong></span> <span class='ocrx_word' id='word_1_344' title='bbox 1332 4358 1444 4408; x_wconf 83' lang='lat' dir='ltr'><strong>xw,</strong></span> <span class='ocrx_word' id='word_1_345' title='bbox 1480 4360 1620 4412; x_wconf 75' lang='lat' dir='ltr'><strong>xxv;</strong></span> <span class='ocrx_word' id='word_1_346' title='bbox 1670 4353 1922 4415; x_wconf 89' lang='lat' dir='ltr'><strong>quartus,</strong></span> <span class='ocrx_word' id='word_1_347' title='bbox 1965 4361 2038 4410; x_wconf 78' lang='lat' dir='ltr'><strong>rx,</strong></span> 
     </span>
    </p>
   </div>
   <div class='ocr_carea' id='block_1_52' title="bbox 475 4434 2039 4506">
    <p class='ocr_par' dir='ltr' id='par_1_52' title="bbox 475 4434 2039 4506">
     <span class='ocr_line' id='line_1_52' title="bbox 475 4434 2039 4506; baseline 0.006 -21"><span class='ocrx_word' id='word_1_348' title='bbox 475 4447 569 4496; x_wconf 79' lang='lat' dir='ltr'><strong>xv,</strong></span> <span class='ocrx_word' id='word_1_349' title='bbox 610 4447 702 4496; x_wconf 78' lang='lat' dir='ltr'><strong>xx,</strong></span> <span class='ocrx_word' id='word_1_350' title='bbox 733 4448 896 4499; x_wconf 74' lang='lat' dir='ltr'><strong>xxvr;</strong></span> <span class='ocrx_word' id='word_1_351' title='bbox 925 4434 1170 4504; x_wconf 89' lang='lat' dir='ltr'><strong>quintus,</strong></span> <span class='ocrx_word' id='word_1_352' title='bbox 1203 4452 1276 4502; x_wconf 85' lang='lat' dir='ltr'><strong>tv,</strong></span> <span class='ocrx_word' id='word_1_353' title='bbox 1314 4453 1368 4500; x_wconf 65' lang='grc' dir='ltr'>ς,</span> <span class='ocrx_word' id='word_1_354' title='bbox 1400 4453 1512 4502; x_wconf 74' lang='lat' dir='ltr'><strong>ut,</strong></span> <span class='ocrx_word' id='word_1_355' title='bbox 1546 4446 1959 4506; x_wconf 78' lang='lat' dir='ltr'><strong>xxvu;sextus,</strong></span> <span class='ocrx_word' id='word_1_356' title='bbox 1986 4455 2039 4502; x_wconf 89' lang='lat' dir='ltr'><strong>v,</strong></span> 
     </span>
    </p>
   </div>
   <div class='ocr_carea' id='block_1_53' title="bbox 475 4529 1662 4609">
    <p class='ocr_par' dir='ltr' id='par_1_53' title="bbox 475 4529 1662 4609">
     <span class='ocr_line' id='line_1_53' title="bbox 475 4529 1662 4609; baseline 0.008 -31"><span class='ocrx_word' id='word_1_357' title='bbox 475 4539 554 4590; x_wconf 76' lang='lat' dir='ltr'><strong>xl,</strong></span> <span class='ocrx_word' id='word_1_358' title='bbox 596 4542 704 4591; x_wconf 76' lang='lat' dir='ltr'><strong>xw,</strong></span> <span class='ocrx_word' id='word_1_359' title='bbox 723 4542 876 4599; x_wconf 78' lang='lat' dir='ltr'><strong>xxn;</strong></span> <span class='ocrx_word' id='word_1_360' title='bbox 905 4529 959 4582; x_wconf 90' lang='lat' dir='ltr'><strong>in</strong></span> <span class='ocrx_word' id='word_1_361' title='bbox 989 4531 1217 4600; x_wconf 91' lang='lat' dir='ltr'><strong>septimo</strong></span> <span class='ocrx_word' id='word_1_362' title='bbox 1240 4531 1376 4585; x_wconf 91' lang='lat' dir='ltr'><strong>nihil</strong></span> <span class='ocrx_word' id='word_1_363' title='bbox 1402 4538 1662 4609; x_wconf 85' lang='lat' dir='ltr'><strong>mutetur.</strong></span> 
     </span>
    </p>
   </div>
   <div class='ocr_carea' id='block_1_54' title="bbox 548 4614 2040 4696">
    <p class='ocr_par' dir='ltr' id='par_1_54' title="bbox 548 4614 2040 4696">
     <span class='ocr_line' id='line_1_54' title="bbox 548 4614 2040 4696; baseline 0.006 -24"><span class='ocrx_word' id='word_1_364' title='bbox 548 4614 606 4672; x_wconf 88' lang='lat' dir='ltr'><strong>ln</strong></span> <span class='ocrx_word' id='word_1_365' title='bbox 659 4633 875 4685; x_wconf 83' lang='lat' dir='ltr'><strong>summo</strong></span> <span class='ocrx_word' id='word_1_366' title='bbox 927 4621 1194 4676; x_wconf 82' lang='lat' dir='ltr'><strong>laterculo</strong></span> <span class='ocrx_word' id='word_1_367' title='bbox 1226 4623 1362 4696; x_wconf 85' lang='lat' dir='ltr'><strong>cycli</strong></span> <span class='ocrx_word' id='word_1_368' title='bbox 1394 4624 1550 4690; x_wconf 93' lang='lat' dir='ltr'><strong>solis,</strong></span> <span class='ocrx_word' id='word_1_369' title='bbox 1579 4633 1640 4679; x_wconf 92' lang='lat' dir='ltr'><strong>ut</strong></span> <span class='ocrx_word' id='word_1_370' title='bbox 1686 4623 1892 4680; x_wconf 89' lang='lat' dir='ltr'><strong>dictum</strong></span> <span class='ocrx_word' id='word_1_371' title='bbox 1936 4634 2040 4690; x_wconf 92' lang='lat' dir='ltr'><strong>est,</strong></span> 
     </span>
    </p>
   </div>
   <div class='ocr_carea' id='block_1_55' title="bbox 477 4708 2044 4786">
    <p class='ocr_par' dir='ltr' id='par_1_55' title="bbox 477 4708 2044 4786">
     <span class='ocr_line' id='line_1_55' title="bbox 477 4708 2044 4786; baseline 0.006 -24"><span class='ocrx_word' id='word_1_372' title='bbox 477 4708 599 4764; x_wconf 88' lang='lat' dir='ltr'><strong>ideo</strong></span> <span class='ocrx_word' id='word_1_373' title='bbox 633 4717 935 4780; x_wconf 87' lang='lat' dir='ltr'><strong>ponuntur,</strong></span> <span class='ocrx_word' id='word_1_374' title='bbox 969 4719 1028 4766; x_wconf 91' lang='lat' dir='ltr'><strong>ut</strong></span> <span class='ocrx_word' id='word_1_375' title='bbox 1061 4713 1405 4776; x_wconf 89' lang='lat' dir='ltr'><strong>ostendatur,</strong></span> <span class='ocrx_word' id='word_1_376' title='bbox 1442 4730 1603 4786; x_wconf 89' lang='lat' dir='ltr'><strong>quam</strong></span> <span class='ocrx_word' id='word_1_377' title='bbox 1649 4715 1706 4770; x_wconf 92' lang='lat' dir='ltr'><strong>in</strong></span> <span class='ocrx_word' id='word_1_378' title='bbox 1763 4715 1906 4770; x_wconf 86' lang='lat' dir='ltr'><strong>diem</strong></span> <span class='ocrx_word' id='word_1_379' title='bbox 1948 4716 2044 4771; x_wconf 89' lang='lat' dir='ltr'><strong>he-</strong></span> 
     </span>
    </p>
   </div>
   <div class='ocr_carea' id='block_1_56' title="bbox 475 4799 2042 4878">
    <p class='ocr_par' dir='ltr' id='par_1_56' title="bbox 475 4799 2042 4878">
     <span class='ocr_line' id='line_1_56' title="bbox 475 4799 2042 4878; baseline 0.005 -23"><span class='ocrx_word' id='word_1_380' title='bbox 475 4799 770 4872; x_wconf 67' lang='lat' dir='ltr'><strong>bdomadis</strong></span> <span class='ocrx_word' id='word_1_381' title='bbox 785 4801 1070 4858; x_wconf 72' lang='lat' dir='ltr'><strong>Iudaicum</strong></span> <span class='ocrx_word' id='word_1_382' title='bbox 1097 4803 1304 4860; x_wconf 87' lang='lat' dir='ltr'><strong>Pascha</strong></span> <span class='ocrx_word' id='word_1_383' title='bbox 1323 4822 1423 4860; x_wconf 92' lang='lat' dir='ltr'><strong>suo</strong></span> <span class='ocrx_word' id='word_1_384' title='bbox 1452 4807 1704 4877; x_wconf 85' lang='lat' dir='ltr'><strong>quodque</strong></span> <span class='ocrx_word' id='word_1_385' title='bbox 1730 4808 1870 4862; x_wconf 74' lang='lat' dir='ltr'><strong>lunae</strong></span> <span class='ocrx_word' id='word_1_386' title='bbox 1889 4809 2042 4878; x_wconf 83' lang='lat' dir='ltr'><strong>cyclo</strong></span> 
     </span>
    </p>
   </div>
   <div class='ocr_carea' id='block_1_57' title="bbox 476 4893 2043 4965">
    <p class='ocr_par' dir='ltr' id='par_1_57' title="bbox 476 4893 2043 4965">
     <span class='ocr_line' id='line_1_57' title="bbox 476 4893 2043 4965; baseline 0.006 -18"><span class='ocrx_word' id='word_1_387' title='bbox 476 4894 780 4965; x_wconf 86' lang='lat' dir='ltr'><strong>contingat.</strong></span> <span class='ocrx_word' id='word_1_388' title='bbox 813 4893 932 4949; x_wconf 88' lang='lat' dir='ltr'><strong>Non</strong></span> <span class='ocrx_word' id='word_1_389' title='bbox 979 4897 1124 4951; x_wconf 90' lang='lat' dir='ltr'><strong>enim</strong></span> <span class='ocrx_word' id='word_1_390' title='bbox 1163 4895 1599 4954; x_wconf 86' lang='lat' dir='ltr'><strong>Christianorum</strong></span> <span class='ocrx_word' id='word_1_391' title='bbox 1651 4899 1862 4957; x_wconf 86' lang='lat' dir='ltr'><strong>Pascha</strong></span> <span class='ocrx_word' id='word_1_392' title='bbox 1904 4903 2043 4956; x_wconf 90' lang='lat' dir='ltr'><strong>dun-</strong></span> 
     </span>
    </p>
   </div>
   <div class='ocr_carea' id='block_1_58' title="bbox 476 4989 2043 5064">
    <p class='ocr_par' dir='ltr' id='par_1_58' title="bbox 476 4989 2043 5064">
     <span class='ocr_line' id='line_1_58' title="bbox 476 4989 2043 5064; baseline 0.008 -26"><span class='ocrx_word' id='word_1_393' title='bbox 476 4993 627 5039; x_wconf 81' lang='lat' dir='ltr'><strong>taxat</strong></span> <span class='ocrx_word' id='word_1_394' title='bbox 659 4999 754 5055; x_wconf 89' lang='lat' dir='ltr'><strong>per</strong></span> <span class='ocrx_word' id='word_1_395' title='bbox 780 5001 1222 5059; x_wconf 87' lang='lat' dir='ltr'><strong>unumquemque</strong></span> <span class='ocrx_word' id='word_1_396' title='bbox 1257 4989 1398 5045; x_wconf 86' lang='lat' dir='ltr'><strong>lunae</strong></span> <span class='ocrx_word' id='word_1_397' title='bbox 1439 4993 1651 5062; x_wconf 90' lang='lat' dir='ltr'><strong>cyclum</strong></span> <span class='ocrx_word' id='word_1_398' title='bbox 1682 5002 1890 5064; x_wconf 85' lang='lat' dir='ltr'><strong>septem</strong></span> <span class='ocrx_word' id='word_1_399' title='bbox 1922 5010 2043 5049; x_wconf 84' lang='lat' dir='ltr'><strong>ver-</strong></span> 
     </span>
    </p>
   </div>
   <div class='ocr_carea' id='block_1_59' title="bbox 477 5075 2043 5147">
    <p class='ocr_par' dir='ltr' id='par_1_59' title="bbox 477 5075 2043 5147">
     <span class='ocr_line' id='line_1_59' title="bbox 477 5075 2043 5147; baseline 0.006 -18"><span class='ocrx_word' id='word_1_400' title='bbox 477 5075 632 5131; x_wconf 87' lang='lat' dir='ltr'><strong>sibus</strong></span> <span class='ocrx_word' id='word_1_401' title='bbox 661 5075 996 5147; x_wconf 90' lang='lat' dir='ltr'><strong>descriptum</strong></span> <span class='ocrx_word' id='word_1_402' title='bbox 1033 5087 1152 5143; x_wconf 91' lang='lat' dir='ltr'><strong>est;</strong></span> <span class='ocrx_word' id='word_1_403' title='bbox 1193 5096 1380 5134; x_wconf 83' lang='lat' dir='ltr'><strong>verum</strong></span> <span class='ocrx_word' id='word_1_404' title='bbox 1417 5097 1524 5136; x_wconf 90' lang='lat' dir='ltr'><strong>una</strong></span> <span class='ocrx_word' id='word_1_405' title='bbox 1553 5098 1679 5136; x_wconf 92' lang='lat' dir='ltr'><strong>cum</strong></span> <span class='ocrx_word' id='word_1_406' title='bbox 1711 5084 1860 5138; x_wconf 91' lang='lat' dir='ltr'><strong>illius</strong></span> <span class='ocrx_word' id='word_1_407' title='bbox 1892 5101 2043 5138; x_wconf 86' lang='lat' dir='ltr'><strong>men-</strong></span> 
     </span>
    </p>
   </div>
   <div class='ocr_carea' id='block_1_60' title="bbox 474 5167 2040 5246">
    <p class='ocr_par' dir='ltr' id='par_1_60' title="bbox 474 5167 2040 5246">
     <span class='ocr_line' id='line_1_60' title="bbox 474 5167 2040 5246; baseline 0.006 -24"><span class='ocrx_word' id='word_1_408' title='bbox 474 5167 575 5231; x_wconf 86' lang='lat' dir='ltr'><strong>sis,</strong></span> <span class='ocrx_word' id='word_1_409' title='bbox 622 5175 752 5237; x_wconf 89' lang='lat' dir='ltr'><strong>puta</strong></span> <span class='ocrx_word' id='word_1_410' title='bbox 777 5167 980 5235; x_wconf 82' lang='lat' dir='ltr'><strong>Martii,</strong></span> <span class='ocrx_word' id='word_1_411' title='bbox 1013 5171 1100 5226; x_wconf 85' lang='lat' dir='ltr'><strong>vel</strong></span> <span class='ocrx_word' id='word_1_412' title='bbox 1138 5171 1344 5244; x_wconf 85' lang='lat' dir='ltr'><strong>Aprilis</strong></span> <span class='ocrx_word' id='word_1_413' title='bbox 1372 5190 1621 5240; x_wconf 91' lang='lat' dir='ltr'><strong>numero,</strong></span> <span class='ocrx_word' id='word_1_414' title='bbox 1646 5177 1740 5246; x_wconf 90' lang='lat' dir='ltr'><strong>qui</strong></span> <span class='ocrx_word' id='word_1_415' title='bbox 1771 5185 1853 5231; x_wconf 89' lang='lat' dir='ltr'><strong>est</strong></span> <span class='ocrx_word' id='word_1_416' title='bbox 1883 5177 2040 5233; x_wconf 83' lang='lat' dir='ltr'><strong>index</strong></span> 
     </span>
    </p>
   </div>
   <div class='ocr_carea' id='block_1_61' title="bbox 472 5254 2046 5342">
    <p class='ocr_par' dir='ltr' id='par_1_61' title="bbox 472 5254 2046 5342">
     <span class='ocr_line' id='line_1_61' title="bbox 472 5254 2046 5342; baseline 0.01 -34"><span class='ocrx_word' id='word_1_417' title='bbox 472 5254 779 5323; x_wconf 85' lang='lat' dir='ltr'><strong>Paschatis,</strong></span> <span class='ocrx_word' id='word_1_418' title='bbox 810 5258 929 5316; x_wconf 91' lang='lat' dir='ltr'><strong>dies</strong></span> <span class='ocrx_word' id='word_1_419' title='bbox 976 5263 1141 5317; x_wconf 88' lang='lat' dir='ltr'><strong>etiam</strong></span> <span class='ocrx_word' id='word_1_420' title='bbox 1183 5265 1542 5322; x_wconf 87' lang='lat' dir='ltr'><strong>hebdomadis</strong></span> <span class='ocrx_word' id='word_1_421' title='bbox 1588 5269 1902 5336; x_wconf 87' lang='lat' dir='ltr'><strong>ascribitur,</strong></span> <span class='ocrx_word' id='word_1_422' title='bbox 1936 5285 2046 5342; x_wconf 91' lang='lat' dir='ltr'><strong>quo</strong></span> 
     </span>
    </p>
   </div>
   <div class='ocr_carea' id='block_1_62' title="bbox 474 5345 1490 5411">
    <p class='ocr_par' dir='ltr' id='par_1_62' title="bbox 474 5345 1490 5411">
     <span class='ocr_line' id='line_1_62' title="bbox 474 5345 1490 5411; baseline 0.011 -11"><span class='ocrx_word' id='word_1_423' title='bbox 474 5346 562 5402; x_wconf 89' lang='lat' dir='ltr'><strong>die</strong></span> <span class='ocrx_word' id='word_1_424' title='bbox 586 5345 874 5405; x_wconf 70' lang='lat' dir='ltr'><strong>Iudaicum</strong></span> <span class='ocrx_word' id='word_1_425' title='bbox 915 5351 1125 5407; x_wconf 85' lang='lat' dir='ltr'><strong>Pascha</strong></span> <span class='ocrx_word' id='word_1_426' title='bbox 1161 5356 1490 5411; x_wconf 84' lang='lat' dir='ltr'><strong>celebratur.</strong></span> 
     </span>
    </p>
   </div>
   <div class='ocr_carea' id='block_1_63' title="bbox 791 5483 1726 5547">
    <p class='ocr_par' dir='ltr' id='par_1_63' title="bbox 791 5483 1726 5547">
     <span class='ocr_line' id='line_1_63' title="bbox 791 5483 1726 5547; baseline 0.012 -11"><span class='ocrx_word' id='word_1_427' title='bbox 791 5483 1072 5541; x_wconf 72' lang='lat' dir='ltr'><strong>Met/totius</strong></span> <span class='ocrx_word' id='word_1_428' title='bbox 1100 5490 1396 5546; x_wconf 75' lang='lat' dir='ltr'><strong>inveniendi</strong></span> <span class='ocrx_word' id='word_1_429' title='bbox 1424 5491 1726 5547; x_wconf 80' lang='lat' dir='ltr'><strong>Paschatis.</strong></span> 
     </span>
    </p>
   </div>
   <div class='ocr_carea' id='block_1_64' title="bbox 546 5591 2046 5676">
    <p class='ocr_par' dir='ltr' id='par_1_64' title="bbox 546 5591 2046 5676">
     <span class='ocr_line' id='line_1_64' title="bbox 546 5591 2046 5676; baseline 0.015 -33"><span class='ocrx_word' id='word_1_430' title='bbox 546 5591 636 5646; x_wconf 78' lang='lat' dir='ltr'><strong>XI.</strong></span> <span class='ocrx_word' id='word_1_431' title='bbox 668 5595 837 5665; x_wconf 77' lang='lat' dir='ltr'><strong>igitur</strong></span> <span class='ocrx_word' id='word_1_432' title='bbox 855 5600 997 5657; x_wconf 91' lang='lat' dir='ltr'><strong>scire</strong></span> <span class='ocrx_word' id='word_1_433' title='bbox 1021 5618 1144 5657; x_wconf 91' lang='lat' dir='ltr'><strong>cum</strong></span> <span class='ocrx_word' id='word_1_434' title='bbox 1173 5605 1425 5660; x_wconf 89' lang='lat' dir='ltr'><strong>volumus</strong></span> <span class='ocrx_word' id='word_1_435' title='bbox 1447 5623 1605 5676; x_wconf 88' lang='lat' dir='ltr'><strong>quem</strong></span> <span class='ocrx_word' id='word_1_436' title='bbox 1637 5607 1692 5661; x_wconf 93' lang='lat' dir='ltr'><strong>in</strong></span> <span class='ocrx_word' id='word_1_437' title='bbox 1715 5625 1954 5665; x_wconf 90' lang='lat' dir='ltr'><strong>mensem</strong></span> <span class='ocrx_word' id='word_1_438' title='bbox 1979 5610 2046 5666; x_wconf 91' lang='lat' dir='ltr'><strong>dc</strong></span> 
     </span>
    </p>
   </div>
   <div class='ocr_carea' id='block_1_65' title="bbox 475 5683 2042 5764">
    <p class='ocr_par' dir='ltr' id='par_1_65' title="bbox 475 5683 2042 5764">
     <span class='ocr_line' id='line_1_65' title="bbox 475 5683 2042 5764; baseline 0.015 -29"><span class='ocrx_word' id='word_1_439' title='bbox 475 5683 711 5751; x_wconf 81' lang='lat' dir='ltr'><strong>duobus,</strong></span> <span class='ocrx_word' id='word_1_440' title='bbox 746 5687 944 5747; x_wconf 80' lang='lat' dir='ltr'><strong>Martio</strong></span> <span class='ocrx_word' id='word_1_441' title='bbox 993 5701 1050 5749; x_wconf 85' lang='lat' dir='ltr'><strong>et</strong></span> <span class='ocrx_word' id='word_1_442' title='bbox 1100 5695 1299 5764; x_wconf 79' lang='lat' dir='ltr'><strong>Aprili,</strong></span> <span class='ocrx_word' id='word_1_443' title='bbox 1334 5699 1777 5756; x_wconf 87' lang='lat' dir='ltr'><strong>Christianorum</strong></span> <span class='ocrx_word' id='word_1_444' title='bbox 1829 5701 2042 5759; x_wconf 89' lang='lat' dir='ltr'><strong>Pascha</strong></span> 
     </span>
    </p>
   </div>
   <div class='ocr_carea' id='block_1_66' title="bbox 477 5781 2039 5869">
    <p class='ocr_par' dir='ltr' id='par_1_66' title="bbox 477 5781 2039 5869">
     <span class='ocr_line' id='line_1_66' title="bbox 477 5781 2039 5869; baseline 0.017 -40"><span class='ocrx_word' id='word_1_445' title='bbox 477 5783 728 5834; x_wconf 74' lang='lat' dir='ltr'><strong>sanctum</strong></span> <span class='ocrx_word' id='word_1_446' title='bbox 770 5781 992 5851; x_wconf 86' lang='lat' dir='ltr'><strong>incidat,</strong></span> <span class='ocrx_word' id='word_1_447' title='bbox 1049 5799 1376 5857; x_wconf 80' lang='lat' dir='ltr'><strong>praesentem</strong></span> <span class='ocrx_word' id='word_1_448' title='bbox 1429 5793 1482 5848; x_wconf 91' lang='lat' dir='ltr'><strong>in</strong></span> <span class='ocrx_word' id='word_1_449' title='bbox 1532 5806 1786 5866; x_wconf 82' lang='lat' dir='ltr'><strong>promptu</strong></span> <span class='ocrx_word' id='word_1_450' title='bbox 1826 5800 2039 5869; x_wconf 67' lang='lat' dir='ltr'><strong>cyclum</strong></span> 
     </span>
    </p>
   </div>
   <div class='ocr_carea' id='block_1_67' title="bbox 2151 2525 3713 2617">
    <p class='ocr_par' dir='ltr' id='par_1_67' title="bbox 2151 2525 3713 2617">
     <span class='ocr_line' id='line_1_67' title="bbox 2151 2525 3713 2617; baseline 0.016 -40"><span class='ocrx_word' id='word_1_451' title='bbox 2151 2525 2271 2595; x_wconf 75' lang='grc' dir='ltr'>ἣτις</span> <span class='ocrx_word' id='word_1_452' title='bbox 2306 2531 2400 2583; x_wconf 72' lang='grc' dir='ltr'><strong>καὶ</strong></span> <span class='ocrx_word' id='word_1_453' title='bbox 2428 2533 2571 2587; x_wconf 84' lang='grc' dir='ltr'>κατὰ</span> <span class='ocrx_word' id='word_1_454' title='bbox 2601 2536 2754 2604; x_wconf 82' lang='grc' dir='ltr'>τάξιν</span> <span class='ocrx_word' id='word_1_455' title='bbox 2781 2540 2889 2611; x_wconf 84' lang='grc' dir='ltr'>ἐχει</span> <span class='ocrx_word' id='word_1_456' title='bbox 2916 2545 3040 2606; x_wconf 77' lang='grc' dir='ltr'>τοὺς</span> <span class='ocrx_word' id='word_1_457' title='bbox 3065 2525 3330 2617; x_wconf 78' lang='grc' dir='ltr'>ἀριθμοὺς</span> <span class='ocrx_word' id='word_1_458' title='bbox 3367 2548 3477 2601; x_wconf 85' lang='grc' dir='ltr'>τῶν</span> <span class='ocrx_word' id='word_1_459' title='bbox 3507 2525 3713 2604; x_wconf 77' lang='grc' dir='ltr'>κύκλων</span> 
     </span>
    </p>
   </div>
   <div class='ocr_carea' id='block_1_68' title="bbox 2151 2619 3712 2712">
    <p class='ocr_par' dir='ltr' id='par_1_68' title="bbox 2151 2619 3712 2712">
     <span class='ocr_line' id='line_1_68' title="bbox 2151 2619 3712 2712; baseline 0.014 -41"><span class='ocrx_word' id='word_1_460' title='bbox 2151 2619 2521 2693; x_wconf 79' lang='grc' dir='ltr'>ἐκκειμένους,</span> <span class='ocrx_word' id='word_1_461' title='bbox 2572 2630 2711 2684; x_wconf 86' lang='grc' dir='ltr'><strong>κατά</strong></span> <span class='ocrx_word' id='word_1_462' title='bbox 2758 2632 2802 2685; x_wconf 91' lang='grc' dir='ltr'><strong>δ’</strong></span> <span class='ocrx_word' id='word_1_463' title='bbox 2850 2635 2949 2704; x_wconf 84' lang='grc' dir='ltr'><strong>μὲν</strong></span> <span class='ocrx_word' id='word_1_464' title='bbox 2995 2636 3177 2709; x_wconf 87' lang='grc' dir='ltr'>χώρας</span> <span class='ocrx_word' id='word_1_465' title='bbox 3225 2640 3627 2712; x_wconf 82' lang='grc' dir='ltr'>παραλείπεται</span> <span class='ocrx_word' id='word_1_466' title='bbox 3670 2648 3712 2693; x_wconf 82' lang='grc' dir='ltr'>α’</span> 
     </span>
    </p>
   </div>
   <div class='ocr_carea' id='block_1_69' title="bbox 2151 2712 3713 2798">
    <p class='ocr_par' dir='ltr' id='par_1_69' title="bbox 2151 2712 3713 2798">
     <span class='ocr_line' id='line_1_69' title="bbox 2151 2712 3713 2798; baseline 0.006 -21"><span class='ocrx_word' id='word_1_467' title='bbox 2151 2712 2322 2785; x_wconf 81' lang='grc' dir='ltr'>χώρα,</span> <span class='ocrx_word' id='word_1_468' title='bbox 2384 2717 2457 2789; x_wconf 81' lang='grc' dir='ltr'>μὴ</span> <span class='ocrx_word' id='word_1_469' title='bbox 2501 2719 2762 2795; x_wconf 81' lang='grc' dir='ltr'>δεχομένη</span> <span class='ocrx_word' id='word_1_470' title='bbox 2792 2725 3041 2798; x_wconf 83' lang='grc' dir='ltr'>ἀριθμὸν,</span> <span class='ocrx_word' id='word_1_471' title='bbox 3086 2732 3166 2794; x_wconf 87' lang='grc' dir='ltr'><strong>είς</strong></span> <span class='ocrx_word' id='word_1_472' title='bbox 3196 2731 3417 2798; x_wconf 77' lang='grc' dir='ltr'>ἔνδειξιν</span> <span class='ocrx_word' id='word_1_473' title='bbox 3454 2733 3552 2786; x_wconf 78' lang='grc' dir='ltr'>τοῦ</span> <span class='ocrx_word' id='word_1_474' title='bbox 3582 2734 3713 2787; x_wconf 87' lang='grc' dir='ltr'><strong>κατά</strong></span> 
     </span>
    </p>
   </div>
   <div class='ocr_carea' id='block_1_70' title="bbox 2151 2805 3714 2895">
    <p class='ocr_par' dir='ltr' id='par_1_70' title="bbox 2151 2805 3714 2895">
     <span class='ocr_line' id='line_1_70' title="bbox 2151 2805 3714 2895; baseline 0.013 -37"><span class='ocrx_word' id='word_1_475' title='bbox 2151 2805 2190 2859; x_wconf 93' lang='grc' dir='ltr'><strong>δ’</strong></span> <span class='ocrx_word' id='word_1_476' title='bbox 2224 2807 2317 2879; x_wconf 79' lang='grc' dir='ltr'><strong>ἐτη</strong></span> <span class='ocrx_word' id='word_1_477' title='bbox 2351 2810 2443 2863; x_wconf 83' lang='grc' dir='ltr'><strong>τὸν</strong></span> <span class='ocrx_word' id='word_1_478' title='bbox 2476 2812 2718 2867; x_wconf 76' lang='grc' dir='ltr'>ἐνιαυτὸν</span> <span class='ocrx_word' id='word_1_479' title='bbox 2761 2817 2948 2889; x_wconf 69' lang='grc' dir='ltr'>ἡμέρᾳ</span> <span class='ocrx_word' id='word_1_480' title='bbox 2993 2822 3092 2890; x_wconf 82' lang='grc' dir='ltr'>μιᾷ</span> <span class='ocrx_word' id='word_1_481' title='bbox 3120 2821 3219 2893; x_wconf 80' lang='grc' dir='ltr'>τὴν</span> <span class='ocrx_word' id='word_1_482' title='bbox 3257 2824 3531 2895; x_wconf 85' lang='grc' dir='ltr'>προτέραν</span> <span class='ocrx_word' id='word_1_483' title='bbox 3569 2827 3714 2892; x_wconf 79' lang='grc' dir='ltr'>τάξιν</span> 
     </span>
    </p>
   </div>
   <div class='ocr_carea' id='block_1_71' title="bbox 2153 2899 3716 2988">
    <p class='ocr_par' dir='ltr' id='par_1_71' title="bbox 2153 2899 3716 2988">
     <span class='ocr_line' id='line_1_71' title="bbox 2153 2899 3716 2988; baseline 0.013 -36"><span class='ocrx_word' id='word_1_484' title='bbox 2153 2899 2498 2972; x_wconf 79' lang='grc' dir='ltr'>ὑπερϐαίνειν</span> <span class='ocrx_word' id='word_1_485' title='bbox 2523 2920 2536 2932; x_wconf 79' lang='grc'><em>’</em></span> <span class='ocrx_word' id='word_1_486' title='bbox 2561 2906 2594 2975; x_wconf 89' lang='grc' dir='ltr'><strong>ἠ</strong></span> <span class='ocrx_word' id='word_1_487' title='bbox 2615 2906 2765 2972; x_wconf 81' lang='grc' dir='ltr'><strong>θέσις</strong></span> <span class='ocrx_word' id='word_1_488' title='bbox 2795 2909 2850 2962; x_wconf 87' lang='grc' dir='ltr'>δὲ</span> <span class='ocrx_word' id='word_1_489' title='bbox 2892 2912 3000 2965; x_wconf 85' lang='grc' dir='ltr'><strong>τῶν</strong></span> <span class='ocrx_word' id='word_1_490' title='bbox 3033 2914 3282 2985; x_wconf 84' lang='grc' dir='ltr'>ἀριθμῶν</span> <span class='ocrx_word' id='word_1_491' title='bbox 3302 2917 3360 2970; x_wconf 88' lang='grc' dir='ltr'><strong>ἐν</strong></span> <span class='ocrx_word' id='word_1_492' title='bbox 3383 2918 3601 2988; x_wconf 79' lang='grc' dir='ltr'><strong>ἑκάστῳ</strong></span> <span class='ocrx_word' id='word_1_493' title='bbox 3635 2937 3716 2972; x_wconf 85' lang='grc' dir='ltr'>σε·</span> 
     </span>
    </p>
   </div>
   <div class='ocr_carea' id='block_1_72' title="bbox 2151 2989 3715 3084">
    <p class='ocr_par' dir='ltr' id='par_1_72' title="bbox 2151 2989 3715 3084">
     <span class='ocr_line' id='line_1_72' title="bbox 2151 2989 3715 3084; baseline 0.016 -43"><span class='ocrx_word' id='word_1_494' title='bbox 2151 2989 2298 3062; x_wconf 83' lang='grc' dir='ltr'>λιδίῳ</span> <span class='ocrx_word' id='word_1_495' title='bbox 2331 2995 2362 3064; x_wconf 86' lang='grc' dir='ltr'><strong>ἠ</strong></span> <span class='ocrx_word' id='word_1_496' title='bbox 2390 2995 2523 3067; x_wconf 83' lang='grc' dir='ltr'>αὐτή</span> <span class='ocrx_word' id='word_1_497' title='bbox 2553 2998 2668 3051; x_wconf 87' lang='grc' dir='ltr'>ἐστι</span> <span class='ocrx_word' id='word_1_498' title='bbox 2701 3002 2794 3054; x_wconf 76' lang='grc' dir='ltr'><strong>καὶ</strong></span> <span class='ocrx_word' id='word_1_499' title='bbox 2827 3003 2884 3056; x_wconf 84' lang='grc' dir='ltr'><strong>ἐν</strong></span> <span class='ocrx_word' id='word_1_500' title='bbox 2929 3005 3266 3078; x_wconf 80' lang='grc' dir='ltr'>ἀμφοτέραις</span> <span class='ocrx_word' id='word_1_501' title='bbox 3288 3012 3410 3074; x_wconf 77' lang='grc' dir='ltr'>ταῖς</span> <span class='ocrx_word' id='word_1_502' title='bbox 3436 3028 3715 3084; x_wconf 80' lang='grc' dir='ltr'><strong>καταγρα⁴</strong></span> 
     </span>
    </p>
   </div>
   <div class='ocr_carea' id='block_1_73' title="bbox 2151 3087 3716 3171">
    <p class='ocr_par' dir='ltr' id='par_1_73' title="bbox 2151 3087 3716 3171">
     <span class='ocr_line' id='line_1_73' title="bbox 2151 3087 3716 3171; baseline 0.015 -36"><span class='ocrx_word' id='word_1_503' title='bbox 2151 3087 2299 3151; x_wconf 74' lang='grc' dir='ltr'>φαῖς,</span> <span class='ocrx_word' id='word_1_504' title='bbox 2333 3087 2408 3150; x_wconf 81' lang='grc' dir='ltr'>ὡς</span> <span class='ocrx_word' id='word_1_505' title='bbox 2444 3088 2589 3144; x_wconf 78' lang='grc' dir='ltr'>ἔστιν</span> <span class='ocrx_word' id='word_1_506' title='bbox 2623 3094 2753 3166; x_wconf 82' lang='grc' dir='ltr'>ὀρᾷν</span> <span class='ocrx_word' id='word_1_507' title='bbox 2793 3097 2850 3149; x_wconf 92' lang='grc' dir='ltr'><strong>ἐν</strong></span> <span class='ocrx_word' id='word_1_508' title='bbox 2880 3101 2991 3162; x_wconf 87' lang='grc' dir='ltr'>τοῖς</span> <span class='ocrx_word' id='word_1_509' title='bbox 3038 3097 3272 3171; x_wconf 79' lang='grc' dir='ltr'>πρώτοις</span> <span class='ocrx_word' id='word_1_510' title='bbox 3327 3103 3580 3167; x_wconf 88' lang='grc' dir='ltr'>σελιδίοις</span> <span class='ocrx_word' id='word_1_511' title='bbox 3598 3106 3716 3168; x_wconf 72' lang='grc' dir='ltr'>τοὺς</span> 
     </span>
    </p>
   </div>
   <div class='ocr_carea' id='block_1_74' title="bbox 2149 3176 3716 3266">
    <p class='ocr_par' dir='ltr' id='par_1_74' title="bbox 2149 3176 3716 3266">
     <span class='ocr_line' id='line_1_74' title="bbox 2149 3176 3716 3266; baseline 0.015 -39"><span class='ocrx_word' id='word_1_512' title='bbox 2149 3176 2345 3242; x_wconf 78' lang='grc' dir='ltr'>αὐτοὺς</span> <span class='ocrx_word' id='word_1_513' title='bbox 2375 3179 2482 3233; x_wconf 87' lang='grc' dir='ltr'><strong>τῶν</strong></span> <span class='ocrx_word' id='word_1_514' title='bbox 2509 3182 2724 3239; x_wconf 89' lang='grc' dir='ltr'>κύκλων</span> <span class='ocrx_word' id='word_1_515' title='bbox 2771 3188 3122 3259; x_wconf 78' lang='grc' dir='ltr'>ἐκκειμένους</span> <span class='ocrx_word' id='word_1_516' title='bbox 3146 3193 3430 3264; x_wconf 88' lang='grc' dir='ltr'>ἀριθμούς.</span> <span class='ocrx_word' id='word_1_517' title='bbox 3475 3195 3597 3248; x_wconf 79' lang='grc' dir='ltr'>Κᾶν</span> <span class='ocrx_word' id='word_1_518' title='bbox 3616 3196 3716 3266; x_wconf 79' lang='grc' dir='ltr'>γὰρ</span> 
     </span>
    </p>
   </div>
   <div class='ocr_carea' id='block_1_75' title="bbox 2149 3269 3714 3354">
    <p class='ocr_par' dir='ltr' id='par_1_75' title="bbox 2149 3269 3714 3354">
     <span class='ocr_line' id='line_1_75' title="bbox 2149 3269 3714 3354; baseline 0.017 -35"><span class='ocrx_word' id='word_1_519' title='bbox 2149 3269 2208 3320; x_wconf 83' lang='grc' dir='ltr'><strong>ἐν</strong></span> <span class='ocrx_word' id='word_1_520' title='bbox 2233 3273 2298 3340; x_wconf 86' lang='grc' dir='ltr'>τῇ</span> <span class='ocrx_word' id='word_1_521' title='bbox 2338 3271 2531 3347; x_wconf 81' lang='grc' dir='ltr'>πρώτῃ</span> <span class='ocrx_word' id='word_1_522' title='bbox 2560 3283 2886 3350; x_wconf 76' lang='grc' dir='ltr'>καταγραφῇ</span> <span class='ocrx_word' id='word_1_523' title='bbox 2921 3282 2949 3333; x_wconf 90' lang='grc' dir='ltr'>ὁ</span> <span class='ocrx_word' id='word_1_524' title='bbox 2975 3288 3043 3352; x_wconf 87' lang='grc' dir='ltr'>ιη’</span> <span class='ocrx_word' id='word_1_525' title='bbox 3071 3281 3274 3337; x_wconf 81' lang='grc' dir='ltr'>ἄνωθεν</span> <span class='ocrx_word' id='word_1_526' title='bbox 3301 3283 3396 3337; x_wconf 79' lang='grc' dir='ltr'>τοῦ</span> <span class='ocrx_word' id='word_1_527' title='bbox 3434 3285 3501 3354; x_wconf 81' lang='grc' dir='ltr'>ιβ’</span> <span class='ocrx_word' id='word_1_528' title='bbox 3521 3289 3714 3347; x_wconf 73' lang='grc' dir='ltr'>κεῖται,</span> 
     </span>
    </p>
   </div>
   <div class='ocr_carea' id='block_1_76' title="bbox 2148 3359 3714 3446">
    <p class='ocr_par' dir='ltr' id='par_1_76' title="bbox 2148 3359 3714 3446">
     <span class='ocr_line' id='line_1_76' title="bbox 2148 3359 3714 3446; baseline 0.011 -34"><span class='ocrx_word' id='word_1_529' title='bbox 2148 3359 2259 3412; x_wconf 88' lang='grc' dir='ltr'>ἀλλ’</span> <span class='ocrx_word' id='word_1_530' title='bbox 2294 3362 2388 3414; x_wconf 73' lang='grc' dir='ltr'><strong>ἐπὶ</strong></span> <span class='ocrx_word' id='word_1_531' title='bbox 2447 3364 2540 3417; x_wconf 81' lang='grc' dir='ltr'>τοῦ</span> <span class='ocrx_word' id='word_1_532' title='bbox 2567 3367 2730 3420; x_wconf 78' lang='grc' dir='ltr'>αὑτοῦ</span> <span class='ocrx_word' id='word_1_533' title='bbox 2775 3369 3000 3423; x_wconf 86' lang='grc' dir='ltr'>σελιδίου</span> <span class='ocrx_word' id='word_1_534' title='bbox 3047 3374 3142 3426; x_wconf 70' lang='grc' dir='ltr'>καὶ</span> <span class='ocrx_word' id='word_1_535' title='bbox 3174 3375 3374 3443; x_wconf 83' lang='grc' dir='ltr'>ἀμφοῖν</span> <span class='ocrx_word' id='word_1_536' title='bbox 3427 3376 3714 3446; x_wconf 79' lang='grc' dir='ltr'>κειμένων,</span> 
     </span>
    </p>
   </div>
   <div class='ocr_carea' id='block_1_77' title="bbox 2146 3454 3716 3539">
    <p class='ocr_par' dir='ltr' id='par_1_77' title="bbox 2146 3454 3716 3539">
     <span class='ocr_line' id='line_1_77' title="bbox 2146 3454 3716 3539; baseline 0.011 -34"><span class='ocrx_word' id='word_1_537' title='bbox 2146 3455 2205 3505; x_wconf 83' lang='grc' dir='ltr'><strong>ού</strong></span> <span class='ocrx_word' id='word_1_538' title='bbox 2227 3454 2432 3522; x_wconf 85' lang='grc' dir='ltr'>γίνεταί</span> <span class='ocrx_word' id='word_1_539' title='bbox 2489 3476 2572 3522; x_wconf 89' lang='grc' dir='ltr'><strong>τις</strong></span> <span class='ocrx_word' id='word_1_540' title='bbox 2601 3459 2831 3532; x_wconf 72' lang='grc' dir='ltr'>διαιρορά</span> <span class='ocrx_word' id='word_1_541' title='bbox 2874 3463 2963 3516; x_wconf 88' lang='grc' dir='ltr'>διὰ</span> <span class='ocrx_word' id='word_1_542' title='bbox 2986 3464 3084 3535; x_wconf 80' lang='grc' dir='ltr'><strong>τὴν</strong></span> <span class='ocrx_word' id='word_1_543' title='bbox 3116 3467 3285 3535; x_wconf 77' lang='grc' dir='ltr'>αὐτὴν</span> <span class='ocrx_word' id='word_1_544' title='bbox 3313 3466 3716 3539; x_wconf 77' lang='grc' dir='ltr'>ὲνηλλαγμένην</span> 
     </span>
    </p>
   </div>
   <div class='ocr_carea' id='block_1_78' title="bbox 2147 3543 3718 3629">
    <p class='ocr_par' dir='ltr' id='par_1_78' title="bbox 2147 3543 3718 3629">
     <span class='ocr_line' id='line_1_78' title="bbox 2147 3543 3718 3629; baseline 0.011 -34"><span class='ocrx_word' id='word_1_545' title='bbox 2147 3543 2316 3599; x_wconf 85' lang='grc' dir='ltr'>θέσιν.</span> <span class='ocrx_word' id='word_1_546' title='bbox 2351 3547 2424 3600; x_wconf 80' lang='grc' dir='ltr'><strong>Τὸ</strong></span> <span class='ocrx_word' id='word_1_547' title='bbox 2454 3549 2583 3602; x_wconf 79' lang='grc' dir='ltr'>αὐτὸ</span> <span class='ocrx_word' id='word_1_548' title='bbox 2613 3550 2670 3604; x_wconf 85' lang='grc' dir='ltr'><strong>δέ</strong></span> <span class='ocrx_word' id='word_1_549' title='bbox 2709 3552 2804 3605; x_wconf 76' lang='grc' dir='ltr'><strong>καὶ</strong></span> <span class='ocrx_word' id='word_1_550' title='bbox 2837 3554 2929 3606; x_wconf 73' lang='grc' dir='ltr'><strong>ἐπὶ</strong></span> <span class='ocrx_word' id='word_1_551' title='bbox 2975 3555 3082 3609; x_wconf 83' lang='grc' dir='ltr'><strong>τῶν</strong></span> <span class='ocrx_word' id='word_1_552' title='bbox 3115 3555 3318 3610; x_wconf 82' lang='grc' dir='ltr'>λοιπῶν</span> <span class='ocrx_word' id='word_1_553' title='bbox 3348 3557 3594 3610; x_wconf 75' lang='grc' dir='ltr'>σελιδίων</span> <span class='ocrx_word' id='word_1_554' title='bbox 3626 3561 3718 3629; x_wconf 83' lang='grc' dir='ltr'>ἐμ-</span> 
     </span>
    </p>
   </div>
   <div class='ocr_carea' id='block_1_79' title="bbox 2147 3637 3717 3720">
    <p class='ocr_par' dir='ltr' id='par_1_79' title="bbox 2147 3637 3717 3720">
     <span class='ocr_line' id='line_1_79' title="bbox 2147 3637 3717 3720; baseline 0.008 -31"><span class='ocrx_word' id='word_1_555' title='bbox 2147 3637 2414 3705; x_wconf 80' lang='grc' dir='ltr'>φαίνεται,</span> <span class='ocrx_word' id='word_1_556' title='bbox 2466 3637 2725 3695; x_wconf 80' lang='grc' dir='ltr'>ἕκτακτον</span> <span class='ocrx_word' id='word_1_557' title='bbox 2773 3642 2871 3713; x_wconf 85' lang='grc' dir='ltr'><strong>μὲν</strong></span> <span class='ocrx_word' id='word_1_558' title='bbox 2927 3645 3136 3711; x_wconf 81' lang='grc' dir='ltr'>δοκοῦν,</span> <span class='ocrx_word' id='word_1_559' title='bbox 3184 3647 3280 3718; x_wconf 83' lang='grc' dir='ltr'>τὴν</span> <span class='ocrx_word' id='word_1_560' title='bbox 3325 3648 3477 3714; x_wconf 75' lang='grc' dir='ltr'>τάξιν</span> <span class='ocrx_word' id='word_1_561' title='bbox 3510 3646 3573 3702; x_wconf 76' lang='grc' dir='ltr'><strong>δὲ</strong></span> <span class='ocrx_word' id='word_1_562' title='bbox 3624 3651 3717 3720; x_wconf 70' lang='grc' dir='ltr'>οὐχ</span> 
     </span>
    </p>
   </div>
   <div class='ocr_carea' id='block_1_80' title="bbox 2146 3729 3716 3808">
    <p class='ocr_par' dir='ltr' id='par_1_80' title="bbox 2146 3729 3716 3808">
     <span class='ocr_line' id='line_1_80' title="bbox 2146 3729 3716 3808; baseline 0.009 -28"><span class='ocrx_word' id='word_1_563' title='bbox 2146 3729 2492 3799; x_wconf 81' lang='grc' dir='ltr'>ύπερὸαἰνον.</span> <span class='ocrx_word' id='word_1_564' title='bbox 2528 3730 2727 3800; x_wconf 84' lang='grc' dir='ltr'>Γέγονε</span> <span class='ocrx_word' id='word_1_565' title='bbox 2754 3733 2810 3786; x_wconf 84' lang='grc' dir='ltr'>δὲ</span> <span class='ocrx_word' id='word_1_566' title='bbox 2847 3737 2878 3806; x_wconf 87' lang='grc' dir='ltr'><strong>ή</strong></span> <span class='ocrx_word' id='word_1_567' title='bbox 2924 3737 3146 3808; x_wconf 78' lang='grc' dir='ltr'>τοιαύτη</span> <span class='ocrx_word' id='word_1_568' title='bbox 3180 3739 3324 3803; x_wconf 85' lang='grc' dir='ltr'>θέσις</span> <span class='ocrx_word' id='word_1_569' title='bbox 3361 3741 3472 3796; x_wconf 84' lang='grc' dir='ltr'><strong>τῶν</strong></span> <span class='ocrx_word' id='word_1_570' title='bbox 3503 3742 3716 3796; x_wconf 81' lang='grc' dir='ltr'>κύκλων</span> 
     </span>
    </p>
   </div>
   <div class='ocr_carea' id='block_1_81' title="bbox 2148 3818 3715 3905">
    <p class='ocr_par' dir='ltr' id='par_1_81' title="bbox 2148 3818 3715 3905">
     <span class='ocr_line' id='line_1_81' title="bbox 2148 3818 3715 3905; baseline 0.01 -34"><span class='ocrx_word' id='word_1_571' title='bbox 2148 3818 2226 3888; x_wconf 81' lang='grc' dir='ltr'>τῷ</span> <span class='ocrx_word' id='word_1_572' title='bbox 2253 3824 2786 3894; x_wconf 73' lang='grc' dir='ltr'>κανονογραφήσαντι</span> <span class='ocrx_word' id='word_1_573' title='bbox 2819 3826 2876 3891; x_wconf 80' lang='grc' dir='ltr'>ἐξ</span> <span class='ocrx_word' id='word_1_574' title='bbox 2898 3828 3070 3899; x_wconf 84' lang='grc' dir='ltr'>ἀρχῆς</span> <span class='ocrx_word' id='word_1_575' title='bbox 3091 3829 3528 3902; x_wconf 82' lang='grc' dir='ltr'>ἀναπληρώσεως</span> <span class='ocrx_word' id='word_1_576' title='bbox 3562 3834 3715 3905; x_wconf 86' lang='grc' dir='ltr'>χάριν</span> 
     </span>
    </p>
   </div>
   <div class='ocr_carea' id='block_1_82' title="bbox 2149 3911 3715 3996">
    <p class='ocr_par' dir='ltr' id='par_1_82' title="bbox 2149 3911 3715 3996">
     <span class='ocr_line' id='line_1_82' title="bbox 2149 3911 3715 3996; baseline 0.01 -33"><span class='ocrx_word' id='word_1_577' title='bbox 2149 3911 2258 3964; x_wconf 85' lang='grc' dir='ltr'><strong>τῶν</strong></span> <span class='ocrx_word' id='word_1_578' title='bbox 2285 3913 2519 3986; x_wconf 89' lang='grc' dir='ltr'>χωρίων,</span> <span class='ocrx_word' id='word_1_579' title='bbox 2541 3914 2576 3968; x_wconf 80' lang='grc' dir='ltr'>ἃ</span> <span class='ocrx_word' id='word_1_580' title='bbox 2592 3915 2725 3969; x_wconf 81' lang='grc' dir='ltr'>κενὰ</span> <span class='ocrx_word' id='word_1_581' title='bbox 2740 3918 3053 3974; x_wconf 89' lang='grc' dir='ltr'>καταλείπει</span> <span class='ocrx_word' id='word_1_582' title='bbox 3069 3923 3102 3991; x_wconf 79' lang='grc' dir='ltr'>ἡ</span> <span class='ocrx_word' id='word_1_583' title='bbox 3133 3921 3358 3994; x_wconf 85' lang='grc' dir='ltr'>δευτέρα</span> <span class='ocrx_word' id='word_1_584' title='bbox 3388 3924 3715 3996; x_wconf 75' lang='grc' dir='ltr'>καταγραφὴ</span> 
     </span>
    </p>
   </div>
   <div class='ocr_carea' id='block_1_83' title="bbox 2148 4002 2920 4078">
    <p class='ocr_par' dir='ltr' id='par_1_83' title="bbox 2148 4002 2920 4078">
     <span class='ocr_line' id='line_1_83' title="bbox 2148 4002 2920 4078; baseline 0.01 -22"><span class='ocrx_word' id='word_1_585' title='bbox 2148 4002 2237 4056; x_wconf 82' lang='grc' dir='ltr'>διὰ</span> <span class='ocrx_word' id='word_1_586' title='bbox 2267 4004 2366 4075; x_wconf 80' lang='grc' dir='ltr'>τὴν</span> <span class='ocrx_word' id='word_1_587' title='bbox 2398 4007 2693 4078; x_wconf 75' lang='grc' dir='ltr'>εἰρημένην</span> <span class='ocrx_word' id='word_1_588' title='bbox 2725 4011 2920 4064; x_wconf 86' lang='grc' dir='ltr'>αἰτίαν.</span> 
     </span>
    </p>
   </div>
   <div class='ocr_carea' id='block_1_84' title="bbox 2220 4093 3715 4179">
    <p class='ocr_par' dir='ltr' id='par_1_84' title="bbox 2220 4093 3715 4179">
     <span class='ocr_line' id='line_1_84' title="bbox 2220 4093 3715 4179; baseline 0.007 -31"><span class='ocrx_word' id='word_1_589' title='bbox 2220 4096 2338 4150; x_wconf 87' lang='grc' dir='ltr'>Ἵνα</span> <span class='ocrx_word' id='word_1_590' title='bbox 2384 4098 2448 4169; x_wconf 83' lang='grc' dir='ltr'>δὴ</span> <span class='ocrx_word' id='word_1_591' title='bbox 2505 4093 2598 4152; x_wconf 79' lang='grc' dir='ltr'><strong>οὖν</strong></span> <span class='ocrx_word' id='word_1_592' title='bbox 2641 4101 2738 4172; x_wconf 80' lang='grc' dir='ltr'>τὴν</span> <span class='ocrx_word' id='word_1_593' title='bbox 2769 4103 2825 4155; x_wconf 89' lang='grc' dir='ltr'><strong>ἐν</strong></span> <span class='ocrx_word' id='word_1_594' title='bbox 2870 4105 2980 4165; x_wconf 86' lang='grc' dir='ltr'>τοῖς</span> <span class='ocrx_word' id='word_1_595' title='bbox 3023 4102 3067 4156; x_wconf 88' lang='grc' dir='ltr'><strong>δ’</strong></span> <span class='ocrx_word' id='word_1_596' title='bbox 3111 4104 3314 4174; x_wconf 84' lang='grc' dir='ltr'>στίχοις</span> <span class='ocrx_word' id='word_1_597' title='bbox 3359 4107 3715 4179; x_wconf 64' lang='grc' dir='ltr'>καταγραφὴν</span> 
     </span>
    </p>
   </div>
   <div class='ocr_carea' id='block_1_85' title="bbox 2149 4187 3714 4267">
    <p class='ocr_par' dir='ltr' id='par_1_85' title="bbox 2149 4187 3714 4267">
     <span class='ocr_line' id='line_1_85' title="bbox 2149 4187 3714 4267; baseline 0.008 -28"><span class='ocrx_word' id='word_1_598' title='bbox 2149 4187 2539 4260; x_wconf 84' lang='grc' dir='ltr'>εὐτακτοτέραν</span> <span class='ocrx_word' id='word_1_599' title='bbox 2591 4193 2937 4264; x_wconf 85' lang='grc' dir='ltr'>ποιήσωμεν,</span> <span class='ocrx_word' id='word_1_600' title='bbox 2983 4194 3044 4248; x_wconf 82' lang='grc' dir='ltr'><strong>τὸ</strong></span> <span class='ocrx_word' id='word_1_601' title='bbox 3087 4195 3184 4266; x_wconf 84' lang='grc' dir='ltr'><strong>μὲν</strong></span> <span class='ocrx_word' id='word_1_602' title='bbox 3241 4197 3456 4267; x_wconf 84' lang='grc' dir='ltr'>πρῶτον</span> <span class='ocrx_word' id='word_1_603' title='bbox 3495 4199 3714 4252; x_wconf 84' lang='grc' dir='ltr'>σελίδιον</span> 
     </span>
    </p>
   </div>
   <div class='ocr_carea' id='block_1_86' title="bbox 2149 4279 3709 4360">
    <p class='ocr_par' dir='ltr' id='par_1_86' title="bbox 2149 4279 3709 4360">
     <span class='ocr_line' id='line_1_86' title="bbox 2149 4279 3709 4360; baseline 0.008 -29"><span class='ocrx_word' id='word_1_604' title='bbox 2149 4279 2319 4349; x_wconf 90' lang='grc' dir='ltr'>ἐχέτω</span> <span class='ocrx_word' id='word_1_605' title='bbox 2343 4281 2608 4352; x_wconf 80' lang='grc' dir='ltr'>ἀριθμοὺς</span> <span class='ocrx_word' id='word_1_606' title='bbox 2627 4283 2695 4347; x_wconf 87' lang='grc' dir='ltr'><strong>α’,</strong></span> <span class='ocrx_word' id='word_1_607' title='bbox 2715 4283 2780 4351; x_wconf 76' lang='grc' dir='ltr'>ξ’,</span> <span class='ocrx_word' id='word_1_608' title='bbox 2813 4282 2898 4354; x_wconf 86' lang='grc' dir='ltr'>ιβ’,</span> <span class='ocrx_word' id='word_1_609' title='bbox 2936 4285 3006 4357; x_wconf 85' lang='grc' dir='ltr'><strong>ιη’</strong></span> <span class='ocrx_word' id='word_1_610' title='bbox 3028 4303 3042 4318; x_wconf 89' lang='grc'><strong>·</strong></span> <span class='ocrx_word' id='word_1_611' title='bbox 3076 4287 3137 4340; x_wconf 86' lang='grc' dir='ltr'><strong>τὸ</strong></span> <span class='ocrx_word' id='word_1_612' title='bbox 3164 4287 3220 4341; x_wconf 82' lang='grc' dir='ltr'><strong>δὲ</strong></span> <span class='ocrx_word' id='word_1_613' title='bbox 3251 4288 3500 4360; x_wconf 88' lang='grc' dir='ltr'>δεύτερον</span> <span class='ocrx_word' id='word_1_614' title='bbox 3527 4291 3709 4360; x_wconf 81' lang='grc' dir='ltr'>ἐχέτω,</span> 
     </span>
    </p>
   </div>
   <div class='ocr_carea' id='block_1_87' title="bbox 2148 4371 3712 4453">
    <p class='ocr_par' dir='ltr' id='par_1_87' title="bbox 2148 4371 3712 4453">
     <span class='ocr_line' id='line_1_87' title="bbox 2148 4371 3712 4453; baseline 0.006 -30"><span class='ocrx_word' id='word_1_615' title='bbox 2148 4372 2224 4434; x_wconf 84' lang='grc' dir='ltr'><strong>ὡς</strong></span> <span class='ocrx_word' id='word_1_616' title='bbox 2245 4371 2386 4442; x_wconf 73' lang='grc' dir='ltr'>ἔχει·</span> <span class='ocrx_word' id='word_1_617' title='bbox 2421 4373 2482 4426; x_wconf 80' lang='grc' dir='ltr'>τὸ</span> <span class='ocrx_word' id='word_1_618' title='bbox 2513 4374 2569 4427; x_wconf 85' lang='grc' dir='ltr'><strong>δέ</strong></span> <span class='ocrx_word' id='word_1_619' title='bbox 2602 4376 2782 4447; x_wconf 89' lang='grc' dir='ltr'>τρίτον</span> <span class='ocrx_word' id='word_1_620' title='bbox 2810 4375 2881 4444; x_wconf 86' lang='grc' dir='ltr'><strong>γ’,</strong></span> <span class='ocrx_word' id='word_1_621' title='bbox 2920 4377 2990 4449; x_wconf 89' lang='grc' dir='ltr'>η’,</span> <span class='ocrx_word' id='word_1_622' title='bbox 3020 4377 3080 4431; x_wconf 83' lang='grc' dir='ltr'><strong>ιδ’</strong></span> <span class='ocrx_word' id='word_1_623' title='bbox 3086 4418 3101 4442; x_wconf 92' lang='grc'><strong>,</strong></span> <span class='ocrx_word' id='word_1_624' title='bbox 3136 4380 3213 4432; x_wconf 91' lang='grc' dir='ltr'><strong>κε’</strong></span> <span class='ocrx_word' id='word_1_625' title='bbox 3232 4397 3246 4410; x_wconf 77' lang='grc' dir='ltr'><strong>ο</strong></span> <span class='ocrx_word' id='word_1_626' title='bbox 3281 4379 3342 4433; x_wconf 79' lang='grc' dir='ltr'><strong>τὸ</strong></span> <span class='ocrx_word' id='word_1_627' title='bbox 3367 4381 3422 4434; x_wconf 79' lang='grc' dir='ltr'>δὲ</span> <span class='ocrx_word' id='word_1_628' title='bbox 3461 4382 3712 4453; x_wconf 83' lang='grc' dir='ltr'>τέταρτον</span> 
     </span>
    </p>
   </div>
   <div class='ocr_carea' id='block_1_88' title="bbox 2149 4459 3713 4538">
    <p class='ocr_par' dir='ltr' id='par_1_88' title="bbox 2149 4459 3713 4538">
     <span class='ocr_line' id='line_1_88' title="bbox 2149 4459 3713 4538; baseline 0.008 -26"><span class='ocrx_word' id='word_1_629' title='bbox 2149 4459 2215 4525; x_wconf 92' lang='grc' dir='ltr'><strong>θ’,</strong></span> <span class='ocrx_word' id='word_1_630' title='bbox 2251 4461 2331 4528; x_wconf 90' lang='grc' dir='ltr'>ιε’,</span> <span class='ocrx_word' id='word_1_631' title='bbox 2368 4462 2436 4528; x_wconf 93' lang='grc' dir='ltr'><strong>κ’,</strong></span> <span class='ocrx_word' id='word_1_632' title='bbox 2465 4465 2586 4529; x_wconf 81' lang='grc' dir='ltr'>κς’⁶</span> <span class='ocrx_word' id='word_1_633' title='bbox 2615 4466 2678 4519; x_wconf 81' lang='grc' dir='ltr'><strong>τὸ</strong></span> <span class='ocrx_word' id='word_1_634' title='bbox 2712 4467 2770 4520; x_wconf 82' lang='grc' dir='ltr'>δὲ</span> <span class='ocrx_word' id='word_1_635' title='bbox 2822 4467 3071 4538; x_wconf 84' lang='grc' dir='ltr'>πέμπτον</span> <span class='ocrx_word' id='word_1_636' title='bbox 3098 4469 3161 4536; x_wconf 87' lang='grc' dir='ltr'><strong>δ’,</strong></span> <span class='ocrx_word' id='word_1_637' title='bbox 3189 4470 3242 4535; x_wconf 91' lang='grc' dir='ltr'><strong>ι’,</strong></span> <span class='ocrx_word' id='word_1_638' title='bbox 3265 4470 3372 4538; x_wconf 85' lang='grc' dir='ltr'>κα’,</span> <span class='ocrx_word' id='word_1_639' title='bbox 3401 4471 3487 4535; x_wconf 77' lang='grc' dir='ltr'>κζ’</span> <span class='ocrx_word' id='word_1_640' title='bbox 3508 4490 3520 4502; x_wconf 93' lang='grc'><strong>·</strong></span> <span class='ocrx_word' id='word_1_641' title='bbox 3565 4472 3625 4525; x_wconf 84' lang='grc' dir='ltr'><strong>τὸ</strong></span> <span class='ocrx_word' id='word_1_642' title='bbox 3660 4471 3713 4524; x_wconf 77' lang='grc' dir='ltr'><strong>δὲ</strong></span> 
     </span>
    </p>
   </div>
   <div class='ocr_carea' id='block_1_89' title="bbox 2150 4551 3708 4635">
    <p class='ocr_par' dir='ltr' id='par_1_89' title="bbox 2150 4551 3708 4635">
     <span class='ocr_line' id='line_1_89' title="bbox 2150 4551 3708 4635; baseline 0.008 -30"><span class='ocrx_word' id='word_1_643' title='bbox 2150 4551 2307 4606; x_wconf 81' lang='grc' dir='ltr'>ἕκτον</span> <span class='ocrx_word' id='word_1_644' title='bbox 2339 4554 2404 4620; x_wconf 90' lang='grc' dir='ltr'><strong>ε’,</strong></span> <span class='ocrx_word' id='word_1_645' title='bbox 2434 4555 2523 4618; x_wconf 90' lang='grc' dir='ltr'>ια’,</span> <span class='ocrx_word' id='word_1_646' title='bbox 2557 4556 2654 4620; x_wconf 83' lang='grc' dir='ltr'>ις’,</span> <span class='ocrx_word' id='word_1_647' title='bbox 2684 4557 2770 4628; x_wconf 85' lang='grc' dir='ltr'><strong>κβ¹</strong></span> <span class='ocrx_word' id='word_1_648' title='bbox 2790 4574 2802 4587; x_wconf 97' lang='grc'><strong>·</strong></span> <span class='ocrx_word' id='word_1_649' title='bbox 2836 4559 2897 4612; x_wconf 83' lang='grc' dir='ltr'>τὸ</span> <span class='ocrx_word' id='word_1_650' title='bbox 2922 4560 2978 4613; x_wconf 85' lang='grc' dir='ltr'>δὲ</span> <span class='ocrx_word' id='word_1_651' title='bbox 3013 4561 3237 4632; x_wconf 78' lang='grc' dir='ltr'>ἓὸδομον</span> <span class='ocrx_word' id='word_1_652' title='bbox 3268 4563 3428 4615; x_wconf 84' lang='grc' dir='ltr'>πάλιν</span> <span class='ocrx_word' id='word_1_653' title='bbox 3459 4563 3551 4627; x_wconf 76' lang='grc' dir='ltr'><strong>οὓς</strong></span> <span class='ocrx_word' id='word_1_654' title='bbox 3586 4565 3708 4635; x_wconf 71' lang='grc' dir='ltr'>ἔχει.</span> 
     </span>
    </p>
   </div>
   <div class='ocr_carea' id='block_1_90' title="bbox 2220 4645 3712 4724">
    <p class='ocr_par' dir='ltr' id='par_1_90' title="bbox 2220 4645 3712 4724">
     <span class='ocr_line' id='line_1_90' title="bbox 2220 4645 3712 4724; baseline 0.007 -26"><span class='ocrx_word' id='word_1_655' title='bbox 2220 4645 2472 4700; x_wconf 87' lang='grc' dir='ltr'>Τίθενται</span> <span class='ocrx_word' id='word_1_656' title='bbox 2486 4648 2541 4700; x_wconf 85' lang='grc' dir='ltr'><strong>δέ</strong></span> <span class='ocrx_word' id='word_1_657' title='bbox 2559 4649 2764 4704; x_wconf 84' lang='grc' dir='ltr'>ἄνωθεν</span> <span class='ocrx_word' id='word_1_658' title='bbox 2785 4649 2874 4703; x_wconf 79' lang='grc' dir='ltr'>τοῦ</span> <span class='ocrx_word' id='word_1_659' title='bbox 2899 4653 3142 4706; x_wconf 89' lang='grc' dir='ltr'>κανονίου</span> <span class='ocrx_word' id='word_1_660' title='bbox 3157 4653 3208 4706; x_wconf 84' lang='grc' dir='ltr'>οἱ</span> <span class='ocrx_word' id='word_1_661' title='bbox 3228 4653 3321 4706; x_wconf 83' lang='grc' dir='ltr'>τοῦ</span> <span class='ocrx_word' id='word_1_662' title='bbox 3339 4653 3486 4724; x_wconf 77' lang='grc' dir='ltr'>ἡλίου</span> <span class='ocrx_word' id='word_1_663' title='bbox 3511 4655 3712 4719; x_wconf 84' lang='grc' dir='ltr'>κύκλοι,</span> 
     </span>
    </p>
   </div>
   <div class='ocr_carea' id='block_1_91' title="bbox 2147 4733 3713 4816">
    <p class='ocr_par' dir='ltr' id='par_1_91' title="bbox 2147 4733 3713 4816">
     <span class='ocr_line' id='line_1_91' title="bbox 2147 4733 3713 4816; baseline 0.009 -31"><span class='ocrx_word' id='word_1_664' title='bbox 2147 4733 2221 4796; x_wconf 85' lang='grc' dir='ltr'>ὡς</span> <span class='ocrx_word' id='word_1_665' title='bbox 2248 4734 2480 4807; x_wconf 80' lang='grc' dir='ltr'>εἴρηται,</span> <span class='ocrx_word' id='word_1_666' title='bbox 2515 4739 2594 4801; x_wconf 84' lang='grc' dir='ltr'><strong>είς</strong></span> <span class='ocrx_word' id='word_1_667' title='bbox 2620 4738 2850 4808; x_wconf 87' lang='grc' dir='ltr'>δήλωσιν</span> <span class='ocrx_word' id='word_1_668' title='bbox 2875 4741 2968 4794; x_wconf 79' lang='grc' dir='ltr'>τοῦ</span> <span class='ocrx_word' id='word_1_669' title='bbox 2996 4744 3053 4795; x_wconf 86' lang='grc' dir='ltr'><strong>ἐν</strong></span> <span class='ocrx_word' id='word_1_670' title='bbox 3083 4744 3211 4816; x_wconf 81' lang='grc' dir='ltr'>ποίᾳ</span> <span class='ocrx_word' id='word_1_671' title='bbox 3234 4744 3420 4816; x_wconf 78' lang='grc' dir='ltr'>ἡμέρᾳ.</span> <span class='ocrx_word' id='word_1_672' title='bbox 3444 4747 3544 4816; x_wconf 79' lang='grc' dir='ltr'>τῆς</span> <span class='ocrx_word' id='word_1_673' title='bbox 3569 4746 3713 4799; x_wconf 79' lang='grc' dir='ltr'>ἐϐδο-</span> 
     </span>
    </p>
   </div>
   <div class='ocr_carea' id='block_1_92' title="bbox 2153 4827 3714 4907">
    <p class='ocr_par' dir='ltr' id='par_1_92' title="bbox 2153 4827 3714 4907">
     <span class='ocr_line' id='line_1_92' title="bbox 2153 4827 3714 4907; baseline 0.008 -30"><span class='ocrx_word' id='word_1_674' title='bbox 2153 4827 2316 4895; x_wconf 86' lang='grc' dir='ltr'>μάδος</span> <span class='ocrx_word' id='word_1_675' title='bbox 2345 4829 2403 4880; x_wconf 86' lang='grc' dir='ltr'><strong>τὸ</strong></span> <span class='ocrx_word' id='word_1_676' title='bbox 2447 4828 2732 4884; x_wconf 81' lang='grc' dir='ltr'>Ἰουδαϊκὸν</span> <span class='ocrx_word' id='word_1_677' title='bbox 2769 4831 2959 4903; x_wconf 84' lang='grc' dir='ltr'>Πάσχα</span> <span class='ocrx_word' id='word_1_678' title='bbox 2987 4835 3128 4888; x_wconf 89' lang='grc' dir='ltr'><strong>κατά</strong></span> <span class='ocrx_word' id='word_1_679' title='bbox 3165 4836 3255 4888; x_wconf 84' lang='grc' dir='ltr'><strong>τὸν</strong></span> <span class='ocrx_word' id='word_1_680' title='bbox 3287 4838 3486 4889; x_wconf 76' lang='grc' dir='ltr'>οἰκεῖον</span> <span class='ocrx_word' id='word_1_681' title='bbox 3503 4837 3604 4907; x_wconf 84' lang='grc' dir='ltr'>τῆς</span> <span class='ocrx_word' id='word_1_682' title='bbox 3635 4855 3714 4890; x_wconf 88' lang='grc' dir='ltr'>σε-</span> 
     </span>
    </p>
   </div>
   <div class='ocr_carea' id='block_1_93' title="bbox 2148 4917 3715 4998">
    <p class='ocr_par' dir='ltr' id='par_1_93' title="bbox 2148 4917 3715 4998">
     <span class='ocr_line' id='line_1_93' title="bbox 2148 4917 3715 4998; baseline 0.006 -28"><span class='ocrx_word' id='word_1_683' title='bbox 2148 4917 2315 4989; x_wconf 72' lang='grc' dir='ltr'>λήνης</span> <span class='ocrx_word' id='word_1_684' title='bbox 2370 4920 2566 4977; x_wconf 81' lang='grc' dir='ltr'>κύκλον</span> <span class='ocrx_word' id='word_1_685' title='bbox 2620 4923 2874 4978; x_wconf 87' lang='grc' dir='ltr'>τελεῖται.</span> <span class='ocrx_word' id='word_1_686' title='bbox 2911 4925 2984 4978; x_wconf 88' lang='grc' dir='ltr'><strong>Οὺ</strong></span> <span class='ocrx_word' id='word_1_687' title='bbox 3026 4927 3183 4996; x_wconf 84' lang='grc' dir='ltr'>μόνον</span> <span class='ocrx_word' id='word_1_688' title='bbox 3214 4927 3323 4998; x_wconf 82' lang='grc' dir='ltr'><strong>γὰρ</strong></span> <span class='ocrx_word' id='word_1_689' title='bbox 3358 4927 3420 4979; x_wconf 84' lang='grc' dir='ltr'>τὸ</span> <span class='ocrx_word' id='word_1_690' title='bbox 3451 4927 3562 4981; x_wconf 86' lang='grc' dir='ltr'>τῶν</span> <span class='ocrx_word' id='word_1_691' title='bbox 3592 4930 3715 4998; x_wconf 80' lang='grc' dir='ltr'>Χρι-</span> 
     </span>
    </p>
   </div>
   <div class='ocr_carea' id='block_1_94' title="bbox 2150 5011 3714 5088">
    <p class='ocr_par' dir='ltr' id='par_1_94' title="bbox 2150 5011 3714 5088">
     <span class='ocr_line' id='line_1_94' title="bbox 2150 5011 3714 5088; baseline 0.004 -26"><span class='ocrx_word' id='word_1_692' title='bbox 2150 5011 2378 5064; x_wconf 82' lang='grc' dir='ltr'>στιανῶν</span> <span class='ocrx_word' id='word_1_693' title='bbox 2438 5013 2628 5085; x_wconf 88' lang='grc' dir='ltr'>Πάσχα</span> <span class='ocrx_word' id='word_1_694' title='bbox 2683 5015 2805 5068; x_wconf 87' lang='grc' dir='ltr'>καθ’</span> <span class='ocrx_word' id='word_1_695' title='bbox 2851 5015 3080 5069; x_wconf 71' lang='grc' dir='ltr'>ἕκαστον</span> <span class='ocrx_word' id='word_1_696' title='bbox 3125 5016 3320 5070; x_wconf 85' lang='grc' dir='ltr'>κύκλον</span> <span class='ocrx_word' id='word_1_697' title='bbox 3379 5018 3612 5088; x_wconf 80' lang='grc' dir='ltr'>σελήνης</span> <span class='ocrx_word' id='word_1_698' title='bbox 3662 5019 3714 5069; x_wconf 85' lang='grc' dir='ltr'><strong>ἐν</strong></span> 
     </span>
    </p>
   </div>
   <div class='ocr_carea' id='block_1_95' title="bbox 2077 5103 3714 5188">
    <p class='ocr_par' dir='ltr' id='par_1_95' title="bbox 2077 5103 3714 5188">
     <span class='ocr_line' id='line_1_95' title="bbox 2077 5103 3714 5188; baseline 0.003 -32"><span class='ocrx_word' id='word_1_699' title='bbox 2077 5135 2118 5188; x_wconf 79' lang='lat' dir='ltr'><strong>D</strong></span> <span class='ocrx_word' id='word_1_700' title='bbox 2150 5103 2398 5168; x_wconf 87' lang='grc' dir='ltr'>σελιδίοις</span> <span class='ocrx_word' id='word_1_701' title='bbox 2445 5105 2748 5172; x_wconf 75' lang='grc' dir='ltr'>ἔκκειταιζ</span> <span class='ocrx_word' id='word_1_702' title='bbox 2779 5125 2793 5138; x_wconf 91' lang='grc'><strong>·</strong></span> <span class='ocrx_word' id='word_1_703' title='bbox 2853 5107 2988 5162; x_wconf 88' lang='grc' dir='ltr'>ἀλλὰ</span> <span class='ocrx_word' id='word_1_704' title='bbox 3041 5109 3138 5161; x_wconf 76' lang='grc' dir='ltr'><strong>σὺν</strong></span> <span class='ocrx_word' id='word_1_705' title='bbox 3183 5108 3261 5180; x_wconf 85' lang='grc' dir='ltr'>τῷ</span> <span class='ocrx_word' id='word_1_706' title='bbox 3312 5110 3534 5180; x_wconf 87' lang='grc' dir='ltr'>ἀριθμῷ</span> <span class='ocrx_word' id='word_1_707' title='bbox 3569 5110 3714 5163; x_wconf 74' lang='grc' dir='ltr'>τοῦδέ</span> 
     </span>
    </p>
   </div>
   <div class='ocr_carea' id='block_1_96' title="bbox 2145 5199 3713 5272">
    <p class='ocr_par' dir='ltr' id='par_1_96' title="bbox 2145 5199 3713 5272">
     <span class='ocr_line' id='line_1_96' title="bbox 2145 5199 3713 5272; baseline 0.001 -22"><span class='ocrx_word' id='word_1_708' title='bbox 2145 5215 2290 5260; x_wconf 83' lang='grc' dir='ltr'>τινος</span> <span class='ocrx_word' id='word_1_709' title='bbox 2356 5199 2542 5269; x_wconf 83' lang='grc' dir='ltr'>μηνὸς,</span> <span class='ocrx_word' id='word_1_710' title='bbox 2584 5199 2617 5270; x_wconf 84' lang='grc' dir='ltr'><strong>ἢ</strong></span> <span class='ocrx_word' id='word_1_711' title='bbox 2665 5199 2758 5252; x_wconf 81' lang='grc' dir='ltr'>τοῦ</span> <span class='ocrx_word' id='word_1_712' title='bbox 2790 5199 3056 5272; x_wconf 88' lang='grc' dir='ltr'>Μαρτίου,</span> <span class='ocrx_word' id='word_1_713' title='bbox 3096 5201 3128 5270; x_wconf 84' lang='grc' dir='ltr'>ἢ</span> <span class='ocrx_word' id='word_1_714' title='bbox 3163 5200 3256 5254; x_wconf 75' lang='grc' dir='ltr'>τοῦ</span> <span class='ocrx_word' id='word_1_715' title='bbox 3301 5201 3601 5272; x_wconf 84' lang='grc' dir='ltr'>’Λπριλίου,</span> <span class='ocrx_word' id='word_1_716' title='bbox 3626 5200 3713 5253; x_wconf 82' lang='grc' dir='ltr'>τοῦ</span> 
     </span>
    </p>
   </div>
   <div class='ocr_carea' id='block_1_97' title="bbox 2145 5285 3716 5360">
    <p class='ocr_par' dir='ltr' id='par_1_97' title="bbox 2145 5285 3716 5360">
     <span class='ocr_line' id='line_1_97' title="bbox 2145 5285 3716 5360; baseline 0.004 -23"><span class='ocrx_word' id='word_1_717' title='bbox 2145 5285 2429 5351; x_wconf 81' lang='grc' dir='ltr'>δηλοῦντος</span> <span class='ocrx_word' id='word_1_718' title='bbox 2478 5287 2538 5341; x_wconf 85' lang='grc' dir='ltr'><strong>τδ</strong></span> <span class='ocrx_word' id='word_1_719' title='bbox 2592 5289 2803 5359; x_wconf 82' lang='grc' dir='ltr'>Πάσχα,</span> <span class='ocrx_word' id='word_1_720' title='bbox 2857 5291 3032 5342; x_wconf 86' lang='grc' dir='ltr'>κεῖται</span> <span class='ocrx_word' id='word_1_721' title='bbox 3082 5291 3175 5343; x_wconf 72' lang='grc' dir='ltr'><strong>κού⁹</strong></span> <span class='ocrx_word' id='word_1_722' title='bbox 3216 5292 3248 5360; x_wconf 85' lang='grc' dir='ltr'><strong>ή</strong></span> <span class='ocrx_word' id='word_1_723' title='bbox 3297 5290 3398 5359; x_wconf 80' lang='grc' dir='ltr'>τῆς</span> <span class='ocrx_word' id='word_1_724' title='bbox 3431 5289 3716 5360; x_wconf 76' lang='grc' dir='ltr'>ἑϐδομάδος</span> 
     </span>
    </p>
   </div>
   <div class='ocr_carea' id='block_1_98' title="bbox 2147 5375 3430 5448">
    <p class='ocr_par' dir='ltr' id='par_1_98' title="bbox 2147 5375 3430 5448">
     <span class='ocr_line' id='line_1_98' title="bbox 2147 5375 3430 5448; baseline 0.002 -20"><span class='ocrx_word' id='word_1_725' title='bbox 2147 5375 2347 5448; x_wconf 75' lang='grc' dir='ltr'>ἡμέρα,</span> <span class='ocrx_word' id='word_1_726' title='bbox 2383 5377 2503 5430; x_wconf 80' lang='grc' dir='ltr'>καθ’</span> <span class='ocrx_word' id='word_1_727' title='bbox 2533 5377 2598 5448; x_wconf 81' lang='grc' dir='ltr'>ἣν</span> <span class='ocrx_word' id='word_1_728' title='bbox 2623 5377 2744 5430; x_wconf 87' lang='grc' dir='ltr'>τότε</span> <span class='ocrx_word' id='word_1_729' title='bbox 2776 5377 2838 5430; x_wconf 85' lang='grc' dir='ltr'><strong>τὸ</strong></span> <span class='ocrx_word' id='word_1_730' title='bbox 2872 5377 3159 5432; x_wconf 78' lang='grc' dir='ltr'>Ἰουδαϊκὸν</span> <span class='ocrx_word' id='word_1_731' title='bbox 3177 5379 3430 5431; x_wconf 85' lang='grc' dir='ltr'>τελεῖται.</span> 
     </span>
    </p>
   </div>
   <div class='ocr_carea' id='block_1_99' title="bbox 2337 5501 3530 5580">
    <p class='ocr_par' dir='ltr' id='par_1_99' title="bbox 2337 5501 3530 5580">
     <span class='ocr_line' id='line_1_99' title="bbox 2337 5501 3530 5580; baseline 0.003 -21"><span class='ocrx_word' id='word_1_732' title='bbox 2337 5506 2602 5574; x_wconf 84' lang='grc' dir='ltr'>Μέθοδος</span> <span class='ocrx_word' id='word_1_733' title='bbox 2631 5508 2706 5560; x_wconf 86' lang='grc' dir='ltr'><strong>δι’</strong></span> <span class='ocrx_word' id='word_1_734' title='bbox 2732 5504 2807 5578; x_wconf 82' lang='grc' dir='ltr'>ἧς</span> <span class='ocrx_word' id='word_1_735' title='bbox 2839 5501 3175 5579; x_wconf 68' lang='grc' dir='ltr'>εὖψήσομεν</span> <span class='ocrx_word' id='word_1_736' title='bbox 3203 5510 3269 5564; x_wconf 83' lang='grc' dir='ltr'>τὸ</span> <span class='ocrx_word' id='word_1_737' title='bbox 3293 5509 3530 5580; x_wconf 82' lang='grc' dir='ltr'>Πάσχα.</span> 
     </span>
    </p>
   </div>
   <div class='ocr_carea' id='block_1_100' title="bbox 2220 5621 3710 5696">
    <p class='ocr_par' dir='ltr' id='par_1_100' title="bbox 2220 5621 3710 5696">
     <span class='ocr_line' id='line_1_100' title="bbox 2220 5621 3710 5696; baseline 0.001 -23"><span class='ocrx_word' id='word_1_738' title='bbox 2220 5621 2323 5675; x_wconf 81' lang='lat' dir='ltr'><strong>IA&#39;.</strong></span> <span class='ocrx_word' id='word_1_739' title='bbox 2358 5622 2525 5677; x_wconf 83' lang='grc' dir='ltr'>Ὅταν</span> <span class='ocrx_word' id='word_1_740' title='bbox 2565 5623 2742 5676; x_wconf 86' lang='grc' dir='ltr'>τοίνυν</span> <span class='ocrx_word' id='word_1_741' title='bbox 2782 5625 3170 5696; x_wconf 84' lang='grc' dir='ltr'>προαιρώμεθα</span> <span class='ocrx_word' id='word_1_742' title='bbox 3208 5625 3495 5694; x_wconf 79' lang='grc' dir='ltr'>γινώσκειν</span> <span class='ocrx_word' id='word_1_743' title='bbox 3532 5627 3589 5678; x_wconf 83' lang='grc' dir='ltr'><strong>ἐν</strong></span> <span class='ocrx_word' id='word_1_744' title='bbox 3614 5624 3710 5676; x_wconf 88' lang='grc' dir='ltr'>τίνι</span> 
     </span>
    </p>
   </div>
   <div class='ocr_carea' id='block_1_101' title="bbox 2149 5711 3709 5788">
    <p class='ocr_par' dir='ltr' id='par_1_101' title="bbox 2149 5711 3709 5788">
     <span class='ocr_line' id='line_1_101' title="bbox 2149 5711 3709 5788; baseline 0.003 -26"><span class='ocrx_word' id='word_1_745' title='bbox 2149 5711 2256 5764; x_wconf 84' lang='grc' dir='ltr'><strong>τῶν</strong></span> <span class='ocrx_word' id='word_1_746' title='bbox 2297 5711 2390 5766; x_wconf 84' lang='grc' dir='ltr'><strong>δύο</strong></span> <span class='ocrx_word' id='word_1_747' title='bbox 2439 5714 2622 5785; x_wconf 84' lang='grc' dir='ltr'>μηνῶν</span> <span class='ocrx_word' id='word_1_748' title='bbox 2660 5715 2965 5788; x_wconf 86' lang='grc' dir='ltr'>Μαρτίουῆ</span> <span class='ocrx_word' id='word_1_749' title='bbox 3013 5717 3309 5788; x_wconf 74' lang='grc' dir='ltr'>Ἀπριλίου,</span> <span class='ocrx_word' id='word_1_750' title='bbox 3354 5718 3447 5770; x_wconf 78' lang='grc' dir='ltr'>καὶ</span> <span class='ocrx_word' id='word_1_751' title='bbox 3488 5719 3544 5769; x_wconf 87' lang='grc' dir='ltr'><strong>ἐν</strong></span> <span class='ocrx_word' id='word_1_752' title='bbox 3590 5715 3709 5783; x_wconf 78' lang='grc' dir='ltr'>ποία</span> 
     </span>
    </p>
   </div>
   <div class='ocr_carea' id='block_1_102' title="bbox 2151 5801 3707 5878">
    <p class='ocr_par' dir='ltr' id='par_1_102' title="bbox 2151 5801 3707 5878">
     <span class='ocr_line' id='line_1_102' title="bbox 2151 5801 3707 5878; baseline 0.001 -19"><span class='ocrx_word' id='word_1_753' title='bbox 2151 5801 2330 5874; x_wconf 69' lang='grc' dir='ltr'>ἡμέρᾳ</span> <span class='ocrx_word' id='word_1_754' title='bbox 2377 5805 2494 5869; x_wconf 77' lang='grc' dir='ltr'>ἐνὸς</span> <span class='ocrx_word' id='word_1_755' title='bbox 2540 5806 2718 5861; x_wconf 81' lang='grc' dir='ltr'>αὐτῶν</span> <span class='ocrx_word' id='word_1_756' title='bbox 2752 5807 2813 5860; x_wconf 78' lang='grc' dir='ltr'><strong>τὸ</strong></span> <span class='ocrx_word' id='word_1_757' title='bbox 2845 5807 2950 5861; x_wconf 86' lang='grc' dir='ltr'><strong>τῶν</strong></span> <span class='ocrx_word' id='word_1_758' title='bbox 2976 5809 3312 5863; x_wconf 86' lang='grc' dir='ltr'>Χοιστιανῶν</span> <span class='ocrx_word' id='word_1_759' title='bbox 3343 5808 3493 5878; x_wconf 74' lang='grc' dir='ltr'>ἅγιον</span> <span class='ocrx_word' id='word_1_760' title='bbox 3525 5807 3707 5878; x_wconf 81' lang='grc' dir='ltr'>Πάσχα</span> 
     </span>
    </p>
   </div>
  </div>
