  <div class='ocr_page' id='page_1' title='image "/cluster/home/n/w/nwhite01/storage/ocr_20150623/19/mdp.39015061293422/658.png"; bbox 0 0 3948 6264; ppageno 0'>
   <div class='ocr_carea' id='block_1_1' title="bbox 289 368 416 426">
    <p class='ocr_par' dir='ltr' id='par_1_1' title="bbox 289 368 416 426">
     <span class='ocr_line' id='line_1_1' title="bbox 289 368 416 426; baseline -0.024 0"><span class='ocrx_word' id='word_1_1' title='bbox 289 368 416 426; x_wconf 77' lang='grc'>1501</span> 
     </span>
    </p>
   </div>
   <div class='ocr_carea' id='block_1_2' title="bbox 285 463 1136 545">
    <p class='ocr_par' dir='ltr' id='par_1_2' title="bbox 285 463 1136 545">
     <span class='ocr_line' id='line_1_2' title="bbox 285 463 1136 545; baseline -0.026 -8"><span class='ocrx_word' id='word_1_2' title='bbox 285 483 528 542; x_wconf 83' lang='grc' dir='ltr'><strong>τελεῖται,</strong></span> <span class='ocrx_word' id='word_1_3' title='bbox 581 469 882 545; x_wconf 81' lang='grc' dir='ltr'><strong>προχείρως</strong></span> <span class='ocrx_word' id='word_1_4' title='bbox 946 465 1042 536; x_wconf 87' lang='grc' dir='ltr'><strong>μέν</strong></span> <span class='ocrx_word' id='word_1_5' title='bbox 1069 463 1136 516; x_wconf 87' lang='grc' dir='ltr'><strong>λα</strong></span> 
     </span>
    </p>
   </div>
   <div class='ocr_carea' id='block_1_3' title="bbox 286 541 1846 643">
    <p class='ocr_par' dir='ltr' id='par_1_3' title="bbox 286 541 1846 643">
     <span class='ocr_line' id='line_1_3' title="bbox 286 541 1846 643; baseline -0.021 -16"><span class='ocrx_word' id='word_1_6' title='bbox 286 572 377 628; x_wconf 80' lang='grc' dir='ltr'><strong>τοῦ</strong></span> <span class='ocrx_word' id='word_1_7' title='bbox 409 570 558 643; x_wconf 84' lang='grc' dir='ltr'>ἡλίου</span> <span class='ocrx_word' id='word_1_8' title='bbox 585 565 802 627; x_wconf 83' lang='grc' dir='ltr'><strong>κύκλον,</strong></span> <span class='ocrx_word' id='word_1_9' title='bbox 832 557 1034 615; x_wconf 77' lang='grc' dir='ltr'>ἄνωθεν</span> <span class='ocrx_word' id='word_1_10' title='bbox 1056 555 1305 624; x_wconf 90' lang='grc' dir='ltr'>κείμενον</span> <span class='ocrx_word' id='word_1_11' title='bbox 1327 548 1422 604; x_wconf 76' lang='grc' dir='ltr'>τοῦ</span> <span class='ocrx_word' id='word_1_12' title='bbox 1453 547 1721 610; x_wconf 86' lang='grc' dir='ltr'>κανονίου,</span> <span class='ocrx_word' id='word_1_13' title='bbox 1750 541 1846 595; x_wconf 56' lang='grc' dir='ltr'><strong>καὶ⁸</strong></span> 
     </span>
    </p>
   </div>
   <div class='ocr_carea' id='block_1_4' title="bbox 285 637 1845 734">
    <p class='ocr_par' dir='ltr' id='par_1_4' title="bbox 285 637 1845 734">
     <span class='ocr_line' id='line_1_4' title="bbox 285 637 1845 734; baseline -0.021 -15"><span class='ocrx_word' id='word_1_14' title='bbox 285 637 658 734; x_wconf 79' lang='grc' dir='ltr'>κατερχόμεθα</span> <span class='ocrx_word' id='word_1_15' title='bbox 683 657 744 709; x_wconf 82' lang='grc' dir='ltr'><strong>τὸ</strong></span> <span class='ocrx_word' id='word_1_16' title='bbox 774 653 838 706; x_wconf 87' lang='grc' dir='ltr'>δι’</span> <span class='ocrx_word' id='word_1_17' title='bbox 860 648 1022 705; x_wconf 78' lang='grc' dir='ltr'>αὑτοῦ</span> <span class='ocrx_word' id='word_1_18' title='bbox 1044 645 1286 709; x_wconf 86' lang='grc' dir='ltr'>σελίδιον,</span> <span class='ocrx_word' id='word_1_19' title='bbox 1321 642 1425 705; x_wconf 76' lang='grc' dir='ltr'>ἓως</span> <span class='ocrx_word' id='word_1_20' title='bbox 1456 640 1520 694; x_wconf 78' lang='grc' dir='ltr'><strong>ἂν</strong></span> <span class='ocrx_word' id='word_1_21' title='bbox 1554 637 1845 708; x_wconf 81' lang='grc' dir='ltr'><strong>φθάσωμεν</strong></span> 
     </span>
    </p>
   </div>
   <div class='ocr_carea' id='block_1_5' title="bbox 286 728 1846 819">
    <p class='ocr_par' dir='ltr' id='par_1_5' title="bbox 286 728 1846 819">
     <span class='ocr_line' id='line_1_5' title="bbox 286 728 1846 819; baseline -0.019 -12"><span class='ocrx_word' id='word_1_22' title='bbox 286 757 364 817; x_wconf 83' lang='grc' dir='ltr'><strong>είς</strong></span> <span class='ocrx_word' id='word_1_23' title='bbox 502 728 703 819; x_wconf 85' lang='grc' dir='ltr'>στίχον,</span> <span class='ocrx_word' id='word_1_24' title='bbox 733 745 816 815; x_wconf 85' lang='grc' dir='ltr'><strong>ἐφ’</strong></span> <span class='ocrx_word' id='word_1_25' title='bbox 837 735 897 795; x_wconf 71' lang='grc' dir='ltr'>οὗ</span> <span class='ocrx_word' id='word_1_26' title='bbox 924 743 982 794; x_wconf 91' lang='grc' dir='ltr'><strong>ἐν</strong></span> <span class='ocrx_word' id='word_1_27' title='bbox 1012 739 1152 810; x_wconf 81' lang='grc' dir='ltr'>ἀρχῇ</span> <span class='ocrx_word' id='word_1_28' title='bbox 1182 736 1322 805; x_wconf 84' lang='grc' dir='ltr'>ὁτῆς</span> <span class='ocrx_word' id='word_1_29' title='bbox 1346 733 1569 804; x_wconf 82' lang='grc' dir='ltr'>σελήνης</span> <span class='ocrx_word' id='word_1_30' title='bbox 1581 728 1846 800; x_wconf 86' lang='grc' dir='ltr'>γράφεται</span> 
     </span>
    </p>
   </div>
   <div class='ocr_carea' id='block_1_6' title="bbox 287 818 1849 907">
    <p class='ocr_par' dir='ltr' id='par_1_6' title="bbox 287 818 1849 907">
     <span class='ocr_line' id='line_1_6' title="bbox 287 818 1849 907; baseline -0.019 -7"><span class='ocrx_word' id='word_1_31' title='bbox 287 845 513 907; x_wconf 82' lang='grc' dir='ltr'>κύκλος·</span> <span class='ocrx_word' id='word_1_32' title='bbox 542 843 636 896; x_wconf 76' lang='grc' dir='ltr'><strong>καὶ</strong></span> <span class='ocrx_word' id='word_1_33' title='bbox 687 839 746 892; x_wconf 80' lang='grc' dir='ltr'><strong>τὸ</strong></span> <span class='ocrx_word' id='word_1_34' title='bbox 777 837 917 891; x_wconf 76' lang='grc' dir='ltr'>οὕτω</span> <span class='ocrx_word' id='word_1_35' title='bbox 953 833 1200 904; x_wconf 85' lang='grc' dir='ltr'>κείμενον</span> <span class='ocrx_word' id='word_1_36' title='bbox 1242 826 1466 897; x_wconf 85' lang='grc' dir='ltr'>ἀντικρὺ</span> <span class='ocrx_word' id='word_1_37' title='bbox 1514 821 1655 876; x_wconf 84' lang='grc' dir='ltr'>κατὰ</span> <span class='ocrx_word' id='word_1_38' title='bbox 1690 818 1849 889; x_wconf 84' lang='grc' dir='ltr'>βάθος</span> 
     </span>
    </p>
   </div>
   <div class='ocr_carea' id='block_1_7' title="bbox 294 910 1850 1011">
    <p class='ocr_par' dir='ltr' id='par_1_7' title="bbox 294 910 1850 1011">
     <span class='ocr_line' id='line_1_7' title="bbox 294 910 1850 1011; baseline -0.018 -19"><span class='ocrx_word' id='word_1_39' title='bbox 294 939 390 1011; x_wconf 85' lang='grc' dir='ltr'><strong>μὲν</strong></span> <span class='ocrx_word' id='word_1_40' title='bbox 414 934 506 990; x_wconf 80' lang='grc' dir='ltr'>τοῦ</span> <span class='ocrx_word' id='word_1_41' title='bbox 541 931 829 994; x_wconf 75' lang='grc' dir='ltr'>ἐνεστῶτος</span> <span class='ocrx_word' id='word_1_42' title='bbox 867 924 1092 1000; x_wconf 79' lang='grc' dir='ltr'>ἡλιακοῦ</span> <span class='ocrx_word' id='word_1_43' title='bbox 1133 922 1352 986; x_wconf 82' lang='grc' dir='ltr'>κύκλου,</span> <span class='ocrx_word' id='word_1_44' title='bbox 1382 918 1522 972; x_wconf 74' lang='grc' dir='ltr'>κατὰ</span> <span class='ocrx_word' id='word_1_45' title='bbox 1549 915 1748 976; x_wconf 80' lang='grc' dir='ltr'>πλάτος</span> <span class='ocrx_word' id='word_1_46' title='bbox 1792 910 1850 965; x_wconf 85' lang='grc' dir='ltr'>δὲ</span> 
     </span>
    </p>
   </div>
   <div class='ocr_carea' id='block_1_8' title="bbox 289 1002 1850 1096">
    <p class='ocr_par' dir='ltr' id='par_1_8' title="bbox 289 1002 1850 1096">
     <span class='ocr_line' id='line_1_8' title="bbox 289 1002 1850 1096; baseline -0.019 -13"><span class='ocrx_word' id='word_1_47' title='bbox 289 1027 381 1083; x_wconf 78' lang='grc' dir='ltr'>τοῦ</span> <span class='ocrx_word' id='word_1_48' title='bbox 421 1021 763 1096; x_wconf 80' lang='grc' dir='ltr'>σεληνιακοῦ,</span> <span class='ocrx_word' id='word_1_49' title='bbox 807 1021 1049 1090; x_wconf 81' lang='grc' dir='ltr'>φήσομεν</span> <span class='ocrx_word' id='word_1_50' title='bbox 1103 1010 1240 1068; x_wconf 82' lang='grc' dir='ltr'>εἶναι</span> <span class='ocrx_word' id='word_1_51' title='bbox 1283 1012 1343 1065; x_wconf 84' lang='grc' dir='ltr'><strong>τὸ</strong></span> <span class='ocrx_word' id='word_1_52' title='bbox 1374 1010 1480 1064; x_wconf 90' lang='grc' dir='ltr'><strong>τῶν</strong></span> <span class='ocrx_word' id='word_1_53' title='bbox 1513 1002 1850 1080; x_wconf 83' lang='grc' dir='ltr'>Χριστιανῶν</span> 
     </span>
    </p>
   </div>
   <div class='ocr_carea' id='block_1_9' title="bbox 291 1095 1854 1190">
    <p class='ocr_par' dir='ltr' id='par_1_9' title="bbox 291 1095 1854 1190">
     <span class='ocr_line' id='line_1_9' title="bbox 291 1095 1854 1190; baseline -0.019 -14"><span class='ocrx_word' id='word_1_54' title='bbox 291 1121 440 1190; x_wconf 76' lang='grc' dir='ltr'>ἅγιον</span> <span class='ocrx_word' id='word_1_55' title='bbox 463 1095 684 1189; x_wconf 89' lang='grc' dir='ltr'>Πάσχα·</span> <span class='ocrx_word' id='word_1_56' title='bbox 719 1113 814 1185; x_wconf 85' lang='grc' dir='ltr'>τὴν</span> <span class='ocrx_word' id='word_1_57' title='bbox 843 1111 886 1166; x_wconf 85' lang='grc' dir='ltr'>δ’</span> <span class='ocrx_word' id='word_1_58' title='bbox 917 1111 1006 1162; x_wconf 80' lang='grc' dir='ltr'>ὑπ’</span> <span class='ocrx_word' id='word_1_59' title='bbox 1040 1107 1172 1161; x_wconf 79' lang='grc' dir='ltr'>αὐτὸ</span> <span class='ocrx_word' id='word_1_60' title='bbox 1210 1105 1422 1176; x_wconf 88' lang='grc' dir='ltr'>ἡμέραν</span> <span class='ocrx_word' id='word_1_61' title='bbox 1451 1100 1548 1172; x_wconf 84' lang='grc' dir='ltr'>τὴν</span> <span class='ocrx_word' id='word_1_62' title='bbox 1575 1099 1673 1169; x_wconf 85' lang='grc' dir='ltr'><strong>τῆς</strong></span> <span class='ocrx_word' id='word_1_63' title='bbox 1704 1095 1854 1149; x_wconf 83' lang='grc' dir='ltr'>ἐϐδο-</span> 
     </span>
    </p>
   </div>
   <div class='ocr_carea' id='block_1_10' title="bbox 296 1185 1850 1282">
    <p class='ocr_par' dir='ltr' id='par_1_10' title="bbox 296 1185 1850 1282">
     <span class='ocr_line' id='line_1_10' title="bbox 296 1185 1850 1282; baseline -0.02 -13"><span class='ocrx_word' id='word_1_64' title='bbox 296 1185 457 1276; x_wconf 84' lang='grc' dir='ltr'>ιιάδος</span> <span class='ocrx_word' id='word_1_65' title='bbox 512 1185 747 1282; x_wconf 77' lang='grc' dir='ltr'>ἡμέραν,</span> <span class='ocrx_word' id='word_1_66' title='bbox 792 1205 911 1259; x_wconf 86' lang='grc' dir='ltr'>καθ’</span> <span class='ocrx_word' id='word_1_67' title='bbox 957 1203 1024 1274; x_wconf 83' lang='grc' dir='ltr'><strong>ἡν</strong></span> <span class='ocrx_word' id='word_1_68' title='bbox 1075 1200 1264 1270; x_wconf 88' lang='grc' dir='ltr'>γέγονε</span> <span class='ocrx_word' id='word_1_69' title='bbox 1293 1196 1355 1249; x_wconf 83' lang='grc' dir='ltr'><strong>τὸ</strong></span> <span class='ocrx_word' id='word_1_70' title='bbox 1389 1194 1510 1247; x_wconf 88' lang='grc' dir='ltr'>τότε</span> <span class='ocrx_word' id='word_1_71' title='bbox 1548 1185 1850 1245; x_wconf 82' lang='grc' dir='ltr'>Ἰουδαϊκόν.</span> 
     </span>
    </p>
   </div>
   <div class='ocr_carea' id='block_1_11' title="bbox 278 1276 1854 1368">
    <p class='ocr_par' dir='ltr' id='par_1_11' title="bbox 278 1276 1854 1368">
     <span class='ocr_line' id='line_1_11' title="bbox 278 1276 1854 1368; baseline -0.02 -7"><span class='ocrx_word' id='word_1_72' title='bbox 278 1365 279 1368; x_wconf 32' lang='grc' dir='ltr'><strong>η</strong></span> <span class='ocrx_word' id='word_1_73' title='bbox 359 1301 503 1368; x_wconf 76' lang='grc' dir='ltr'>Οἷον,</span> <span class='ocrx_word' id='word_1_74' title='bbox 533 1301 608 1365; x_wconf 86' lang='grc' dir='ltr'>ὡς</span> <span class='ocrx_word' id='word_1_75' title='bbox 627 1276 714 1354; x_wconf 38' lang='grc' dir='ltr'>’ὲν</span> <span class='ocrx_word' id='word_1_76' title='bbox 764 1296 1140 1364; x_wconf 84' lang='grc' dir='ltr'>ὑποδείγματι,</span> <span class='ocrx_word' id='word_1_77' title='bbox 1167 1290 1306 1343; x_wconf 81' lang='grc' dir='ltr'>ἔστω</span> <span class='ocrx_word' id='word_1_78' title='bbox 1333 1287 1512 1358; x_wconf 79' lang='grc' dir='ltr'>ζητεῖν</span> <span class='ocrx_word' id='word_1_79' title='bbox 1539 1284 1688 1356; x_wconf 83' lang='grc' dir='ltr'>ἡμᾶς</span> <span class='ocrx_word' id='word_1_80' title='bbox 1714 1276 1854 1331; x_wconf 87' lang='grc' dir='ltr'>κατὰ</span> 
     </span>
    </p>
   </div>
   <div class='ocr_carea' id='block_1_12' title="bbox 289 1372 1856 1456">
    <p class='ocr_par' dir='ltr' id='par_1_12' title="bbox 289 1372 1856 1456">
     <span class='ocr_line' id='line_1_12' title="bbox 289 1372 1856 1456; baseline -0.02 -3"><span class='ocrx_word' id='word_1_81' title='bbox 289 1398 352 1453; x_wconf 86' lang='grc' dir='ltr'><strong>τδ</strong></span> <span class='ocrx_word' id='word_1_82' title='bbox 407 1392 636 1456; x_wconf 88' lang='grc' dir='ltr'>ἐνεστὼς</span> <span class='ocrx_word' id='word_1_83' title='bbox 685 1390 802 1452; x_wconf 76' lang='grc' dir='ltr'>ἔτος</span> <span class='ocrx_word' id='word_1_84' title='bbox 850 1388 909 1440; x_wconf 86' lang='grc' dir='ltr'><strong>τὸ</strong></span> <span class='ocrx_word' id='word_1_85' title='bbox 950 1384 1057 1441; x_wconf 86' lang='grc' dir='ltr'>ἀπὸ</span> <span class='ocrx_word' id='word_1_86' title='bbox 1097 1383 1194 1453; x_wconf 80' lang='grc' dir='ltr'>τῆς</span> <span class='ocrx_word' id='word_1_87' title='bbox 1217 1379 1308 1433; x_wconf 82' lang='grc' dir='ltr'><strong>τοῦ</strong></span> <span class='ocrx_word' id='word_1_88' title='bbox 1351 1377 1554 1448; x_wconf 84' lang='grc' dir='ltr'>κόσμου</span> <span class='ocrx_word' id='word_1_89' title='bbox 1593 1372 1856 1442; x_wconf 84' lang='grc' dir='ltr'>γενέσεως</span> 
     </span>
    </p>
   </div>
   <div class='ocr_carea' id='block_1_13' title="bbox 292 1459 1856 1554">
    <p class='ocr_par' dir='ltr' id='par_1_13' title="bbox 292 1459 1856 1554">
     <span class='ocr_line' id='line_1_13' title="bbox 292 1459 1856 1554; baseline -0.019 -12"><span class='ocrx_word' id='word_1_90' title='bbox 292 1486 489 1554; x_wconf 77' lang='grc' dir='ltr'>,ςωπα’</span> <span class='ocrx_word' id='word_1_91' title='bbox 529 1484 668 1547; x_wconf 76' lang='grc' dir='ltr'>ἔτος,</span> <span class='ocrx_word' id='word_1_92' title='bbox 699 1482 757 1535; x_wconf 83' lang='grc' dir='ltr'><strong>ἐν</strong></span> <span class='ocrx_word' id='word_1_93' title='bbox 815 1479 945 1550; x_wconf 72' lang='grc' dir='ltr'>ποία</span> <span class='ocrx_word' id='word_1_94' title='bbox 1005 1475 1188 1546; x_wconf 64' lang='grc' dir='ltr'>ἡμέρᾳ.</span> <span class='ocrx_word' id='word_1_95' title='bbox 1246 1470 1338 1526; x_wconf 82' lang='grc' dir='ltr'><strong>τοῦ</strong></span> <span class='ocrx_word' id='word_1_96' title='bbox 1390 1467 1632 1539; x_wconf 82' lang='grc' dir='ltr'>Μαρτίου</span> <span class='ocrx_word' id='word_1_97' title='bbox 1687 1462 1720 1534; x_wconf 82' lang='grc' dir='ltr'>ἢ</span> <span class='ocrx_word' id='word_1_98' title='bbox 1763 1459 1856 1514; x_wconf 80' lang='grc' dir='ltr'>τοῦ</span> 
     </span>
    </p>
   </div>
   <div class='ocr_carea' id='block_1_14' title="bbox 303 1554 1858 1651">
    <p class='ocr_par' dir='ltr' id='par_1_14' title="bbox 303 1554 1858 1651">
     <span class='ocr_line' id='line_1_14' title="bbox 303 1554 1858 1651; baseline -0.018 -16"><span class='ocrx_word' id='word_1_99' title='bbox 303 1579 580 1651; x_wconf 82' lang='grc' dir='ltr'>’Δπριλίου</span> <span class='ocrx_word' id='word_1_100' title='bbox 609 1577 670 1629; x_wconf 86' lang='grc' dir='ltr'><strong>τὸ</strong></span> <span class='ocrx_word' id='word_1_101' title='bbox 685 1573 794 1627; x_wconf 90' lang='grc' dir='ltr'><strong>τῶν</strong></span> <span class='ocrx_word' id='word_1_102' title='bbox 815 1566 1152 1643; x_wconf 81' lang='grc' dir='ltr'>Χριστιανῶν</span> <span class='ocrx_word' id='word_1_103' title='bbox 1181 1565 1332 1617; x_wconf 85' lang='grc' dir='ltr'>ἕσται</span> <span class='ocrx_word' id='word_1_104' title='bbox 1369 1561 1579 1631; x_wconf 84' lang='grc' dir='ltr'>Πάσχα.</span> <span class='ocrx_word' id='word_1_105' title='bbox 1612 1557 1722 1612; x_wconf 76' lang='grc' dir='ltr'><strong>Καὶ</strong></span> <span class='ocrx_word' id='word_1_106' title='bbox 1736 1554 1858 1609; x_wconf 76' lang='grc' dir='ltr'>ἐπεὶ</span> 
     </span>
    </p>
   </div>
   <div class='ocr_carea' id='block_1_15' title="bbox 293 1647 1855 1741">
    <p class='ocr_par' dir='ltr' id='par_1_15' title="bbox 293 1647 1855 1741">
     <span class='ocr_line' id='line_1_15' title="bbox 293 1647 1855 1741; baseline -0.016 -15"><span class='ocrx_word' id='word_1_107' title='bbox 293 1647 504 1741; x_wconf 76' lang='grc' dir='ltr'>ἐδείχθη</span> <span class='ocrx_word' id='word_1_108' title='bbox 533 1667 651 1722; x_wconf 79' lang='grc' dir='ltr'>κατ’</span> <span class='ocrx_word' id='word_1_109' title='bbox 686 1665 817 1721; x_wconf 72' lang='grc' dir='ltr'>αὐτὸ</span> <span class='ocrx_word' id='word_1_110' title='bbox 843 1663 904 1717; x_wconf 86' lang='grc' dir='ltr'><strong>τὸ</strong></span> <span class='ocrx_word' id='word_1_111' title='bbox 935 1662 1073 1726; x_wconf 83' lang='grc' dir='ltr'>ἔτος,</span> <span class='ocrx_word' id='word_1_112' title='bbox 1111 1658 1262 1731; x_wconf 81' lang='grc' dir='ltr'>ἡλίου</span> <span class='ocrx_word' id='word_1_113' title='bbox 1297 1658 1392 1728; x_wconf 79' lang='grc' dir='ltr'><strong>μὲν</strong></span> <span class='ocrx_word' id='word_1_114' title='bbox 1425 1654 1498 1707; x_wconf 82' lang='grc' dir='ltr'><strong>ὢν</strong></span> <span class='ocrx_word' id='word_1_115' title='bbox 1528 1651 1724 1714; x_wconf 81' lang='grc' dir='ltr'>κύκλος</span> <span class='ocrx_word' id='word_1_116' title='bbox 1750 1647 1855 1712; x_wconf 87' lang='grc' dir='ltr'>κα”,</span> 
     </span>
    </p>
   </div>
   <div class='ocr_carea' id='block_1_16' title="bbox 294 1740 1859 1834">
    <p class='ocr_par' dir='ltr' id='par_1_16' title="bbox 294 1740 1859 1834">
     <span class='ocr_line' id='line_1_16' title="bbox 294 1740 1859 1834; baseline -0.017 -16"><span class='ocrx_word' id='word_1_117' title='bbox 294 1740 522 1834; x_wconf 85' lang='grc' dir='ltr'>σελήνης</span> <span class='ocrx_word' id='word_1_118' title='bbox 547 1761 608 1824; x_wconf 81' lang='grc' dir='ltr'>δὲ</span> <span class='ocrx_word' id='word_1_119' title='bbox 625 1757 825 1830; x_wconf 82' lang='grc' dir='ltr'>τρίτος,</span> <span class='ocrx_word' id='word_1_120' title='bbox 858 1754 1203 1826; x_wconf 84' lang='grc' dir='ltr'>λαμϐάνομεν</span> <span class='ocrx_word' id='word_1_121' title='bbox 1231 1749 1422 1811; x_wconf 79' lang='grc' dir='ltr'>αὐτοὺς</span> <span class='ocrx_word' id='word_1_122' title='bbox 1445 1748 1502 1799; x_wconf 86' lang='grc' dir='ltr'><strong>ἐν</strong></span> <span class='ocrx_word' id='word_1_123' title='bbox 1521 1744 1599 1815; x_wconf 86' lang='grc' dir='ltr'><strong>τῷ</strong></span> <span class='ocrx_word' id='word_1_124' title='bbox 1631 1740 1859 1810; x_wconf 86' lang='grc' dir='ltr'>κανονίῳ</span> 
     </span>
    </p>
   </div>
   <div class='ocr_carea' id='block_1_17' title="bbox 294 1815 1934 1924">
    <p class='ocr_par' dir='ltr' id='par_1_17' title="bbox 294 1815 1934 1924">
     <span class='ocr_line' id='line_1_17' title="bbox 294 1815 1934 1924; baseline -0.015 -15"><span class='ocrx_word' id='word_1_125' title='bbox 294 1815 498 1909; x_wconf 73' lang='grc' dir='ltr'>ἄνωθεν</span> <span class='ocrx_word' id='word_1_126' title='bbox 543 1819 641 1924; x_wconf 82' lang='grc' dir='ltr'>μὲν</span> <span class='ocrx_word' id='word_1_127' title='bbox 665 1815 945 1903; x_wconf 36' lang='grc' dir='ltr'><strong>’τὸν-’τοῦΙ</strong></span> <span class='ocrx_word' id='word_1_128' title='bbox 973 1815 1144 1916; x_wconf 78' lang='grc' dir='ltr'>ήλίού,</span> <span class='ocrx_word' id='word_1_129' title='bbox 1175 1844 1239 1895; x_wconf 85' lang='grc' dir='ltr'><strong>ἐκ</strong></span> <span class='ocrx_word' id='word_1_130' title='bbox 1268 1839 1495 1908; x_wconf 85' lang='grc' dir='ltr'>πλαγίου</span> <span class='ocrx_word' id='word_1_131' title='bbox 1536 1837 1592 1889; x_wconf 84' lang='grc' dir='ltr'>δὲ</span> <span class='ocrx_word' id='word_1_132' title='bbox 1636 1835 1728 1887; x_wconf 84' lang='grc' dir='ltr'><strong>τὸν</strong></span> <span class='ocrx_word' id='word_1_133' title='bbox 1766 1835 1862 1903; x_wconf 80' lang='grc' dir='ltr'>τῆς</span> <span class='ocrx_word' id='word_1_134' title='bbox 1893 1815 1934 1870; x_wconf 80' lang='grc' dir='ltr'><strong>Β</strong></span> 
     </span>
    </p>
   </div>
   <div class='ocr_carea' id='block_1_18' title="bbox 296 1925 1865 2018">
    <p class='ocr_par' dir='ltr' id='par_1_18' title="bbox 296 1925 1865 2018">
     <span class='ocr_line' id='line_1_18' title="bbox 296 1925 1865 2018; baseline -0.014 -17"><span class='ocrx_word' id='word_1_135' title='bbox 296 1947 528 2018; x_wconf 87' lang='grc' dir='ltr'>σελήνης</span> <span class='ocrx_word' id='word_1_136' title='bbox 548 1964 562 1977; x_wconf 89' lang='grc'><strong>·</strong></span> <span class='ocrx_word' id='word_1_137' title='bbox 618 1941 848 2012; x_wconf 82' lang='grc' dir='ltr'>κάπειδὴ</span> <span class='ocrx_word' id='word_1_138' title='bbox 904 1937 1309 2010; x_wconf 84' lang='grc' dir='ltr'>συνερχομένων</span> <span class='ocrx_word' id='word_1_139' title='bbox 1369 1933 1426 1986; x_wconf 90' lang='grc' dir='ltr'><strong>ἐν</strong></span> <span class='ocrx_word' id='word_1_140' title='bbox 1467 1929 1544 2001; x_wconf 82' lang='grc' dir='ltr'><strong>τῷ</strong></span> <span class='ocrx_word' id='word_1_141' title='bbox 1596 1930 1743 2000; x_wconf 93' lang='grc' dir='ltr'>μέσῳ</span> <span class='ocrx_word' id='word_1_142' title='bbox 1770 1925 1865 1981; x_wconf 81' lang='grc' dir='ltr'>τοῦ</span> 
     </span>
    </p>
   </div>
   <div class='ocr_carea' id='block_1_19' title="bbox 295 2020 1871 2104">
    <p class='ocr_par' dir='ltr' id='par_1_19' title="bbox 295 2020 1871 2104">
     <span class='ocr_line' id='line_1_19' title="bbox 295 2020 1871 2104; baseline -0.015 -12"><span class='ocrx_word' id='word_1_143' title='bbox 295 2037 541 2092; x_wconf 88' lang='grc' dir='ltr'>κανονίου</span> <span class='ocrx_word' id='word_1_144' title='bbox 569 2035 706 2090; x_wconf 77' lang='grc' dir='ltr'>κατὰ</span> <span class='ocrx_word' id='word_1_145' title='bbox 729 2033 827 2104; x_wconf 84' lang='grc' dir='ltr'>τὴν</span> <span class='ocrx_word' id='word_1_146' title='bbox 844 2031 1152 2085; x_wconf 77' lang='grc' dir='ltr'>συνέλευσιν</span> <span class='ocrx_word' id='word_1_147' title='bbox 1175 2026 1240 2091; x_wconf 77' lang='grc' dir='ltr'><strong>ιζ’</strong></span> <span class='ocrx_word' id='word_1_148' title='bbox 1277 2022 1370 2078; x_wconf 78' lang='grc' dir='ltr'><strong>τοῦ</strong></span> <span class='ocrx_word' id='word_1_149' title='bbox 1401 2020 1676 2093; x_wconf 88' lang='grc' dir='ltr'>Ἀπριλίου</span> <span class='ocrx_word' id='word_1_150' title='bbox 1710 2035 1871 2072; x_wconf 85' lang='grc' dir='ltr'>κατα-</span> 
     </span>
    </p>
   </div>
   <div class='ocr_carea' id='block_1_20' title="bbox 295 2111 1866 2202">
    <p class='ocr_par' dir='ltr' id='par_1_20' title="bbox 295 2111 1866 2202">
     <span class='ocr_line' id='line_1_20' title="bbox 295 2111 1866 2202; baseline -0.014 -17"><span class='ocrx_word' id='word_1_151' title='bbox 295 2130 586 2202; x_wconf 87' lang='grc' dir='ltr'>γράφεται,</span> <span class='ocrx_word' id='word_1_152' title='bbox 633 2129 872 2198; x_wconf 88' lang='grc' dir='ltr'>φήσομεν</span> <span class='ocrx_word' id='word_1_153' title='bbox 926 2118 1249 2193; x_wconf 86' lang='grc' dir='ltr'>γενήσεσθαι</span> <span class='ocrx_word' id='word_1_154' title='bbox 1283 2117 1345 2170; x_wconf 81' lang='grc' dir='ltr'><strong>τὸ</strong></span> <span class='ocrx_word' id='word_1_155' title='bbox 1377 2116 1642 2187; x_wconf 85' lang='grc' dir='ltr'>ἡμέτερον</span> <span class='ocrx_word' id='word_1_156' title='bbox 1674 2111 1866 2181; x_wconf 89' lang='grc' dir='ltr'>Πάσχα</span> 
     </span>
    </p>
   </div>
   <div class='ocr_carea' id='block_1_21' title="bbox 293 2205 1868 2292">
    <p class='ocr_par' dir='ltr' id='par_1_21' title="bbox 293 2205 1868 2292">
     <span class='ocr_line' id='line_1_21' title="bbox 293 2205 1868 2292; baseline -0.014 -15"><span class='ocrx_word' id='word_1_157' title='bbox 293 2223 436 2278; x_wconf 83' lang='grc' dir='ltr'>κατὰ</span> <span class='ocrx_word' id='word_1_158' title='bbox 476 2221 575 2292; x_wconf 82' lang='grc' dir='ltr'>τὴν</span> <span class='ocrx_word' id='word_1_159' title='bbox 616 2220 708 2273; x_wconf 82' lang='grc' dir='ltr'><strong>τού</strong></span> <span class='ocrx_word' id='word_1_160' title='bbox 761 2216 1034 2288; x_wconf 86' lang='grc' dir='ltr'>Ἀπριλίου</span> <span class='ocrx_word' id='word_1_161' title='bbox 1080 2212 1186 2276; x_wconf 81' lang='grc' dir='ltr'>ιζ’·</span> <span class='ocrx_word' id='word_1_162' title='bbox 1246 2213 1344 2282; x_wconf 80' lang='grc' dir='ltr'><strong>τὴν</strong></span> <span class='ocrx_word' id='word_1_163' title='bbox 1381 2208 1438 2262; x_wconf 85' lang='grc' dir='ltr'><strong>δὲ</strong></span> <span class='ocrx_word' id='word_1_164' title='bbox 1477 2205 1581 2260; x_wconf 85' lang='grc' dir='ltr'>ὑπὸ</span> <span class='ocrx_word' id='word_1_165' title='bbox 1616 2205 1707 2259; x_wconf 85' lang='grc' dir='ltr'><strong>τὸν</strong></span> <span class='ocrx_word' id='word_1_166' title='bbox 1745 2205 1868 2275; x_wconf 88' lang='grc' dir='ltr'>ἀρι-</span> 
     </span>
    </p>
   </div>
   <div class='ocr_carea' id='block_1_22' title="bbox 296 2297 1865 2385">
    <p class='ocr_par' dir='ltr' id='par_1_22' title="bbox 296 2297 1865 2385">
     <span class='ocr_line' id='line_1_22' title="bbox 296 2297 1865 2385; baseline -0.015 -16"><span class='ocrx_word' id='word_1_167' title='bbox 296 2315 431 2385; x_wconf 81' lang='grc' dir='ltr'>θμὸν</span> <span class='ocrx_word' id='word_1_168' title='bbox 471 2312 660 2367; x_wconf 79' lang='grc' dir='ltr'>τοῦτον</span> <span class='ocrx_word' id='word_1_169' title='bbox 691 2310 740 2364; x_wconf 85' lang='grc' dir='ltr'>α’</span> <span class='ocrx_word' id='word_1_170' title='bbox 787 2308 1029 2380; x_wconf 88' lang='grc' dir='ltr'>ἡμέραν,</span> <span class='ocrx_word' id='word_1_171' title='bbox 1075 2306 1239 2377; x_wconf 81' lang='grc' dir='ltr'>ῆγουν</span> <span class='ocrx_word' id='word_1_172' title='bbox 1295 2300 1393 2372; x_wconf 78' lang='grc' dir='ltr'>τὴν</span> <span class='ocrx_word' id='word_1_173' title='bbox 1445 2298 1697 2371; x_wconf 87' lang='grc' dir='ltr'>πρώτην,</span> <span class='ocrx_word' id='word_1_174' title='bbox 1759 2297 1865 2367; x_wconf 77' lang='grc' dir='ltr'><strong>φή-</strong></span> 
     </span>
    </p>
   </div>
   <div class='ocr_carea' id='block_1_23' title="bbox 297 2387 1870 2478">
    <p class='ocr_par' dir='ltr' id='par_1_23' title="bbox 297 2387 1870 2478">
     <span class='ocr_line' id='line_1_23' title="bbox 297 2387 1870 2478; baseline -0.013 -17"><span class='ocrx_word' id='word_1_175' title='bbox 297 2423 464 2478; x_wconf 90' lang='grc' dir='ltr'>σομεν</span> <span class='ocrx_word' id='word_1_176' title='bbox 531 2401 668 2459; x_wconf 75' lang='grc' dir='ltr'>εἶναι</span> <span class='ocrx_word' id='word_1_177' title='bbox 723 2403 936 2474; x_wconf 79' lang='grc' dir='ltr'>ἡμέραν</span> <span class='ocrx_word' id='word_1_178' title='bbox 992 2399 1092 2470; x_wconf 84' lang='grc' dir='ltr'>τῆς</span> <span class='ocrx_word' id='word_1_179' title='bbox 1155 2394 1450 2466; x_wconf 78' lang='grc' dir='ltr'>ἑϐδομάδος</span> <span class='ocrx_word' id='word_1_180' title='bbox 1494 2391 1542 2446; x_wconf 91' lang='grc' dir='ltr'>α’</span> <span class='ocrx_word' id='word_1_181' title='bbox 1607 2390 1708 2460; x_wconf 74' lang='grc' dir='ltr'><strong>τὴν</strong></span> <span class='ocrx_word' id='word_1_182' title='bbox 1763 2387 1870 2459; x_wconf 82' lang='grc' dir='ltr'><strong>πρὸ</strong></span> 
     </span>
    </p>
   </div>
   <div class='ocr_carea' id='block_1_24' title="bbox 293 2481 1870 2568">
    <p class='ocr_par' dir='ltr' id='par_1_24' title="bbox 293 2481 1870 2568">
     <span class='ocr_line' id='line_1_24' title="bbox 293 2481 1870 2568; baseline -0.011 -18"><span class='ocrx_word' id='word_1_183' title='bbox 293 2498 389 2552; x_wconf 81' lang='grc' dir='ltr'>τοῦ</span> <span class='ocrx_word' id='word_1_184' title='bbox 419 2493 796 2568; x_wconf 84' lang='grc' dir='ltr'>Χριστιανικοῦ</span> <span class='ocrx_word' id='word_1_185' title='bbox 841 2491 1029 2546; x_wconf 89' lang='grc' dir='ltr'>τούτου</span> <span class='ocrx_word' id='word_1_186' title='bbox 1071 2488 1296 2559; x_wconf 90' lang='grc' dir='ltr'>Πάσχα,</span> <span class='ocrx_word' id='word_1_187' title='bbox 1335 2485 1454 2540; x_wconf 88' lang='grc' dir='ltr'>καθ’</span> <span class='ocrx_word' id='word_1_188' title='bbox 1507 2485 1575 2556; x_wconf 77' lang='grc' dir='ltr'>ἣν</span> <span class='ocrx_word' id='word_1_189' title='bbox 1609 2483 1758 2536; x_wconf 79' lang='grc' dir='ltr'>ἐσται</span> <span class='ocrx_word' id='word_1_190' title='bbox 1808 2481 1870 2533; x_wconf 85' lang='grc' dir='ltr'><strong>τὸ</strong></span> 
     </span>
    </p>
   </div>
   <div class='ocr_carea' id='block_1_25' title="bbox 309 2573 1864 2658">
    <p class='ocr_par' dir='ltr' id='par_1_25' title="bbox 309 2573 1864 2658">
     <span class='ocr_line' id='line_1_25' title="bbox 309 2573 1864 2658; baseline -0.011 -14"><span class='ocrx_word' id='word_1_191' title='bbox 309 2589 618 2644; x_wconf 84' lang='grc' dir='ltr'>Ἰουδαϊκόν.</span> <span class='ocrx_word' id='word_1_192' title='bbox 649 2587 816 2658; x_wconf 82' lang='grc' dir='ltr'>Δῆλον</span> <span class='ocrx_word' id='word_1_193' title='bbox 862 2584 992 2655; x_wconf 84' lang='grc' dir='ltr'>γάρ,</span> <span class='ocrx_word' id='word_1_194' title='bbox 1023 2583 1120 2647; x_wconf 85' lang='grc' dir='ltr'>ὡς,</span> <span class='ocrx_word' id='word_1_195' title='bbox 1168 2581 1290 2634; x_wconf 76' lang='grc' dir='ltr'>ἐπεὶ</span> <span class='ocrx_word' id='word_1_196' title='bbox 1318 2582 1352 2650; x_wconf 86' lang='grc' dir='ltr'><strong>ἡ</strong></span> <span class='ocrx_word' id='word_1_197' title='bbox 1379 2576 1752 2650; x_wconf 81' lang='grc' dir='ltr'>παρακειμένη</span> <span class='ocrx_word' id='word_1_198' title='bbox 1785 2573 1864 2646; x_wconf 82' lang='grc' dir='ltr'>τῷ</span> 
     </span>
    </p>
   </div>
   <div class='ocr_carea' id='block_1_26' title="bbox 295 2668 1870 2755">
    <p class='ocr_par' dir='ltr' id='par_1_26' title="bbox 295 2668 1870 2755">
     <span class='ocr_line' id='line_1_26' title="bbox 295 2668 1870 2755; baseline -0.011 -18"><span class='ocrx_word' id='word_1_199' title='bbox 295 2683 469 2755; x_wconf 84' lang='grc' dir='ltr'>τρίτῳ</span> <span class='ocrx_word' id='word_1_200' title='bbox 524 2680 708 2750; x_wconf 84' lang='grc' dir='ltr'>κύκλῳ</span> <span class='ocrx_word' id='word_1_201' title='bbox 735 2680 834 2750; x_wconf 84' lang='grc' dir='ltr'><strong>τῆς</strong></span> <span class='ocrx_word' id='word_1_202' title='bbox 869 2676 1096 2746; x_wconf 88' lang='grc' dir='ltr'>σελήνης</span> <span class='ocrx_word' id='word_1_203' title='bbox 1131 2672 1164 2726; x_wconf 86' lang='grc' dir='ltr'>ι’</span> <span class='ocrx_word' id='word_1_204' title='bbox 1193 2670 1288 2726; x_wconf 82' lang='grc' dir='ltr'>τοῦ</span> <span class='ocrx_word' id='word_1_205' title='bbox 1327 2671 1601 2743; x_wconf 85' lang='grc' dir='ltr'>Ἀπριλίου</span> <span class='ocrx_word' id='word_1_206' title='bbox 1635 2669 1696 2721; x_wconf 76' lang='grc' dir='ltr'><strong>τὸ</strong></span> <span class='ocrx_word' id='word_1_207' title='bbox 1739 2668 1870 2720; x_wconf 85' lang='grc' dir='ltr'>Ἰου-</span> 
     </span>
    </p>
   </div>
   <div class='ocr_carea' id='block_1_27' title="bbox 294 2759 1870 2842">
    <p class='ocr_par' dir='ltr' id='par_1_27' title="bbox 294 2759 1870 2842">
     <span class='ocr_line' id='line_1_27' title="bbox 294 2759 1870 2842; baseline -0.011 -15"><span class='ocrx_word' id='word_1_208' title='bbox 294 2774 481 2828; x_wconf 84' lang='grc' dir='ltr'>δαῖκὸν</span> <span class='ocrx_word' id='word_1_209' title='bbox 529 2772 723 2842; x_wconf 89' lang='grc' dir='ltr'>Πάσχα</span> <span class='ocrx_word' id='word_1_210' title='bbox 767 2769 936 2842; x_wconf 85' lang='grc' dir='ltr'>δηλοῖ,</span> <span class='ocrx_word' id='word_1_211' title='bbox 965 2769 1248 2839; x_wconf 89' lang='grc' dir='ltr'>γενήσεται</span> <span class='ocrx_word' id='word_1_212' title='bbox 1270 2765 1327 2817; x_wconf 83' lang='grc' dir='ltr'>δὲ</span> <span class='ocrx_word' id='word_1_213' title='bbox 1359 2761 1502 2816; x_wconf 82' lang='grc' dir='ltr'>κατὰ</span> <span class='ocrx_word' id='word_1_214' title='bbox 1527 2759 1738 2832; x_wconf 83' lang='grc' dir='ltr'>ἡμέραν</span> <span class='ocrx_word' id='word_1_215' title='bbox 1771 2760 1870 2829; x_wconf 86' lang='grc' dir='ltr'>τῆς</span> 
     </span>
    </p>
   </div>
   <div class='ocr_carea' id='block_1_28' title="bbox 298 2849 1870 2934">
    <p class='ocr_par' dir='ltr' id='par_1_28' title="bbox 298 2849 1870 2934">
     <span class='ocr_line' id='line_1_28' title="bbox 298 2849 1870 2934; baseline -0.011 -15"><span class='ocrx_word' id='word_1_216' title='bbox 298 2865 591 2934; x_wconf 69' lang='grc' dir='ltr'>ἑϐδομάδος</span> <span class='ocrx_word' id='word_1_217' title='bbox 636 2870 705 2928; x_wconf 87' lang='grc' dir='ltr'>α’,</span> <span class='ocrx_word' id='word_1_218' title='bbox 750 2861 843 2915; x_wconf 84' lang='grc' dir='ltr'><strong>ἐὰν</strong></span> <span class='ocrx_word' id='word_1_219' title='bbox 888 2863 956 2932; x_wconf 78' lang='grc' dir='ltr'>τῇ</span> <span class='ocrx_word' id='word_1_220' title='bbox 1015 2865 1045 2912; x_wconf 85' lang='grc' dir='ltr'>ι’</span> <span class='ocrx_word' id='word_1_221' title='bbox 1107 2856 1200 2911; x_wconf 81' lang='grc' dir='ltr'>τοῦ</span> <span class='ocrx_word' id='word_1_222' title='bbox 1247 2853 1523 2926; x_wconf 84' lang='grc' dir='ltr'>Ἀπριλίου</span> <span class='ocrx_word' id='word_1_223' title='bbox 1581 2851 1792 2922; x_wconf 86' lang='grc' dir='ltr'>ἡμέρας</span> <span class='ocrx_word' id='word_1_224' title='bbox 1826 2849 1870 2914; x_wconf 80' lang='grc' dir='ltr'><strong>ζ’</strong></span> 
     </span>
    </p>
   </div>
   <div class='ocr_carea' id='block_1_29' title="bbox 298 2941 1870 3028">
    <p class='ocr_par' dir='ltr' id='par_1_29' title="bbox 298 2941 1870 3028">
     <span class='ocr_line' id='line_1_29' title="bbox 298 2941 1870 3028; baseline -0.011 -17"><span class='ocrx_word' id='word_1_225' title='bbox 298 2956 626 3028; x_wconf 89' lang='grc' dir='ltr'>προσθῶμεν</span> <span class='ocrx_word' id='word_1_226' title='bbox 674 2954 774 3017; x_wconf 85' lang='grc' dir='ltr'><strong>τὰς</strong></span> <span class='ocrx_word' id='word_1_227' title='bbox 828 2953 957 3024; x_wconf 78' lang='grc' dir='ltr'>ἄχρι</span> <span class='ocrx_word' id='word_1_228' title='bbox 975 2955 1073 3023; x_wconf 86' lang='grc' dir='ltr'><strong>τῆς</strong></span> <span class='ocrx_word' id='word_1_229' title='bbox 1115 2947 1413 3021; x_wconf 72' lang='grc' dir='ltr'>ἐρχομένης</span> <span class='ocrx_word' id='word_1_230' title='bbox 1435 2943 1740 3016; x_wconf 83' lang='grc' dir='ltr'>Κυριακῆς,</span> <span class='ocrx_word' id='word_1_231' title='bbox 1772 2941 1870 3004; x_wconf 85' lang='grc' dir='ltr'>τὰς</span> 
     </span>
    </p>
   </div>
   <div class='ocr_carea' id='block_1_30' title="bbox 302 3033 1930 3119">
    <p class='ocr_par' dir='ltr' id='par_1_30' title="bbox 302 3033 1930 3119">
     <span class='ocr_line' id='line_1_30' title="bbox 302 3033 1930 3119; baseline -0.01 -17"><span class='ocrx_word' id='word_1_232' title='bbox 302 3048 367 3112; x_wconf 76' lang='grc' dir='ltr'><strong>ιζ’</strong></span> <span class='ocrx_word' id='word_1_233' title='bbox 402 3049 495 3102; x_wconf 78' lang='grc' dir='ltr'>τοῦ</span> <span class='ocrx_word' id='word_1_234' title='bbox 526 3047 800 3119; x_wconf 80' lang='grc' dir='ltr'>Ἀπριλίου</span> <span class='ocrx_word' id='word_1_235' title='bbox 829 3046 1144 3116; x_wconf 86' lang='grc' dir='ltr'>ποιήσομεν,</span> <span class='ocrx_word' id='word_1_236' title='bbox 1173 3039 1293 3093; x_wconf 89' lang='grc' dir='ltr'>καθ’</span> <span class='ocrx_word' id='word_1_237' title='bbox 1317 3038 1383 3102; x_wconf 83' lang='grc' dir='ltr'>ἃς</span> <span class='ocrx_word' id='word_1_238' title='bbox 1435 3037 1495 3090; x_wconf 77' lang='grc' dir='ltr'><strong>τὸ</strong></span> <span class='ocrx_word' id='word_1_239' title='bbox 1526 3035 1716 3105; x_wconf 88' lang='grc' dir='ltr'>Πάσχα</span> <span class='ocrx_word' id='word_1_240' title='bbox 1778 3033 1930 3088; x_wconf 76' lang='grc' dir='ltr'>ἔσται</span> 
     </span>
    </p>
   </div>
   <div class='ocr_carea' id='block_1_31' title="bbox 1165 311 2612 404">
    <p class='ocr_par' dir='ltr' id='par_1_31' title="bbox 1165 311 2612 404">
     <span class='ocr_line' id='line_1_31' title="bbox 1165 311 2612 404; baseline -0.025 -2"><span class='ocrx_word' id='word_1_241' title='bbox 1165 343 1388 404; x_wconf 78' lang='lat' dir='ltr'><strong>ISAACI</strong></span> <span class='ocrx_word' id='word_1_242' title='bbox 1425 334 1729 399; x_wconf 79' lang='lat' dir='ltr'><strong>MONACHI</strong></span> <span class='ocrx_word' id='word_1_243' title='bbox 1767 324 2140 390; x_wconf 79' lang='lat' dir='ltr'><strong>COMPUTUS</strong></span> <span class='ocrx_word' id='word_1_244' title='bbox 2175 311 2612 379; x_wconf 82' lang='lat' dir='ltr'><strong>ECCLESIAST.</strong></span> 
     </span>
    </p>
   </div>
   <div class='ocr_carea' id='block_1_32' title="bbox 1144 405 1874 534">
    <p class='ocr_par' dir='ltr' id='par_1_32' title="bbox 1144 452 1854 534">
     <span class='ocr_line' id='line_1_32' title="bbox 1144 452 1854 534; baseline -0.02 -18"><span class='ocrx_word' id='word_1_245' title='bbox 1144 461 1416 534; x_wconf 83' lang='grc' dir='ltr'>μϐάνομεν</span> <span class='ocrx_word' id='word_1_246' title='bbox 1451 457 1541 511; x_wconf 80' lang='grc' dir='ltr'><strong>τὸν</strong></span> <span class='ocrx_word' id='word_1_247' title='bbox 1584 452 1854 509; x_wconf 67' lang='grc' dir='ltr'>ὶνεστῶτα</span> 
     </span>
    </p>
   </div>
   <div class='ocr_carea' id='block_1_33' title="bbox 1981 405 3509 534">
    <p class='ocr_par' dir='ltr' id='par_1_33' title="bbox 1981 405 3509 534">
     <span class='ocr_line' id='line_1_33' title="bbox 1981 405 3509 500; baseline -0.031 1"><span class='ocrx_word' id='word_1_248' title='bbox 1981 443 2090 500; x_wconf 86' lang='lat' dir='ltr'><strong>olis</strong></span> <span class='ocrx_word' id='word_1_249' title='bbox 2123 442 2384 497; x_wconf 81' lang='lat' dir='ltr'><strong>habemus</strong></span> <span class='ocrx_word' id='word_1_250' title='bbox 2418 436 2472 489; x_wconf 93' lang='lat' dir='ltr'><strong>in</strong></span> <span class='ocrx_word' id='word_1_251' title='bbox 2505 438 2719 488; x_wconf 88' lang='lat' dir='ltr'><strong>summo</strong></span> <span class='ocrx_word' id='word_1_252' title='bbox 2750 416 3015 476; x_wconf 80' lang='lat' dir='ltr'><strong>laterculo</strong></span> <span class='ocrx_word' id='word_1_253' title='bbox 3043 431 3056 468; x_wconf 88' lang='lat'>:</span> <span class='ocrx_word' id='word_1_254' title='bbox 3089 410 3178 468; x_wconf 91' lang='lat' dir='ltr'><strong>cui</strong></span> <span class='ocrx_word' id='word_1_255' title='bbox 3209 405 3509 477; x_wconf 85' lang='lat' dir='ltr'><strong>subjoctam</strong></span> 
     </span>
     <span class='ocr_line' id='line_1_34' title="bbox 2341 505 3509 534; baseline -0.019 22"><span class='ocrx_word' id='word_1_256' title='bbox 2341 529 2372 534; x_wconf 78' lang='lat'>“</span> <span class='ocrx_word' id='word_1_257' title='bbox 2669 518 2808 534; x_wconf 45' lang='grc' dir='ltr'><strong>’ί---λ-</strong></span> <span class='ocrx_word' id='word_1_258' title='bbox 2872 512 2992 534; x_wconf 67' lang='grc' dir='ltr'><strong>ιι-ηι-</strong></span> <span class='ocrx_word' id='word_1_259' title='bbox 3032 505 3094 534; x_wconf 68' lang='grc' dir='ltr'><strong>..Α</strong></span> <span class='ocrx_word' id='word_1_260' title='bbox 3124 517 3244 534; x_wconf 71' lang='lat' dir='ltr'><strong>nnoln</strong></span> <span class='ocrx_word' id='word_1_261' title='bbox 3294 509 3509 534; x_wconf 68' lang='lat' dir='ltr'><strong>vnrcnnl</strong></span> 
     </span>
    </p>
   </div>
   <div class='ocr_carea' id='block_1_34' title="bbox 3376 283 3514 344">
    <p class='ocr_par' dir='ltr' id='par_1_34' title="bbox 3376 283 3514 344">
     <span class='ocr_line' id='line_1_35' title="bbox 3376 283 3514 344; baseline -0.051 1"><span class='ocrx_word' id='word_1_262' title='bbox 3376 283 3514 344; x_wconf 65' lang='lat'><strong>1-302</strong></span> 
     </span>
    </p>
   </div>
   <div class='ocr_carea' id='block_1_35' title="bbox 1951 505 3510 596">
    <p class='ocr_par' dir='ltr' id='par_1_35' title="bbox 1951 505 3510 596">
     <span class='ocr_line' id='line_1_36' title="bbox 1951 505 3510 596; baseline -0.029 -5"><span class='ocrx_word' id='word_1_263' title='bbox 1951 535 2191 590; x_wconf 82' lang='lat' dir='ltr'><strong>tabulam</strong></span> <span class='ocrx_word' id='word_1_264' title='bbox 2229 529 2415 584; x_wconf 86' lang='lat' dir='ltr'><strong>tandiu</strong></span> <span class='ocrx_word' id='word_1_265' title='bbox 2438 518 2835 596; x_wconf 82' lang='lat' dir='ltr'><strong>percurrimus,</strong></span> <span class='ocrx_word' id='word_1_266' title='bbox 2868 512 2994 566; x_wconf 91' lang='lat' dir='ltr'><strong>dum</strong></span> <span class='ocrx_word' id='word_1_267' title='bbox 3031 505 3098 561; x_wconf 89' lang='lat' dir='ltr'><strong>ad</strong></span> <span class='ocrx_word' id='word_1_268' title='bbox 3123 517 3245 560; x_wconf 88' lang='lat' dir='ltr'><strong>eum</strong></span> <span class='ocrx_word' id='word_1_269' title='bbox 3294 509 3510 552; x_wconf 88' lang='lat' dir='ltr'><strong>versum</strong></span> 
     </span>
    </p>
   </div>
   <div class='ocr_carea' id='block_1_36' title="bbox 1953 589 3514 698">
    <p class='ocr_par' dir='ltr' id='par_1_36' title="bbox 1953 589 3514 698">
     <span class='ocr_line' id='line_1_37' title="bbox 1953 589 3514 698; baseline -0.03 -16"><span class='ocrx_word' id='word_1_270' title='bbox 1953 623 2358 698; x_wconf 82' lang='lat' dir='ltr'><strong>perveniamus,</strong></span> <span class='ocrx_word' id='word_1_271' title='bbox 2382 616 2540 685; x_wconf 86' lang='lat' dir='ltr'><strong>cujus</strong></span> <span class='ocrx_word' id='word_1_272' title='bbox 2572 607 2728 664; x_wconf 88' lang='lat' dir='ltr'><strong>initio</strong></span> <span class='ocrx_word' id='word_1_273' title='bbox 2755 606 2897 659; x_wconf 71' lang='lat' dir='ltr'><strong>luna:</strong></span> <span class='ocrx_word' id='word_1_274' title='bbox 2921 598 3112 672; x_wconf 82' lang='lat' dir='ltr'><strong>cyclus</strong></span> <span class='ocrx_word' id='word_1_275' title='bbox 3148 589 3438 647; x_wconf 89' lang='lat' dir='ltr'><strong>ascribitur</strong></span> <span class='ocrx_word' id='word_1_276' title='bbox 3459 591 3514 637; x_wconf 90' lang='lat' dir='ltr'><strong>et</strong></span> 
     </span>
     <span class='ocr_line' id='line_1_38' title="bbox 2941 676 3512 698; baseline -0.033 -1"><span class='ocrx_word' id='word_1_277' title='bbox 2941 692 2951 698; x_wconf 84' lang='lat'><strong>.</strong></span> <span class='ocrx_word' id='word_1_278' title='bbox 3017 687 3165 698; x_wconf 65' lang='grc'><em>,,,</em></span> <span class='ocrx_word' id='word_1_279' title='bbox 3309 676 3512 698; x_wconf 19' lang='grc' dir='ltr'><strong>,η’-,τη</strong></span> 
     </span>
    </p>
   </div>
   <div class='ocr_carea' id='block_1_37' title="bbox 1957 676 3515 790">
    <p class='ocr_par' dir='ltr' id='par_1_37' title="bbox 1957 676 3515 790">
     <span class='ocr_line' id='line_1_39' title="bbox 1957 676 2466 698; baseline -0.026 0"><span class='ocrx_word' id='word_1_280' title='bbox 1957 676 2039 698; x_wconf 64' lang='grc' dir='ltr'><strong>τυ</strong></span> <span class='ocrx_word' id='word_1_281' title='bbox 2067 676 2112 679; x_wconf 58' lang='grc' dir='ltr'>-τ</span> <span class='ocrx_word' id='word_1_282' title='bbox 2346 676 2356 683; x_wconf 91' lang='grc'><em>.</em></span> <span class='ocrx_word' id='word_1_283' title='bbox 2449 676 2466 685; x_wconf 88' lang='grc'><strong>-</strong></span> 
     </span>
     <span class='ocr_line' id='line_1_40' title="bbox 1957 676 3515 790; baseline -0.03 -16"><span class='ocrx_word' id='word_1_284' title='bbox 1957 718 2048 790; x_wconf 88' lang='lat' dir='ltr'><strong>qui</strong></span> <span class='ocrx_word' id='word_1_285' title='bbox 2073 719 2126 770; x_wconf 93' lang='lat' dir='ltr'><strong>in</strong></span> <span class='ocrx_word' id='word_1_286' title='bbox 2151 709 2426 786; x_wconf 86' lang='lat' dir='ltr'><strong>prosclide</strong></span> <span class='ocrx_word' id='word_1_287' title='bbox 2445 715 2707 760; x_wconf 90' lang='lat' dir='ltr'><strong>numerus</strong></span> <span class='ocrx_word' id='word_1_288' title='bbox 2736 692 2981 753; x_wconf 84' lang='lat' dir='ltr'><strong>occurrit</strong></span> <span class='ocrx_word' id='word_1_289' title='bbox 3011 687 3172 759; x_wconf 75' lang='lat'><strong>202</strong></span> <span class='ocrx_word' id='word_1_290' title='bbox 3209 681 3361 755; x_wconf 81' lang='lat' dir='ltr'><strong>cyclo</strong></span> <span class='ocrx_word' id='word_1_291' title='bbox 3382 676 3515 733; x_wconf 88' lang='lat' dir='ltr'><strong>solis</strong></span> 
     </span>
    </p>
   </div>
   <div class='ocr_carea' id='block_1_38' title="bbox 1954 779 3514 869">
    <p class='ocr_par' dir='ltr' id='par_1_38' title="bbox 1954 779 3514 869">
     <span class='ocr_line' id='line_1_41' title="bbox 1954 779 3514 869; baseline -0.029 -2"><span class='ocrx_word' id='word_1_292' title='bbox 1954 814 2010 868; x_wconf 88' lang='lat' dir='ltr'><strong>in</strong></span> <span class='ocrx_word' id='word_1_293' title='bbox 2042 809 2333 869; x_wconf 87' lang='lat' dir='ltr'><strong>directum,</strong></span> <span class='ocrx_word' id='word_1_294' title='bbox 2362 802 2504 855; x_wconf 86' lang='lat' dir='ltr'><strong>lunae</strong></span> <span class='ocrx_word' id='word_1_295' title='bbox 2539 796 2595 849; x_wconf 87' lang='lat' dir='ltr'><strong>in</strong></span> <span class='ocrx_word' id='word_1_296' title='bbox 2631 799 3003 846; x_wconf 85' lang='lat' dir='ltr'><strong>transversum</strong></span> <span class='ocrx_word' id='word_1_297' title='bbox 3033 779 3350 838; x_wconf 83' lang='lat' dir='ltr'><strong>attributus,</strong></span> <span class='ocrx_word' id='word_1_298' title='bbox 3391 782 3514 824; x_wconf 90' lang='lat' dir='ltr'><strong>eum</strong></span> 
     </span>
    </p>
   </div>
   <div class='ocr_carea' id='block_1_39' title="bbox 1953 864 3517 959">
    <p class='ocr_par' dir='ltr' id='par_1_39' title="bbox 1953 864 3517 959">
     <span class='ocr_line' id='line_1_42' title="bbox 1953 864 3517 959; baseline -0.031 -1"><span class='ocrx_word' id='word_1_299' title='bbox 1953 900 2394 959; x_wconf 87' lang='lat' dir='ltr'><strong>Christianorum</strong></span> <span class='ocrx_word' id='word_1_300' title='bbox 2424 888 2668 944; x_wconf 90' lang='lat' dir='ltr'><strong>indicare</strong></span> <span class='ocrx_word' id='word_1_301' title='bbox 2689 877 2900 935; x_wconf 84' lang='lat' dir='ltr'><strong>Pascha</strong></span> <span class='ocrx_word' id='word_1_302' title='bbox 2932 873 3207 933; x_wconf 85' lang='lat' dir='ltr'><strong>dicemus;</strong></span> <span class='ocrx_word' id='word_1_303' title='bbox 3235 864 3364 920; x_wconf 86' lang='lat' dir='ltr'><strong>huic</strong></span> <span class='ocrx_word' id='word_1_304' title='bbox 3387 872 3517 915; x_wconf 88' lang='lat' dir='ltr'><strong>vero</strong></span> 
     </span>
    </p>
   </div>
   <div class='ocr_carea' id='block_1_40' title="bbox 1956 953 3515 1066">
    <p class='ocr_par' dir='ltr' id='par_1_40' title="bbox 1956 953 3515 1066">
     <span class='ocr_line' id='line_1_43' title="bbox 1956 953 3515 1066; baseline -0.033 -12"><span class='ocrx_word' id='word_1_305' title='bbox 1956 995 2256 1066; x_wconf 87' lang='lat' dir='ltr'><strong>subjectam</strong></span> <span class='ocrx_word' id='word_1_306' title='bbox 2281 987 2448 1049; x_wconf 88' lang='lat' dir='ltr'><strong>diem,</strong></span> <span class='ocrx_word' id='word_1_307' title='bbox 2481 981 2668 1037; x_wconf 78' lang='lat' dir='ltr'><strong>feriam</strong></span> <span class='ocrx_word' id='word_1_308' title='bbox 2698 989 2841 1040; x_wconf 90' lang='lat' dir='ltr'><strong>esse,</strong></span> <span class='ocrx_word' id='word_1_309' title='bbox 2871 983 2977 1041; x_wconf 89' lang='lat' dir='ltr'><strong>qua</strong></span> <span class='ocrx_word' id='word_1_310' title='bbox 3001 963 3283 1019; x_wconf 81' lang='lat' dir='ltr'><strong>Judaicum</strong></span> <span class='ocrx_word' id='word_1_311' title='bbox 3307 953 3515 1010; x_wconf 84' lang='lat' dir='ltr'><strong>Pascha</strong></span> 
     </span>
    </p>
   </div>
   <div class='ocr_carea' id='block_1_41' title="bbox 1959 1084 2269 1158">
    <p class='ocr_par' dir='ltr' id='par_1_41' title="bbox 1959 1084 2269 1158">
     <span class='ocr_line' id='line_1_44' title="bbox 1959 1084 2269 1158; baseline -0.039 -11"><span class='ocrx_word' id='word_1_312' title='bbox 1959 1084 2269 1158; x_wconf 76' lang='lat' dir='ltr'><strong>contigerit.</strong></span> 
     </span>
    </p>
   </div>
   <div class='ocr_carea' id='block_1_42' title="bbox 2033 1232 3522 1345">
    <p class='ocr_par' dir='ltr' id='par_1_42' title="bbox 2033 1232 3522 1345">
     <span class='ocr_line' id='line_1_45' title="bbox 2033 1232 3522 1345; baseline -0.032 -11"><span class='ocrx_word' id='word_1_313' title='bbox 2033 1272 2280 1345; x_wconf 76' lang='lat' dir='ltr'><strong>Exempli</strong></span> <span class='ocrx_word' id='word_1_314' title='bbox 2314 1281 2481 1324; x_wconf 89' lang='lat' dir='ltr'><strong>causa</strong></span> <span class='ocrx_word' id='word_1_315' title='bbox 2512 1283 2526 1319; x_wconf 88' lang='lat'><strong>:</strong></span> <span class='ocrx_word' id='word_1_316' title='bbox 2567 1267 2842 1332; x_wconf 63' lang='lat' dir='ltr'><strong>quaeratur</strong></span> <span class='ocrx_word' id='word_1_317' title='bbox 2862 1254 2967 1307; x_wconf 90' lang='lat' dir='ltr'><strong>hoc</strong></span> <span class='ocrx_word' id='word_1_318' title='bbox 2998 1260 3160 1310; x_wconf 89' lang='lat' dir='ltr'><strong>anno,</strong></span> <span class='ocrx_word' id='word_1_319' title='bbox 3209 1239 3300 1313; x_wconf 91' lang='lat' dir='ltr'><strong>qui</strong></span> <span class='ocrx_word' id='word_1_320' title='bbox 3329 1242 3413 1294; x_wconf 89' lang='lat' dir='ltr'><strong>est</strong></span> <span class='ocrx_word' id='word_1_321' title='bbox 3453 1232 3522 1288; x_wconf 87' lang='lat' dir='ltr'><strong>ab</strong></span> 
     </span>
    </p>
   </div>
   <div class='ocr_carea' id='block_1_43' title="bbox 1961 1327 3522 1430">
    <p class='ocr_par' dir='ltr' id='par_1_43' title="bbox 1961 1327 3522 1430">
     <span class='ocr_line' id='line_1_46' title="bbox 1961 1327 3522 1430; baseline -0.033 -1"><span class='ocrx_word' id='word_1_322' title='bbox 1961 1327 2110 1430; x_wconf 50' lang='lat' dir='ltr'><strong>orhe—</strong></span> <span class='ocrx_word' id='word_1_323' title='bbox 2122 1327 2351 1423; x_wconf 71' lang='lat' dir='ltr'><strong>condito</strong></span> <span class='ocrx_word' id='word_1_324' title='bbox 2375 1357 2537 1420; x_wconf 81' lang='grc'>6881,</span> <span class='ocrx_word' id='word_1_325' title='bbox 2571 1327 2737 1424; x_wconf 82' lang='lat' dir='ltr'><strong>quoto</strong></span> <span class='ocrx_word' id='word_1_326' title='bbox 2768 1348 2856 1402; x_wconf 89' lang='lat' dir='ltr'><strong>die</strong></span> <span class='ocrx_word' id='word_1_327' title='bbox 2884 1340 3085 1404; x_wconf 81' lang='lat' dir='ltr'><strong>Martii,</strong></span> <span class='ocrx_word' id='word_1_328' title='bbox 3107 1339 3192 1393; x_wconf 87' lang='lat' dir='ltr'><strong>vel</strong></span> <span class='ocrx_word' id='word_1_329' title='bbox 3209 1330 3411 1402; x_wconf 75' lang='lat' dir='ltr'><strong>Aprilis</strong></span> <span class='ocrx_word' id='word_1_330' title='bbox 3439 1327 3522 1380; x_wconf 88' lang='lat' dir='ltr'><strong>in-</strong></span> 
     </span>
    </p>
   </div>
   <div class='ocr_carea' id='block_1_44' title="bbox 1963 1419 3525 1520">
    <p class='ocr_par' dir='ltr' id='par_1_44' title="bbox 1963 1419 3525 1520">
     <span class='ocr_line' id='line_1_47' title="bbox 1963 1419 3525 1520; baseline -0.032 -1"><span class='ocrx_word' id='word_1_331' title='bbox 1963 1463 2098 1520; x_wconf 86' lang='lat' dir='ltr'><strong>cidit</strong></span> <span class='ocrx_word' id='word_1_332' title='bbox 2143 1456 2379 1512; x_wconf 86' lang='lat' dir='ltr'><strong>Pascha.</strong></span> <span class='ocrx_word' id='word_1_333' title='bbox 2415 1447 2685 1516; x_wconf 84' lang='lat' dir='ltr'><strong>Quoniam</strong></span> <span class='ocrx_word' id='word_1_334' title='bbox 2736 1453 2867 1508; x_wconf 82' lang='lat' dir='ltr'><strong>ergo</strong></span> <span class='ocrx_word' id='word_1_335' title='bbox 2918 1445 3082 1502; x_wconf 86' lang='lat' dir='ltr'><strong>supra</strong></span> <span class='ocrx_word' id='word_1_336' title='bbox 3129 1419 3525 1482; x_wconf 80' lang='lat' dir='ltr'><strong>demonstravi-</strong></span> 
     </span>
    </p>
   </div>
   <div class='ocr_carea' id='block_1_45' title="bbox 1963 1517 3524 1621">
    <p class='ocr_par' dir='ltr' id='par_1_45' title="bbox 1963 1517 3524 1621">
     <span class='ocr_line' id='line_1_48' title="bbox 1963 1517 3524 1621; baseline -0.032 -10"><span class='ocrx_word' id='word_1_337' title='bbox 1963 1570 2108 1617; x_wconf 88' lang='lat' dir='ltr'><strong>mus,</strong></span> <span class='ocrx_word' id='word_1_338' title='bbox 2159 1549 2372 1621; x_wconf 80' lang='lat' dir='ltr'><strong>cyclum</strong></span> <span class='ocrx_word' id='word_1_339' title='bbox 2437 1557 2502 1597; x_wconf 88' lang='lat' dir='ltr'><strong>eo</strong></span> <span class='ocrx_word' id='word_1_340' title='bbox 2552 1552 2696 1593; x_wconf 90' lang='lat' dir='ltr'><strong>anno</strong></span> <span class='ocrx_word' id='word_1_341' title='bbox 2739 1533 2872 1590; x_wconf 89' lang='lat' dir='ltr'><strong>solis</strong></span> <span class='ocrx_word' id='word_1_342' title='bbox 2922 1540 3046 1582; x_wconf 90' lang='lat' dir='ltr'><strong>esse</strong></span> <span class='ocrx_word' id='word_1_343' title='bbox 3091 1535 3206 1581; x_wconf 61' lang='grc' dir='ltr'>χχι,</span> <span class='ocrx_word' id='word_1_344' title='bbox 3253 1517 3393 1570; x_wconf 70' lang='lat' dir='ltr'><strong>luna:</strong></span> <span class='ocrx_word' id='word_1_345' title='bbox 3440 1526 3524 1569; x_wconf 81' lang='lat' dir='ltr'><strong>ru.</strong></span> 
     </span>
    </p>
   </div>
   <div class='ocr_carea' id='block_1_46' title="bbox 1964 1604 3528 1714">
    <p class='ocr_par' dir='ltr' id='par_1_46' title="bbox 1964 1604 3528 1714">
     <span class='ocr_line' id='line_1_49' title="bbox 1964 1604 3528 1714; baseline -0.031 -11"><span class='ocrx_word' id='word_1_346' title='bbox 1964 1655 2261 1714; x_wconf 86' lang='lat' dir='ltr'><strong>utrumque</strong></span> <span class='ocrx_word' id='word_1_347' title='bbox 2299 1639 2354 1693; x_wconf 92' lang='lat' dir='ltr'><strong>in</strong></span> <span class='ocrx_word' id='word_1_348' title='bbox 2410 1631 2675 1689; x_wconf 79' lang='lat' dir='ltr'><strong>laterculo</strong></span> <span class='ocrx_word' id='word_1_349' title='bbox 2707 1622 3041 1697; x_wconf 62' lang='lat' dir='ltr'><strong>quarrimus,</strong></span> <span class='ocrx_word' id='word_1_350' title='bbox 3074 1611 3206 1669; x_wconf 90' lang='lat' dir='ltr'><strong>solis</strong></span> <span class='ocrx_word' id='word_1_351' title='bbox 3245 1610 3300 1661; x_wconf 90' lang='lat' dir='ltr'><strong>in</strong></span> <span class='ocrx_word' id='word_1_352' title='bbox 3349 1604 3528 1657; x_wconf 85' lang='lat' dir='ltr'><strong>fronte</strong></span> 
     </span>
    </p>
   </div>
   <div class='ocr_carea' id='block_1_47' title="bbox 1965 1694 3527 1799">
    <p class='ocr_par' dir='ltr' id='par_1_47' title="bbox 1965 1694 3527 1799">
     <span class='ocr_line' id='line_1_50' title="bbox 1965 1694 3527 1799; baseline -0.032 -5"><span class='ocrx_word' id='word_1_353' title='bbox 1965 1694 2191 1799; x_wconf 56' lang='lat' dir='ltr'><strong>tabula;</strong></span> <span class='ocrx_word' id='word_1_354' title='bbox 2220 1733 2365 1786; x_wconf 65' lang='lat' dir='ltr'><strong>luna:</strong></span> <span class='ocrx_word' id='word_1_355' title='bbox 2412 1733 2591 1781; x_wconf 91' lang='lat' dir='ltr'><strong>autem</strong></span> <span class='ocrx_word' id='word_1_356' title='bbox 2650 1694 2942 1778; x_wconf 40' lang='lat' dir='ltr'><strong>ad—latus;</strong></span> <span class='ocrx_word' id='word_1_357' title='bbox 2974 1717 3027 1764; x_wconf 89' lang='lat' dir='ltr'><strong>et</strong></span> <span class='ocrx_word' id='word_1_358' title='bbox 3080 1704 3207 1774; x_wconf 87' lang='lat' dir='ltr'><strong>quia</strong></span> <span class='ocrx_word' id='word_1_359' title='bbox 3249 1696 3422 1753; x_wconf 89' lang='lat' dir='ltr'><strong>media</strong></span> <span class='ocrx_word' id='word_1_360' title='bbox 3472 1694 3527 1745; x_wconf 89' lang='lat' dir='ltr'><strong>in</strong></span> 
     </span>
    </p>
   </div>
   <div class='ocr_carea' id='block_1_48' title="bbox 1969 1788 3526 1887">
    <p class='ocr_par' dir='ltr' id='par_1_48' title="bbox 1969 1788 3526 1887">
     <span class='ocr_line' id='line_1_51' title="bbox 1969 1788 3526 1887; baseline -0.032 -1"><span class='ocrx_word' id='word_1_361' title='bbox 1969 1842 2096 1885; x_wconf 90' lang='lat' dir='ltr'><strong>area</strong></span> <span class='ocrx_word' id='word_1_362' title='bbox 2126 1819 2435 1881; x_wconf 86' lang='lat' dir='ltr'><strong>communis</strong></span> <span class='ocrx_word' id='word_1_363' title='bbox 2465 1813 2696 1887; x_wconf 84' lang='lat' dir='ltr'><strong>angulus</strong></span> <span class='ocrx_word' id='word_1_364' title='bbox 2725 1823 2835 1864; x_wconf 82' lang='lat' dir='ltr'><strong>xvu</strong></span> <span class='ocrx_word' id='word_1_365' title='bbox 2876 1804 3017 1860; x_wconf 89' lang='lat' dir='ltr'><strong>diem</strong></span> <span class='ocrx_word' id='word_1_366' title='bbox 3054 1796 3256 1868; x_wconf 87' lang='lat' dir='ltr'><strong>Aprilis</strong></span> <span class='ocrx_word' id='word_1_367' title='bbox 3286 1788 3526 1850; x_wconf 79' lang='lat' dir='ltr'><strong>exhibet,</strong></span> 
     </span>
    </p>
   </div>
   <div class='ocr_carea' id='block_1_49' title="bbox 1967 1891 3525 1979">
    <p class='ocr_par' dir='ltr' id='par_1_49' title="bbox 1967 1891 3525 1979">
     <span class='ocr_line' id='line_1_52' title="bbox 1967 1891 3525 1979; baseline -0.032 0"><span class='ocrx_word' id='word_1_368' title='bbox 1967 1937 2034 1979; x_wconf 76' lang='lat' dir='ltr'><strong>eo</strong></span> <span class='ocrx_word' id='word_1_369' title='bbox 2062 1921 2150 1976; x_wconf 90' lang='lat' dir='ltr'><strong>die</strong></span> <span class='ocrx_word' id='word_1_370' title='bbox 2177 1914 2388 1972; x_wconf 87' lang='lat' dir='ltr'><strong>Pascha</strong></span> <span class='ocrx_word' id='word_1_371' title='bbox 2403 1915 2652 1965; x_wconf 88' lang='lat' dir='ltr'><strong>nostrum</strong></span> <span class='ocrx_word' id='word_1_372' title='bbox 2678 1902 2790 1958; x_wconf 81' lang='lat' dir='ltr'><strong>fore</strong></span> <span class='ocrx_word' id='word_1_373' title='bbox 2813 1891 3264 1969; x_wconf 87' lang='lat' dir='ltr'><strong>pronuntiamus;</strong></span> <span class='ocrx_word' id='word_1_374' title='bbox 3292 1895 3410 1951; x_wconf 74' lang='lat' dir='ltr'><strong>quae</strong></span> <span class='ocrx_word' id='word_1_375' title='bbox 3433 1893 3525 1932; x_wconf 90' lang='lat' dir='ltr'><strong>au-</strong></span> 
     </span>
    </p>
   </div>
   <div class='ocr_carea' id='block_1_50' title="bbox 1968 1974 3529 2073">
    <p class='ocr_par' dir='ltr' id='par_1_50' title="bbox 1968 1974 3529 2073">
     <span class='ocr_line' id='line_1_53' title="bbox 1968 1974 3529 2073; baseline -0.031 0"><span class='ocrx_word' id='word_1_376' title='bbox 1968 2026 2080 2073; x_wconf 88' lang='lat' dir='ltr'><strong>tem</strong></span> <span class='ocrx_word' id='word_1_377' title='bbox 2109 2025 2339 2070; x_wconf 90' lang='lat' dir='ltr'><strong>numero</strong></span> <span class='ocrx_word' id='word_1_378' title='bbox 2367 2014 2452 2063; x_wconf 89' lang='lat' dir='ltr'><strong>est</strong></span> <span class='ocrx_word' id='word_1_379' title='bbox 2483 2001 2658 2058; x_wconf 86' lang='lat' dir='ltr'><strong>eidem</strong></span> <span class='ocrx_word' id='word_1_380' title='bbox 2691 1995 2936 2065; x_wconf 85' lang='lat' dir='ltr'><strong>subjecta</strong></span> <span class='ocrx_word' id='word_1_381' title='bbox 2984 1987 3118 2043; x_wconf 84' lang='lat' dir='ltr'><strong>feria</strong></span> <span class='ocrx_word' id='word_1_382' title='bbox 3148 1982 3346 2053; x_wconf 88' lang='lat' dir='ltr'><strong>prima,</strong></span> <span class='ocrx_word' id='word_1_383' title='bbox 3385 1974 3529 2028; x_wconf 80' lang='lat' dir='ltr'><strong>diem</strong></span> 
     </span>
    </p>
   </div>
   <div class='ocr_carea' id='block_1_51' title="bbox 1969 2069 3532 2164">
    <p class='ocr_par' dir='ltr' id='par_1_51' title="bbox 1969 2069 3532 2164">
     <span class='ocr_line' id='line_1_54' title="bbox 1969 2069 3532 2164; baseline -0.031 1"><span class='ocrx_word' id='word_1_384' title='bbox 1969 2101 2327 2164; x_wconf 87' lang='lat' dir='ltr'><strong>hebdomadis</strong></span> <span class='ocrx_word' id='word_1_385' title='bbox 2349 2111 2471 2152; x_wconf 89' lang='lat' dir='ltr'><strong>esse</strong></span> <span class='ocrx_word' id='word_1_386' title='bbox 2490 2093 2757 2152; x_wconf 86' lang='lat' dir='ltr'><strong>dicemus,</strong></span> <span class='ocrx_word' id='word_1_387' title='bbox 2788 2098 2908 2155; x_wconf 66' lang='lat' dir='ltr'><strong>quae</strong></span> <span class='ocrx_word' id='word_1_388' title='bbox 2931 2078 3140 2135; x_wconf 89' lang='lat' dir='ltr'><strong>Pascha</strong></span> <span class='ocrx_word' id='word_1_389' title='bbox 3158 2069 3532 2128; x_wconf 84' lang='lat' dir='ltr'><strong>Christianum</strong></span> 
     </span>
    </p>
   </div>
   <div class='ocr_carea' id='block_1_52' title="bbox 1970 2159 3533 2260">
    <p class='ocr_par' dir='ltr' id='par_1_52' title="bbox 1970 2159 3533 2260">
     <span class='ocr_line' id='line_1_55' title="bbox 1970 2159 3533 2260; baseline -0.031 -2"><span class='ocrx_word' id='word_1_390' title='bbox 1970 2197 2277 2260; x_wconf 85' lang='lat' dir='ltr'><strong>antecedit,</strong></span> <span class='ocrx_word' id='word_1_391' title='bbox 2331 2200 2385 2248; x_wconf 90' lang='lat' dir='ltr'><strong>et</strong></span> <span class='ocrx_word' id='word_1_392' title='bbox 2439 2190 2495 2244; x_wconf 91' lang='lat' dir='ltr'><strong>in</strong></span> <span class='ocrx_word' id='word_1_393' title='bbox 2539 2198 2702 2257; x_wconf 90' lang='lat' dir='ltr'><strong>quam</strong></span> <span class='ocrx_word' id='word_1_394' title='bbox 2750 2177 3037 2235; x_wconf 78' lang='lat' dir='ltr'><strong>Judaicum</strong></span> <span class='ocrx_word' id='word_1_395' title='bbox 3086 2171 3346 2226; x_wconf 84' lang='lat' dir='ltr'><strong>incurret.</strong></span> <span class='ocrx_word' id='word_1_396' title='bbox 3395 2159 3533 2214; x_wconf 90' lang='lat' dir='ltr'><strong>Cum</strong></span> 
     </span>
    </p>
   </div>
   <div class='ocr_carea' id='block_1_53' title="bbox 1971 2249 3534 2350">
    <p class='ocr_par' dir='ltr' id='par_1_53' title="bbox 1971 2249 3534 2350">
     <span class='ocr_line' id='line_1_56' title="bbox 1971 2249 3534 2350; baseline -0.028 0"><span class='ocrx_word' id='word_1_397' title='bbox 1971 2293 2116 2350; x_wconf 87' lang='lat' dir='ltr'><strong>enim</strong></span> <span class='ocrx_word' id='word_1_398' title='bbox 2159 2288 2228 2344; x_wconf 86' lang='lat' dir='ltr'><strong>ad</strong></span> <span class='ocrx_word' id='word_1_399' title='bbox 2266 2249 2504 2342; x_wconf 46' lang='lat' dir='ltr'><strong>&#39;tertium</strong></span> <span class='ocrx_word' id='word_1_400' title='bbox 2556 2249 2770 2350; x_wconf 77' lang='lat' dir='ltr'><strong>cyclum</strong></span> <span class='ocrx_word' id='word_1_401' title='bbox 2802 2267 3050 2342; x_wconf 87' lang='lat' dir='ltr'><strong>apposita</strong></span> <span class='ocrx_word' id='word_1_402' title='bbox 3093 2279 3128 2317; x_wconf 70' lang='grc' dir='ltr'><strong>κ</strong></span> <span class='ocrx_word' id='word_1_403' title='bbox 3174 2259 3292 2314; x_wconf 87' lang='lat' dir='ltr'><strong>dies</strong></span> <span class='ocrx_word' id='word_1_404' title='bbox 3332 2249 3534 2323; x_wconf 84' lang='lat' dir='ltr'><strong>Aprilis</strong></span> 
     </span>
    </p>
   </div>
   <div class='ocr_carea' id='block_1_54' title="bbox 1971 2345 3534 2442">
    <p class='ocr_par' dir='ltr' id='par_1_54' title="bbox 1971 2345 3534 2442">
     <span class='ocr_line' id='line_1_57' title="bbox 1971 2345 3534 2442; baseline -0.031 1"><span class='ocrx_word' id='word_1_405' title='bbox 1971 2384 2182 2442; x_wconf 87' lang='lat' dir='ltr'><strong>Pascha</strong></span> <span class='ocrx_word' id='word_1_406' title='bbox 2207 2380 2520 2436; x_wconf 66' lang='lat' dir='ltr'><strong>Iudaeorum</strong></span> <span class='ocrx_word' id='word_1_407' title='bbox 2557 2369 2782 2430; x_wconf 83' lang='lat' dir='ltr'><strong>indicet,</strong></span> <span class='ocrx_word' id='word_1_408' title='bbox 2813 2363 2977 2432; x_wconf 89' lang='lat' dir='ltr'><strong>idque</strong></span> <span class='ocrx_word' id='word_1_409' title='bbox 3003 2357 3233 2429; x_wconf 84' lang='lat' dir='ltr'><strong>primam</strong></span> <span class='ocrx_word' id='word_1_410' title='bbox 3266 2350 3319 2403; x_wconf 91' lang='lat' dir='ltr'><strong>in</strong></span> <span class='ocrx_word' id='word_1_411' title='bbox 3345 2345 3534 2402; x_wconf 84' lang='lat' dir='ltr'><strong>feriam</strong></span> 
     </span>
    </p>
   </div>
   <div class='ocr_carea' id='block_1_55' title="bbox 1970 2441 3536 2542">
    <p class='ocr_par' dir='ltr' id='par_1_55' title="bbox 1970 2441 3536 2542">
     <span class='ocr_line' id='line_1_58' title="bbox 1970 2441 3536 2542; baseline -0.03 -10"><span class='ocrx_word' id='word_1_412' title='bbox 1970 2474 2200 2537; x_wconf 87' lang='lat' dir='ltr'><strong>incidat,</strong></span> <span class='ocrx_word' id='word_1_413' title='bbox 2231 2467 2577 2542; x_wconf 89' lang='lat' dir='ltr'><strong>perspicuum</strong></span> <span class='ocrx_word' id='word_1_414' title='bbox 2605 2467 2711 2525; x_wconf 89' lang='lat' dir='ltr'><strong>est,</strong></span> <span class='ocrx_word' id='word_1_415' title='bbox 2752 2455 2799 2513; x_wconf 88' lang='lat' dir='ltr'><strong>si</strong></span> <span class='ocrx_word' id='word_1_416' title='bbox 2830 2452 2898 2508; x_wconf 91' lang='lat' dir='ltr'><strong>ad</strong></span> <span class='ocrx_word' id='word_1_417' title='bbox 2922 2452 3065 2506; x_wconf 90' lang='lat' dir='ltr'><strong>diem</strong></span> <span class='ocrx_word' id='word_1_418' title='bbox 3105 2441 3310 2514; x_wconf 84' lang='lat' dir='ltr'><strong>Aprilis</strong></span> <span class='ocrx_word' id='word_1_419' title='bbox 3342 2454 3375 2490; x_wconf 82' lang='lat' dir='ltr'><strong>x</strong></span> <span class='ocrx_word' id='word_1_420' title='bbox 3411 2449 3536 2502; x_wconf 89' lang='lat' dir='ltr'><strong>sep-</strong></span> 
     </span>
    </p>
   </div>
   <div class='ocr_carea' id='block_1_56' title="bbox 1972 2536 3563 2625">
    <p class='ocr_par' dir='ltr' id='par_1_56' title="bbox 1972 2536 3563 2625">
     <span class='ocr_line' id='line_1_59' title="bbox 1972 2536 3563 2625; baseline -0.031 1"><span class='ocrx_word' id='word_1_421' title='bbox 1972 2577 2084 2625; x_wconf 90' lang='lat' dir='ltr'><strong>tem</strong></span> <span class='ocrx_word' id='word_1_422' title='bbox 2128 2566 2246 2621; x_wconf 89' lang='lat' dir='ltr'><strong>dies</strong></span> <span class='ocrx_word' id='word_1_423' title='bbox 2282 2560 2576 2620; x_wconf 88' lang='lat' dir='ltr'><strong>accedant,</strong></span> <span class='ocrx_word' id='word_1_424' title='bbox 2629 2565 2749 2623; x_wconf 79' lang='lat' dir='ltr'><strong>quae</strong></span> <span class='ocrx_word' id='word_1_425' title='bbox 2798 2546 2866 2602; x_wconf 89' lang='lat' dir='ltr'><strong>ad</strong></span> <span class='ocrx_word' id='word_1_426' title='bbox 2922 2541 3171 2614; x_wconf 79' lang='lat' dir='ltr'><strong>proxime</strong></span> <span class='ocrx_word' id='word_1_427' title='bbox 3221 2536 3563 2601; x_wconf 44' lang='lat' dir='ltr'><strong>sequentem,</strong></span> 
     </span>
    </p>
   </div>
   <div class='ocr_carea' id='block_1_57' title="bbox 1971 2617 3546 2724">
    <p class='ocr_par' dir='ltr' id='par_1_57' title="bbox 1971 2617 3546 2724">
     <span class='ocr_line' id='line_1_60' title="bbox 1971 2617 3546 2724; baseline -0.032 -5"><span class='ocrx_word' id='word_1_428' title='bbox 1971 2617 2366 2719; x_wconf 67' lang='lat' dir='ltr'><strong>hehdomadam</strong></span> <span class='ocrx_word' id='word_1_429' title='bbox 2402 2617 2738 2724; x_wconf 59' lang='lat' dir='ltr'><strong>pertingant,</strong></span> <span class='ocrx_word' id='word_1_430' title='bbox 2770 2655 2884 2695; x_wconf 83' lang='lat' dir='ltr'><strong>xvu</strong></span> <span class='ocrx_word' id='word_1_431' title='bbox 2911 2633 3113 2705; x_wconf 84' lang='lat' dir='ltr'><strong>Aprilis</strong></span> <span class='ocrx_word' id='word_1_432' title='bbox 3137 2627 3281 2683; x_wconf 90' lang='lat' dir='ltr'><strong>diem</strong></span> <span class='ocrx_word' id='word_1_433' title='bbox 3316 2617 3546 2682; x_wconf 64' lang='lat' dir='ltr'><strong>conﬁci,</strong></span> 
     </span>
    </p>
   </div>
   <div class='ocr_carea' id='block_1_58' title="bbox 1974 2710 3573 2827">
    <p class='ocr_par' dir='ltr' id='par_1_58' title="bbox 1974 2710 3573 2827">
     <span class='ocr_line' id='line_1_61' title="bbox 1974 2710 3573 2827; baseline -0.033 -17"><span class='ocrx_word' id='word_1_434' title='bbox 1974 2768 2084 2827; x_wconf 91' lang='lat' dir='ltr'><strong>quo</strong></span> <span class='ocrx_word' id='word_1_435' title='bbox 2105 2710 2477 2806; x_wconf 66' lang='lat' dir='ltr'><strong>Christiandm</strong></span> <span class='ocrx_word' id='word_1_436' title='bbox 2507 2710 2718 2794; x_wconf 70' lang='lat' dir='ltr'><strong>Pascha</strong></span> <span class='ocrx_word' id='word_1_437' title='bbox 2751 2738 3059 2805; x_wconf 77' lang='lat' dir='ltr'><strong>peragetur.</strong></span> <span class='ocrx_word' id='word_1_438' title='bbox 3091 2723 3168 2777; x_wconf 85' lang='lat' dir='ltr'><strong>Ita</strong></span> <span class='ocrx_word' id='word_1_439' title='bbox 3187 2736 3252 2775; x_wconf 80' lang='lat' dir='ltr'><strong>ex</strong></span> <span class='ocrx_word' id='word_1_440' title='bbox 3274 2710 3573 2771; x_wconf 69' lang='lat' dir='ltr'><strong>laterculo.</strong></span> 
     </span>
    </p>
   </div>
   <div class='ocr_carea' id='block_1_59' title="bbox 1977 2805 3570 2910">
    <p class='ocr_par' dir='ltr' id='par_1_59' title="bbox 1977 2805 3570 2910">
     <span class='ocr_line' id='line_1_62' title="bbox 1977 2805 3570 2910; baseline -0.031 -10"><span class='ocrx_word' id='word_1_441' title='bbox 1977 2805 2134 2900; x_wconf 53' lang='lat' dir='ltr'><strong>Facile</strong></span> <span class='ocrx_word' id='word_1_442' title='bbox 2150 2837 2296 2910; x_wconf 92' lang='lat' dir='ltr'><strong>quod</strong></span> <span class='ocrx_word' id='word_1_443' title='bbox 2317 2834 2606 2906; x_wconf 77' lang='lat' dir='ltr'><strong>quaesitum</strong></span> <span class='ocrx_word' id='word_1_444' title='bbox 2631 2836 2714 2884; x_wconf 91' lang='lat' dir='ltr'><strong>est</strong></span> <span class='ocrx_word' id='word_1_445' title='bbox 2735 2823 3033 2881; x_wconf 82' lang='lat' dir='ltr'><strong>extricatur</strong></span> <span class='ocrx_word' id='word_1_446' title='bbox 3067 2832 3080 2869; x_wconf 90' lang='lat'><strong>:</strong></span> <span class='ocrx_word' id='word_1_447' title='bbox 3103 2810 3248 2883; x_wconf 90' lang='lat' dir='ltr'><strong>quod</strong></span> <span class='ocrx_word' id='word_1_448' title='bbox 3275 2805 3455 2867; x_wconf 30' lang='lat' dir='ltr'><strong>etiam,</strong></span> <span class='ocrx_word' id='word_1_449' title='bbox 3471 2815 3570 2859; x_wconf 54' lang='lat' dir='ltr'><strong>ex,</strong></span> 
     </span>
    </p>
   </div>
   <div class='ocr_carea' id='block_1_60' title="bbox 1977 2927 2641 2993">
    <p class='ocr_par' dir='ltr' id='par_1_60' title="bbox 1977 2927 2641 2993">
     <span class='ocr_line' id='line_1_63' title="bbox 1977 2927 2641 2993; baseline -0.027 0"><span class='ocrx_word' id='word_1_450' title='bbox 1977 2933 2238 2993; x_wconf 87' lang='lat' dir='ltr'><strong>methodo</strong></span> <span class='ocrx_word' id='word_1_451' title='bbox 2271 2935 2352 2985; x_wconf 90' lang='lat' dir='ltr'><strong>sic</strong></span> <span class='ocrx_word' id='word_1_452' title='bbox 2391 2927 2641 2981; x_wconf 88' lang='lat' dir='ltr'><strong>habetur.</strong></span> 
     </span>
    </p>
   </div>
   <div class='ocr_carea' id='block_1_61' title="bbox 1972 2991 3545 3102">
    <p class='ocr_par' dir='ltr' id='par_1_61' title="bbox 1972 2991 3545 3102">
     <span class='ocr_line' id='line_1_64' title="bbox 1972 2991 3545 3102; baseline -0.03 -17"><span class='ocrx_word' id='word_1_453' title='bbox 1972 3023 2376 3102; x_wconf 86' lang='grc' dir='ltr'>Χριστιανικόν.</span> <span class='ocrx_word' id='word_1_454' title='bbox 2426 3018 2534 3071; x_wconf 71' lang='lat' dir='ltr'><strong>Kal</strong></span> <span class='ocrx_word' id='word_1_455' title='bbox 2580 3012 2752 3074; x_wconf 74' lang='grc' dir='ltr'>οὕτως</span> <span class='ocrx_word' id='word_1_456' title='bbox 2799 3007 2895 3080; x_wconf 77' lang='grc' dir='ltr'><strong>μὲν</strong></span> <span class='ocrx_word' id='word_1_457' title='bbox 2922 3005 2986 3057; x_wconf 88' lang='grc' dir='ltr'><strong>ἐκ</strong></span> <span class='ocrx_word' id='word_1_458' title='bbox 3013 3018 3104 3054; x_wconf 88' lang='grc' dir='ltr'><strong>του</strong></span> <span class='ocrx_word' id='word_1_459' title='bbox 3132 2991 3379 3060; x_wconf 75' lang='grc' dir='ltr'>κανονίου</span> <span class='ocrx_word' id='word_1_460' title='bbox 3409 3000 3545 3057; x_wconf 83' lang='grc' dir='ltr'>προ·-</span> 
     </span>
    </p>
   </div>
   <div class='ocr_carea' id='block_1_62' title="bbox 299 3115 2338 3212">
    <p class='ocr_par' dir='ltr' id='par_1_62' title="bbox 299 3115 2338 3212">
     <span class='ocr_line' id='line_1_65' title="bbox 299 3115 2338 3212; baseline -0.013 -18"><span class='ocrx_word' id='word_1_461' title='bbox 299 3140 502 3212; x_wconf 86' lang='grc' dir='ltr'>χείρως</span> <span class='ocrx_word' id='word_1_462' title='bbox 545 3115 875 3209; x_wconf 76' lang='grc' dir='ltr'>λαμϐάνεται</span> <span class='ocrx_word' id='word_1_463' title='bbox 919 3115 982 3186; x_wconf 82' lang='grc' dir='ltr'><strong>τὸ</strong></span> <span class='ocrx_word' id='word_1_464' title='bbox 1015 3129 1340 3202; x_wconf 86' lang='grc' dir='ltr'>ζητούμενον</span> <span class='ocrx_word' id='word_1_465' title='bbox 1361 3144 1374 3158; x_wconf 91' lang='grc'><strong>·</strong></span> <span class='ocrx_word' id='word_1_466' title='bbox 1416 3126 1508 3181; x_wconf 77' lang='grc' dir='ltr'><strong>καὶ</strong></span> <span class='ocrx_word' id='word_1_467' title='bbox 1539 3125 1628 3178; x_wconf 82' lang='grc' dir='ltr'><strong>διὰ</strong></span> <span class='ocrx_word' id='word_1_468' title='bbox 1653 3123 1873 3195; x_wconf 77' lang='grc' dir='ltr'>μεθόδου</span> <span class='ocrx_word' id='word_1_469' title='bbox 1921 3121 1978 3176; x_wconf 81' lang='grc' dir='ltr'>δὲ</span> <span class='ocrx_word' id='word_1_470' title='bbox 2005 3119 2100 3174; x_wconf 74' lang='grc' dir='ltr'><strong>καὶ</strong></span> <span class='ocrx_word' id='word_1_471' title='bbox 2123 3115 2296 3176; x_wconf 72' lang='grc' dir='ltr'>οὕτως</span> <span class='ocrx_word' id='word_1_472' title='bbox 2323 3129 2338 3143; x_wconf 75' lang='grc'><strong><em>⁸</em></strong></span> 
     </span>
    </p>
   </div>
   <div class='ocr_carea' id='block_1_63' title="bbox 405 3239 1774 3323">
    <p class='ocr_par' dir='ltr' id='par_1_63' title="bbox 405 3239 1774 3323">
     <span class='ocr_line' id='line_1_66' title="bbox 405 3239 1774 3323; baseline -0.013 -14"><span class='ocrx_word' id='word_1_473' title='bbox 405 3253 608 3323; x_wconf 81' lang='grc' dir='ltr'>Ἑτέρα</span> <span class='ocrx_word' id='word_1_474' title='bbox 642 3249 896 3322; x_wconf 82' lang='grc' dir='ltr'>μέθοδος</span> <span class='ocrx_word' id='word_1_475' title='bbox 924 3247 1034 3316; x_wconf 83' lang='grc' dir='ltr'>τῆς</span> <span class='ocrx_word' id='word_1_476' title='bbox 1060 3245 1167 3300; x_wconf 85' lang='grc' dir='ltr'>τοῦ</span> <span class='ocrx_word' id='word_1_477' title='bbox 1215 3243 1430 3312; x_wconf 76' lang='grc' dir='ltr'>Πάσχα</span> <span class='ocrx_word' id='word_1_478' title='bbox 1463 3239 1774 3309; x_wconf 83' lang='grc' dir='ltr'>εὑρέσεως.</span> 
     </span>
    </p>
   </div>
   <div class='ocr_carea' id='block_1_64' title="bbox 385 3350 1875 3438">
    <p class='ocr_par' dir='ltr' id='par_1_64' title="bbox 385 3350 1875 3438">
     <span class='ocr_line' id='line_1_67' title="bbox 385 3350 1875 3438; baseline -0.016 -13"><span class='ocrx_word' id='word_1_479' title='bbox 385 3371 542 3425; x_wconf 60' lang='grc' dir='ltr'><strong>Ἐπεί⁹</strong></span> <span class='ocrx_word' id='word_1_480' title='bbox 567 3367 761 3438; x_wconf 78' lang='grc' dir='ltr'>ἔχομεν</span> <span class='ocrx_word' id='word_1_481' title='bbox 783 3363 901 3418; x_wconf 82' lang='grc' dir='ltr'>καθ’</span> <span class='ocrx_word' id='word_1_482' title='bbox 927 3363 1154 3416; x_wconf 74' lang='grc' dir='ltr'>ἕκαστον</span> <span class='ocrx_word' id='word_1_483' title='bbox 1177 3359 1284 3412; x_wconf 86' lang='grc' dir='ltr'><strong>τῶν</strong></span> <span class='ocrx_word' id='word_1_484' title='bbox 1303 3353 1633 3426; x_wconf 90' lang='grc' dir='ltr'>σεληνιακῶν</span> <span class='ocrx_word' id='word_1_485' title='bbox 1663 3350 1875 3405; x_wconf 89' lang='grc' dir='ltr'>κύκλων</span> 
     </span>
    </p>
   </div>
   <div class='ocr_carea' id='block_1_65' title="bbox 301 3441 1875 3536">
    <p class='ocr_par' dir='ltr' id='par_1_65' title="bbox 301 3441 1875 3536">
     <span class='ocr_line' id='line_1_68' title="bbox 301 3441 1875 3536; baseline -0.016 -19"><span class='ocrx_word' id='word_1_486' title='bbox 301 3464 400 3536; x_wconf 78' lang='grc' dir='ltr'>τὴν</span> <span class='ocrx_word' id='word_1_487' title='bbox 433 3461 532 3516; x_wconf 76' lang='grc' dir='ltr'>ἐπὶ</span> <span class='ocrx_word' id='word_1_488' title='bbox 562 3459 656 3512; x_wconf 82' lang='grc' dir='ltr'>τοῦ</span> <span class='ocrx_word' id='word_1_489' title='bbox 693 3454 937 3526; x_wconf 86' lang='grc' dir='ltr'>Μαρτίου</span> <span class='ocrx_word' id='word_1_490' title='bbox 980 3453 1107 3524; x_wconf 82' lang='grc' dir='ltr'>ἄχρι</span> <span class='ocrx_word' id='word_1_491' title='bbox 1128 3451 1220 3504; x_wconf 73' lang='grc' dir='ltr'><strong>καὶ</strong></span> <span class='ocrx_word' id='word_1_492' title='bbox 1259 3450 1355 3520; x_wconf 77' lang='grc' dir='ltr'>τῆς</span> <span class='ocrx_word' id='word_1_493' title='bbox 1385 3447 1446 3512; x_wconf 82' lang='grc' dir='ltr'><strong>ιζ’</strong></span> <span class='ocrx_word' id='word_1_494' title='bbox 1470 3445 1564 3499; x_wconf 81' lang='grc' dir='ltr'>τοῦ</span> <span class='ocrx_word' id='word_1_495' title='bbox 1603 3441 1875 3513; x_wconf 78' lang='grc' dir='ltr'>’Δπριλίου</span> 
     </span>
    </p>
   </div>
   <div class='ocr_carea' id='block_1_66' title="bbox 301 3533 1880 3626">
    <p class='ocr_par' dir='ltr' id='par_1_66' title="bbox 301 3533 1880 3626">
     <span class='ocr_line' id='line_1_69' title="bbox 301 3533 1880 3626; baseline -0.016 -16"><span class='ocrx_word' id='word_1_496' title='bbox 301 3533 596 3626; x_wconf 82' lang='grc' dir='ltr'>γινομένην</span> <span class='ocrx_word' id='word_1_497' title='bbox 640 3547 993 3618; x_wconf 85' lang='grc' dir='ltr'>πανσέληνον,</span> <span class='ocrx_word' id='word_1_498' title='bbox 1050 3544 1173 3614; x_wconf 80' lang='grc' dir='ltr'><strong>1ἡτις</strong></span> <span class='ocrx_word' id='word_1_499' title='bbox 1224 3541 1284 3594; x_wconf 87' lang='grc' dir='ltr'><strong>τὸ</strong></span> <span class='ocrx_word' id='word_1_500' title='bbox 1353 3536 1639 3592; x_wconf 78' lang='grc' dir='ltr'>Ἰουδαϊκὸν</span> <span class='ocrx_word' id='word_1_501' title='bbox 1686 3533 1880 3602; x_wconf 85' lang='grc' dir='ltr'>Πάσχα</span> 
     </span>
    </p>
   </div>
   <div class='ocr_carea' id='block_1_67' title="bbox 307 3626 1879 3720">
    <p class='ocr_par' dir='ltr' id='par_1_67' title="bbox 307 3626 1879 3720">
     <span class='ocr_line' id='line_1_70' title="bbox 307 3626 1879 3720; baseline -0.018 -18"><span class='ocrx_word' id='word_1_502' title='bbox 307 3645 540 3720; x_wconf 77' lang='grc' dir='ltr'>μηνύει·</span> <span class='ocrx_word' id='word_1_503' title='bbox 595 3643 680 3697; x_wconf 81' lang='grc' dir='ltr'>διὰ</span> <span class='ocrx_word' id='word_1_504' title='bbox 732 3641 824 3694; x_wconf 81' lang='grc' dir='ltr'>τοῦ</span> <span class='ocrx_word' id='word_1_505' title='bbox 870 3633 1315 3710; x_wconf 86' lang='grc' dir='ltr'>ήμεροευρεσίου,</span> <span class='ocrx_word' id='word_1_506' title='bbox 1347 3631 1422 3693; x_wconf 83' lang='grc' dir='ltr'>ὡς</span> <span class='ocrx_word' id='word_1_507' title='bbox 1451 3626 1879 3700; x_wconf 78' lang='grc' dir='ltr'>προειλήφαμεν,</span> 
     </span>
    </p>
   </div>
   <div class='ocr_carea' id='block_1_68' title="bbox 304 3717 1885 3813">
    <p class='ocr_par' dir='ltr' id='par_1_68' title="bbox 304 3717 1885 3813">
     <span class='ocr_line' id='line_1_71' title="bbox 304 3717 1885 3813; baseline -0.016 -18"><span class='ocrx_word' id='word_1_508' title='bbox 304 3717 638 3813; x_wconf 78' lang='grc' dir='ltr'>εὑρίσκομεν</span> <span class='ocrx_word' id='word_1_509' title='bbox 694 3738 752 3790; x_wconf 89' lang='grc' dir='ltr'><strong>ἐν</strong></span> <span class='ocrx_word' id='word_1_510' title='bbox 781 3733 910 3805; x_wconf 72' lang='grc' dir='ltr'>ποίᾳ</span> <span class='ocrx_word' id='word_1_511' title='bbox 939 3730 1119 3803; x_wconf 83' lang='grc' dir='ltr'>ἡμέρᾳ</span> <span class='ocrx_word' id='word_1_512' title='bbox 1143 3726 1251 3781; x_wconf 90' lang='grc' dir='ltr'><strong>τῶν</strong></span> <span class='ocrx_word' id='word_1_513' title='bbox 1277 3724 1376 3796; x_wconf 81' lang='grc' dir='ltr'>τῆς</span> <span class='ocrx_word' id='word_1_514' title='bbox 1405 3720 1695 3792; x_wconf 77' lang='grc' dir='ltr'>ἑϐδομάδος</span> <span class='ocrx_word' id='word_1_515' title='bbox 1733 3717 1885 3771; x_wconf 76' lang='grc' dir='ltr'>ἔσται</span> 
     </span>
    </p>
   </div>
   <div class='ocr_carea' id='block_1_69' title="bbox 304 3810 1883 3903">
    <p class='ocr_par' dir='ltr' id='par_1_69' title="bbox 304 3810 1883 3903">
     <span class='ocr_line' id='line_1_72' title="bbox 304 3810 1883 3903; baseline -0.018 -15"><span class='ocrx_word' id='word_1_516' title='bbox 304 3833 366 3887; x_wconf 83' lang='grc' dir='ltr'>τὸ</span> <span class='ocrx_word' id='word_1_517' title='bbox 390 3830 618 3903; x_wconf 84' lang='grc' dir='ltr'>νομικὸν</span> <span class='ocrx_word' id='word_1_518' title='bbox 645 3827 837 3898; x_wconf 89' lang='grc' dir='ltr'>Πάσχα</span> <span class='ocrx_word' id='word_1_519' title='bbox 877 3825 938 3878; x_wconf 87' lang='grc' dir='ltr'><strong>τὸ</strong></span> <span class='ocrx_word' id='word_1_520' title='bbox 985 3819 1386 3893; x_wconf 88' lang='grc' dir='ltr'>παρακείμενον</span> <span class='ocrx_word' id='word_1_521' title='bbox 1410 3814 1487 3886; x_wconf 82' lang='grc' dir='ltr'>τῷ</span> <span class='ocrx_word' id='word_1_522' title='bbox 1511 3810 1764 3866; x_wconf 73' lang='grc' dir='ltr'>ἐνεστῶτι</span> <span class='ocrx_word' id='word_1_523' title='bbox 1792 3825 1883 3861; x_wconf 91' lang='grc' dir='ltr'>σε-</span> 
     </span>
    </p>
   </div>
   <div class='ocr_carea' id='block_1_70' title="bbox 305 3900 1885 3996">
    <p class='ocr_par' dir='ltr' id='par_1_70' title="bbox 305 3900 1885 3996">
     <span class='ocr_line' id='line_1_73' title="bbox 305 3900 1885 3996; baseline -0.017 -18"><span class='ocrx_word' id='word_1_524' title='bbox 305 3900 554 3996; x_wconf 76' lang='grc' dir='ltr'>ληνιακῷ</span> <span class='ocrx_word' id='word_1_525' title='bbox 583 3919 768 3990; x_wconf 83' lang='grc' dir='ltr'>κύκλῳ</span> <span class='ocrx_word' id='word_1_526' title='bbox 786 3935 800 3948; x_wconf 89' lang='grc'><strong>·</strong></span> <span class='ocrx_word' id='word_1_527' title='bbox 835 3909 879 3985; x_wconf 81' lang='grc' dir='ltr'>ᾧ</span> <span class='ocrx_word' id='word_1_528' title='bbox 905 3911 1280 3986; x_wconf 85' lang='grc' dir='ltr'>προστιθέντες</span> <span class='ocrx_word' id='word_1_529' title='bbox 1304 3907 1400 3972; x_wconf 83' lang='grc' dir='ltr'>τὰς</span> <span class='ocrx_word' id='word_1_530' title='bbox 1437 3903 1634 3974; x_wconf 81' lang='grc' dir='ltr'>ἐφεξῆς</span> <span class='ocrx_word' id='word_1_531' title='bbox 1675 3900 1885 3972; x_wconf 84' lang='grc' dir='ltr'>ἡμέρας</span> 
     </span>
    </p>
   </div>
   <div class='ocr_carea' id='block_1_71' title="bbox 306 3993 1888 4086">
    <p class='ocr_par' dir='ltr' id='par_1_71' title="bbox 306 3993 1888 4086">
     <span class='ocr_line' id='line_1_74' title="bbox 306 3993 1888 4086; baseline -0.016 -17"><span class='ocrx_word' id='word_1_532' title='bbox 306 3993 406 4086; x_wconf 64' lang='grc' dir='ltr'>τῆς</span> <span class='ocrx_word' id='word_1_533' title='bbox 439 4011 733 4082; x_wconf 76' lang='grc' dir='ltr'>ἑϐδομάδος</span> <span class='ocrx_word' id='word_1_534' title='bbox 757 4009 884 4080; x_wconf 78' lang='grc' dir='ltr'>ἄχρι</span> <span class='ocrx_word' id='word_1_535' title='bbox 916 4007 1010 4060; x_wconf 75' lang='grc' dir='ltr'><strong>καὶ</strong></span> <span class='ocrx_word' id='word_1_536' title='bbox 1035 4004 1202 4074; x_wconf 80' lang='grc' dir='ltr'>αὐτῆς</span> <span class='ocrx_word' id='word_1_537' title='bbox 1231 4001 1329 4071; x_wconf 77' lang='grc' dir='ltr'><strong>τῆς</strong></span> <span class='ocrx_word' id='word_1_538' title='bbox 1360 3995 1664 4067; x_wconf 81' lang='grc' dir='ltr'>Κυριακῆς,</span> <span class='ocrx_word' id='word_1_539' title='bbox 1695 3993 1888 4064; x_wconf 75' lang='grc' dir='ltr'>ἔχομεν</span> 
     </span>
    </p>
   </div>
   <div class='ocr_carea' id='block_1_72' title="bbox 2191 3189 3336 3284">
    <p class='ocr_par' dir='ltr' id='par_1_72' title="bbox 2191 3189 3336 3284">
     <span class='ocr_line' id='line_1_75' title="bbox 2191 3189 3336 3284; baseline -0.028 0"><span class='ocrx_word' id='word_1_540' title='bbox 2191 3225 2468 3284; x_wconf 80' lang='lat' dir='ltr'><strong>Methodus</strong></span> <span class='ocrx_word' id='word_1_541' title='bbox 2499 3221 2671 3277; x_wconf 80' lang='lat' dir='ltr'><strong>altera</strong></span> <span class='ocrx_word' id='word_1_542' title='bbox 2703 3211 2984 3272; x_wconf 69' lang='lat' dir='ltr'><strong>Pass/tatis</strong></span> <span class='ocrx_word' id='word_1_543' title='bbox 2998 3266 3000 3269; x_wconf 64' lang='grc'><strong>,</strong></span> <span class='ocrx_word' id='word_1_544' title='bbox 3015 3189 3336 3268; x_wconf 60' lang='lat' dir='ltr'><strong>irulenieudi,</strong></span> 
     </span>
    </p>
   </div>
   <div class='ocr_carea' id='block_1_73' title="bbox 2048 3309 3546 3410">
    <p class='ocr_par' dir='ltr' id='par_1_73' title="bbox 2048 3309 3546 3410">
     <span class='ocr_line' id='line_1_76' title="bbox 2048 3309 3546 3410; baseline -0.029 -6"><span class='ocrx_word' id='word_1_545' title='bbox 2048 3349 2184 3405; x_wconf 90' lang='lat' dir='ltr'><strong>Cum</strong></span> <span class='ocrx_word' id='word_1_546' title='bbox 2223 3346 2280 3399; x_wconf 89' lang='lat' dir='ltr'><strong>in</strong></span> <span class='ocrx_word' id='word_1_547' title='bbox 2307 3351 2637 3410; x_wconf 90' lang='lat' dir='ltr'><strong>unoquoque</strong></span> <span class='ocrx_word' id='word_1_548' title='bbox 2664 3331 2819 3404; x_wconf 74' lang='lat' dir='ltr'><strong>cyclo</strong></span> <span class='ocrx_word' id='word_1_549' title='bbox 2851 3324 3033 3382; x_wconf 84' lang='lat' dir='ltr'><strong>lunari</strong></span> <span class='ocrx_word' id='word_1_550' title='bbox 3061 3314 3356 3392; x_wconf 89' lang='lat' dir='ltr'><strong>plenilunia</strong></span> <span class='ocrx_word' id='word_1_551' title='bbox 3384 3309 3546 3366; x_wconf 88' lang='lat' dir='ltr'><strong>nobis</strong></span> 
     </span>
    </p>
   </div>
   <div class='ocr_carea' id='block_1_74' title="bbox 1979 3398 3547 3497">
    <p class='ocr_par' dir='ltr' id='par_1_74' title="bbox 1979 3398 3547 3497">
     <span class='ocr_line' id='line_1_77' title="bbox 1979 3398 3547 3497; baseline -0.026 -4"><span class='ocrx_word' id='word_1_552' title='bbox 1979 3436 2161 3494; x_wconf 88' lang='lat' dir='ltr'><strong>omnia</strong></span> <span class='ocrx_word' id='word_1_553' title='bbox 2189 3398 2462 3493; x_wconf 55' lang='lat' dir='ltr'><strong>constent,</strong></span> <span class='ocrx_word' id='word_1_554' title='bbox 2501 3398 2625 3497; x_wconf 71' lang='lat' dir='ltr'><strong>qua:</strong></span> <span class='ocrx_word' id='word_1_555' title='bbox 2671 3398 2728 3476; x_wconf 78' lang='lat' dir='ltr'><strong>in</strong></span> <span class='ocrx_word' id='word_1_556' title='bbox 2761 3416 2976 3480; x_wconf 88' lang='lat' dir='ltr'><strong>Martio,</strong></span> <span class='ocrx_word' id='word_1_557' title='bbox 3015 3418 3071 3466; x_wconf 90' lang='lat' dir='ltr'><strong>et</strong></span> <span class='ocrx_word' id='word_1_558' title='bbox 3108 3408 3177 3464; x_wconf 91' lang='lat' dir='ltr'><strong>ad</strong></span> <span class='ocrx_word' id='word_1_559' title='bbox 3209 3419 3322 3460; x_wconf 84' lang='lat' dir='ltr'><strong>xvu</strong></span> <span class='ocrx_word' id='word_1_560' title='bbox 3343 3398 3547 3471; x_wconf 85' lang='lat' dir='ltr'><strong>Aprilis</strong></span> 
     </span>
    </p>
   </div>
   <div class='ocr_carea' id='block_1_75' title="bbox 1981 3493 3550 3598">
    <p class='ocr_par' dir='ltr' id='par_1_75' title="bbox 1981 3493 3550 3598">
     <span class='ocr_line' id='line_1_78' title="bbox 1981 3493 3550 3598; baseline -0.029 -12"><span class='ocrx_word' id='word_1_561' title='bbox 1981 3542 2158 3598; x_wconf 88' lang='lat' dir='ltr'><strong>usque</strong></span> <span class='ocrx_word' id='word_1_562' title='bbox 2204 3523 2579 3582; x_wconf 87' lang='lat' dir='ltr'><strong>continentur,</strong></span> <span class='ocrx_word' id='word_1_563' title='bbox 2619 3523 2674 3570; x_wconf 92' lang='lat' dir='ltr'><strong>et</strong></span> <span class='ocrx_word' id='word_1_564' title='bbox 2726 3509 3014 3565; x_wconf 86' lang='lat' dir='ltr'><strong>Judaicum</strong></span> <span class='ocrx_word' id='word_1_565' title='bbox 3063 3499 3278 3555; x_wconf 89' lang='lat' dir='ltr'><strong>Pascha</strong></span> <span class='ocrx_word' id='word_1_566' title='bbox 3321 3493 3550 3548; x_wconf 89' lang='lat' dir='ltr'><strong>demon-</strong></span> 
     </span>
    </p>
   </div>
   <div class='ocr_carea' id='block_1_76' title="bbox 1981 3586 3546 3687">
    <p class='ocr_par' dir='ltr' id='par_1_76' title="bbox 1981 3586 3546 3687">
     <span class='ocr_line' id='line_1_79' title="bbox 1981 3586 3546 3687; baseline -0.026 -12"><span class='ocrx_word' id='word_1_567' title='bbox 1981 3626 2180 3683; x_wconf 89' lang='lat' dir='ltr'><strong>strant,</strong></span> <span class='ocrx_word' id='word_1_568' title='bbox 2219 3631 2316 3687; x_wconf 92' lang='lat' dir='ltr'><strong>per</strong></span> <span class='ocrx_word' id='word_1_569' title='bbox 2337 3609 2662 3668; x_wconf 88' lang='lat' dir='ltr'><strong>laterculum</strong></span> <span class='ocrx_word' id='word_1_570' title='bbox 2698 3596 3006 3673; x_wconf 88' lang='lat' dir='ltr'><strong>septizonii,</strong></span> <span class='ocrx_word' id='word_1_571' title='bbox 3044 3601 3104 3647; x_wconf 93' lang='lat' dir='ltr'><strong>ut</strong></span> <span class='ocrx_word' id='word_1_572' title='bbox 3133 3599 3258 3644; x_wconf 92' lang='lat' dir='ltr'><strong>ante</strong></span> <span class='ocrx_word' id='word_1_573' title='bbox 3286 3586 3546 3644; x_wconf 80' lang='lat' dir='ltr'><strong>diximus,</strong></span> 
     </span>
    </p>
   </div>
   <div class='ocr_carea' id='block_1_77' title="bbox 1980 3677 3557 3779">
    <p class='ocr_par' dir='ltr' id='par_1_77' title="bbox 1980 3677 3557 3779">
     <span class='ocr_line' id='line_1_80' title="bbox 1980 3677 3557 3779; baseline -0.024 -14"><span class='ocrx_word' id='word_1_574' title='bbox 1980 3677 2291 3779; x_wconf 77' lang='lat' dir='ltr'><strong>indaganda</strong></span> <span class='ocrx_word' id='word_1_575' title='bbox 2311 3712 2396 3761; x_wconf 90' lang='lat' dir='ltr'><strong>est</strong></span> <span class='ocrx_word' id='word_1_576' title='bbox 2424 3696 2558 3757; x_wconf 78' lang='lat' dir='ltr'><strong>feria</strong></span> <span class='ocrx_word' id='word_1_577' title='bbox 2581 3686 3100 3767; x_wconf 81' lang='lat' dir='ltr'><strong>legalisPaschatis,</strong></span> <span class='ocrx_word' id='word_1_578' title='bbox 3128 3680 3272 3752; x_wconf 93' lang='lat' dir='ltr'><strong>quod</strong></span> <span class='ocrx_word' id='word_1_579' title='bbox 3313 3677 3381 3732; x_wconf 90' lang='lat' dir='ltr'><strong>ad</strong></span> <span class='ocrx_word' id='word_1_580' title='bbox 3411 3690 3557 3747; x_wconf 46' lang='lat' dir='ltr'><strong>prau</strong></span> 
     </span>
    </p>
   </div>
   <div class='ocr_carea' id='block_1_78' title="bbox 1983 3768 3550 3868">
    <p class='ocr_par' dir='ltr' id='par_1_78' title="bbox 1983 3768 3550 3868">
     <span class='ocr_line' id='line_1_81' title="bbox 1983 3768 3550 3868; baseline -0.026 -6"><span class='ocrx_word' id='word_1_581' title='bbox 1983 3812 2193 3863; x_wconf 87' lang='lat' dir='ltr'><strong>sentem</strong></span> <span class='ocrx_word' id='word_1_582' title='bbox 2223 3801 2368 3856; x_wconf 64' lang='lat' dir='ltr'><strong>lunai</strong></span> <span class='ocrx_word' id='word_1_583' title='bbox 2393 3796 2606 3868; x_wconf 85' lang='lat' dir='ltr'><strong>cyclum</strong></span> <span class='ocrx_word' id='word_1_584' title='bbox 2632 3780 3062 3850; x_wconf 79' lang='lat' dir='ltr'><strong>adno.tatur;cui</strong></span> <span class='ocrx_word' id='word_1_585' title='bbox 3092 3775 3334 3844; x_wconf 86' lang='lat' dir='ltr'><strong>reliquas</strong></span> <span class='ocrx_word' id='word_1_586' title='bbox 3353 3770 3420 3824; x_wconf 91' lang='lat' dir='ltr'><strong>ad</strong></span> <span class='ocrx_word' id='word_1_587' title='bbox 3447 3768 3550 3822; x_wconf 90' lang='lat' dir='ltr'><strong>Do-</strong></span> 
     </span>
    </p>
   </div>
   <div class='ocr_carea' id='block_1_79' title="bbox 1983 3864 3582 3955">
    <p class='ocr_par' dir='ltr' id='par_1_79' title="bbox 1983 3864 3582 3955">
     <span class='ocr_line' id='line_1_82' title="bbox 1983 3864 3582 3955; baseline -0.026 0"><span class='ocrx_word' id='word_1_588' title='bbox 1983 3896 2244 3955; x_wconf 88' lang='lat' dir='ltr'><strong>minicam</strong></span> <span class='ocrx_word' id='word_1_589' title='bbox 2289 3864 2656 3946; x_wconf 76' lang='lat' dir='ltr'><strong>hebdomadis</strong></span> <span class='ocrx_word' id='word_1_590' title='bbox 2700 3877 2866 3935; x_wconf 76' lang='lat' dir='ltr'><strong>ferias</strong></span> <span class='ocrx_word' id='word_1_591' title='bbox 2928 3871 3224 3931; x_wconf 87' lang='lat' dir='ltr'><strong>addentes,</strong></span> <span class='ocrx_word' id='word_1_592' title='bbox 3287 3864 3582 3918; x_wconf 81' lang='lat' dir='ltr'><strong>habemus.</strong></span> 
     </span>
    </p>
   </div>
   <div class='ocr_carea' id='block_1_80' title="bbox 1986 3951 3552 4052">
    <p class='ocr_par' dir='ltr' id='par_1_80' title="bbox 1986 3951 3552 4052">
     <span class='ocr_line' id='line_1_83' title="bbox 1986 3951 3552 4052; baseline -0.025 -6"><span class='ocrx_word' id='word_1_593' title='bbox 1986 3989 2190 4052; x_wconf 81' lang='lat' dir='ltr'><strong>Martii.</strong></span> <span class='ocrx_word' id='word_1_594' title='bbox 2232 3985 2316 4039; x_wconf 87' lang='lat' dir='ltr'><strong>vel</strong></span> <span class='ocrx_word' id='word_1_595' title='bbox 2347 3979 2550 4052; x_wconf 88' lang='lat' dir='ltr'><strong>Aprilis</strong></span> <span class='ocrx_word' id='word_1_596' title='bbox 2576 3975 2742 4036; x_wconf 89' lang='lat' dir='ltr'><strong>diem,</strong></span> <span class='ocrx_word' id='word_1_597' title='bbox 2779 3971 2837 4024; x_wconf 88' lang='lat' dir='ltr'><strong>in</strong></span> <span class='ocrx_word' id='word_1_598' title='bbox 2868 3979 3029 4037; x_wconf 88' lang='lat' dir='ltr'><strong>quem</strong></span> <span class='ocrx_word' id='word_1_599' title='bbox 3067 3967 3316 4017; x_wconf 89' lang='lat' dir='ltr'><strong>nostrum</strong></span> <span class='ocrx_word' id='word_1_600' title='bbox 3338 3951 3552 4010; x_wconf 82' lang='lat' dir='ltr'><strong>Pascha</strong></span> 
     </span>
    </p>
   </div>
   <div class='ocr_carea' id='block_1_81' title="bbox 309 4041 1874 4170">
    <p class='ocr_par' dir='ltr' id='par_1_81' title="bbox 309 4041 1874 4170">
     <span class='ocr_line' id='line_1_84' title="bbox 309 4041 1874 4086; baseline -0.016 -17"><span class='ocrx_word' id='word_1_601' title='bbox 309 4041 406 4086; x_wconf 83' lang='grc' dir='ltr'>της</span> <span class='ocrx_word' id='word_1_602' title='bbox 439 4041 731 4082; x_wconf 54' lang='grc' dir='ltr'>Ευυυμαυυε</span> <span class='ocrx_word' id='word_1_603' title='bbox 757 4041 884 4080; x_wconf 52' lang='lat' dir='ltr'><strong>una</strong></span> <span class='ocrx_word' id='word_1_604' title='bbox 919 4041 1010 4060; x_wconf 66' lang='lat' dir='ltr'><strong>huu-</strong></span> <span class='ocrx_word' id='word_1_605' title='bbox 1035 4041 1199 4074; x_wconf 56' lang='grc' dir='ltr'><strong>νιν-,ιη</strong></span> <span class='ocrx_word' id='word_1_606' title='bbox 1243 4041 1327 4071; x_wconf 61' lang='grc' dir='ltr'><strong>..μ</strong></span> <span class='ocrx_word' id='word_1_607' title='bbox 1361 4041 1664 4067; x_wconf 57' lang='grc' dir='ltr'><strong>---τη-..ῚἨ</strong></span> <span class='ocrx_word' id='word_1_608' title='bbox 1697 4041 1874 4064; x_wconf 45' lang='grc' dir='ltr'><strong>-ΑΪΓΊ,</strong></span> 
     </span>
     <span class='ocr_line' id='line_1_85' title="bbox 309 4080 1874 4170; baseline -0.018 -10"><span class='ocrx_word' id='word_1_609' title='bbox 309 4103 490 4160; x_wconf 78' lang='grc' dir='ltr'>καὶτὸ</span> <span class='ocrx_word' id='word_1_610' title='bbox 509 4101 629 4156; x_wconf 87' lang='grc' dir='ltr'>καθ’</span> <span class='ocrx_word' id='word_1_611' title='bbox 660 4100 805 4170; x_wconf 83' lang='grc' dir='ltr'>ἡμᾶς</span> <span class='ocrx_word' id='word_1_612' title='bbox 837 4097 990 4164; x_wconf 81' lang='grc' dir='ltr'>άγιον</span> <span class='ocrx_word' id='word_1_613' title='bbox 1023 4093 1235 4162; x_wconf 86' lang='grc' dir='ltr'>Πάσχα,</span> <span class='ocrx_word' id='word_1_614' title='bbox 1266 4091 1323 4143; x_wconf 88' lang='grc' dir='ltr'><strong>ἐν</strong></span> <span class='ocrx_word' id='word_1_615' title='bbox 1342 4087 1448 4141; x_wconf 90' lang='grc' dir='ltr'>τίνι</span> <span class='ocrx_word' id='word_1_616' title='bbox 1479 4085 1585 4139; x_wconf 89' lang='grc' dir='ltr'><strong>τῶν</strong></span> <span class='ocrx_word' id='word_1_617' title='bbox 1618 4080 1708 4137; x_wconf 79' lang='grc' dir='ltr'>τοῦ</span> <span class='ocrx_word' id='word_1_618' title='bbox 1741 4082 1874 4150; x_wconf 86' lang='grc' dir='ltr'><strong>Μαρ</strong></span> 
     </span>
    </p>
   </div>
   <div class='ocr_carea' id='block_1_82' title="bbox 1981 4041 3551 4170">
    <p class='ocr_par' dir='ltr' id='par_1_82' title="bbox 1991 4041 3551 4170">
     <span class='ocr_line' id='line_1_86' title="bbox 1991 4041 3551 4138; baseline -0.028 1"><span class='ocrx_word' id='word_1_619' title='bbox 1991 4077 2376 4138; x_wconf 82' lang='lat' dir='ltr'><strong>committitur.</strong></span> <span class='ocrx_word' id='word_1_620' title='bbox 2411 4070 2571 4125; x_wconf 81' lang='lat' dir='ltr'><strong>Verbi</strong></span> <span class='ocrx_word' id='word_1_621' title='bbox 2615 4065 2788 4137; x_wconf 83' lang='lat' dir='ltr'><strong>gratia</strong></span> <span class='ocrx_word' id='word_1_622' title='bbox 2818 4063 3096 4130; x_wconf 85' lang='lat' dir='ltr'><strong>repetatur</strong></span> <span class='ocrx_word' id='word_1_623' title='bbox 3139 4047 3392 4121; x_wconf 88' lang='lat' dir='ltr'><strong>superius</strong></span> <span class='ocrx_word' id='word_1_624' title='bbox 3419 4041 3551 4098; x_wconf 90' lang='lat' dir='ltr'><strong>illud</strong></span> 
     </span>
     <span class='ocr_line' id='line_1_87' title="bbox 2382 4137 3551 4170; baseline -0.028 16"><span class='ocrx_word' id='word_1_625' title='bbox 2382 4165 2408 4170; x_wconf 83' lang='lat'><strong><em>-</em></strong></span> <span class='ocrx_word' id='word_1_626' title='bbox 2535 4163 2546 4170; x_wconf 85' lang='lat'><strong>-</strong></span> <span class='ocrx_word' id='word_1_627' title='bbox 2767 4156 2829 4170; x_wconf 58' lang='lat'><strong>-,</strong></span> <span class='ocrx_word' id='word_1_628' title='bbox 2898 4150 2958 4170; x_wconf 41' lang='grc' dir='ltr'><strong>Α,</strong></span> <span class='ocrx_word' id='word_1_629' title='bbox 3013 4148 3290 4170; x_wconf 37' lang='lat' dir='ltr'><strong>gnam”</strong></span> <span class='ocrx_word' id='word_1_630' title='bbox 3342 4137 3551 4170; x_wconf 44' lang='lat' dir='ltr'><strong>malum</strong></span> 
     </span>
    </p>
   </div>
   <div class='ocr_carea' id='block_1_83' title="bbox 310 4170 1890 4265">
    <p class='ocr_par' dir='ltr' id='par_1_83' title="bbox 310 4170 1890 4265">
     <span class='ocr_line' id='line_1_88' title="bbox 310 4170 1890 4265; baseline -0.017 -15"><span class='ocrx_word' id='word_1_631' title='bbox 310 4197 426 4250; x_wconf 89' lang='grc' dir='ltr'>τίου</span> <span class='ocrx_word' id='word_1_632' title='bbox 458 4194 493 4265; x_wconf 83' lang='grc' dir='ltr'><strong>ἦ</strong></span> <span class='ocrx_word' id='word_1_633' title='bbox 518 4192 610 4246; x_wconf 80' lang='grc' dir='ltr'>τοῦ</span> <span class='ocrx_word' id='word_1_634' title='bbox 653 4188 928 4262; x_wconf 74' lang='grc' dir='ltr'>Ἀπριλίου</span> <span class='ocrx_word' id='word_1_635' title='bbox 969 4184 1192 4258; x_wconf 87' lang='grc' dir='ltr'>ἡμερῶν</span> <span class='ocrx_word' id='word_1_636' title='bbox 1219 4182 1447 4252; x_wconf 88' lang='grc' dir='ltr'>γίνεται.</span> <span class='ocrx_word' id='word_1_637' title='bbox 1481 4176 1593 4230; x_wconf 72' lang='grc' dir='ltr'><strong>Καὶ</strong></span> <span class='ocrx_word' id='word_1_638' title='bbox 1629 4173 1768 4227; x_wconf 75' lang='grc' dir='ltr'>ἔστω</span> <span class='ocrx_word' id='word_1_639' title='bbox 1797 4170 1890 4225; x_wconf 77' lang='grc' dir='ltr'><strong>ἐπὶ</strong></span> 
     </span>
    </p>
   </div>
   <div class='ocr_carea' id='block_1_84' title="bbox 313 4262 1890 4370">
    <p class='ocr_par' dir='ltr' id='par_1_84' title="bbox 313 4262 1890 4356">
     <span class='ocr_line' id='line_1_89' title="bbox 313 4262 1890 4356; baseline -0.016 -14"><span class='ocrx_word' id='word_1_640' title='bbox 313 4285 713 4356; x_wconf 85' lang='grc' dir='ltr'>ύποδείγματος</span> <span class='ocrx_word' id='word_1_641' title='bbox 742 4281 834 4334; x_wconf 81' lang='grc' dir='ltr'>τοῦ</span> <span class='ocrx_word' id='word_1_642' title='bbox 861 4275 1280 4350; x_wconf 86' lang='grc' dir='ltr'>προειρημένου.</span> <span class='ocrx_word' id='word_1_643' title='bbox 1333 4270 1486 4325; x_wconf 75' lang='grc' dir='ltr'>Ἐπεὶ</span> <span class='ocrx_word' id='word_1_644' title='bbox 1517 4267 1592 4338; x_wconf 80' lang='grc' dir='ltr'><strong>τῷ</strong></span> <span class='ocrx_word' id='word_1_645' title='bbox 1635 4262 1890 4319; x_wconf 82' lang='grc' dir='ltr'>ἐνεστῶτι</span> 
     </span>
    </p>
   </div>
   <div class='ocr_carea' id='block_1_85' title="bbox 312 4355 1889 4445">
    <p class='ocr_par' dir='ltr' id='par_1_85' title="bbox 312 4355 1889 4445">
     <span class='ocr_line' id='line_1_90' title="bbox 312 4355 1889 4445; baseline -0.017 -13"><span class='ocrx_word' id='word_1_646' title='bbox 312 4378 436 4432; x_wconf 88' lang='grc' dir='ltr'>τότε</span> <span class='ocrx_word' id='word_1_647' title='bbox 496 4368 682 4445; x_wconf 82' lang='grc' dir='ltr'>κύκλῳ</span> <span class='ocrx_word' id='word_1_648' title='bbox 738 4373 835 4442; x_wconf 86' lang='grc' dir='ltr'>τῆς</span> <span class='ocrx_word' id='word_1_649' title='bbox 889 4370 1118 4441; x_wconf 88' lang='grc' dir='ltr'>σελήνης</span> <span class='ocrx_word' id='word_1_650' title='bbox 1182 4365 1348 4438; x_wconf 80' lang='grc' dir='ltr'>τρίτῳ</span> <span class='ocrx_word' id='word_1_651' title='bbox 1386 4363 1498 4414; x_wconf 77' lang='grc' dir='ltr'>ὖντι</span> <span class='ocrx_word' id='word_1_652' title='bbox 1542 4358 1572 4412; x_wconf 88' lang='grc' dir='ltr'>ι’</span> <span class='ocrx_word' id='word_1_653' title='bbox 1613 4355 1889 4427; x_wconf 82' lang='grc' dir='ltr'>Ἀπριλίου</span> 
     </span>
    </p>
   </div>
   <div class='ocr_carea' id='block_1_86' title="bbox 1991 4137 3554 4241">
    <p class='ocr_par' dir='ltr' id='par_1_86' title="bbox 1991 4137 3554 4241">
     <span class='ocr_line' id='line_1_91' title="bbox 1991 4137 3554 4241; baseline -0.028 -11"><span class='ocrx_word' id='word_1_654' title='bbox 1991 4171 2320 4241; x_wconf 80' lang='lat' dir='ltr'><strong>exemplum.</strong></span> <span class='ocrx_word' id='word_1_655' title='bbox 2373 4163 2640 4232; x_wconf 83' lang='lat' dir='ltr'><strong>Quoniam</strong></span> <span class='ocrx_word' id='word_1_656' title='bbox 2694 4156 2842 4210; x_wconf 83' lang='lat' dir='ltr'><strong>enim</strong></span> <span class='ocrx_word' id='word_1_657' title='bbox 2894 4150 2962 4205; x_wconf 91' lang='lat' dir='ltr'><strong>ad</strong></span> <span class='ocrx_word' id='word_1_658' title='bbox 3013 4148 3292 4204; x_wconf 87' lang='lat' dir='ltr'><strong>ineuntem</strong></span> <span class='ocrx_word' id='word_1_659' title='bbox 3341 4137 3554 4209; x_wconf 85' lang='lat' dir='ltr'><strong>cyclum</strong></span> 
     </span>
    </p>
   </div>
   <div class='ocr_carea' id='block_1_87' title="bbox 1991 4228 3558 4320">
    <p class='ocr_par' dir='ltr' id='par_1_87' title="bbox 1991 4228 3558 4320">
     <span class='ocr_line' id='line_1_92' title="bbox 1991 4228 3558 4320; baseline -0.026 1"><span class='ocrx_word' id='word_1_660' title='bbox 1991 4228 2468 4320; x_wconf 46' lang='lat' dir='ltr'><strong>lunae-tertium:</strong></span> <span class='ocrx_word' id='word_1_661' title='bbox 2493 4253 2610 4308; x_wconf 85' lang='lat' dir='ltr'><strong>dies</strong></span> <span class='ocrx_word' id='word_1_662' title='bbox 2653 4245 2861 4318; x_wconf 84' lang='lat' dir='ltr'><strong>Aprilis</strong></span> <span class='ocrx_word' id='word_1_663' title='bbox 2885 4238 3222 4310; x_wconf 70' lang='lat' dir='ltr'><strong>adiungitur,</strong></span> <span class='ocrx_word' id='word_1_664' title='bbox 3257 4228 3558 4288; x_wconf 87' lang='lat' dir='ltr'><strong>ostendens</strong></span> 
     </span>
    </p>
   </div>
   <div class='ocr_carea' id='block_1_88' title="bbox 1992 4319 3558 4412">
    <p class='ocr_par' dir='ltr' id='par_1_88' title="bbox 1992 4319 3558 4412">
     <span class='ocr_line' id='line_1_93' title="bbox 1992 4319 3558 4412; baseline -0.027 1"><span class='ocrx_word' id='word_1_665' title='bbox 1992 4357 2051 4412; x_wconf 87' lang='lat' dir='ltr'><strong>in</strong></span> <span class='ocrx_word' id='word_1_666' title='bbox 2093 4369 2218 4411; x_wconf 84' lang='lat' dir='ltr'><strong>eum</strong></span> <span class='ocrx_word' id='word_1_667' title='bbox 2245 4352 2389 4406; x_wconf 89' lang='lat' dir='ltr'><strong>diem</strong></span> <span class='ocrx_word' id='word_1_668' title='bbox 2437 4343 2634 4401; x_wconf 81' lang='lat' dir='ltr'><strong>cadere</strong></span> <span class='ocrx_word' id='word_1_669' title='bbox 2675 4338 2887 4394; x_wconf 87' lang='lat' dir='ltr'><strong>Pascha</strong></span> <span class='ocrx_word' id='word_1_670' title='bbox 2931 4323 3334 4391; x_wconf 78' lang='lat' dir='ltr'><strong>Judaicum;si</strong></span> <span class='ocrx_word' id='word_1_671' title='bbox 3379 4319 3558 4375; x_wconf 90' lang='lat' dir='ltr'><strong>eidem</strong></span> 
     </span>
    </p>
   </div>
   <div class='ocr_carea' id='block_1_89' title="bbox 315 4423 1874 4539">
    <p class='ocr_par' dir='ltr' id='par_1_89' title="bbox 315 4423 1874 4539">
     <span class='ocr_line' id='line_1_94' title="bbox 324 4423 1732 4445; baseline -0.018 7"><span class='ocrx_word' id='word_1_672' title='bbox 324 4423 436 4432; x_wconf 54' lang='grc'>⁷⁷⁷⁷</span> <span class='ocrx_word' id='word_1_673' title='bbox 499 4423 675 4445; x_wconf 66' lang='grc' dir='ltr'><strong>”’⁷“’““ῖ</strong></span> <span class='ocrx_word' id='word_1_674' title='bbox 752 4423 832 4442; x_wconf 71' lang='grc' dir='ltr'><strong>““Ι⁷</strong></span> <span class='ocrx_word' id='word_1_675' title='bbox 900 4423 907 4424; x_wconf 52' lang='grc'><strong>“</strong></span> <span class='ocrx_word' id='word_1_676' title='bbox 1005 4423 1016 4441; x_wconf 78' lang='grc' dir='ltr'><strong>Ι</strong></span> <span class='ocrx_word' id='word_1_677' title='bbox 1075 4423 1116 4440; x_wconf 80' lang='lat' dir='ltr'><strong>l&#39;</strong></span> <span class='ocrx_word' id='word_1_678' title='bbox 1217 4423 1228 4438; x_wconf 80' lang='grc' dir='ltr'>ι</span> <span class='ocrx_word' id='word_1_679' title='bbox 1320 4423 1332 4435; x_wconf 76' lang='grc' dir='ltr'><strong>ο</strong></span> <span class='ocrx_word' id='word_1_680' title='bbox 1721 4423 1732 4427; x_wconf 85' lang='grc'><strong><em>-</em></strong></span> 
     </span>
     <span class='ocr_line' id='line_1_95' title="bbox 315 4444 1874 4539; baseline -0.016 -19"><span class='ocrx_word' id='word_1_681' title='bbox 315 4467 668 4539; x_wconf 86' lang='grc' dir='ltr'>παράκειται,</span> <span class='ocrx_word' id='word_1_682' title='bbox 717 4460 950 4535; x_wconf 81' lang='grc' dir='ltr'>δηλοῦσα</span> <span class='ocrx_word' id='word_1_683' title='bbox 986 4459 1102 4513; x_wconf 91' lang='grc' dir='ltr'>κατ’</span> <span class='ocrx_word' id='word_1_684' title='bbox 1132 4456 1300 4528; x_wconf 81' lang='grc' dir='ltr'>αὐτὴν</span> <span class='ocrx_word' id='word_1_685' title='bbox 1342 4450 1478 4508; x_wconf 73' lang='grc' dir='ltr'>εῖναι</span> <span class='ocrx_word' id='word_1_686' title='bbox 1507 4451 1568 4503; x_wconf 86' lang='grc' dir='ltr'><strong>τὸ</strong></span> <span class='ocrx_word' id='word_1_687' title='bbox 1603 4444 1874 4501; x_wconf 59' lang='grc' dir='ltr'>Ἰουδαῖκὸη</span> 
     </span>
    </p>
   </div>
   <div class='ocr_carea' id='block_1_90' title="bbox 1981 4423 3559 4539">
    <p class='ocr_par' dir='ltr' id='par_1_90' title="bbox 1993 4423 3559 4539">
     <span class='ocr_line' id='line_1_96' title="bbox 1993 4423 3559 4504; baseline -0.028 1"><span class='ocrx_word' id='word_1_688' title='bbox 1993 4447 2200 4504; x_wconf 86' lang='lat' dir='ltr'><strong>mensis</strong></span> <span class='ocrx_word' id='word_1_689' title='bbox 2229 4443 2376 4498; x_wconf 91' lang='lat' dir='ltr'><strong>illius</strong></span> <span class='ocrx_word' id='word_1_690' title='bbox 2411 4437 2674 4492; x_wconf 89' lang='lat' dir='ltr'><strong>addamus</strong></span> <span class='ocrx_word' id='word_1_691' title='bbox 2701 4435 2972 4501; x_wconf 85' lang='lat' dir='ltr'><strong>epactam,</strong></span> <span class='ocrx_word' id='word_1_692' title='bbox 3016 4436 3137 4492; x_wconf 77' lang='lat' dir='ltr'><strong>quae</strong></span> <span class='ocrx_word' id='word_1_693' title='bbox 3164 4423 3249 4474; x_wconf 89' lang='lat' dir='ltr'><strong>est</strong></span> <span class='ocrx_word' id='word_1_694' title='bbox 3271 4430 3321 4482; x_wconf 80' lang='lat'><strong>1;</strong></span> <span class='ocrx_word' id='word_1_695' title='bbox 3343 4424 3559 4467; x_wconf 88' lang='lat' dir='ltr'><strong>necnon</strong></span> 
     </span>
     <span class='ocr_line' id='line_1_97' title="bbox 2201 4507 3533 4539; baseline -0.023 31"><span class='ocrx_word' id='word_1_696' title='bbox 2201 4538 2208 4539; x_wconf 23' lang='lat'><em>7</em></span> <span class='ocrx_word' id='word_1_697' title='bbox 2405 4533 2438 4539; x_wconf 86' lang='lat'><strong>&quot;</strong></span> <span class='ocrx_word' id='word_1_698' title='bbox 2710 4524 2722 4539; x_wconf 91' lang='lat'><strong><em>‘</em></strong></span> <span class='ocrx_word' id='word_1_699' title='bbox 2875 4526 2916 4539; x_wconf 42' lang='grc' dir='ltr'><strong>ΔΑ</strong></span> <span class='ocrx_word' id='word_1_700' title='bbox 2965 4528 3147 4539; x_wconf 68' lang='grc' dir='ltr'><strong>⁸ιι---ι--οι</strong></span> <span class='ocrx_word' id='word_1_701' title='bbox 3201 4507 3533 4539; x_wconf 67' lang='grc' dir='ltr'><strong>ιηιωιπηηιοοα</strong></span> 
     </span>
    </p>
   </div>
   <div class='ocr_carea' id='block_1_91' title="bbox 318 4507 1874 4629">
    <p class='ocr_par' dir='ltr' id='par_1_91' title="bbox 318 4507 1874 4629">
     <span class='ocr_line' id='line_1_98' title="bbox 323 4507 1290 4539; baseline -0.011 -19"><span class='ocrx_word' id='word_1_702' title='bbox 323 4507 668 4539; x_wconf 55' lang='grc' dir='ltr'><strong>..-μη-..-η</strong></span> <span class='ocrx_word' id='word_1_703' title='bbox 719 4507 949 4516; x_wconf 48' lang='grc' dir='ltr'><strong>-.-πη</strong></span> <span class='ocrx_word' id='word_1_704' title='bbox 988 4507 1084 4513; x_wconf 58' lang='grc' dir='ltr'><strong>ηπ-</strong></span> 
     </span>
     <span class='ocr_line' id='line_1_99' title="bbox 318 4507 1874 4629; baseline -0.018 -16"><span class='ocrx_word' id='word_1_705' title='bbox 318 4559 547 4629; x_wconf 87' lang='grc' dir='ltr'>Πάσχα·</span> <span class='ocrx_word' id='word_1_706' title='bbox 574 4507 898 4626; x_wconf 77' lang='grc' dir='ltr'>προσθέντες</span> <span class='ocrx_word' id='word_1_707' title='bbox 921 4549 1091 4620; x_wconf 85' lang='grc' dir='ltr'>ταύτῃ</span> <span class='ocrx_word' id='word_1_708' title='bbox 1121 4547 1219 4619; x_wconf 81' lang='grc' dir='ltr'>τὴν</span> <span class='ocrx_word' id='word_1_709' title='bbox 1255 4544 1349 4598; x_wconf 76' lang='grc' dir='ltr'><strong>τοῦ</strong></span> <span class='ocrx_word' id='word_1_710' title='bbox 1384 4540 1545 4597; x_wconf 76' lang='grc' dir='ltr'>αὐτοῦ</span> <span class='ocrx_word' id='word_1_711' title='bbox 1588 4537 1755 4610; x_wconf 85' lang='grc' dir='ltr'>μηνὸς</span> <span class='ocrx_word' id='word_1_712' title='bbox 1791 4536 1874 4587; x_wconf 88' lang='grc' dir='ltr'>ἐπ-</span> 
     </span>
    </p>
   </div>
   <div class='ocr_carea' id='block_1_92' title="bbox 1981 4507 3558 4629">
    <p class='ocr_par' dir='ltr' id='par_1_92' title="bbox 1996 4507 3558 4629">
     <span class='ocr_line' id='line_1_100' title="bbox 1996 4507 3558 4612; baseline -0.027 -17"><span class='ocrx_word' id='word_1_713' title='bbox 1996 4538 2307 4612; x_wconf 66' lang='lat' dir='ltr'><strong>praeteritos</strong></span> <span class='ocrx_word' id='word_1_714' title='bbox 2341 4533 2475 4590; x_wconf 90' lang='lat' dir='ltr'><strong>solis</strong></span> <span class='ocrx_word' id='word_1_715' title='bbox 2506 4545 2577 4584; x_wconf 77' lang='lat' dir='ltr'><strong>xx</strong></span> <span class='ocrx_word' id='word_1_716' title='bbox 2607 4524 2792 4597; x_wconf 80' lang='lat' dir='ltr'><strong>cyclos</strong></span> <span class='ocrx_word' id='word_1_717' title='bbox 2814 4562 2829 4589; x_wconf 93' lang='lat'><strong>,</strong></span> <span class='ocrx_word' id='word_1_718' title='bbox 2866 4526 2924 4575; x_wconf 86' lang='lat' dir='ltr'><strong>et</strong></span> <span class='ocrx_word' id='word_1_719' title='bbox 2960 4528 3150 4572; x_wconf 86' lang='lat' dir='ltr'><strong>eorum</strong></span> <span class='ocrx_word' id='word_1_720' title='bbox 3200 4507 3558 4580; x_wconf 88' lang='lat' dir='ltr'><strong>quadrantes,</strong></span> 
     </span>
     <span class='ocr_line' id='line_1_101' title="bbox 2571 4591 3558 4629; baseline -0.022 22"><span class='ocrx_word' id='word_1_721' title='bbox 2571 4621 2598 4629; x_wconf 89' lang='lat'><strong><em>-</em></strong></span> <span class='ocrx_word' id='word_1_722' title='bbox 2737 4617 2770 4629; x_wconf 87' lang='lat'><strong>--</strong></span> <span class='ocrx_word' id='word_1_723' title='bbox 2897 4626 2923 4629; x_wconf 49' lang='grc' dir='ltr'><strong>α</strong></span> <span class='ocrx_word' id='word_1_724' title='bbox 2949 4621 3107 4629; x_wconf 81' lang='grc'><strong>-----.-</strong></span> <span class='ocrx_word' id='word_1_725' title='bbox 3166 4601 3209 4629; x_wconf 78' lang='lat'><strong>--.</strong></span> <span class='ocrx_word' id='word_1_726' title='bbox 3250 4613 3346 4629; x_wconf 67' lang='grc' dir='ltr'><strong>..η-</strong></span> <span class='ocrx_word' id='word_1_727' title='bbox 3475 4591 3558 4629; x_wconf 74' lang='grc' dir='ltr'>ιιι-</span> 
     </span>
    </p>
   </div>
   <div class='ocr_carea' id='block_1_93' title="bbox 319 4628 1890 4720">
    <p class='ocr_par' dir='ltr' id='par_1_93' title="bbox 319 4628 1890 4720">
     <span class='ocr_line' id='line_1_102' title="bbox 319 4628 1890 4720; baseline -0.017 -15"><span class='ocrx_word' id='word_1_728' title='bbox 319 4651 494 4720; x_wconf 80' lang='grc' dir='ltr'>ακτὴν</span> <span class='ocrx_word' id='word_1_729' title='bbox 517 4648 567 4702; x_wconf 82' lang='grc' dir='ltr'>α’</span> <span class='ocrx_word' id='word_1_730' title='bbox 613 4641 799 4710; x_wconf 81' lang='grc' dir='ltr'>οὖσαν,</span> <span class='ocrx_word' id='word_1_731' title='bbox 822 4645 901 4698; x_wconf 74' lang='grc' dir='ltr'>ἔτι</span> <span class='ocrx_word' id='word_1_732' title='bbox 923 4661 982 4696; x_wconf 85' lang='grc' dir='ltr'><strong>τε</strong></span> <span class='ocrx_word' id='word_1_733' title='bbox 1009 4642 1134 4703; x_wconf 80' lang='grc' dir='ltr'>τοὺς</span> <span class='ocrx_word' id='word_1_734' title='bbox 1164 4634 1528 4710; x_wconf 85' lang='grc' dir='ltr'>παρελθόντας</span> <span class='ocrx_word' id='word_1_735' title='bbox 1550 4630 1598 4685; x_wconf 90' lang='grc' dir='ltr'>κ’</span> <span class='ocrx_word' id='word_1_736' title='bbox 1632 4628 1890 4701; x_wconf 77' lang='grc' dir='ltr'>ἡλιακοὺς</span> 
     </span>
    </p>
   </div>
   <div class='ocr_carea' id='block_1_94' title="bbox 319 4719 1893 4804">
    <p class='ocr_par' dir='ltr' id='par_1_94' title="bbox 319 4719 1893 4804">
     <span class='ocr_line' id='line_1_103' title="bbox 319 4719 1893 4804; baseline -0.016 -9"><span class='ocrx_word' id='word_1_737' title='bbox 319 4719 574 4804; x_wconf 86' lang='grc' dir='ltr'>κύκλους,</span> <span class='ocrx_word' id='word_1_738' title='bbox 623 4737 718 4792; x_wconf 72' lang='grc' dir='ltr'><strong>καὶ</strong></span> <span class='ocrx_word' id='word_1_739' title='bbox 743 4736 811 4790; x_wconf 87' lang='grc' dir='ltr'><strong>τά</strong></span> <span class='ocrx_word' id='word_1_740' title='bbox 849 4735 1052 4789; x_wconf 87' lang='grc' dir='ltr'>τούτων</span> <span class='ocrx_word' id='word_1_741' title='bbox 1074 4732 1115 4786; x_wconf 86' lang='grc' dir='ltr'>δ’</span> <span class='ocrx_word' id='word_1_742' title='bbox 1147 4730 1358 4802; x_wconf 88' lang='grc' dir='ltr'>ἡμέρας</span> <span class='ocrx_word' id='word_1_743' title='bbox 1388 4726 1448 4779; x_wconf 85' lang='grc' dir='ltr'>ε’·</span> <span class='ocrx_word' id='word_1_744' title='bbox 1473 4724 1570 4787; x_wconf 83' lang='grc' dir='ltr'>τὰς</span> <span class='ocrx_word' id='word_1_745' title='bbox 1597 4719 1893 4795; x_wconf 86' lang='grc' dir='ltr'>γενομένας</span> 
     </span>
    </p>
   </div>
   <div class='ocr_carea' id='block_1_95' title="bbox 320 4793 1894 4904">
    <p class='ocr_par' dir='ltr' id='par_1_95' title="bbox 320 4793 1894 4904">
     <span class='ocr_line' id='line_1_104' title="bbox 320 4793 1894 4904; baseline -0.017 -15"><span class='ocrx_word' id='word_1_746' title='bbox 320 4832 456 4904; x_wconf 79' lang='grc' dir='ltr'>ὁμοῦ</span> <span class='ocrx_word' id='word_1_747' title='bbox 492 4832 702 4903; x_wconf 86' lang='grc' dir='ltr'>ἡμέρας</span> <span class='ocrx_word' id='word_1_748' title='bbox 740 4827 827 4893; x_wconf 83' lang='grc' dir='ltr'>λς’</span> <span class='ocrx_word' id='word_1_749' title='bbox 862 4793 1202 4898; x_wconf 36' lang='grc' dir='ltr'>μερίσαντεςΙ</span> <span class='ocrx_word' id='word_1_750' title='bbox 1236 4793 1390 4892; x_wconf 76' lang='grc' dir='ltr'>παρὰ</span> <span class='ocrx_word' id='word_1_751' title='bbox 1433 4817 1523 4871; x_wconf 78' lang='grc' dir='ltr'><strong>τὸν</strong></span> <span class='ocrx_word' id='word_1_752' title='bbox 1547 4815 1612 4880; x_wconf 77' lang='grc' dir='ltr'><strong>ξ’,</strong></span> <span class='ocrx_word' id='word_1_753' title='bbox 1807 4813 1894 4873; x_wconf 84' lang='grc' dir='ltr'>ἐν-</span> 
     </span>
    </p>
   </div>
   <div class='ocr_carea' id='block_1_96' title="bbox 322 4902 1893 4994">
    <p class='ocr_par' dir='ltr' id='par_1_96' title="bbox 322 4902 1893 4994">
     <span class='ocr_line' id='line_1_105' title="bbox 322 4902 1893 4994; baseline -0.015 -15"><span class='ocrx_word' id='word_1_754' title='bbox 322 4902 738 4994; x_wconf 71' lang='grc' dir='ltr'>απολειφθεῖσαν</span> <span class='ocrx_word' id='word_1_755' title='bbox 755 4920 802 4974; x_wconf 85' lang='grc' dir='ltr'>α’</span> <span class='ocrx_word' id='word_1_756' title='bbox 816 4921 1055 4991; x_wconf 89' lang='grc' dir='ltr'>φήσομεν</span> <span class='ocrx_word' id='word_1_757' title='bbox 1076 4919 1109 4988; x_wconf 89' lang='grc' dir='ltr'><strong>ἡ</strong></span> <span class='ocrx_word' id='word_1_758' title='bbox 1119 4915 1182 4986; x_wconf 87' lang='grc' dir='ltr'><strong>μέ</strong></span> <span class='ocrx_word' id='word_1_759' title='bbox 1191 4932 1288 4987; x_wconf 86' lang='grc' dir='ltr'><strong>ραν</strong></span> <span class='ocrx_word' id='word_1_760' title='bbox 1303 4905 1758 4986; x_wconf 68' lang='grc' dir='ltr'>εἷναιΚυριακὴν,</span> <span class='ocrx_word' id='word_1_761' title='bbox 1771 4902 1893 4970; x_wconf 85' lang='grc' dir='ltr'>καθ’</span> 
     </span>
    </p>
   </div>
   <div class='ocr_carea' id='block_1_97' title="bbox 323 4981 1896 5090">
    <p class='ocr_par' dir='ltr' id='par_1_97' title="bbox 323 4981 1896 5090">
     <span class='ocr_line' id='line_1_106' title="bbox 323 4981 1896 5090; baseline -0.015 -18"><span class='ocrx_word' id='word_1_762' title='bbox 323 5018 391 5090; x_wconf 80' lang='grc' dir='ltr'>ἢν</span> <span class='ocrx_word' id='word_1_763' title='bbox 419 5019 453 5089; x_wconf 92' lang='grc' dir='ltr'><strong>ή</strong></span> <span class='ocrx_word' id='word_1_764' title='bbox 495 4981 698 5084; x_wconf 68' lang='grc' dir='ltr'>δεκάτη</span> <span class='ocrx_word' id='word_1_765' title='bbox 747 4981 840 5066; x_wconf 65' lang='grc' dir='ltr'><strong>τού</strong></span> <span class='ocrx_word' id='word_1_766' title='bbox 877 4981 1159 5082; x_wconf 58' lang='grc' dir='ltr'><strong>ζΑοίτριλίου</strong></span> <span class='ocrx_word' id='word_1_767' title='bbox 1192 4981 1536 5076; x_wconf 68' lang='grc' dir='ltr'><strong>⁷συμπίπτει.</strong></span> <span class='ocrx_word' id='word_1_768' title='bbox 1577 5001 1688 5060; x_wconf 75' lang='lat' dir='ltr'><strong>Kal</strong></span> <span class='ocrx_word' id='word_1_769' title='bbox 1711 4981 1896 5069; x_wconf 41' lang='grc' dir='ltr'>’ταύτῃ</span> 
     </span>
    </p>
   </div>
   <div class='ocr_carea' id='block_1_98' title="bbox 327 5088 1896 5179">
    <p class='ocr_par' dir='ltr' id='par_1_98' title="bbox 327 5088 1896 5179">
     <span class='ocr_line' id='line_1_107' title="bbox 327 5088 1896 5179; baseline -0.013 -19"><span class='ocrx_word' id='word_1_770' title='bbox 327 5088 651 5179; x_wconf 80' lang='grc' dir='ltr'>προσθέντες</span> <span class='ocrx_word' id='word_1_771' title='bbox 665 5103 760 5167; x_wconf 86' lang='grc' dir='ltr'>τὰς</span> <span class='ocrx_word' id='word_1_772' title='bbox 775 5102 873 5174; x_wconf 82' lang='grc' dir='ltr'>τῆς</span> <span class='ocrx_word' id='word_1_773' title='bbox 902 5100 1097 5170; x_wconf 76' lang='grc' dir='ltr'>ἐφεξῆς</span> <span class='ocrx_word' id='word_1_774' title='bbox 1127 5095 1414 5168; x_wconf 77' lang='grc' dir='ltr'>ἑϐδομάδος</span> <span class='ocrx_word' id='word_1_775' title='bbox 1446 5093 1573 5164; x_wconf 80' lang='grc' dir='ltr'>ἄχρι</span> <span class='ocrx_word' id='word_1_776' title='bbox 1601 5091 1695 5151; x_wconf 69' lang='grc' dir='ltr'><strong>καὶ</strong></span> <span class='ocrx_word' id='word_1_777' title='bbox 1727 5088 1896 5158; x_wconf 82' lang='grc' dir='ltr'>αὐτῆς</span> 
     </span>
    </p>
   </div>
   <div class='ocr_carea' id='block_1_99' title="bbox 326 5181 1897 5269">
    <p class='ocr_par' dir='ltr' id='par_1_99' title="bbox 326 5181 1897 5269">
     <span class='ocr_line' id='line_1_108' title="bbox 326 5181 1897 5269; baseline -0.013 -17"><span class='ocrx_word' id='word_1_778' title='bbox 326 5197 428 5268; x_wconf 78' lang='grc' dir='ltr'>τῆς</span> <span class='ocrx_word' id='word_1_779' title='bbox 479 5195 776 5269; x_wconf 86' lang='grc' dir='ltr'>ἐρχομένης</span> <span class='ocrx_word' id='word_1_780' title='bbox 827 5191 1110 5264; x_wconf 82' lang='grc' dir='ltr'>Κυριακῆς</span> <span class='ocrx_word' id='word_1_781' title='bbox 1158 5188 1373 5261; x_wconf 85' lang='grc' dir='ltr'>ἡμέρας</span> <span class='ocrx_word' id='word_1_782' title='bbox 1435 5185 1508 5250; x_wconf 75' lang='grc' dir='ltr'><strong>ζ’,</strong></span> <span class='ocrx_word' id='word_1_783' title='bbox 1555 5183 1748 5254; x_wconf 70' lang='grc' dir='ltr'>ἕξομεν</span> <span class='ocrx_word' id='word_1_784' title='bbox 1803 5181 1897 5233; x_wconf 75' lang='grc' dir='ltr'><strong>καὶ</strong></span> 
     </span>
    </p>
   </div>
   <div class='ocr_carea' id='block_1_100' title="bbox 326 5271 1897 5354">
    <p class='ocr_par' dir='ltr' id='par_1_100' title="bbox 326 5271 1897 5354">
     <span class='ocr_line' id='line_1_109' title="bbox 326 5271 1897 5354; baseline -0.01 -15"><span class='ocrx_word' id='word_1_785' title='bbox 326 5283 499 5348; x_wconf 79' lang='grc' dir='ltr'>οὕτως</span> <span class='ocrx_word' id='word_1_786' title='bbox 519 5284 580 5338; x_wconf 86' lang='grc' dir='ltr'><strong>τὸ</strong></span> <span class='ocrx_word' id='word_1_787' title='bbox 612 5283 732 5338; x_wconf 84' lang='grc' dir='ltr'>καθ’</span> <span class='ocrx_word' id='word_1_788' title='bbox 768 5284 915 5354; x_wconf 84' lang='grc' dir='ltr'>ἡμᾶς</span> <span class='ocrx_word' id='word_1_789' title='bbox 964 5281 1115 5350; x_wconf 76' lang='grc' dir='ltr'>ἆγιον</span> <span class='ocrx_word' id='word_1_790' title='bbox 1147 5278 1341 5354; x_wconf 85' lang='grc' dir='ltr'>Πάσχα</span> <span class='ocrx_word' id='word_1_791' title='bbox 1368 5278 1436 5347; x_wconf 83' lang='grc' dir='ltr'>τῇ</span> <span class='ocrx_word' id='word_1_792' title='bbox 1478 5272 1542 5338; x_wconf 77' lang='grc' dir='ltr'><strong>ιζ’</strong></span> <span class='ocrx_word' id='word_1_793' title='bbox 1575 5271 1668 5327; x_wconf 80' lang='grc' dir='ltr'>τοῦ</span> <span class='ocrx_word' id='word_1_794' title='bbox 1707 5273 1897 5324; x_wconf 76' lang='grc' dir='ltr'>Ἄποι-</span> 
     </span>
    </p>
   </div>
   <div class='ocr_carea' id='block_1_101' title="bbox 328 5348 1253 5448">
    <p class='ocr_par' dir='ltr' id='par_1_101' title="bbox 328 5348 1253 5448">
     <span class='ocr_line' id='line_1_110' title="bbox 328 5348 1253 5448; baseline -0.013 -20"><span class='ocrx_word' id='word_1_795' title='bbox 328 5376 443 5429; x_wconf 88' lang='grc' dir='ltr'>λίου</span> <span class='ocrx_word' id='word_1_796' title='bbox 473 5375 750 5448; x_wconf 85' lang='grc' dir='ltr'>ἐσόμενον.</span> <span class='ocrx_word' id='word_1_797' title='bbox 789 5348 820 5354; x_wconf 45' lang='grc' dir='ltr'><strong>Π</strong></span> <span class='ocrx_word' id='word_1_798' title='bbox 1014 5348 1020 5350; x_wconf 14' lang='grc' dir='ltr'><strong>Ἴ</strong></span> <span class='ocrx_word' id='word_1_799' title='bbox 1245 5348 1253 5377; x_wconf 80' lang='grc'>¹</span> 
     </span>
    </p>
   </div>
   <div class='ocr_carea' id='block_1_102' title="bbox 572 5480 1663 5560">
    <p class='ocr_par' dir='ltr' id='par_1_102' title="bbox 572 5480 1663 5560">
     <span class='ocr_line' id='line_1_111' title="bbox 572 5480 1663 5560; baseline -0.012 -15"><span class='ocrx_word' id='word_1_800' title='bbox 572 5490 710 5560; x_wconf 73' lang='grc' dir='ltr'>Περὶ</span> <span class='ocrx_word' id='word_1_801' title='bbox 752 5488 864 5556; x_wconf 83' lang='grc' dir='ltr'>τῆς</span> <span class='ocrx_word' id='word_1_802' title='bbox 910 5486 1204 5556; x_wconf 78' lang='grc' dir='ltr'>εὑρέσεως</span> <span class='ocrx_word' id='word_1_803' title='bbox 1231 5483 1340 5552; x_wconf 66' lang='grc' dir='ltr'>τῆς</span> <span class='ocrx_word' id='word_1_804' title='bbox 1369 5480 1663 5549; x_wconf 79' lang='grc' dir='ltr'>ἁπόκρεω.</span> 
     </span>
    </p>
   </div>
   <div class='ocr_carea' id='block_1_103' title="bbox 405 5580 1899 5671">
    <p class='ocr_par' dir='ltr' id='par_1_103' title="bbox 405 5580 1899 5671">
     <span class='ocr_line' id='line_1_112' title="bbox 405 5580 1899 5671; baseline -0.011 -14"><span class='ocrx_word' id='word_1_805' title='bbox 405 5607 503 5658; x_wconf 84' lang='lat' dir='ltr'><strong>lB’.</strong></span> <span class='ocrx_word' id='word_1_806' title='bbox 523 5604 678 5659; x_wconf 79' lang='grc' dir='ltr'>Μετὰ</span> <span class='ocrx_word' id='word_1_807' title='bbox 702 5604 759 5656; x_wconf 82' lang='grc' dir='ltr'>δὲ</span> <span class='ocrx_word' id='word_1_808' title='bbox 780 5603 840 5656; x_wconf 76' lang='grc' dir='ltr'>τὸ</span> <span class='ocrx_word' id='word_1_809' title='bbox 857 5603 1041 5656; x_wconf 85' lang='grc' dir='ltr'>λαϐεῖν</span> <span class='ocrx_word' id='word_1_810' title='bbox 1064 5599 1163 5671; x_wconf 88' lang='grc' dir='ltr'>τὴν</span> <span class='ocrx_word' id='word_1_811' title='bbox 1189 5597 1286 5651; x_wconf 77' lang='grc' dir='ltr'><strong>τοῦ</strong></span> <span class='ocrx_word' id='word_1_812' title='bbox 1321 5595 1486 5669; x_wconf 82' lang='grc' dir='ltr'>μηνὸς</span> <span class='ocrx_word' id='word_1_813' title='bbox 1517 5593 1754 5666; x_wconf 78' lang='grc' dir='ltr'>ἡμέραν,</span> <span class='ocrx_word' id='word_1_814' title='bbox 1780 5591 1835 5642; x_wconf 88' lang='grc' dir='ltr'><strong>ἐν</strong></span> 
     </span>
    </p>
   </div>
   <div class='ocr_carea' id='block_1_104' title="bbox 335 5678 1900 5765">
    <p class='ocr_par' dir='ltr' id='par_1_104' title="bbox 335 5678 1900 5765">
     <span class='ocr_line' id='line_1_113' title="bbox 335 5678 1900 5765; baseline -0.013 -14"><span class='ocrx_word' id='word_1_815' title='bbox 335 5693 396 5749; x_wconf 66' lang='grc' dir='ltr'>τὸ</span> <span class='ocrx_word' id='word_1_816' title='bbox 424 5697 572 5765; x_wconf 76' lang='grc' dir='ltr'>ἅγιον</span> <span class='ocrx_word' id='word_1_817' title='bbox 603 5696 794 5765; x_wconf 88' lang='grc' dir='ltr'>Πάσχα</span> <span class='ocrx_word' id='word_1_818' title='bbox 834 5693 1153 5764; x_wconf 82' lang='grc' dir='ltr'>συμπίπτει,</span> <span class='ocrx_word' id='word_1_819' title='bbox 1190 5688 1568 5763; x_wconf 85' lang='grc' dir='ltr'>προστιθέντες</span> <span class='ocrx_word' id='word_1_820' title='bbox 1607 5683 1744 5752; x_wconf 77' lang='grc' dir='ltr'>αὐτῇ</span> <span class='ocrx_word' id='word_1_821' title='bbox 1769 5678 1900 5750; x_wconf 83' lang='grc' dir='ltr'>ἡμέ-</span> 
     </span>
    </p>
   </div>
   <div class='ocr_carea' id='block_1_105' title="bbox 335 5772 1900 5860">
    <p class='ocr_par' dir='ltr' id='par_1_105' title="bbox 335 5772 1900 5860">
     <span class='ocr_line' id='line_1_114' title="bbox 335 5772 1900 5860; baseline -0.01 -20"><span class='ocrx_word' id='word_1_822' title='bbox 335 5801 437 5857; x_wconf 79' lang='grc' dir='ltr'><strong>ρας</strong></span> <span class='ocrx_word' id='word_1_823' title='bbox 467 5790 631 5860; x_wconf 83' lang='grc' dir='ltr'>τρεῖς,</span> <span class='ocrx_word' id='word_1_824' title='bbox 685 5786 926 5856; x_wconf 78' lang='grc' dir='ltr'>βισέξτου</span> <span class='ocrx_word' id='word_1_825' title='bbox 964 5785 1020 5839; x_wconf 76' lang='grc' dir='ltr'>δὲ</span> <span class='ocrx_word' id='word_1_826' title='bbox 1053 5785 1204 5847; x_wconf 80' lang='grc' dir='ltr'>ὄντος</span> <span class='ocrx_word' id='word_1_827' title='bbox 1231 5783 1292 5848; x_wconf 81' lang='grc' dir='ltr'>δ’,</span> <span class='ocrx_word' id='word_1_828' title='bbox 1327 5780 1653 5852; x_wconf 83' lang='grc' dir='ltr'>εὑρίσκομεν</span> <span class='ocrx_word' id='word_1_829' title='bbox 1681 5774 1774 5829; x_wconf 67' lang='grc' dir='ltr'>καὶ</span> <span class='ocrx_word' id='word_1_830' title='bbox 1803 5772 1900 5843; x_wconf 78' lang='grc' dir='ltr'>τὴν</span> 
     </span>
    </p>
   </div>
   <div class='ocr_carea' id='block_1_106' title="bbox 1991 4591 3560 4696">
    <p class='ocr_par' dir='ltr' id='par_1_106' title="bbox 1991 4591 3560 4696">
     <span class='ocr_line' id='line_1_115' title="bbox 1996 4591 2657 4612; baseline -0.029 4"><span class='ocrx_word' id='word_1_831' title='bbox 1996 4591 2049 4612; x_wconf 76' lang='lat' dir='ltr'>r&#39;</span> <span class='ocrx_word' id='word_1_832' title='bbox 2064 4591 2102 4594; x_wconf 68' lang='lat'><strong>“</strong></span> <span class='ocrx_word' id='word_1_833' title='bbox 2119 4591 2125 4592; x_wconf 63' lang='grc'><strong><em>⁷</em></strong></span> <span class='ocrx_word' id='word_1_834' title='bbox 2142 4591 2157 4593; x_wconf 65' lang='grc'>⁷</span> <span class='ocrx_word' id='word_1_835' title='bbox 2643 4591 2657 4597; x_wconf 84' lang='grc'><strong><em>-</em></strong></span> 
     </span>
     <span class='ocr_line' id='line_1_116' title="bbox 1991 4591 3560 4696; baseline -0.029 -6"><span class='ocrx_word' id='word_1_836' title='bbox 1991 4633 2112 4688; x_wconf 90' lang='lat' dir='ltr'><strong>dies</strong></span> <span class='ocrx_word' id='word_1_837' title='bbox 2126 4649 2190 4696; x_wconf 10' lang='lat' dir='ltr'><strong>tv,</strong></span> <span class='ocrx_word' id='word_1_838' title='bbox 2214 4639 2428 4685; x_wconf 78' lang='lat' dir='ltr'><strong>summa</strong></span> <span class='ocrx_word' id='word_1_839' title='bbox 2459 4621 2697 4678; x_wconf 78' lang='lat' dir='ltr'><strong>conﬂata</strong></span> <span class='ocrx_word' id='word_1_840' title='bbox 2721 4617 2932 4670; x_wconf 87' lang='lat' dir='ltr'><strong>dierum</strong></span> <span class='ocrx_word' id='word_1_841' title='bbox 2949 4621 3133 4669; x_wconf 62' lang='grc' dir='ltr'>χχιιι,</span> <span class='ocrx_word' id='word_1_842' title='bbox 3166 4601 3212 4658; x_wconf 91' lang='lat' dir='ltr'><strong>si</strong></span> <span class='ocrx_word' id='word_1_843' title='bbox 3250 4613 3346 4669; x_wconf 89' lang='lat' dir='ltr'><strong>per</strong></span> <span class='ocrx_word' id='word_1_844' title='bbox 3371 4610 3448 4651; x_wconf 85' lang='lat' dir='ltr'><strong>vn</strong></span> <span class='ocrx_word' id='word_1_845' title='bbox 3475 4591 3560 4647; x_wconf 86' lang='lat' dir='ltr'><strong>di-</strong></span> 
     </span>
    </p>
   </div>
   <div class='ocr_carea' id='block_1_107' title="bbox 1993 4687 3557 4788">
    <p class='ocr_par' dir='ltr' id='par_1_107' title="bbox 1993 4687 3557 4788">
     <span class='ocr_line' id='line_1_117' title="bbox 1993 4687 3557 4788; baseline -0.029 -7"><span class='ocrx_word' id='word_1_846' title='bbox 1993 4725 2233 4788; x_wconf 80' lang='lat' dir='ltr'><strong>vidatur,</strong></span> <span class='ocrx_word' id='word_1_847' title='bbox 2262 4719 2533 4788; x_wconf 89' lang='lat' dir='ltr'><strong>reliquam</strong></span> <span class='ocrx_word' id='word_1_848' title='bbox 2564 4711 2726 4766; x_wconf 76' lang='lat' dir='ltr'><strong>faciet</strong></span> <span class='ocrx_word' id='word_1_849' title='bbox 2752 4705 2895 4761; x_wconf 90' lang='lat' dir='ltr'><strong>diem</strong></span> <span class='ocrx_word' id='word_1_850' title='bbox 2913 4719 2952 4764; x_wconf 87' lang='grc' dir='ltr'><strong>ι,</strong></span> <span class='ocrx_word' id='word_1_851' title='bbox 2971 4700 3075 4753; x_wconf 87' lang='lat' dir='ltr'><strong>hoc</strong></span> <span class='ocrx_word' id='word_1_852' title='bbox 3095 4704 3180 4751; x_wconf 90' lang='lat' dir='ltr'><strong>est</strong></span> <span class='ocrx_word' id='word_1_853' title='bbox 3201 4687 3557 4746; x_wconf 83' lang='lat' dir='ltr'><strong>Dominicam,</strong></span> 
     </span>
    </p>
   </div>
   <div class='ocr_carea' id='block_1_108' title="bbox 1995 4781 3585 4884">
    <p class='ocr_par' dir='ltr' id='par_1_108' title="bbox 1995 4781 3585 4884">
     <span class='ocr_line' id='line_1_118' title="bbox 1995 4781 3585 4884; baseline -0.03 -14"><span class='ocrx_word' id='word_1_854' title='bbox 1995 4815 2052 4870; x_wconf 92' lang='lat' dir='ltr'><strong>in</strong></span> <span class='ocrx_word' id='word_1_855' title='bbox 2077 4827 2242 4884; x_wconf 92' lang='lat' dir='ltr'><strong>quam</strong></span> <span class='ocrx_word' id='word_1_856' title='bbox 2271 4781 2476 4880; x_wconf 76' lang='lat' dir='ltr'><strong>Aprilis</strong></span> <span class='ocrx_word' id='word_1_857' title='bbox 2505 4821 2539 4858; x_wconf 71' lang='grc' dir='ltr'><strong>κ</strong></span> <span class='ocrx_word' id='word_1_858' title='bbox 2569 4797 2878 4856; x_wconf 89' lang='lat' dir='ltr'><strong>conveniet.</strong></span> <span class='ocrx_word' id='word_1_859' title='bbox 2897 4789 2977 4845; x_wconf 85' lang='lat' dir='ltr'><strong>Ad</strong></span> <span class='ocrx_word' id='word_1_860' title='bbox 2994 4788 3138 4842; x_wconf 89' lang='lat' dir='ltr'><strong>hanc</strong></span> <span class='ocrx_word' id='word_1_861' title='bbox 3168 4794 3359 4837; x_wconf 88' lang='lat' dir='ltr'><strong>rursus</strong></span> <span class='ocrx_word' id='word_1_862' title='bbox 3388 4781 3585 4835; x_wconf 26' lang='lat' dir='ltr'><strong>totam,</strong></span> 
     </span>
    </p>
   </div>
   <div class='ocr_carea' id='block_1_109' title="bbox 1997 4865 3559 4966">
    <p class='ocr_par' dir='ltr' id='par_1_109' title="bbox 1997 4865 3559 4966">
     <span class='ocr_line' id='line_1_119' title="bbox 1997 4865 3559 4966; baseline -0.028 -4"><span class='ocrx_word' id='word_1_863' title='bbox 1997 4865 2338 4960; x_wconf 48' lang='lat' dir='ltr'><strong>addentibus.</strong></span> <span class='ocrx_word' id='word_1_864' title='bbox 2387 4899 2767 4966; x_wconf 86' lang='lat' dir='ltr'><strong>insequentem</strong></span> <span class='ocrx_word' id='word_1_865' title='bbox 2825 4879 3216 4940; x_wconf 86' lang='lat' dir='ltr'><strong>hebdomadem</strong></span> <span class='ocrx_word' id='word_1_866' title='bbox 3266 4883 3441 4940; x_wconf 91' lang='lat' dir='ltr'><strong>usque</strong></span> <span class='ocrx_word' id='word_1_867' title='bbox 3493 4865 3559 4919; x_wconf 89' lang='lat' dir='ltr'><strong>ad</strong></span> 
     </span>
    </p>
   </div>
   <div class='ocr_carea' id='block_1_110' title="bbox 1996 4960 3560 5066">
    <p class='ocr_par' dir='ltr' id='par_1_110' title="bbox 1996 4960 3560 5066">
     <span class='ocr_line' id='line_1_120' title="bbox 1996 4960 3560 5066; baseline -0.029 -14"><span class='ocrx_word' id='word_1_868' title='bbox 1996 4994 2244 5066; x_wconf 80' lang='lat' dir='ltr'><strong>proxime</strong></span> <span class='ocrx_word' id='word_1_869' title='bbox 2272 4996 2589 5060; x_wconf 84' lang='lat' dir='ltr'><strong>sequentem</strong></span> <span class='ocrx_word' id='word_1_870' title='bbox 2623 4975 2985 5038; x_wconf 86' lang='lat' dir='ltr'><strong>Dominicam,</strong></span> <span class='ocrx_word' id='word_1_871' title='bbox 3021 4980 3144 5039; x_wconf 77' lang='lat' dir='ltr'><strong>quae</strong></span> <span class='ocrx_word' id='word_1_872' title='bbox 3177 4971 3306 5020; x_wconf 90' lang='lat' dir='ltr'><strong>sunt</strong></span> <span class='ocrx_word' id='word_1_873' title='bbox 3331 4960 3560 5018; x_wconf 77' lang='lat' dir='ltr'><strong>diesvu,</strong></span> 
     </span>
    </p>
   </div>
   <div class='ocr_carea' id='block_1_111' title="bbox 1998 5051 3564 5140">
    <p class='ocr_par' dir='ltr' id='par_1_111' title="bbox 1998 5051 3564 5140">
     <span class='ocr_line' id='line_1_121' title="bbox 1998 5051 3564 5140; baseline -0.024 -1"><span class='ocrx_word' id='word_1_874' title='bbox 1998 5084 2371 5140; x_wconf 80' lang='lat' dir='ltr'><strong>Christianum</strong></span> <span class='ocrx_word' id='word_1_875' title='bbox 2403 5075 2616 5132; x_wconf 85' lang='lat' dir='ltr'><strong>Pascha</strong></span> <span class='ocrx_word' id='word_1_876' title='bbox 2650 5070 2809 5126; x_wconf 90' lang='lat' dir='ltr'><strong>nobis</strong></span> <span class='ocrx_word' id='word_1_877' title='bbox 2852 5071 3131 5125; x_wconf 87' lang='lat' dir='ltr'><strong>occurret,</strong></span> <span class='ocrx_word' id='word_1_878' title='bbox 3174 5051 3564 5126; x_wconf 70' lang='lat' dir='ltr'><strong>quodAprilis</strong></span> 
     </span>
    </p>
   </div>
   <div class='ocr_carea' id='block_1_112' title="bbox 2001 5175 2448 5245">
    <p class='ocr_par' dir='ltr' id='par_1_112' title="bbox 2001 5175 2448 5245">
     <span class='ocr_line' id='line_1_122' title="bbox 2001 5175 2448 5245; baseline -0.018 -11"><span class='ocrx_word' id='word_1_879' title='bbox 2001 5194 2116 5234; x_wconf 80' lang='lat' dir='ltr'><strong>xvu</strong></span> <span class='ocrx_word' id='word_1_880' title='bbox 2147 5175 2448 5245; x_wconf 77' lang='lat' dir='ltr'><strong>continget.</strong></span> 
     </span>
    </p>
   </div>
   <div class='ocr_carea' id='block_1_113' title="bbox 2002 5435 3566 5528">
    <p class='ocr_par' dir='ltr' id='par_1_113' title="bbox 2002 5435 3566 5528">
     <span class='ocr_line' id='line_1_123' title="bbox 2002 5435 3566 5528; baseline -0.024 -4"><span class='ocrx_word' id='word_1_881' title='bbox 2002 5469 2079 5524; x_wconf 81' lang='lat' dir='ltr'><strong>De</strong></span> <span class='ocrx_word' id='word_1_882' title='bbox 2105 5465 2330 5521; x_wconf 76' lang='lat' dir='ltr'><strong>introitu</strong></span> <span class='ocrx_word' id='word_1_883' title='bbox 2367 5459 2511 5516; x_wconf 72' lang='lat' dir='ltr'><strong>sacri</strong></span> <span class='ocrx_word' id='word_1_884' title='bbox 2535 5454 2762 5528; x_wconf 76' lang='lat' dir='ltr'><strong>jejunii,</strong></span> <span class='ocrx_word' id='word_1_885' title='bbox 2791 5458 2841 5506; x_wconf 76' lang='lat' dir='ltr'><strong>et</strong></span> <span class='ocrx_word' id='word_1_886' title='bbox 2883 5443 3215 5503; x_wconf 73' lang='lat' dir='ltr'><strong>abstinentia:</strong></span> <span class='ocrx_word' id='word_1_887' title='bbox 3238 5457 3271 5494; x_wconf 91' lang='lat' dir='ltr'><strong>a</strong></span> <span class='ocrx_word' id='word_1_888' title='bbox 3295 5435 3566 5493; x_wconf 78' lang='lat' dir='ltr'><strong>carnibus.</strong></span> 
     </span>
    </p>
   </div>
   <div class='ocr_carea' id='block_1_114' title="bbox 2073 5553 3572 5637">
    <p class='ocr_par' dir='ltr' id='par_1_114' title="bbox 2073 5553 3572 5637">
     <span class='ocr_line' id='line_1_124' title="bbox 2073 5553 3572 5637; baseline -0.025 1"><span class='ocrx_word' id='word_1_889' title='bbox 2073 5583 2191 5637; x_wconf 83' lang='lat' dir='ltr'><strong>XII.</strong></span> <span class='ocrx_word' id='word_1_890' title='bbox 2230 5580 2459 5634; x_wconf 82' lang='lat' dir='ltr'><strong>inventa</strong></span> <span class='ocrx_word' id='word_1_891' title='bbox 2489 5573 2578 5628; x_wconf 89' lang='lat' dir='ltr'><strong>die</strong></span> <span class='ocrx_word' id='word_1_892' title='bbox 2609 5567 2838 5631; x_wconf 86' lang='lat' dir='ltr'><strong>mensis,</strong></span> <span class='ocrx_word' id='word_1_893' title='bbox 2890 5564 2946 5618; x_wconf 92' lang='lat' dir='ltr'><strong>in</strong></span> <span class='ocrx_word' id='word_1_894' title='bbox 2980 5576 3141 5634; x_wconf 88' lang='lat' dir='ltr'><strong>quam</strong></span> <span class='ocrx_word' id='word_1_895' title='bbox 3179 5553 3389 5610; x_wconf 89' lang='lat' dir='ltr'><strong>Pascha</strong></span> <span class='ocrx_word' id='word_1_896' title='bbox 3441 5565 3572 5604; x_wconf 83' lang='lat' dir='ltr'><strong>san-</strong></span> 
     </span>
    </p>
   </div>
   <div class='ocr_carea' id='block_1_115' title="bbox 2005 5639 3570 5736">
    <p class='ocr_par' dir='ltr' id='par_1_115' title="bbox 2005 5639 3570 5736">
     <span class='ocr_line' id='line_1_125' title="bbox 2005 5639 3570 5736; baseline -0.026 -4"><span class='ocrx_word' id='word_1_897' title='bbox 2005 5687 2151 5736; x_wconf 84' lang='lat' dir='ltr'><strong>ctum</strong></span> <span class='ocrx_word' id='word_1_898' title='bbox 2183 5671 2407 5733; x_wconf 88' lang='lat' dir='ltr'><strong>incidit,</strong></span> <span class='ocrx_word' id='word_1_899' title='bbox 2443 5677 2554 5728; x_wconf 88' lang='lat' dir='ltr'><strong>tres</strong></span> <span class='ocrx_word' id='word_1_900' title='bbox 2589 5663 2654 5716; x_wconf 86' lang='lat' dir='ltr'><strong>ad</strong></span> <span class='ocrx_word' id='word_1_901' title='bbox 2690 5661 2836 5714; x_wconf 88' lang='lat' dir='ltr'><strong>illam</strong></span> <span class='ocrx_word' id='word_1_902' title='bbox 2875 5656 2992 5710; x_wconf 90' lang='lat' dir='ltr'><strong>dies</strong></span> <span class='ocrx_word' id='word_1_903' title='bbox 3023 5651 3304 5710; x_wconf 88' lang='lat' dir='ltr'><strong>addimus;</strong></span> <span class='ocrx_word' id='word_1_904' title='bbox 3333 5639 3570 5698; x_wconf 77' lang='lat' dir='ltr'><strong>bisextili</strong></span> 
     </span>
    </p>
   </div>
   <div class='ocr_carea' id='block_1_116' title="bbox 2007 5738 3576 5829">
    <p class='ocr_par' dir='ltr' id='par_1_116' title="bbox 2007 5738 3576 5829">
     <span class='ocr_line' id='line_1_126' title="bbox 2007 5738 3576 5829; baseline -0.027 0"><span class='ocrx_word' id='word_1_905' title='bbox 2007 5787 2134 5829; x_wconf 86' lang='lat' dir='ltr'><strong>vero</strong></span> <span class='ocrx_word' id='word_1_906' title='bbox 2163 5782 2326 5824; x_wconf 89' lang='lat' dir='ltr'><strong>anno.</strong></span> <span class='ocrx_word' id='word_1_907' title='bbox 2364 5781 2435 5820; x_wconf 77' lang='grc' dir='ltr'>ιν.</span> <span class='ocrx_word' id='word_1_908' title='bbox 2458 5761 2556 5825; x_wconf 89' lang='lat' dir='ltr'><strong>Ita,</strong></span> <span class='ocrx_word' id='word_1_909' title='bbox 2595 5751 2841 5812; x_wconf 80' lang='lat' dir='ltr'><strong>Januarii</strong></span> <span class='ocrx_word' id='word_1_910' title='bbox 2890 5749 2973 5805; x_wconf 82' lang='lat' dir='ltr'><strong>vel</strong></span> <span class='ocrx_word' id='word_1_911' title='bbox 3009 5741 3290 5802; x_wconf 80' lang='lat' dir='ltr'><strong>Februarii</strong></span> <span class='ocrx_word' id='word_1_912' title='bbox 3319 5738 3463 5794; x_wconf 89' lang='lat' dir='ltr'><strong>diem</strong></span> <span class='ocrx_word' id='word_1_913' title='bbox 3485 5747 3576 5788; x_wconf 77' lang='lat' dir='ltr'><strong>ro-</strong></span> 
     </span>
    </p>
   </div>
  </div>
