3948 6264
423 300 435 307 ‘
450 287 592 345 {303

1430 288 1523 345 AD
1562 289 1832 347 EUSEBil
1869 292 2264 351 CHltONlCON
2304 294 2668 353 APPENDIX.

3555 301 3687 356 15οι

446 410 713 485 perimus,
741 424 851 481 quo
880 424 1025 465 anno
1068 408 1163 464 illo
1212 408 1494 465 Dominica
1535 410 1711 481 prima
1756 411 2007 468 introitus

2120 413 2241 467 κατ’
2291 416 2467 468 ἐκεῖνο
2511 416 2575 470 τὸ
2625 416 2743 481 ἔτος
2781 414 3057 489 άπόκρεω,
3085 417 3143 471 ἐν
3172 418 3297 492 ποία
3320 420 3508 494 ἡμέρᾳ
3544 420 3685 477 ἔσται

441 507 776 579 jejuniorum
803 502 1035 561 accidet.
1063 502 1198 557 Nam
1231 502 1280 559 si
1306 500 1514 559 Pascha
1554 503 1610 557 in
1634 502 1875 588 Aprilem
1916 519 2009 558 ea.

445 599 548 666 dit,
577 597 1010 668 Carnisprivium
1059 595 1355 653 Februario
1394 596 1703 666 continget;
1742 597 1827 651 sin
1862 595 2009 651 Mar-

446 692 582 748 tium
614 691 884 756 obtineat,
917 705 1090 760 usque
1129 689 1197 743 ad
1245 705 1417 744 xxvm
1462 690 1514 743 in
1553 689 1795 744 bisextili
1842 704 2008 753 anno,

446 784 531 838 vel
563 798 692 839 nix
731 782 876 837 diem
898 824 912 847 ,
952 783 1007 837 iu
1038 782 1338 847 communi,
1362 780 1795 855 Carnisprivnum
1833 782 1888 838 in
1921 782 2012 837 Ia—

446 877 702 931 nuarium
726 883 1018 945 competet.
1048 872 1183 928 Nam
1213 874 1258 929 si
1304 871 1477 929 Martii
1510 889 1702 940 xxvm,
1736 881 1829 928 aut
1861 890 2008 938 ms.

447 974 543 1023 aut
573 984 703 1033 xxx,
735 975 831 1021 aut
861 983 989 1022 sui
1020 965 1239 1029 Pascha
1273 965 1386 1030 ﬁat,
1418 966 1859 1036 Carnisprivium
1908 967 2012 1021 erit

447 1061 507 1116 in
532 1057 850 1114 Februario.
881 1059 953 1115 Ut
986 1059 1042 1113 in
1067 1059 1315 1129 exemplo
1338 1058 1466 1112 anni
1505 1059 1749 1128 proxime
1779 1074 2013 1129 sequen-

446 1152 519 1208 tis
537 1152 884 1224 perspicuum
909 1150 1035 1205 erit.
1073 1149 1208 1206 Cum
1240 1151 1386 1205 enim
1413 1150 1615 1219 Aprilis
1648 1165 1783 1216 xvu,
1819 1150 1898 1204 uti
1928 1149 2014 1204 di-

446 1252 596 1301 ctum
629 1252 734 1309 est,
776 1241 987 1298 Pascha
1038 1244 1110 1297 sit
1150 1241 1430 1309 futurum;
1465 1243 1513 1298 si
1561 1242 1798 1298 triduum
1840 1241 1908 1297 ad
1956 1241 2012 1297 id

446 1339 671 1395 accedat
718 1339 848 1412 (non
886 1339 1030 1395 enim
1072 1339 1340 1394 bisextilis
1377 1337 1465 1393 hic
1499 1353 1675 1394 annus
1712 1336 1837 1410 est),
1892 1336 2011 1392 dies

446 1433 564 1497 ille,
597 1433 689 1503 qui
734 1432 991 1489 residuus
1035 1432 1162 1500 erit,
1212 1430 1500 1489 Februarii
1532 1430 1844 1495 vicesimus,
1879 1428 2013 1485 Car-

446 1524 775 1595 nisprivium
810 1523 1107 1578 exhibebit.

606 1636 893 1694 lethodus
929 1638 1037 1692 alia
1069 1636 1353 1692 Paschalis
1380 1645 1431 1692 et
1463 1635 1831 1707 Carnisprivii.

2114 506 2209 560 τοῦ
2276 507 2603 581 Ἰανουαρίου
2649 508 2683 580 ἢ
2731 508 2825 561 τοῦ
2877 509 3266 583 Φεϐρουαρίου.
3315 513 3403 565 Ἐν
3451 513 3552 582 μὲν
3587 514 3689 582 γὰρ

2127 598 2383 669 Ἀπριλίῳ
2429 598 2525 652 τοῦ
2571 601 2761 670 Πάσχα
2810 600 2980 667 ὄντος,
3029 603 3062 673 ή
3097 603 3387 675 ἀπόκρεως
3428 603 3587 657 ἔσται
3634 607 3690 657 ἐν

2110 688 2476 760 Φεϐρουαρίῳ·
2508 691 2564 742 ἐν
2600 689 2656 743 δὲ
2680 690 2908 761 Μαρτίῳ
2934 691 3060 762 ἄχρι
3094 693 3193 763 τῆς
3227 694 3312 764 κη’
3349 696 3407 747 ἐν
3442 693 3687 763 βισέξτῳ,

2110 780 2145 850 ἢ
2196 780 2295 850 τῆς
2341 779 2420 833 κθ¹
2478 781 2537 834 ἐν
2580 781 2639 832 οὺ
2697 779 2919 851 βισέξτῳ
2946 821 2963 846 ,
3024 783 3057 851 ἡ
3117 782 3404 851 ἁπόκρεως
3467 786 3527 836 ἐν
3590 784 3686 835 Ἰα-

2112 867 2344 941 νουαρίῳ
2389 868 2559 924 ἔσται.
2618 869 2704 922 Ἐν
2732 869 2838 940 γὰρ
2882 872 2947 941 τῇ
2995 871 3080 942 κη’
3103 870 3198 924 τοῦ
3227 872 3496 943 Μαρτίου,
3545 872 3580 943 ἢ
3628 876 3689 944 τῇ

2112 957 2213 1023 κθ’,
2268 958 2302 1029 ἢ
2348 961 2413 1031 τῇ
2463 959 2529 1024 λ’,
2580 959 2715 1031 ῆτῇ
2757 958 2839 1013 λα’
2890 961 3289 1031 συμπίπτοντος
3329 962 3424 1016 τοῦ
3478 963 3688 1033 Πάσχα,

2112 1049 2146 1119 ἡ
2201 1048 2485 1119 ἀπόκρεως
2535 1051 2594 1103 ἐν
2637 1048 2984 1120 Φεϐρουαρίῳ
3034 1047 3215 1102 ἔσται’
3276 1050 3353 1113 ὼς
3414 1051 3508 1103 ἐπὶ
3566 1051 3691 1103 ὑπο-

2110 1139 2397 1212 δείγματος
2459 1139 2551 1193 τοῦ
2626 1139 2918 1212 ἐρχομένου
2968 1140 3064 1193 σὺν
3118 1140 3237 1211 Θεῷ
3299 1142 3493 1211 Πάσχα
3543 1140 3689 1196 ἔσται

2114 1232 2363 1305 φανερόν.
2427 1233 2580 1286 Ἐπεὶ
2639 1231 2747 1304 γὰρ
2790 1234 2856 1304 τῇ
2908 1230 2973 1296 ιζ’
3027 1231 3177 1286 ἔσται
3232 1232 3326 1286 τοῦ
3389 1234 3687 1305 Ἀπριλίου,

2110 1324 2186 1388 ὡς
2224 1324 2429 1378 ἄνωθεν
2481 1324 2718 1396 εἴρηται,
2749 1322 2923 1396 ταύτῃ
2972 1324 3300 1395 προσθέντες
3345 1325 3394 1394 γ’
3444 1327 3527 1397 (οὐ
3584 1327 3688 1398 γάρ

2112 1418 2227 1473 ἐστι
2254 1416 2315 1470 τὸ
2343 1415 2514 1487 παρὸν
2559 1415 2676 1479 ἐτος
2713 1414 2995 1485 βίσεξτον),
3030 1416 3132 1480 τὰς
3176 1417 3478 1489 γενομένας
3518 1426 3568 1470 κ’
3597 1418 3686 1473 τοῦ

2110 1508 2475 1582 Φεϐρουαρίου
2504 1508 2603 1581 τὴν
2635 1509 2893 1580 ἀπόκρεω
2921 1508 3136 1580 ἕξομεν.

2121 1620 2323 1690 Ἑτέρα
2340 1618 2595 1692 μέθοδος
2614 1621 2746 1690 περὶ
2776 1621 2888 1690 τῆς
2913 1622 3182 1691 ἁπόκρεω
3211 1621 3438 1677 καὶτοῦ
3455 1621 3687 1690 Πάσχα.

511 1750 652 1807 Xlll.
690 1751 949 1822 Exposita
977 1760 1060 1806 est
1106 1750 1375 1805 hactenus
1408 1749 1702 1806 methodus
1739 1749 1853 1818 illa,
1892 1764 2007 1820 quae

2186 1733 2283 1790 II".
2304 1734 2414 1788 Καὶ
2447 1732 2583 1805 αὕτη
2616 1734 2717 1805 μὲν
2747 1735 2962 1806 ἡμέχρι
2989 1736 3022 1805 ἡ
3032 1733 3149 1805 μῶν
3175 1734 3431 1804 φθάσασα
3472 1734 3691 1804 μέθοδος

443 1860 474 1901 a
501 1843 800 1917 majoribus
833 1853 1080 1917 accepta,
1105 1844 1173 1899 ad
1220 1860 1322 1900 nos
1357 1858 1532 1914 usque
1582 1853 1878 1915 propagata
1905 1851 2010 1899 est.

440 1938 630 1991 Altera
657 1952 806 1999 vero,
840 1951 1003 2007 quam
1042 1934 1474 2004 exeogitavimus
1512 1937 1647 2005 ipsi,
1687 1936 1900 1990 ratione
1950 1949 2015 1989 ac

443 2026 913 2085 demonstratione
948 2035 1316 2091 constantem,
1342 2042 1617 2098 quamque
1651 2042 1752 2083 nos
1776 2027 2015 2097 explica-

442 2128 601 2177 turos
628 2120 990 2187 ostendimus,
1033 2126 1119 2175 est
1146 2118 1439 2188 ejusmodi.
1470 2117 1743 2185 Quoniam
1775 2133 1807 2177 a
1834 2119 2013 2174 lunari

442 2209 611 2273 coitu,
637 2209 730 2281 qui
769 2208 1089 2265 Ianuarium
1117 2210 1431 2274 antecessit,
1456 2210 1524 2264 ad
1557 2210 1721 2280 hujus
1749 2211 1879 2266 anni
1916 2208 2015 2265 Iu-

443 2304 662 2359 daicum
696 2303 929 2372 Pascha,
961 2303 1106 2377 quod
1129 2303 1181 2358 in
1211 2303 1574 2374 plenilunium
1607 2304 1819 2371 incidit,
1856 2304 2014 2359 luna-

444 2407 535 2455 l‘es
564 2410 783 2451 menses
813 2395 1160 2451 intercedunt
1193 2403 1305 2451 tres
1334 2409 1458 2451 cum
1484 2394 1733 2464 dimidio,
1764 2395 1857 2466 qui
1895 2394 2012 2452 dies

444 2487 713 2558 enlligunt
741 2502 866 2555 cm;
903 2489 959 2543 in
1001 2489 1269 2544 laterculo
1309 2502 1438 2543 vero
1484 2485 1737 2543 Paschali
1782 2487 2013 2543 Iudaica

442 2578 713 2638 Paschata
748 2580 915 2637 biduo
944 2581 1249 2639 redundare
1286 2580 1539 2636 videntur
1573 2595 1736 2651 supra
1758 2587 2011 2636 exactum

441 2673 834 2747 plenilunium;
868 2673 1328 2745 quemadmodum
1368 2682 1555 2744 postea
1605 2673 2012 2730 demonstrabi-

452 2772 573 2833 tur;
624 2764 848 2820 biduum
883 2764 1031 2821 istud
1083 2764 1276 2822 diebus
1329 2765 1438 2821 illis
1480 2779 1578 2819 cm
1625 2766 1907 2831 addentes,
1943 2764 2013 2820 de

448 2870 660 2913 summa
702 2854 913 2912 dierum
958 2871 1023 2911 ον
1062 2856 1312 2912 deductis
1346 2856 1777 2927 quadragesima:
1815 2856 2010 2911 diebus

441 2962 632 3027 ιινιιι,
655 2962 779 3002 cum
835 2947 1032 3005 diebus
1070 2956 1277 3018 septem
1300 2948 1696 3021 Tymphagiﬁd
1721 2956 1824 3015 est,
1861 2966 1880 2999 ι
1918 2948 2012 3003 he-

449 3036 761 3104 bdomadis,
802 3040 856 3094 in
885 3055 991 3109 qua
1029 3055 1159 3095 esus
1192 3040 1339 3097 casei
1374 3041 1714 3103 conceditur,
1755 3060 1774 3092 ι
1811 3041 1854 3095 si
1879 3040 2008 3093 reli-

438 3143 578 3198 quos
610 3144 642 3185 L
660 3128 783 3193 dies
812 3145 843 3183 a
874 3131 1052 3185 lunari
1100 3130 1337 3202 synodo,
1373 3146 1495 3202 qua:
1533 3132 1778 3202 proxime
1810 3129 2007 3185 Ianua-

438 3220 581 3275 rium
613 3222 913 3289 praecessit,
941 3228 1340 3291 computemus,
1376 3222 1596 3293 planum
1627 3229 1713 3278 est
1736 3221 2006 3277 calculum

438 3321 691 3367 nostrum
720 3311 789 3366 ad
839 3313 1238 3371 hebdomadam
1283 3313 1643 3385 Carnisprivii
1683 3313 2004 3385 perductum

437 3403 529 3471 iri,
555 3404 662 3461 hoc
700 3414 785 3460 est
810 3420 842 3459 a
894 3405 1181 3461 Dominica
1214 3425 1233 3460 ι
1266 3406 1509 3478 Prodigi,
1543 3426 1562 3459 ι
1600 3408 1666 3463 ad
1707 3406 2007 3463 Sabbatnm

439 3504 566 3555 ante
581 3494 942 3567 Carnisprivii
962 3496 1322 3557 Dominicam.
1353 3498 1595 3570 Adjectis
1618 3499 1778 3573 203
1808 3499 2007 3556 deinde

436 3587 667 3659 reliquis
696 3588 765 3642 ad
793 3586 1133 3645 Dominicam
1164 3590 1389 3655 diebus,
1434 3590 1793 3661 Carnisprivii
1822 3589 2008 3649 Domi-

437 3678 618 3733 nicam
646 3694 1047 3750 assequemur:
1081 3682 1227 3737 unde
1252 3691 1307 3737 et
1331 3681 1543 3738 Pascha
1582 3682 1878 3738 constabit.
1899 3681 2007 3737 Ex-

435 3770 717 3840 periamur
754 3770 808 3825 in
866 3771 1116 3842 exemplo
1173 3773 1422 3842 proxime
1470 3772 1668 3828 futurae
1711 3772 2007 3830 Dominicaa

434 3859 815 3933 Carnisprivii.
831 3862 997 3935 Cyclo
1025 3863 1167 3919 lunas
1188 3880 1239 3918 νι
1264 3864 1487 3923 ineunte
1506 3862 1766 3920 Kalendis
1797 3861 2005 3919 Ianua-

438 3953 539 4010 riis
566 3962 770 4024 epacta:
810 3964 941 4011 sunt
975 3974 1048 4017 vr.
1090 3956 1231 4029 Ergo
1272 3973 1369 4014 sex
1406 3958 1602 4014 diebus
1640 3964 1767 4013 ante
1805 3956 2005 4013 Kalen-

435 4043 535 4100 das
562 4043 856 4107 Ianuarias
901 4048 1112 4105 lunaris
1170 4049 1390 4121 syzygia
1441 4048 1737 4104 commissa
1784 4057 1890 4105 est.
1922 4048 2007 4105 Ab

435 4134 539 4188 hac
577 4134 624 4189 si
654 4150 686 4199 ι,
715 4135 834 4191 dies
882 4139 1253 4208 explicemus,
1305 4154 1425 4210 qua;
1456 4137 1706 4194 conﬂata:
1756 4146 1887 4197 sunt
1935 4155 2005 4195 ex

433 4220 758 4283 Ianuarium
791 4229 1242 4287 antecedentibus
1275 4247 1350 4294 γι,
1381 4238 1437 4285 et
1482 4246 1609 4285 χχιι
1644 4228 1915 4296 Ianuarii,
1950 4240 2005 4288 et

433 4313 719 4374 Februarii
750 4336 851 4374 xm
903 4322 1053 4393 (nam
1091 4339 1283 4380 omnes
1313 4324 1433 4380 istae
1473 4324 1528 4378 in
1553 4339 1719 4378 unum
1758 4324 2005 4381 collecta:

432 4408 831 4482 quinquaginta
879 4413 1128 4484 faciunt),
1159 4415 1607 4486 quinquagesima
1653 4416 1770 4471 dies
1800 4416 1856 4470 in
1900 4431 2001 4473 xut
2033 4440 2078 4495 ι)

432 4497 719 4563 Februarii
752 4503 997 4573 desinet;
1027 4521 1190 4579 quam
1225 4506 1282 4563 in
1306 4506 1647 4562 Dominicam
1675 4506 1872 4563 cadere
1899 4507 1999 4563 de-

432 4593 858 4664 prehendemus,
890 4598 1143 4655 videlicet
1173 4601 1227 4656 in
1259 4616 1403 4665 eam,
1432 4616 1554 4672 qua:
1574 4599 1793 4672 Prodigi
1824 4601 2000 4657 nomi-

432 4692 618 4739 natur.
651 4685 732 4740 Ad
774 4684 1061 4742 Februarii
1090 4704 1189 4747 xm
1213 4689 1362 4757 dies,
1403 4706 1526 4762 qua:
1561 4691 1616 4745 in
1656 4690 1999 4747 Dominicam

429 4773 708 4837 desinunt.
727 4781 807 4837 uti
834 4775 1040 4835 dictum
1059 4788 1178 4842 est,
1211 4779 1440 4849 adjectis
1463 4790 1671 4853 septem
1702 4781 2000 4851 hebdoma-

429 4866 515 4921 dis
537 4865 846 4939 Tyrophagi
887 4868 1114 4934 diebus,
1145 4872 1345 4926 conliet
1375 4872 1637 4929 vicesima
1691 4871 1995 4939 Februarii,

348 4982 359 4997 -
428 4971 550 5027 quae
564 4958 667 5012 erit
696 4957 977 5017 Dominica
994 4959 1355 5033 Cat-nisprivii
1378 4980 1393 5030 ;
1418 4978 1482 5024 ac
1498 4964 1756 5036 deinceps
1785 4962 1997 5023 Pascha

428 5065 850 5123 consequemur,

839 5318 1116 5377 Methodus
1138 5322 1248 5376 alia
1283 5320 1582 5378 Paschalis.

495 5428 638 5488 XIV.
661 5432 796 5488 Cum
824 5452 856 5490 a
878 5438 1088 5507 synodo
1123 5438 1321 5504 lunari,
1356 5452 1480 5508 qua:
1503 5438 1750 5509 proxime
1789 5436 1996 5493 Ianua-

427 5520 566 5576 rium
592 5527 892 5594 prmcessit,
922 5529 989 5584 ad
1011 5529 1255 5597 ejusdem
1292 5532 1419 5585 anni
1441 5529 1728 5585 Iudaicum
1760 5529 1991 5596 Pascha,

426 5612 541 5669 sive
563 5614 942 5686 plenilunium,
976 5626 1088 5675 tres
1111 5636 1233 5675 cum
1283 5621 1508 5677 dimidio
1533 5622 1751 5677 lunares
1775 5637 1993 5678 menses

425 5704 788 5778 intercedant,
817 5709 911 5785 qui
965 5719 1094 5769 sunt
1122 5711 1236 5770 dies
1293 5727 1382 5770 CIV
1431 5714 1690 5772 circiter:
1721 5730 1884 5789 porro
1932 5715 1989 5777 in

2114 1825 2220 1879 ὑπὸ
2255 1825 2367 1879 τῶν
2393 1825 2502 1895 πρὸ
2560 1825 2717 1897 ἡμῶν
2746 1825 3030 1879 ἐκτεθεϊσα
3049 1843 3063 1858 ·
3100 1826 3169 1896 ἦν
3199 1826 3243 1880 δ’
3273 1828 3435 1897 ἡμεῖς
3460 1826 3692 1897 εὕρομεν

2117 1917 2253 1990 μετὰ
2285 1917 2382 1971 καὶ
2418 1917 2641 1989 λογικῆς
2681 1918 3026 1985 ἀποδείξεως,
3075 1919 3170 1972 καὶ
3206 1919 3410 1989 ταύτην
3450 1917 3694 1971 ἐνταυθοῖ

2114 2008 2366 2063 ἐκθέσθαι
2414 2008 2895 2081 ἐπηγγειλάμεθα,
2943 2009 3028 2081 εἴη
3075 2008 3142 2063 ἂν
3180 2009 3339 2081 αὕτη.
3401 2011 3560 2063 Ἐπεὶ
3591 2009 3693 2063 ἀπὸ

2111 2102 2213 2172 τῆς
2233 2102 2340 2174 πρὸ
2366 2102 2462 2157 τοῦ
2526 2101 2857 2173 Ἰανουαρίου
2891 2101 3185 2173 γινομένης
3226 2101 3515 2172 συνοδικῆς
3537 2099 3693 2165 συζυο

2111 2191 2237 2259 γίας
2265 2191 2375 2244 τῶν
2401 2189 2593 2261 φώτων
2628 2189 2754 2261 ἄχρι
2793 2189 2886 2242 τοῦ
2921 2191 3043 2243 κατ’
3070 2189 3202 2243 αὐτὸ
3228 2189 3289 2242 τὸ
3317 2189 3437 2253 ἔτος
3474 2188 3694 2242 Ἰουδαῖ-

2112 2282 2208 2336 κοῦ
2234 2284 2443 2354 Πάσχα,
2475 2284 2533 2336 ἐν
2586 2263 2630 2350 ᾧ
2671 2281 3075 2353 πανσεληνιακὴ
3107 2281 3339 2350 συζυγία
3366 2281 3511 2346 ἐστὶ,
3543 2280 3595 2350 γ’
3630 2276 3694 2332 Σθ

2116 2373 2420 2444 σεληνιακοὶ
2467 2372 2632 2444 μῆνές
2679 2373 2806 2436 εἰσι,
2849 2373 2945 2425 καὶ
2996 2372 3340 2443 περιέχουσιν
3360 2372 3583 2443 ἡμέρας
3617 2370 3694 2442 ρ’(

2114 2465 2375 2535 ἔγγισταο
2419 2466 2761 2537 εὑρίσκονται
2800 2463 2845 2517 δ’
2884 2466 2942 2517 ἐν
2981 2463 3060 2535 τῷ
3100 2465 3331 2535 κανονίῳ
3361 2464 3457 2519 τοῦ
3486 2465 3695 2534 Πασχασ

2110 2557 2223 2614 λίου
2270 2559 2340 2612 τὰ
2379 2557 2853 2629 διαλαμϐανόμενα
2913 2557 3181 2612 Ἰουδαϊκὰ
3226 2558 3514 2627 Πασχάλια
3543 2558 3695 2612 δυσὶν

2110 2651 2349 2721 ἡμέραις
2403 2648 2764 2713 πλεονάζοντα
2792 2649 2886 2702 τοῦ
2928 2649 3191 2721 ἀκριϐοῦς
3217 2648 3581 2721 πανσελήνου,
3623 2649 3694 2713 ὡς

2112 2741 2391 2813 προϊόντες
2413 2741 2480 2795 δι’
2507 2740 2833 2805 ἀποδείξεως
2847 2740 2938 2794 τὸν
2973 2740 3102 2812 περὶ
3132 2739 3322 2793 τούτου
3352 2739 3694 2811 ποιησόμεθα

2110 2831 2269 2899 λόγον
2290 2846 2303 2860 ·
2339 2829 2542 2894 ταύτας
2568 2829 2669 2893 τὰς
2697 2828 2790 2882 δύο
2815 2829 3026 2901 ἡμέρας
3057 2829 3384 2901 προσθέντες
3403 2832 3525 2893 ταῖς
3549 2831 3695 2901 εἰρη-

2114 2923 2299 2994 μέναις
2349 2922 2452 2994 ργ’,
2502 2922 2611 2976 τῶν
2668 2922 2975 2993 γενομένων
3012 2922 3089 2994 ρι’
3124 2922 3417 2992 ἀφελόντες
3465 2923 3569 2986 τὰς
3596 2924 3694 2992 τῆς

2109 3014 2551 3085 τεσσαρακοστῆς
2611 3013 2826 3085 ἡμέρας
2877 3011 2989 3083 μη’,
3056 3014 3194 3084 πρὸς
3220 3012 3277 3065 δὲ
3321 3013 3416 3067 καὶ
3457 3013 3558 3077 τὰς
3595 3015 3694 3085 τῆς

2032 3096 2075 3155 C
2109 3105 2425 3177 Τυροφάγου
2444 3104 2509 3170 ζ’,
2539 3104 2632 3159 ἐὰν
2664 3104 2762 3168 τὰς
2792 3103 2983 3167 λοιπὰς
3012 3102 3056 3157 ν’
3100 3103 3563 3177 προσεκϐάλωμεν
3586 3104 3693 3158 ἀπὸ

2108 3198 2206 3267 τῆς
2257 3197 2364 3268 πρὸ
2408 3195 2500 3253 τοῦ
2540 3197 2869 3269 Ἰανουαρίου
2919 3195 3161 3260 συνόδου,
3207 3196 3465 3269 φανερόν·
3507 3196 3584 3260 ὡς
3616 3198 3694 3260 είς

2106 3288 2204 3359 τὴν
2237 3287 2506 3359 ἐϐδομὰδα
2544 3288 2643 3360 τῆς
2672 3289 2928 3362 άπόκρεω
2985 3289 3399 3360 καταντήσομεν
3449 3287 3561 3341 ἀπὸ
3596 3286 3696 3356 τῆς

2108 3380 2390 3453 Κυριακῆς
2419 3399 2437 3433 ι
2468 3380 2561 3434 τοῦ
2595 3380 2827 3435 Ἀσώτου
2856 3400 2874 3433 ι
2906 3382 3032 3453 ἄχρι
3056 3382 3150 3435 καὶ
3172 3380 3265 3434 τοῦ
3294 3380 3400 3451 πρὸ
3432 3380 3534 3452 τῆς
3557 3379 3694 3433 ἀπό-

2106 3492 2254 3546 κρεω
2287 3473 2588 3528 Σαϐϐάτου.
2618 3467 2718 3538 Ai;
2750 3473 3081 3547 προσθέντες
3116 3475 3216 3535 τὰς
3254 3470 3453 3544 ἐφεξῆς
3480 3472 3694 3544 ἡμέρας

2107 3563 2235 3635 ἄχρι
2267 3565 2366 3636 τῆς
2390 3562 2695 3635 Κυριακῆς,
2727 3562 2826 3634 τὴν
2853 3564 3107 3634 ἀπόκρεω
3128 3558 3339 3631 ἐξομενσ
3372 3564 3468 3617 καὶ
3493 3562 3692 3632 ἐφεξῆς

2107 3657 2168 3709 τὸ
2200 3656 2391 3727 Πάσχα
2421 3656 2580 3727 δῆλον
2607 3655 2778 3710 ἔσται.
2808 3655 2988 3709 Ἔστω
3014 3655 3069 3708 δὲ
3100 3656 3194 3709 καὶ
3230 3656 3322 3709 ἐπὶ
3348 3654 3690 3725 ὑποδείγμα-

2105 3764 2197 3811 to;
2227 3748 2327 3819 τῆς
2368 3747 2667 3820 ἐρχομένης
2720 3747 2996 3819 άπόκρεωο
3032 3749 3183 3801 Ἐπεὶ
3222 3746 3363 3801 κατὰ
3388 3747 3488 3817 τὴν
3514 3747 3689 3818 ἀρχῆν

2105 3838 2199 3892 τοῦ
2230 3838 2524 3910 ἐρχομένου
2570 3839 2922 3912 Ἰανουαρίου,
2982 3839 3185 3893 κύκλου
3237 3839 3469 3911 σελήνης
3499 3839 3684 3911 τρίτου

2106 3931 2429 4001 ἀρχομένου,
2494 3930 2732 3985 ἐπακταί
2784 3932 2921 3985 είσιν
2979 3931 3059 3999 ἒξ,
3090 3931 3343 4004 φανερὸν,
3386 3931 3462 3995 ὡς
3497 3931 3604 4003 πρὸ
3634 3936 3686 3997 ς’

2106 4020 2330 4097 ἡμερῶν
2374 4022 2477 4092 τῆς
2538 4023 2713 4094 ἀρχῆς
2763 4021 2858 4075 τοῦ
2930 4024 3259 4095 Ἰανουαρίου
3317 4023 3469 4076 ἔσται
3512 4025 3544 4093 ὴ
3582 4021 3686 4095 πρὸ

2107 4112 2273 4168 αὑτοῦ
2306 4112 2541 4177 σύνοδος.
2581 4113 3086 4185 Προσεκϐάλλοντες
3112 4112 3205 4169 οὖν
3233 4114 3339 4168 ἀπὸ
3370 4114 3474 4185 τῆς
3498 4113 3683 4167 τοιαύ-

2103 4222 2205 4276 της
2232 4204 2444 4258 συνόδου
2466 4205 2566 4269 τὰς
2591 4205 2887 4277 εἰρημένας
2914 4213 2977 4272 ν’,
3014 4206 3217 4270 αἵτινες
3247 4205 3561 4276 περιέχουσι
3585 4205 3680 4268 τάς

2104 4311 2164 4347 τε
2219 4294 2325 4366 πρὸ
2376 4296 2470 4350 τοῦ
2517 4295 2845 4366 Ἰανουαρίου
2882 4302 2955 4361 ς’,
2989 4295 3085 4348 καὶ⁸
3130 4294 3228 4359 τὰς
3257 4294 3421 4349 αὑτοῦ
3448 4294 3542 4346 τοῦ
3576 4294 3678 4347 Ἰα-

2106 4385 2355 4459 νουαρίου
2408 4388 2511 4456 λα’,
2545 4388 2640 4442 καὶ
2686 4387 2780 4441 τοῦ
2844 4388 3209 4461 Φεϐρουαρίου
3251 4394 3317 4456 ιγ’
3346 4380 3527 4459 (αὗται
3574 4386 3679 4457 γὰρ

2105 4478 2551 4551 συμποσούμεναι
2600 4486 2646 4534 ν’
2682 4479 3099 4552 ἀπαρτίζοοσι)’
3144 4480 3244 4553 τὴν
3269 4486 3311 4533 ν’
3342 4479 3558 4552 ἡμέραν
3581 4478 3677 4550 λή-

2104 4588 2309 4641 γουσαν
2364 4572 2560 4644 ἕξομεν
2603 4575 2670 4645 τῇ
2729 4571 2821 4627 τοῦ
2851 4572 3215 4645 Φεϐρουαρίου
3250 4578 3349 4641 ιγ’·
3390 4571 3489 4642 τὴν
3514 4571 3571 4624 δὲ
3610 4578 3677 4639 ιγ’

2100 4664 2195 4718 τοῦ
2223 4665 2587 4736 Φεϐρουαρίου
2623 4669 2679 4721 ἐν
2712 4666 2896 4737 ἡμέρᾳ
2924 4666 3227 4738 εὑρήσομεν
3262 4664 3676 4735 συμπίπτουσαν

2100 4757 2376 4827 Κυριακῇ,
2426 4755 2667 4827 δηλονότι
2707 4758 2774 4829 τῇ
2799 4754 2894 4809 τοῦ
2939 4754 3195 4809 Ἀσώτου.
3234 4755 3368 4818 Ταῖς
3404 4753 3471 4822 ιγ’
3502 4754 3559 4807 δὲ
3583 4753 3674 4808 τοῦ

2097 4846 2460 4920 Φεϐρουαρίου
2506 4846 2760 4918 ἡμέραις,
2791 4847 2994 4911 αἵτινες
3046 4844 3446 4918 συμποσοιῖνται
3473 4848 3531 4899 ἐν
3564 4847 3674 4900 Κυ-

2100 4942 2284 5011 ριακῇ,
2328 4939 2401 5003 ὡς
2452 4937 2687 5011 εἴρηται,
2727 4938 3051 5011 προσθέντες
3094 4939 3192 5003 τὰς
3219 4938 3318 5009 τῆς
3357 4938 3673 5007 Τυροφάγου

2098 5030 2386 5101 ἑϐδομάδος
2418 5029 2631 5101 ἡμέρας
2665 5028 2733 5097 ζ’,
2764 5029 3168 5101 τὰςγενομένας
3208 5036 3255 5082 κ’
3284 5029 3377 5083 τοῦ
3408 5028 3674 5099 Φεϐρουα-

2103 5123 2239 5196 ρίου,
2266 5120 2461 5193 ἕξομεν
2488 5121 2584 5192 τὴν
2601 5122 2884 5193 Κυριακὴν
2914 5121 3012 5175 τὴν
3039 5123 3316 5194 ἁπόκρεω·
3349 5122 3443 5176 καὶ
3478 5122 3673 5194 ἐφεξῆς

2096 5213 2157 5275 τὸ
2188 5213 2377 5286 Πάσχα
2402 5213 2727 5285 εἰλημμένον
2762 5213 2935 5267 ἔσται.

2354 5326 2557 5395 Ἑτέρα
2587 5328 2840 5398 μέθοδος
2877 5329 3010 5397 περὶ
3049 5329 3154 5383 τοῦ
3190 5328 3429 5398 Πάσχα.

2166 5442 2264 5493 IA'.
2318 5440 2470 5492 Ἐπεὶ
2496 5440 2602 5493 ἀπὸ
2632 5440 2733 5509 τῆς
2755 5441 2861 5512 πρὸ
2887 5440 2980 5494 τοῦ
3016 5441 3345 5512 ἰανουαρίου
3378 5438 3667 5510 γενομένης

2097 5532 2380 5601 συνοδικῆς
2426 5531 2686 5601 συζυγίας
2725 5533 2834 5586 τῶν
2884 5532 3075 5603 φώτων
3117 5533 3244 5604 ἄχρι
3286 5533 3378 5585 καὶ
3413 5531 3507 5584 τοῦ
3548 5531 3663 5583 κατ’

2095 5624 2230 5676 αὑτὸ
2258 5624 2326 5677 τὸ.
2352 5624 2468 5689 ἔτος
2503 5622 2792 5678 Ἰουδαῖκοῦ
2821 5625 3034 5694 Πάσχα,
3067 5627 3125 5677 ἐν
3152 5618 3197 5692 ᾧ
3220 5624 3548 5691 πανσέληνος
3577 5639 3664 5674 συ-

2098 5715 2256 5786 ζυγία
2294 5717 2431 5784 ἐστὶ,
2470 5723 2518 5790 γ’
2556 5717 2619 5771 S"
2657 5716 2961 5795 σεληνιακοί
3001 5717 3169 5791 μῆνές
3209 5717 3333 5780 εἰσι,
3376 5716 3467 5773 κεῖι
3509 5731 3659 5785 733E"
