3948 6264
243 336 378 396 1505

1145 333 1365 392 ISAACI
1403 332 1712 391 MONACHI
1747 333 2120 391 COMPUTUS
2152 334 2588 394 ECCLESIAST.

3327 342 3464 398 i506

244 467 451 524 εχουσιν
495 451 706 524 ἡμέρας
750 451 824 524 ρδ¹
859 450 1104 520 ἔγγιστα·
1149 450 1488 522 εὑρίσκονται
1523 450 1580 504 δὲ
1622 453 1680 505 ὲν
1723 448 1804 521 τῷ

1909 451 2167 507 laterculo
2196 450 2480 509 Pascbatis
2508 451 2733 510 Judaica
2760 454 3043 512 Paschalia
3097 457 3261 514 biduo
3304 473 3465 512 cxce-

244 544 468 614 κανονίῳ
512 542 606 596 τοῦ
653 544 842 615 Πάσχα
892 543 961 598 τὰ
1009 542 1479 614 διαλαμϐανόμενα
1538 543 1803 597 Ἰουδαϊκά

243 630 517 701 Πασχάλια
547 631 697 685 δυσὶν
738 633 970 704 ἡμέραις
1014 631 1375 697 πλεονάζοντα
1411 634 1507 704 τῆς
1544 632 1802 704 ἀκριϐοῦς

244 721 595 793 πανσελήνου,
637 723 710 787 ὡς
756 723 1036 794 προϊόντες
1080 724 1147 778 δι’
1182 722 1503 789 ἀποδείξεως
1540 724 1631 778 τὸν
1674 725 1804 797 περὶ

240 809 424 864 τούτου
456 812 793 883 ποιησόμεθα
820 812 994 880 λόγον’
1033 811 1126 867 ἐὰν
1155 811 1253 876 τὰς
1281 812 1576 883 γενομένας
1600 811 1803 875 ταύτας

242 903 447 974 ἡμέρας
485 903 575 958 ἐπὶ
614 903 710 966 μὲν
744 902 851 956 τῶν
882 903 1053 957 ἄλλων
1085 904 1183 974 τῆς
1217 903 1442 976 σελήνης
1469 902 1683 958 κύκλων
1713 909 1802 976 pc,”

238 992 467 1064 ἡμέρας,
495 992 528 1062 ἢ
563 992 657 1046 καὶ
689 991 787 1064 ρξ’,
812 994 903 1047 ἐπὶ
923 993 978 1046 δὲ
1004 992 1096 1047 τοῦ
1123 993 1207 1058 ιζ’,
1243 996 1338 1049 καὶ
1370 994 1459 1066 ιη’,
1490 995 1583 1048 καὶ
1616 995 1679 1048 ιϐ’
1709 992 1806 1049 κύ-

239 1079 363 1132 κλου
408 1086 482 1151 ρε¹
509 1080 666 1152 μόνον
694 1081 901 1153 ἡμέρας
930 1082 1387 1154 προσεκὸάλωμεν
1423 1083 1530 1136 ἀπὸ
1564 1084 1662 1155 τῆς
1697 1082 1804 1155 πρὸ

236 1169 326 1223 τοῦ
373 1170 698 1243 Ἰανουαρίου
732 1173 1029 1244 γενομένης
1076 1174 1356 1246 συνοδικῆς
1406 1174 1680 1244 συζυγίας,
1723 1175 1801 1227 δι-

235 1259 411 1323 δόντες
444 1261 655 1334 ἑκάστῳ
690 1263 818 1334 μηνὶ
850 1263 949 1328 τὰς
977 1264 1182 1329 οἰκείας
1217 1265 1448 1337 ἡμέρας
1485 1265 1677 1337 ἕξομεν
1705 1265 1803 1337 τὴν

233 1349 547 1405 τελευταίαν
580 1354 790 1425 ἡμέραν
818 1355 1228 1426 καταλήγουσαν
1251 1359 1332 1422 εἰς
1354 1357 1452 1428 τὴν
1475 1357 1801 1428 πανσέληνον

236 1442 493 1511 συζυγίαν
527 1444 619 1497 τοῦ
663 1444 945 1499 Ἰουδαϊκοῦ
977 1446 1186 1517 Πάσχα·
1216 1448 1283 1519 ἢν
1313 1448 1405 1501 κα)⁸
1429 1448 1517 1502 διὰ
1546 1448 1637 1503 τοῦ
1669 1449 1805 1520 ἡμε-

237 1534 544 1605 ροευρεσίου
584 1536 833 1606 εὑρόντες
856 1538 1014 1590 ὁποία
1044 1537 1128 1602 τίς
1164 1540 1278 1591 ἐστι
1308 1538 1415 1593 τῶν
1443 1540 1543 1611 τῆς
1568 1540 1800 1612 ἑϐδομάτ-

232 1626 319 1690 δος
339 1626 584 1699 ἡμερῶν,
625 1628 721 1692 τὰς
751 1627 943 1691 λοιπὰς
976 1629 1300 1701 προσθέντες
1330 1631 1457 1702 ἄχρι
1484 1632 1582 1704 τῆς
1600 1634 1803 1705 Κυρια-

116 1766 126 1782 ,
231 1717 354 1790 κῆς,
395 1719 587 1791 ἕξομεν
620 1721 714 1774 ml.
753 1719 813 1773 τὸ
851 1721 1115 1793 ἡμέτερον
1158 1722 1309 1791 ἅγιον
1349 1723 1542 1794 Πάσχα
1572 1724 1629 1777 ὲν
1671 1725 1802 1796 ποίᾳ

231 1806 381 1861 ἔσται
400 1808 509 1863 τῶν
532 1808 622 1863 τοῦ
646 1811 887 1884 Μαρτίου
912 1812 1076 1882 μηνὸς
1093 1811 1126 1883 ἢ
1143 1811 1234 1865 τοῦ
1265 1812 1537 1884 Ἀπριλίου
1560 1815 1797 1887 ἡμερῶν.
1834 1807 1876 1863 Β

301 1901 422 1973 Χρὴ
449 1902 629 1971 μέντοι
661 1904 752 1956 καὶ
776 1903 934 1956 τοῦτο
967 1904 1183 1970 εἰδέναι,
1207 1905 1281 1970 ὠς
1301 1905 1394 1959 ἐπὶ
1418 1903 1511 1958 τοῦ
1538 1905 1581 1958 ε’
1612 1908 1706 1960 καὶ
1730 1906 1806 1972 ις’

232 1993 429 2048 κύκλου
441 1996 541 2068 τῆς
564 1995 789 2068 σελήνης
810 1997 906 2067 οὐχ
923 1998 951 2050 ὁ
974 1996 1303 2070 προρρηθεὶς
1321 1998 1555 2069 ἀριθμὸς
1577 1998 1685 2053 τῶν
1712 2006 1806 2072 ρς¹

232 2084 485 2157 ἡμερῶν,
521 2086 553 2157 ἢ
587 2086 680 2140 καὶ
715 2084 793 2159 ρξ’
823 2089 1112 2155 συνάγεται
1142 2087 1230 2143 διὰ
1267 2091 1366 2159 τῆς
1402 2088 1510 2142 τῶν
1549 2088 1803 2145 ὲπακτῶν

232 2175 628 2240 ὲπισυνθέσεως
670 2175 806 2247 μετά
843 2176 950 2229 τῶν
992 2174 1192 2228 λοιπῶν
1220 2177 1299 2239 εἰς
1328 2176 1395 2230 τὰ
1423 2177 1661 2247 ἑπόμενα
1695 2196 1803 2250 μη-

231 2265 354 2319 νῶν·
391 2268 506 2320 ἀλλ’
536 2268 628 2320 ἐπὶ
661 2267 758 2338 μὲν
783 2267 876 2321 τοῦ
912 2273 951 2320 ε’
980 2266 1179 2321 κύκλου
1211 2265 1352 2338 ρλς’,
1383 2267 1474 2320 ἐπὶ
1509 2267 1567 2321 δὲ
1599 2268 1692 2322 τοῦ
1729 2260 1807 2335 ις’

233 2358 342 2429 ρλζ¹
366 2359 457 2413 διὰ
480 2360 571 2413 τὸν
601 2358 839 2430 βίσεξτον
862 2360 1092 2431 ἀριθμὸν
1116 2361 1425 2430 συνάγεται·
1450 2352 1525 2415 ὧν
1545 2360 1808 2432 ἀνθυφαι-

231 2452 495 2523 ρουμένου
538 2452 1025 2525 τριακονθημέρου,
1065 2455 1095 2507 ό
1126 2453 1310 2517 λοιπὸς
1338 2452 1570 2525 ἀριθμὸς
1597 2455 1676 2519 είς
1708 2455 1808 2526 τὴν

230 2542 397 2614 αὐτὴν
431 2543 701 2614 ποσότητα
729 2546 840 2607 τοῖς
872 2545 929 2598 ὲν
960 2547 1072 2608 τοῖς
1104 2543 1310 2607 λοιποῖς
1336 2543 1554 2608 κύκλοις
1583 2544 1684 2616 τῆς
1714 2562 1803 2600 σε-

229 2630 395 2704 λὴνης
427 2634 762 2706 περαίνεται.

298 2722 417 2778 ἰνα
442 2725 497 2778 δὲ
529 2726 622 2778 καὶ
658 2726 750 2778 ἐπὶ
785 2726 1181 2796 ὑποδείγματος
1225 2726 1434 2800 φανερὰ
1475 2727 1698 2800 γένηται
1734 2728 1806 2783 τὰ

229 2817 514 2889 εἰρημένα,
544 2818 664 2872 ἐπεὶ
705 2817 848 2872 κατά
883 2819 980 2890 τὴν
1013 2817 1185 2891 ἀρχὴν
1224 2818 1317 2873 τοῦ
1355 2822 1411 2872 ὲν
1446 2820 1523 2892 τῷ
1549 2821 1821 2876 ἐνεστῶτι

228 2909 402 2980 χρόνῳ
445 2908 792 2981 Ἰανουαρίου,
835 2910 1019 2982 τρίτου
1065 2909 1263 2963 κύκλου
1309 2911 1537 2984 σελήνης
1571 2913 1807 2984 ἀρχομέ-

227 3016 337 3064 νου,
384 3000 619 3054 ὲπακταί
652 3002 787 3053 εἰσιν
821 3008 892 3066 ς¹ο
934 3000 1188 3071 φανερὸν,
1229 3000 1305 3064 ὡς
1341 3001 1448 3074 πρὸ
1487 3000 1547 3067 ἓξ
1584 3002 1804 3074 ἡμερῶν

228 3088 318 3142 τοῦ
362 3090 691 3163 Ἰανουαρίου
725 3091 945 3161 γέγονεν
976 3094 1008 3164 ἡ
1044 3092 1275 3162 συζυγία
1309 3093 1575 3165 ουνοδικὴ’
1615 3093 1708 3164 ἀφ’
1735 3088 1805 3165 ἦς

1904 542 2040 598 dunt
2082 553 2340 599 accurata
2392 546 2710 616 plenilunia,
2782 551 3233 618 quemadmodum
3277 559 3466 621 postea

1903 644 2055 688 certa
2108 635 2323 691 ratione
2375 638 2873 696 demonstrabimus
2910 656 2923 692 :
2967 642 3013 694 si
3035 642 3291 697 collectos
3343 642 3466 696 illos

1904 725 2019 782 dies
2081 743 2310 783 numero
2334 744 2423 782 ενι
2470 730 2525 784 in
2582 732 2794 788 caneris
2849 734 3129 791 lunaribus
3157 736 3346 808 cyclis,
3371 745 3466 792 aut

1902 831 2010 871 cvu
2070 832 2195 872 cum
2235 818 2505 876 hisextilis
2569 835 2746 878 annus
2804 822 3033 889 incidit;
3065 824 3119 877 in
3145 826 3314 895 cyclis
3336 842 3464 880 vero

1904 923 2038 973 xvu,
2066 924 2198 963 xvm
2229 919 2283 965 et
2315 927 2429 976 ιιι,
2466 913 2842 969 tantummodo
2873 928 2960 977 cv,
2987 930 3016 969 a
3038 917 3245 987 synodo
3270 918 3463 974 .lunari

1905 997 2226 1053 Januarium
2251 1001 2603 1058 antecedente
2631 1004 3018 1073 producamus,
3067 1016 3121 1062 et
3172 1008 3465 1078 unicuique

1903 1089 2079 1144 mensi
2143 1100 2511 1160 competentes
2575 1095 2935 1151 attribuamus
2982 1097 3128 1162 dies,
3192 1107 3465 1168 postrema

1903 1180 2061 1236 nobis
2100 1181 2156 1236 in
2200 1182 2555 1252 plenilunium
2580 1186 2841 1250 incurret,
2865 1188 3009 1258 quod
3036 1199 3119 1244 est
3133 1187 3342 1245 Pascha
3367 1189 3467 1244 Ju-

1902 1269 2154 1338 daicum;
2184 1288 2346 1342 quam
2381 1274 2435 1329 in
2470 1275 2733 1335 laterculo
2763 1277 3219 1349 feriarum,quam
3249 1280 3307 1335 in
3334 1280 3466 1335 beb-

1902 1362 2150 1417 domadis
2187 1361 2346 1416 cadat
2404 1362 2581 1431 diem,
2627 1364 3054 1438 investigantes,
3098 1368 3322 1438 reliquis
3395 1367 3465 1421 ad

1903 1453 2239 1510 Dominicam
2293 1471 2466 1525 usque
2529 1455 2750 1522 additis,
2799 1468 3206 1514 sacrosanctum
3258 1457 3462 1514 Pascha

1902 1552 2170 1610 nostrum,
2199 1560 2308 1617 quo
2339 1544 2517 1601 Martii
2543 1547 2623 1602 vel
2646 1545 2846 1617 Aprilis
2875 1546 2961 1603 die
2978 1548 3274 1620 contingat,
3297 1548 3466 1604 extri-

1905 1637 2180 1693 cabimus.

1979 1917 2269 1981 Sciendum
2294 1930 2473 1978 tamen
2494 1928 2579 1978 est
2606 1923 2660 1977 in
2696 1939 2726 1978 ν
2748 1923 2831 1978 vel
2860 1939 2948 1979 xvr
2975 1923 3128 1994 cyclo
3167 1922 3330 1988 lunae,
3361 1936 3466 1979 nu-

1906 2025 2113 2066 merum
2142 2012 2293 2066 illum
2322 2026 2432 2076 cvr,
2464 2013 2578 2068 sive
2622 2028 2730 2069 cvu
2766 2014 2978 2069 dierum
3016 2015 3240 2070 minime
3284 2014 3466 2085 colligi

1904 2115 1972 2155 ex
1993 2107 2307 2170 epactarum
2336 2116 2401 2156 ac
2440 2103 2773 2173 reliquorum
2803 2104 2997 2159 ordine
3028 2103 3295 2158 mensium
3321 2102 3467 2157 addi-

1905 2192 2051 2247 tione
2082 2211 2097 2248 :
2124 2190 2220 2248 sed
2250 2193 2307 2249 in
2333 2210 2367 2248 ν
2392 2194 2567 2265 cyclo,
2588 2208 2783 2249 cxxxvr
2801 2212 2819 2262 ;
2840 2194 2897 2248 in
2926 2194 3081 2266 cyclo
3103 2209 3216 2257 xvi,
3248 2201 3469 2264 propter

1904 2281 2195 2348 bisextum,
2222 2296 2441 2339 cxxxvrt
2463 2283 2582 2339 dies
2614 2283 2841 2339 conﬂari
2871 2302 2887 2340 :
2924 2285 2993 2340 de
3038 2284 3237 2355 quibus
3265 2283 3468 2340 subdu-

1906 2374 2014 2430 ctis
2042 2390 2172 2439 xxx,
2203 2376 2456 2433 residuus
2486 2391 2745 2432 numerus
2787 2377 2855 2431 ad
2891 2376 3158 2442 eamdem,
3196 2384 3359 2446 atque
3409 2377 3466 2430 in

1905 2465 2115 2521 caeteris
2136 2465 2279 2520 luna:
2304 2466 2498 2537 cyclis,
2532 2481 2801 2523 summam
2835 2467 3116 2539 redigitur.

1975 2724 2106 2793 Quae
2143 2734 2204 2780 ut
2250 2727 2502 2798 exemplo
2559 2726 2791 2782 clariora
2851 2725 3002 2791 ﬁant,
3058 2725 3315 2798 quoniam
3364 2724 3469 2779 hoc

1903 2832 2071 2880 anno,
2099 2818 2320 2877 ineunte
2341 2817 2605 2873 Januario
2634 2818 2841 2889 pariter
2870 2831 2934 2872 ac
2951 2818 3103 2889 cyclo
3126 2819 3266 2871 lunae
3286 2814 3466 2878 tertio,

1903 2918 2108 2979 epactae
2145 2919 2272 2965 sunt
2300 2925 2375 2978 v1,
2411 2910 2636 2966 evidens
2685 2920 2769 2966 est
2790 2910 3035 2964 lunarem
3066 2908 3330 2979 synodum
3359 2905 3469 2960 Ka-

1904 2998 2094 3057 lendas
2123 2999 2413 3057 Januarias
2444 3018 2542 3057 sex
2569 3000 2765 3056 diebus
2823 3002 3209 3056 antecessisse.
3272 2998 3357 3051 Ab
3405 3011 3470 3052 ea

1905 3091 2115 3163 synodo
2140 3093 2469 3163 computatis
2498 3092 2692 3147 diebus
2725 3107 2835 3157 ενι,
2871 3098 2925 3146 et
2956 3090 3196 3145 indidem
3228 3087 3469 3159 esplicae

228 3178 628 3250 ἀριθμήσαντες
653 3180 866 3253 ἡμέρας
898 3188 1005 3252 pg’,
1036 3182 1128 3236 καὶ
1156 3181 1647 3253 προσεκὸάλλοντες
1672 3183 1802 3238 ταύ-

1909 3182 1992 3246 tis,
2021 3197 2142 3254 quae
2202 3183 2420 3253 quidem
2475 3181 2781 3237 conﬂantur
2812 3198 2879 3237 ex
2934 3180 3127 3235 diebus
3156 3195 3209 3232 vt
3230 3187 3354 3232 ante
3373 3174 3468 3231 Ja-

226 3291 324 3340 τας
347 3274 456 3329 ἀπὺ
480 3276 579 3347 τῆς
602 3275 856 3349 τοιαύτης
878 3277 1115 3344 συνόδου,
1139 3279 1338 3342 αἵτινες
1363 3278 1672 3350 περιέχουσι
1703 3280 1803 3345 τάς

226 3380 285 3417 τε
329 3365 434 3437 πρὸ
477 3366 571 3420 τοῦ
617 3366 945 3439 Ἰανουαρίου
979 3367 1053 3433 ς’,
1088 3368 1184 3421 καὶ
1218 3367 1314 3431 τάς
1356 3366 1520 3420 αὐτοῦ
1554 3366 1648 3421 τοῦ
1696 3370 1802 3423 Ἰα-

227 3458 477 3530 νουαρίου
515 3458 626 3522 λα’,
668 3459 748 3512 ἔτι
785 3476 845 3513 τε
883 3459 1245 3530 Φεϐρουαρίου
1286 3458 1392 3531 κη’,
1430 3460 1522 3513 κα)⁸
1558 3460 1802 3531 Μαρτίου

227 3548 325 3615 λα’,
381 3551 478 3605 καὶ
541 3550 813 3621 Ἀπριλίου
863 3556 917 3614 ι’,
964 3550 1288 3621 εὑρίσκομεν
1336 3547 1436 3620 τὴν
1490 3548 1802 3602 τελευταίαν

226 3637 435 3715 ἡμέραν
472 3645 553 3709 είς
579 3644 678 3715 τὴν
711 3649 741 3696 ι’
780 3640 874 3695 τοῦ
935 3640 1209 3712 Ἀπριλίου
1259 3641 1658 3711 ἐμπίπτουσαν,
1707 3639 1803 3693 καὶ

228 3736 562 3807 πανσέληνον
594 3730 757 3789 οὖσαν
794 3732 1009 3805 ἡμέραν
1048 3730 1337 3786 Ἰουδαϊκοῦ
1372 3731 1582 3802 Πάσχα*
1618 3731 1683 3802 ἡν
1709 3732 1803 3784 καὶ

226 3824 312 3881 διὰ
332 3829 424 3883 τοῦ
454 3826 877 3900 ἡμεροευρεσίου
907 3824 1156 3897 εὑρόντες
1186 3823 1396 3895 ἡμέραν
1426 3820 1589 3876 οὖσαν
1621 3840 1803 3894 παρα-

1901 3275 2179 3337 nuarium,
2235 3280 2289 3328 et
2348 3288 2483 3335 xxxi
2534 3271 2805 3339 Januarii,
2840 3288 2905 3326 ac
2958 3269 3242 3326 Februarii
3272 3284 3466 3333 xxvm,

1900 3364 2079 3419 Martii
2126 3381 2275 3427 xxxx,
2306 3376 2360 3419 et
2381 3364 2585 3435 Aprilis
2619 3381 2674 3431 ιι,
2712 3364 2960 3418 ultimam
2995 3362 3206 3418 dierum
3240 3360 3470 3416 istarum

1899 3457 2096 3512 cadere
2127 3456 2597 3526 deprelicndemus
2651 3456 2708 3509 in
2738 3471 2771 3509 χ
2800 3455 3028 3525 Aprilis,
3062 3469 3184 3523 quae
3212 3458 3266 3505 et
3295 3450 3471 3520 pleni-

1900 3546 2107 3600 lunium
2144 3548 2268 3612 erit,
2305 3560 2368 3599 ac
2388 3544 2674 3601 Judaicum
2704 3543 2933 3600 Pascha.
2964 3544 3140 3614 Hujus
3187 3558 3254 3598 ex
3302 3542 3471 3596 later-

1899 3634 2025 3689 culo
2057 3634 2276 3689 inventa
2327 3635 2485 3700 feria,
2548 3650 2670 3705 quae
2707 3643 2791 3690 est
2838 3634 3162 3698 Parascevc,
3206 3638 3468 3701 sequente

1897 3725 2180 3780 Dominica
2212 3733 2628 3781 sacrosanctum
2656 3724 2871 3780 Pascha
2897 3734 3146 3780 nostrum
3192 3721 3467 3778 obtinebi-

1898 3834 2042 3882 mus,
2078 3833 2273 3888 nempe
2298 3817 2505 3888 Aprilis
2528 3831 2626 3872 xtl.

227 3915 461 3988 σκευὴν,
501 3912 692 3986 ἕξομεν
720 3913 815 3967 καὶ
857 3912 919 3966 τὸ
957 3911 1084 3967 καθ*
1106 3912 1252 3983 ἡμᾶς
1297 3909 1449 3980 ἅγιον
1489 3910 1681 3982 Πάσχα
1716 3912 1782 3982 τῇ
1820 3908 2018 3980 ἐφεξῆς
2042 3908 2294 3980 Κυριακῇ
2324 3906 2663 3978 τελούμενον,
2698 3907 2864 3976 ἤγουν
2910 3908 2976 3979 τῇ
3013 3904 3077 3976 ιβ’
3124 3902 3219 3958 τοῦ
3278 3903 3468 3976 Ἀπρι-

228 4004 339 4060 λίου
373 4007 567 4081 μηνός.

318 4128 463 4198 Περὶ
493 4125 602 4197 τῆς
628 4126 914 4195 νηστείας
939 4123 1059 4180 τῶν
1085 4125 1272 4196 ἁγίων
1293 4127 1697 4185 Ἀποστόλων.

295 4238 395 4292 1Ε’.
436 4238 564 4291 Ἐπὶ
586 4235 794 4300 τούτοις
814 4219 1055 4306 καὶπερὶ
1076 4236 1175 4307 τῆς
1200 4236 1305 4308 πρὸ
1328 4238 1428 4309 τῆς
1453 4239 1671 4310 μνήμης
1690 4238 1799 4291 τῶν

231 4327 396 4396 ἁγίων
433 4328 770 4382 Ἀποστόλων
784 4327 1111 4397 τελουμένης
1136 4327 1385 4397 νηστείας
1404 4329 1620 4400 μέθοδον
1643 4330 1801 4402 έκθὴ-

2142 4117 2222 4174 De
2239 4119 2443 4190 jejunio
2469 4128 2773 4173 sanctorum
2808 4117 3200 4187 Apostolorum.

1973 4233 2090 4289 XV.
2114 4233 2243 4290 Post
2262 4234 2377 4289 haec
2394 4233 2587 4303 jejunii
2614 4248 2851 4303 quoque,
2884 4233 3031 4302 quod
3062 4240 3189 4286 ante
3249 4242 3469 4289 sancto-

1902 4343 2023 4381 rum
2052 4327 2421 4397 apostolorum
2452 4325 2769 4379 memoriam
2801 4325 3000 4395 agitur,
3035 4324 3347 4379 methodum
3375 4340 3471 4380 ex-

230 4434 390 4488 σομεν
420 4419 513 4473 διὰ
540 4418 903 4490 λογικωτέρας
945 4417 1290 4482 ἀποδείξεως,
1334 4418 1562 4490 ἔχουσαν
1603 4419 1795 4485 οὕτως.

1909 4434 2173 4490 ponemus
2226 4419 2424 4473 rationi
2474 4432 2539 4472 ac
2583 4417 3032 4472 demonstrationi
3077 4417 3280 4472 certius
3327 4417 3470 4472 inni-

241 4508 391 4563 Ἐπεὶ
424 4511 522 4565 ἀπ’
550 4509 721 4581 αὐτῆς
768 4510 866 4581 τῆς
913 4509 1072 4578 ἁγίας
1112 4510 1208 4563 καὶ
1238 4509 1493 4582 λαμπρᾶς
1513 4511 1801 4584 Κυριακῆς

1909 4527 2048 4567 xam.
2082 4512 2216 4567 Cum
2247 4511 2388 4566 enim
2426 4525 2455 4564 a
2483 4517 2671 4565 sancta
2701 4517 2753 4564 et
2794 4517 3021 4581 augusta
3040 4508 3318 4566 Paschatis
3366 4509 3470 4565 Do-

227 4601 318 4654 τοῦ
350 4604 542 4674 Πάσχα
573 4603 733 4674 μέχρι
759 4603 850 4656 καὶ
873 4603 1040 4674 αὐτῆς
1065 4603 1166 4675 τῆς
1190 4601 1299 4657 τῶν
1335 4603 1504 4673 ἁγίων
1548 4603 1804 4657 Ἀποστό-

1909 4604 2125 4671 minica,
2154 4604 2221 4658 ad
2247 4613 2557 4660 sanctorum
2578 4603 2964 4673 Apostolorum
3020 4602 3380 4666 Dominicam,
3414 4604 3469 4657 in

228 4688 332 4745 λων
348 4696 653 4767 Κυριακῆς,
675 4695 741 4765 ἢν
760 4693 853 4746 καὶ
876 4693 1132 4765 ἀπόκρεω
1151 4692 1304 4747 ποιοῦ
1313 4709 1411 4764 μεν
1431 4692 1519 4747 διὰ
1540 4693 1638 4765 τὴν
1660 4695 1804 4766 εἰρη-

1909 4711 2006 4766 qua
2059 4703 2281 4767 propter
2330 4697 2548 4751 illorum
2600 4696 2872 4767 jejunium
2929 4695 3094 4749 etiam
3139 4711 3168 4749 a
3210 4695 3472 4750 carnibus

234 4785 392 4858 μένην
415 4786 527 4841 τῶν
570 4787 738 4855 ἁγίων
773 4787 1108 4842 Ἀποστόλων
1144 4787 1416 4859 νηστείαν,
1449 4787 1571 4840 ὅσαι
1596 4787 1803 4858 ἡμέραι

1909 4788 2263 4853 abstinemus,
2295 4796 2427 4858 quot
2458 4796 2586 4843 sunt
2628 4788 2745 4842 dies
2773 4787 2924 4859 (sunt
2972 4795 3153 4842 autem
3180 4789 3332 4856 LVII),
3365 4796 3469 4841 tot-

229 4875 362 4929 εἰσιν
391 4880 520 4947 (sici
551 4879 609 4931 δὲ
641 4878 770 4948 νζ’),
806 4877 1060 4932 τοσαῦταί
1096 4881 1201 4931 εἰσι
1227 4878 1319 4932 καὶ
1347 4877 1455 4933 ἀπὸ
1481 4879 1580 4950 τῆς
1609 4879 1800 4950 τρίτης

1909 4883 2122 4937 idem'a
2151 4898 2212 4937 ιιι
2253 4882 2378 4938 Maii
2422 4883 2489 4938 ad
2543 4899 2714 4938 χιιι-ιιι
2746 4882 2893 4937 Junii
2930 4891 3210 4953 putantur,
3241 4896 3350 4953 quo
3381 4881 3473 4937 die

229 4966 319 5019 τοῦ
342 4972 522 5024 Μαϊου
551 4969 677 5041 ἄχρι
708 4971 806 5040 τῆς
842 4968 930 5040 κη’
968 4968 1062 5023 τοῦ
1104 4971 1342 5036 Ἰουνίου,
1373 4968 1494 5023 καθ’
1527 4969 1594 5041 ἢν
1626 4971 1660 5040 ἡ
1690 4986 1803 5024 τοι·

1909 4977 2165 5047 iejunium
2202 4977 2350 5033 istud
2377 4977 2662 5033 terminari
2695 4977 2835 5031 solet
2867 4991 2881 5028 :
2916 4976 2961 5032 si
3001 4992 3339 5031 communem
3366 4992 3469 5030 nu-

231 5056 363 5129 αύτη
396 5060 808 5131 συμπληροῦται
827 5061 1066 5131 νηστείαο
1093 5060 1187 5113 ὲάν
1208 5061 1376 5123 αὐτὰς
1401 5063 1495 5115 ἀπ’
1512 5062 1681 5133 αὐτῆς
1699 5061 1799 5132 τῆς

1909 5086 2104 5125 merum
2134 5071 2341 5125 dierum
2369 5084 2399 5122 a
2437 5085 2496 5123 ιιι
2516 5068 2660 5132 Maii,
2685 5067 2752 5121 ad
2780 5068 3113 5121 Dominicam
3141 5066 3466 5122 Sanctorum

229 5149 412 5223 τρίτης
436 5151 529 5205 τοῦ
544 5152 720 5205 Μαΐου
744 5152 868 5223 ἄχρι
894 5152 995 5222 τῆς
1013 5152 1296 5223 Κυριακῆς
1321 5152 1428 5205 τῶν
1441 5153 1635 5221 Ἀγίων
1663 5152 1799 5206 πάν-

1909 5161 2136 5215 )ιιιηίιιιιι
2164 5162 2569 5224 abstulerimus,
2589 5169 2875 5230 utramque
2889 5160 3099 5215 dierum
3131 5160 3465 5231 reliquorum

232 5254 334 5294 των
359 5245 540 5307 κοινὰς
559 5243 723 5307 οὔσας
743 5244 1047 5315 ἀφέλωμεν,
1077 5244 1176 5306 τὰς
1206 5244 1674 5314 καταλειφθείσας,
1696 5245 1796 5310 τάς

1909 5267 2186 5316 summam,
2239 5263 2353 5306 tam
2399 5252 2491 5324 qui
2537 5252 2607 5306 ab
2657 5261 2884 5321 augusta
2935 5252 3025 5304 illa
3066 5250 3347 5305 Dominica
3397 5249 3467 5307 ad

230 5344 284 5380 τε
300 5331 534 5405 δηλονότι
549 5338 641 5390 ἀπ’
665 5335 831 5404 αὐτῆς
844 5335 945 5403 τῆς
956 5335 1211 5406 λαμπρᾶς
1224 5336 1506 5407 Κυριακῆς
1525 5337 1685 5409 μέχρι
1700 5337 1796 5391 καὶ

1909 5357 1957 5396 ιιι
1990 5341 2111 5395 Maii
2137 5344 2428 5412 pertinent,
2487 5356 2650 5412 quam
2697 5342 2788 5411 qui
2822 5342 2890 5396 ab
2938 5341 3093 5398 initio
3134 5341 3465 5410 jejuniorum

231 5418 328 5488 τῆς
355 5427 542 5497 τρίτης
567 5426 661 5480 τοῦ
678 5429 871 5483 Μαΐου,
897 5427 1103 5489 καὶτὰς
1124 5426 1219 5478 ἀπ’
1236 5426 1408 5497 ἀρχῆς
1426 5427 1525 5497 τῆς
1544 5428 1796 5500 τοιαύτης

1909 5434 1960 5488 ιι]
2003 5449 2127 5488 xxix
2172 5431 2544 5505 Junii,parem
2579 5443 2634 5490 et
2671 5435 2929 5506 aequalem
2964 5434 3303 5489 habebimus.

234 5515 475 5581 νηστείας
499 5518 627 5591 ἄχρι
656 5518 752 5588 τῆς
780 5518 860 5570 κθ¹
882 5516 974 5571 τοῦ
1018 5517 1255 5584 Ἰουνίου,
1290 5517 1411 5581 ἴσας
1433 5517 1647 5589 ἕξομεν.

2035 5675 2063 5708 a
2083 5659 2334 5711 Dominica
2457 5676 2483 5710 a
2508 5662 2537 5709 5
2562 5662 2671 5711 Maii
2696 5661 2755 5712 ad
2780 5660 2878 5709 Do-
3008 5673 3033 5707 a
3058 5658 3311 5708 Dominlca
3352 5680 3363 5689 -

1953 5718 2213 5775 APaschte
2227 5724 2331 5775 ιιὐὸ
2377 5723 2418 5775 Β
2462 5725 2687 5772 minicam
2755 5736 2857 5771 om-
2890 5720 2926 5772 C
2968 5720 3256 5771 S‘anctorum
3271 5717 3431 5769 (ιω-0

2014 5781 2128 5836 Hall
2445 5787 2579 5835 nium
2596 5785 2881 5836 Sanctorum
2960 5787 3096 5835 nium
3112 5783 3171 5835 ad
3187 5779 3379 5846 28_Jutt.

334 5652 411 5698 Ᾰιὸ
451 5660 616 5711 λαμπρᾶς
677 5653 758 5703 Ᾰιὸ
776 5668 838 5711 τῆς
861 5660 894 5714 γ’
920 5668 985 5703 τοῦ
1006 5663 1125 5702 Μιίου
1189 5656 1266 5704 Ᾰτὸ
1354 5670 1416 5712 τῆς
1483 5669 1666 5714 Ruptum

284 5717 315 5756 Α
333 5722 505 5769 hami;
547 5725 609 5771 τως
631 5728 655 5762 Β
669 5724 733 5769 ἴσος
796 5731 860 5770 τῆς
946 5730 1120 5776 Κυριοιῆς
1146 5731 1171 5766 ι·
1192 5733 1264 5766 τῶν
1330 5718 1444 5775 him
1524 5730 1666 5766 πάντων
1688 5733 1713 5767 Δ

337 5783 453 5829 In!»
480 5786 523 5837 ε’.
683 5793 751 5827 τῶν
793 5778 908 5843 his»
952 5788 1111 5829 πάντων·
1191 5790 1254 5837 in;
1274 5793 1339 5841 τῆς
1359 5784 1416 5839 ιη’
1439 5794 1504 5829 τοῦ
1536 5779 1690 5833 ίοννίου.
