3948 6264
485 325 624 384 13θῖ

485 547 597 586 LVII
650 530 863 586 dierum
914 531 1156 596 illorum,
1207 549 1301 603 qui
1337 547 1367 586 a
1397 531 1645 589 Paschali
1677 534 1956 591 Dominica
1987 537 2054 590 ad

493 623 834 678 Dominicam
893 631 1208 680 sanctorum
1263 627 1647 696 Apostolorum
1701 633 1756 683 et
1810 630 2052 683 omnium

488 714 820 770 Sanctorum
877 715 1146 786 interiecti
1195 726 1343 781 sunt,
1401 733 1500 788 pro
1530 735 1641 773 LVII
1675 734 1804 774 vero
1843 720 1988 785 aliis,
2023 735 2054 774 a

487 822 551 860 ιιι
569 805 692 860 Maii
725 805 792 859 ad
822 821 994 860 xxvm
1020 804 1190 872 Junii,
1223 806 1294 861 sit
1319 816 1470 862 recta
1496 807 1602 862 BD.
1637 807 1901 874 Quoniam
1926 825 2054 880 ergo

487 913 612 969 qua:
635 898 923 970 intervallo
958 912 988 951 a
1018 897 1141 952 Maii
1183 914 1263 964 ιιι,
1292 898 1359 952 ad
1377 899 1713 953 Dominicam
1741 909 2053 954 sanctorum

487 991 734 1047 omnium
770 990 1082 1060 respondet,
1130 988 1235 1056 BC,
1273 991 1580 1046 communis
1610 998 1694 1046 est
1727 1007 1740 1043 :
1777 993 1822 1046 si
1854 993 1922 1046 ab
1957 1006 2055 1046 ex-

488 1082 678 1138 tremis
704 1081 1002 1146 auferatur,
1042 1095 1383 1151 consequens
1428 1090 1512 1136 est
1549 1093 1754 1136 rectam
1803 1082 1914 1146 ΑΒ,
1949 1084 2054 1138 hoc

485 1181 572 1229 est
590 1173 931 1227 intervallum
955 1186 982 1224 a
1002 1170 1283 1227 Dominica
1310 1172 1531 1228 Pascha:
1548 1174 1710 1246 204.
1727 1173 1794 1228 ad
1820 1191 1881 1229 ιιι
1900 1174 2048 1240 Maii,

486 1264 748 1333 aequalem
769 1279 891 1320 esse
920 1271 1082 1318 rectae
1115 1262 1228 1328 CD,
1259 1265 1375 1318 sive
1406 1265 1692 1320 intervallo
1713 1280 1744 1318 a
1772 1265 2053 1322 Dominica

489 1354 816 1410 Sanctorum
840 1355 1082 1408 omnium
1117 1353 1182 1408 ad
1213 1371 1383 1410 xxvm
1410 1353 1606 1420 Junii,.
1631 1357 1685 1410 in
1723 1372 1831 1427 qua
1859 1357 2053 1428 jejunii

487 1448 754 1502 terminus
781 1453 864 1501 est
897 1462 910 1498 :
944 1446 1164 1500 inventa
1195 1447 1282 1501 die
1308 1448 1534 1512 mensis,
1567 1449 1621 1502 in
1649 1464 1813 1519 quam
1846 1451 2052 1507 incidet

485 1537 718 1602 Pascha,
749 1538 794 1593 si
822 1537 940 1592 dies
965 1545 1344 1608 computemus
1371 1540 1438 1594 ab
1459 1541 1646 1594 eadem
1676 1539 1956 1598 Dominica
1983 1543 2052 1598 ad

488 1644 549 1682 ιιι
575 1627 721 1692 Maii,
756 1628 984 1683 totidem
1037 1628 1358 1686 habebimus
1409 1637 1724 1686 sanctorum
1758 1631 2051 1704 Apostolo-

488 1735 608 1774 rum
631 1719 844 1790 jejunio
873 1719 1189 1791 praeﬁnitas.

491 1915 566 1971 De
589 1919 906 1974 correctione
936 1918 1240 1990 Paschalis,
1269 1923 1408 1977 alias
1464 1925 1529 1980 de
1556 1925 1804 1982 [αισι-εαίὶ
1825 1928 2048 1999 defectu.

558 2075 578 2105 ⁸
599 2073 736 2130 XVI.
757 2075 824 2128 Et
848 2076 963 2132 haac
978 2079 1194 2147 quidem
1221 2081 1373 2136 satis.
1397 2081 1480 2138 Ab
1507 2082 1592 2140 his
1607 2094 1786 2141 autem
1809 2090 2052 2158 proxime

489 2169 861 2223 necessarium
889 2180 992 2235 est,
1025 2172 1314 2227 ostendere
1333 2188 1579 2242 causam,
1625 2191 1726 2231 cur
1757 2193 1931 2233 canon
1964 2180 2054 2236 ille

489 2257 776 2316 Paschalis
805 2278 914 2317 non
942 2269 1059 2318 tuto
1079 2263 1260 2320 editus
1285 2273 1401 2321 est:
1432 2275 1486 2322 et
1513 2276 1695 2324 utrum
1741 2271 1814 2324 ita
1845 2286 1875 2324 a
1906 2272 2054 2341 prin-

485 2353 631 2424 cipio
658 2354 838 2410 editus
862 2354 1047 2422 fuerit,
1084 2374 1290 2426 necne;
1334 2360 1462 2415 item
1484 2376 1607 2416 cum
1624 2364 1700 2418 ita
1726 2365 1816 2429 sit,
1835 2367 2052 2435 quando

487 2445 765 2517 contingat
785 2445 993 2502 Pascha
1032 2463 1062 2501 a
1096 2450 1254 2504 nobis
1284 2450 1387 2506 rite
1428 2452 1711 2519 celebrari,
1751 2465 1804 2510 et
1834 2459 2052 2526 quando

487 2535 556 2590 ab
584 2545 770 2591 exacta
795 2537 978 2608 regula
1009 2537 1208 2594 deﬁcit.
1228 2539 1452 2606 Horum,
1477 2558 1597 2613 quze
1617 2544 1872 2610 diximus,
1907 2550 2053 2604 nulla

488 2628 594 2682 alia
622 2644 783 2686 causa
821 2637 926 2697 est,
956 2640 1153 2702 praeter
1175 2648 1337 2703 quam
1367 2636 1513 2704 quod
1539 2637 1681 2691 lunae
1711 2638 1778 2692 ad
1800 2641 2052 2696 eumdem

486 2721 668 2777 locum
703 2737 800 2792 per
841 2723 1028 2779 decem
1061 2733 1114 2780 et
1149 2740 1344 2781 novem
1393 2743 1563 2784 annos
1585 2727 1858 2788 Romanos
1911 2733 2054 2788 redi-

489 2822 580 2870 tus
606 2831 715 2869 non
748 2800 938 2871 exacte
983 2832 1014 2870 a
1044 2817 1202 2872 nobis
1231 2827 1543 2888 assumptus
1571 2829 1674 2888 est,
1701 2823 2055 2892 quemadmo-

490 2906 623 2961 dum
655 2908 709 2961 in
732 2923 994 2976 processu
1035 2925 1131 2980 per
1163 2911 1323 2964 aliam
1381 2919 1682 2984 temporum
1739 2919 2052 2973 conversio-

487 3013 613 3052 nem
646 3000 1017 3066 ostendemus,
1077 3016 1198 3073 quae
1238 3017 1335 3071 per
1386 3018 1561 3060 annos
1593 3007 1786 3076 viginti
1813 3010 2052 3079 quinque

488 3086 838 3157 Egyptiacos
900 3090 980 3154 ﬁt,
1044 3098 1099 3145 et
1154 3107 1259 3161 qua
1301 3093 1564 3150 mirabilis
1612 3094 1934 3154 Ptolemaeus
1995 3100 2050 3153 in

488 3194 654 3248 opere
682 3183 1110 3238 constructionis
1135 3199 1272 3239 usus
1301 3193 1404 3250 est,
1438 3185 1579 3240 facta
1608 3188 1890 3259 utriusque
1915 3205 2050 3245 con-

487 3273 758 3329 versionis
787 3275 929 3329 inter
959 3291 1018 3330 se
1063 3278 1492 3347 comparatione.
1533 3277 1925 3349 Comparamus
1955 3298 2052 3338 au-

489 3371 599 3418 tem
623 3369 720 3419 sic.
747 3363 1298 3422 Decemnovennalem
1323 3368 1463 3423 luna:
1487 3373 1894 3429 conversionem
1917 3391 2053 3446 qua-

489 3455 809 3524 druplamus
835 3455 999 3527 (quod
1049 3472 1147 3527 per
1177 3458 1594 3527 quadriennium
1635 3475 1809 3518 annus
1847 3461 2047 3518 Roma-

489 3563 595 3602 nus
617 3564 684 3602 ex
704 3548 1068 3618 quadrantum
1097 3551 1416 3606 diurnorum
1451 3554 1767 3609 accessione
1793 3558 2052 3612 restitua-

486 3636 620 3706 tur).
661 3636 738 3692 lta
767 3637 899 3692 ﬁunt
922 3639 1049 3692 anni
1075 3638 1305 3694 Romani
1333 3657 1515 3696 Lxxw.
1547 3642 1856 3714 Triplamus
1886 3646 2049 3701 etiam

488 3729 679 3785 eodem
717 3730 879 3784 modo
908 3730 1099 3802 viginti
1128 3732 1367 3802 quinque
1401 3747 1668 3788 annorum
1697 3733 2049 3807 Egyptiaco-

489 3837 612 3876 rum
652 3822 904 3890 lustrum,
936 3833 990 3877 et
1021 3823 1150 3878 facit
1183 3839 1358 3880 annos
1385 3840 1544 3879 Lxxv.
1580 3824 1688 3879 Hos
1715 3842 1854 3880 Lxxv
1880 3827 2050 3900 Egy-

490 3913 701 3983 ptiacos
756 3929 928 3970 annos
981 3922 1174 3970 exacta
1234 3916 1376 3970 lunze
1435 3919 1710 3972 restitutio
1777 3921 2052 3975 antevenit

489 4005 762 4075 scrupulis
800 4006 1011 4061 diurnis
1076 4009 1442 4077 sexagenariis
1497 4009 1564 4073 8',
1599 4009 1717 4063 2i".
1753 4010 1888 4077 Quia
1922 4028 2050 4067 vero

493 4112 656 4152 uxvt
688 4099 814 4152 anni
862 4096 1094 4153 Romani
1125 4115 1264 4154 Lxxv
1293 4114 1466 4156 annos
1512 4100 1862 4173 Egyptiacos
1890 4117 2052 4175 supe-

488 4199 614 4247 rant
653 4192 845 4248 diebus
878 4208 1198 4259 cccuxxtv,
1229 4194 1338 4249 illis
1367 4195 1414 4249 si
1444 4194 1806 4264 adjecerimus
1838 4199 2050 4268 portio-

487 4301 613 4340 nem
654 4285 904 4340 diurnam
941 4287 1007 4341 de
1032 4295 1224 4342 exacta
1278 4288 1420 4342 luna:
1470 4290 1848 4354 conversione,
1896 4307 2052 4348 scru-

487 4375 618 4446 pula
641 4375 711 4442 8',
743 4375 860 4444 τιν’,
903 4382 958 4429 et
1008 4375 1074 4431 de
1128 4375 1379 4433 conﬂatis
1424 4377 1616 4434 diebus
1673 4380 1799 4459 584,
1831 4381 1899 4450 8',
1929 4383 2049 4450 2i",

488 4467 880 4524 deduxerimus
903 4468 1171 4523 mensium
1202 4468 1464 4524 tredecim
1495 4469 1770 4524 lunarium
1814 4472 1930 4529 dies
1962 4489 2052 4544 ap-
2083 4491 2127 4547 ο

487 4561 747 4632 pendices
770 4560 894 4626 585,
921 4561 1025 4625 ὅδ’,
1058 4561 1196 4616 52¹’;
1238 4561 1561 4618 habebimus
1615 4571 1860 4620 exactam
1910 4566 2054 4623 lunae

487 4653 908 4717 restitutionem,
942 4667 1048 4722 qua
1069 4653 1592 4710 decemnovennales
1626 4662 1862 4722 quatuor
1891 4657 2054 4714 orbes

488 4743 768 4802 Romanos
799 4746 1073 4800 antevenit
1097 4747 1369 4815 scrupulis
1397 4745 1609 4802 diurnis
1639 4748 1742 4813 μ’,
1780 4748 1902 4813 29",
1933 4766 2054 4820 qua:

485 4837 703 4906 quidem
736 4843 818 4892 est
840 4835 1016 4906 portio
1037 4834 1143 4889 diei
1168 4837 1349 4890 minor
1380 4835 1704 4905 quadrante.
1736 4835 1845 4892 Sed
1877 4836 2051 4894 inter-

491 4944 556 4986 ea
615 4936 733 4984 esto
766 4927 1045 4998 quadrans
1077 4926 1212 4981 fere.
1267 4925 1328 4980 ln
1383 4936 1618 4997 quatuor
1680 4943 1810 4999 ergo
1865 4928 2056 4986 lustris

488 5021 829 5093 septuaginta
856 5034 951 5074 sex
977 5031 1266 5080 annorum,
1300 5018 1402 5071 hoc
1431 5024 1516 5071 est
1550 5016 1604 5071 in
1636 5019 1894 5074 trecentis
1920 5035 2053 5088 qua-

486 5126 610 5172 tuor
638 5115 793 5171 annis
821 5111 1103 5175 Romanis,
1130 5125 1252 5180 quae
1277 5125 1370 5180 per
1407 5109 1578 5166 denos
1608 5125 1852 5167 novenos
1881 5126 2054 5167 annos

485 5209 547 5264 ﬁt
579 5205 856 5264 restitutio
885 5219 995 5258 non
1043 5212 1255 5266 exacta,
1286 5210 1508 5272 superat
1533 5202 1937 5258 exactissimam
1967 5203 2056 5258 die

487 5307 599 5347 uno
630 5291 864 5360 integro.
897 5287 1074 5357 Atque
1101 5285 1309 5342 idcirco
1340 5286 1498 5341 facile
1514 5285 1845 5357 deprehendi
1875 5296 2055 5356 potest

489 5399 756 5441 canonem
792 5382 1137 5437 deiicientem
1173 5379 1335 5435 hodie
1360 5379 1574 5435 duabus
1601 5379 1794 5435 diebus
1824 5395 1855 5434 a
1889 5380 2056 5448 pleni-

489 5478 642 5531 lunio
671 5475 882 5530 Pascha
905 5472 1120 5528 Judaici
1139 5481 1265 5526 ante
1283 5471 1369 5526 bis
1408 5477 1682 5526 trecentos
1703 5477 1941 5540 quatuor
1963 5486 2053 5525 an-

489 5585 590 5624 nos
616 5569 890 5623 Romanos
929 5573 1304 5622 constructum
1360 5563 1546 5620 fuisse.
1576 5563 1783 5630 Quodsi
1812 5563 2050 5619 Pascha-

1485 326 1830 383 APPENDIX
1863 327 1954 382 AD
1986 325 2249 383 EUSEBII
2284 325 2701 384 CHRONICON.

559 439 642 495 Sit
690 441 834 495 enim
886 441 940 494 in
989 439 1093 496 hoc
1133 440 1524 513 diagrammate
1557 453 1704 499 recta
1739 444 1828 498 AB
1883 446 2054 500 instar
2082 451 2129 505 Α

3593 323 3722 378 I508

2230 444 2409 497 Ἔστω
2437 444 2545 516 γάρ
2575 445 2694 498 ἀντὶ
2730 443 2826 514 μὲν
2854 441 2961 495 τῶν
2990 440 3066 506 νζ
3098 439 3319 512 ἡμερῶν
3343 439 3456 493 τῶν
3484 439 3595 493 ἀπὸ
3625 441 3725 510 τῆς

2152 535 2409 608 λαμπρᾶς
2431 537 2714 608 Κυριακῆς
2749 536 2876 608 ἄχρι
2915 535 3009 589 καὶ
3035 534 3144 588 τῶν
3175 536 3344 604 ἁγίων
3382 533 3725 586 ’Δποστόλων
3761 555 3764 560 ’

2153 629 2247 681 καὶ
2286 629 2500 683 πάντων
2530 628 2813 699 Κυριακῆς
2839 630 2870 698 ἡ
2899 628 2999 680 AB’
3039 627 3238 681 εὐθεῖα·
3272 626 3390 680 ἀντὶ
3421 626 3481 678 δὲ
3513 625 3627 678 τῶν
3649 625 3726 689 νζ*

2150 720 2374 791 ἡμερῶν
2409 720 2666 784 ὡσαύτως
2695 720 2772 791 τῷ
2805 720 2923 773 ἀπο
2941 719 3039 788 τῆς
3060 719 3249 791 τρίτης
3273 718 3366 771 τοῦ
3393 719 3576 772 Μαΐου
3601 717 3727 788 ἄχρι

2152 810 2247 861 καὶ
2275 808 2374 880 τῆς
2405 808 2493 880 κη’
2525 808 2618 861 τοῦ
2664 809 2878 862 Ἰουνίου
2913 809 2946 879 ή
2973 808 3085 860 ΓΔ’.
3125 808 3233 860 Καὶ
3269 809 3389 861 ἐπεὶ
3420 809 3454 878 ἡ
3491 808 3606 860 ἀπὸ
3629 807 3726 876 τῆς

2151 900 2342 972 τρίτης
2373 900 2464 953 τοῦ
2491 901 2667 954 Μαΐου
2696 900 2820 970 ἄχρι
2853 901 2944 952 καὶ
2968 900 3066 971 τῆς
3092 900 3379 970 Κυριακῆς
3399 899 3511 952 τῶν
3527 899 3728 965 ’Δγέων

2153 989 2368 1044 πάντων
2391 992 2542 1062 κοινή
2569 993 2736 1044 ἐστιν’
2762 991 3149 1063 ἀφαιρεθείσης
3168 992 3369 1062 ταύτης
3387 992 3497 1045 τῶν
3516 993 3727 1063 ἄκρων,

2151 1081 2396 1136 λείπεται
2424 1084 2456 1154 ἡ
2479 1083 2590 1138 AI".
2617 1083 2889 1136 τουτέστιν
2924 1085 2956 1154 ἡ
2977 1083 3085 1136 ἀπὸ
3110 1084 3210 1154 τῆς
3236 1082 3498 1154 λαμπρᾶς
3517 1085 3732 1154 Κυρια-

2151 1172 2253 1242 κῆς
2270 1172 2393 1244 ἄχρι
2418 1173 2509 1226 καὶ
2530 1174 2629 1245 τῆς
2647 1174 2695 1242 γ’
2722 1174 2814 1227 τοῦ
2831 1174 3027 1237 Μαΐου,
3057 1174 3144 1246 ἴση
3167 1171 3306 1227 εἶναι
3331 1177 3396 1246 τῇ
3419 1175 3542 1237 BA',
3571 1191 3731 1226 τουτ-

2152 1265 2265 1318 έστι
2293 1269 2361 1336 τῇ
2385 1266 2491 1319 ἀπὸ
2518 1266 2617 1336 τῆς
2643 1266 2924 1336 Κυριακῆς
2949 1264 3057 1317 τῶν
3099 1265 3292 1334 Ἀγίων
3323 1265 3567 1329 πάντων,
3601 1265 3727 1334 ἄχρι

2151 1355 2246 1406 καὶ
2282 1355 2379 1425 τῆς
2408 1354 2492 1424 κη’
2519 1353 2612 1406 τοῦ
2658 1353 2896 1418 Ἰουνίου,
2938 1353 3059 1408 καθ’
3094 1354 3160 1424 ἦν
3197 1355 3312 1406 ὲστι
3348 1354 3406 1407 τὸ
3438 1354 3599 1416 τέλος
3628 1355 3728 1424 τῆς

2151 1444 2428 1516 νηστείας·
2455 1443 2593 1514 μετὰ
2619 1444 2680 1496 τὸ
2701 1444 2882 1514 εὑρεῖν
2905 1444 3002 1514 τὴν
3021 1444 3233 1514 ἡμέραν
3261 1443 3355 1496 τοῦ
3389 1444 3563 1514 μηνὸς
3606 1445 3730 1498 καθ’

2150 1537 2217 1608 ἣν
2247 1535 2396 1589 ἔσται
2427 1536 2487 1589 τὸ
2523 1535 2736 1605 Πάσχα,
2767 1535 3172 1607 ἀριθμήσαντες
3195 1536 3317 1588 ὅσαι
3348 1536 3557 1606 ἡμέραι
3593 1535 3728 1589 εἰσὶν

2150 1629 2244 1682 ἀπ’
2267 1629 2436 1699 αὐτῆς
2462 1627 2588 1698 ἄχρι
2613 1628 2707 1680 καὶ¹
2728 1627 2830 1697 τῆς
2856 1627 2949 1680 τοῦ
2976 1627 3151 1680 Μαΐου
3180 1628 3390 1697 τρίτης,
3414 1627 3517 1691 τὰς
3539 1629 3732 1682 τοσαύ-

2149 1737 2248 1782 τας
2276 1719 2467 1790 ἓξομεν
2497 1720 2591 1773 τοῦ
2625 1718 2862 1790 πλήθους
2897 1718 3007 1772 τῶν
3042 1719 3264 1790 ἡμερῶν
3289 1722 3387 1791 τῆς
3416 1719 3530 1773 τῶν
3560 1722 3728 1790 ἀγίων

2080 1792 2124 1847 Β
2168 1811 2502 1865 Ἀποστόλων
2531 1811 2803 1881 νηστείας.

2154 1923 2294 1993 Περὶ
2340 1921 2471 1995 τῆςω
2493 1922 2598 1977 τοῦ
2623 1922 2856 1995 *Πάσχα
2889 1923 3295 1995 διορθώσεως,
3341 1925 3547 1992 ἄλλως
3595 1928 3726 1995 περὶ

2397 1991 2508 2060 τῆς
2545 1992 2650 2046 τοῦ
2685 1994 2968 2047 κανονίου
3005 1997 3471 2062 σφαιίερότητος.

2222 2083 2344 2151 ις’.
2391 2085 2502 2138 Καὶ
2545 2082 2717 2138 ταῦτα
2766 2086 2864 2156 μὲν
2915 2086 3129 2148 ἱκανῶς·
3173 2087 3371 2157 ἐφεξῆς
3413 2089 3473 2141 δὲ
3517 2089 3728 2153 τούτοις

2153 2177 2446 2245 ἀναγκαῖον
2477 2177 2646 2243 δεῖξαι
2670 2178 2770 2248 τήν
2797 2194 2856 2229 τε
2881 2177 3060 2230 αἰτίαν
3091 2177 3184 2230 τοῦ
3221 2180 3508 2251 σφαλερῶς
3543 2183 3726 2234 ἐκκεῖ-

2156 2267 2276 2320 σθαι
2313 2267 2375 2319 τὸ
2415 2267 2701 2338 εἰρημένον
2746 2267 2853 2320 τῶν
2885 2267 3204 2338 Πασχαλίων
3246 2269 3513 2332 κανόνιον,
3557 2271 3655 2322 καὶ
3682 2274 3727 2324 εἰ

2153 2357 2246 2411 ἀπ’
2279 2359 2453 2429 ἀρχῆς
2494 2357 2666 2420 οὕτως
2707 2356 2965 2423 ἔκκειται,
3007 2357 3116 2410 εἴτε
3161 2359 3252 2410 καὶ
3287 2359 3384 2430 μή·
3412 2358 3493 2411 ἔτι
3523 2358 3607 2423 δὲ,
3637 2360 3728 2412 καὶ

2151 2451 2324 2514 οὕτως
2358 2450 2598 2520 ἔχοντος,
2644 2449 2773 2501 πότε
2811 2449 3097 2520 συμϐαίνει
3137 2449 3310 2520 ὀρθῶς
3349 2449 3626 2504 τελεῖσθαι
3668 2457 3726 2504 τύ

2152 2542 2344 2610 Πάσχα
2384 2542 2472 2610 ὑφ’
2515 2539 2691 2611 ἡμῶνο
2740 2539 2870 2592 πότε
2915 2541 2972 2593 δὲ
3002 2542 3101 2611 τῆς
3138 2539 3394 2612 ἀκριϐοῦς
3436 2542 3728 2593 ἐκπίπτειν

2151 2634 2459 2707 ὀρθότητος.
2504 2633 2567 2684 Ἡ
2606 2632 2704 2702 μὲν
2739 2627 2830 2685 οὖν
2859 2631 3005 2684 αἰτία
3033 2631 3140 2684 τῶν
3170 2632 3424 2686 τοιούτων
3458 2635 3562 2686 οὐκ
3594 2632 3725 2704 άλλη

2151 2725 2233 2788 τίς
2262 2727 2436 2792 ἐστιν,
2471 2725 2518 2777 εἰ
2563 2723 2636 2795 μὴ
2669 2723 2810 2795 ὃτιή
2844 2722 2931 2776 διὰ
2955 2723 3063 2776 τῶν
3099 2723 3164 2776 ιϐ’
3205 2723 3532 2796 Ῥωμαῖκῶν
3572 2725 3723 2788 ὲτιῖιν,

2151 2818 2244 2881 οὓς
2270 2818 2366 2871 καὶ
2393 2816 2740 2887 σεληνιακοὺς
2767 2816 2998 2879 κύκλους
3024 2817 3316 2888 καλοῦμεν,
3341 2818 3607 2889 γινομένη
3632 2818 3728 2888 τῆς

2153 2909 2382 2979 σελήνης
2432 2907 2899 2971 ἀποκατάστασις,
2951 2909 3050 2960 οὐκ
3094 2907 3207 2961 ἔστι
3254 2908 3393 2962 κατά
3438 2909 3503 2962 τὸ
3552 2910 3727 2978 πάντη

2150 2999 2375 3071 ἀκριϐὲς
2395 2999 2719 3070 είλημμένη·
2740 2991 2825 3062 ’ὡς
2852 2999 3130 3071 προϊόντες
3158 2999 3399 3071 δείξομεν
3431 3000 3499 3054 δι’
3537 3001 3728 3070 ἑτέρα

2150 3092 2406 3163 χρονικῆς
2434 3092 2926 3155 ἀποκαταστάσεως
2964 3091 3066 3162 τῆς
3108 3092 3197 3145 διά
3236 3100 3313 3146 κε’
3336 3094 3728 3161 Αἰγυπτιακῶν

2156 3184 2292 3236 ἑτῶν
2339 3183 2480 3236 κατὰ
2523 3183 2583 3236 τὸ
2626 3184 3013 3256 ἀκριϐέστερον
3055 3184 3361 3256 γινομένης,
3400 3181 3547 3259 ᾗτινι
3591 3187 3726 3239 καὶὸ

2156 3276 2256 3330 θαυ
2267 3277 2459 3347 μάσιος
2483 3278 2752 3348 ἐχρήσατο
2768 3278 3096 3348 Πτολεμαῖος
3112 3279 3169 3332 ὲν
3185 3280 3248 3348 τῇ
3267 3279 3364 3349 τῆς
3377 3281 3421 3331 Σ
3423 3278 3728 3342 υντάξειι·ς

2155 3369 2530 3440 πραγματείᾳ,
2569 3370 2955 3438 συγκρίναντες
2985 3368 3186 3431 ταύτας
3221 3368 3498 3438 ἀλλήλαις,
3535 3368 3726 3422 Ποιοῦ-

2159 3477 2256 3530 μεν
2283 3459 2340 3511 δὲ
2375 3459 2474 3531 τὴν
2508 3457 2793 3530 σύγκρισιν
2835 3457 2994 3512 οὕτω·
3037 3458 3593 3530 Τετραπλασιάζομεν
3634 3461 3728 3530 τὴν

2156 3552 2665 3624 ἐννεαδεκαετηρίδα
2687 3553 2784 3622 τῆς
2805 3551 3048 3624 σελήνης,
3071 3553 3164 3606 καὶ
3183 3554 3419 3621 γίνονται
3443 3553 3728 3624 Ῥωμαῖκά

2156 3641 2249 3713 ἔτη
2283 3643 2389 3707 eg"
2425 3642 2883 3714 τριπλασιάζομεν
2910 3644 2953 3696 δ’
2981 3645 3237 3708 ὡσαύτως
3270 3645 3361 3698 καὶ
3390 3645 3490 3715 τὴν
3529 3646 3728 3698 εἰκοσι-

2157 3734 2545 3806 πενταετηρίδα
2572 3734 2679 3788 τῶν
2706 3735 3109 3802 Αἰγυπτιακῶν,
3137 3736 3230 3788 καὶ
3257 3739 3398 3788 ποιεῖ
3418 3736 3511 3791 σε’.
3545 3735 3727 3793 Ταῦτα

2154 3824 2211 3876 δὲ
2238 3825 2306 3879 τὰ
2331 3825 2400 3877 οε⁹
2427 3825 2766 3894 Αἰγυπτιακὰ
2789 3824 2881 3896 ἔτη
2915 3825 3281 3896 προλαμϐάνει
3303 3828 3334 3896 ἡ
3357 3826 3723 3896 ἀκριϐεστάτη

2154 3917 2252 3987 τῆς
2303 3915 2530 3988 σελήνης
2574 3917 3014 3980 ἀποκατάστασις
3060 3917 3370 3988 ἑξηκοστοῖς
3411 3918 3632 3989 ἡμέρας
3677 3918 3724 3990 η’

2155 4007 2275 4060 κα”.
2322 4007 2474 4060 Ἐπεὶ
2511 4007 2568 4059 δὲ
2601 4007 2696 4061 καὶ
2731 4007 2797 4060 τά
2840 4007 2925 4072 ος·’
2962 4007 3243 4079 Ῥωμαῖκά
3273 4007 3365 4079 ἔτη
3397 4008 3509 4061 τῶν
3537 4017 3610 4062 οε¹
3637 4012 3726 4062 Αἰ-

2155 4094 2471 4163 γυπτιακῶν
2514 4096 2869 4166 ὑπερέχουσιν
2915 4097 3148 4168 ἡμέραις
3188 4098 3323 4164 τπδ’,
3370 4099 3602 4162 ταύταις
3637 4100 3726 4152 ἐὰν

2156 4184 2481 4256 προσθῶμεν
2519 4185 2586 4238 τά
2624 4185 2731 4238 ἀπὸ
2767 4189 2866 4257 τῆς
2910 4186 3304 4258 ἀκριϐεστάτης
3345 4189 3724 4243 ἀποκαταστά-

2157 4291 2294 4338 σεως
2322 4274 2372 4346 η’
2403 4275 2523 4341 κα”,
2549 4276 2642 4328 καὶ
2673 4275 2781 4330 τῶν
2819 4277 3123 4348 γενομένων
3155 4278 3270 4330 τπδ’
3303 4279 3528 4350 ἡμερῶν
3556 4281 3606 4352 η’
3631 4280 3722 4333 κα¹

2157 4365 2442 4437 ἀφέλωμεν
2477 4367 2999 4439 τρισκαιδεκάμηνον
3028 4369 3284 4432 ὲπουσίας
3315 4370 3543 4440 ἡμερῶν
3572 4373 3722 4443 σελή-

2157 4475 2254 4530 νης
2278 4465 2422 4527 τπγ’,
2447 4459 2550 4528 νγ’,
2567 4459 2678 4530 νβ”⁸
2709 4461 2899 4530 ἕξομεν
2927 4462 3024 4532 τὴν
3051 4463 3252 4534 ἀκριϐῆ
3284 4465 3726 4520 ἀποκατάστασιν

2153 4551 2254 4621 τῆς
2282 4551 2528 4623 σελήνης,
2566 4552 3050 4623 προλαμϐάνουσαν
3087 4553 3184 4625 τὴν
3221 4555 3306 4608 διὰ
3340 4557 3449 4608 τῶν
3481 4558 3723 4612 ἐννεαδε-

2155 4641 2489 4712 καετηρίδων
2517 4641 2822 4713 ἑξηκοστοῖς
2850 4643 3064 4713 ἡμέρας
3092 4643 3156 4706 o',
3189 4644 3270 4709 ιδ’,
3300 4645 3426 4710 κθ”,
3444 4647 3594 4718 ἆπερ
3623 4649 3725 4702 είσὶ

2159 4732 2324 4803 μέρος
2370 4733 2580 4803 ἡμέρας
2619 4733 2841 4786 ἔλασσον
2874 4734 2907 4806 ἢ
2945 4734 3006 4787 δ’.
3043 4735 3192 4799 Τέως
3229 4736 3369 4790 ἔστω
3400 4738 3445 4791 δ(
3475 4740 3723 4808 ἔγγιστα.

2156 4826 2320 4878 Ὥστε
2347 4826 2406 4877 ὲν
2429 4824 2503 4876 τδ¹
2547 4825 2872 4894 Ῥωμαϊκοῖς
2900 4825 3074 4880 ἔτεσιν
3097 4828 3130 4898 ἡ
3162 4827 3250 4880 διὰ
3270 4828 3378 4882 τῶν
3406 4832 3723 4887 ὲννεαδεκα-

2154 4916 2416 4988 ετηρίδων
2463 4916 2902 4980 ἀποκατάστασις
2961 4918 3035 4990 μὴ
3094 4919 3324 4990 ἀκριϐὴς
3367 4921 3590 4994 ὑστερεῖ
3630 4925 3725 4995 τῆς

2157 5009 2559 5080 ἀκριϐεστάτης
2584 5009 2766 5080 ἡμέρᾳ
2795 5009 2975 5080 τελείᾳ
3003 5010 3072 5065 α’.
3108 5012 3220 5065 Καὶ
3255 5012 3343 5066 διὰ
3377 5013 3538 5068 τοῦτο
3567 5017 3725 5071 εὐκα-

2155 5102 2415 5172 τανόητον
2442 5101 2616 5162 ἔσται,
2653 5102 2734 5155 ὃτι
2761 5101 2822 5154 τὸ
2849 5103 3093 5156 κανόνιον
3125 5104 3277 5158 δυσὶν
3303 5106 3541 5178 ἡμέραις
3574 5110 3725 5163 ἐκπί-

2158 5212 2290 5248 πτον
2311 5197 2410 5266 τῆς
2437 5194 2577 5248 κατὰ
2602 5194 2673 5248 τὰ
2706 5194 2965 5249 Ἰουδαῖκά
2986 5198 3270 5266 Πασχάλια
3292 5200 3725 5272 πανσεληνιακῆς

2156 5286 2369 5358 ἡμέρας
2389 5290 2445 5340 ὲν
2465 5289 2574 5351 τοῖς
2600 5287 2694 5341 νῦν
2720 5289 2954 5360 χρόνοις,
2982 5289 3086 5359 πρὸ
3106 5290 3180 5343 τδ¹
3197 5292 3218 5322 θ
3241 5291 3566 5360 Ῥωμαϊκῶν
3593 5295 3726 5346 ἐτῶν

2165 5379 2412 5449 συνέστη.
2449 5379 2606 5432 Ἀλλά
2632 5381 2725 5432 καὶ
2745 5379 2901 5450 εἴπερ
2925 5381 2956 5450 ἡ
2987 5379 3092 5432 τῶν
3115 5381 3434 5450 Πασχαλίων
3459 5383 3723 5452 πανσελη-

2160 5469 2321 5540 νιακὴ
2365 5471 2545 5542 ἡμέρα
2591 5471 2686 5540 τὴν
2733 5470 2932 5541 ἀκριϐῆ
2981 5471 3166 5543 ἐδήλου
3219 5472 3327 5526 τῶν
3377 5475 3722 5545 πανσελήνων

2157 5562 2324 5634 ὥραν,
2365 5565 2579 5632 εἴχομεν
2609 5563 2674 5614 ἂν
2708 5562 2930 5616 δυνατὸν
2959 5562 3366 5630 ἐπιλογίσασθαι
3393 5567 3485 5619 καὶ
3513 5567 3592 5618 ἔτι
3627 5565 3720 5637 πρὸ

559 5724 580 5754 ⁸
615 5718 782 5790 Hujus
809 5722 992 5790 capitis
1028 5721 1266 5775 Latinam
1295 5721 1576 5775 versionem
1606 5737 1636 5775 a
1658 5717 1924 5791 Scaligero
1955 5719 2148 5776 editam
2170 5721 2460 5790 posuimus.
2532 5720 2550 5747 “
2570 5718 2804 5790 Scaliger
2838 5717 2913 5773 bis
2944 5719 3044 5774 504
3077 5719 3224 5790 legit.
