  <div class='ocr_page' id='page_1' title='image "/cluster/home/n/w/nwhite01/storage/ocr_20150623/19/mdp.39015061293422/662.png"; bbox 0 0 3948 6264; ppageno 0'>
   <div class='ocr_carea' id='block_1_1' title="bbox 267 349 398 410">
    <p class='ocr_par' dir='ltr' id='par_1_1' title="bbox 267 349 398 410">
     <span class='ocr_line' id='line_1_1' title="bbox 267 349 398 410; baseline -0.015 -2"><span class='ocrx_word' id='word_1_1' title='bbox 267 352 289 408; x_wconf 79' lang='grc'><strong>1</strong></span> <span class='ocrx_word' id='word_1_2' title='bbox 299 349 398 410; x_wconf 73' lang='lat'><strong>309</strong></span> 
     </span>
    </p>
   </div>
   <div class='ocr_carea' id='block_1_2' title="bbox 1161 345 2633 406">
    <p class='ocr_par' dir='ltr' id='par_1_2' title="bbox 1161 345 2633 406">
     <span class='ocr_line' id='line_1_2' title="bbox 1161 345 2633 406; baseline 0 -4"><span class='ocrx_word' id='word_1_3' title='bbox 1161 347 1387 405; x_wconf 80' lang='lat' dir='ltr'><strong>ISAACI</strong></span> <span class='ocrx_word' id='word_1_4' title='bbox 1427 347 1734 404; x_wconf 75' lang='lat' dir='ltr'><strong>MONACHI</strong></span> <span class='ocrx_word' id='word_1_5' title='bbox 1771 348 2150 406; x_wconf 86' lang='lat' dir='ltr'><strong>COMPUTUS</strong></span> <span class='ocrx_word' id='word_1_6' title='bbox 2195 345 2633 404; x_wconf 82' lang='lat' dir='ltr'><strong>ECCLESIAST.</strong></span> 
     </span>
    </p>
   </div>
   <div class='ocr_carea' id='block_1_3' title="bbox 3343 354 3486 410">
    <p class='ocr_par' dir='ltr' id='par_1_3' title="bbox 3343 354 3486 410">
     <span class='ocr_line' id='line_1_3' title="bbox 3343 354 3486 410; baseline -0.014 -1"><span class='ocrx_word' id='word_1_7' title='bbox 3343 354 3486 410; x_wconf 75' lang='grc'><strong>1510</strong></span> 
     </span>
    </p>
   </div>
   <div class='ocr_carea' id='block_1_4' title="bbox 264 459 1834 535">
    <p class='ocr_par' dir='ltr' id='par_1_4' title="bbox 264 459 1818 534">
     <span class='ocr_line' id='line_1_4' title="bbox 264 459 1818 534; baseline -0.001 -16"><span class='ocrx_word' id='word_1_8' title='bbox 264 463 438 518; x_wconf 83' lang='grc' dir='ltr'>πόσων</span> <span class='ocrx_word' id='word_1_9' title='bbox 481 459 616 515; x_wconf 87' lang='grc' dir='ltr'>ἐτῶν</span> <span class='ocrx_word' id='word_1_10' title='bbox 648 461 709 514; x_wconf 82' lang='grc' dir='ltr'>τὺ</span> <span class='ocrx_word' id='word_1_11' title='bbox 749 461 986 515; x_wconf 88' lang='grc' dir='ltr'>τοιοῦτον</span> <span class='ocrx_word' id='word_1_12' title='bbox 1027 477 1269 517; x_wconf 84' lang='grc' dir='ltr'>κανονιον</span> <span class='ocrx_word' id='word_1_13' title='bbox 1315 464 1566 534; x_wconf 83' lang='grc' dir='ltr'><strong>συνέστη.</strong></span> <span class='ocrx_word' id='word_1_14' title='bbox 1602 465 1748 526; x_wconf 79' lang='grc' dir='ltr'>Τέως</span> <span class='ocrx_word' id='word_1_15' title='bbox 1775 464 1818 516; x_wconf 84' lang='grc' dir='ltr'>δ’</span> 
     </span>
    </p>
   </div>
   <div class='ocr_carea' id='block_1_5' title="bbox 1935 459 3490 535">
    <p class='ocr_par' dir='ltr' id='par_1_5' title="bbox 1935 463 3490 535">
     <span class='ocr_line' id='line_1_5' title="bbox 1935 463 3490 535; baseline 0.006 -18"><span class='ocrx_word' id='word_1_16' title='bbox 1935 465 2053 518; x_wconf 65' lang='lat' dir='ltr'><strong>lium</strong></span> <span class='ocrx_word' id='word_1_17' title='bbox 2086 463 2507 535; x_wconf 88' lang='lat' dir='ltr'><strong>pleniluniorum</strong></span> <span class='ocrx_word' id='word_1_18' title='bbox 2538 464 2657 519; x_wconf 92' lang='lat' dir='ltr'><strong>dies</strong></span> <span class='ocrx_word' id='word_1_19' title='bbox 2706 465 3111 521; x_wconf 86' lang='lat' dir='ltr'><strong>exactissimum</strong></span> <span class='ocrx_word' id='word_1_20' title='bbox 3177 468 3490 528; x_wconf 82' lang='lat' dir='ltr'><strong>ostenderet</strong></span> 
     </span>
    </p>
   </div>
   <div class='ocr_carea' id='block_1_6' title="bbox 265 553 1820 627">
    <p class='ocr_par' dir='ltr' id='par_1_6' title="bbox 265 553 1820 627">
     <span class='ocr_line' id='line_1_6' title="bbox 265 553 1820 627; baseline -0.002 -16"><span class='ocrx_word' id='word_1_21' title='bbox 265 558 347 611; x_wconf 80' lang='grc' dir='ltr'><strong>ἵνα</strong></span> <span class='ocrx_word' id='word_1_22' title='bbox 378 553 593 623; x_wconf 83' lang='grc' dir='ltr'><strong>γνῶμεν</strong></span> <span class='ocrx_word' id='word_1_23' title='bbox 631 555 772 625; x_wconf 89' lang='grc' dir='ltr'><strong>μετά</strong></span> <span class='ocrx_word' id='word_1_24' title='bbox 812 555 954 608; x_wconf 90' lang='grc' dir='ltr'>πόσα</span> <span class='ocrx_word' id='word_1_25' title='bbox 987 555 1080 626; x_wconf 80' lang='grc' dir='ltr'><strong>ἐτη</strong></span> <span class='ocrx_word' id='word_1_26' title='bbox 1117 554 1210 608; x_wconf 92' lang='grc' dir='ltr'><strong>τοῦ</strong></span> <span class='ocrx_word' id='word_1_27' title='bbox 1247 557 1511 627; x_wconf 76' lang='grc' dir='ltr'><strong>παρόντος</strong></span> <span class='ocrx_word' id='word_1_28' title='bbox 1538 556 1740 609; x_wconf 85' lang='grc' dir='ltr'>τέλειαι</span> <span class='ocrx_word' id='word_1_29' title='bbox 1777 556 1820 626; x_wconf 86' lang='grc' dir='ltr'><strong>β’</strong></span> 
     </span>
    </p>
   </div>
   <div class='ocr_carea' id='block_1_7' title="bbox 264 645 1823 720">
    <p class='ocr_par' dir='ltr' id='par_1_7' title="bbox 264 645 1823 720">
     <span class='ocr_line' id='line_1_7' title="bbox 264 645 1823 720; baseline 0.003 -22"><span class='ocrx_word' id='word_1_30' title='bbox 264 646 461 718; x_wconf 81' lang='grc' dir='ltr'><strong>ἡμέραι</strong></span> <span class='ocrx_word' id='word_1_31' title='bbox 489 645 983 718; x_wconf 87' lang='grc' dir='ltr'>ἀπαρτισθήσονται</span> <span class='ocrx_word' id='word_1_32' title='bbox 1017 651 1070 701; x_wconf 86' lang='grc' dir='ltr'>αἱ</span> <span class='ocrx_word' id='word_1_33' title='bbox 1101 651 1200 720; x_wconf 86' lang='grc' dir='ltr'><strong>τῆς</strong></span> <span class='ocrx_word' id='word_1_34' title='bbox 1220 650 1504 720; x_wconf 87' lang='grc' dir='ltr'>ἀκριϐείας</span> <span class='ocrx_word' id='word_1_35' title='bbox 1530 651 1823 704; x_wconf 86' lang='grc' dir='ltr'>ἐκπίπτου-</span> 
     </span>
    </p>
   </div>
   <div class='ocr_carea' id='block_1_8' title="bbox 266 732 1824 812">
    <p class='ocr_par' dir='ltr' id='par_1_8' title="bbox 266 732 1824 812">
     <span class='ocr_line' id='line_1_8' title="bbox 266 732 1824 812; baseline 0.001 -20"><span class='ocrx_word' id='word_1_36' title='bbox 266 756 369 800; x_wconf 87' lang='grc' dir='ltr'>σαι,</span> <span class='ocrx_word' id='word_1_37' title='bbox 395 732 724 808; x_wconf 77' lang='grc' dir='ltr'>ἐποιήσαμεν</span> <span class='ocrx_word' id='word_1_38' title='bbox 743 739 1083 810; x_wconf 71' lang='grc' dir='ltr'>ψηφοφορίαν</span> <span class='ocrx_word' id='word_1_39' title='bbox 1107 742 1538 812; x_wconf 83' lang='grc' dir='ltr'>πανσεληνιακῆς</span> <span class='ocrx_word' id='word_1_40' title='bbox 1565 742 1824 810; x_wconf 78' lang='grc' dir='ltr'><strong>συζυγίας</strong></span> 
     </span>
    </p>
   </div>
   <div class='ocr_carea' id='block_1_9' title="bbox 275 830 1824 906">
    <p class='ocr_par' dir='ltr' id='par_1_9' title="bbox 275 830 1824 906">
     <span class='ocr_line' id='line_1_9' title="bbox 275 830 1824 906; baseline 0.002 -24"><span class='ocrx_word' id='word_1_41' title='bbox 275 830 560 883; x_wconf 87' lang='grc' dir='ltr'>Ἰουδαϊκοῦ</span> <span class='ocrx_word' id='word_1_42' title='bbox 595 831 788 903; x_wconf 81' lang='grc' dir='ltr'>Πάσχα</span> <span class='ocrx_word' id='word_1_43' title='bbox 821 833 1226 904; x_wconf 79' lang='grc' dir='ltr'>παρακειμένου</span> <span class='ocrx_word' id='word_1_44' title='bbox 1255 832 1333 904; x_wconf 83' lang='grc' dir='ltr'>τῷ</span> <span class='ocrx_word' id='word_1_45' title='bbox 1371 834 1624 887; x_wconf 80' lang='grc' dir='ltr'>ἐνεστῶτι</span> <span class='ocrx_word' id='word_1_46' title='bbox 1658 836 1824 906; x_wconf 85' lang='grc' dir='ltr'>τρίτῳ</span> 
     </span>
    </p>
   </div>
   <div class='ocr_carea' id='block_1_10' title="bbox 263 919 1826 993">
    <p class='ocr_par' dir='ltr' id='par_1_10' title="bbox 263 919 1826 993">
     <span class='ocr_line' id='line_1_10' title="bbox 263 919 1826 993; baseline 0 -19"><span class='ocrx_word' id='word_1_47' title='bbox 263 919 442 988; x_wconf 87' lang='grc' dir='ltr'><strong>κύκλῳ</strong></span> <span class='ocrx_word' id='word_1_48' title='bbox 465 919 563 990; x_wconf 87' lang='grc' dir='ltr'><strong>τῆς</strong></span> <span class='ocrx_word' id='word_1_49' title='bbox 591 919 836 990; x_wconf 86' lang='grc' dir='ltr'>σελήνης,</span> <span class='ocrx_word' id='word_1_50' title='bbox 872 920 900 972; x_wconf 79' lang='grc' dir='ltr'>ι’</span> <span class='ocrx_word' id='word_1_51' title='bbox 926 921 1019 974; x_wconf 93' lang='grc' dir='ltr'><strong>τοῦ</strong></span> <span class='ocrx_word' id='word_1_52' title='bbox 1061 921 1336 992; x_wconf 83' lang='grc' dir='ltr'>Ἀπριλίου</span> <span class='ocrx_word' id='word_1_53' title='bbox 1367 922 1826 993; x_wconf 78' lang='grc' dir='ltr'>καταγεγραμμέ-</span> 
     </span>
    </p>
   </div>
   <div class='ocr_carea' id='block_1_11' title="bbox 263 1011 1826 1086">
    <p class='ocr_par' dir='ltr' id='par_1_11' title="bbox 263 1011 1826 1086">
     <span class='ocr_line' id='line_1_11' title="bbox 263 1011 1826 1086; baseline 0 -20"><span class='ocrx_word' id='word_1_54' title='bbox 263 1029 358 1082; x_wconf 85' lang='grc' dir='ltr'>νην</span> <span class='ocrx_word' id='word_1_55' title='bbox 386 1011 618 1081; x_wconf 73' lang='grc' dir='ltr'>ἔχοντος.</span> <span class='ocrx_word' id='word_1_56' title='bbox 653 1011 896 1085; x_wconf 79' lang='grc' dir='ltr'>Εὖρομεν</span> <span class='ocrx_word' id='word_1_57' title='bbox 928 1013 985 1066; x_wconf 85' lang='grc' dir='ltr'>δὲ</span> <span class='ocrx_word' id='word_1_58' title='bbox 1014 1013 1216 1086; x_wconf 88' lang='grc' dir='ltr'>ταύτην</span> <span class='ocrx_word' id='word_1_59' title='bbox 1245 1013 1613 1066; x_wconf 73' lang='grc' dir='ltr'>ἐκπίπτουσαν</span> <span class='ocrx_word' id='word_1_60' title='bbox 1651 1012 1740 1066; x_wconf 79' lang='grc' dir='ltr'>διὰ</span> <span class='ocrx_word' id='word_1_61' title='bbox 1765 1014 1826 1065; x_wconf 87' lang='grc' dir='ltr'><strong>τὸ</strong></span> 
     </span>
    </p>
   </div>
   <div class='ocr_carea' id='block_1_12' title="bbox 265 1098 1827 1178">
    <p class='ocr_par' dir='ltr' id='par_1_12' title="bbox 265 1098 1827 1178">
     <span class='ocr_line' id='line_1_12' title="bbox 265 1098 1827 1178; baseline 0 -22"><span class='ocrx_word' id='word_1_62' title='bbox 265 1102 338 1174; x_wconf 79' lang='grc' dir='ltr'>μὴ</span> <span class='ocrx_word' id='word_1_63' title='bbox 367 1101 613 1172; x_wconf 82' lang='grc' dir='ltr'>ἀκριϐὲς,</span> <span class='ocrx_word' id='word_1_64' title='bbox 642 1103 717 1166; x_wconf 89' lang='grc' dir='ltr'><strong>ώς</strong></span> <span class='ocrx_word' id='word_1_65' title='bbox 746 1103 978 1176; x_wconf 80' lang='grc' dir='ltr'>εἴρηται,</span> <span class='ocrx_word' id='word_1_66' title='bbox 1022 1120 1124 1174; x_wconf 87' lang='grc' dir='ltr'><strong>της</strong></span> <span class='ocrx_word' id='word_1_67' title='bbox 1157 1105 1674 1168; x_wconf 84' lang='grc' dir='ltr'>ἀποκαταστάσεως,</span> <span class='ocrx_word' id='word_1_68' title='bbox 1767 1103 1827 1156; x_wconf 84' lang='grc' dir='ltr'>τὸ</span> 
     </span>
    </p>
   </div>
   <div class='ocr_carea' id='block_1_13' title="bbox 263 1191 1828 1266">
    <p class='ocr_par' dir='ltr' id='par_1_13' title="bbox 263 1191 1828 1266">
     <span class='ocr_line' id='line_1_13' title="bbox 263 1191 1828 1266; baseline 0.001 -20"><span class='ocrx_word' id='word_1_69' title='bbox 263 1191 506 1246; x_wconf 80' lang='grc' dir='ltr'>κανόνιον</span> <span class='ocrx_word' id='word_1_70' title='bbox 532 1192 750 1262; x_wconf 84' lang='grc' dir='ltr'>χρῆται,</span> <span class='ocrx_word' id='word_1_71' title='bbox 796 1195 876 1256; x_wconf 87' lang='grc' dir='ltr'>εἰς</span> <span class='ocrx_word' id='word_1_72' title='bbox 910 1195 1008 1265; x_wconf 84' lang='grc' dir='ltr'><strong>τὴν</strong></span> <span class='ocrx_word' id='word_1_73' title='bbox 1040 1195 1089 1265; x_wconf 86' lang='grc' dir='ltr'>η’</span> <span class='ocrx_word' id='word_1_74' title='bbox 1130 1194 1222 1247; x_wconf 91' lang='grc' dir='ltr'><strong>τοῦ</strong></span> <span class='ocrx_word' id='word_1_75' title='bbox 1265 1194 1427 1248; x_wconf 85' lang='grc' dir='ltr'>αὐτοῦ</span> <span class='ocrx_word' id='word_1_76' title='bbox 1479 1195 1644 1266; x_wconf 81' lang='grc' dir='ltr'>μηνὸς</span> <span class='ocrx_word' id='word_1_77' title='bbox 1692 1194 1828 1265; x_wconf 85' lang='grc' dir='ltr'><strong>μετά</strong></span> 
     </span>
    </p>
   </div>
   <div class='ocr_carea' id='block_1_14' title="bbox 261 1284 1827 1359">
    <p class='ocr_par' dir='ltr' id='par_1_14' title="bbox 261 1284 1827 1359">
     <span class='ocr_line' id='line_1_14' title="bbox 261 1284 1827 1359; baseline 0.002 -22"><span class='ocrx_word' id='word_1_78' title='bbox 261 1284 406 1356; x_wconf 88' lang='grc' dir='ltr'>ῶρας</span> <span class='ocrx_word' id='word_1_79' title='bbox 430 1301 579 1355; x_wconf 84' lang='grc' dir='ltr'>τρεις</span> <span class='ocrx_word' id='word_1_80' title='bbox 620 1285 936 1356; x_wconf 86' lang='grc' dir='ltr'>ίσημερινάς</span> <span class='ocrx_word' id='word_1_81' title='bbox 967 1287 1064 1358; x_wconf 84' lang='grc' dir='ltr'><strong>τῆς</strong></span> <span class='ocrx_word' id='word_1_82' title='bbox 1095 1287 1215 1341; x_wconf 80' lang='grc' dir='ltr'>κατ’</span> <span class='ocrx_word' id='word_1_83' title='bbox 1248 1287 1416 1359; x_wconf 82' lang='grc' dir='ltr'>αὐτὴν</span> <span class='ocrx_word' id='word_1_84' title='bbox 1448 1287 1708 1359; x_wconf 85' lang='grc' dir='ltr'>ἀνατολῆς</span> <span class='ocrx_word' id='word_1_85' title='bbox 1734 1287 1827 1340; x_wconf 88' lang='grc' dir='ltr'><strong>τοῦ</strong></span> 
     </span>
    </p>
   </div>
   <div class='ocr_carea' id='block_1_15' title="bbox 262 1371 1830 1450">
    <p class='ocr_par' dir='ltr' id='par_1_15' title="bbox 262 1371 1830 1450">
     <span class='ocr_line' id='line_1_15' title="bbox 262 1371 1830 1450; baseline 0.001 -21"><span class='ocrx_word' id='word_1_86' title='bbox 262 1376 432 1446; x_wconf 87' lang='grc' dir='ltr'>ήλίου.</span> <span class='ocrx_word' id='word_1_87' title='bbox 477 1378 628 1429; x_wconf 83' lang='grc' dir='ltr'>Ἐπεὶ</span> <span class='ocrx_word' id='word_1_88' title='bbox 660 1374 752 1432; x_wconf 80' lang='grc' dir='ltr'><strong>οῦν</strong></span> <span class='ocrx_word' id='word_1_89' title='bbox 783 1379 838 1430; x_wconf 85' lang='grc' dir='ltr'><strong>αί</strong></span> <span class='ocrx_word' id='word_1_90' title='bbox 874 1380 1024 1450; x_wconf 84' lang='grc' dir='ltr'>τρεῖς</span> <span class='ocrx_word' id='word_1_91' title='bbox 1055 1371 1193 1450; x_wconf 81' lang='grc' dir='ltr'>ὧραι</span> <span class='ocrx_word' id='word_1_92' title='bbox 1234 1380 1548 1450; x_wconf 74' lang='grc' dir='ltr'>ίσημεριναὶ</span> <span class='ocrx_word' id='word_1_93' title='bbox 1579 1379 1628 1450; x_wconf 81' lang='grc' dir='ltr'>η’</span> <span class='ocrx_word' id='word_1_94' title='bbox 1665 1379 1830 1450; x_wconf 84' lang='grc' dir='ltr'>μέρος</span> 
     </span>
    </p>
   </div>
   <div class='ocr_carea' id='block_1_16' title="bbox 261 1459 1830 1540">
    <p class='ocr_par' dir='ltr' id='par_1_16' title="bbox 261 1459 1830 1540">
     <span class='ocr_line' id='line_1_16' title="bbox 261 1459 1830 1540; baseline 0.001 -20"><span class='ocrx_word' id='word_1_95' title='bbox 261 1468 366 1521; x_wconf 77' lang='grc' dir='ltr'>εἰσὶ</span> <span class='ocrx_word' id='word_1_96' title='bbox 400 1467 497 1521; x_wconf 90' lang='grc' dir='ltr'><strong>τοῦ</strong></span> <span class='ocrx_word' id='word_1_97' title='bbox 543 1459 962 1539; x_wconf 84' lang='grc' dir='ltr'>ήμερονυκτίου,</span> <span class='ocrx_word' id='word_1_98' title='bbox 1006 1468 1101 1523; x_wconf 78' lang='grc' dir='ltr'><strong>ἐὰν</strong></span> <span class='ocrx_word' id='word_1_99' title='bbox 1143 1469 1205 1522; x_wconf 82' lang='grc' dir='ltr'>τὸ</span> <span class='ocrx_word' id='word_1_100' title='bbox 1240 1470 1349 1523; x_wconf 87' lang='grc' dir='ltr'><strong>τῶν</strong></span> <span class='ocrx_word' id='word_1_101' title='bbox 1398 1469 1720 1540; x_wconf 80' lang='grc' dir='ltr'>Ῥωμαϊκῶν</span> <span class='ocrx_word' id='word_1_102' title='bbox 1757 1468 1830 1522; x_wconf 82' lang='grc' dir='ltr'>τδ¹</span> 
     </span>
    </p>
   </div>
   <div class='ocr_carea' id='block_1_17' title="bbox 260 1556 1829 1634">
    <p class='ocr_par' dir='ltr' id='par_1_17' title="bbox 260 1556 1829 1634">
     <span class='ocr_line' id='line_1_17' title="bbox 260 1556 1829 1634; baseline 0.002 -22"><span class='ocrx_word' id='word_1_103' title='bbox 260 1559 394 1612; x_wconf 84' lang='grc' dir='ltr'>ἐτῶν</span> <span class='ocrx_word' id='word_1_104' title='bbox 441 1558 537 1630; x_wconf 87' lang='grc' dir='ltr'>(ἐν</span> <span class='ocrx_word' id='word_1_105' title='bbox 577 1556 660 1622; x_wconf 76' lang='grc' dir='ltr'><strong>οἷς</strong></span> <span class='ocrx_word' id='word_1_106' title='bbox 696 1560 1084 1632; x_wconf 86' lang='grc' dir='ltr'>ήμερονύκτιον</span> <span class='ocrx_word' id='word_1_107' title='bbox 1129 1561 1332 1616; x_wconf 89' lang='grc' dir='ltr'>τέλειον</span> <span class='ocrx_word' id='word_1_108' title='bbox 1383 1562 1753 1634; x_wconf 86' lang='grc' dir='ltr'>προλαμϐάνει</span> <span class='ocrx_word' id='word_1_109' title='bbox 1797 1564 1829 1633; x_wconf 85' lang='grc' dir='ltr'><strong>ή</strong></span> 
     </span>
    </p>
   </div>
   <div class='ocr_carea' id='block_1_18' title="bbox 259 1650 1830 1726">
    <p class='ocr_par' dir='ltr' id='par_1_18' title="bbox 259 1650 1830 1726">
     <span class='ocr_line' id='line_1_18' title="bbox 259 1650 1830 1726; baseline 0.001 -21"><span class='ocrx_word' id='word_1_110' title='bbox 259 1650 494 1722; x_wconf 80' lang='grc' dir='ltr'>ἀκριϐὴς</span> <span class='ocrx_word' id='word_1_111' title='bbox 523 1654 962 1716; x_wconf 82' lang='grc' dir='ltr'>ἀποκατάστασις</span> <span class='ocrx_word' id='word_1_112' title='bbox 986 1653 1083 1724; x_wconf 85' lang='grc' dir='ltr'>τὴν</span> <span class='ocrx_word' id='word_1_113' title='bbox 1114 1654 1202 1707; x_wconf 77' lang='grc' dir='ltr'><strong>διὰ</strong></span> <span class='ocrx_word' id='word_1_114' title='bbox 1234 1655 1326 1707; x_wconf 82' lang='grc' dir='ltr'><strong>τὸν</strong></span> <span class='ocrx_word' id='word_1_115' title='bbox 1360 1655 1830 1726; x_wconf 86' lang='grc' dir='ltr'>ἐννεαδεκαετηρί-</span> 
     </span>
    </p>
   </div>
   <div class='ocr_carea' id='block_1_19' title="bbox 257 1740 1832 1817">
    <p class='ocr_par' dir='ltr' id='par_1_19' title="bbox 257 1740 1832 1817">
     <span class='ocr_line' id='line_1_19' title="bbox 257 1740 1832 1817; baseline 0.004 -23"><span class='ocrx_word' id='word_1_116' title='bbox 257 1740 361 1794; x_wconf 86' lang='grc' dir='ltr'><strong>δων</strong></span> <span class='ocrx_word' id='word_1_117' title='bbox 387 1743 463 1812; x_wconf 84' lang='grc' dir='ltr'>μὴ</span> <span class='ocrx_word' id='word_1_118' title='bbox 485 1743 715 1814; x_wconf 88' lang='grc' dir='ltr'>ἀκριϐῆ)</span> <span class='ocrx_word' id='word_1_119' title='bbox 755 1743 817 1806; x_wconf 82' lang='grc' dir='ltr'>τὸ</span> <span class='ocrx_word' id='word_1_120' title='bbox 840 1743 889 1815; x_wconf 89' lang='grc' dir='ltr'>η’</span> <span class='ocrx_word' id='word_1_121' title='bbox 910 1744 1186 1815; x_wconf 87' lang='grc' dir='ltr'>λάϐωμεν,</span> <span class='ocrx_word' id='word_1_122' title='bbox 1210 1747 1239 1798; x_wconf 86' lang='grc' dir='ltr'><strong>ὃ</strong></span> <span class='ocrx_word' id='word_1_123' title='bbox 1260 1749 1406 1798; x_wconf 86' lang='grc' dir='ltr'>ἐστιν</span> <span class='ocrx_word' id='word_1_124' title='bbox 1429 1745 1523 1815; x_wconf 79' lang='grc' dir='ltr'><strong>ἐτη</strong></span> <span class='ocrx_word' id='word_1_125' title='bbox 1553 1747 1832 1817; x_wconf 87' lang='grc' dir='ltr'>Ῥωμαῖκά</span> 
     </span>
    </p>
   </div>
   <div class='ocr_carea' id='block_1_20' title="bbox 259 1831 1831 1907">
    <p class='ocr_par' dir='ltr' id='par_1_20' title="bbox 259 1831 1831 1907">
     <span class='ocr_line' id='line_1_20' title="bbox 259 1831 1831 1907; baseline 0.002 -22"><span class='ocrx_word' id='word_1_126' title='bbox 259 1831 360 1903; x_wconf 83' lang='grc' dir='ltr'>λη’·</span> <span class='ocrx_word' id='word_1_127' title='bbox 391 1832 587 1905; x_wconf 84' lang='grc' dir='ltr'>ἐξομεν</span> <span class='ocrx_word' id='word_1_128' title='bbox 626 1833 744 1905; x_wconf 85' lang='grc' dir='ltr'>μεθ’</span> <span class='ocrx_word' id='word_1_129' title='bbox 776 1837 877 1888; x_wconf 88' lang='grc' dir='ltr'>ὅσα</span> <span class='ocrx_word' id='word_1_130' title='bbox 921 1836 1019 1905; x_wconf 86' lang='grc' dir='ltr'><strong>μὲν</strong></span> <span class='ocrx_word' id='word_1_131' title='bbox 1051 1835 1146 1907; x_wconf 76' lang='grc' dir='ltr'><strong>ἐτη</strong></span> <span class='ocrx_word' id='word_1_132' title='bbox 1177 1835 1272 1888; x_wconf 87' lang='grc' dir='ltr'><strong>τοῦ</strong></span> <span class='ocrx_word' id='word_1_133' title='bbox 1304 1837 1598 1900; x_wconf 76' lang='grc' dir='ltr'>ἐνεστῶτος</span> <span class='ocrx_word' id='word_1_134' title='bbox 1628 1838 1831 1890; x_wconf 85' lang='grc' dir='ltr'>τέλειαι</span> 
     </span>
    </p>
   </div>
   <div class='ocr_carea' id='block_1_21' title="bbox 260 1923 1831 1998">
    <p class='ocr_par' dir='ltr' id='par_1_21' title="bbox 260 1923 1831 1998">
     <span class='ocr_line' id='line_1_21' title="bbox 260 1923 1831 1998; baseline 0.003 -22"><span class='ocrx_word' id='word_1_135' title='bbox 260 1923 472 1978; x_wconf 71' lang='grc' dir='ltr'>ἔσονται</span> <span class='ocrx_word' id='word_1_136' title='bbox 498 1924 700 1996; x_wconf 82' lang='grc' dir='ltr'>ἡμέραι</span> <span class='ocrx_word' id='word_1_137' title='bbox 725 1925 770 1996; x_wconf 89' lang='grc' dir='ltr'><strong>β’</strong></span> <span class='ocrx_word' id='word_1_138' title='bbox 794 1927 849 1978; x_wconf 79' lang='grc' dir='ltr'>αἱ</span> <span class='ocrx_word' id='word_1_139' title='bbox 873 1927 972 1995; x_wconf 81' lang='grc' dir='ltr'><strong>τῆς</strong></span> <span class='ocrx_word' id='word_1_140' title='bbox 997 1927 1280 1998; x_wconf 87' lang='grc' dir='ltr'>ἀκριϐείας</span> <span class='ocrx_word' id='word_1_141' title='bbox 1305 1926 1684 1981; x_wconf 88' lang='grc' dir='ltr'>ἐκπίπτουσαι·</span> <span class='ocrx_word' id='word_1_142' title='bbox 1715 1929 1831 1997; x_wconf 75' lang='grc' dir='ltr'>μετ’</span> 
     </span>
    </p>
   </div>
   <div class='ocr_carea' id='block_1_22' title="bbox 262 2015 1834 2089">
    <p class='ocr_par' dir='ltr' id='par_1_22' title="bbox 262 2015 1834 2089">
     <span class='ocr_line' id='line_1_22' title="bbox 262 2015 1834 2089; baseline 0.003 -22"><span class='ocrx_word' id='word_1_143' title='bbox 262 2015 476 2087; x_wconf 87' lang='grc' dir='ltr'>ἐκείνην</span> <span class='ocrx_word' id='word_1_144' title='bbox 500 2017 557 2070; x_wconf 86' lang='grc' dir='ltr'><strong>δέ</strong></span> <span class='ocrx_word' id='word_1_145' title='bbox 581 2018 679 2089; x_wconf 80' lang='grc' dir='ltr'><strong>τὴν</strong></span> <span class='ocrx_word' id='word_1_146' title='bbox 709 2019 1153 2073; x_wconf 85' lang='grc' dir='ltr'>ἀποκατάστασιν</span> <span class='ocrx_word' id='word_1_147' title='bbox 1181 2019 1342 2072; x_wconf 89' lang='grc' dir='ltr'>πάλιν</span> <span class='ocrx_word' id='word_1_148' title='bbox 1361 2019 1582 2089; x_wconf 77' lang='grc' dir='ltr'>ἄρξεται</span> <span class='ocrx_word' id='word_1_149' title='bbox 1604 2019 1699 2072; x_wconf 81' lang='grc' dir='ltr'><strong>καί</strong></span> <span class='ocrx_word' id='word_1_150' title='bbox 1721 2019 1834 2072; x_wconf 88' lang='grc' dir='ltr'>ἐτέ-</span> 
     </span>
    </p>
   </div>
   <div class='ocr_carea' id='block_1_23' title="bbox 263 2109 1832 2184">
    <p class='ocr_par' dir='ltr' id='par_1_23' title="bbox 263 2109 1832 2184">
     <span class='ocr_line' id='line_1_23' title="bbox 263 2109 1832 2184; baseline 0.001 -21"><span class='ocrx_word' id='word_1_151' title='bbox 263 2124 364 2178; x_wconf 80' lang='grc' dir='ltr'><strong>ρας</strong></span> <span class='ocrx_word' id='word_1_152' title='bbox 400 2109 613 2180; x_wconf 77' lang='grc' dir='ltr'>ἡμέρας</span> <span class='ocrx_word' id='word_1_153' title='bbox 654 2109 819 2182; x_wconf 88' lang='grc' dir='ltr'>μόρια</span> <span class='ocrx_word' id='word_1_154' title='bbox 855 2111 1317 2183; x_wconf 86' lang='grc' dir='ltr'>προλαμϐάνεινή</span> <span class='ocrx_word' id='word_1_155' title='bbox 1353 2113 1583 2184; x_wconf 79' lang='grc' dir='ltr'>ἀκριϐὴς</span> <span class='ocrx_word' id='word_1_156' title='bbox 1623 2113 1720 2183; x_wconf 83' lang='grc' dir='ltr'>τὴν</span> <span class='ocrx_word' id='word_1_157' title='bbox 1759 2111 1832 2184; x_wconf 81' lang='grc' dir='ltr'>μὴ</span> 
     </span>
    </p>
   </div>
   <div class='ocr_carea' id='block_1_24' title="bbox 263 2199 1836 2273">
    <p class='ocr_par' dir='ltr' id='par_1_24' title="bbox 263 2199 1836 2273">
     <span class='ocr_line' id='line_1_24' title="bbox 263 2199 1836 2273; baseline 0.002 -22"><span class='ocrx_word' id='word_1_158' title='bbox 263 2199 486 2270; x_wconf 88' lang='grc' dir='ltr'>ἀκριϐῆ.</span> <span class='ocrx_word' id='word_1_159' title='bbox 522 2200 595 2253; x_wconf 87' lang='grc' dir='ltr'><strong>Τὸ</strong></span> <span class='ocrx_word' id='word_1_160' title='bbox 625 2201 764 2271; x_wconf 87' lang='grc' dir='ltr'><strong>μετά</strong></span> <span class='ocrx_word' id='word_1_161' title='bbox 795 2201 877 2273; x_wconf 81' lang='grc' dir='ltr'>λη’</span> <span class='ocrx_word' id='word_1_162' title='bbox 904 2203 961 2255; x_wconf 87' lang='grc' dir='ltr'>δὲ</span> <span class='ocrx_word' id='word_1_163' title='bbox 1005 2202 1100 2273; x_wconf 80' lang='grc' dir='ltr'><strong>ἐτη</strong></span> <span class='ocrx_word' id='word_1_164' title='bbox 1140 2202 1234 2255; x_wconf 89' lang='grc' dir='ltr'><strong>τοῦ</strong></span> <span class='ocrx_word' id='word_1_165' title='bbox 1276 2203 1541 2273; x_wconf 83' lang='grc' dir='ltr'>παρόντος</span> <span class='ocrx_word' id='word_1_166' title='bbox 1579 2201 1730 2254; x_wconf 85' lang='grc' dir='ltr'>ἐσται</span> <span class='ocrx_word' id='word_1_167' title='bbox 1774 2203 1836 2254; x_wconf 85' lang='grc' dir='ltr'><strong>τὸ</strong></span> 
     </span>
    </p>
   </div>
   <div class='ocr_carea' id='block_1_25' title="bbox 266 2289 1834 2364">
    <p class='ocr_par' dir='ltr' id='par_1_25' title="bbox 266 2289 1834 2364">
     <span class='ocr_line' id='line_1_25' title="bbox 266 2289 1834 2364; baseline 0.002 -22"><span class='ocrx_word' id='word_1_168' title='bbox 266 2289 438 2356; x_wconf 57' lang='grc' dir='ltr'>,ςῇιθ</span> <span class='ocrx_word' id='word_1_169' title='bbox 470 2289 610 2353; x_wconf 79' lang='grc' dir='ltr'>ἐτος.</span> <span class='ocrx_word' id='word_1_170' title='bbox 636 2293 746 2346; x_wconf 77' lang='grc' dir='ltr'><strong>Καὶ</strong></span> <span class='ocrx_word' id='word_1_171' title='bbox 774 2294 822 2345; x_wconf 87' lang='grc' dir='ltr'><strong>εί</strong></span> <span class='ocrx_word' id='word_1_172' title='bbox 855 2292 953 2364; x_wconf 86' lang='grc' dir='ltr'><strong>μὲν</strong></span> <span class='ocrx_word' id='word_1_173' title='bbox 985 2292 1126 2346; x_wconf 88' lang='grc' dir='ltr'>κατὰ</span> <span class='ocrx_word' id='word_1_174' title='bbox 1156 2292 1257 2364; x_wconf 83' lang='grc' dir='ltr'>τὴν</span> <span class='ocrx_word' id='word_1_175' title='bbox 1295 2291 1446 2364; x_wconf 86' lang='grc' dir='ltr'><strong>παρά</strong></span> <span class='ocrx_word' id='word_1_176' title='bbox 1471 2294 1584 2355; x_wconf 88' lang='grc' dir='ltr'>τοῖς</span> <span class='ocrx_word' id='word_1_177' title='bbox 1622 2292 1834 2356; x_wconf 82' lang='grc' dir='ltr'>πολλοῖς</span> 
     </span>
    </p>
   </div>
   <div class='ocr_carea' id='block_1_26' title="bbox 265 2381 1834 2455">
    <p class='ocr_par' dir='ltr' id='par_1_26' title="bbox 265 2381 1834 2455">
     <span class='ocr_line' id='line_1_26' title="bbox 265 2381 1834 2455; baseline 0.002 -23"><span class='ocrx_word' id='word_1_178' title='bbox 265 2381 664 2453; x_wconf 77' lang='grc' dir='ltr'>ἐπικρατοῦσαν</span> <span class='ocrx_word' id='word_1_179' title='bbox 703 2383 860 2448; x_wconf 83' lang='grc' dir='ltr'>δόξαν</span> <span class='ocrx_word' id='word_1_180' title='bbox 899 2383 1289 2455; x_wconf 83' lang='grc' dir='ltr'>συμπλήρωσις</span> <span class='ocrx_word' id='word_1_181' title='bbox 1316 2382 1468 2436; x_wconf 84' lang='grc' dir='ltr'>ἐσται</span> <span class='ocrx_word' id='word_1_182' title='bbox 1504 2381 1597 2434; x_wconf 86' lang='grc' dir='ltr'><strong>τοῦ</strong></span> <span class='ocrx_word' id='word_1_183' title='bbox 1634 2383 1834 2447; x_wconf 85' lang='grc' dir='ltr'>παντὸς</span> 
     </span>
    </p>
   </div>
   <div class='ocr_carea' id='block_1_27' title="bbox 265 2471 1834 2544">
    <p class='ocr_par' dir='ltr' id='par_1_27' title="bbox 265 2471 1834 2544">
     <span class='ocr_line' id='line_1_27' title="bbox 265 2471 1834 2544; baseline 0.001 -21"><span class='ocrx_word' id='word_1_184' title='bbox 265 2472 406 2526; x_wconf 88' lang='grc' dir='ltr'><strong>κατά</strong></span> <span class='ocrx_word' id='word_1_185' title='bbox 467 2472 567 2544; x_wconf 80' lang='grc' dir='ltr'><strong>τὴν</strong></span> <span class='ocrx_word' id='word_1_186' title='bbox 615 2472 709 2526; x_wconf 93' lang='grc' dir='ltr'><strong>τοῦ</strong></span> <span class='ocrx_word' id='word_1_187' title='bbox 760 2473 805 2538; x_wconf 79' lang='grc' dir='ltr'>,ζ</span> <span class='ocrx_word' id='word_1_188' title='bbox 853 2473 1006 2537; x_wconf 74' lang='grc' dir='ltr'>ἔτους</span> <span class='ocrx_word' id='word_1_189' title='bbox 1063 2473 1451 2543; x_wconf 85' lang='grc' dir='ltr'>συμπλήρωσιν</span> <span class='ocrx_word' id='word_1_190' title='bbox 1474 2509 1491 2537; x_wconf 89' lang='grc'><strong>,</strong></span> <span class='ocrx_word' id='word_1_191' title='bbox 1547 2471 1834 2542; x_wconf 86' lang='grc' dir='ltr'>περίεργον</span> 
     </span>
    </p>
   </div>
   <div class='ocr_carea' id='block_1_28' title="bbox 265 2561 1832 2637">
    <p class='ocr_par' dir='ltr' id='par_1_28' title="bbox 265 2561 1832 2637">
     <span class='ocr_line' id='line_1_28' title="bbox 265 2561 1832 2637; baseline 0.001 -22"><span class='ocrx_word' id='word_1_192' title='bbox 265 2561 415 2617; x_wconf 83' lang='grc' dir='ltr'>ἐσται</span> <span class='ocrx_word' id='word_1_193' title='bbox 447 2566 628 2636; x_wconf 81' lang='grc' dir='ltr'>ζητεῖν</span> <span class='ocrx_word' id='word_1_194' title='bbox 656 2565 1020 2637; x_wconf 81' lang='grc' dir='ltr'>διορθοῦνοτὴν</span> <span class='ocrx_word' id='word_1_195' title='bbox 1040 2567 1138 2636; x_wconf 88' lang='grc' dir='ltr'><strong>τῆς</strong></span> <span class='ocrx_word' id='word_1_196' title='bbox 1159 2565 1388 2636; x_wconf 85' lang='grc' dir='ltr'>σελήνης</span> <span class='ocrx_word' id='word_1_197' title='bbox 1427 2564 1647 2635; x_wconf 82' lang='grc' dir='ltr'>μέθοδον</span> <span class='ocrx_word' id='word_1_198' title='bbox 1675 2563 1832 2629; x_wconf 88' lang='grc' dir='ltr'>ἐτῶν,</span> 
     </span>
    </p>
   </div>
   <div class='ocr_carea' id='block_1_29' title="bbox 269 2653 1836 2730">
    <p class='ocr_par' dir='ltr' id='par_1_29' title="bbox 269 2653 1836 2730">
     <span class='ocr_line' id='line_1_29' title="bbox 269 2653 1836 2730; baseline 0 -20"><span class='ocrx_word' id='word_1_199' title='bbox 269 2657 428 2726; x_wconf 87' lang='grc' dir='ltr'>μόνον</span> <span class='ocrx_word' id='word_1_200' title='bbox 466 2658 556 2711; x_wconf 79' lang='grc' dir='ltr'>πα¹</span> <span class='ocrx_word' id='word_1_201' title='bbox 591 2658 1187 2730; x_wconf 87' lang='grc' dir='ltr'>καταλειφθησομένων,</span> <span class='ocrx_word' id='word_1_202' title='bbox 1224 2660 1284 2712; x_wconf 88' lang='grc' dir='ltr'><strong>ἐν</strong></span> <span class='ocrx_word' id='word_1_203' title='bbox 1316 2653 1398 2721; x_wconf 73' lang='grc' dir='ltr'>οἷς</span> <span class='ocrx_word' id='word_1_204' title='bbox 1424 2657 1504 2711; x_wconf 91' lang='grc' dir='ltr'><strong>δεῖ</strong></span> <span class='ocrx_word' id='word_1_205' title='bbox 1529 2660 1594 2728; x_wconf 86' lang='grc' dir='ltr'>τῇ</span> <span class='ocrx_word' id='word_1_206' title='bbox 1635 2657 1836 2729; x_wconf 83' lang='grc' dir='ltr'>μεθόδῳ</span> 
     </span>
    </p>
   </div>
   <div class='ocr_carea' id='block_1_30' title="bbox 263 2749 1834 2824">
    <p class='ocr_par' dir='ltr' id='par_1_30' title="bbox 263 2749 1834 2824">
     <span class='ocr_line' id='line_1_30' title="bbox 263 2749 1834 2824; baseline 0.003 -23"><span class='ocrx_word' id='word_1_207' title='bbox 263 2749 438 2821; x_wconf 78' lang='grc' dir='ltr'>ταύτῃ</span> <span class='ocrx_word' id='word_1_208' title='bbox 461 2751 599 2822; x_wconf 85' lang='grc' dir='ltr'><strong>μετά</strong></span> <span class='ocrx_word' id='word_1_209' title='bbox 619 2750 954 2824; x_wconf 86' lang='grc' dir='ltr'>διορθώσεως</span> <span class='ocrx_word' id='word_1_210' title='bbox 976 2752 1232 2824; x_wconf 86' lang='grc' dir='ltr'>χρῆσθαι,</span> <span class='ocrx_word' id='word_1_211' title='bbox 1264 2752 1533 2822; x_wconf 81' lang='grc' dir='ltr'>μηδεμιᾶς</span> <span class='ocrx_word' id='word_1_212' title='bbox 1559 2751 1834 2820; x_wconf 79' lang='grc' dir='ltr'>ἀξιολόγου</span> 
     </span>
    </p>
   </div>
   <div class='ocr_carea' id='block_1_31' title="bbox 264 2841 1832 2914">
    <p class='ocr_par' dir='ltr' id='par_1_31' title="bbox 264 2841 1832 2914">
     <span class='ocr_line' id='line_1_31' title="bbox 264 2841 1832 2914; baseline 0.001 -22"><span class='ocrx_word' id='word_1_213' title='bbox 264 2842 640 2913; x_wconf 81' lang='grc' dir='ltr'>γενησομένης</span> <span class='ocrx_word' id='word_1_214' title='bbox 663 2843 923 2913; x_wconf 83' lang='grc' dir='ltr'>διαφορᾶς</span> <span class='ocrx_word' id='word_1_215' title='bbox 955 2845 1013 2896; x_wconf 90' lang='grc' dir='ltr'><strong>ἐν</strong></span> <span class='ocrx_word' id='word_1_216' title='bbox 1044 2845 1154 2906; x_wconf 87' lang='grc' dir='ltr'>τοῖς</span> <span class='ocrx_word' id='word_1_217' title='bbox 1185 2843 1494 2914; x_wconf 85' lang='grc' dir='ltr'>είρημένοις</span> <span class='ocrx_word' id='word_1_218' title='bbox 1527 2841 1616 2896; x_wconf 82' lang='grc' dir='ltr'>πα¹</span> <span class='ocrx_word' id='word_1_219' title='bbox 1640 2841 1832 2906; x_wconf 79' lang='grc' dir='ltr'>ἐτεσιν,</span> 
     </span>
    </p>
   </div>
   <div class='ocr_carea' id='block_1_32' title="bbox 265 2932 1834 3006">
    <p class='ocr_par' dir='ltr' id='par_1_32' title="bbox 265 2932 1834 3006">
     <span class='ocr_line' id='line_1_32' title="bbox 265 2932 1834 3006; baseline 0.001 -22"><span class='ocrx_word' id='word_1_220' title='bbox 265 2933 313 2984; x_wconf 78' lang='grc' dir='ltr'><strong>εί</strong></span> <span class='ocrx_word' id='word_1_221' title='bbox 347 2935 415 3004; x_wconf 80' lang='grc' dir='ltr'>τῇ</span> <span class='ocrx_word' id='word_1_222' title='bbox 453 2932 762 3005; x_wconf 87' lang='grc' dir='ltr'>ἀδιορθώτῳ</span> <span class='ocrx_word' id='word_1_223' title='bbox 802 2934 1040 3006; x_wconf 86' lang='grc' dir='ltr'>ἐχρῶντο</span> <span class='ocrx_word' id='word_1_224' title='bbox 1071 2934 1280 3004; x_wconf 84' lang='grc' dir='ltr'>μεθόδῳ</span> <span class='ocrx_word' id='word_1_225' title='bbox 1305 2936 1354 2987; x_wconf 87' lang='grc' dir='ltr'>οἰ</span> <span class='ocrx_word' id='word_1_226' title='bbox 1382 2934 1502 2987; x_wconf 88' lang='grc' dir='ltr'>τότε</span> <span class='ocrx_word' id='word_1_227' title='bbox 1536 2934 1834 3006; x_wconf 87' lang='grc' dir='ltr'>περιόντες·</span> 
     </span>
    </p>
   </div>
   <div class='ocr_carea' id='block_1_33' title="bbox 264 3020 1837 3096">
    <p class='ocr_par' dir='ltr' id='par_1_33' title="bbox 264 3020 1837 3096">
     <span class='ocr_line' id='line_1_33' title="bbox 264 3020 1837 3096; baseline 0.003 -23"><span class='ocrx_word' id='word_1_228' title='bbox 264 3022 314 3073; x_wconf 85' lang='grc' dir='ltr'><strong>εί</strong></span> <span class='ocrx_word' id='word_1_229' title='bbox 341 3021 419 3090; x_wconf 81' lang='grc' dir='ltr'><strong>δὲ,</strong></span> <span class='ocrx_word' id='word_1_230' title='bbox 449 3022 592 3077; x_wconf 85' lang='grc' dir='ltr'>καθὰ</span> <span class='ocrx_word' id='word_1_231' title='bbox 611 3024 760 3078; x_wconf 86' lang='grc' dir='ltr'>δοκεῖ</span> <span class='ocrx_word' id='word_1_232' title='bbox 781 3042 923 3078; x_wconf 89' lang='grc' dir='ltr'>τισιν</span> <span class='ocrx_word' id='word_1_233' title='bbox 951 3024 1151 3089; x_wconf 73' lang='grc' dir='ltr'>ἄλλοις,</span> <span class='ocrx_word' id='word_1_234' title='bbox 1183 3025 1434 3096; x_wconf 86' lang='grc' dir='ltr'>ἀόριστον</span> <span class='ocrx_word' id='word_1_235' title='bbox 1461 3020 1600 3078; x_wconf 75' lang='grc' dir='ltr'>εἶναι</span> <span class='ocrx_word' id='word_1_236' title='bbox 1623 3025 1713 3078; x_wconf 84' lang='grc' dir='ltr'><strong>τὸν</strong></span> <span class='ocrx_word' id='word_1_237' title='bbox 1739 3025 1837 3096; x_wconf 85' lang='grc' dir='ltr'><strong>τῆς</strong></span> 
     </span>
    </p>
   </div>
   <div class='ocr_carea' id='block_1_34' title="bbox 1924 555 3486 625">
    <p class='ocr_par' dir='ltr' id='par_1_34' title="bbox 1924 555 3486 625">
     <span class='ocr_line' id='line_1_34' title="bbox 1924 555 3486 625; baseline 0.004 -18"><span class='ocrx_word' id='word_1_238' title='bbox 1924 555 2324 624; x_wconf 84' lang='lat' dir='ltr'><strong>oppositionum</strong></span> <span class='ocrx_word' id='word_1_239' title='bbox 2360 563 2592 623; x_wconf 90' lang='lat' dir='ltr'><strong>tempus,</strong></span> <span class='ocrx_word' id='word_1_240' title='bbox 2617 569 2902 625; x_wconf 87' lang='lat' dir='ltr'><strong>possemus</strong></span> <span class='ocrx_word' id='word_1_241' title='bbox 2926 558 3236 612; x_wconf 75' lang='lat' dir='ltr'><strong>accuratius</strong></span> <span class='ocrx_word' id='word_1_242' title='bbox 3264 559 3486 613; x_wconf 86' lang='lat' dir='ltr'><strong>ratioci-</strong></span> 
     </span>
    </p>
   </div>
   <div class='ocr_carea' id='block_1_35' title="bbox 1925 644 3484 717">
    <p class='ocr_par' dir='ltr' id='par_1_35' title="bbox 1925 644 3484 717">
     <span class='ocr_line' id='line_1_35' title="bbox 1925 644 3484 717; baseline 0.004 -20"><span class='ocrx_word' id='word_1_243' title='bbox 1925 644 2043 697; x_wconf 86' lang='lat' dir='ltr'><strong>nari</strong></span> <span class='ocrx_word' id='word_1_244' title='bbox 2070 651 2196 698; x_wconf 91' lang='lat' dir='ltr'><strong>ante</strong></span> <span class='ocrx_word' id='word_1_245' title='bbox 2229 652 2361 713; x_wconf 86' lang='lat' dir='ltr'><strong>quot</strong></span> <span class='ocrx_word' id='word_1_246' title='bbox 2382 659 2558 699; x_wconf 90' lang='lat' dir='ltr'><strong>annos</strong></span> <span class='ocrx_word' id='word_1_247' title='bbox 2579 645 2703 699; x_wconf 92' lang='lat' dir='ltr'><strong>talis</strong></span> <span class='ocrx_word' id='word_1_248' title='bbox 2734 660 2909 701; x_wconf 89' lang='lat' dir='ltr'><strong>canon</strong></span> <span class='ocrx_word' id='word_1_249' title='bbox 2937 649 3275 717; x_wconf 82' lang='lat' dir='ltr'><strong>compositus</strong></span> <span class='ocrx_word' id='word_1_250' title='bbox 3303 649 3484 704; x_wconf 77' lang='lat' dir='ltr'><strong>fuerit.</strong></span> 
     </span>
    </p>
   </div>
   <div class='ocr_carea' id='block_1_36' title="bbox 1925 735 3486 809">
    <p class='ocr_par' dir='ltr' id='par_1_36' title="bbox 1925 735 3486 809">
     <span class='ocr_line' id='line_1_36' title="bbox 1925 735 3486 809; baseline 0.004 -21"><span class='ocrx_word' id='word_1_251' title='bbox 1925 735 2133 790; x_wconf 85' lang='lat' dir='ltr'><strong>Interea</strong></span> <span class='ocrx_word' id='word_1_252' title='bbox 2164 745 2343 790; x_wconf 91' lang='lat' dir='ltr'><strong>tamen</strong></span> <span class='ocrx_word' id='word_1_253' title='bbox 2375 743 2434 788; x_wconf 92' lang='lat' dir='ltr'><strong>ut</strong></span> <span class='ocrx_word' id='word_1_254' title='bbox 2483 751 2876 805; x_wconf 78' lang='lat' dir='ltr'><strong>cognoscamus</strong></span> <span class='ocrx_word' id='word_1_255' title='bbox 2904 748 3028 808; x_wconf 88' lang='lat' dir='ltr'><strong>post</strong></span> <span class='ocrx_word' id='word_1_256' title='bbox 3075 748 3208 809; x_wconf 88' lang='lat' dir='ltr'><strong>quot</strong></span> <span class='ocrx_word' id='word_1_257' title='bbox 3239 755 3414 795; x_wconf 89' lang='lat' dir='ltr'><strong>annos</strong></span> <span class='ocrx_word' id='word_1_258' title='bbox 3455 756 3486 794; x_wconf 89' lang='lat' dir='ltr'><strong>a</strong></span> 
     </span>
    </p>
   </div>
   <div class='ocr_carea' id='block_1_37' title="bbox 1926 827 3489 900">
    <p class='ocr_par' dir='ltr' id='par_1_37' title="bbox 1926 827 3489 900">
     <span class='ocr_line' id='line_1_37' title="bbox 1926 827 3489 900; baseline 0.002 -18"><span class='ocrx_word' id='word_1_259' title='bbox 1926 828 2181 898; x_wconf 59' lang='lat' dir='ltr'><strong>praesenti</strong></span> <span class='ocrx_word' id='word_1_260' title='bbox 2209 828 2434 898; x_wconf 75' lang='lat' dir='ltr'><strong>integra:</strong></span> <span class='ocrx_word' id='word_1_261' title='bbox 2455 827 2572 883; x_wconf 89' lang='lat' dir='ltr'><strong>dies</strong></span> <span class='ocrx_word' id='word_1_262' title='bbox 2599 829 2739 893; x_wconf 64' lang='lat' dir='ltr'><strong>duae,</strong></span> <span class='ocrx_word' id='word_1_263' title='bbox 2778 845 2900 900; x_wconf 65' lang='lat' dir='ltr'><strong>qua:</strong></span> <span class='ocrx_word' id='word_1_264' title='bbox 2929 831 3242 887; x_wconf 87' lang='lat' dir='ltr'><strong>desciscunt</strong></span> <span class='ocrx_word' id='word_1_265' title='bbox 3267 833 3336 887; x_wconf 92' lang='lat' dir='ltr'><strong>ab</strong></span> <span class='ocrx_word' id='word_1_266' title='bbox 3358 849 3489 886; x_wconf 84' lang='lat' dir='ltr'><strong>exa-</strong></span> 
     </span>
    </p>
   </div>
   <div class='ocr_carea' id='block_1_38' title="bbox 1926 921 3488 992">
    <p class='ocr_par' dir='ltr' id='par_1_38' title="bbox 1926 921 3488 992">
     <span class='ocr_line' id='line_1_38' title="bbox 1926 921 3488 992; baseline 0.002 -17"><span class='ocrx_word' id='word_1_267' title='bbox 1926 923 2092 986; x_wconf 89' lang='lat' dir='ltr'><strong>mine,</strong></span> <span class='ocrx_word' id='word_1_268' title='bbox 2130 921 2574 976; x_wconf 67' lang='lat' dir='ltr'><strong>consummandaz</strong></span> <span class='ocrx_word' id='word_1_269' title='bbox 2621 923 2754 982; x_wconf 87' lang='lat' dir='ltr'><strong>sint.</strong></span> <span class='ocrx_word' id='word_1_270' title='bbox 2811 924 3094 992; x_wconf 89' lang='lat' dir='ltr'><strong>plenilunii</strong></span> <span class='ocrx_word' id='word_1_271' title='bbox 3153 922 3363 980; x_wconf 86' lang='lat' dir='ltr'><strong>Pascha</strong></span> <span class='ocrx_word' id='word_1_272' title='bbox 3397 925 3488 978; x_wconf 81' lang='lat' dir='ltr'><strong>Ju-</strong></span> 
     </span>
    </p>
   </div>
   <div class='ocr_carea' id='block_1_39' title="bbox 1928 1011 3490 1085">
    <p class='ocr_par' dir='ltr' id='par_1_39' title="bbox 1928 1011 3490 1085">
     <span class='ocr_line' id='line_1_39' title="bbox 1928 1011 3490 1085; baseline 0.002 -20"><span class='ocrx_word' id='word_1_273' title='bbox 1928 1011 2069 1065; x_wconf 88' lang='lat' dir='ltr'><strong>daici</strong></span> <span class='ocrx_word' id='word_1_274' title='bbox 2097 1013 2352 1081; x_wconf 69' lang='lat' dir='ltr'><strong>praesenti</strong></span> <span class='ocrx_word' id='word_1_275' title='bbox 2376 1012 2529 1082; x_wconf 80' lang='lat' dir='ltr'><strong>cyclo</strong></span> <span class='ocrx_word' id='word_1_276' title='bbox 2556 1012 2810 1082; x_wconf 88' lang='lat' dir='ltr'><strong>appositi,</strong></span> <span class='ocrx_word' id='word_1_277' title='bbox 2841 1013 2987 1082; x_wconf 89' lang='lat' dir='ltr'><strong>quod</strong></span> <span class='ocrx_word' id='word_1_278' title='bbox 3018 1015 3288 1068; x_wconf 87' lang='lat' dir='ltr'><strong>decimam</strong></span> <span class='ocrx_word' id='word_1_279' title='bbox 3327 1017 3490 1085; x_wconf 85' lang='lat' dir='ltr'><strong>Apri-</strong></span> 
     </span>
    </p>
   </div>
   <div class='ocr_carea' id='block_1_40' title="bbox 1926 1103 3492 1174">
    <p class='ocr_par' dir='ltr' id='par_1_40' title="bbox 1926 1103 3492 1174">
     <span class='ocr_line' id='line_1_40' title="bbox 1926 1103 3492 1174; baseline 0.003 -18"><span class='ocrx_word' id='word_1_280' title='bbox 1926 1103 1994 1158; x_wconf 88' lang='lat' dir='ltr'><strong>lis</strong></span> <span class='ocrx_word' id='word_1_281' title='bbox 2019 1103 2159 1158; x_wconf 91' lang='lat' dir='ltr'><strong>diem</strong></span> <span class='ocrx_word' id='word_1_282' title='bbox 2191 1103 2482 1174; x_wconf 89' lang='lat' dir='ltr'><strong>ascriptam</strong></span> <span class='ocrx_word' id='word_1_283' title='bbox 2516 1103 2699 1170; x_wconf 83' lang='lat' dir='ltr'><strong>habet,</strong></span> <span class='ocrx_word' id='word_1_284' title='bbox 2753 1105 3018 1159; x_wconf 91' lang='lat' dir='ltr'><strong>rationem</strong></span> <span class='ocrx_word' id='word_1_285' title='bbox 3075 1106 3354 1161; x_wconf 83' lang='lat' dir='ltr'><strong>inivimus.</strong></span> <span class='ocrx_word' id='word_1_286' title='bbox 3387 1105 3492 1160; x_wconf 80' lang='lat' dir='ltr'><strong>De-</strong></span> 
     </span>
    </p>
   </div>
   <div class='ocr_carea' id='block_1_41' title="bbox 1929 1195 3489 1265">
    <p class='ocr_par' dir='ltr' id='par_1_41' title="bbox 1929 1195 3489 1265">
     <span class='ocr_line' id='line_1_41' title="bbox 1929 1195 3489 1265; baseline 0.001 -17"><span class='ocrx_word' id='word_1_287' title='bbox 1929 1195 2319 1265; x_wconf 86' lang='lat' dir='ltr'><strong>prehendimus</strong></span> <span class='ocrx_word' id='word_1_288' title='bbox 2348 1200 2559 1259; x_wconf 78' lang='lat' dir='ltr'><strong>autem;</strong></span> <span class='ocrx_word' id='word_1_289' title='bbox 2580 1203 2802 1264; x_wconf 88' lang='lat' dir='ltr'><strong>propter</strong></span> <span class='ocrx_word' id='word_1_290' title='bbox 2857 1211 2965 1249; x_wconf 91' lang='lat' dir='ltr'><strong>non</strong></span> <span class='ocrx_word' id='word_1_291' title='bbox 3036 1205 3368 1265; x_wconf 79' lang='lat' dir='ltr'><strong>accuratam,</strong></span> <span class='ocrx_word' id='word_1_292' title='bbox 3428 1205 3489 1251; x_wconf 88' lang='lat' dir='ltr'><strong>ut</strong></span> 
     </span>
    </p>
   </div>
   <div class='ocr_carea' id='block_1_42' title="bbox 1929 1287 3490 1356">
    <p class='ocr_par' dir='ltr' id='par_1_42' title="bbox 1929 1287 3490 1356">
     <span class='ocr_line' id='line_1_42' title="bbox 1929 1287 3490 1356; baseline 0 -14"><span class='ocrx_word' id='word_1_293' title='bbox 1929 1288 2136 1342; x_wconf 91' lang='lat' dir='ltr'><strong>dictum</strong></span> <span class='ocrx_word' id='word_1_294' title='bbox 2179 1295 2283 1352; x_wconf 88' lang='lat' dir='ltr'><strong>cst,</strong></span> <span class='ocrx_word' id='word_1_295' title='bbox 2333 1287 2717 1342; x_wconf 84' lang='lat' dir='ltr'><strong>conversionis</strong></span> <span class='ocrx_word' id='word_1_296' title='bbox 2771 1287 2981 1341; x_wconf 85' lang='lat' dir='ltr'><strong>lunaris</strong></span> <span class='ocrx_word' id='word_1_297' title='bbox 3043 1289 3331 1352; x_wconf 89' lang='lat' dir='ltr'><strong>rationem,</strong></span> <span class='ocrx_word' id='word_1_298' title='bbox 3380 1303 3490 1356; x_wconf 81' lang='lat' dir='ltr'><strong>qua</strong></span> 
     </span>
    </p>
   </div>
   <div class='ocr_carea' id='block_1_43' title="bbox 1929 1378 3494 1450">
    <p class='ocr_par' dir='ltr' id='par_1_43' title="bbox 1929 1378 3494 1450">
     <span class='ocr_line' id='line_1_43' title="bbox 1929 1378 3494 1450; baseline 0 -16"><span class='ocrx_word' id='word_1_299' title='bbox 1929 1395 2107 1434; x_wconf 87' lang='lat' dir='ltr'><strong>canon</strong></span> <span class='ocrx_word' id='word_1_300' title='bbox 2128 1380 2322 1444; x_wconf 84' lang='lat' dir='ltr'><strong>utitur,</strong></span> <span class='ocrx_word' id='word_1_301' title='bbox 2346 1378 2656 1434; x_wconf 89' lang='lat' dir='ltr'><strong>desciscere</strong></span> <span class='ocrx_word' id='word_1_302' title='bbox 2678 1378 2732 1432; x_wconf 88' lang='lat' dir='ltr'><strong>in</strong></span> <span class='ocrx_word' id='word_1_303' title='bbox 2750 1386 2996 1433; x_wconf 85' lang='lat' dir='ltr'><strong>octavam</strong></span> <span class='ocrx_word' id='word_1_304' title='bbox 3020 1379 3219 1448; x_wconf 80' lang='lat' dir='ltr'><strong>Aprilis</strong></span> <span class='ocrx_word' id='word_1_305' title='bbox 3244 1388 3367 1450; x_wconf 91' lang='lat' dir='ltr'><strong>post</strong></span> <span class='ocrx_word' id='word_1_306' title='bbox 3393 1381 3494 1434; x_wconf 88' lang='lat' dir='ltr'><strong>ho-</strong></span> 
     </span>
    </p>
   </div>
   <div class='ocr_carea' id='block_1_44' title="bbox 1930 1469 3490 1540">
    <p class='ocr_par' dir='ltr' id='par_1_44' title="bbox 1930 1469 3490 1540">
     <span class='ocr_line' id='line_1_44' title="bbox 1930 1469 3490 1540; baseline -0.001 -14"><span class='ocrx_word' id='word_1_307' title='bbox 1930 1487 2020 1526; x_wconf 86' lang='lat' dir='ltr'><strong>ras</strong></span> <span class='ocrx_word' id='word_1_308' title='bbox 2048 1480 2163 1526; x_wconf 89' lang='lat' dir='ltr'><strong>tres</strong></span> <span class='ocrx_word' id='word_1_309' title='bbox 2189 1469 2594 1540; x_wconf 73' lang='lat' dir='ltr'><strong>aequinoctiales</strong></span> <span class='ocrx_word' id='word_1_310' title='bbox 2634 1470 2704 1525; x_wconf 91' lang='lat' dir='ltr'><strong>ab</strong></span> <span class='ocrx_word' id='word_1_311' title='bbox 2734 1478 2858 1523; x_wconf 91' lang='lat' dir='ltr'><strong>ortu</strong></span> <span class='ocrx_word' id='word_1_312' title='bbox 2896 1470 3052 1534; x_wconf 89' lang='lat' dir='ltr'><strong>solis,</strong></span> <span class='ocrx_word' id='word_1_313' title='bbox 3088 1470 3181 1540; x_wconf 90' lang='lat' dir='ltr'><strong>qui</strong></span> <span class='ocrx_word' id='word_1_314' title='bbox 3218 1471 3272 1524; x_wconf 91' lang='lat' dir='ltr'><strong>in</strong></span> <span class='ocrx_word' id='word_1_315' title='bbox 3302 1470 3490 1525; x_wconf 90' lang='lat' dir='ltr'><strong>eadem</strong></span> 
     </span>
    </p>
   </div>
   <div class='ocr_carea' id='block_1_45' title="bbox 1931 1561 3493 1634">
    <p class='ocr_par' dir='ltr' id='par_1_45' title="bbox 1931 1561 3493 1634">
     <span class='ocr_line' id='line_1_45' title="bbox 1931 1561 3493 1634; baseline -0.002 -15"><span class='ocrx_word' id='word_1_316' title='bbox 1931 1564 2019 1620; x_wconf 88' lang='lat' dir='ltr'><strong>die</strong></span> <span class='ocrx_word' id='word_1_317' title='bbox 2045 1563 2292 1634; x_wconf 84' lang='lat' dir='ltr'><strong>contigit.</strong></span> <span class='ocrx_word' id='word_1_318' title='bbox 2351 1561 2492 1627; x_wconf 85' lang='lat' dir='ltr'><strong>Quia</strong></span> <span class='ocrx_word' id='word_1_319' title='bbox 2522 1577 2652 1616; x_wconf 82' lang='lat' dir='ltr'><strong>vero</strong></span> <span class='ocrx_word' id='word_1_320' title='bbox 2709 1571 2823 1617; x_wconf 90' lang='lat' dir='ltr'><strong>tres</strong></span> <span class='ocrx_word' id='word_1_321' title='bbox 2878 1562 3026 1616; x_wconf 78' lang='lat' dir='ltr'><strong>horae</strong></span> <span class='ocrx_word' id='word_1_322' title='bbox 3084 1562 3493 1631; x_wconf 77' lang='lat' dir='ltr'><strong>aequinoctiales</strong></span> 
     </span>
    </p>
   </div>
   <div class='ocr_carea' id='block_1_46' title="bbox 1933 1654 3495 1724">
    <p class='ocr_par' dir='ltr' id='par_1_46' title="bbox 1933 1654 3495 1724">
     <span class='ocr_line' id='line_1_46' title="bbox 1933 1654 3495 1724; baseline -0.002 -12"><span class='ocrx_word' id='word_1_323' title='bbox 1933 1663 2059 1712; x_wconf 91' lang='lat' dir='ltr'><strong>sunt</strong></span> <span class='ocrx_word' id='word_1_324' title='bbox 2079 1663 2268 1710; x_wconf 89' lang='lat' dir='ltr'><strong>octava</strong></span> <span class='ocrx_word' id='word_1_325' title='bbox 2285 1669 2412 1724; x_wconf 88' lang='lat' dir='ltr'><strong>pars</strong></span> <span class='ocrx_word' id='word_1_326' title='bbox 2441 1656 2700 1724; x_wconf 90' lang='lat' dir='ltr'><strong>temporis</strong></span> <span class='ocrx_word' id='word_1_327' title='bbox 2729 1655 2981 1710; x_wconf 88' lang='lat' dir='ltr'><strong>nocturni</strong></span> <span class='ocrx_word' id='word_1_328' title='bbox 3003 1664 3056 1709; x_wconf 90' lang='lat' dir='ltr'><strong>et.</strong></span> <span class='ocrx_word' id='word_1_329' title='bbox 3089 1654 3292 1718; x_wconf 87' lang='lat' dir='ltr'><strong>diurni.</strong></span> <span class='ocrx_word' id='word_1_330' title='bbox 3323 1655 3367 1710; x_wconf 84' lang='lat' dir='ltr'><strong>si</strong></span> <span class='ocrx_word' id='word_1_331' title='bbox 3397 1671 3495 1709; x_wconf 84' lang='lat' dir='ltr'><strong>an-</strong></span> 
     </span>
    </p>
   </div>
   <div class='ocr_carea' id='block_1_47' title="bbox 1931 1746 3496 1818">
    <p class='ocr_par' dir='ltr' id='par_1_47' title="bbox 1931 1746 3496 1818">
     <span class='ocr_line' id='line_1_47' title="bbox 1931 1746 3496 1818; baseline 0 -16"><span class='ocrx_word' id='word_1_332' title='bbox 1931 1764 2126 1803; x_wconf 88' lang='lat' dir='ltr'><strong>norum</strong></span> <span class='ocrx_word' id='word_1_333' title='bbox 2153 1762 2307 1802; x_wconf 84' lang='lat' dir='ltr'><strong>cccw</strong></span> <span class='ocrx_word' id='word_1_334' title='bbox 2335 1746 2728 1811; x_wconf 86' lang='lat' dir='ltr'><strong>Romanorum,</strong></span> <span class='ocrx_word' id='word_1_335' title='bbox 2765 1747 2820 1800; x_wconf 92' lang='lat' dir='ltr'><strong>in</strong></span> <span class='ocrx_word' id='word_1_336' title='bbox 2851 1748 3050 1816; x_wconf 91' lang='lat' dir='ltr'><strong>quibus</strong></span> <span class='ocrx_word' id='word_1_337' title='bbox 3099 1748 3364 1818; x_wconf 81' lang='lat' dir='ltr'><strong>integram</strong></span> <span class='ocrx_word' id='word_1_338' title='bbox 3396 1762 3496 1802; x_wconf 81' lang='lat' dir='ltr'><strong>ne-</strong></span> 
     </span>
    </p>
   </div>
   <div class='ocr_carea' id='block_1_48' title="bbox 1933 1837 3498 1906">
    <p class='ocr_par' dir='ltr' id='par_1_48' title="bbox 1933 1837 3498 1906">
     <span class='ocr_line' id='line_1_48' title="bbox 1933 1837 3498 1906; baseline -0.003 -12"><span class='ocrx_word' id='word_1_339' title='bbox 1933 1848 2072 1894; x_wconf 89' lang='lat' dir='ltr'><strong>ctem</strong></span> <span class='ocrx_word' id='word_1_340' title='bbox 2104 1845 2159 1893; x_wconf 91' lang='lat' dir='ltr'><strong>et</strong></span> <span class='ocrx_word' id='word_1_341' title='bbox 2189 1838 2332 1894; x_wconf 86' lang='lat' dir='ltr'><strong>diem</strong></span> <span class='ocrx_word' id='word_1_342' title='bbox 2371 1845 2563 1892; x_wconf 86' lang='lat' dir='ltr'><strong>exacta</strong></span> <span class='ocrx_word' id='word_1_343' title='bbox 2586 1837 2875 1891; x_wconf 81' lang='lat' dir='ltr'><strong>conversio</strong></span> <span class='ocrx_word' id='word_1_344' title='bbox 2907 1852 3017 1891; x_wconf 86' lang='lat' dir='ltr'><strong>non</strong></span> <span class='ocrx_word' id='word_1_345' title='bbox 3071 1847 3336 1904; x_wconf 80' lang='lat' dir='ltr'><strong>exactam,</strong></span> <span class='ocrx_word' id='word_1_346' title='bbox 3375 1852 3498 1906; x_wconf 83' lang='lat' dir='ltr'><strong>quae</strong></span> 
     </span>
    </p>
   </div>
   <div class='ocr_carea' id='block_1_49' title="bbox 1933 1929 3501 1998">
    <p class='ocr_par' dir='ltr' id='par_1_49' title="bbox 1933 1929 3501 1998">
     <span class='ocr_line' id='line_1_49' title="bbox 1933 1929 3501 1998; baseline -0.002 -14"><span class='ocrx_word' id='word_1_347' title='bbox 1933 1931 2067 1984; x_wconf 79' lang='lat' dir='ltr'><strong>litin</strong></span> <span class='ocrx_word' id='word_1_348' title='bbox 2085 1947 2178 1984; x_wconf 83' lang='lat' dir='ltr'><strong>xtx</strong></span> <span class='ocrx_word' id='word_1_349' title='bbox 2201 1929 2381 1993; x_wconf 84' lang='lat' dir='ltr'><strong>annis,</strong></span> <span class='ocrx_word' id='word_1_350' title='bbox 2423 1929 2705 1998; x_wconf 88' lang='lat' dir='ltr'><strong>anticipat,</strong></span> <span class='ocrx_word' id='word_1_351' title='bbox 2758 1936 3003 1982; x_wconf 81' lang='lat' dir='ltr'><strong>octavam</strong></span> <span class='ocrx_word' id='word_1_352' title='bbox 3039 1939 3244 1997; x_wconf 88' lang='lat' dir='ltr'><strong>partem</strong></span> <span class='ocrx_word' id='word_1_353' title='bbox 3285 1944 3501 1984; x_wconf 84' lang='lat' dir='ltr'><strong>assum-</strong></span> 
     </span>
    </p>
   </div>
   <div class='ocr_carea' id='block_1_50' title="bbox 1932 2018 3498 2094">
    <p class='ocr_par' dir='ltr' id='par_1_50' title="bbox 1932 2018 3498 2094">
     <span class='ocr_line' id='line_1_50' title="bbox 1932 2018 3498 2094; baseline -0.003 -15"><span class='ocrx_word' id='word_1_354' title='bbox 1932 2022 2224 2094; x_wconf 86' lang='lat' dir='ltr'><strong>pserimus,</strong></span> <span class='ocrx_word' id='word_1_355' title='bbox 2257 2021 2310 2075; x_wconf 92' lang='lat' dir='ltr'><strong>id</strong></span> <span class='ocrx_word' id='word_1_356' title='bbox 2367 2029 2471 2084; x_wconf 93' lang='lat' dir='ltr'><strong>est,</strong></span> <span class='ocrx_word' id='word_1_357' title='bbox 2507 2035 2680 2075; x_wconf 90' lang='lat' dir='ltr'><strong>annos</strong></span> <span class='ocrx_word' id='word_1_358' title='bbox 2717 2018 2994 2074; x_wconf 85' lang='lat' dir='ltr'><strong>Romanos</strong></span> <span class='ocrx_word' id='word_1_359' title='bbox 3038 2036 3247 2075; x_wconf 83' lang='lat' dir='ltr'><strong>xxxvm</strong></span> <span class='ocrx_word' id='word_1_360' title='bbox 3282 2037 3296 2074; x_wconf 90' lang='lat'><strong>:</strong></span> <span class='ocrx_word' id='word_1_361' title='bbox 3332 2020 3498 2076; x_wconf 88' lang='lat' dir='ltr'><strong>habe-</strong></span> 
     </span>
    </p>
   </div>
   <div class='ocr_carea' id='block_1_51' title="bbox 1933 2113 3499 2184">
    <p class='ocr_par' dir='ltr' id='par_1_51' title="bbox 1933 2113 3499 2184">
     <span class='ocr_line' id='line_1_51' title="bbox 1933 2113 3499 2184; baseline -0.001 -15"><span class='ocrx_word' id='word_1_362' title='bbox 1933 2115 2113 2170; x_wconf 89' lang='lat' dir='ltr'><strong>bimus</strong></span> <span class='ocrx_word' id='word_1_363' title='bbox 2137 2121 2260 2184; x_wconf 90' lang='lat' dir='ltr'><strong>post</strong></span> <span class='ocrx_word' id='word_1_364' title='bbox 2285 2119 2419 2182; x_wconf 91' lang='lat' dir='ltr'><strong>quot</strong></span> <span class='ocrx_word' id='word_1_365' title='bbox 2457 2128 2632 2168; x_wconf 89' lang='lat' dir='ltr'><strong>annos</strong></span> <span class='ocrx_word' id='word_1_366' title='bbox 2681 2128 2711 2166; x_wconf 91' lang='lat' dir='ltr'><strong>a</strong></span> <span class='ocrx_word' id='word_1_367' title='bbox 2755 2113 3012 2183; x_wconf 68' lang='lat' dir='ltr'><strong>praesenti</strong></span> <span class='ocrx_word' id='word_1_368' title='bbox 3064 2113 3289 2183; x_wconf 82' lang='lat' dir='ltr'><strong>integrae</strong></span> <span class='ocrx_word' id='word_1_369' title='bbox 3337 2122 3499 2168; x_wconf 89' lang='lat' dir='ltr'><strong>erunt</strong></span> 
     </span>
    </p>
   </div>
   <div class='ocr_carea' id='block_1_52' title="bbox 1931 2201 3496 2259">
    <p class='ocr_par' dir='ltr' id='par_1_52' title="bbox 1931 2201 3496 2259">
     <span class='ocr_line' id='line_1_52' title="bbox 1931 2201 3496 2259; baseline -0.002 0"><span class='ocrx_word' id='word_1_370' title='bbox 1931 2205 2054 2259; x_wconf 89' lang='lat' dir='ltr'><strong>dies</strong></span> <span class='ocrx_word' id='word_1_371' title='bbox 2083 2203 2206 2258; x_wconf 69' lang='lat' dir='ltr'><strong>dua:</strong></span> <span class='ocrx_word' id='word_1_372' title='bbox 2243 2203 2313 2257; x_wconf 92' lang='lat' dir='ltr'><strong>ab</strong></span> <span class='ocrx_word' id='word_1_373' title='bbox 2334 2203 2588 2258; x_wconf 81' lang='lat' dir='ltr'><strong>examine</strong></span> <span class='ocrx_word' id='word_1_374' title='bbox 2611 2201 2951 2259; x_wconf 86' lang='lat' dir='ltr'><strong>deﬁcientes.</strong></span> <span class='ocrx_word' id='word_1_375' title='bbox 2982 2201 3114 2258; x_wconf 87' lang='lat' dir='ltr'><strong>Post</strong></span> <span class='ocrx_word' id='word_1_376' title='bbox 3137 2203 3286 2256; x_wconf 89' lang='lat' dir='ltr'><strong>illam</strong></span> <span class='ocrx_word' id='word_1_377' title='bbox 3315 2211 3496 2258; x_wconf 84' lang='lat' dir='ltr'><strong>autem</strong></span> 
     </span>
    </p>
   </div>
   <div class='ocr_carea' id='block_1_53' title="bbox 1934 2292 3498 2364">
    <p class='ocr_par' dir='ltr' id='par_1_53' title="bbox 1934 2292 3498 2364">
     <span class='ocr_line' id='line_1_53' title="bbox 1934 2292 3498 2364; baseline -0.003 -14"><span class='ocrx_word' id='word_1_378' title='bbox 1934 2295 2370 2358; x_wconf 89' lang='lat' dir='ltr'><strong>conversionem,</strong></span> <span class='ocrx_word' id='word_1_379' title='bbox 2405 2307 2628 2348; x_wconf 89' lang='lat' dir='ltr'><strong>rursum</strong></span> <span class='ocrx_word' id='word_1_380' title='bbox 2655 2292 2777 2347; x_wconf 88' lang='lat' dir='ltr'><strong>aliis</strong></span> <span class='ocrx_word' id='word_1_381' title='bbox 2806 2292 2916 2348; x_wconf 90' lang='lat' dir='ltr'><strong>diei</strong></span> <span class='ocrx_word' id='word_1_382' title='bbox 2957 2295 3231 2364; x_wconf 86' lang='lat' dir='ltr'><strong>scrupulis</strong></span> <span class='ocrx_word' id='word_1_383' title='bbox 3277 2294 3498 2363; x_wconf 88' lang='lat' dir='ltr'><strong>incipiet</strong></span> 
     </span>
    </p>
   </div>
   <div class='ocr_carea' id='block_1_54' title="bbox 1935 2383 3499 2454">
    <p class='ocr_par' dir='ltr' id='par_1_54' title="bbox 1935 2383 3499 2454">
     <span class='ocr_line' id='line_1_54' title="bbox 1935 2383 3499 2454; baseline -0.003 -11"><span class='ocrx_word' id='word_1_384' title='bbox 1935 2394 2127 2443; x_wconf 75' lang='lat' dir='ltr'><strong>exacta</strong></span> <span class='ocrx_word' id='word_1_385' title='bbox 2157 2385 2432 2440; x_wconf 84' lang='lat' dir='ltr'><strong>restitutio</strong></span> <span class='ocrx_word' id='word_1_386' title='bbox 2462 2398 2574 2438; x_wconf 90' lang='lat' dir='ltr'><strong>non</strong></span> <span class='ocrx_word' id='word_1_387' title='bbox 2609 2391 2858 2438; x_wconf 86' lang='lat' dir='ltr'><strong>exactam</strong></span> <span class='ocrx_word' id='word_1_388' title='bbox 2897 2385 3214 2454; x_wconf 87' lang='lat' dir='ltr'><strong>anticipare.</strong></span> <span class='ocrx_word' id='word_1_389' title='bbox 3249 2383 3378 2440; x_wconf 91' lang='lat' dir='ltr'><strong>Post</strong></span> <span class='ocrx_word' id='word_1_390' title='bbox 3399 2399 3499 2438; x_wconf 90' lang='lat' dir='ltr'><strong>an-</strong></span> 
     </span>
    </p>
   </div>
   <div class='ocr_carea' id='block_1_55' title="bbox 1935 2475 3496 2546">
    <p class='ocr_par' dir='ltr' id='par_1_55' title="bbox 1935 2475 3496 2546">
     <span class='ocr_line' id='line_1_55' title="bbox 1935 2475 3496 2546; baseline 0 -14"><span class='ocrx_word' id='word_1_391' title='bbox 1935 2493 2038 2532; x_wconf 90' lang='lat' dir='ltr'><strong>nos</strong></span> <span class='ocrx_word' id='word_1_392' title='bbox 2059 2483 2240 2530; x_wconf 91' lang='lat' dir='ltr'><strong>autem</strong></span> <span class='ocrx_word' id='word_1_393' title='bbox 2273 2477 2495 2546; x_wconf 88' lang='lat' dir='ltr'><strong>triginta</strong></span> <span class='ocrx_word' id='word_1_394' title='bbox 2523 2481 2648 2529; x_wconf 92' lang='lat' dir='ltr'><strong>octo</strong></span> <span class='ocrx_word' id='word_1_395' title='bbox 2677 2489 2708 2528; x_wconf 91' lang='lat' dir='ltr'><strong>a</strong></span> <span class='ocrx_word' id='word_1_396' title='bbox 2734 2476 2986 2544; x_wconf 67' lang='lat' dir='ltr'><strong>praesenti</strong></span> <span class='ocrx_word' id='word_1_397' title='bbox 3010 2477 3312 2532; x_wconf 91' lang='lat' dir='ltr'><strong>eritannus</strong></span> <span class='ocrx_word' id='word_1_398' title='bbox 3337 2475 3496 2532; x_wconf 71' lang='lat'><strong>6919.</strong></span> 
     </span>
    </p>
   </div>
   <div class='ocr_carea' id='block_1_56' title="bbox 1938 2562 3500 2635">
    <p class='ocr_par' dir='ltr' id='par_1_56' title="bbox 1938 2562 3500 2635">
     <span class='ocr_line' id='line_1_56' title="bbox 1938 2562 3500 2635; baseline 0.003 -18"><span class='ocrx_word' id='word_1_399' title='bbox 1938 2562 1982 2635; x_wconf 84' lang='grc'><strong>[⁷</strong></span> <span class='ocrx_word' id='word_1_400' title='bbox 1999 2563 2078 2618; x_wconf 85' lang='lat' dir='ltr'><strong>Ac</strong></span> <span class='ocrx_word' id='word_1_401' title='bbox 2123 2564 2192 2624; x_wconf 89' lang='lat' dir='ltr'><strong>si,</strong></span> <span class='ocrx_word' id='word_1_402' title='bbox 2216 2570 2276 2617; x_wconf 86' lang='lat' dir='ltr'><strong>ut</strong></span> <span class='ocrx_word' id='word_1_403' title='bbox 2312 2562 2552 2633; x_wconf 86' lang='lat' dir='ltr'><strong>vulgaris</strong></span> <span class='ocrx_word' id='word_1_404' title='bbox 2581 2569 2666 2617; x_wconf 90' lang='lat' dir='ltr'><strong>est</strong></span> <span class='ocrx_word' id='word_1_405' title='bbox 2697 2563 2900 2632; x_wconf 90' lang='lat' dir='ltr'><strong>opinio,</strong></span> <span class='ocrx_word' id='word_1_406' title='bbox 2936 2564 3166 2634; x_wconf 91' lang='lat' dir='ltr'><strong>septimo</strong></span> <span class='ocrx_word' id='word_1_407' title='bbox 3210 2565 3500 2621; x_wconf 89' lang='lat' dir='ltr'><strong>millesimo</strong></span> 
     </span>
    </p>
   </div>
   <div class='ocr_carea' id='block_1_57' title="bbox 1936 2651 3503 2722">
    <p class='ocr_par' dir='ltr' id='par_1_57' title="bbox 1936 2651 3503 2722">
     <span class='ocr_line' id='line_1_57' title="bbox 1936 2651 3503 2722; baseline 0.001 -14"><span class='ocrx_word' id='word_1_408' title='bbox 1936 2662 2181 2710; x_wconf 82' lang='lat' dir='ltr'><strong>vertente</strong></span> <span class='ocrx_word' id='word_1_409' title='bbox 2205 2655 2370 2709; x_wconf 91' lang='lat' dir='ltr'><strong>totius</strong></span> <span class='ocrx_word' id='word_1_410' title='bbox 2392 2652 2578 2707; x_wconf 90' lang='lat' dir='ltr'><strong>mundi</strong></span> <span class='ocrx_word' id='word_1_411' title='bbox 2609 2651 2788 2706; x_wconf 81' lang='lat' dir='ltr'><strong>futura</strong></span> <span class='ocrx_word' id='word_1_412' title='bbox 2811 2655 3208 2709; x_wconf 87' lang='lat' dir='ltr'><strong>consummatio</strong></span> <span class='ocrx_word' id='word_1_413' title='bbox 3241 2662 3356 2722; x_wconf 88' lang='lat' dir='ltr'><strong>est;</strong></span> <span class='ocrx_word' id='word_1_414' title='bbox 3395 2654 3503 2709; x_wconf 81' lang='lat' dir='ltr'><strong>fru-</strong></span> 
     </span>
    </p>
   </div>
   <div class='ocr_carea' id='block_1_58' title="bbox 1937 2743 3502 2816">
    <p class='ocr_par' dir='ltr' id='par_1_58' title="bbox 1937 2743 3502 2816">
     <span class='ocr_line' id='line_1_58' title="bbox 1937 2743 3502 2816; baseline -0.001 -13"><span class='ocrx_word' id='word_1_415' title='bbox 1937 2757 2052 2803; x_wconf 88' lang='lat' dir='ltr'><strong>stra</strong></span> <span class='ocrx_word' id='word_1_416' title='bbox 2080 2747 2138 2801; x_wconf 92' lang='lat' dir='ltr'><strong>in</strong></span> <span class='ocrx_word' id='word_1_417' title='bbox 2166 2744 2483 2816; x_wconf 84' lang='lat' dir='ltr'><strong>castiganda</strong></span> <span class='ocrx_word' id='word_1_418' title='bbox 2504 2743 2682 2798; x_wconf 89' lang='lat' dir='ltr'><strong>lunari</strong></span> <span class='ocrx_word' id='word_1_419' title='bbox 2722 2745 2978 2801; x_wconf 90' lang='lat' dir='ltr'><strong>methodo</strong></span> <span class='ocrx_word' id='word_1_420' title='bbox 3031 2746 3188 2800; x_wconf 80' lang='lat' dir='ltr'><strong>labor</strong></span> <span class='ocrx_word' id='word_1_421' title='bbox 3219 2747 3502 2804; x_wconf 88' lang='lat' dir='ltr'><strong>adhibebi-</strong></span> 
     </span>
    </p>
   </div>
   <div class='ocr_carea' id='block_1_59' title="bbox 1937 2835 3501 2908">
    <p class='ocr_par' dir='ltr' id='par_1_59' title="bbox 1937 2835 3501 2908">
     <span class='ocr_line' id='line_1_59' title="bbox 1937 2835 3501 2908; baseline 0.001 -16"><span class='ocrx_word' id='word_1_422' title='bbox 1937 2846 2060 2902; x_wconf 87' lang='lat' dir='ltr'><strong>tur;</strong></span> <span class='ocrx_word' id='word_1_423' title='bbox 2089 2853 2212 2892; x_wconf 92' lang='lat' dir='ltr'><strong>cum</strong></span> <span class='ocrx_word' id='word_1_424' title='bbox 2247 2837 2377 2891; x_wconf 90' lang='lat' dir='ltr'><strong>anni</strong></span> <span class='ocrx_word' id='word_1_425' title='bbox 2403 2835 2780 2891; x_wconf 87' lang='lat' dir='ltr'><strong>tantummodo</strong></span> <span class='ocrx_word' id='word_1_426' title='bbox 2803 2836 2870 2892; x_wconf 91' lang='lat' dir='ltr'><strong>de</strong></span> <span class='ocrx_word' id='word_1_427' title='bbox 2897 2852 3109 2892; x_wconf 89' lang='lat' dir='ltr'><strong>summa</strong></span> <span class='ocrx_word' id='word_1_428' title='bbox 3135 2839 3327 2908; x_wconf 89' lang='lat' dir='ltr'><strong>reliqui</strong></span> <span class='ocrx_word' id='word_1_429' title='bbox 3386 2840 3501 2894; x_wconf 89' lang='lat' dir='ltr'><strong>sint</strong></span> 
     </span>
    </p>
   </div>
   <div class='ocr_carea' id='block_1_60' title="bbox 1938 2927 3498 2999">
    <p class='ocr_par' dir='ltr' id='par_1_60' title="bbox 1938 2927 3498 2999">
     <span class='ocr_line' id='line_1_60' title="bbox 1938 2927 3498 2999; baseline 0.001 -14"><span class='ocrx_word' id='word_1_430' title='bbox 1938 2946 2124 2994; x_wconf 83' lang='lat' dir='ltr'><strong>Lxxxt,</strong></span> <span class='ocrx_word' id='word_1_431' title='bbox 2139 2945 2234 2999; x_wconf 87' lang='lat' dir='ltr'><strong>per</strong></span> <span class='ocrx_word' id='word_1_432' title='bbox 2253 2943 2392 2998; x_wconf 90' lang='lat' dir='ltr'><strong>quos</strong></span> <span class='ocrx_word' id='word_1_433' title='bbox 2411 2927 2696 2984; x_wconf 88' lang='lat' dir='ltr'><strong>emendata</strong></span> <span class='ocrx_word' id='word_1_434' title='bbox 2722 2928 2814 2982; x_wconf 91' lang='lat' dir='ltr'><strong>illa</strong></span> <span class='ocrx_word' id='word_1_435' title='bbox 2836 2929 3126 2985; x_wconf 89' lang='lat' dir='ltr'><strong>methodus</strong></span> <span class='ocrx_word' id='word_1_436' title='bbox 3151 2931 3204 2984; x_wconf 90' lang='lat' dir='ltr'><strong>in</strong></span> <span class='ocrx_word' id='word_1_437' title='bbox 3229 2946 3330 2986; x_wconf 91' lang='lat' dir='ltr'><strong>usu</strong></span> <span class='ocrx_word' id='word_1_438' title='bbox 3351 2931 3451 2986; x_wconf 89' lang='lat' dir='ltr'><strong>erit</strong></span> <span class='ocrx_word' id='word_1_439' title='bbox 3484 2951 3498 2986; x_wconf 90' lang='lat'><strong>:</strong></span> 
     </span>
    </p>
   </div>
   <div class='ocr_carea' id='block_1_61' title="bbox 1939 3019 3500 3087">
    <p class='ocr_par' dir='ltr' id='par_1_61' title="bbox 1939 3019 3500 3087">
     <span class='ocr_line' id='line_1_61' title="bbox 1939 3019 3500 3087; baseline -0.002 -8"><span class='ocrx_word' id='word_1_440' title='bbox 1939 3039 2061 3079; x_wconf 91' lang='lat' dir='ltr'><strong>cum</strong></span> <span class='ocrx_word' id='word_1_441' title='bbox 2085 3023 2138 3076; x_wconf 89' lang='lat' dir='ltr'><strong>in</strong></span> <span class='ocrx_word' id='word_1_442' title='bbox 2169 3022 2291 3077; x_wconf 92' lang='lat' dir='ltr'><strong>istis</strong></span> <span class='ocrx_word' id='word_1_443' title='bbox 2320 3037 2486 3076; x_wconf 78' lang='lat' dir='ltr'><strong>Lxxxt</strong></span> <span class='ocrx_word' id='word_1_444' title='bbox 2523 3019 2685 3075; x_wconf 90' lang='lat' dir='ltr'><strong>annis</strong></span> <span class='ocrx_word' id='word_1_445' title='bbox 2700 3034 2810 3074; x_wconf 92' lang='lat' dir='ltr'><strong>non</strong></span> <span class='ocrx_word' id='word_1_446' title='bbox 2837 3021 3071 3075; x_wconf 91' lang='lat' dir='ltr'><strong>multum</strong></span> <span class='ocrx_word' id='word_1_447' title='bbox 3106 3023 3338 3087; x_wconf 85' lang='lat' dir='ltr'><strong>intersit,</strong></span> <span class='ocrx_word' id='word_1_448' title='bbox 3365 3023 3412 3078; x_wconf 91' lang='lat' dir='ltr'><strong>si</strong></span> <span class='ocrx_word' id='word_1_449' title='bbox 3439 3023 3500 3086; x_wconf 88' lang='lat' dir='ltr'><strong>ii,</strong></span> 
     </span>
    </p>
   </div>
   <div class='ocr_carea' id='block_1_62' title="bbox 269 3109 1834 3192">
    <p class='ocr_par' dir='ltr' id='par_1_62' title="bbox 269 3109 1834 3186">
     <span class='ocr_line' id='line_1_62' title="bbox 269 3109 1834 3186; baseline 0.004 -24"><span class='ocrx_word' id='word_1_450' title='bbox 269 3111 578 3176; x_wconf 85' lang='grc' dir='ltr'>συντελείας</span> <span class='ocrx_word' id='word_1_451' title='bbox 606 3115 814 3184; x_wconf 87' lang='grc' dir='ltr'>καιρὸν,</span> <span class='ocrx_word' id='word_1_452' title='bbox 846 3109 925 3178; x_wconf 75' lang='grc' dir='ltr'>οἷς</span> <span class='ocrx_word' id='word_1_453' title='bbox 958 3115 1052 3170; x_wconf 73' lang='grc' dir='ltr'><strong>καὶ</strong></span> <span class='ocrx_word' id='word_1_454' title='bbox 1083 3115 1242 3178; x_wconf 78' lang='grc' dir='ltr'>αὐτὸς</span> <span class='ocrx_word' id='word_1_455' title='bbox 1271 3115 1604 3185; x_wconf 73' lang='grc' dir='ltr'>συντίθεμαιο</span> <span class='ocrx_word' id='word_1_456' title='bbox 1632 3115 1834 3186; x_wconf 82' lang='grc' dir='ltr'>πρέπον</span> 
     </span>
    </p>
   </div>
   <div class='ocr_carea' id='block_1_63' title="bbox 1935 3109 3506 3192">
    <p class='ocr_par' dir='ltr' id='par_1_63' title="bbox 1941 3113 3506 3185">
     <span class='ocr_line' id='line_1_63' title="bbox 1941 3113 3506 3185; baseline 0 -17"><span class='ocrx_word' id='word_1_457' title='bbox 1941 3116 2036 3184; x_wconf 92' lang='lat' dir='ltr'><strong>qui</strong></span> <span class='ocrx_word' id='word_1_458' title='bbox 2064 3123 2179 3169; x_wconf 88' lang='lat' dir='ltr'><strong>tum</strong></span> <span class='ocrx_word' id='word_1_459' title='bbox 2215 3113 2538 3185; x_wconf 78' lang='lat' dir='ltr'><strong>superstites</strong></span> <span class='ocrx_word' id='word_1_460' title='bbox 2561 3122 2743 3176; x_wconf 90' lang='lat' dir='ltr'><strong>erunt.</strong></span> <span class='ocrx_word' id='word_1_461' title='bbox 2807 3121 3044 3169; x_wconf 86' lang='lat' dir='ltr'><strong>veterem</strong></span> <span class='ocrx_word' id='word_1_462' title='bbox 3096 3130 3198 3170; x_wconf 90' lang='lat' dir='ltr'><strong>nec</strong></span> <span class='ocrx_word' id='word_1_463' title='bbox 3258 3115 3506 3170; x_wconf 82' lang='lat' dir='ltr'><strong>emenda-</strong></span> 
     </span>
    </p>
   </div>
   <div class='ocr_carea' id='block_1_64' title="bbox 267 3199 1841 3278">
    <p class='ocr_par' dir='ltr' id='par_1_64' title="bbox 267 3199 1841 3278">
     <span class='ocr_line' id='line_1_64' title="bbox 267 3199 1841 3278; baseline 0.001 -23"><span class='ocrx_word' id='word_1_464' title='bbox 267 3199 334 3255; x_wconf 80' lang='grc' dir='ltr'><strong>ἂν</strong></span> <span class='ocrx_word' id='word_1_465' title='bbox 355 3202 444 3274; x_wconf 80' lang='grc' dir='ltr'>εἴη</span> <span class='ocrx_word' id='word_1_466' title='bbox 469 3203 716 3273; x_wconf 79' lang='grc' dir='ltr'>διορθοῦν</span> <span class='ocrx_word' id='word_1_467' title='bbox 735 3205 832 3276; x_wconf 81' lang='grc' dir='ltr'>τὴν</span> <span class='ocrx_word' id='word_1_468' title='bbox 858 3205 1104 3276; x_wconf 74' lang='grc' dir='ltr'>περὶτῆς</span> <span class='ocrx_word' id='word_1_469' title='bbox 1127 3206 1352 3278; x_wconf 80' lang='grc' dir='ltr'>σελήνης</span> <span class='ocrx_word' id='word_1_470' title='bbox 1377 3205 1620 3276; x_wconf 87' lang='grc' dir='ltr'>μέθοδον,</span> <span class='ocrx_word' id='word_1_471' title='bbox 1639 3206 1660 3237; x_wconf 79' lang='grc'>⁸</span> <span class='ocrx_word' id='word_1_472' title='bbox 1680 3221 1841 3275; x_wconf 88' lang='grc' dir='ltr'>προσ-</span> 
     </span>
    </p>
   </div>
   <div class='ocr_carea' id='block_1_65' title="bbox 267 3290 1842 3368">
    <p class='ocr_par' dir='ltr' id='par_1_65' title="bbox 267 3290 1842 3368">
     <span class='ocr_line' id='line_1_65' title="bbox 267 3290 1842 3368; baseline 0.001 -21"><span class='ocrx_word' id='word_1_473' title='bbox 267 3307 298 3347; x_wconf 76' lang='grc' dir='ltr'><strong>τ</strong></span> <span class='ocrx_word' id='word_1_474' title='bbox 319 3290 473 3348; x_wconf 68' lang='lat' dir='ltr'><strong>diva:</strong></span> <span class='ocrx_word' id='word_1_475' title='bbox 501 3298 625 3358; x_wconf 90' lang='grc' dir='ltr'>ταῖς</span> <span class='ocrx_word' id='word_1_476' title='bbox 647 3295 749 3366; x_wconf 90' lang='grc' dir='ltr'><strong>τῆς</strong></span> <span class='ocrx_word' id='word_1_477' title='bbox 779 3295 1005 3367; x_wconf 83' lang='grc' dir='ltr'>σελήνης</span> <span class='ocrx_word' id='word_1_478' title='bbox 1026 3297 1308 3363; x_wconf 85' lang='grc' dir='ltr'>ἐπακταῖς,</span> <span class='ocrx_word' id='word_1_479' title='bbox 1337 3296 1403 3361; x_wconf 81' lang='grc' dir='ltr'>ἃς</span> <span class='ocrx_word' id='word_1_480' title='bbox 1429 3297 1462 3368; x_wconf 83' lang='grc' dir='ltr'><strong>ή</strong></span> <span class='ocrx_word' id='word_1_481' title='bbox 1492 3295 1587 3350; x_wconf 90' lang='grc' dir='ltr'><strong>νῦν</strong></span> <span class='ocrx_word' id='word_1_482' title='bbox 1619 3296 1842 3367; x_wconf 88' lang='grc' dir='ltr'>μέθοδος</span> 
     </span>
    </p>
   </div>
   <div class='ocr_carea' id='block_1_66' title="bbox 269 3380 1841 3464">
    <p class='ocr_par' dir='ltr' id='par_1_66' title="bbox 269 3380 1841 3464">
     <span class='ocr_line' id='line_1_66' title="bbox 269 3380 1841 3464; baseline 0.005 -29"><span class='ocrx_word' id='word_1_483' title='bbox 269 3380 619 3457; x_wconf 82' lang='grc' dir='ltr'>ὕπαγορεύει,</span> <span class='ocrx_word' id='word_1_484' title='bbox 648 3387 742 3441; x_wconf 74' lang='grc' dir='ltr'><strong>καὶ</strong></span> <span class='ocrx_word' id='word_1_485' title='bbox 782 3388 1067 3459; x_wconf 79' lang='grc' dir='ltr'>ἐπερευνᾷ,</span> <span class='ocrx_word' id='word_1_486' title='bbox 1102 3387 1196 3442; x_wconf 80' lang='grc' dir='ltr'><strong>καὶ</strong></span> <span class='ocrx_word' id='word_1_487' title='bbox 1232 3387 1373 3443; x_wconf 76' lang='grc' dir='ltr'>οὕτω</span> <span class='ocrx_word' id='word_1_488' title='bbox 1406 3389 1480 3462; x_wconf 74' lang='grc' dir='ltr'>μὴ</span> <span class='ocrx_word' id='word_1_489' title='bbox 1515 3387 1841 3464; x_wconf 81' lang='grc' dir='ltr'>σφάλλεσθαι</span> 
     </span>
    </p>
   </div>
   <div class='ocr_carea' id='block_1_67' title="bbox 268 3475 1841 3552">
    <p class='ocr_par' dir='ltr' id='par_1_67' title="bbox 268 3475 1841 3552">
     <span class='ocr_line' id='line_1_67' title="bbox 268 3475 1841 3552; baseline 0.003 -22"><span class='ocrx_word' id='word_1_490' title='bbox 268 3475 368 3547; x_wconf 79' lang='grc' dir='ltr'><strong>τῆς</strong></span> <span class='ocrx_word' id='word_1_491' title='bbox 397 3478 712 3551; x_wconf 85' lang='grc' dir='ltr'>ὀρθότητος.</span> <span class='ocrx_word' id='word_1_492' title='bbox 736 3479 809 3532; x_wconf 87' lang='grc' dir='ltr'><strong>Τὸ</strong></span> <span class='ocrx_word' id='word_1_493' title='bbox 835 3481 1017 3550; x_wconf 86' lang='grc' dir='ltr'>μέντοι</span> <span class='ocrx_word' id='word_1_494' title='bbox 1039 3482 1340 3550; x_wconf 85' lang='grc' dir='ltr'>Πασχάλιον</span> <span class='ocrx_word' id='word_1_495' title='bbox 1359 3483 1621 3548; x_wconf 88' lang='grc' dir='ltr'>κανόνιον,</span> <span class='ocrx_word' id='word_1_496' title='bbox 1639 3483 1841 3552; x_wconf 85' lang='grc' dir='ltr'>ἀμετα-</span> 
     </span>
    </p>
   </div>
   <div class='ocr_carea' id='block_1_68' title="bbox 268 3570 1842 3645">
    <p class='ocr_par' dir='ltr' id='par_1_68' title="bbox 268 3570 1842 3645">
     <span class='ocr_line' id='line_1_68' title="bbox 268 3570 1842 3645; baseline 0.003 -24"><span class='ocrx_word' id='word_1_497' title='bbox 268 3570 496 3642; x_wconf 85' lang='grc' dir='ltr'>ποίητον</span> <span class='ocrx_word' id='word_1_498' title='bbox 520 3571 698 3642; x_wconf 87' lang='grc' dir='ltr'>μένον,</span> <span class='ocrx_word' id='word_1_499' title='bbox 722 3572 815 3625; x_wconf 69' lang='grc' dir='ltr'><strong>καὶ</strong></span> <span class='ocrx_word' id='word_1_500' title='bbox 846 3572 925 3624; x_wconf 82' lang='grc' dir='ltr'><strong>ἐτι</strong></span> <span class='ocrx_word' id='word_1_501' title='bbox 961 3572 1369 3645; x_wconf 81' lang='grc' dir='ltr'>σφαλερώτερον</span> <span class='ocrx_word' id='word_1_502' title='bbox 1398 3573 1568 3627; x_wconf 80' lang='grc' dir='ltr'>ἔσται’</span> <span class='ocrx_word' id='word_1_503' title='bbox 1606 3575 1842 3645; x_wconf 88' lang='grc' dir='ltr'>παρόσον</span> 
     </span>
    </p>
   </div>
   <div class='ocr_carea' id='block_1_69' title="bbox 267 3659 1844 3735">
    <p class='ocr_par' dir='ltr' id='par_1_69' title="bbox 267 3659 1844 3735">
     <span class='ocr_line' id='line_1_69' title="bbox 267 3659 1844 3735; baseline 0.003 -22"><span class='ocrx_word' id='word_1_504' title='bbox 267 3659 361 3714; x_wconf 87' lang='grc' dir='ltr'><strong>νῦν</strong></span> <span class='ocrx_word' id='word_1_505' title='bbox 379 3662 482 3732; x_wconf 88' lang='grc' dir='ltr'>μὲν</span> <span class='ocrx_word' id='word_1_506' title='bbox 496 3662 556 3716; x_wconf 90' lang='grc' dir='ltr'><strong>δυ</strong></span> <span class='ocrx_word' id='word_1_507' title='bbox 565 3663 646 3716; x_wconf 74' lang='grc' dir='ltr'><strong>σὶν</strong></span> <span class='ocrx_word' id='word_1_508' title='bbox 664 3663 899 3735; x_wconf 82' lang='grc' dir='ltr'>ἡμέραις</span> <span class='ocrx_word' id='word_1_509' title='bbox 913 3664 1165 3716; x_wconf 81' lang='grc' dir='ltr'>ἐκπίπτει</span> <span class='ocrx_word' id='word_1_510' title='bbox 1177 3664 1275 3735; x_wconf 87' lang='grc' dir='ltr'><strong>τῆς</strong></span> <span class='ocrx_word' id='word_1_511' title='bbox 1292 3663 1568 3734; x_wconf 86' lang='grc' dir='ltr'>ἀληθείας,</span> <span class='ocrx_word' id='word_1_512' title='bbox 1585 3665 1678 3718; x_wconf 85' lang='grc' dir='ltr'>ἀπ’</span> <span class='ocrx_word' id='word_1_513' title='bbox 1702 3664 1844 3718; x_wconf 87' lang='grc' dir='ltr'>ἐκεί-</span> 
     </span>
    </p>
   </div>
   <div class='ocr_carea' id='block_1_70' title="bbox 268 3753 1845 3829">
    <p class='ocr_par' dir='ltr' id='par_1_70' title="bbox 268 3753 1845 3829">
     <span class='ocr_line' id='line_1_70' title="bbox 268 3753 1845 3829; baseline 0.005 -25"><span class='ocrx_word' id='word_1_514' title='bbox 268 3768 356 3804; x_wconf 87' lang='grc' dir='ltr'><strong>νου</strong></span> <span class='ocrx_word' id='word_1_515' title='bbox 381 3753 437 3806; x_wconf 84' lang='grc' dir='ltr'>δὲ</span> <span class='ocrx_word' id='word_1_516' title='bbox 454 3753 553 3806; x_wconf 90' lang='grc' dir='ltr'><strong>τοῦ</strong></span> <span class='ocrx_word' id='word_1_517' title='bbox 569 3753 740 3818; x_wconf 84' lang='grc' dir='ltr'>ἔτους,</span> <span class='ocrx_word' id='word_1_518' title='bbox 757 3754 955 3826; x_wconf 84' lang='grc' dir='ltr'>δηλαδὴ</span> <span class='ocrx_word' id='word_1_519' title='bbox 970 3755 1064 3810; x_wconf 87' lang='grc' dir='ltr'><strong>τοῦ</strong></span> <span class='ocrx_word' id='word_1_520' title='bbox 1083 3755 1272 3823; x_wconf 53' lang='grc' dir='ltr'>,ςῶιθς</span> <span class='ocrx_word' id='word_1_521' title='bbox 1289 3757 1480 3829; x_wconf 87' lang='grc' dir='ltr'>τρισίν.</span> <span class='ocrx_word' id='word_1_522' title='bbox 1501 3759 1619 3811; x_wconf 66' lang='grc' dir='ltr'><strong>Ἐπὶ</strong></span> <span class='ocrx_word' id='word_1_523' title='bbox 1636 3758 1845 3822; x_wconf 85' lang='grc' dir='ltr'>τούτοις</span> 
     </span>
    </p>
   </div>
   <div class='ocr_carea' id='block_1_71' title="bbox 270 3843 1843 3920">
    <p class='ocr_par' dir='ltr' id='par_1_71' title="bbox 270 3843 1843 3920">
     <span class='ocr_line' id='line_1_71' title="bbox 270 3843 1843 3920; baseline 0.005 -25"><span class='ocrx_word' id='word_1_524' title='bbox 270 3843 620 3914; x_wconf 70' lang='grc' dir='ltr'>σκεψώμεθα,</span> <span class='ocrx_word' id='word_1_525' title='bbox 643 3845 737 3898; x_wconf 77' lang='grc' dir='ltr'><strong>καὶ</strong></span> <span class='ocrx_word' id='word_1_526' title='bbox 759 3848 808 3899; x_wconf 80' lang='grc' dir='ltr'>εἰ</span> <span class='ocrx_word' id='word_1_527' title='bbox 836 3845 957 3899; x_wconf 85' lang='grc' dir='ltr'>καθ’</span> <span class='ocrx_word' id='word_1_528' title='bbox 978 3846 1208 3901; x_wconf 72' lang='grc' dir='ltr'>ἕκαστον</span> <span class='ocrx_word' id='word_1_529' title='bbox 1232 3848 1350 3912; x_wconf 79' lang='grc' dir='ltr'>ἔτος</span> <span class='ocrx_word' id='word_1_530' title='bbox 1380 3848 1669 3919; x_wconf 83' lang='grc' dir='ltr'>σφάλλεται</span> <span class='ocrx_word' id='word_1_531' title='bbox 1691 3853 1722 3920; x_wconf 82' lang='grc' dir='ltr'>ἡ</span> <span class='ocrx_word' id='word_1_532' title='bbox 1749 3849 1843 3903; x_wconf 92' lang='grc' dir='ltr'><strong>τοῦ</strong></span> 
     </span>
    </p>
   </div>
   <div class='ocr_carea' id='block_1_72' title="bbox 271 3936 1842 4011">
    <p class='ocr_par' dir='ltr' id='par_1_72' title="bbox 271 3936 1842 4011">
     <span class='ocr_line' id='line_1_72' title="bbox 271 3936 1842 4011; baseline 0.003 -23"><span class='ocrx_word' id='word_1_533' title='bbox 271 3936 437 4005; x_wconf 79' lang='grc' dir='ltr'>μηνὸς</span> <span class='ocrx_word' id='word_1_534' title='bbox 465 3936 669 4008; x_wconf 81' lang='grc' dir='ltr'>ἡμέρα,</span> <span class='ocrx_word' id='word_1_535' title='bbox 693 3936 812 3990; x_wconf 83' lang='grc' dir='ltr'>καθ’</span> <span class='ocrx_word' id='word_1_536' title='bbox 835 3938 902 4009; x_wconf 81' lang='grc' dir='ltr'>ἢν</span> <span class='ocrx_word' id='word_1_537' title='bbox 921 3939 1079 4009; x_wconf 83' lang='grc' dir='ltr'>ἡμεῖς</span> <span class='ocrx_word' id='word_1_538' title='bbox 1104 3939 1165 3992; x_wconf 87' lang='grc' dir='ltr'><strong>τὸ</strong></span> <span class='ocrx_word' id='word_1_539' title='bbox 1188 3940 1338 4008; x_wconf 80' lang='grc' dir='ltr'>ἅγιον</span> <span class='ocrx_word' id='word_1_540' title='bbox 1359 3941 1550 4010; x_wconf 87' lang='grc' dir='ltr'>Πάσχα</span> <span class='ocrx_word' id='word_1_541' title='bbox 1565 3939 1842 4011; x_wconf 80' lang='grc' dir='ltr'>τελοῦμεν,</span> 
     </span>
    </p>
   </div>
   <div class='ocr_carea' id='block_1_73' title="bbox 265 4019 1846 4100">
    <p class='ocr_par' dir='ltr' id='par_1_73' title="bbox 265 4019 1846 4100">
     <span class='ocr_line' id='line_1_73' title="bbox 265 4019 1846 4100; baseline 0.006 -26"><span class='ocrx_word' id='word_1_542' title='bbox 265 4019 300 4090; x_wconf 79' lang='grc' dir='ltr'><strong>ἢ</strong></span> <span class='ocrx_word' id='word_1_543' title='bbox 333 4024 468 4076; x_wconf 78' lang='grc' dir='ltr'>ποτὲ</span> <span class='ocrx_word' id='word_1_544' title='bbox 509 4023 628 4094; x_wconf 81' lang='grc' dir='ltr'>μὲν,</span> <span class='ocrx_word' id='word_1_545' title='bbox 667 4024 796 4078; x_wconf 88' lang='grc' dir='ltr'><strong>ποτέ</strong></span> <span class='ocrx_word' id='word_1_546' title='bbox 835 4026 893 4078; x_wconf 85' lang='grc' dir='ltr'>δὲ</span> <span class='ocrx_word' id='word_1_547' title='bbox 922 4026 1004 4080; x_wconf 80' lang='grc' dir='ltr'><strong>οῦ.</strong></span> <span class='ocrx_word' id='word_1_548' title='bbox 1051 4027 1092 4079; x_wconf 91' lang='grc' dir='ltr'><strong>Γ</strong></span> <span class='ocrx_word' id='word_1_549' title='bbox 1093 4027 1330 4100; x_wconf 83' lang='grc' dir='ltr'>νώριμον</span> <span class='ocrx_word' id='word_1_550' title='bbox 1361 4028 1418 4082; x_wconf 85' lang='grc' dir='ltr'>δὲ</span> <span class='ocrx_word' id='word_1_551' title='bbox 1449 4028 1623 4094; x_wconf 82' lang='grc' dir='ltr'>ἔσται,</span> <span class='ocrx_word' id='word_1_552' title='bbox 1667 4029 1762 4093; x_wconf 87' lang='grc' dir='ltr'>ὠς,</span> <span class='ocrx_word' id='word_1_553' title='bbox 1797 4033 1846 4084; x_wconf 83' lang='grc' dir='ltr'><strong>εί</strong></span> 
     </span>
    </p>
   </div>
   <div class='ocr_carea' id='block_1_74' title="bbox 270 4113 1847 4193">
    <p class='ocr_par' dir='ltr' id='par_1_74' title="bbox 270 4113 1847 4193">
     <span class='ocr_line' id='line_1_74' title="bbox 270 4113 1847 4193; baseline 0.006 -28"><span class='ocrx_word' id='word_1_554' title='bbox 270 4113 402 4186; x_wconf 77' lang='grc' dir='ltr'>μόνῃ</span> <span class='ocrx_word' id='word_1_555' title='bbox 466 4118 531 4185; x_wconf 83' lang='grc' dir='ltr'>τῇ</span> <span class='ocrx_word' id='word_1_556' title='bbox 577 4115 672 4169; x_wconf 93' lang='grc' dir='ltr'><strong>τοῦ</strong></span> <span class='ocrx_word' id='word_1_557' title='bbox 717 4117 883 4188; x_wconf 79' lang='grc' dir='ltr'>μηνὸς</span> <span class='ocrx_word' id='word_1_558' title='bbox 927 4119 1107 4191; x_wconf 76' lang='grc' dir='ltr'>ήμέρᾳ</span> <span class='ocrx_word' id='word_1_559' title='bbox 1153 4121 1216 4173; x_wconf 83' lang='grc' dir='ltr'>τὸ</span> <span class='ocrx_word' id='word_1_560' title='bbox 1272 4120 1541 4193; x_wconf 83' lang='grc' dir='ltr'>ἡμέτερον</span> <span class='ocrx_word' id='word_1_561' title='bbox 1605 4121 1847 4176; x_wconf 85' lang='grc' dir='ltr'>ἐκανονί-</span> 
     </span>
    </p>
   </div>
   <div class='ocr_carea' id='block_1_75' title="bbox 266 4201 1847 4284">
    <p class='ocr_par' dir='ltr' id='par_1_75' title="bbox 266 4201 1847 4284">
     <span class='ocr_line' id='line_1_75' title="bbox 266 4201 1847 4284; baseline 0.007 -29"><span class='ocrx_word' id='word_1_562' title='bbox 266 4201 406 4270; x_wconf 78' lang='grc' dir='ltr'>ζετο,</span> <span class='ocrx_word' id='word_1_563' title='bbox 474 4206 566 4258; x_wconf 80' lang='grc' dir='ltr'><strong>καὶ</strong></span> <span class='ocrx_word' id='word_1_564' title='bbox 612 4207 688 4278; x_wconf 88' lang='grc' dir='ltr'>μὴ</span> <span class='ocrx_word' id='word_1_565' title='bbox 718 4207 964 4278; x_wconf 87' lang='grc' dir='ltr'>ἀνάγκην</span> <span class='ocrx_word' id='word_1_566' title='bbox 1008 4209 1228 4280; x_wconf 82' lang='grc' dir='ltr'>εἴχομεν</span> <span class='ocrx_word' id='word_1_567' title='bbox 1269 4212 1363 4264; x_wconf 78' lang='grc' dir='ltr'><strong>καὶ</strong></span> <span class='ocrx_word' id='word_1_568' title='bbox 1397 4211 1538 4265; x_wconf 84' lang='grc' dir='ltr'>κατὰ</span> <span class='ocrx_word' id='word_1_569' title='bbox 1563 4211 1847 4284; x_wconf 81' lang='grc' dir='ltr'>Κυριακὴν</span> 
     </span>
    </p>
   </div>
   <div class='ocr_carea' id='block_1_76' title="bbox 269 4295 1845 4373">
    <p class='ocr_par' dir='ltr' id='par_1_76' title="bbox 269 4295 1845 4373">
     <span class='ocr_line' id='line_1_76' title="bbox 269 4295 1845 4373; baseline 0.006 -25"><span class='ocrx_word' id='word_1_570' title='bbox 269 4295 484 4368; x_wconf 80' lang='grc' dir='ltr'>ἡμέραν</span> <span class='ocrx_word' id='word_1_571' title='bbox 500 4297 656 4352; x_wconf 88' lang='grc' dir='ltr'>τοῦτο</span> <span class='ocrx_word' id='word_1_572' title='bbox 673 4299 846 4356; x_wconf 86' lang='grc' dir='ltr'>τελεῖν</span> <span class='ocrx_word' id='word_1_573' title='bbox 862 4318 876 4332; x_wconf 85' lang='grc'><strong>·</strong></span> <span class='ocrx_word' id='word_1_574' title='bbox 906 4301 1028 4355; x_wconf 84' lang='grc' dir='ltr'>καθ’</span> <span class='ocrx_word' id='word_1_575' title='bbox 1052 4303 1279 4355; x_wconf 74' lang='grc' dir='ltr'>ἕκαστον</span> <span class='ocrx_word' id='word_1_576' title='bbox 1301 4303 1365 4357; x_wconf 88' lang='grc' dir='ltr'>ἂν</span> <span class='ocrx_word' id='word_1_577' title='bbox 1389 4304 1507 4368; x_wconf 71' lang='grc' dir='ltr'>ἔτος</span> <span class='ocrx_word' id='word_1_578' title='bbox 1531 4305 1845 4373; x_wconf 86' lang='grc' dir='ltr'>ἐσφάλλετο,</span> 
     </span>
    </p>
   </div>
   <div class='ocr_carea' id='block_1_77' title="bbox 272 4387 1849 4462">
    <p class='ocr_par' dir='ltr' id='par_1_77' title="bbox 272 4387 1849 4462">
     <span class='ocr_line' id='line_1_77' title="bbox 272 4387 1849 4462; baseline 0.006 -22"><span class='ocrx_word' id='word_1_579' title='bbox 272 4387 522 4462; x_wconf 87' lang='grc' dir='ltr'>καθάπερ</span> <span class='ocrx_word' id='word_1_580' title='bbox 553 4393 648 4445; x_wconf 82' lang='grc' dir='ltr'><strong>καὶ</strong></span> <span class='ocrx_word' id='word_1_581' title='bbox 685 4393 746 4446; x_wconf 84' lang='grc' dir='ltr'><strong>τὸ</strong></span> <span class='ocrx_word' id='word_1_582' title='bbox 791 4393 1097 4462; x_wconf 81' lang='grc' dir='ltr'>Ἰουδαϊκὸν,</span> <span class='ocrx_word' id='word_1_583' title='bbox 1155 4396 1251 4449; x_wconf 74' lang='grc' dir='ltr'><strong>καὶ</strong></span> <span class='ocrx_word' id='word_1_584' title='bbox 1295 4399 1416 4460; x_wconf 87' lang='grc' dir='ltr'>ταῖς</span> <span class='ocrx_word' id='word_1_585' title='bbox 1465 4397 1617 4450; x_wconf 78' lang='grc' dir='ltr'>δυσὶν</span> <span class='ocrx_word' id='word_1_586' title='bbox 1658 4398 1849 4461; x_wconf 79' lang='grc' dir='ltr'>αὐταῖς</span> 
     </span>
    </p>
   </div>
   <div class='ocr_carea' id='block_1_78' title="bbox 1943 3203 3506 3277">
    <p class='ocr_par' dir='ltr' id='par_1_78' title="bbox 1943 3203 3506 3277">
     <span class='ocr_line' id='line_1_78' title="bbox 1943 3203 3506 3277; baseline 0.001 -17"><span class='ocrx_word' id='word_1_587' title='bbox 1943 3213 2054 3260; x_wconf 92' lang='lat' dir='ltr'><strong>tam</strong></span> <span class='ocrx_word' id='word_1_588' title='bbox 2124 3206 2545 3275; x_wconf 89' lang='lat' dir='ltr'><strong>assumpserint.</strong></span> <span class='ocrx_word' id='word_1_589' title='bbox 2604 3203 2722 3268; x_wconf 89' lang='lat' dir='ltr'><strong>Sin,</strong></span> <span class='ocrx_word' id='word_1_590' title='bbox 2765 3211 2826 3258; x_wconf 89' lang='lat' dir='ltr'><strong>ut</strong></span> <span class='ocrx_word' id='word_1_591' title='bbox 2863 3205 3136 3277; x_wconf 85' lang='lat' dir='ltr'><strong>plerisque</strong></span> <span class='ocrx_word' id='word_1_592' title='bbox 3191 3206 3369 3263; x_wconf 85' lang='lat' dir='ltr'><strong>visum</strong></span> <span class='ocrx_word' id='word_1_593' title='bbox 3421 3213 3506 3261; x_wconf 82' lang='lat' dir='ltr'><strong>est</strong></span> 
     </span>
    </p>
   </div>
   <div class='ocr_carea' id='block_1_79' title="bbox 1942 3293 3503 3365">
    <p class='ocr_par' dir='ltr' id='par_1_79' title="bbox 1942 3293 3503 3365">
     <span class='ocr_line' id='line_1_79' title="bbox 1942 3293 3503 3365; baseline 0 -17"><span class='ocrx_word' id='word_1_594' title='bbox 1942 3293 2086 3359; x_wconf 83' lang='lat' dir='ltr'><strong>aliis,</strong></span> <span class='ocrx_word' id='word_1_595' title='bbox 2134 3295 2338 3365; x_wconf 91' lang='lat' dir='ltr'><strong>quibus</strong></span> <span class='ocrx_word' id='word_1_596' title='bbox 2387 3301 2443 3350; x_wconf 87' lang='lat' dir='ltr'><strong>et</strong></span> <span class='ocrx_word' id='word_1_597' title='bbox 2482 3294 2774 3360; x_wconf 81' lang='lat' dir='ltr'><strong>assentior,</strong></span> <span class='ocrx_word' id='word_1_598' title='bbox 2824 3294 3002 3350; x_wconf 82' lang='lat' dir='ltr'><strong>ultimi</strong></span> <span class='ocrx_word' id='word_1_599' title='bbox 3049 3310 3278 3350; x_wconf 91' lang='lat' dir='ltr'><strong>occasus</strong></span> <span class='ocrx_word' id='word_1_600' title='bbox 3315 3295 3503 3349; x_wconf 87' lang='lat' dir='ltr'><strong>mundi</strong></span> 
     </span>
    </p>
   </div>
   <div class='ocr_carea' id='block_1_80' title="bbox 1941 3385 3506 3458">
    <p class='ocr_par' dir='ltr' id='par_1_80' title="bbox 1941 3385 3506 3458">
     <span class='ocr_line' id='line_1_80' title="bbox 1941 3385 3506 3458; baseline -0.002 -17"><span class='ocrx_word' id='word_1_601' title='bbox 1941 3395 2155 3458; x_wconf 85' lang='lat' dir='ltr'><strong>tempus</strong></span> <span class='ocrx_word' id='word_1_602' title='bbox 2173 3386 2438 3443; x_wconf 86' lang='lat' dir='ltr'><strong>incertum</strong></span> <span class='ocrx_word' id='word_1_603' title='bbox 2461 3397 2573 3443; x_wconf 90' lang='lat' dir='ltr'><strong>est:</strong></span> <span class='ocrx_word' id='word_1_604' title='bbox 2600 3402 2902 3457; x_wconf 83' lang='lat' dir='ltr'><strong>congruum</strong></span> <span class='ocrx_word' id='word_1_605' title='bbox 2928 3386 3092 3441; x_wconf 80' lang='lat' dir='ltr'><strong>fuerit</strong></span> <span class='ocrx_word' id='word_1_606' title='bbox 3152 3387 3294 3441; x_wconf 84' lang='lat' dir='ltr'><strong>lunae</strong></span> <span class='ocrx_word' id='word_1_607' title='bbox 3338 3385 3506 3440; x_wconf 82' lang='lat' dir='ltr'><strong>casti-</strong></span> 
     </span>
    </p>
   </div>
   <div class='ocr_carea' id='block_1_81' title="bbox 1943 3476 3504 3548">
    <p class='ocr_par' dir='ltr' id='par_1_81' title="bbox 1943 3476 3504 3548">
     <span class='ocr_line' id='line_1_81' title="bbox 1943 3476 3504 3548; baseline -0.001 -18"><span class='ocrx_word' id='word_1_608' title='bbox 1943 3493 2072 3547; x_wconf 82' lang='lat' dir='ltr'><strong>gare</strong></span> <span class='ocrx_word' id='word_1_609' title='bbox 2099 3477 2435 3544; x_wconf 87' lang='lat' dir='ltr'><strong>methodum,</strong></span> <span class='ocrx_word' id='word_1_610' title='bbox 2473 3485 2530 3532; x_wconf 87' lang='lat' dir='ltr'><strong>et</strong></span> <span class='ocrx_word' id='word_1_611' title='bbox 2565 3478 2633 3532; x_wconf 87' lang='lat' dir='ltr'><strong>ad</strong></span> <span class='ocrx_word' id='word_1_612' title='bbox 2677 3485 2896 3548; x_wconf 89' lang='lat' dir='ltr'><strong>epactas</strong></span> <span class='ocrx_word' id='word_1_613' title='bbox 2943 3477 3164 3539; x_wconf 85' lang='lat' dir='ltr'><strong>addere,</strong></span> <span class='ocrx_word' id='word_1_614' title='bbox 3213 3492 3350 3546; x_wconf 90' lang='lat' dir='ltr'><strong>quas</strong></span> <span class='ocrx_word' id='word_1_615' title='bbox 3387 3476 3504 3530; x_wconf 81' lang='lat' dir='ltr'><strong>vui-</strong></span> 
     </span>
    </p>
   </div>
   <div class='ocr_carea' id='block_1_82' title="bbox 1943 3567 3507 3641">
    <p class='ocr_par' dir='ltr' id='par_1_82' title="bbox 1943 3567 3507 3641">
     <span class='ocr_line' id='line_1_82' title="bbox 1943 3567 3507 3641; baseline -0.001 -18"><span class='ocrx_word' id='word_1_616' title='bbox 1943 3577 2065 3641; x_wconf 87' lang='lat' dir='ltr'><strong>gata</strong></span> <span class='ocrx_word' id='word_1_617' title='bbox 2088 3571 2228 3624; x_wconf 91' lang='lat' dir='ltr'><strong>ratio</strong></span> <span class='ocrx_word' id='word_1_618' title='bbox 2255 3569 2581 3639; x_wconf 80' lang='lat' dir='ltr'><strong>praescribit,</strong></span> <span class='ocrx_word' id='word_1_619' title='bbox 2634 3577 2689 3624; x_wconf 89' lang='lat' dir='ltr'><strong>et</strong></span> <span class='ocrx_word' id='word_1_620' title='bbox 2715 3567 2982 3638; x_wconf 73' lang='lat' dir='ltr'><strong>explorat,</strong></span> <span class='ocrx_word' id='word_1_621' title='bbox 3031 3583 3096 3621; x_wconf 91' lang='lat' dir='ltr'><strong>ac</strong></span> <span class='ocrx_word' id='word_1_622' title='bbox 3148 3568 3229 3622; x_wconf 92' lang='lat' dir='ltr'><strong>sic</strong></span> <span class='ocrx_word' id='word_1_623' title='bbox 3259 3567 3329 3622; x_wconf 89' lang='lat' dir='ltr'><strong>ab</strong></span> <span class='ocrx_word' id='word_1_624' title='bbox 3356 3575 3507 3622; x_wconf 91' lang='lat' dir='ltr'><strong>recto</strong></span> 
     </span>
    </p>
   </div>
   <div class='ocr_carea' id='block_1_83' title="bbox 1942 3658 3508 3716">
    <p class='ocr_par' dir='ltr' id='par_1_83' title="bbox 1942 3658 3508 3716">
     <span class='ocr_line' id='line_1_83' title="bbox 1942 3658 3508 3716; baseline -0.001 0"><span class='ocrx_word' id='word_1_625' title='bbox 1942 3677 2054 3716; x_wconf 89' lang='lat' dir='ltr'><strong>non</strong></span> <span class='ocrx_word' id='word_1_626' title='bbox 2087 3660 2394 3716; x_wconf 84' lang='lat' dir='ltr'><strong>deﬂectere.</strong></span> <span class='ocrx_word' id='word_1_627' title='bbox 2421 3661 2559 3714; x_wconf 85' lang='lat' dir='ltr'><strong>Nam</strong></span> <span class='ocrx_word' id='word_1_628' title='bbox 2607 3661 2655 3716; x_wconf 88' lang='lat' dir='ltr'><strong>si</strong></span> <span class='ocrx_word' id='word_1_629' title='bbox 2686 3660 3013 3714; x_wconf 90' lang='lat' dir='ltr'><strong>laterculum</strong></span> <span class='ocrx_word' id='word_1_630' title='bbox 3070 3658 3338 3714; x_wconf 90' lang='lat' dir='ltr'><strong>Paschale</strong></span> <span class='ocrx_word' id='word_1_631' title='bbox 3387 3660 3508 3715; x_wconf 85' lang='lat' dir='ltr'><strong>sine</strong></span> 
     </span>
    </p>
   </div>
   <div class='ocr_carea' id='block_1_84' title="bbox 1945 3750 3508 3821">
    <p class='ocr_par' dir='ltr' id='par_1_84' title="bbox 1945 3750 3508 3821">
     <span class='ocr_line' id='line_1_84' title="bbox 1945 3750 3508 3821; baseline -0.004 -12"><span class='ocrx_word' id='word_1_632' title='bbox 1945 3754 2325 3809; x_wconf 87' lang='lat' dir='ltr'><strong>emendatione</strong></span> <span class='ocrx_word' id='word_1_633' title='bbox 2364 3759 2603 3816; x_wconf 89' lang='lat' dir='ltr'><strong>maneat,</strong></span> <span class='ocrx_word' id='word_1_634' title='bbox 2627 3751 2809 3821; x_wconf 84' lang='lat' dir='ltr'><strong>majus</strong></span> <span class='ocrx_word' id='word_1_635' title='bbox 2843 3750 2994 3807; x_wconf 88' lang='lat' dir='ltr'><strong>illius</strong></span> <span class='ocrx_word' id='word_1_636' title='bbox 3011 3750 3202 3805; x_wconf 89' lang='lat' dir='ltr'><strong>vitium</strong></span> <span class='ocrx_word' id='word_1_637' title='bbox 3233 3750 3345 3808; x_wconf 86' lang='lat' dir='ltr'><strong>ﬁet.</strong></span> <span class='ocrx_word' id='word_1_638' title='bbox 3370 3750 3508 3806; x_wconf 79' lang='lat' dir='ltr'><strong>Cum</strong></span> 
     </span>
    </p>
   </div>
   <div class='ocr_carea' id='block_1_85' title="bbox 1944 3835 3509 3912">
    <p class='ocr_par' dir='ltr' id='par_1_85' title="bbox 1944 3835 3509 3912">
     <span class='ocr_line' id='line_1_85' title="bbox 1944 3835 3509 3912; baseline -0.004 -11"><span class='ocrx_word' id='word_1_639' title='bbox 1944 3846 2090 3901; x_wconf 88' lang='lat' dir='ltr'><strong>enim</strong></span> <span class='ocrx_word' id='word_1_640' title='bbox 2115 3835 2319 3900; x_wconf 70' lang='lat' dir='ltr'><strong>&quot;bidure</strong></span> <span class='ocrx_word' id='word_1_641' title='bbox 2369 3844 2632 3898; x_wconf 80' lang='lat' dir='ltr'><strong>duntaxat</strong></span> <span class='ocrx_word' id='word_1_642' title='bbox 2684 3857 2717 3896; x_wconf 90' lang='lat' dir='ltr'><strong>a</strong></span> <span class='ocrx_word' id='word_1_643' title='bbox 2776 3842 3005 3896; x_wconf 85' lang='lat' dir='ltr'><strong>veritate</strong></span> <span class='ocrx_word' id='word_1_644' title='bbox 3027 3841 3346 3912; x_wconf 71' lang='lat' dir='ltr'><strong>[abhorreat</strong></span> <span class='ocrx_word' id='word_1_645' title='bbox 3403 3840 3509 3894; x_wconf 87' lang='lat' dir='ltr'><strong>hoc</strong></span> 
     </span>
    </p>
   </div>
   <div class='ocr_carea' id='block_1_86' title="bbox 1945 3930 3508 4008">
    <p class='ocr_par' dir='ltr' id='par_1_86' title="bbox 1945 3930 3508 4008">
     <span class='ocr_line' id='line_1_86' title="bbox 1945 3930 3508 4008; baseline -0.006 -15"><span class='ocrx_word' id='word_1_646' title='bbox 1945 3947 2208 4008; x_wconf 90' lang='lat' dir='ltr'><strong>tempore,</strong></span> <span class='ocrx_word' id='word_1_647' title='bbox 2251 3937 2465 4006; x_wconf 82' lang='lat' dir='ltr'><strong>expleto</strong></span> <span class='ocrx_word' id='word_1_648' title='bbox 2489 3949 2634 3990; x_wconf 88' lang='lat' dir='ltr'><strong>anno</strong></span> <span class='ocrx_word' id='word_1_649' title='bbox 2666 3933 2826 3998; x_wconf 77' lang='lat'><strong>6919,</strong></span> <span class='ocrx_word' id='word_1_650' title='bbox 2877 3934 3045 3988; x_wconf 87' lang='lat' dir='ltr'><strong>tridui</strong></span> <span class='ocrx_word' id='word_1_651' title='bbox 3081 3947 3236 3998; x_wconf 88' lang='lat' dir='ltr'><strong>error</strong></span> <span class='ocrx_word' id='word_1_652' title='bbox 3260 3930 3508 4002; x_wconf 90' lang='lat' dir='ltr'><strong>incidet.]</strong></span> 
     </span>
    </p>
   </div>
   <div class='ocr_carea' id='block_1_87' title="bbox 1945 4021 3512 4092">
    <p class='ocr_par' dir='ltr' id='par_1_87' title="bbox 1945 4021 3512 4092">
     <span class='ocr_line' id='line_1_87' title="bbox 1945 4021 3512 4092; baseline -0.005 -8"><span class='ocrx_word' id='word_1_653' title='bbox 1945 4029 2042 4086; x_wconf 86' lang='lat' dir='ltr'><strong>His</strong></span> <span class='ocrx_word' id='word_1_654' title='bbox 2064 4030 2136 4084; x_wconf 90' lang='lat' dir='ltr'><strong>ita</strong></span> <span class='ocrx_word' id='word_1_655' title='bbox 2168 4025 2584 4092; x_wconf 85' lang='lat' dir='ltr'><strong>animadversis,</strong></span> <span class='ocrx_word' id='word_1_656' title='bbox 2623 4025 3052 4092; x_wconf 88' lang='lat' dir='ltr'><strong>consideremus,</strong></span> <span class='ocrx_word' id='word_1_657' title='bbox 3092 4039 3160 4078; x_wconf 88' lang='lat' dir='ltr'><strong>an</strong></span> <span class='ocrx_word' id='word_1_658' title='bbox 3187 4030 3242 4078; x_wconf 88' lang='lat' dir='ltr'><strong>et</strong></span> <span class='ocrx_word' id='word_1_659' title='bbox 3282 4021 3512 4092; x_wconf 88' lang='lat' dir='ltr'><strong>singulis</strong></span> 
     </span>
    </p>
   </div>
   <div class='ocr_carea' id='block_1_88' title="bbox 1947 4108 3513 4190">
    <p class='ocr_par' dir='ltr' id='par_1_88' title="bbox 1947 4108 3513 4190">
     <span class='ocr_line' id='line_1_88' title="bbox 1947 4108 3513 4190; baseline -0.008 -15"><span class='ocrx_word' id='word_1_660' title='bbox 1947 4121 2104 4176; x_wconf 91' lang='lat' dir='ltr'><strong>annis</strong></span> <span class='ocrx_word' id='word_1_661' title='bbox 2127 4125 2316 4190; x_wconf 83' lang='lat' dir='ltr'><strong>peccat</strong></span> <span class='ocrx_word' id='word_1_662' title='bbox 2347 4117 2483 4180; x_wconf 89' lang='lat' dir='ltr'><strong>dies,</strong></span> <span class='ocrx_word' id='word_1_663' title='bbox 2515 4115 2571 4169; x_wconf 92' lang='lat' dir='ltr'><strong>in</strong></span> <span class='ocrx_word' id='word_1_664' title='bbox 2601 4129 2708 4184; x_wconf 86' lang='lat' dir='ltr'><strong>qua</strong></span> <span class='ocrx_word' id='word_1_665' title='bbox 2734 4129 2835 4169; x_wconf 89' lang='lat' dir='ltr'><strong>nos</strong></span> <span class='ocrx_word' id='word_1_666' title='bbox 2853 4119 3267 4169; x_wconf 88' lang='lat' dir='ltr'><strong>sacrosanctum</strong></span> <span class='ocrx_word' id='word_1_667' title='bbox 3299 4108 3513 4164; x_wconf 87' lang='lat' dir='ltr'><strong>Pascha</strong></span> 
     </span>
    </p>
   </div>
   <div class='ocr_carea' id='block_1_89' title="bbox 1947 4201 3510 4275">
    <p class='ocr_par' dir='ltr' id='par_1_89' title="bbox 1947 4201 3510 4275">
     <span class='ocr_line' id='line_1_89' title="bbox 1947 4201 3510 4275; baseline -0.008 -8"><span class='ocrx_word' id='word_1_668' title='bbox 1947 4210 2308 4275; x_wconf 84' lang='lat' dir='ltr'><strong>celebramus,</strong></span> <span class='ocrx_word' id='word_1_669' title='bbox 2377 4213 2470 4260; x_wconf 90' lang='lat' dir='ltr'><strong>aut</strong></span> <span class='ocrx_word' id='word_1_670' title='bbox 2509 4205 2646 4260; x_wconf 90' lang='lat' dir='ltr'><strong>alias</strong></span> <span class='ocrx_word' id='word_1_671' title='bbox 2676 4203 2895 4274; x_wconf 89' lang='lat' dir='ltr'><strong>quidem</strong></span> <span class='ocrx_word' id='word_1_672' title='bbox 2951 4209 3164 4273; x_wconf 89' lang='lat' dir='ltr'><strong>peccat,</strong></span> <span class='ocrx_word' id='word_1_673' title='bbox 3194 4201 3327 4256; x_wconf 87' lang='lat' dir='ltr'><strong>alias</strong></span> <span class='ocrx_word' id='word_1_674' title='bbox 3379 4215 3510 4254; x_wconf 92' lang='lat' dir='ltr'><strong>non.</strong></span> 
     </span>
    </p>
   </div>
   <div class='ocr_carea' id='block_1_90' title="bbox 1947 4291 3515 4365">
    <p class='ocr_par' dir='ltr' id='par_1_90' title="bbox 1947 4291 3515 4365">
     <span class='ocr_line' id='line_1_90' title="bbox 1947 4291 3515 4365; baseline -0.01 -7"><span class='ocrx_word' id='word_1_675' title='bbox 1947 4303 2160 4358; x_wconf 90' lang='lat' dir='ltr'><strong>Patebit</strong></span> <span class='ocrx_word' id='word_1_676' title='bbox 2197 4315 2350 4365; x_wconf 91' lang='lat' dir='ltr'><strong>vero,</strong></span> <span class='ocrx_word' id='word_1_677' title='bbox 2385 4299 2432 4354; x_wconf 86' lang='lat' dir='ltr'><strong>si</strong></span> <span class='ocrx_word' id='word_1_678' title='bbox 2484 4297 2553 4352; x_wconf 86' lang='lat' dir='ltr'><strong>ad</strong></span> <span class='ocrx_word' id='word_1_679' title='bbox 2582 4311 2750 4352; x_wconf 91' lang='lat' dir='ltr'><strong>unum</strong></span> <span class='ocrx_word' id='word_1_680' title='bbox 2797 4295 2940 4350; x_wconf 90' lang='lat' dir='ltr'><strong>diem</strong></span> <span class='ocrx_word' id='word_1_681' title='bbox 2986 4293 3194 4349; x_wconf 85' lang='lat' dir='ltr'><strong>mensis</strong></span> <span class='ocrx_word' id='word_1_682' title='bbox 3251 4291 3515 4346; x_wconf 79' lang='lat' dir='ltr'><strong>duntaxat</strong></span> 
     </span>
    </p>
   </div>
   <div class='ocr_carea' id='block_1_91' title="bbox 1946 4386 3515 4459">
    <p class='ocr_par' dir='ltr' id='par_1_91' title="bbox 1946 4386 3515 4459">
     <span class='ocr_line' id='line_1_91' title="bbox 1946 4386 3515 4459; baseline -0.01 -6"><span class='ocrx_word' id='word_1_683' title='bbox 1946 4396 2154 4452; x_wconf 87' lang='lat' dir='ltr'><strong>Pascha</strong></span> <span class='ocrx_word' id='word_1_684' title='bbox 2207 4402 2457 4449; x_wconf 87' lang='lat' dir='ltr'><strong>nostrum</strong></span> <span class='ocrx_word' id='word_1_685' title='bbox 2523 4387 2852 4459; x_wconf 87' lang='lat' dir='ltr'><strong>exigeretur,</strong></span> <span class='ocrx_word' id='word_1_686' title='bbox 2908 4386 3067 4457; x_wconf 73' lang='lat'><strong>205</strong></span> <span class='ocrx_word' id='word_1_687' title='bbox 3119 4393 3174 4442; x_wconf 91' lang='lat' dir='ltr'><strong>et</strong></span> <span class='ocrx_word' id='word_1_688' title='bbox 3225 4399 3332 4440; x_wconf 82' lang='lat' dir='ltr'><strong>non</strong></span> <span class='ocrx_word' id='word_1_689' title='bbox 3375 4398 3515 4453; x_wconf 86' lang='lat' dir='ltr'><strong>opus</strong></span> 
     </span>
    </p>
   </div>
   <div class='ocr_carea' id='block_1_92' title="bbox 272 4473 1834 4562">
    <p class='ocr_par' dir='ltr' id='par_1_92' title="bbox 272 4481 1834 4562">
     <span class='ocr_line' id='line_1_92' title="bbox 272 4481 1834 4562; baseline 0.004 -28"><span class='ocrx_word' id='word_1_690' title='bbox 272 4481 531 4553; x_wconf 77' lang='grc' dir='ltr'>ἡμέραις,</span> <span class='ocrx_word' id='word_1_691' title='bbox 565 4483 815 4558; x_wconf 86' lang='grc' dir='ltr'>καθάπερ</span> <span class='ocrx_word' id='word_1_692' title='bbox 850 4488 1046 4541; x_wconf 86' lang='grc' dir='ltr'>ἐκεῖνο.</span> <span class='ocrx_word' id='word_1_693' title='bbox 1075 4487 1172 4541; x_wconf 72' lang='grc' dir='ltr'>Διά</span> <span class='ocrx_word' id='word_1_694' title='bbox 1200 4489 1256 4541; x_wconf 81' lang='grc' dir='ltr'><strong>δὲ</strong></span> <span class='ocrx_word' id='word_1_695' title='bbox 1294 4489 1354 4541; x_wconf 82' lang='grc' dir='ltr'><strong>τὸ</strong></span> <span class='ocrx_word' id='word_1_696' title='bbox 1392 4489 1532 4543; x_wconf 89' lang='grc' dir='ltr'><strong>κατά</strong></span> <span class='ocrx_word' id='word_1_697' title='bbox 1557 4489 1834 4562; x_wconf 82' lang='grc' dir='ltr'>Κυριακὴν</span> 
     </span>
    </p>
   </div>
   <div class='ocr_carea' id='block_1_93' title="bbox 1935 4473 3518 4562">
    <p class='ocr_par' dir='ltr' id='par_1_93' title="bbox 1939 4473 3518 4550">
     <span class='ocr_line' id='line_1_93' title="bbox 1939 4473 3518 4550; baseline -0.015 0"><span class='ocrx_word' id='word_1_698' title='bbox 1939 4498 2086 4550; x_wconf 89' lang='lat' dir='ltr'><strong>esset</strong></span> <span class='ocrx_word' id='word_1_699' title='bbox 2131 4485 2268 4543; x_wconf 87' lang='lat' dir='ltr'><strong>illud</strong></span> <span class='ocrx_word' id='word_1_700' title='bbox 2327 4481 2610 4538; x_wconf 90' lang='lat' dir='ltr'><strong>Dominica</strong></span> <span class='ocrx_word' id='word_1_701' title='bbox 2647 4479 2737 4536; x_wconf 90' lang='lat' dir='ltr'><strong>die</strong></span> <span class='ocrx_word' id='word_1_702' title='bbox 2781 4478 3078 4544; x_wconf 88' lang='lat' dir='ltr'><strong>celebrare,</strong></span> <span class='ocrx_word' id='word_1_703' title='bbox 3133 4473 3363 4545; x_wconf 85' lang='lat' dir='ltr'><strong>singulis</strong></span> <span class='ocrx_word' id='word_1_704' title='bbox 3420 4487 3518 4533; x_wconf 81' lang='lat' dir='ltr'><strong>an.</strong></span> 
     </span>
    </p>
   </div>
   <div class='ocr_carea' id='block_1_94' title="bbox 273 4563 1834 4654">
    <p class='ocr_par' dir='ltr' id='par_1_94' title="bbox 273 4572 1834 4654">
     <span class='ocr_line' id='line_1_94' title="bbox 273 4572 1834 4654; baseline 0.006 -30"><span class='ocrx_word' id='word_1_705' title='bbox 273 4572 563 4638; x_wconf 89' lang='grc' dir='ltr'>τελεῖσθαι,</span> <span class='ocrx_word' id='word_1_706' title='bbox 601 4577 886 4648; x_wconf 84' lang='grc' dir='ltr'>συμϐαίνει</span> <span class='ocrx_word' id='word_1_707' title='bbox 936 4579 1038 4633; x_wconf 82' lang='grc' dir='ltr'><strong>οὐκ</strong></span> <span class='ocrx_word' id='word_1_708' title='bbox 1072 4579 1138 4634; x_wconf 81' lang='grc' dir='ltr'>ἂν</span> <span class='ocrx_word' id='word_1_709' title='bbox 1182 4580 1528 4650; x_wconf 89' lang='grc' dir='ltr'>σφάλλεσθαι.</span> <span class='ocrx_word' id='word_1_710' title='bbox 1559 4581 1648 4634; x_wconf 79' lang='grc' dir='ltr'><strong>Διὸ</strong></span> <span class='ocrx_word' id='word_1_711' title='bbox 1675 4598 1834 4654; x_wconf 90' lang='grc' dir='ltr'>προσ-</span> 
     </span>
    </p>
   </div>
   <div class='ocr_carea' id='block_1_95' title="bbox 1935 4563 3517 4654">
    <p class='ocr_par' dir='ltr' id='par_1_95' title="bbox 1945 4563 3517 4653">
     <span class='ocr_line' id='line_1_95' title="bbox 1945 4563 3517 4653; baseline -0.015 -12"><span class='ocrx_word' id='word_1_712' title='bbox 1945 4586 2032 4641; x_wconf 90' lang='lat' dir='ltr'><strong>nis</strong></span> <span class='ocrx_word' id='word_1_713' title='bbox 2071 4587 2422 4653; x_wconf 87' lang='lat' dir='ltr'><strong>peccaturum</strong></span> <span class='ocrx_word' id='word_1_714' title='bbox 2477 4572 2648 4637; x_wconf 88' lang='lat' dir='ltr'><strong>illud,</strong></span> <span class='ocrx_word' id='word_1_715' title='bbox 2704 4567 3160 4641; x_wconf 88' lang='lat' dir='ltr'><strong>quemadmodum</strong></span> <span class='ocrx_word' id='word_1_716' title='bbox 3211 4574 3267 4622; x_wconf 89' lang='lat' dir='ltr'><strong>et</strong></span> <span class='ocrx_word' id='word_1_717' title='bbox 3330 4563 3517 4620; x_wconf 86' lang='lat' dir='ltr'><strong>Judai-</strong></span> 
     </span>
    </p>
   </div>
   <div class='ocr_carea' id='block_1_96' title="bbox 276 4659 1834 4747">
    <p class='ocr_par' dir='ltr' id='par_1_96' title="bbox 276 4666 1834 4747">
     <span class='ocr_line' id='line_1_96' title="bbox 276 4666 1834 4747; baseline 0.006 -31"><span class='ocrx_word' id='word_1_718' title='bbox 276 4666 460 4721; x_wconf 90' lang='grc' dir='ltr'>εκτέον</span> <span class='ocrx_word' id='word_1_719' title='bbox 511 4669 571 4722; x_wconf 88' lang='grc' dir='ltr'><strong>τὸ</strong></span> <span class='ocrx_word' id='word_1_720' title='bbox 603 4670 846 4741; x_wconf 89' lang='grc' dir='ltr'>ἀκριϐές.</span> <span class='ocrx_word' id='word_1_721' title='bbox 899 4671 1005 4725; x_wconf 92' lang='grc' dir='ltr'><strong>Τοῦ</strong></span> <span class='ocrx_word' id='word_1_722' title='bbox 1050 4671 1336 4726; x_wconf 83' lang='grc' dir='ltr'>Ἰουδαϊκοῦ</span> <span class='ocrx_word' id='word_1_723' title='bbox 1379 4673 1569 4744; x_wconf 88' lang='grc' dir='ltr'>Πάσχα</span> <span class='ocrx_word' id='word_1_724' title='bbox 1609 4673 1744 4747; x_wconf 80' lang='grc' dir='ltr'>μόνῃ</span> <span class='ocrx_word' id='word_1_725' title='bbox 1774 4677 1834 4745; x_wconf 74' lang='grc' dir='ltr'>τῇ</span> 
     </span>
    </p>
   </div>
   <div class='ocr_carea' id='block_1_97' title="bbox 1935 4659 3518 4747">
    <p class='ocr_par' dir='ltr' id='par_1_97' title="bbox 1948 4659 3518 4747">
     <span class='ocr_line' id='line_1_97' title="bbox 1948 4659 3518 4747; baseline -0.015 -15"><span class='ocrx_word' id='word_1_726' title='bbox 1948 4690 2074 4732; x_wconf 90' lang='lat' dir='ltr'><strong>cum</strong></span> <span class='ocrx_word' id='word_1_727' title='bbox 2117 4669 2362 4732; x_wconf 89' lang='lat' dir='ltr'><strong>Pascha,</strong></span> <span class='ocrx_word' id='word_1_728' title='bbox 2407 4672 2462 4721; x_wconf 85' lang='lat' dir='ltr'><strong>et</strong></span> <span class='ocrx_word' id='word_1_729' title='bbox 2505 4664 2726 4734; x_wconf 87' lang='lat' dir='ltr'><strong>quidem</strong></span> <span class='ocrx_word' id='word_1_730' title='bbox 2770 4661 2984 4718; x_wconf 87' lang='lat' dir='ltr'><strong>duabus</strong></span> <span class='ocrx_word' id='word_1_731' title='bbox 3041 4659 3234 4714; x_wconf 87' lang='lat' dir='ltr'><strong>diebus</strong></span> <span class='ocrx_word' id='word_1_732' title='bbox 3263 4697 3278 4723; x_wconf 91' lang='lat'><strong>,</strong></span> <span class='ocrx_word' id='word_1_733' title='bbox 3314 4671 3518 4747; x_wconf 80' lang='lat' dir='ltr'><strong>quem-</strong></span> 
     </span>
    </p>
   </div>
   <div class='ocr_carea' id='block_1_98' title="bbox 275 4745 1834 4831">
    <p class='ocr_par' dir='ltr' id='par_1_98' title="bbox 275 4745 1834 4831">
     <span class='ocr_line' id='line_1_98' title="bbox 275 4745 1834 4831; baseline 0.004 -26"><span class='ocrx_word' id='word_1_734' title='bbox 275 4755 367 4808; x_wconf 86' lang='grc' dir='ltr'><strong>τοῦ</strong></span> <span class='ocrx_word' id='word_1_735' title='bbox 403 4757 572 4830; x_wconf 83' lang='grc' dir='ltr'>μηνὸς</span> <span class='ocrx_word' id='word_1_736' title='bbox 603 4758 786 4830; x_wconf 74' lang='grc' dir='ltr'>ἡμέρᾳ</span> <span class='ocrx_word' id='word_1_737' title='bbox 812 4759 1195 4830; x_wconf 84' lang='grc' dir='ltr'>ὑποκειμένου,</span> <span class='ocrx_word' id='word_1_738' title='bbox 1232 4759 1618 4831; x_wconf 85' lang='grc' dir='ltr'>συμϐαίνοντος</span> <span class='ocrx_word' id='word_1_739' title='bbox 1651 4745 1750 4830; x_wconf 81' lang='grc' dir='ltr'>μὲν</span> <span class='ocrx_word' id='word_1_740' title='bbox 1786 4761 1834 4812; x_wconf 60' lang='grc' dir='ltr'><strong>ἐκ</strong></span> 
     </span>
    </p>
   </div>
   <div class='ocr_carea' id='block_1_99' title="bbox 1935 4745 3519 4831">
    <p class='ocr_par' dir='ltr' id='par_1_99' title="bbox 1951 4745 3519 4822">
     <span class='ocr_line' id='line_1_99' title="bbox 1951 4745 3519 4822; baseline -0.012 -2"><span class='ocrx_word' id='word_1_741' title='bbox 1951 4762 2241 4820; x_wconf 89' lang='lat' dir='ltr'><strong>admodum</strong></span> <span class='ocrx_word' id='word_1_742' title='bbox 2295 4766 2350 4813; x_wconf 86' lang='lat' dir='ltr'><strong>et</strong></span> <span class='ocrx_word' id='word_1_743' title='bbox 2407 4755 2561 4810; x_wconf 88' lang='lat' dir='ltr'><strong>illud.</strong></span> <span class='ocrx_word' id='word_1_744' title='bbox 2631 4750 2740 4807; x_wconf 88' lang='lat' dir='ltr'><strong>Sed</strong></span> <span class='ocrx_word' id='word_1_745' title='bbox 2785 4750 2913 4822; x_wconf 90' lang='lat' dir='ltr'><strong>quia</strong></span> <span class='ocrx_word' id='word_1_746' title='bbox 2964 4748 3244 4804; x_wconf 84' lang='lat' dir='ltr'><strong>Dominica</strong></span> <span class='ocrx_word' id='word_1_747' title='bbox 3296 4745 3384 4802; x_wconf 87' lang='lat' dir='ltr'><strong>die</strong></span> <span class='ocrx_word' id='word_1_748' title='bbox 3429 4762 3519 4802; x_wconf 85' lang='lat' dir='ltr'><strong>ce-</strong></span> 
     </span>
    </p>
   </div>
   <div class='ocr_carea' id='block_1_100' title="bbox 277 4838 1834 4925">
    <p class='ocr_par' dir='ltr' id='par_1_100' title="bbox 277 4845 1834 4925">
     <span class='ocr_line' id='line_1_100' title="bbox 277 4845 1834 4925; baseline 0.004 -25"><span class='ocrx_word' id='word_1_749' title='bbox 277 4845 611 4922; x_wconf 80' lang='grc' dir='ltr'>Κυριακῇ,ἢ</span> <span class='ocrx_word' id='word_1_750' title='bbox 644 4851 710 4921; x_wconf 84' lang='grc' dir='ltr'><strong>β’,</strong></span> <span class='ocrx_word' id='word_1_751' title='bbox 738 4851 770 4922; x_wconf 84' lang='grc' dir='ltr'>ἢ</span> <span class='ocrx_word' id='word_1_752' title='bbox 799 4851 924 4922; x_wconf 84' lang='grc' dir='ltr'>γ’,ῆ</span> <span class='ocrx_word' id='word_1_753' title='bbox 956 4852 1018 4917; x_wconf 73' lang='grc' dir='ltr'><strong>δ,</strong></span> <span class='ocrx_word' id='word_1_754' title='bbox 1046 4853 1080 4924; x_wconf 84' lang='grc' dir='ltr'>ἢ</span> <span class='ocrx_word' id='word_1_755' title='bbox 1109 4859 1172 4918; x_wconf 86' lang='grc' dir='ltr'>ε’,</span> <span class='ocrx_word' id='word_1_756' title='bbox 1205 4852 1267 4906; x_wconf 83' lang='grc' dir='ltr'><strong>τὸ</strong></span> <span class='ocrx_word' id='word_1_757' title='bbox 1314 4853 1444 4925; x_wconf 91' lang='grc' dir='ltr'>παρ’</span> <span class='ocrx_word' id='word_1_758' title='bbox 1486 4854 1616 4924; x_wconf 81' lang='grc' dir='ltr'>ἡμῖν</span> <span class='ocrx_word' id='word_1_759' title='bbox 1655 4853 1834 4923; x_wconf 81' lang='grc' dir='ltr'>Πάσχα</span> 
     </span>
    </p>
   </div>
   <div class='ocr_carea' id='block_1_101' title="bbox 1935 4838 3520 4925">
    <p class='ocr_par' dir='ltr' id='par_1_101' title="bbox 1952 4838 3520 4921">
     <span class='ocr_line' id='line_1_101' title="bbox 1952 4838 3520 4921; baseline -0.013 -9"><span class='ocrx_word' id='word_1_760' title='bbox 1952 4857 2215 4919; x_wconf 89' lang='lat' dir='ltr'><strong>lebratur,</strong></span> <span class='ocrx_word' id='word_1_761' title='bbox 2252 4854 2542 4921; x_wconf 89' lang='lat' dir='ltr'><strong>propterea</strong></span> <span class='ocrx_word' id='word_1_762' title='bbox 2572 4859 2685 4900; x_wconf 90' lang='lat' dir='ltr'><strong>non</strong></span> <span class='ocrx_word' id='word_1_763' title='bbox 2710 4857 2927 4912; x_wconf 87' lang='lat' dir='ltr'><strong>semper</strong></span> <span class='ocrx_word' id='word_1_764' title='bbox 2959 4848 3169 4912; x_wconf 87' lang='lat' dir='ltr'><strong>peccat.</strong></span> <span class='ocrx_word' id='word_1_765' title='bbox 3203 4838 3310 4894; x_wconf 92' lang='lat' dir='ltr'><strong>Sed</strong></span> <span class='ocrx_word' id='word_1_766' title='bbox 3343 4839 3520 4895; x_wconf 80' lang='lat' dir='ltr'><strong>subti-</strong></span> 
     </span>
    </p>
   </div>
   <div class='ocr_carea' id='block_1_102' title="bbox 279 4930 1834 5017">
    <p class='ocr_par' dir='ltr' id='par_1_102' title="bbox 279 4935 1834 5017">
     <span class='ocr_line' id='line_1_102' title="bbox 279 4935 1834 5017; baseline 0.006 -27"><span class='ocrx_word' id='word_1_767' title='bbox 279 4935 337 4988; x_wconf 74' lang='grc' dir='ltr'><strong>οὐ</strong></span> <span class='ocrx_word' id='word_1_768' title='bbox 378 4941 692 5010; x_wconf 81' lang='grc' dir='ltr'>σφάλλεται,</span> <span class='ocrx_word' id='word_1_769' title='bbox 720 4946 785 5014; x_wconf 81' lang='grc' dir='ltr'>τῇ</span> <span class='ocrx_word' id='word_1_770' title='bbox 828 4944 1025 5014; x_wconf 81' lang='grc' dir='ltr'>ἐφεξῆς</span> <span class='ocrx_word' id='word_1_771' title='bbox 1051 4947 1300 5017; x_wconf 83' lang='grc' dir='ltr'>Κυριακῇ</span> <span class='ocrx_word' id='word_1_772' title='bbox 1340 4945 1658 5016; x_wconf 84' lang='grc' dir='ltr'>τελούμενον</span> <span class='ocrx_word' id='word_1_773' title='bbox 1685 4962 1697 4975; x_wconf 87' lang='grc'><strong>·</strong></span> <span class='ocrx_word' id='word_1_774' title='bbox 1722 4946 1834 4999; x_wconf 55' lang='grc' dir='ltr'>ὅται</span> 
     </span>
    </p>
   </div>
   <div class='ocr_carea' id='block_1_103' title="bbox 1935 4930 3518 5017">
    <p class='ocr_par' dir='ltr' id='par_1_103' title="bbox 1953 4930 3518 5014">
     <span class='ocr_line' id='line_1_103' title="bbox 1953 4930 3518 5014; baseline -0.013 -9"><span class='ocrx_word' id='word_1_775' title='bbox 1953 4950 2062 5005; x_wconf 91' lang='lat' dir='ltr'><strong>lius</strong></span> <span class='ocrx_word' id='word_1_776' title='bbox 2091 4961 2180 5002; x_wconf 90' lang='lat' dir='ltr'><strong>res</strong></span> <span class='ocrx_word' id='word_1_777' title='bbox 2218 4951 2460 5014; x_wconf 90' lang='lat' dir='ltr'><strong>putetur.</strong></span> <span class='ocrx_word' id='word_1_778' title='bbox 2497 4937 2946 5005; x_wconf 86' lang='lat' dir='ltr'><strong>Quotiescunque</strong></span> <span class='ocrx_word' id='word_1_779' title='bbox 2966 4931 3256 4988; x_wconf 84' lang='lat' dir='ltr'><strong>Judaicum</strong></span> <span class='ocrx_word' id='word_1_780' title='bbox 3285 4930 3518 4997; x_wconf 87' lang='lat' dir='ltr'><strong>Pascha,</strong></span> 
     </span>
    </p>
   </div>
   <div class='ocr_carea' id='block_1_104' title="bbox 281 5022 1834 5112">
    <p class='ocr_par' dir='ltr' id='par_1_104' title="bbox 281 5026 1834 5108">
     <span class='ocr_line' id='line_1_104' title="bbox 281 5026 1834 5108; baseline 0.006 -27"><span class='ocrx_word' id='word_1_781' title='bbox 281 5026 323 5080; x_wconf 84' lang='grc' dir='ltr'>δ’</span> <span class='ocrx_word' id='word_1_782' title='bbox 341 5030 397 5083; x_wconf 88' lang='grc' dir='ltr'><strong>ἐν</strong></span> <span class='ocrx_word' id='word_1_783' title='bbox 421 5037 742 5105; x_wconf 77' lang='grc' dir='ltr'>παρασκευῇ</span> <span class='ocrx_word' id='word_1_784' title='bbox 777 5036 810 5104; x_wconf 83' lang='grc' dir='ltr'>ἢ</span> <span class='ocrx_word' id='word_1_785' title='bbox 843 5035 1125 5106; x_wconf 83' lang='grc' dir='ltr'>Σαϐϐάτῳ,</span> <span class='ocrx_word' id='word_1_786' title='bbox 1146 5037 1442 5108; x_wconf 87' lang='grc' dir='ltr'>τηνικαῦτα</span> <span class='ocrx_word' id='word_1_787' title='bbox 1465 5038 1558 5091; x_wconf 74' lang='grc' dir='ltr'><strong>καὶ</strong></span> <span class='ocrx_word' id='word_1_788' title='bbox 1587 5037 1732 5108; x_wconf 81' lang='grc' dir='ltr'>μάλα</span> <span class='ocrx_word' id='word_1_789' title='bbox 1751 5039 1834 5108; x_wconf 79' lang='grc' dir='ltr'><strong>τῆς</strong></span> 
     </span>
    </p>
   </div>
   <div class='ocr_carea' id='block_1_105' title="bbox 1935 5022 3518 5112">
    <p class='ocr_par' dir='ltr' id='par_1_105' title="bbox 1956 5022 3518 5112">
     <span class='ocr_line' id='line_1_105' title="bbox 1956 5022 3518 5112; baseline -0.014 -14"><span class='ocrx_word' id='word_1_790' title='bbox 1956 5041 2102 5112; x_wconf 91' lang='lat' dir='ltr'><strong>quod</strong></span> <span class='ocrx_word' id='word_1_791' title='bbox 2131 5037 2226 5094; x_wconf 90' lang='lat' dir='ltr'><strong>uni</strong></span> <span class='ocrx_word' id='word_1_792' title='bbox 2255 5035 2363 5091; x_wconf 83' lang='lat' dir='ltr'><strong>diei</strong></span> <span class='ocrx_word' id='word_1_793' title='bbox 2392 5031 2596 5088; x_wconf 89' lang='lat' dir='ltr'><strong>mensis</strong></span> <span class='ocrx_word' id='word_1_794' title='bbox 2621 5027 2930 5097; x_wconf 90' lang='lat' dir='ltr'><strong>subjectum</strong></span> <span class='ocrx_word' id='word_1_795' title='bbox 2958 5034 3062 5089; x_wconf 89' lang='lat' dir='ltr'><strong>est,</strong></span> <span class='ocrx_word' id='word_1_796' title='bbox 3090 5022 3364 5094; x_wconf 87' lang='lat' dir='ltr'><strong>contingit</strong></span> <span class='ocrx_word' id='word_1_797' title='bbox 3405 5022 3518 5077; x_wconf 90' lang='lat' dir='ltr'><strong>Do-</strong></span> 
     </span>
    </p>
   </div>
   <div class='ocr_carea' id='block_1_106' title="bbox 281 5117 1834 5205">
    <p class='ocr_par' dir='ltr' id='par_1_106' title="bbox 281 5121 1834 5205">
     <span class='ocr_line' id='line_1_106' title="bbox 281 5121 1834 5205; baseline 0.008 -30"><span class='ocrx_word' id='word_1_798' title='bbox 281 5121 567 5198; x_wconf 80' lang='grc' dir='ltr'>ὀρθότητος</span> <span class='ocrx_word' id='word_1_799' title='bbox 597 5129 868 5182; x_wconf 86' lang='grc' dir='ltr'>ἐκπίπτει.</span> <span class='ocrx_word' id='word_1_800' title='bbox 912 5131 1317 5202; x_wconf 85' lang='grc' dir='ltr'>Συμπίπτοντος</span> <span class='ocrx_word' id='word_1_801' title='bbox 1362 5134 1460 5202; x_wconf 79' lang='grc' dir='ltr'>μὲν</span> <span class='ocrx_word' id='word_1_802' title='bbox 1501 5133 1609 5205; x_wconf 82' lang='grc' dir='ltr'>γὰρ</span> <span class='ocrx_word' id='word_1_803' title='bbox 1652 5135 1711 5187; x_wconf 89' lang='grc' dir='ltr'><strong>ἐν</strong></span> <span class='ocrx_word' id='word_1_804' title='bbox 1751 5151 1834 5187; x_wconf 87' lang='grc' dir='ltr'>πα-</span> 
     </span>
    </p>
   </div>
   <div class='ocr_carea' id='block_1_107' title="bbox 1935 5117 3520 5205">
    <p class='ocr_par' dir='ltr' id='par_1_107' title="bbox 1958 5117 3520 5194">
     <span class='ocr_line' id='line_1_107' title="bbox 1958 5117 3520 5194; baseline -0.015 -5"><span class='ocrx_word' id='word_1_805' title='bbox 1958 5132 2183 5194; x_wconf 88' lang='lat' dir='ltr'><strong>minica,</strong></span> <span class='ocrx_word' id='word_1_806' title='bbox 2223 5135 2318 5182; x_wconf 86' lang='lat' dir='ltr'><strong>aut</strong></span> <span class='ocrx_word' id='word_1_807' title='bbox 2357 5125 2492 5180; x_wconf 79' lang='lat' dir='ltr'><strong>feria</strong></span> <span class='ocrx_word' id='word_1_808' title='bbox 2526 5119 2792 5183; x_wconf 85' lang='lat' dir='ltr'><strong>secunda,</strong></span> <span class='ocrx_word' id='word_1_809' title='bbox 2823 5125 2920 5173; x_wconf 88' lang='lat' dir='ltr'><strong>aut</strong></span> <span class='ocrx_word' id='word_1_810' title='bbox 2952 5117 3138 5182; x_wconf 88' lang='lat' dir='ltr'><strong>tertia,</strong></span> <span class='ocrx_word' id='word_1_811' title='bbox 3175 5123 3270 5171; x_wconf 87' lang='lat' dir='ltr'><strong>aut</strong></span> <span class='ocrx_word' id='word_1_812' title='bbox 3301 5123 3520 5186; x_wconf 87' lang='lat' dir='ltr'><strong>quarta,</strong></span> 
     </span>
    </p>
   </div>
   <div class='ocr_carea' id='block_1_108' title="bbox 288 5211 1834 5298">
    <p class='ocr_par' dir='ltr' id='par_1_108' title="bbox 288 5223 1834 5298">
     <span class='ocr_line' id='line_1_108' title="bbox 288 5223 1834 5298; baseline 0.006 -28"><span class='ocrx_word' id='word_1_813' title='bbox 288 5225 550 5294; x_wconf 79' lang='grc' dir='ltr'>ρασκευῇ,</span> <span class='ocrx_word' id='word_1_814' title='bbox 583 5223 889 5292; x_wconf 85' lang='grc' dir='ltr'>ὀφείλοντες</span> <span class='ocrx_word' id='word_1_815' title='bbox 915 5226 1075 5295; x_wconf 84' lang='grc' dir='ltr'>ἡμεῖς</span> <span class='ocrx_word' id='word_1_816' title='bbox 1109 5225 1270 5289; x_wconf 79' lang='grc' dir='ltr'>εὐθὺς</span> <span class='ocrx_word' id='word_1_817' title='bbox 1297 5229 1364 5297; x_wconf 81' lang='grc' dir='ltr'>τῇ</span> <span class='ocrx_word' id='word_1_818' title='bbox 1395 5227 1592 5298; x_wconf 80' lang='grc' dir='ltr'>ἐφεξῆς</span> <span class='ocrx_word' id='word_1_819' title='bbox 1607 5228 1834 5298; x_wconf 74' lang='grc' dir='ltr'>Κυριακῆ</span> 
     </span>
    </p>
   </div>
   <div class='ocr_carea' id='block_1_109' title="bbox 1935 5211 3522 5298">
    <p class='ocr_par' dir='ltr' id='par_1_109' title="bbox 1958 5211 3522 5294">
     <span class='ocr_line' id='line_1_109' title="bbox 1958 5211 3522 5294; baseline -0.013 -14"><span class='ocrx_word' id='word_1_820' title='bbox 1958 5232 2054 5281; x_wconf 91' lang='lat' dir='ltr'><strong>aut</strong></span> <span class='ocrx_word' id='word_1_821' title='bbox 2080 5223 2294 5294; x_wconf 89' lang='lat' dir='ltr'><strong>quinta,</strong></span> <span class='ocrx_word' id='word_1_822' title='bbox 2326 5227 2460 5273; x_wconf 92' lang='lat' dir='ltr'><strong>tunc</strong></span> <span class='ocrx_word' id='word_1_823' title='bbox 2491 5223 2741 5271; x_wconf 89' lang='lat' dir='ltr'><strong>nostrum</strong></span> <span class='ocrx_word' id='word_1_824' title='bbox 2770 5211 2982 5266; x_wconf 81' lang='lat' dir='ltr'><strong>Pascha</strong></span> <span class='ocrx_word' id='word_1_825' title='bbox 3010 5224 3122 5265; x_wconf 91' lang='lat' dir='ltr'><strong>non</strong></span> <span class='ocrx_word' id='word_1_826' title='bbox 3154 5214 3365 5280; x_wconf 86' lang='lat' dir='ltr'><strong>peccat,</strong></span> <span class='ocrx_word' id='word_1_827' title='bbox 3396 5222 3522 5261; x_wconf 89' lang='lat' dir='ltr'><strong>cum</strong></span> 
     </span>
    </p>
   </div>
   <div class='ocr_carea' id='block_1_110' title="bbox 285 5298 1834 5390">
    <p class='ocr_par' dir='ltr' id='par_1_110' title="bbox 285 5309 1830 5390">
     <span class='ocr_line' id='line_1_110' title="bbox 285 5309 1830 5390; baseline 0.005 -27"><span class='ocrx_word' id='word_1_828' title='bbox 285 5309 345 5362; x_wconf 82' lang='grc' dir='ltr'><strong>τὸ</strong></span> <span class='ocrx_word' id='word_1_829' title='bbox 373 5313 563 5384; x_wconf 86' lang='grc' dir='ltr'>Πάσχα</span> <span class='ocrx_word' id='word_1_830' title='bbox 595 5317 789 5382; x_wconf 83' lang='grc' dir='ltr'>τελεῖν,</span> <span class='ocrx_word' id='word_1_831' title='bbox 817 5319 898 5376; x_wconf 79' lang='grc' dir='ltr'>εἰς</span> <span class='ocrx_word' id='word_1_832' title='bbox 933 5317 1033 5387; x_wconf 72' lang='grc' dir='ltr'><strong>τὴν</strong></span> <span class='ocrx_word' id='word_1_833' title='bbox 1070 5319 1184 5388; x_wconf 87' lang='grc' dir='ltr'>μετ’</span> <span class='ocrx_word' id='word_1_834' title='bbox 1213 5318 1428 5388; x_wconf 86' lang='grc' dir='ltr'>ἐκείνην</span> <span class='ocrx_word' id='word_1_835' title='bbox 1469 5319 1830 5390; x_wconf 79' lang='grc' dir='ltr'>μεταϐαίνομε</span> 
     </span>
    </p>
   </div>
   <div class='ocr_carea' id='block_1_111' title="bbox 1935 5298 3524 5390">
    <p class='ocr_par' dir='ltr' id='par_1_111' title="bbox 1962 5298 3524 5386">
     <span class='ocr_line' id='line_1_111' title="bbox 1962 5298 3524 5386; baseline -0.013 -13"><span class='ocrx_word' id='word_1_836' title='bbox 1962 5315 2206 5386; x_wconf 89' lang='lat' dir='ltr'><strong>sequenti</strong></span> <span class='ocrx_word' id='word_1_837' title='bbox 2255 5310 2537 5366; x_wconf 89' lang='lat' dir='ltr'><strong>Dominica</strong></span> <span class='ocrx_word' id='word_1_838' title='bbox 2587 5306 2918 5361; x_wconf 89' lang='lat' dir='ltr'><strong>celebretur.</strong></span> <span class='ocrx_word' id='word_1_839' title='bbox 2953 5300 3186 5368; x_wconf 85' lang='lat' dir='ltr'><strong>Quando</strong></span> <span class='ocrx_word' id='word_1_840' title='bbox 3210 5314 3342 5355; x_wconf 85' lang='lat' dir='ltr'><strong>vero</strong></span> <span class='ocrx_word' id='word_1_841' title='bbox 3387 5298 3524 5354; x_wconf 83' lang='lat' dir='ltr'><strong>feria</strong></span> 
     </span>
    </p>
   </div>
   <div class='ocr_carea' id='block_1_112' title="bbox 289 5393 1834 5483">
    <p class='ocr_par' dir='ltr' id='par_1_112' title="bbox 289 5404 1833 5483">
     <span class='ocr_line' id='line_1_112' title="bbox 289 5404 1833 5483; baseline -0.002 -17"><span class='ocrx_word' id='word_1_842' title='bbox 289 5404 564 5479; x_wconf 66' lang='grc' dir='ltr'>κυριακήν</span> <span class='ocrx_word' id='word_1_843' title='bbox 583 5427 596 5440; x_wconf 85' lang='lat'><strong><em>°</em></strong></span> <span class='ocrx_word' id='word_1_844' title='bbox 635 5411 820 5482; x_wconf 83' lang='grc' dir='ltr'>ἐπειδὴ</span> <span class='ocrx_word' id='word_1_845' title='bbox 854 5412 914 5464; x_wconf 85' lang='grc' dir='ltr'><strong>τὸ</strong></span> <span class='ocrx_word' id='word_1_846' title='bbox 943 5413 1000 5466; x_wconf 90' lang='grc' dir='ltr'><strong>ἐν</strong></span> <span class='ocrx_word' id='word_1_847' title='bbox 1019 5411 1095 5483; x_wconf 82' lang='grc' dir='ltr'><strong>τῷ</strong></span> <span class='ocrx_word' id='word_1_848' title='bbox 1119 5413 1350 5483; x_wconf 82' lang='grc' dir='ltr'>κανονίῳ</span> <span class='ocrx_word' id='word_1_849' title='bbox 1372 5411 1833 5483; x_wconf 85' lang='grc' dir='ltr'>διαλαμϐανόμενο</span> 
     </span>
    </p>
   </div>
   <div class='ocr_carea' id='block_1_113' title="bbox 1935 5393 3525 5483">
    <p class='ocr_par' dir='ltr' id='par_1_113' title="bbox 1962 5393 3525 5476">
     <span class='ocr_line' id='line_1_113' title="bbox 1962 5393 3525 5476; baseline -0.015 -10"><span class='ocrx_word' id='word_1_850' title='bbox 1962 5416 2138 5476; x_wconf 85' lang='lat' dir='ltr'><strong>sexta,</strong></span> <span class='ocrx_word' id='word_1_851' title='bbox 2169 5414 2264 5462; x_wconf 89' lang='lat' dir='ltr'><strong>aut</strong></span> <span class='ocrx_word' id='word_1_852' title='bbox 2302 5404 2573 5468; x_wconf 89' lang='lat' dir='ltr'><strong>Sabbato;</strong></span> <span class='ocrx_word' id='word_1_853' title='bbox 2615 5407 2747 5453; x_wconf 92' lang='lat' dir='ltr'><strong>tunc</strong></span> <span class='ocrx_word' id='word_1_854' title='bbox 2800 5411 2932 5451; x_wconf 83' lang='lat' dir='ltr'><strong>vero</strong></span> <span class='ocrx_word' id='word_1_855' title='bbox 2983 5394 3070 5450; x_wconf 90' lang='lat' dir='ltr'><strong>vel</strong></span> <span class='ocrx_word' id='word_1_856' title='bbox 3101 5393 3329 5450; x_wconf 89' lang='lat' dir='ltr'><strong>nimium</strong></span> <span class='ocrx_word' id='word_1_857' title='bbox 3351 5405 3525 5462; x_wconf 85' lang='lat' dir='ltr'><strong>quan-</strong></span> 
     </span>
    </p>
   </div>
   <div class='ocr_carea' id='block_1_114' title="bbox 301 5481 1834 5576">
    <p class='ocr_par' dir='ltr' id='par_1_114' title="bbox 301 5481 1834 5576">
     <span class='ocr_line' id='line_1_114' title="bbox 301 5481 1834 5576; baseline 0.005 -29"><span class='ocrx_word' id='word_1_858' title='bbox 301 5493 580 5554; x_wconf 70' lang='grc' dir='ltr'>Ἰουδαϊκὸν</span> <span class='ocrx_word' id='word_1_859' title='bbox 605 5503 795 5575; x_wconf 80' lang='grc' dir='ltr'>Πάσχα</span> <span class='ocrx_word' id='word_1_860' title='bbox 821 5503 970 5557; x_wconf 77' lang='grc' dir='ltr'>δυσὶν</span> <span class='ocrx_word' id='word_1_861' title='bbox 992 5481 1224 5576; x_wconf 79' lang='grc' dir='ltr'>ἡμέραις</span> <span class='ocrx_word' id='word_1_862' title='bbox 1254 5481 1686 5576; x_wconf 72' lang='grc' dir='ltr'>ἀποδειχθείσαις</span> <span class='ocrx_word' id='word_1_863' title='bbox 1710 5481 1834 5556; x_wconf 84' lang='grc' dir='ltr'>πλεο</span> 
     </span>
    </p>
   </div>
   <div class='ocr_carea' id='block_1_115' title="bbox 1935 5481 3525 5576">
    <p class='ocr_par' dir='ltr' id='par_1_115' title="bbox 1963 5481 3525 5558">
     <span class='ocr_line' id='line_1_115' title="bbox 1963 5481 3525 5558; baseline -0.012 -2"><span class='ocrx_word' id='word_1_864' title='bbox 1963 5509 2078 5556; x_wconf 90' lang='lat' dir='ltr'><strong>tum</strong></span> <span class='ocrx_word' id='word_1_865' title='bbox 2118 5515 2150 5554; x_wconf 91' lang='lat' dir='ltr'><strong>a</strong></span> <span class='ocrx_word' id='word_1_866' title='bbox 2183 5505 2334 5555; x_wconf 90' lang='lat' dir='ltr'><strong>recto</strong></span> <span class='ocrx_word' id='word_1_867' title='bbox 2381 5492 2677 5558; x_wconf 86' lang='lat' dir='ltr'><strong>desciscit;</strong></span> <span class='ocrx_word' id='word_1_868' title='bbox 2725 5487 3002 5546; x_wconf 87' lang='lat' dir='ltr'><strong>incidente</strong></span> <span class='ocrx_word' id='word_1_869' title='bbox 3039 5485 3184 5542; x_wconf 88' lang='lat' dir='ltr'><strong>enim</strong></span> <span class='ocrx_word' id='word_1_870' title='bbox 3225 5485 3283 5541; x_wconf 91' lang='lat' dir='ltr'><strong>in</strong></span> <span class='ocrx_word' id='word_1_871' title='bbox 3334 5481 3525 5541; x_wconf 76' lang='lat' dir='ltr'><strong>feriam</strong></span> 
     </span>
    </p>
   </div>
   <div class='ocr_carea' id='block_1_116' title="bbox 360 5670 1834 5757">
    <p class='ocr_par' dir='ltr' id='par_1_116' title="bbox 360 5673 1834 5757">
     <span class='ocr_line' id='line_1_116' title="bbox 360 5673 1834 5757; baseline 0.004 -23"><span class='ocrx_word' id='word_1_872' title='bbox 360 5673 380 5703; x_wconf 83' lang='grc'><strong>⁷</strong></span> <span class='ocrx_word' id='word_1_873' title='bbox 398 5675 522 5734; x_wconf 71' lang='lat' dir='ltr'><strong>&quot;mc</strong></span> <span class='ocrx_word' id='word_1_874' title='bbox 547 5700 575 5735; x_wconf 80' lang='grc' dir='ltr'><strong>α</strong></span> <span class='ocrx_word' id='word_1_875' title='bbox 602 5682 868 5754; x_wconf 82' lang='lat' dir='ltr'><strong>Scaligero</strong></span> <span class='ocrx_word' id='word_1_876' title='bbox 905 5689 1258 5757; x_wconf 71' lang='lat' dir='ltr'><strong>prmict&#39;missa</strong></span> <span class='ocrx_word' id='word_1_877' title='bbox 1282 5687 1649 5757; x_wconf 74' lang='lat' dir='ltr'><strong>snpplet&#39;t&#39;mus,</strong></span> <span class='ocrx_word' id='word_1_878' title='bbox 1677 5701 1790 5757; x_wconf 66' lang='lat' dir='ltr'><strong>quae</strong></span> <span class='ocrx_word' id='word_1_879' title='bbox 1814 5702 1834 5740; x_wconf 78' lang='grc' dir='ltr'><strong>δ</strong></span> 
     </span>
    </p>
   </div>
   <div class='ocr_carea' id='block_1_117' title="bbox 1935 5670 3101 5757">
    <p class='ocr_par' dir='ltr' id='par_1_117' title="bbox 1952 5670 3101 5747">
     <span class='ocr_line' id='line_1_117' title="bbox 1952 5670 3101 5747; baseline -0.014 -9"><span class='ocrx_word' id='word_1_880' title='bbox 1952 5683 2085 5740; x_wconf 76' lang='lat' dir='ltr'><strong>notis</strong></span> <span class='ocrx_word' id='word_1_881' title='bbox 2111 5683 2231 5738; x_wconf 69' lang='grc' dir='ltr'>εἰπε</span> <span class='ocrx_word' id='word_1_882' title='bbox 2265 5672 2606 5747; x_wconf 67' lang='lat' dir='ltr'><strong>distractaﬂ.</strong></span> <span class='ocrx_word' id='word_1_883' title='bbox 2674 5673 2694 5706; x_wconf 87' lang='grc'><strong>⁸</strong></span> <span class='ocrx_word' id='word_1_884' title='bbox 2725 5671 2763 5743; x_wconf 81' lang='lat' dir='ltr'><strong>f.</strong></span> <span class='ocrx_word' id='word_1_885' title='bbox 2792 5670 2884 5726; x_wconf 73' lang='grc' dir='ltr'>καὶ</span> <span class='ocrx_word' id='word_1_886' title='bbox 2913 5685 3101 5742; x_wconf 82' lang='grc' dir='ltr'>προστ.</span> 
     </span>
    </p>
   </div>
  </div>
