3948 6264
438 318 572 374 13η

1461 312 1553 369 ΔΙ)
1586 312 1854 369 EUSEBll
1892 310 2289 370 CHBONICON
2318 314 2682 371 APPENDIX.

3532 316 3672 371 1512

436 442 669 494 sextam,
700 444 824 486 cum
851 429 1175 486 deberemus
1215 429 1459 499 proxime
1509 439 1771 499 sequente
1818 430 1998 485 Domi-

2101 430 2250 495 νάζει
2287 432 2382 487 τοῦ
2424 433 2625 505 κυρίως
2682 434 2809 504 παρ’
2828 433 3008 487 αὐτῶν
3056 432 3375 504 τελουμένου
3394 448 3410 462 ·
3476 434 3575 486 καὶ
3610 435 3671 486 ἐν

436 524 562 579 nica
608 521 816 577 Pascha
873 520 1168 585 celebrare,
1204 522 1261 575 in
1291 536 1412 576 eam
1467 519 1831 585 Dominicam,
1882 539 2002 592 qum

435 622 561 685 post
589 614 735 667 illam
769 615 1034 683 sequitur,
1064 612 1525 680 transcendimus,
1555 614 1999 685 quandoquidem

438 704 647 760 Pascha
692 702 1000 769 Iudaicum,
1050 703 1192 775 quod
1236 704 1290 758 in
1315 719 1527 760 canone
1556 706 1876 767 assumitur,
1917 706 2002 760 bi-

438 797 569 864 duo,
627 796 771 868 quod
823 812 853 850 a
902 796 1062 851 nobis
1094 797 1524 852 demonstratum
1577 808 1681 861 est,
1730 796 1941 853 Pascha
1971 812 2003 851 a

435 887 639 944 Judaeis
689 888 957 942 celebrari
1014 888 1235 943 solitum
1292 889 1587 967 praevertit.
1644 888 1705 951 In
1763 888 2003 947 Sabbato

439 996 655 1051 quoque
710 981 853 1035 idem
883 982 1151 1051 contingit
1203 989 1423 1050 propter
1451 981 1696 1036 eamdem
1753 997 2001 1038 causam.

437 1070 574 1126 Cum
596 1071 738 1127 enim
766 1071 1110 1137 deberemus,
1153 1072 1545 1127 interveniente
1573 1073 1842 1143 postridie
1894 1064 2003 1128 οσ-

438 1163 663 1228 minica,
690 1162 902 1218 Pascha
946 1165 1244 1229 celebrare,
1292 1164 1347 1219 in
1368 1166 1547 1229 illam,
1579 1181 1701 1236 quae
1736 1174 1859 1236 post
1883 1181 2002 1222 eam

439 1253 705 1322 sequitur,
739 1252 1034 1308 transitum
1059 1252 1312 1310 facimus.
1349 1253 1467 1309 Uno
1495 1256 1713 1325 quidem
1738 1256 1842 1311 hoc
1871 1272 2003 1313 casu

438 1352 716 1413 peccatur,
753 1354 973 1415 propter
998 1361 1246 1411 causam,
1265 1362 1428 1418 quam
1451 1347 1712 1414 diximus,
1741 1364 1851 1405 non
1876 1364 2005 1405 exa-

437 1440 541 1489 cta
567 1435 926 1491 restitutionis
961 1437 1192 1492 lunaris.
1223 1436 1321 1493 Est
1342 1446 1396 1495 et
1430 1439 1573 1495 alius
1603 1455 1768 1496 casus
1812 1439 2006 1511 (quan-

438 1539 600 1594 quam
626 1526 730 1581 hoc
749 1527 968 1597 quidem
998 1543 1124 1583 raro
1145 1530 1378 1598 accidat)
1412 1539 1634 1602 propter
1656 1531 1811 1587 verni
1833 1530 2005 1602 aequi-

436 1617 608 1675 noctii
668 1618 1019 1676 luxationem.
1090 1618 1258 1676 Retro
1323 1623 1471 1677 enim
1528 1622 1874 1694 progreditur
1951 1633 2007 1678 et

2054 593 2061 602 δ
2101 522 2362 594 Σαϐϐάτῳ
2379 523 2437 577 δὲ
2456 525 2516 576 τὸ
2536 525 2717 595 ὅμοιον
2739 524 3024 594 συμϐαίνει
3046 523 3134 578 διά
3152 525 3250 594 τὴν
3272 523 3444 595 αὐτὴν
3464 522 3668 578 αἰτίαν.

2115 615 2444 684 ὐφείλοντες
2471 616 2578 687 γὰρ
2606 617 2698 670 καὶ
2727 616 2899 680 οὕτως
2927 618 2995 686 τῇ
3026 614 3283 687 ἐπαύριον
3299 616 3559 685 Κυριακῇ
3582 631 3671 668 τε-

2100 704 2211 759 λεῖν
2247 706 2309 759 τὸ
2339 707 2549 778 Πάσχα,
2582 708 2663 771 εἰς
2690 707 2788 779 τὴν
2810 708 2925 777 μετ’
2949 707 3120 777 αὐτὴν
3148 697 3544 777 μεταϐαίνομεν
3573 707 3672 758 οὐκ

2100 797 2295 869 ὀρθῶς.
2326 800 2420 853 Ἕν
2441 800 2537 871 μὲν
2570 799 2635 870 δὴ
2672 798 2851 863 τοῦτο,
2885 799 2979 852 καὶ
3014 798 3091 861 ὡς
3131 799 3224 852 ἐπὶ
3255 797 3317 851 τὸ
3360 797 3501 851 πολὺ
3530 813 3670 867 συμ-

2102 887 2282 941 ϐαῖνον
2313 889 2576 961 σφαλερὸν
2609 886 2760 959 παρά
2781 887 2879 959 τὴν
2910 886 3202 959 εἰρημένην
3228 884 3429 951 αἰτίαν,
3461 885 3569 955 τὴν
3598 884 3679 956 μὴ

2100 980 2209 1034 ἀπὸ
2238 981 2336 1051 τῆς
2359 980 2619 1052 ἀκριϐοῦς
2644 981 3136 1045 ἀποκαταστάσεως
3158 996 3172 1011 ·
3200 980 3318 1033 ἐστι
3341 980 3399 1033 δέ
3433 980 3534 1034 καὶ
3553 980 3674 1032 ἐτεο

2106 1088 2196 1142 ρον
2220 1071 2381 1142 (πλὴν
2426 1071 2666 1134 σπανίως
2706 1068 3026 1142 γινόμενον),
3073 1068 3163 1122 διά
3201 1069 3299 1140 τὴν
3332 1070 3432 1141 τῆς
3475 1071 3675 1138 ἰσημε-

2105 1159 2226 1231 ρίας
2262 1161 2624 1232 μετάπτωσιν.
2672 1160 3081 1231 Ὀπισθοδρομεῖ
3110 1161 3218 1231 γὰρ
3240 1161 3337 1214 καὶ
3358 1159 3503 1229 αὕτη
3530 1160 3675 1212 κατὰ

2103 1253 2382 1323 περιόδους
2401 1252 2557 1320 ἐτῶν,
2585 1253 2651 1306 δι’
2677 1254 2744 1324 ἢν
2758 1254 2932 1307 αἰτίαν
2952 1252 3203 1324 ἐροῦμεν,
3226 1252 3455 1324 ἔχουσαν
3476 1252 3672 1315 οῦτωςο

2104 1344 2177 1401 Τὸ
2202 1344 2290 1398 διά
2320 1345 2423 1410 τξε⁹
2448 1346 2671 1417 ἡμερῶν
2691 1346 2785 1399 καὶ
2820 1346 2863 1399 δ’
2901 1345 3079 1414 λέγειν
3122 1345 3211 1399 τὸν
3251 1345 3404 1416 ἣλιον
3434 1344 3548 1417 ἀπὸ
3580 1343 3674 1397 τοῦ

2103 1436 2268 1491 αὑτοῦ
2301 1437 2525 1508 σημείου
2557 1438 2636 1501 εἰς
2669 1438 2730 1491 τὸ
2769 1437 2901 1492 αὐτὸ
2938 1435 3313 1503 καθίστασθαι,
3351 1436 3677 1507 παχυμερέ-

2106 1543 2295 1599 στερον
2337 1528 2548 1599 είρηται
2569 1543 2582 1556 ·
2628 1527 2766 1582 κατά
2811 1526 2871 1580 δὲ
2911 1527 2974 1580 τὸ
3019 1527 3407 1599 ἀκριϐέστερον
3440 1526 3598 1598 παρά
3623 1542 3677 1580 τι

2107 1621 2292 1691 μόριον
2317 1637 2330 1651 ·
2361 1622 2437 1684 ὼς
2470 1621 2568 1692 μὲν
2598 1622 2627 1674 ὁ
2650 1620 2977 1691 Πτολεμαῖος
3009 1623 3067 1675 ἐν
3101 1623 3168 1692 τῇ
3198 1619 3488 1685 Συντάξει
3519 1621 3677 1689 φησὶ,

436 1707 614 1779 ipsum
647 1726 863 1782 quoque
896 1718 1020 1781 post
1050 1713 1433 1769 conversiones
1456 1728 1752 1780 annorum,
1783 1721 2000 1784 propter

2105 1713 2444 1785 τριακοστὸν,
2478 1714 2555 1777 ὡς
2577 1713 2635 1767 δὲ
2659 1714 2716 1766 οῖ
2733 1730 2793 1768 τε
2817 1713 2968 1784 παρά
2992 1715 3229 1786 Πέρσαις
3255 1712 3317 1767 τδ
3346 1714 3449 1784 τῆς
3478 1713 3679 1783 ἀστρο-

435 1815 557 1855 eam
590 1817 834 1866 causam,
876 1818 1037 1872 quam
1071 1804 1355 1872 dicemus;
1393 1821 1513 1875 quae
1556 1805 1632 1859 ita
1673 1805 1874 1862 habet:
1908 1821 2001 1862 so-

330 1952 333 1959 .
435 1894 542 1951 lem
576 1893 865 1950 intervallo
893 1895 1000 1950 565
1040 1894 1254 1951 dierum
1283 1902 1338 1951 et
1365 1896 1688 1967 quadrantis
1712 1899 1781 1955 ab
1809 1898 1999 1954 eodem

435 1995 641 2054 puncto
685 1986 755 2041 ad
808 1987 951 2043 idem
982 1987 1206 2053 reverti,
1253 1989 1511 2060 pinguius
1546 1999 1828 2061 acceptum
1873 2000 1998 2048 est:

436 2077 735 2134 secundum
764 2093 893 2134 vero
927 2079 1180 2135 subtilem
1214 2081 1502 2147 rationem,
1537 2083 1719 2152 aliqua
1747 2083 1856 2138 diei
1884 2096 2005 2154 por-

432 2169 584 2225 tione
604 2169 808 2237 minus,
831 2178 892 2226 ut
911 2171 1129 2241 quidem
1163 2172 1487 2230 Ptolemaeus
1523 2174 1579 2229 in
1616 2174 2004 2245 Compositiono

436 2259 536 2325 ait,
574 2262 998 2328 trecentesima;
1037 2269 1097 2316 ut
1150 2270 1330 2318 autem
1363 2261 1657 2319 Persarum
1700 2266 2004 2320 mathema-

437 2352 554 2417 tici,
583 2362 636 2407 et
666 2369 766 2408 nos
800 2353 1095 2409 solstitium
1126 2370 1222 2425 per
1249 2356 1435 2425 plures
1463 2357 1582 2414 dies
1618 2357 2000 2424 observantes,

436 2442 894 2513 deprehendimus
921 2446 1225 2515 portionem
1258 2447 1407 2501 illam
1450 2448 1709 2516 majorem
1739 2448 2001 2505 ducente-

436 2535 574 2590 sima
631 2544 806 2606 parte,
871 2552 1033 2608 quam
1084 2539 1303 2608 quidem
1353 2553 1385 2594 a
1420 2538 1613 2595 diebus
1640 2539 1746 2596 365
1768 2549 1822 2596 et
1866 2556 2004 2612 qua-

435 2626 628 2683 drante
661 2629 878 2686 auferre
908 2638 1177 2701 oporteat.
1230 2629 1641 2702 Aiquinoctium
1680 2635 1827 2689 enim
1877 2649 2004 2690 ver-

438 2734 569 2773 num
597 2719 674 2773 ait
702 2719 1030 2777 Ptolemaeus
1076 2722 1278 2777 saeculo
1312 2738 1415 2778 suo
1450 2724 1644 2779 conﬁci
1673 2740 1763 2779 xxi
1800 2724 2000 2780 Martii.

437 2807 549 2866 Nos
576 2818 755 2866 autem
779 2812 958 2882 ipsum
985 2812 1444 2884 deprehendimus
1471 2827 1598 2871 ante
1619 2833 1687 2870 xv
1713 2816 1914 2884 Martii,
1935 2833 2000 2873 ex

437 2905 662 2960 solstitii
687 2905 1164 2961 observationibus
1197 2907 1377 2976 ipsum
1404 2915 1678 2976 putantes.
1710 2908 1851 2975 Quia
1873 2925 2003 2966 vero

435 2996 523 3049 lex
575 2992 814 3049 Mosaica
861 2996 1113 3064 proximo
1165 3004 1293 3066 post
1338 3011 1567 3052 vernum
1613 2998 1998 3068 aequinoctium

2107 1804 2297 1875 νομίας
2349 1804 2750 1877 μετερχόμενοι,
2784 1805 2878 1859 καὶ
2917 1806 3096 1877 ἡμεῖς,
3146 1804 3246 1876 τὴν
3297 1804 3522 1875 Θερινὴν
3556 1820 3682 1856 σκο-

2102 1895 2331 1961 ποῦντες
2363 1898 2569 1969 τροπὴν
2599 1897 2975 1962 ἀνατέλλοντος
3003 1897 3098 1952 τοῦ
3137 1897 3312 1969 ἡλίου,
3347 1897 3417 1951 δι’
3451 1897 3679 1968 ἡμερῶν

2102 1988 2359 2043 πλειόνων
2387 1989 2817 2060 ἐποχασάμεθα,
2842 1988 3211 2044 διακοσιωτοῦ
3241 1988 3446 2061 μεῖζον,
3475 1989 3677 2061 μᾶλλον

2101 2072 2157 2132 δὲ
2185 2079 2207 2110 ⁵
2239 2080 2430 2152 βραχεῖ
2471 2097 2575 2135 τινι
2623 2079 2840 2135 ἔλαττον
2895 2081 3210 2147 ἐκατοστοῦ,
3244 2082 3578 2153 εὑρίσκομεν
3617 2080 3680 2135 τὸ

2105 2168 2291 2241 μόριον
2319 2169 2496 2236 τοῦτο,
2524 2169 2554 2223 δ
2578 2170 2685 2224 τῶν
2708 2170 2814 2236 τξε¹
2837 2171 2931 2226 καὶ
2949 2171 2988 2225 δ’
3018 2173 3269 2244 ἀφαιρεῖν
3299 2172 3397 2225 δεῖ.
3427 2172 3543 2243 Τὴν
3568 2171 3681 2242 γὰρ

2103 2261 2322 2333 ἐαρινὴν
2359 2263 2646 2333 ἰσημερίαν
2671 2265 2737 2334 τῇ
2772 2270 2856 2318 κα¹
2888 2263 2983 2317 τοῦ
3012 2265 3257 2336 Μαρτίου
3285 2265 3450 2334 φησὶν
3472 2266 3503 2317 ὁ
3536 2264 3676 2316 11:0-

2102 2355 2158 2408 λε
2166 2357 2321 2427 μαῖος
2351 2338 2410 2410 ἐν
2432 2358 2543 2420 τοῖς
2586 2359 2706 2410 κατ’
2730 2357 2892 2412 αὐτὸν
2930 2358 3143 2429 χρόνοις
3170 2358 3438 2427 γίνεσθαι.
3483 2357 3679 2428 Ἦμεῖς

2102 2446 2161 2501 δὲ
2194 2447 2301 2520 πρὸ
2329 2451 2429 2519 τῆς
2466 2455 2526 2501 ιε’
2551 2448 2647 2502 τοῦ
2683 2448 2850 2503 αὑτοῦ
2882 2449 3051 2522 μηνὸς
3089 2450 3147 2502 ἐν
3191 2450 3304 2514 τοῖς
3352 2448 3477 2502 καθ’
3524 2450 3675 2520 ἡμᾶς

2103 2539 2316 2610 χρόνοις
2356 2539 2559 2611 ταύτην
2606 2540 2974 2613 λαμϐάνομεν,
3009 2540 3118 2595 ἀπὸ
3147 2540 3249 2611 τῆς
3294 2540 3436 2594 κατά
3461 2539 3560 2611 τὴν
3583 2538 3675 2592 θε-

2105 2633 2258 2705 ρινὴν
2284 2633 2490 2705 τροπὴν
2520 2633 2804 2705 τηρήσεως
2848 2633 3052 2704 ταύτην
3094 2633 3267 2696 οῦτως
3296 2631 3675 2703 ἐπιλογιζόμε-

2104 2743 2203 2781 νοι.
2256 2726 2367 2779 Καὶ
2415 2724 2598 2796 ἐπειδὴ
2650 2728 2680 2778 ὁ
2722 2725 3014 2789 Μωσαῖκδς
3064 2726 3227 2796 νόμος
3277 2728 3345 2797 τῇ
3393 2723 3536 2795 μετὰ
3576 2724 3674 2795 τὴν

2104 2817 2322 2889 ἐαρινὴν
2363 2817 2648 2889 ἰσημερίαν
2693 2822 2742 2871 α’
2788 2817 3108 2888 πανσελήνῳ
3154 2815 3315 2880 εὐθὺς
3372 2818 3500 2879 τοὺς
3548 2817 3675 2869 Ἴου-

2103 2909 2284 2973 δαίους
2313 2909 2485 2962 τελεῖν
2523 2908 2584 2963 τὸ
2616 2910 2807 2979 Πάσχα
2841 2908 3242 2981 προτρέπεταιο
3274 2907 3396 2962 καθ’
3439 2906 3537 2970 οὓς
3578 2907 3673 2977 μὲν

2103 3001 2324 3071 χρόνους
2356 3001 2581 3072 συνέστη
2610 2999 2671 3053 τὸ
2698 3000 2984 3071 εἰρημένον
3028 2998 3292 3062 κανόνιον,
3319 2998 3421 3069 τῆς
3453 3000 3672 3070 ἐαρινῆς

435 3087 733 3158 plenilunio
754 3087 938 3143 statim
959 3086 1168 3142 Pascha
1212 3088 1486 3143 celebrare
1509 3087 1711 3144 Iudaeis
1733 3090 1997 3162 praecipit:

2108 3092 2396 3166 ἰσημερίας
2421 3097 2486 3165 τῇ
2522 3100 2603 3147 κα¹
2629 3090 2894 3164 Μαρτίου,
2924 3092 2959 3163 ἢ
2985 3093 3078 3146 καὶ
3115 3092 3221 3163 πρὸ
3250 3091 3419 3161 αὐτῆς
3447 3090 3670 3160 ἔγγιστα

435 3194 546 3249 quo
571 3188 813 3248 tempore
840 3194 1019 3245 canon
1046 3178 1331 3236 Paschalis
1365 3189 1719 3237 constructus
1749 3191 1852 3250 est,
1876 3197 2001 3238 cum

435 3272 646 3328 scilicet
664 3286 891 3327 vernum
927 3272 1317 3342 aequinoctium
1357 3274 1415 3328 in
1445 3290 1537 3329 xxi
1587 3283 1681 3330 aut
1713 3291 1785 3330 xx
1823 3275 2000 3331 Martii

434 3364 826 3434 propemodum
879 3365 1280 3430 conﬁceretur;
1328 3366 1749 3434 pleniluniorum
1783 3369 1900 3424 dies
1944 3368 2002 3424 in

433 3468 644 3510 canone
670 3455 843 3510 notati
867 3464 921 3510 et
937 3454 1226 3511 Iudaicum
1253 3455 1464 3512 Pascha
1487 3459 2001 3531 indicantes,prima

432 3547 650 3618 quidem
681 3557 810 3605 sunt
839 3548 944 3605 rite
972 3561 1095 3620 post
1115 3551 1504 3622 aequinoctium
1533 3554 1859 3625 plenilunia.
1881 3553 2003 3611 Non

432 3639 578 3695 cnim
597 3641 835 3711 reperies
861 3656 1128 3697 canonem
1151 3643 1460 3715 transgredi
1480 3645 1837 3715 plenilunium
1858 3647 2004 3704 vice-

434 3728 586 3784 simae
606 3731 794 3799 primaa
819 3729 1018 3799 Martii,
1049 3733 1194 3802 quod
1223 3734 1441 3804 quidem
1472 3744 1602 3791 tunc
1629 3744 1746 3793 erat
1767 3738 2001 3808 primum

435 3827 560 3890 post
591 3822 1000 3891 aequinoctium,
1043 3824 1191 3879 aliud
1224 3833 1408 3881 autem
1447 3827 1623 3883 vicem
1647 3828 1767 3899 ejus
1797 3830 2005 3885 substie

437 3919 611 3967 tuere.
646 3911 802 3967 Nunc
818 3929 949 3969 vero
974 3930 1100 3969 cum
1122 3932 1350 3970 vernum
1374 3917 1763 3987 aequinoctium
1789 3933 1883 3974 sex
1907 3899 2004 3974 aut

435 4003 686 4073 pluribus
727 4004 922 4062 diebus
970 4015 1120 4063 retro
1156 4023 1508 4079 progressum
1547 4009 1734 4076 luerit,
1774 4022 2002 4082 possent

435 4110 560 4152 esse
589 4098 693 4151 alia
723 4099 895 4168 prima
935 4099 1230 4169 plenilunia
1260 4110 1387 4156 ante
1413 4117 1506 4156 xx:
1533 4100 1732 4169 Martii,
1774 4104 1830 4159 in
1875 4105 2001 4175 qui-

433 4186 539 4243 bus
566 4186 737 4242 Judaei
770 4189 987 4260 quidem
1019 4189 1232 4245 Pascha
1275 4192 1571 4258 celebrent,
1598 4209 1701 4249 nos
1730 4211 1860 4250 vero
1889 4197 2002 4267 ple-

431 4279 639 4335 nilunia
662 4282 892 4336 canonis
914 4292 1204 4351 sequentes
1231 4285 1502 4356 integrum
1533 4303 1775 4345 mensem
1808 4304 1840 4343 a
1874 4304 2001 4345 con-

429 4387 568 4443 gruo
600 4381 841 4444 tempore
869 4373 1262 4433 desciscamus.
1292 4375 1436 4433 Ante
1468 4394 1643 4436 annos
1667 4382 1812 4435 enim
1843 4383 1999 4452 quin-

431 4465 714 4536 quaginta,
767 4480 891 4521 cum
940 4466 1120 4522 adhuc
1156 4476 1315 4524 aetate
1348 4469 1567 4539 juvenis
1616 4487 1817 4537 essem,
1854 4484 1908 4528 et
1939 4475 1994 4529 in

429 4558 665 4627 quadam
696 4557 941 4614 Thracias
964 4561 1118 4626 urbe,
1141 4563 1228 4616 cui
1266 4577 1461 4618 nomen
1491 4563 1687 4628 Aﬂnos,
1717 4566 1991 4636 degerem,

429 4651 539 4705 vidi
573 4653 676 4707 loci
704 4653 1001 4723 inquilinos
1029 4653 1248 4712 Iudaeos
1279 4657 1540 4713 vicesima
1572 4658 1750 4715 Martii
1784 4660 1994 4717 Pascha

432 4758 590 4798 suum
624 4745 862 4800 obivisse
891 4764 906 4801 :
941 4762 1042 4803 nos
1070 4762 1201 4802 vero
1225 4756 1475 4804 nostrum
1509 4760 1759 4807 sanctum
1787 4752 1996 4811 Pascha

410 4835 691 4891 -vicesima
721 4837 883 4892 tertia
919 4838 1122 4908 Aprilis
1156 4842 1574 4908 celebravimus,
1624 4847 1802 4900 secuti
1850 4846 1995 4903 diem

428 4926 711 4996 plenilunii
738 4930 965 4985 canonis
985 4933 1042 4984 in
1070 4947 1202 4985 xvm
1221 4932 1424 5003 Aprilis
1452 4941 1714 4991 notatam.
1734 4936 1847 5008 Ego
1873 4938 1996 5009 qui-

428 5018 551 5074 dem
581 5026 713 5075 tunc
738 5034 853 5075 rem
886 5020 1187 5080 admiratus
1222 5039 1344 5080 sum
1370 5025 1551 5081 adhuc
1583 5028 1738 5085 rudis
1785 5032 1997 5087 mathe-

428 5114 753 5168 maticarum
782 5129 985 5168 rerum.
1017 5116 1214 5171 Postea
1235 5133 1365 5172 vero
1387 5134 1584 5176 causas
1619 5122 1696 5177 rei
1725 5137 1792 5177 ex
1817 5130 1997 5179 astro-

427 5205 661 5261 nomicis
694 5205 1001 5275 disciplinis
1029 5209 1253 5264 edoctus
1289 5215 1505 5281 percepi
1540 5212 1646 5268 hoc
1675 5215 1780 5270 rite
1816 5220 1997 5272 conti-

428 5298 592 5367 gisse.
629 5297 707 5352 Ex
734 5297 822 5354 his
879 5297 1044 5369 igitur
1072 5307 1310 5367 constat,
1360 5303 1573 5372 quoties
1600 5305 1851 5374 proxime
1898 5325 1997 5364 ex-

428 5396 609 5444 actum
638 5404 863 5444 vernum
885 5391 1292 5459 aequinoctium,
1333 5393 1439 5448 hoc
1466 5402 1551 5450 est
1578 5413 1648 5451 xv
1677 5396 1875 5462 Martii,
1897 5417 1994 5456 us-

429 5493 534 5546 que
564 5480 632 5533 ad
660 5497 731 5534 xx
758 5480 1025 5549 ejusdem,
1055 5484 1321 5555 contingit
1351 5486 1710 5555 plenilunium
1735 5489 1873 5555 ﬁeri,
1894 5508 1995 5548 nos

431 5581 462 5625 a
490 5570 675 5640 regula
702 5571 966 5628 deﬁcere:
999 5575 1143 5643 quod
1170 5576 1234 5631 ad
1257 5577 1551 5646 plenilunia
1586 5579 1793 5652 Aprilis.
1818 5591 1997 5640 trans-

506 5725 527 5758 '
556 5723 683 5779 Ηωσ
716 5742 820 5779 non
849 5726 1000 5780 habet
1035 5727 1293 5799 Scaliger.

2102 3183 2464 3255 τελουμένης’
2501 3186 2558 3238 αἱ
2604 3186 2664 3238 ἐν
2707 3183 2786 3254 τῷ
2831 3183 3061 3254 κανονίῳ
3093 3182 3496 3254 παρακείμεναι
3542 3198 3671 3236 παν-

2105 3272 2419 3346 σεληνιακαὶ
2459 3276 2682 3346 ἡμέραι,
2728 3276 2821 3329 καὶ
2855 3273 2916 3328 τὸ
2946 3274 3233 3329 Ἰουδαϊκὸν
3264 3274 3524 3346 δηλοῦσαι
3566 3275 3673 3330 Πάο

2104 3381 2235 3436 σχα,
2284 3364 2498 3437 πρῶταί
2543 3369 2679 3420 εἰσιν
2734 3366 2993 3437 ἀσφαλῶς
3046 3365 3185 3438 μετὰ
3231 3366 3329 3437 τὴν
3383 3366 3671 3438 ἰσημερίαν

2101 3455 2442 3528 πανσέληνοι.
2476 3457 2610 3510 Οὐδὲ
2633 3456 2743 3528 γὰρ
2781 3457 2961 3531 εὕροις
2997 3458 3063 3512 ἂν
3106 3458 3168 3512 τὸ
3213 3458 3458 3513 κανόνιον
3491 3474 3670 3530 παρα-

2099 3547 2291 3618 τρέχον
2324 3546 2421 3619 μὲν
2453 3548 2550 3619 τὴν
2572 3549 2631 3602 ἐν
2657 3551 2723 3619 τῇ
2750 3556 2839 3603 κω
2871 3548 2966 3602 τοῦ
2989 3549 3251 3622 ,Μαρτίου
3300 3548 3633 3620 πανσέληνον
3653 3566 3668 3580 ·

2100 3637 2221 3707 ἥτις
2247 3643 2294 3689 α’
2318 3632 2386 3708 ἦν
2417 3637 2556 3708 μετά
2592 3638 2692 3710 τὴν
2734 3639 3024 3710 ἰσημερίαν
3053 3640 3197 3704 τότε,
3229 3639 3343 3693 ἀντ’
3370 3639 3589 3709 ἐκείνης
3617 3639 3669 3692 δὲ

2101 3728 2292 3799 ἑτέραν
2319 3729 2419 3799 τὴν
2450 3731 2567 3800 μετ’
2596 3730 2811 3802 ἐκείνην
2837 3729 3073 3801 ἔκρινον.
3098 3729 3213 3784 Νῦν
3239 3730 3298 3784 δὲ
3325 3731 3424 3802 τῆς
3450 3732 3669 3803 ἐαρινῆς

2105 3820 2391 3892 ἰσημερίας
2428 3821 2487 3888 ἒξ
2525 3820 2780 3894 ἡμέραις,
2813 3822 2847 3893 ἢ
2879 3822 2974 3875 καὶ
3007 3821 3247 3876 πλείοσιν
3278 3823 3669 3894 ὀπισθοδρομη-

2103 3910 2293 3982 σάσης,
2318 3911 2547 3966 δύναιντ’
2568 3913 2636 3967 ἂν
2662 3912 2820 3967 ἄλλαι
2848 3914 3061 3986 πρῶται
3090 3914 3413 3986 πανσέληνοι
3444 3915 3552 3985 πρὸ
3574 3914 3669 3985 τῆς

2101 4010 2185 4057 κα⁹
2206 4003 2298 4057 τοῦ
2332 4005 2577 4076 Μαρτίου
2615 4006 2878 4075 γίνεσθαι,
2912 4006 3034 4060 καθ’
3062 4005 3131 4070 ἀς
3172 4006 3282 4060 τῶν
3319 4007 3587 4061 Ἰουδαίων
3612 4005 3671 4059 τὺ

2101 4099 2292 4167 Πάσχα
2314 4097 2629 4163 τελούντων,
2654 4100 2816 4170 ἡμεῖς
2847 4101 2966 4163 ταῖς
2998 4086 3077 4153 ἐν¹
3101 4098 3180 4170 τῷ
3222 4099 3407 4153 κανόνι
3454 4099 3669 4153 ἀκολου-

2101 4186 2337 4252 θοῦντες,
2371 4187 2658 4259 ὀλόκληρον
2697 4192 2842 4261 μῆνα
2882 4188 2977 4242 τοῦ
3016 4189 3381 4262 προσήκοντος
3415 4187 3668 4259 ὑστεροῦ-

2104 4298 2203 4351 μεν
2241 4280 2454 4353 καιροῦ.
2494 4279 2609 4352 Πρὸ
2646 4280 2853 4351 χρόνων
2889 4279 2998 4351 γὰρ
3042 4280 3399 4351 πεντήκοντα,
3448 4279 3568 4343 νέος
3594 4278 3668 4333 ὢν

2101 4375 2182 4429 ἔτι
2205 4374 2300 4446 τὴν
2332 4374 2568 4446 ἡλικίαν,
2602 4374 2714 4444 ἐγὼ
2745 4375 2863 4447 μὲν,
2899 4374 3051 4446 παρά
3085 4391 3189 4427 τινι
3221 4373 3332 4427 τῶν
3379 4373 3667 4444 Θρᾳκικῶν

2029 4456 2073 4511 Ῑ)
2102 4465 2308 4521 πόλεων
2341 4465 2650 4537 διατρίϐων,
2681 4467 2827 4538 Αἴνῳ
2858 4465 3185 4539 καλουμένῃ,
3219 4459 3359 4519 εἶδον
3395 4466 3517 4518 τότε
3543 4466 3667 4529 τοὺς

2099 4560 2276 4612 ἐκεῖσε
2314 4559 2412 4629 τὴν
2442 4560 2653 4630 οἴκησιν
2694 4558 3048 4630 ποιουμένους
3084 4557 3465 4627 Ἰουδαίουςτῇ
3501 4562 3551 4609 κ’
3574 4557 3666 4610 τοῦ

2099 4650 2342 4722 Μαρτίου
2381 4651 2443 4705 τὸ
2467 4653 2663 4704 οἰκεῖον
2713 4650 2903 4721 Πάσχα
2943 4649 3301 4714 τελέσαντας·
3342 4649 3405 4702 τὺ
3443 4648 3500 4701 δὲ
3544 4649 3667 4702 καθ’

2100 4744 2247 4815 ἡμᾶς
2273 4742 2427 4811 ἅγιον
2459 4742 2649 4812 Πάσχα
2682 4744 2840 4812 ἡμεῖς
2864 4743 2931 4812 τῇ
2965 4747 3014 4794 κ’
3037 4739 3132 4793 τοῦ
3174 4740 3449 4811 Ἀπριλίου
3489 4739 3666 4793 ἐτελέ-

2101 4854 2294 4907 σαμεν,
2326 4835 2788 4906 ἀκολουθήσαντες
2825 4837 2890 4906 τῇ
2939 4835 2998 4887 ἐν
3034 4832 3112 4904 τῷ
3137 4832 3364 4904 κανονίῳ
3404 4831 3499 4885 τοῦ
3534 4834 3663 4886 Ἰου-

2096 4930 2282 4985 δαϊκοῦ
2311 4930 2502 5000 Πάσχα
2544 4925 3017 4997 διαλαμϐανομένῃ
3054 4924 3454 4996 πανσεληνιακῇ
3486 4924 3666 4997 ἡμέρᾳ

2108 5021 2384 5096 Ἀπριλίου
2415 5027 2503 5095 ιη’.
2532 5001 2643 5074 Καὶ
2675 5019 2797 5072 τότε
2829 5019 2925 5090 μὲν
2971 5015 3084 5085 ἐγὼ
3116 5019 3173 5071 ἐν
3205 5016 3431 5089 ἀπόροις
3464 5015 3665 5087 ἐθέμην

2093 5118 2156 5173 τὸ
2194 5118 2447 5190 πρᾶγμα,
2486 5115 2650 5186 μήπω
2702 5109 3095 5183 μαθηματικῶν
3138 5109 3414 5180 ἁψάμενος
3452 5108 3627 5178 λόγων
3647 5125 3662 5140 ο

2098 5209 2322 5281 ὕστερον
2346 5208 2423 5272 δὲ,
2457 5206 2556 5270 τὰς
2594 5204 2773 5268 αἰτίας
2806 5202 2915 5255 τῶν
2953 5201 3209 5255 τοιούτων
3249 5203 3314 5254 ἐκ
3343 5200 3446 5271 τῆς
3472 5201 3665 5272 ἀστρον

2097 5302 2326 5373 νομικῆς
2358 5299 2543 5372 μαθὼν
2574 5298 2903 5368 ἐπιστήμης,
2925 5294 3095 5360 ἔγνων
3120 5292 3392 5346 καὶτοῦτο
3418 5293 3558 5345 κατά
3579 5292 3666 5345 τὸν

2100 5394 2286 5449 εἰκότα
2307 5392 2465 5460 λόγον
2496 5389 2730 5460 συμϐάν.
2775 5386 3008 5457 Φανερὸν
3053 5385 3161 5455 ἄρα
3204 5384 3425 5452 γέγονεν
3454 5385 3519 5436 ἐκ
3549 5381 3681 5475 τούςΙ

2100 5508 2229 5553 των,
2258 5490 2363 5554 ὅτι,
2396 5484 2627 5557 ὁπηνίκα
2648 5483 2910 5579 σύνεγγυς
2936 5480 3035 5579 τῆς
3073 5473 3681 5579 ἀκριϐοῦς-ἰσημερίαςή

2101 5580 2379 5638 τουτέστιν
2405 5574 2516 5633 ἀπὸ
2540 5574 2642 5645 τῆς
2666 5570 2759 5630 τοῦ
2782 5569 3025 5642 Μαρτίου
3054 5574 3135 5636 ιε’,
3158 5567 3262 5632 ἕως
3288 5566 3389 5637 τῆς
3408 5571 3458 5616 κ’
3480 5563 3663 5633 αὐτοῦ,
