3948 6264
117 379 140 426 ξ.
217 343 348 399 ιδιι

1092 336 1315 394 ISAACI
1351 331 1654 393 MONACHI
1687 322 2062 386 COMPUTUS
2117 319 2549 379 ECCLESIAST.

3295 316 3430 370 1518

216 477 300 523 κις
345 456 409 512 ἂν
449 456 698 529 δυνηθῇς,
731 456 822 511 τὸν
876 454 968 509 τοῦ
1017 455 1216 510 κύκλου
1262 457 1360 528 τῆς
1420 451 1767 513 Ἰνδικτιῶνος

1895 441 2124 498 lictionis
2168 441 2407 512 cyclum,
2450 439 2566 494 sive
2599 450 2775 491 annos
2820 451 2891 490 xv
2941 454 2955 490 :
3004 432 3270 505 quidquid
3305 433 3434 487 reli-

217 549 459 623 ἀριθμὸν,
493 549 658 620 ἡγουν
688 547 778 601 τὸν
823 554 881 600 ιε’
901 564 915 578 ο
948 549 1042 602 καὶ
1072 546 1143 601 τὰ
1189 546 1626 617 καταλειπόμενα
1667 543 1770 598 κά-

217 637 397 704 τωθεν,
427 637 459 708 ἢ
494 637 587 690 καὶ
620 636 810 708 μέχρις
835 635 1014 690 αὐτῶν
1045 635 1153 692 τῶν
1189 634 1272 700 ιε’,
1306 634 1452 691 ἐστιν
1492 637 1520 688 6
1555 631 1771 689 ἐνιστά-

221 730 371 802 μένος
400 728 597 794 κύκλος
630 729 818 800 αὐτῆς.
1723 713 1755 722 ”

791 860 795 868 ·
807 843 824 864 ⁹
834 843 1184 916 Υπόδειγμα.

280 955 403 1014 Οἷον
433 958 830 1030 ὑποδείγματος
859 957 1050 1032 χάριν
1099 959 1254 1014 Ἐπεὶ
1294 961 1365 1015 τὰ
1405 959 1513 1016 ἀπὸ
1543 959 1772 1023 κτίσεως

215 1053 416 1122 κόσμου
470 1051 626 1118 εἰσὶν,
678 1050 754 1116 ὼς
789 1051 1101 1122 δεδήλωται,
1145 1051 1239 1125 ἐτη
1288 1060 1494 1124 ,ςωπες
1517 1053 1768 1122 λέγομεν,

215 1146 296 1198 ὅτι
330 1143 805 1208 πεντεκαιδεκάκις
827 1144 896 1198 τὰ
941 1151 984 1199 ν’
1017 1147 1124 1215 ψν’,
1169 1146 1262 1199 καὶ
1296 1145 1772 1207 πεντεκαιδεκάκις

216 1234 283 1290 τὰ
306 1241 355 1306 η’
383 1241 490 1307 ρκ’,
538 1236 800 1307 γινόμενα
843 1237 978 1308 ὁμοῦ
1013 1235 1177 1310 ,ςωο’.
1207 1236 1648 1308 Κατελείφθησαν
1679 1233 1774 1288 καὶ

219 1326 374 1399 μέχρι
398 1328 506 1382 τῶν
537 1335 723 1392 ,ς-ωπε’
763 1327 859 1399 ἐτη
885 1335 943 1381 ιε’
961 1345 977 1360 ο
1014 1327 1049 1382 ἃ
1090 1329 1182 1383 καί
1211 1330 1348 1382 εἰσιν
1377 1329 1406 1381 6
1428 1326 1774 1396 ἐνιστάμενος

215 1418 410 1482 κύκλος
435 1419 624 1489 αὐτῆς.
655 1420 792 1473 Ἀλλ’
808 1420 929 1473 ἐπεὶ
947 1419 1209 1492 δυσχερὴς
1225 1415 1361 1474 εἶναι
1386 1419 1531 1472 δοκεῖ
1553 1420 1664 1482 τοῖς
1697 1415 1773 1488 μὴ

215 1511 404 1567 εἰδόσιν
435 1513 693 1583 ἐντέχνως
728 1512 984 1584 ψηφίζειν
1012 1514 1044 1583 ἡ
1073 1512 1293 1583 τοιαύτη
1321 1510 1558 1582 μέθοδος,
1585 1511 1772 1562 ἐπενο-

215 1603 315 1676 ἡθη
339 1621 423 1668 τις
454 1604 586 1676 ἄλλη
622 1605 946 1677 σαφεστέρα,
981 1604 1076 1659 καὶ
1103 1605 1276 1678 ῥᾴστη
1305 1606 1415 1668 τοῖς
1440 1603 1613 1676 ταύτῃ
1631 1617 1772 1674 χρω-

221 1695 416 1766 μένοις,
449 1695 644 1767 ἔχουσα
676 1695 873 1760 οὕτως·

1867 550 2036 606 quum
2076 534 2181 589 erit
2219 531 2360 587 infra
2385 529 2636 586 eumdem
2667 544 2982 594 numerum,
3015 536 3110 582 aut
3136 528 3182 584 si
3220 528 3434 596 integer

1867 640 2130 681 numerus
2157 624 2276 694 ipse
2305 621 2560 677 residuus
2591 620 2684 687 εἰι,
2702 620 2806 676 erit
2827 634 3068 690 praesens
3100 617 3433 674 lndictionis

1869 716 2078 788 cyclus.

2485 823 2818 894 Exemplum.

1938 938 2182 1008 Exempli
2233 935 2408 1009 gratia
2473 954 2488 991 :
2550 934 2820 1002 Quoniam
2873 933 2944 989 ab
3013 933 3146 990 orbe
3213 933 3434 990 condito

1869 1037 2248 1096 numerantur,
2276 1037 2336 1084 ut
2375 1029 2487 1099 jam
2529 1028 2788 1091 diximus,
2836 1025 2962 1081 anni
3005 1025 3172 1092 6885,
3206 1027 3438 1096 quinde-

1870 1125 1984 1179 cies
2039 1125 2430 1194 quinquaginta
2481 1119 2692 1175 faciunt
2739 1119 2893 1186 750;
2940 1119 3256 1188 quindecies
3307 1121 3436 1176 item

1871 1224 1996 1273 octo
2025 1216 2159 1271 dant
2193 1214 2333 1281 12ος
2367 1214 2503 1268 fiunt
2534 1211 2663 1266 anni
2707 1212 2870 1267 simul
2919 1212 3079 1267 6870.
3128 1212 3334 1268 Desunt
3366 1212 3437 1266 ad

1872 1305 2228 1378 complendas
2275 1305 2418 1361 6885
2447 1304 2576 1360 anni
2621 1303 2710 1370 i5,
2762 1304 2856 1373 qui
2890 1312 2974 1359 est
3011 1319 3250 1374 praesens
3291 1304 3439 1359 lndi-

1872 1401 2076 1456 ctionis
2116 1399 2324 1472 cyclus.
2355 1396 2556 1453 Verum
2598 1397 2726 1468 quia
2758 1410 2975 1451 morosa
3012 1408 3096 1451 est
3133 1397 3438 1452 calculandi

1870 1493 2094 1548 minime
2130 1493 2321 1563 peritis
2369 1491 2473 1546 ista
2515 1490 2824 1553 methodus,
2864 1491 3170 1560 excogitata
3212 1497 3295 1545 est
3330 1490 3438 1543 alia

1872 1585 2118 1656 quaedam
2150 1586 2408 1654 apertior,
2455 1592 2512 1638 et
2549 1583 2797 1653 expedita
2831 1597 2955 1636 cum
3005 1581 3194 1652 primis
3234 1582 3303 1637 iis
3343 1581 3436 1653 qui

1872 1680 1954 1734 uti
1981 1695 2044 1735 ea
2073 1678 2346 1734 voluerint
2372 1695 2387 1745 ;
2419 1691 2543 1747 quae
2567 1677 2647 1732 sic
2683 1676 2844 1730 habet
2886 1694 2899 1730 :

284 1765 570 1860 Κράτησον
598 1787 666 1842 τὰ
696 1787 848 1857 ὀλίγα
876 1787 968 1860 ἔτη
991 1805 1005 1819 ο
1040 1787 1195 1856 ὀλίγα
1222 1787 1279 1841 δὲ
1311 1784 1541 1857 λέγομεν
1573 1783 1643 1838 τὰ
1673 1782 1773 1837 κά-

1945 1771 2144 1841 Accipe
2187 1770 2456 1824 minorem
2503 1784 2790 1824 numerum
2833 1782 3140 1832 annorum,
3185 1765 3441 1823 videlicet

215 1880 382 1934 τωθεν
410 1879 518 1935 τῶν
555 1897 614 1933 τε
651 1879 900 1951 χιλιάδων
934 1881 1028 1934 καὶ
1075 1878 1472 1934 ἑκατοντάδων·
1501 1877 1668 1947 ἤγουν
1704 1875 1773 1928 τὰ

217 1973 279 2024 ἐκ
315 1970 554 2041 μονάδων
601 1971 694 2024 καὶ
725 1971 982 2037 δεκάδων,
1017 1970 1051 2041 ἢ
1084 1969 1178 2024 καὶ
1217 1969 1276 2037 ἐξ
1308 1967 1630 2039 ἀμφοτέρων
1651 1982 1775 2019 συν-

218 2062 519 2133 ιστάμενα,
573 2061 730 2117 ἆτινά
781 2063 885 2114 είσι
945 2061 1043 2132 τὴν
1096 2061 1335 2132 σήμερον
1391 2065 1492 2114 πε’,
1555 2057 1776 2120 Τούτοις

219 2152 453 2224 πρόσθες
477 2159 538 2218 ε’,
582 2153 676 2205 καὶ
710 2153 960 2221 ’γίνονται
991 2155 1060 2218 LL'.
1093 2149 1292 2218 Ἀφελε
1321 2148 1429 2202 ἀπὸ
1458 2146 1664 2201 τούτων
1706 2145 1777 2200 τὰ

222 2249 314 2307 ιε’,
343 2243 531 2306 ὁσάκις
568 2242 818 2313 ἐγχωρεῖ,
866 2239 1064 2295 εἰπών’
1113 2233 1596 2302 Πεντεκαιδεκάκις
1624 2238 1694 2292 τὰ
1736 2243 1776 2290 ε’

220 2339 288 2388 οε¹
307 2351 321 2364 ο
352 2333 778 2405 κατελείφθησαν
807 2333 966 2405 μέχρι
985 2332 1092 2386 τῶν
1122 2335 1171 2399 LL'
1199 2331 1293 2386 καὶ
1319 2338 1380 2385 ιε’
1399 2348 1414 2362 ·
1441 2331 1595 2385 ἆτινά
1621 2332 1775 2397 εἰσιν,

220 2428 294 2491 ὡς
326 2427 582 2499 ἀνωτέρω
612 2427 922 2498 δεδήλωται,
974 2426 1002 2478 6
1038 2424 1384 2495 ἐνιστάμενος
1434 2423 1631 2488 κύκλος
1678 2423 1778 2493 τῆς

233 2519 517 2574 Ἰνδίκτου·
553 2521 733 2572 ὅντινα
772 2518 866 2572 καὶ
902 2518 1152 2590 εὑρήσεις
1188 2515 1444 2586 ἀσφαλῶς
1477 2517 1595 2580 ταῖς
1627 2517 1778 2587 είρη-

216 2604 412 2684 ¹μέναις
439 2611 716 2685 χρώμενος
740 2610 965 2678 ἐφόδοις,
992 2607 1227 2680 ὁποτέρᾳ
1261 2605 1443 2678 βούλῃ.

323 2745 468 2814 Περὶ
498 2743 607 2814 τῆς
633 2741 922 2812 εὑρέσεως
950 2739 1055 2796 τοῦ
1088 2740 1316 2794 κύκλου
1343 2736 1449 2792 τοῦ
1476 2737 1674 2806 ἡλίου.

291 2864 366 2916 B'.
400 2863 464 2915 Ὀ
475 2862 534 2916 δέ
576 2878 638 2930 γε
665 2860 757 2916 τοῦ
786 2859 934 2930 ἡλίου
957 2856 1153 2920 κύκλος
1178 2855 1401 2926 ἄρχεται
1432 2852 1531 2924 μὲν
1559 2849 1665 2905 ἀπὸ
1682 2849 1783 2918 τῆς

224 2962 266 3006 α’
290 2954 384 3008 τοῦ
431 2952 756 3026 ’Θκτωϐρίου
799 2951 986 3021 μηνὸς,
1027 2947 1310 3020 ἀνέρχεται
1337 2947 1395 3020 δὲ
1430 2946 1535 3009 ἕως
1561 2944 1784 3016 χρόνους

220 3044 328 3116 κη’,
360 3044 456 3097 καὶ
503 3039 659 3105 αὖθις
699 3041 963 3112 λαμδάνει
1003 3040 1102 3112 τὴν
1133 3039 1326 3110 ἀρχήν.
1373 3037 1437 3090 El
1477 3031 1570 3090 οῦν
1612 3034 1784 3096 θέλεις

1873 1878 1996 1918 eum
2039 1863 2132 1932 qui
2171 1861 2314 1916 infra
2349 1861 2685 1916 millenarios
2707 1868 2762 1916 et
2797 1860 3136 1915 centenarios
3159 1859 3436 1926 excurrit;

1874 1949 1977 2004 hoc
2000 1957 2083 2006 est
2114 1949 2207 2020 qui
2243 1965 2311 2004 ex
2349 1950 2651 2006 unitatibus
2682 1957 2737 2004 et
2761 1949 3075 2010 decadibus,
3113 1949 3199 2004 vel
3227 1965 3292 2004 ex
3317 1965 3439 2004 am-

1873 2039 2048 2094 bobus
2094 2045 2332 2103 constat,
2374 2025 2684 2109 cuiusmodi
2722 2038 2883 2094 hodie
2915 2046 2998 2096 est
3027 2039 3116 2094 85.
3163 2039 3246 2092 Ad
3293 2039 3448 2093 hunc

1875 2131 2012 2187 adde
2053 2131 2087 2185 5
2126 2147 2139 2183 :
2188 2130 2323 2186 ﬁunt
2363 2130 2449 2186 90.
2482 2130 2715 2186 Detrahe
2759 2131 2845 2195 i5,
2890 2131 3070 2202 quoad
3118 2139 3292 2203 potes,
3332 2131 3440 2185 hoc

1875 2223 2038 2278 modo
2087 2240 2102 2276 :
2150 2223 2467 2290 quindecies
2519 2223 2764 2294 quinque
2813 2223 2945 2278 dant
2995 2223 3082 2289 75,
3127 2231 3335 2278 restant
3374 2221 3442 2277 i5

1877 2313 1944 2368 ad
1982 2314 2333 2386 complendos
2373 2312 2462 2368 90.
2510 2313 2610 2370 Hic
2637 2316 2741 2371 erit
2784 2315 2972 2387 cyclus
3004 2329 3250 2384 praesens
3291 2312 3439 2367 Indi-

1877 2407 2075 2462 ctionis
2117 2423 2132 2461 :
2166 2423 2326 2477 quem
2366 2415 2598 2478 utraque
2628 2409 2902 2475 methodo,
2939 2413 3104 2476 prout
3125 2406 3304 2462 visum
3335 2405 3442 2460 erit

1877 2505 2085 2564 exacte,
2121 2500 2384 2570 reperies.

2100 2723 2372 2791 Quomodo
2397 2721 2733 2778 inveniendus
2761 2721 2830 2775 sit
2861 2718 2989 2774 solis
3018 2716 3213 2788 θυείας.

1951 2841 2017 2897 ll.
2055 2840 2256 2913 Cyclus
2305 2838 2438 2895 solis
2489 2853 2519 2892 a
2545 2835 2801 2892 Kalendis
2845 2831 3097 2889 Octobris
3135 2830 3446 2895 inchoatur,

1885 2941 1941 2988 et
1992 2932 2059 2987 ad
2103 2946 2276 2986 annos
2315 2943 2487 2984 xxvm
2537 2926 2900 2998 progreditur,
2940 2922 3085 2978 unde
3127 2935 3321 2977 rursus
3348 2935 3449 2974 no-

1882 3039 2011 3080 vum
2061 3024 2206 3094 capit
2262 3022 2504 3075 initium.
2549 3018 2705 3072 Hunc
2735 3032 2865 3086 ergo
2901 3014 3148 3086 reperire
3182 3014 3229 3068 si
3261 3011 3446 3067 volue-

222 3103 324 3190 και
339 3134 526 3188 τοῦτον
550 3103 744 3205 εὑρεῖν,
773 3103 904 3186 λάϐε
933 3129 1002 3185 τὰ
1037 3103 1145 3184 άπὸ
1174 3103 1406 3191 κτίσεως
1428 3127 1631 3197 κόσμου
1665 3124 1782 3195 ἐτη,

1895 3117 1997 3186 ris,
2029 3115 2214 3186 accipe
2244 3128 2416 3168 annos
2455 3111 2524 3166 ah
2561 3111 2694 3166 orbe
2729 3108 2971 3170 condito,
3013 3115 3067 3162 et
3102 3120 3196 3161 eos
3245 3103 3453 3174 partire

223 3231 319 3282 ⁷καὶ
348 3229 570 3299 μέρισον
612 3225 750 3282 αὐτὰ
783 3224 934 3296 παρὰ
959 3223 1052 3278 τὸν
1077 3221 1306 3296 ἀριθμὸν
1329 3220 1438 3275 τῶν
1467 3217 1655 3273 τούτου
1685 3215 1785 3270 κύ-

222 3322 387 3386 κλων,
437 3321 602 3392 ἤγουν
645 3318 750 3372 τῶν
790 3323 911 3388 κη’·
963 3315 1034 3370 τὰ
1077 3313 1510 3384 καταλειπόμενα
1546 3307 1788 3364 κάτωθεν

227 3414 332 3466 τῶν
395 3419 505 3484 κη’,
553 3411 589 3480 ἢ
644 3411 740 3464 καὶ
785 3409 890 3473 ἓως
950 3405 1162 3472 αὐτῶν,
1217 3404 1363 3458 ἐστιν
1412 3403 1442 3454 6
1488 3401 1582 3456 τοῦ
1637 3398 1788 3470 ἡλίου

226 3505 441 3568 κύκλος.

841 3611 1190 3694 Υπόδειηια.

328 3750 417 3786 ινα
476 3732 534 3785 δὲ
585 3727 861 3786 κάνταῦθα
910 3726 1240 3796 σαφέστερον
1285 3721 1314 3776 ὃ
1354 3721 1499 3790 λέγω
1541 3716 1789 3788 γένηται,

224 3824 491 3894 λαμϐάνω
524 3822 594 3877 τὰ
625 3820 886 3892 εἰρημένα
935 3818 1048 3888 ἐτη
1083 3816 1152 3870 τὰ
1181 3811 1398 3888 ⁴ςωπε⁹ο
1447 3811 1542 3865 καὶ
1590 3805 1793 3881 μερίξω

230 3917 400 3970 ταῦτα
449 3914 599 3986 παρὰ
630 3913 735 3967 τῶν
789 3918 873 3983 κη’
899 3907 1069 3972 οῦτως
1093 3923 1108 3939 ·
1155 3903 1603 3965 Ὀκτωεικοσάκις
1649 3899 1718 3955 τὰ
1749 3905 1793 3953 σ¹

233 4017 320 4080 ,εχ’
343 4025 355 4038 ο
393 3990 818 4068 ὀκτωεικοσάκις
846 4004 914 4057 τὰ
951 4008 1003 4073 μ’
1048 4007 1180 4072 ,αρκν
1199 4014 1214 4028 °
1261 3999 1353 4052 καὶ
1379 3992 1796 4055 ὀκτωεικοσάκις

234 4103 302 4154 τὰ
345 4110 384 4156 ε’
441 4106 562 4173 ρμθ·
610 4098 869 4169 γινόμενα
913 4091 1047 4165 ὁμοῦ
1079 4089 1245 4164 ,ςωξη
1295 4085 1636 4154 Κατελείφθη
1689 4082 1797 4173 ἕως

231 4187 342 4241 τῶν
378 4171 460 4241 πελ
491 4188 583 4242 καὶ
621 4187 714 4260 ἐτη
752 4192 828 4240 κε’
849 4203 862 4214 ·
901 4182 1060 4238 ἅτινά
1092 4183 1227 4234 εἰσιν
1258 4180 1286 4232 6
1329 4176 1472 4232 κατὰ
1515 4175 1576 4228 τὸ
1625 4171 1796 4245 παρὸν

238 4279 353 4342 ἐτος
381 4276 727 4348 ἐνιστάμενος
755 4275 952 4340 κύκλος
977 4272 1075 4328 τοῦ
1099 4271 1255 4345 ἡλίου
1284 4267 1526 4332 εἰκοστὸς
1552 4265 1797 4337 πέμπτος

238 4369 540 4440 τυγχάνων.

1885 3224 1982 3279 per
2028 3207 2133 3272 28,
2183 3204 2276 3276 qui
2338 3211 2423 3260 est
2472 3217 2734 3279 numerus
2786 3199 3064 3270 cyclorum
3137 3195 3450 3276 solarium;

1886 3298 2149 3371 quidquid
2175 3298 2448 3352 relicuum
2471 3295 2574 3351 erit
2595 3308 2706 3349 non
2735 3293 2912 3363 majus
2941 3304 3103 3362 quam
3125 3287 3217 3353 28,
3240 3286 3330 3342 hic
3348 3285 3454 3342 erit

1887 3393 2021 3449 solis
2047 3391 2254 3462 cyclus.

2499 3583 2836 3651 Exemplum.

1959 3696 2032 3754 Ut
2073 3707 2253 3752 autem
2303 3696 2508 3752 clarius
2563 3697 2636 3750 sit
2683 3694 2830 3764 quod
2877 3691 3022 3755 dico,
3075 3703 3234 3746 sumo
3281 3701 3456 3742 annos

1890 3789 2098 3855 mundi,
2130 3804 2268 3860 quos
2293 3786 2429 3853 dixi,
2467 3785 2631 3852 6885,
2674 3799 2879 3854 eosque
2915 3781 3098 3837 divido
3133 3795 3230 3850 per
3248 3779 3320 3834 28
3353 3779 3458 3833 hoc

1892 3882 2056 3937 modo
2111 3899 2126 3936 :
2188 3878 2372 3934 Vicies
2431 3877 2603 3934 octies
2649 3876 2756 3931 200
2811 3874 3020 3929 faciunt
3065 3870 3247 3938 5600;
3288 3869 3458 3926 vicies

1893 3975 2065 4031 octies
2108 3973 2200 4039 40,
2251 3974 2384 4028 dant
2433 3968 2612 4036 H20;
2659 3968 2829 4024 vicies
2871 3967 3042 4021 octies
3081 3965 3116 4019 5
3156 3973 3284 4020 sunt
3331 3961 3458 4018 140.

1897 4065 2120 4122 Summa
2156 4064 2295 4121 6860
2317 4103 2334 4129 ,
2365 4061 2560 4134 reliqui
2594 4067 2723 4116 sunt
2770 4059 2838 4114 ad
2887 4057 3182 4128 explendos
3215 4055 3286 4110 85
3319 4051 3454 4108 anni

1893 4160 1984 4227 25,
2018 4159 2112 4231 qui
2140 4165 2224 4215 est
2246 4156 2375 4212 anni
2403 4153 2689 4228 pmsentis
2717 4151 2913 4208 solaris
2943 4151 3130 4205 cvclus
3156 4147 3247 4203 25.

513 4411 569 4512 δὲ
606 4457 666 4510 οῦ
701 4456 857 4528 μόνον
888 4458 1000 4520 τοῖς
1026 4455 1158 4527 ’ἄρτι
1194 4449 1528 4524 μαθημάτων
1559 4441 1785 4515 ἁπτομέ-

1968 4421 2036 4484 Et
2065 4426 2326 4498 quoniam
2371 4439 2482 4480 non
2531 4422 2706 4477 solum
2739 4417 3026 4490 tyronibus
3055 4414 3191 4470 artis
3231 4411 3464 4480 cujusli-

1902 4525 1916 4528 _
2124 4519 2140 4528 .
2463 4517 2477 4528 ι
2548 4516 2558 4527 ο
2812 4512 2842 4528 ν·
2900 4509 2947 4528 !_
3004 4523 3055 4528 Α-
3110 4503 3463 4528 ---Ρηηοέιι-υ...

241 4573 370 4619 νοις,
401 4551 540 4607 ἀλλὰ
571 4552 665 4604 καὶ
691 4549 901 4612 πολλοῖς
926 4547 1032 4600 τῶν
1064 4542 1447 4614 ἐντελεστέρων
1469 4534 1803 4610 αἱρετώτερα

242 4651 345 4702 εἰσι
381 4646 453 4700 τὰ
503 4643 842 4714 σαφέστερα,
881 4640 957 4704 ὡς
1003 4637 1408 4710 εύληπτότερα·
1454 4628 1802 4696 ὑποδείξομεν

242 4734 520 4792 κάνταῦθα
551 4733 647 4805 τὴν
677 4730 1010 4801 σαφεστέραν
1039 4728 1155 4782 ὁδὸν
1183 4725 1408 4796 ἔχουσαν
1442 4721 1633 4783 οῦτωςο
1677 4718 1805 4779 Τοῖς

237 4830 444 4898 ὀλίγοις
484 4826 680 4889 ἔτεσιν,
723 4821 882 4876 ἅτινά
917 4821 1055 4873 εἰσιν
1101 4817 1223 4890 ἄρτι
1264 4821 1368 4878 πεν,
1406 4809 1805 4898 προστιθέαμεν

247 4922 320 4976 κδ’
339 4896 354 4954 ί
386 4921 482 4975 καὶ
523 4919 758 4987 γίνονται
811 4912 919 4986 ρθ’·
950 4911 1122 4965 ταῦτα
1170 4907 1457 4978 ὑφείλομεν
1501 4899 1653 4972 παρὰ
1697 4896 1806 4952 τῶν

243 5023 332 5087 κη’
353 5056 370 5081 ,
422 5013 701 5081 λέγοντεςο
765 5003 1213 5066 Ὀκτωεικοσάκις
1271 5000 1342 5054 τὰ
1389 5003 1438 5067 γ’
1494 4992 1609 5087 τπδ’-⁸
1677 5008 1810 5044 κατ-

244 5080 569 5176 ελείφθησαν
621 5102 781 5174 μέχρι
828 5098 936 5151 τῶν
985 5096 1061 5169 ρο⁹
1109 5094 1203 5147 καὶ
1260 5097 1336 5146 κε’
1355 5109 1367 5122 ο
1400 5089 1476 5152 ὡς
1535 5080 1675 5140 εἶναι
1717 5082 1807 5136 τὸν

246 5198 592 5270 ἐνιστάμενον
619 5193 816 5250 κύκλον
847 5196 946 5257 κε’,
973 5190 1048 5254 ὼς
1077 5182 1494 5259 προδεδήλωται.

171 5405 180 5422 '-
252 5419 450 5485 ὀπως
477 5416 573 5494 δεῖ
606 5414 914 5494 -ερρίςκειτ
956 5395 1713 5494 deferto?”
1742 5392 1812 5446 ἐν
1841 5431 1843 5433 ι

422 5466 566 5556 Ξτᾶιᾷ
604 5466 730 5540 ard;
754 5479 798 5543 ο
838 5481 949 5551 τῆς
985 5466 1310 5546 ἑϐδομάδος
1333 5466 1635 5540 τυγχάνει.

323 5660 397 5717 Ρ.
435 5662 651 5718 Κείσθω
678 5677 759 5713 σοι
787 5656 845 5710 δέ
883 5655 976 5709 καὶ
1003 5652 1158 5707 τοῦτο
1185 5650 1243 5703 ἐν
1281 5644 1498 5717 γνώσει,
1526 5642 1624 5705 ὼς,
1653 5639 1720 5710 ἥν
1749 5635 1816 5690 ἂν

256 5753 466 5827 ἡμέραν
501 5755 605 5810 τῶν
647 5750 743 5808 τοῦ
772 5751 892 5806 ὂλου
937 5743 1186 5803 ἐνιαυτοῦ
1241 5741 1306 5813 ιβ’
1354 5757 1391 5811 μ

1902 4525 2012 4588 het,
2047 4519 2144 4577 sed
2188 4532 2382 4574 eorum
2425 4516 2701 4587 plerisque
2753 4512 2847 4582 qui
2898 4509 2955 4563 in
2997 4523 3063 4563 ea
3109 4503 3466 4576 perfectiores

1904 4623 2052 4677 sunt,
2101 4611 2430 4683 iucundiora
2488 4609 2666 4664 solent
2707 4619 2831 4661 esse
2879 4615 2998 4672 quae
3047 4605 3177 4655 sunt
3209 4597 3464 4660 clariora,

1905 4708 2050 4780 quod
2082 4705 2304 4762 facilius
2335 4703 2620 4772 capiantur
2652 4718 2667 4754 :
2706 4713 2807 4752 nos
2850 4693 3243 4764 expeditiorem
3274 4703 3469 4760 quam-

1905 4779 2030 4858 dam
2071 4799 2218 4854 viam
2257 4796 2349 4850 hic
2396 4793 2726 4864 aperiemus,
2763 4803 2885 4858 qua:
2915 4794 3000 4842 est
3029 4781 3320 4854 ejusmodi.
3368 4779 3471 4833 Mi-

1904 4890 2026 4946 nori
2066 4901 2334 4943 annorum
2381 4897 2633 4948 numero,
2681 4879 2776 4950 qui
2823 4886 2906 4933 est
2951 4875 3040 4938 85,
3088 4870 3340 4926 addimus
3375 4870 3468 4934 24,

1907 4980 2043 5035 ﬁunt
2071 4977 2172 5032 109
2203 4996 2218 5031 :
2252 4976 2365 5031 hac
2391 4989 2488 5044 per
2506 4971 2576 5025 28
2609 4968 2928 5029 dividimus,
2961 4965 3148 5032 itaque
3174 4960 3474 5014 ratiocina-

1907 5088 2030 5127 mur
2086 5089 2099 5123 :
2144 5069 2313 5125 vicies
2370 5066 2541 5121 octies
2579 5065 2614 5118 5
2664 5069 2793 5118 sunt
2842 5058 2930 5112 84.
2981 5056 3209 5110 Restant
3251 5051 3318 5106 ad
3368 5049 3472 5106 109

1910 5163 2286 5236 complendos,
2339 5159 2433 5227 25,
2477 5159 2572 5230 qui
2621 5163 2707 5212 est
2763 5153 2950 5224 cyclus
2986 5161 3231 5220 praesens
3275 5143 3370 5210 25,
3413 5149 3476 5198 ut

1907 5259 2019 5330 jam
2050 5252 2415 5312 ostendimus.

1913 5372 2078 5445 208
2105 5369 2224 5436 Qua
2261 5366 2467 5445 ratione
2505 5341 3477 5445 propositagquagisutnﬁttfjg-agfﬁitg

1985 5414 2518 5509 Ξῗὲῗὶῦρὶιῖνξὲάὶὶιί
2571 5414 2729 5502 quam
2783 5414 2838 5480 in
2902 5417 3239 5477 hebdomadis
3291 5414 3481 5482 feriam

1984 5626 2072 5681 Ill.
2108 5622 2336 5679 Noveris
2356 5627 2739 5691 quamcunque
2766 5609 2907 5666 diem
2939 5606 2997 5660 in
3025 5597 3314 5657 duodecim
3351 5591 3483 5647 anni
3556 5679 3570 5692 Α

1648 5690 1785 5801 ελὴσ

1920 5719 2200 5779 mensibus
2241 5690 2500 5771 accurate
2526 5710 2650 5782 quis
2684 5714 3018 5776 cognoscere
3043 5694 3196 5758 velit,
3239 5690 3296 5746 in
3323 5698 3487 5763 quam
