3948 6264
540 326 677 382 1519

1560 325 1648 379 AD
1689 325 1957 381 EUSEBII
2000 325 2394 383 CHRONICON
2443 324 2805 381 APPENDIX.

3617 330 3728 388 l5”

537 442 891 499 hebdomadis
939 441 1129 498 feriam
1183 443 1405 505 incidat,
1453 444 1519 498 ad
1569 446 1671 499 hoc
1719 447 2101 500 extricandnm

2204 464 2286 510 τις
2325 446 2567 517 ἀκριϐῶς
2612 446 2808 500 εἰδέναι
2849 446 2906 498 ὲν
2939 444 3068 516 ποία
3109 444 3218 497 τῶν
3269 446 3312 509 ζ’
3343 446 3436 517 τῆς
3481 447 3728 518 ἑϐδομάδος

537 535 799 589 utendum
835 534 910 588 illi
953 550 1076 590 esse
1122 537 1277 606 cyclo
1323 537 1476 599 solis,
1512 546 1565 592 et
1602 540 2034 610 congruentibus
2061 543 2109 596 ei

537 629 781 688 bisextis.
841 644 1052 683 necnon
1099 631 1304 698 epactis
1355 631 1641 685 mensium.
1691 632 1985 688 Sciendum
2027 642 2110 689 est

513 710 703 788 ‘igitnr
738 717 1018 774 bisextiles
1054 721 1108 774 in
1153 737 1261 776 uno
1307 722 1460 791 cyclo
1509 724 1641 778 solis
1689 741 1810 780 esse
1855 734 2107 794 septem;

537 824 662 862 nam
701 818 894 879 quater
933 820 1156 881 septena
1187 811 1390 865 faciunt
1419 813 1508 866 28.
1545 812 1756 867 Etenim
1798 815 1852 870 in
1880 831 2024 868 anno
2058 832 2112 868 tv

537 897 652 952 dies
699 915 843 955 unus
890 903 1166 971 colligitur
1209 921 1221 955 :
1259 918 1420 971 porro
1456 904 1729 957 mensium
1777 913 2002 973 epactae,
2063 905 2110 962 si

537 991 730 1047 diebus
776 1001 1027 1048 constent
1076 1011 1226 1057 χχχι,
1283 1006 1409 1048 sunt
1459 996 1538 1059 5;
1598 995 1680 1049 sin
1744 1012 1849 1049 xxx
1899 1004 2110 1050 tantum

537 1085 793 1146 habeant,
825 1095 952 1138 sunt
975 1086 1029 1138 2.
1061 1084 1334 1155 Incipiunt;
1365 1095 1547 1141 autem
1591 1089 1657 1141 ab
1681 1085 1930 1154 Octobri,
1966 1088 2112 1142 unde

537 1183 592 1232 ει
649 1179 835 1248 cyclus
895 1179 1026 1232 solis
1081 1179 1392 1233 inchoatur.
1444 1178 1613 1248 Igitur
1664 1191 1887 1250 cpactas
1947 1183 2112 1236 habet

538 1267 775 1323 October
802 1270 853 1332 5,
886 1268 1192 1324 November
1222 1270 1276 1335 2,
1315 1270 1616 1325 December
1637 1272 1691 1335 '5,
1725 1271 2018 1328 Januarius
2053 1275 2106 1335 5.

538 1359 768 1414 Martius
796 1363 849 1424 5,
882 1361 1082 1430 Aprilis
1112 1361 1168 1422 2,
1212 1361 1387 1417 Maius
1435 1364 1488 1427 5,
1535 1363 1731 1418 Junius
1761 1363 1816 1426 2,
1849 1363 2024 1419 Julius
2054 1365 2108 1429 3,

535 1452 816 1523 Augustus
862 1453 987 1507 item
1037 1454 1090 1515 5,
1132 1444 1448 1523 September
1489 1455 1545 1508 2.
1589 1453 1875 1524 Proposita
1927 1456 2111 1526 itaque

538 1544 784 1614 qualibet
835 1544 1040 1598 mensis
1092 1542 1214 1607 die,
1273 1561 1433 1614 quam
1484 1545 1730 1601 invenire
1782 1547 1958 1617 placet
2008 1548 2103 1619 (sit

535 1643 714 1690 autem
745 1635 974 1704 exempli
999 1636 1171 1705 gratia
1193 1653 1316 1689 xxix
1348 1635 1527 1690 Martii
1553 1637 1668 1694 dies
1691 1638 1854 1707 hujus
1879 1640 2029 1702 anni,
2054 1641 2109 1695 in

535 1742 698 1796 quam
723 1726 1162 1780 Christianorum
1193 1727 1597 1782 sanctissimum
1621 1727 1827 1782 Pascha
1859 1730 2103 1802 incidet),

536 1817 603 1871 ad
636 1817 782 1870 hunc
805 1817 1024 1870 modum
1050 1817 1352 1871 invenietur
1375 1835 1388 1871 :

2212 537 2435 609 ἡμερῶν
2487 537 2763 608 τυγχάνει,
2817 535 2898 608 τῷ
2946 534 3040 588 τοῦ
3088 534 3236 605 ἡλίου
3290 535 3468 607 κύκλῳ
3519 541 3603 592 καὶ
3641 546 3729 605 1oz;

2212 629 2495 700 ἑπομένοις
2532 631 2678 700 αὑτῷ
2717 628 2996 699 βισέξτοις,
3030 629 3110 682 ἔτι
3147 629 3204 682 δὲ
3243 630 3334 681 καὶ
3365 632 3477 694 ταῖς
3508 633 3728 698 ὲπακταϊς

2210 721 2319 774 τῶν
2356 721 2540 792 μηνῶν
2571 721 2704 793 πρὸς
2736 719 2834 791 τὴν
2864 721 3066 792 ταύτης
3112 719 3326 790 ε’ὑρεσιν
3370 723 3630 792 χρήσεται.
3660 725 3729 775 Διὸ

2210 812 2500 881 γινώσκειν
2533 829 2591 864 σε
2625 812 2752 883 χρὴ,
2800 812 2876 875 ώς
2922 812 3140 882 βίσεξτα
3171 813 3271 883 μὲν
3304 812 3344 842 ¹¹
3375 813 3460 865 τὸν
3482 811 3564 865 τοῦ
3609 814 3726 883 ἡλίου

2211 908 2408 961 κύκλον
2455 908 2588 960 είσὶν
2621 908 2664 972 ζ’
2685 924 2699 938 ο
2745 907 2996 978 τετράκις
3042 907 3150 978 γάρ
3195 905 3265 958 τά
3296 906 3338 969 ζ’
3367 911 3479 974 κη’·
3509 907 3635 959 κατὰ
3664 925 3730 959 τε·

2208 996 2406 1068 τάρτου
2449 996 2556 1067 γάρ
2586 995 2779 1066 χρόνου
2818 997 3104 1064 συνάγεται
3135 996 3192 1048 ’ἐν
3211 1012 3224 1024 ⁸
3267 997 3322 1047 αί
3371 994 3426 1046 δὲ
3457 994 3555 1046 τῶν
3582 997 3730 1065 μηνιὶν

2211 1087 2444 1140 ἐπακταὶ
2482 1087 2589 1139 τῶν
2642 1087 2738 1158 μὲν
2775 1087 3003 1156 ἐχόντων
3056 1086 3158 1141 ἀνὰ
3208 1085 3286 1139 λα’
3317 1085 3520 1157 ἡμέρας
3563 1089 3652 1140 εἰσὶ
3675 1096 3728 1156 γ’,

2210 1180 2317 1234 τῶν
2362 1180 2417 1233 δὲ
2465 1179 2569 1234 ἀνά
2602 1178 2644 1233 λ’
2696 1177 2758 1250 β’.
2799 1181 3088 1250 Ἀρχονται
3126 1178 3255 1248 γοῦν
3289 1179 3397 1231 ἀπὸ
3437 1179 3525 1230 τοῦ
3566 1179 3730 1233 Ὀκτω-

2211 1271 2362 1342 ϐρίου
2405 1271 2592 1343 μηνὸς,
2622 1271 2713 1341 ἀφ’
2747 1267 2806 1325 οὗ
2851 1273 2943 1325 καὶ
2991 1273 3018 1323 ὁ
3063 1270 3155 1324 τοῦ
3201 1270 3350 1341 ἡλίου
3386 1268 3569 1331 κύκλος
3603 1271 3731 1339 ἄρχε-

2208 1383 2318 1418 ται.
2349 1366 2455 1419 Καί
2488 1367 2592 1419 εἰσι
2631 1365 2724 1420 τοῦ
2768 1365 3097 1436 Ὀκτωϐρίου
3132 1370 3201 1432 γ’,
3233 1362 3326 1415 τοῦ
3377 1362 3652 1432 Νοεμϐρίου
3679 1363 3730 1432 β’,

2208 1457 2302 1511 τοῦ
2332 1458 2665 1528 Δεκεμϐρίου
2695 1465 2763 1528 γ’,
2793 1457 2886 1511 τοῦ
2933 1457 3259 1528 Ἰανουαρίου
3289 1463 3360 1523 γ’,
3396 1454 3484 1507 τοῦ
3529 1455 3731 1524 Μαρτίου

2210 1556 2282 1618 γ’,
2309 1549 2403 1603 τοῦ
2450 1551 2724 1623 Ἀπριλίου
2757 1549 2822 1622 β’,
2851 1548 2944 1603 τοῦ
2989 1551 3165 1605 Μαΐου
3200 1555 3268 1618 γ’,
3303 1547 3395 1601 τοῦ
3453 1547 3642 1601 Ἰουνίου
3679 1547 3731 1616 β’,

2208 1641 2302 1694 τοῦ
2347 1641 2566 1696 Ἰουλίου
2603 1649 2674 1710 γ’,
2704 1641 2799 1694 καὶ
2829 1639 2921 1692 τοῦ
2965 1638 3274 1708 Αὐγούστου
3313 1646 3384 1706 γ’,
3419 1639 3508 1692 καὶ
3541 1639 3621 1690 τοῦ
3661 1640 3732 1691 Σε-

2208 1733 2508 1805 πτεμϐρίου
2527 1731 2591 1803 β’.
2612 1734 2673 1786 Εἰ
2701 1730 2794 1786 οὖν
2832 1731 3006 1802 βούλει
3031 1732 3418 1802 ὁποιανδήποτε
3451 1729 3603 1802 μηνὸς
3625 1731 3732 1800 ἠμέ-

2140 1813 2185 1870 Β
2215 1843 2313 1895 ραν
2343 1825 2522 1896 εὑρεῖν
2575 1824 2796 1895 (κείσθω
2840 1824 2896 1877 δὲ
2944 1824 3102 1894 χάριν
3130 1823 3516 1892 ὑποδείγματος
3552 1824 3581 1892 ἡ
3621 1822 3733 1874 κατὰ

533 1913 596 1966 τὸ
638 1911 987 1984 ἐνιστάμενον
1022 1912 1116 1966 νῦν
1147 1912 1265 1977 ἔτος
1306 1912 1386 1967 κθ’
1418 1913 1511 1967 τοῦ
1553 1915 1797 1987 Μαρτίου
1829 1915 2016 1988 μηνὸς,
2048 1920 2107 1973 ὲν
2142 1913 2298 1994 ᾖκαὶ
2325 1922 2385 1975 τὸ
2423 1921 2574 1991 ἆγιον
2619 1921 2773 1993 ἡμῶν
2825 1920 2930 1974 τῶν
2975 1918 3314 1992 Χριστιανῶν
3355 1918 3538 1988 Πάσχα
3584 1915 3730 1988 ἔσται)

535 2006 887 2080 εὑρεθήσεται
919 2005 1111 2070 οὓτως·

601 2099 767 2154 Sume
798 2099 1064 2153 labentem
1093 2098 1227 2154 solis
1255 2101 1488 2170 cyclum,
1531 2101 1622 2172 qui
1650 2109 1733 2157 est
1753 2104 1844 2168 25,
1881 2120 2108 2175 ejusque

535 2192 818 2247 bisextiles
847 2190 880 2244 6
911 2209 924 2257 ;
958 2206 1083 2244 nam
1111 2201 1303 2260 quater
1345 2208 1442 2246 sex
1472 2193 1712 2248 elliciunt
1739 2195 1830 2249 24.
1869 2195 2107 2251 Summae

535 2283 780 2338 omnium
829 2284 890 2337 51
949 2282 1090 2338 adde
1136 2284 1403 2339 mensium
1443 2294 1686 2356 epactas,
1727 2303 1918 2358 nempe
1947 2285 2111 2343 Octo-

533 2374 670 2438 bris,
710 2374 1054 2441 Novembris,
1087 2375 1398 2431 Decembris
1441 2384 1494 2430 et
1524 2376 1775 2432 Januarii
1807 2397 1821 2445 ;
1855 2379 1975 2435 dies
2003 2397 2109 2434 un-

535 2468 733 2529 decim,
779 2467 913 2521 ﬁunt
947 2467 1039 2521 42.
1102 2467 1350 2536 Adjunge
1399 2466 1579 2522 Martii
1622 2470 1693 2524 29
1761 2471 1899 2538 dies,
1953 2473 2113 2541 cujus

535 2559 723 2614 feriam
750 2559 1000 2628 inquiris,
1033 2559 1328 2613 coniiciunt
1365 2559 1450 2624 7|,
1481 2575 1602 2630 quae
1624 2577 1720 2631 per
1760 2563 1790 2614 7
1818 2563 2112 2617 hebdoma-

533 2656 620 2711 dis
668 2656 869 2726 partire
909 2655 1026 2710 dies
1069 2655 1122 2708 in
1177 2656 1320 2710 hunc
1369 2658 1589 2711 modum
1629 2673 1642 2707 :
1679 2656 1868 2712 Decies
1913 2656 1944 2709 7
1985 2662 2113 2711 sunt

533 2747 643 2815 70;
679 2755 850 2803 restat
880 2747 931 2809 Ι,
956 2762 1075 2816 quae
1099 2755 1183 2801 est
1217 2746 1577 2802 hebdomadis
1611 2747 1784 2816 prima
1818 2746 1970 2808 feria,
1999 2746 2112 2800 sive

533 2839 854 2904 Dominica,
902 2839 954 2892 in
999 2854 1162 2908 quam
1219 2838 1395 2892 Martii
1443 2837 1532 2900 29,
1585 2853 1746 2907 quam
1792 2841 2108 2908 quaerimus,

533 2931 748 2986 incidit.
781 2930 940 2995 Quod
977 2930 1021 2983 si
1056 2931 1110 2982 in
1167 2930 1270 2982 alia
1316 2931 1614 2999 qua-stione
1655 2929 2100 2998 eollectioneque,

534 3030 660 3094 post
711 3023 1037 3077 divisionem
1073 3037 1168 3092 per
1197 3023 1252 3085 7,
1283 3021 1409 3085 duo,
1440 3030 1619 3076 tresve
1664 3022 1801 3082 dies,
1835 3029 1928 3074 aut
1971 3035 2101 3090 qua-

2281 2108 2426 2162 Λάϐε
2479 2126 2567 2179 μοι
2617 2108 2708 2162 τὸν
2739 2107 3084 2177 ἐνιστάμενον
3134 2105 3335 2159 κύκλον
3381 2103 3470 2156 τοῦ
3507 2104 3640 2174 ἡλίου
3672 2102 3731 2156 κε’

2212 2197 2566 2268 τυγχάνοντα,
2597 2197 2690 2251 καὶ
2721 2196 2789 2250 τά
2833 2195 3020 2248 τούτου
3053 2195 3308 2265 τέταρτα,
3343 2193 3502 2262 ἡγουν
3533 2190 3730 2260 βίσεξτα,

2212 2290 2370 2344 ἆτινά
2403 2291 2540 2344 εἰσιν
2572 2297 2645 2354 ς’.
2693 2289 2958 2360 Τετράκις
2991 2286 3100 2358 γὰρ
3141 2284 3194 2351 ς’
3224 2283 3324 2340 κδ’.
3371 2282 3579 2345 Τούτοις
3602 2281 3729 2349 γεγό-

2213 2399 2367 2435 νασιν
2391 2384 2433 2414 ¹¹
2465 2383 2544 2436 λα’
2577 2381 2812 2453 πρόσθες
2844 2381 2942 2444 τάς
2968 2379 3077 2432 τῶν
3103 2377 3286 2450 μηνῶν
3321 2374 3573 2436 ὲπακτάς,
3599 2374 3731 2444 ήγουν

2211 2472 2304 2527 τοῦ
2364 2472 2710 2544 Ὀκτωϐρίου,
2759 2468 3089 2542 Νοεμϐρίου,
3139 2467 3472 2538 Δεκεμϐρίου
3515 2465 3599 2518 καὶ
3653 2465 3731 2516 'la-

2210 2564 2460 2636 νουαρίου
2503 2565 2712 2635 ἡμέρας
2755 2570 2820 2616 ια’
2844 2581 2860 2597 ο
2894 2562 3002 2616 ἰδοὺ
3046 2563 3152 2633 μβ’.
3185 2559 3424 2622 Ταύταις
3463 2555 3728 2621 έπισύναξον

2213 2656 2306 2710 καὶ
2341 2656 2438 2719 τὰς
2466 2654 2559 2707 τοῦ
2596 2655 2840 2726 Μαρτίου
2876 2653 2957 2706 κθ⁹
2978 2671 2990 2681 ·
3027 2651 3210 2723 ἐπειδὴ
3251 2650 3351 2722 τὴν
3382 2648 3460 2702 κθ⁹
3487 2645 3629 2700 αὑτοῦ
3653 2645 3728 2718 ζη-

2211 2751 2323 2810 τεῖς
2367 2747 2556 2818 μαθεῖν
2587 2750 2644 2800 ὲν
2680 2748 2808 2818 ποίᾳ
2835 2746 2934 2816 τῆς
2959 2744 3247 2816 ἑϐδομάδος
3274 2745 3457 2816 ἡμέρα
3484 2743 3724 2812 τυγχάνει·

2213 2840 2306 2892 καὶ
2343 2838 2449 2890 ἰδοὺ
2495 2838 2783 2907 γεγόνασιν
2825 2843 2924 2889 oa'.
2972 2835 3188 2898 Ταύτας
3221 2834 3437 2904 ὕφει).ον
3469 2834 3551 2886 ὲπὶ
3575 2832 3662 2883 τῶν
3693 2828 3717 2892 ζ

2208 2931 2306 3001 τῆς
2359 2929 2650 3001 ἑϐδομάδος
2696 2929 2944 3001 ἡμερῶν,
2985 2927 3183 2982 εἰπών·
3236 2927 3468 2990 Δεκάκις
3511 2925 3568 2978 τὰ
3599 2924 3634 2986 ζ’
3668 2930 3723 2975 ο”

2210 3022 2536 3093 κατελείφθη
2567 3022 2659 3075 καὶ
2699 3022 2813 3092 μία,
2842 3023 2964 3092 ἡτις
3000 3021 3116 3074 ἐστὶ
3146 3019 3339 3092 πρώτη
3366 3020 3461 3090 τῆς
3487 3015 3724 3087 ἑϐδομάδος

535 3123 659 3168 tuor
694 3115 889 3182 reliqui
938 3113 1067 3175 sint,
1107 3128 1169 3166 ac
1202 3113 1456 3181 deinceps
1499 3129 1670 3182 usque
1708 3113 1772 3166 ad
1805 3114 1854 3175 7,
1885 3114 2102 3167 contin-

2208 3115 2391 3188 ἡμέρα
2440 3115 2753 3186 ἡΚυριακὴ
2801 3115 2834 3184 ἡ
2883 3112 3188 3184 ζητουμένη
3228 3106 3365 3164 οὖσα
3398 3109 3486 3162 τού
3528 3107 3724 3175 Μαρτίου

534 3213 660 3274 gent
686 3207 944 3260 nimirum
971 3213 1178 3260 caetera!
1212 3205 1563 3260 hebdomadis
1597 3221 1659 3260 ex
1693 3206 1884 3260 ordine
1933 3205 2098 3260 ferite.

534 3296 649 3352 lloc
693 3296 737 3352 si
796 3297 850 3350 in
899 3298 1181 3352 mensibus
1233 3297 1489 3352 omnibus
1553 3297 1776 3360 feceris,
1835 3306 1945 3352 tam
2008 3300 2102 3370 qui

533 3387 789 3444 Martium
837 3391 1188 3452 antecedunt,
1240 3406 1404 3460 quam
1439 3391 1531 3461 qui
1585 3401 1927 3462 sequuntur;
1978 3408 2100 3447 cer-

531 3481 744 3536 tissime
813 3497 877 3535 ac
949 3483 1068 3537 sine
1123 3497 1308 3537 errore
1375 3484 1678 3553 comperies
1727 3484 2104 3556 cujuscunque

531 3574 757 3629 libuerit
799 3575 907 3630 diei
963 3575 1151 3630 feriam
1200 3576 1254 3629 in
1299 3575 1566 3630 duodenis
1619 3577 1747 3630 anni
1797 3576 2098 3632 mensibus.

530 3665 704 3721 Porro
747 3665 1079 3722 Februarius
1121 3668 1258 3722 nihil
1303 3683 1532 3738 prorsus
1589 3669 1644 3722 in
1699 3673 2099 3726 menstruarum

529 3769 843 3832 epactarum
873 3760 1159 3815 ratiocinia
1197 3760 1431 3814 confert.
1465 3759 1562 3815 Est
1589 3761 1733 3814 enim
1763 3760 2099 3826 deminutus,

530 3867 595 3907 ac
623 3853 815 3908 diebus
851 3860 1058 3906 tantum
1094 3859 1308 3907 constat
1336 3860 1462 3907 octo
1493 3860 1548 3907 et
1577 3852 1786 3923 viginti.
1820 3852 1884 3907 Et
1910 3868 2102 3922 quam-

530 3942 615 3997 vis
658 3943 714 3996 in
763 3957 908 3996 anno
960 3942 1199 3996 bisextili
1250 3959 1381 3996 χχιχ
1442 3943 1661 4006 habeat,
1725 3958 1834 3997 uno
1893 3943 2101 3998 scilicet

530 4035 716 4089 addito
757 4035 889 4101 die;
951 4034 1040 4088 hic
1085 4033 1339 4088 videlicet
1399 4035 1488 4089 ille
1535 4035 1653 4090 dies
1689 4042 1794 4098 est,
1839 4036 1930 4104 qui
1977 4041 2100 4104 post

530 4142 706 4182 annos
735 4142 787 4180 tv
824 4126 878 4179 in
909 4128 1064 4197 cyclo
1094 4127 1229 4181 solis
1268 4127 1478 4180 accedit
1508 4141 1651 4182 anno
1679 4127 1938 4182 bisextili.
1973 4127 2100 4182 Ideo

529 4219 614 4274 bis
649 4220 925 4273 numerari
964 4234 1072 4273 non
1099 4219 1282 4274 debet.
1308 4217 1618 4284 Quinetiam
1652 4219 1707 4272 in
1736 4218 2099 4288 computanda

531 4311 660 4364 feria
708 4326 817 4364 non
868 4319 996 4366 ante
1042 4310 1292 4380 procedit
1332 4311 1386 4364 in
1441 4324 1732 4375 summam,
1778 4324 1940 4379 quam
1994 4309 2097 4364 Fe-

527 4399 783 4454 bruarius
834 4401 1081 4465 desierit,
1125 4401 1227 4455 hoc
1267 4407 1350 4454 est
1381 4399 1448 4454 ab
1493 4400 1714 4456 ineunte
1762 4399 1985 4462 Martio,
2035 4415 2100 4454 ac

527 4492 803 4562 deinceps.

526 4684 699 4755 ἀρχῆς
735 4683 826 4736 τοῦ
859 4685 1104 4756 Μαρτίου
1139 4684 1234 4736 κοιῖ⁹
1261 4683 1587 4754 ἔμπροσθεν.

738 4802 809 4856 οε
843 4804 1044 4857 ratione
1078 4805 1212 4874 cycli
1250 4803 1451 4857 lunaris
1485 4803 1856 4874 investigandi.

590 4913 680 4970 IV.
745 4915 942 4986 Cyclus
994 4917 1193 4971 lunaaa
1240 4916 1495 4971 Kalendis
1550 4915 1825 4972 Januariis
1874 4915 2088 4987 incipit,

523 5015 684 5075 atque
728 5007 796 5060 ad
846 5023 1018 5064 annos
1063 5025 1156 5062 XIX
1207 5007 1506 5078 perductus
1548 5024 1751 5062 novum
1811 5007 1957 5076 capit
1997 5022 2092 5062 ex-

519 5100 756 5154 ordium.
791 5097 946 5152 Ilunc
967 5115 1097 5172 ergo
1114 5100 1353 5169 reperire
1374 5099 1421 5153 si
1446 5099 1549 5163 vis,
1575 5115 1843 5154 annorum
1873 5099 1941 5152 ab
1962 5097 2093 5151 orbe

519 5191 740 5246 condito
779 5207 1049 5245 summam
1099 5192 1303 5262 partire
1354 5208 1451 5262 per
1493 5207 1782 5246 numerum
1824 5191 1962 5261 cycli
2010 5190 2093 5243 lu-

518 5286 691 5348 naris,
731 5284 784 5337 id
835 5292 921 5338 est
969 5301 1084 5351 nx,
1127 5285 1418 5354 reliquum,
1457 5285 1602 5355 quod
1655 5291 1740 5338 est
1782 5283 1924 5337 infra
1968 5299 2084 5346 XIX,

517 5384 611 5428 aut
646 5391 736 5429 χιχ
767 5374 892 5444 ipsi,
920 5380 1107 5447 cyclus
1147 5384 1230 5432 est
1260 5377 1437 5432 iniens
1465 5377 1623 5430 lunaz.
1665 5375 1952 5441 Quaeratur
1984 5375 2088 5428 hoc

517 5480 658 5520 anno
682 5467 822 5522 6885
841 5469 984 5521 lunae
1007 5469 1212 5539 cyclus,
1241 5469 1346 5524 hoc
1384 5469 1544 5523 modo
1581 5467 2032 5522 ratiocinabimur
2064 5485 2078 5521 :

516 5547 712 5606 Novies
758 5568 820 5606 ac
863 5554 1046 5610 decies
1084 5557 1445 5626 multiplicata
1498 5557 1601 5611 500
1657 5555 1866 5611 faciunt
1917 5555 2076 5610 5700.

2207 3209 2308 3262 κθ’.
2342 3209 2404 3260 El
2433 3207 2489 3260 δὲ
2537 3206 2716 3278 συμϐῇ
2758 3207 2816 3258 ὲν
2853 3202 2983 3276 ἄλλῃ
3011 3203 3236 3275 τοιαύτῃ
3275 3203 3494 3273 ζητήσει
3527 3200 3610 3252 καὶ
3632 3201 3725 3249 ὲπι·

2206 3301 2491 3370 συναγωγῇ
2539 3298 2676 3370 μετὰ
2710 3298 2800 3350 τὸν
2841 3295 2884 3361 ζ’
2915 3296 3174 3366 ὑφειλμὸν
3207 3292 3611 3363 καταλειφθῆναι
3637 3290 3724 3349 δύο,

2202 3391 2236 3464 ἡ
2263 3391 2409 3464 τρία,
2441 3392 2473 3463 ἢ
2506 3392 2571 3456 δ’,
2613 3391 2708 3445 καὶ
2751 3389 2986 3460 καθεξῆς
3019 3389 3178 3460 μέχρι
3206 3389 3316 3442 τῶν
3353 3389 3417 3452 ζ’,
3448 3387 3633 3438 ἔσονται
3656 3381 3725 3449 δη-

2201 3483 2372 3538 λονότι
2422 3484 2563 3538 κατὰ
2601 3483 2753 3549 τάξιν
2781 3485 2836 3536 αἱ
2865 3483 3048 3536 λοιπαὶ
3079 3482 3178 3550 τῆς
3219 3479 3507 3551 ἑϐδομάδος
3541 3475 3723 3547 ἡμέραι.

2201 3577 2305 3630 Τὸν
2331 3577 2512 3646 ὅμοιον
2556 3571 2648 3629 οὑν
2692 3575 2858 3628 ποιῶν
2885 3575 3086 3647 τρόπον
3119 3574 3215 3627 καὶ
3255 3575 3339 3636 εἰς
3378 3572 3497 3634 τοὺς
3525 3568 3617 3640 πρὸ
3651 3565 3724 3618 τοῦ

2199 3668 2445 3740 Μαρτίου
2490 3667 2684 3740 μῆνας,
2735 3669 2827 3721 καὶ
2869 3655 2958 3732 εἰς’
2995 3669 3122 3732 τοὺς
3166 3669 3282 3738 μετ’
3320 3667 3477 3720 αὑτὸν
3504 3665 3724 3722 ἅπαντας.

2201 3759 2457 3830 ἀσφαλῶς
2484 3761 2577 3812 καὶ
2605 3758 2915 3822 ἀπταίστως
2957 3758 3211 3830 εὑρήσεις
3238 3757 3306 3826 ἢν
3345 3755 3410 3809 ἂν
3439 3753 3724 3822 ἐπιζητήσῃς

2201 3853 2411 3925 ἡμέραν
2460 3851 2569 3905 τῶν
2615 3850 2710 3904 τοῦ
2761 3850 2880 3902 ὅλου
2919 3848 3165 3904 ἐνιαυτοῦ
3216 3847 3423 3920 μηνῶν.
3483 3847 3537 3898 '0
3577 3841 3724 3913 μέντοι

2199 3943 2558 4016 Φεϐρουάριος
2584 3942 2644 3996 οὑ
2675 3941 3017 4013 συνεισφέρει
3041 3959 3094 3994 τι
3127 3941 3263 4005 ὅλως
3288 3943 3348 3994 ὲν
3391 3941 3505 4000 ταῖς
3543 3931 3725 4006 είρημέ-

2200 4039 2316 4100 ναῖς
2345 4037 2608 4100 ὲπακταῖς
2637 4035 2745 4088 τῶν
2782 4034 2986 4106 μηνῶν.
3025 4033 3433 4104 Ἠλαττωμένος
3465 4030 3563 4100 γάρ
3588 4029 3720 4083 ἐστιν,

2201 4136 2286 4200 κη’
2320 4130 2414 4183 καὶ
2445 4128 2608 4200 μόνας
2633 4128 2844 4201 ἡμέρας
2870 4127 3025 4198 ἔχων.
3067 4127 3130 4180 Εἰ
3158 4126 3215 4180 δὲ
3236 4127 3330 4179 καὶ
3355 4123 3580 4196 βισέξτου
3603 4115 3722 4176 ὄντος

2201 4220 2282 4273 κθ⁹
2328 4221 2758 4291 προστιθεμένης
2804 4219 2952 4291 αὑτῷ
3002 4222 3131 4290 μιᾶς
3164 4219 3409 4290 ἡμέρας’
3466 4210 3572 4264 ἀλλ’
3611 4205 3720 4273 αὕτη

2201 4311 2347 4364 ἐστὶν
2382 4313 2414 4381 ἡ
2443 4311 2584 4364 κατὰ
2615 4311 2656 4362 δ’
2695 4310 2919 4382 χρόνους
2949 4305 3344 4381 προστιθεμένη
3379 4305 3434 4356 ἐν
3477 4299 3548 4371 τῷ
3575 4297 3722 4362 κύκλῳ

2201 4402 2293 4456 τοῦ
2326 4403 2507 4474 illi”!
2539 4401 2779 4473 βισέξτου
2828 4402 2978 4466 ὅνίτος
2999 4417 3012 4430 ”
3053 4402 3146 4454 καὶ
3183 4398 3268 4451 διὰ
3302 4395 3454 4450 τοῦτο
3480 4394 3570 4446 οὑκ
3609 4387 3720 4442 ἐνδέ-

2203 4511 2354 4563 χεται
2402 4495 2778 4565 δισσευθῆναιο
2811 4495 2932 4564 ἥτις
2960 4493 3077 4546 οὐδὲ
3123 4490 3323 4560 ὀφείλει
3361 4484 3647 4554 εἰσάγεσθαι
3677 4482 3721 4530 ἐν

525 4588 604 4659 τῷ
639 4589 682 4620 ¹⁸
715 4587 896 4658 πούτῳ
933 4587 1360 4659 ἡμεροευρεσίῳ,
1393 4587 1698 4657 ἀρξαμένου
1727 4586 1820 4640 τοῦ
1847 4587 2086 4658 βισέξτου
2122 4589 2338 4660 χρόνου,
2406 4592 2473 4661 ἡν
2522 4591 2595 4662 μὴ
2634 4590 2875 4663 παρέλθῃ
2921 4592 2950 4644 ὁ
2997 4587 3389 4662 Φεϐρουάριος,
3441 4584 3592 4654 ἤγουν
3646 4571 3719 4628 ἀπ’

2124 4809 2169 4864 ι)
2199 4803 2388 4867 Ὅπως
2433 4800 2529 4854 δεῖ
2567 4801 2872 4868 εὑρίσκειν
2911 4797 3020 4850 τὸν
3065 4795 3294 4849 κύκλον
3332 4791 3439 4860 τῆς
3468 4786 3714 4852 σελήνης.

2263 4918 2334 4968 Δν.
2387 4915 2444 4968 '0
2478 4914 2576 4984 τῆς
2613 4913 2842 4982 σελήνης
2880 4910 3076 4972 κύκλος
3104 4909 3325 4978 ἄρχεται
3367 4905 3460 4976 μὲν
3506 4902 3601 4956 ἀπὸ
3639 4899 3714 4968 τῆς

2194 5007 2416 5080 πρώτης
2446 5005 2536 5060 τοῦ
2579 5004 2903 5075 Ἰανουαρίου
2955 5002 3142 5073 μηνὸς,
3183 5001 3460 5072 ἀνέρχεται
3503 4995 3554 5047 δὲ
3585 4992 3712 5063 μέχρι

2194 5100 2398 5170 χρόνων
2430 5099 2514 5160 ιθν,
2565 5098 2658 5150 καὶ
2695 5097 2857 5149 πάλιν
2885 5095 3147 5165 λαμϐάνει
3187 5093 3377 5167 ᾀρχὴν.
3415 5091 3472 5143 El
3507 5083 3592 5141 οὖν
3616 5081 3712 5154 βού-

2193 5190 2274 5242 λει
2322 5189 2415 5244 καὶ
2457 5189 2642 5242 τοῦτον
2691 5191 2888 5261 εὑρεῖν,
2940 5186 3156 5255 ὑφειλον
3208 5184 3356 5255 παρὰ
3403 5183 3488 5234 τὸν
3520 5175 3711 5249 ἀριθμὸν

2194 5280 2355 5333 αὑτοῦ
2391 5280 2799 5350 κύκλουιαὺτῆς,
2830 5281 2993 5350 ἤγουν
3027 5277 3133 5330 τῶν
3170 5277 3254 5339 ιϐ’,
3290 5275 3355 5328 τά
3400 5273 3500 5327 ἀπὸ
3521 5269 3708 5325 κτίσεως

2193 5373 2397 5444 κόσμου
2433 5373 2527 5443 έτη
2551 5389 2565 5402 ο
2593 5374 2688 5427 καὶ
2726 5371 2797 5424 τά
2830 5370 3252 5439 καταλειφθέντα
3283 5366 3349 5420 τά
3374 5362 3594 5419 κάτωθεν
3621 5355 3705 5408 τῶν

2191 5465 2278 5526 ιο’,
2311 5465 2343 5536 ἢ
2379 5466 2471 5518 καὶ
2505 5466 2697 5536 μέχρις
2728 5464 2925 5528 αὐτῶν,
2957 5463 3190 5534 ὑπάρχει
3219 5463 3247 5515 ό
3284 5456 3605 5526 ἐνιστάμενος
3630 5445 3703 5536 κάξ

2188 5534 2448 5628 κλοςὝτῆς
2497 5534 2745 5629 ἀελὴνης.
2782 5557 2961 5610 Ἔστω
3007 5555 3069 5626 δὴ
3102 5553 3280 5626 ζητεῖν
3331 5552 3469 5622 ἡμᾶς
3509 5534 3699 5599 κατὰτὸ

587 5701 630 5732 ¹¹
665 5700 815 5758 Deest
846 5704 1003 5760 κατά.
1081 5709 1124 5739 ¹⁹
1157 5707 1281 5762 Cor.
1314 5711 1613 5776 γεγονόσιν.
1689 5709 1731 5742 ¹³
1759 5710 1838 5763 Ah
1871 5725 1965 5776 pro
1999 5709 2312 5781 κομπούτῳ.
