3948 6264
273 372 395 428 1521

1448 366 1665 426 ιδΑΑει
1708 369 2013 427 MONACIII
2049 341 2437 432 coiremus.

3341 389 3364 443 1
3375 385 3478 446 522

270 490 435 558 παρὸν
463 493 648 559 ,ς-ωπέ
681 487 796 552 ἔτος
839 489 928 541 τὸν
960 487 1155 543 κύκλον
1189 491 1354 560 αὐτῆς
1373 506 1385 520 ο
1435 492 1528 543 καὶ
1559 491 1788 562 λέγομεν
1808 509 1822 524 ο

1935 495 2058 552 Item
2091 495 2338 566 sexagies
2363 493 2736 550 novemdecim
2783 497 2914 552 dant
2945 498 3113 569 114ος
3138 500 3224 557 bis
3251 517 3478 560 novem-

283 580 772 642 Ἐννεακαιδεκάκις
801 579 869 632 τὰ
904 587 948 634 τ’
981 579 1106 649 led,"
1161 581 1624 645 ὲννεακαιδεκάκις
1665 583 1734 635 τὰ
1776 582 1818 648 ξ’

273 674 434 737 Ιιιιρμ⁰·
474 667 566 720 καλ
593 668 1060 732 ὲννεακαιδεκάκις
1091 668 1158 721 τὰ
1189 669 1230 738 β’
1257 669 1369 738 λη’·
1408 671 1664 740 γινόμενα
1687 671 1820 740 ὁμοῦ

270 764 464 828 ,ς-ωοηκ
506 758 946 828 Κατελείφθησαν
978 759 1135 829 μέχρι
1172 759 1279 812 τῶν
1310 766 1390 812 πε⁹
1421 762 1514 812 καὶ
1547 760 1588 824 ζ’
1616 777 1630 791 ⁸
1667 760 1824 815 ἅτινά

271 849 398 898 εἰσιν
420 848 762 917 ἐνιστάμενος
787 849 885 918 τῆς
918 847 1144 918 σελήνης
1163 848 1359 912 κύκλος
1387 849 1430 913 ζ’
1458 848 1551 903 ὢν.
1593 851 1701 903 Καὶ
1736 849 1824 904 διὰ

269 938 363 1007 τῆς
414 937 578 1008 ἄλλης
632 939 851 1009 μεθόδου
904 941 1156 1012 εὑρήσεις
1203 939 1390 993 τοῦτον
1445 942 1818 1013 ἀπονωτέρως.

270 1031 391 1093 Τοῖς
454 1031 760 1101 εἰρημένοις
809 1030 1008 1099 ὀλίγοις
1060 1031 1266 1095 ἐτεσιν,
1322 1031 1486 1100 ἤγουν
1545 1036 1654 1096 τοῖς
1715 1041 1820 1098 πε’,

1927 589 2124 653 decim,
2157 589 2246 643 58.
2284 585 2622 656 Colliguntur
2655 588 2782 642 anni
2809 589 2969 646 6878.
3006 592 3206 650 Desunt
3231 596 3299 650 ad
3329 612 3479 653 coms

1929 677 2154 748 plcndos
2185 677 2276 741 85,
2319 679 2447 731 anni
2489 677 2538 744 7,
2581 679 2674 748 qui
2716 686 2800 734 est
2827 686 3110 748 praesentis
3157 687 3286 740 anni
3322 687 3481 741 luna-

1927 770 2006 825 ris
2051 771 2256 842 cyclus.
2309 768 2464 825 Licet
2509 770 2611 826 hoc
2647 781 2702 826 et
2745 773 2848 826 alia
2887 775 3139 831 methodo
3181 780 3480 848 periclitari

1926 860 2134 930 majore
2173 862 2513 929 compendio.
2557 861 2836 918 Annorum
2869 865 3062 920 minori
3098 884 3344 934 numero,
3377 871 3482 928 hoc

1927 958 2013 1004 est
2062 951 2150 1015 85,
2196 951 2372 1021 adjice
2407 951 2496 1016 17,
2541 953 2678 1006 ﬁunt
2715 953 2838 1008 102.
2882 954 2956 1012 Ea
2984 958 3029 1013 si
3071 974 3166 1028 per
3195 959 3262 1014 19
3292 961 3481 1016 distri-

1927 1040 2083 1106 buas,
2115 1042 2492 1112 relinquentur
2517 1042 2568 1107 7,
2598 1043 2783 1100 itidem
2823 1057 2882 1101 ut
2909 1049 2962 1102 in
2999 1049 3179 1118 priore
3203 1052 3480 1106 methodo.

269 1118 500 1190 πρόσθες
528 1122 620 1172 καὶ
651 1119 735 1184 ιζ’,
769 1121 862 1172 καὶ
890 1120 1124 1187 γίνονται
1157 1119 1258 1190 ρ6’.
1299 1119 1481 1173 Ταῦτα
1548 1123 1595 1175 εί
1659 1123 1895 1192 ὑφείλεις
1930 1130 2081 1202 παρὰ
2122 1131 2213 1186 τὸν
2268 1133 2354 1197 ιθ’,
2400 1132 2919 1207 καταλειφθήσονται
2973 1137 3036 1202 ζ’.
3108 1140 3482 1211 Ἀναφαίνεται

269 1210 394 1279 γοῦν
425 1212 519 1266 καὶ
551 1211 721 1274 οὑτως
749 1211 794 1275 ζ’
820 1213 1119 1282 τυγχάνων.

351 1302 669 1373 ’Λπορήσειε
697 1303 741 1356 δ’
757 1305 820 1358 ἄν
836 1321 918 1366 τις
933 1304 1041 1357 τῶν
1067 1303 1202 1373 μετά
1228 1303 1468 1373 σκέψεως
1490 1308 1609 1368 ταῖς
1625 1307 1827 1384 παρού·

269 1409 387 1456 σαις
406 1394 644 1464 μεθόδοις
669 1395 1117 1465 ἐντυγχανόντων,
1133 1395 1249 1459 πῶς
1266 1397 1322 1448 ἐν
1337 1399 1401 1465 τῇ
1419 1397 1644 1468 δευτέρα
1658 1397 1827 1470 ταύτῃ

272 1484 475 1556 μεθόδῳ
499 1485 858 1555 προστίθεμεν
887 1487 944 1539 ἐν
968 1485 1064 1556 μὲν
1097 1486 1174 1556 τῷ
1196 1487 1292 1557 τῆς
1317 1488 1540 1540 ίνδίκτου
1567 1489 1749 1560 κύκλῳ
1763 1495 1823 1554 ε’,

268 1577 326 1628 ὲν
363 1575 419 1628 δὲ
458 1574 536 1646 τῷ
561 1575 654 1628 τοῦ
685 1575 832 1646 ἡλίου
876 1575 977 1636 κδ’,
1010 1577 1102 1629 καὶ
1130 1577 1189 1627 ἐν
1217 1577 1293 1646 τῷ
1325 1578 1422 1646 τῆς
1449 1577 1676 1648 σελήνης
1705 1578 1783 1643 κζ’
1807 1595 1822 1610 ⁶

266 1665 360 1719 καὶ
384 1669 432 1718 εί
458 1666 693 1734 ἀσφαλές
715 1668 861 1720 ἐστιν
896 1669 982 1721 ἀεὶ
1010 1667 1384 1740 προσχρῆσθαι
1411 1673 1530 1731 ταῖς
1553 1669 1826 1734 τοιαύταις

2017 1306 2292 1366 Dubitabit
2333 1312 2561 1369 forsitan
2601 1315 2798 1387 aliquis
2843 1318 2935 1388 qui
2974 1321 3136 1390 paulo
3175 1329 3484 1384 accuratius

1932 1400 1989 1454 in
2036 1401 2136 1456 has
2173 1403 2455 1460 methodos
2493 1407 2733 1462 animum
2772 1409 3083 1478 intenderit,
3130 1429 3227 1469 cur
3279 1416 3334 1471 in
3382 1419 3486 1474 hac

1931 1494 2252 1562 posteriore,
2313 1508 2438 1548 cum
2491 1497 2702 1566 cyclum
2759 1498 3073 1557 indictionis
3132 1503 3482 1574 inquirimus,

1931 1581 2202 1636 addantur
2228 1583 2294 1650 5';
2335 1584 2390 1637 in
2424 1587 2575 1655 cyclo
2600 1588 2731 1644 solis
2755 1589 2860 1658 24;
2891 1591 2946 1645 in
2976 1592 3149 1646 lunari
3175 1595 3242 1648 27
3274 1614 3289 1662 ;
3324 1607 3487 1668 atque

1931 1681 2113 1727 utrum
2165 1685 2424 1745 perpetuo
2479 1678 2785 1737 additiones
2849 1682 2965 1737 istae
3021 1682 3284 1744 faciendae
3351 1691 3483 1744 sint.

267 1758 620 1830 προσθήκαις.
652 1760 794 1831 Πρὸς
825 1759 918 1822 οὓς
944 1759 1193 1830 ἐροῦμεν,
1223 1761 1298 1824 ὡς
1333 1762 1432 1814 οὑκ
1456 1762 1542 1815 ἀεὶ
1569 1755 1726 1815 αὗται
1764 1762 1827 1816 τὸ

1935 1762 2345 1834 Respondemus
2378 1784 2484 1823 non
2526 1785 2620 1825 eas
2661 1786 2876 1842 semper
2911 1775 3058 1831 tutas
3097 1791 3239 1844 esse,
3286 1779 3380 1834 sed
3417 1780 3486 1835 ad

269 1851 480 1922 βέϐαιον
507 1852 738 1922 ἔχουσιν,
783 1851 918 1906 ἀλλὰ
956 1851 1146 1922 μέχρις
1188 1852 1308 1904 ὅλου
1354 1851 1446 1904 τοῦ
1490 1851 1831 1921 ὲνενηκοστοῦ

1937 1870 2136 1910 annum
2176 1859 2552 1914 tantummodo
2592 1861 2695 1916 900
2736 1864 3027 1933 expletum,
3057 1876 3181 1936 post
3202 1884 3326 1924 eum
3358 1887 3488 1926 vero

267 1943 360 1996 καὶ
394 1944 552 2013 μόνου
595 1943 743 2007 ἔτους
768 1959 780 1972 ⁸
815 1942 952 2011 μετὰ
995 1943 1052 1996 δὲ
1091 1943 1267 2006 τοῦτο,
1301 1943 1466 2014 ἄλλης
1515 1943 1829 2016 ἀρξαμένης

269 2037 786 2108 ἑκατονταετηρίδος,
824 2036 978 2090 ἄλλαι
1008 2038 1100 2089 καὶ
1140 2037 1446 2108 προσθῆκαι
1476 2038 1831 2110 παραληφθή-

271 2145 486 2184 σονται·
547 2131 728 2201 ἤγουν
758 2131 814 2182 ὲν
883 2129 979 2200 μὲν
1014 2128 1092 2200 τῷ
1135 2130 1234 2198 τῆς
1287 2131 1515 2184 ίνδίκτου
1562 2129 1744 2202 κύκλῳ
1796 2131 1829 2202 ἢ

266 2220 437 2284 οὐδὲν,
481 2221 515 2292 ἢ
550 2228 628 2288 ιε’,
669 2223 727 2274 ὲν
765 2219 821 2272 δὲ
855 2218 932 2290 τῷ
976 2219 1069 2273 τοῦ
1103 2218 1254 2289 ἡλίου
1298 2219 1384 2283 ιϐ’,
1421 2223 1479 2274 ὲν
1521 2220 1578 2273 δὲ
1619 2221 1697 2291 τῷ
1736 2220 1833 2290 τῆς

270 2311 498 2382 σελήνης
524 2317 593 2380 γ’.
622 2311 805 2374 Οὕτως
831 2305 922 2364 οὖν
945 2309 1106 2363 πάλιν
1129 2311 1440 2375 ἀπταίστως
1465 2313 1498 2382 ή
1527 2311 1634 2364 τῶν
1661 2311 1834 2365 τοιού-

266 2417 373 2454 των
418 2402 748 2474 προϐήσεται
780 2400 992 2456 κύκλων
1037 2401 1268 2473 εὕρεσις.
1303 2400 1553 2466 Πλείονος
1579 2403 1634 2455 δὲ
1671 2403 1833 2456 ἕνεκα

268 2492 520 2560 γνώσεως
545 2494 636 2547 καὶ
666 2493 755 2546 τὸν
778 2494 979 2547 τούτων
1011 2493 1166 2563 λόγον
1197 2495 1532 2566 ἀποκαλύψω
1579 2511 1682 2557 σοι,
1713 2496 1832 2557 ταῖς

269 2587 481 2651 πολλοῖς
525 2587 656 2650 ἴσως
701 2587 773 2657 μὴ
818 2585 1235 2657 γινωσκόμενον.
1287 2588 1554 2658 Ἐκάστης
1582 2587 1698 2651 οῖας
1742 2587 1835 2658 δή·-

268 2695 398 2732 ποτε
427 2678 808 2749 πληρουμένης
830 2678 1354 2750 ὲκατονταετηρίδος,
1398 2681 1520 2733 ὅσον
1565 2678 1631 2732 ἂν
1667 2677 1834 2750 εὕρῃς

269 2771 328 2822 ὲν
355 2768 432 2839 τῷ
463 2769 776 2840 τελευταίῳ,
811 2769 977 2840 ἤγουν
1005 2769 1080 2838 τῷ
1138 2775 1181 2839 ρ’
1227 2767 1428 2840 ταύτης
1477 2769 1607 2831 ἔτει,
1647 2768 1738 2822 τόν
1775 2785 1835 2822 τε

267 2859 466 2912 κύκλον
515 2857 608 2913 τοῦ
656 2860 804 2930 ἡλίου
855 2860 949 2913 καὶ
993 2863 1092 2930 τῆς
1138 2860 1384 2930 σελήνης,
1421 2859 1516 2912 καὶ
1559 2859 1658 2928 τῆς
1709 2858 1835 2913 ἰνδί-

267 2969 420 3016 κτου,
451 2953 620 3021 αὐτὴν
642 2952 841 3022 ταύτην
863 2952 960 3022 τὴν
993 2951 1220 3004 ἑκάστου
1249 2950 1519 3021 ποσότητα
1549 2949 1637 3020 ἔχε
1668 2965 1837 3018 προσ-

268 3044 444 3116 θήκην
477 3047 556 3108 εἰς
581 3044 650 3098 τὰ
683 3044 838 3112 ὀλίγα
868 3043 962 3114 ἐτη
992 3044 1092 3114 τῆς
1119 3043 1424 3115 ἀρχομένης
1451 3044 1837 3114 ἑκατονταετη-

270 3133 445 3204 ρίδος·
504 3134 599 3187 καὶ
659 3133 912 3206 εὑρήσεις
972 3131 1037 3184 δι’
1090 3132 1324 3200 ἑκάστης
1379 3128 1697 3201 προσθήκης
1747 3128 1837 3182 τὸν

1929 1948 2069 2002 alius
2100 1965 2360 2006 numerus
2403 1953 2684 2009 addendus
2718 1955 2844 2020 erit,
2884 1957 3030 2011 velut
3067 1960 3136 2014 ad
3177 1962 3487 2019 indictionis

1929 2040 2140 2110 cyclum
2167 2043 2254 2105 l5,
2280 2044 2364 2097 vel
2401 2043 2453 2106 0,
2504 2044 2573 2099 ad
2617 2047 2851 2102 solarem
2903 2050 2991 2115 12,
3027 2051 3096 2106 ad
3139 2053 3382 2110 lunarem
3430 2058 3484 2121 '5,

1929 2145 2161 2199 quorum
2203 2147 2303 2201 ope
2354 2134 2492 2204 cycli
2538 2149 2729 2192 omnes
2785 2137 2880 2193 isti
2915 2140 3032 2196 sine
3062 2157 3249 2198 errore
3293 2161 3488 2216 prove-

1931 2219 2100 2273 nient.
2147 2218 2253 2275 Sed
2288 2222 2557 2278 uberioris
2596 2223 2860 2281 doctrinae
2897 2241 3062 2284 causa
3103 2230 3265 2300 hujus
3288 2234 3486 2297 rei,tibi

1932 2313 2197 2368 rationem
2257 2316 2571 2385 explicabo,
2622 2333 2785 2389 quam
2842 2335 2953 2377 non
3013 2323 3171 2379 multi
3234 2325 3487 2384 fortassis

1932 2403 2261 2475 intelligunt.
2311 2405 2572 2464 Vertente
2615 2410 2858 2481 quolibet
2926 2417 3277 2481 centenario,
3329 2420 3491 2488 quid-

1932 2495 2062 2565 quid
2097 2496 2151 2549 in
2184 2499 2480 2554 centesimo
2513 2515 2656 2554 anno
2683 2501 2950 2571 reliquum
2979 2513 3062 2560 est
3093 2505 3160 2562 de
3184 2507 3490 2564 ratiuncula

1934 2585 2088 2652 solis,
2131 2587 2272 2643 lunae
2317 2589 2400 2644 vel
2444 2591 2780 2660 indictionis,
2832 2593 2995 2663 hujus
3033 2613 3320 2653 numerum
3351 2599 3490 2655 adde

1933 2691 2148 2748 semper
2200 2681 2510 2734 excurrenti
2575 2697 2739 2752 supra
2791 2685 3068 2741 ineuntem
3116 2690 3490 2744 centenarium

1934 2769 2131 2824 minori
2169 2785 2432 2838 summae;
2483 2779 2544 2826 ut
2581 2788 2679 2843 per
2724 2774 3018 2844 cujuslibet
3070 2779 3286 2849 generis
3338 2781 3492 2850 adje-

1934 2860 2173 2915 ctionem
2216 2871 2605 2932 congruentem
2633 2864 2834 2924 habeas
2861 2869 3094 2939 cyelum,
3140 2878 3200 2924 ut
3241 2873 3492 2941 superius

1935 2950 2273 3006 ostendimus
2305 2969 2318 3005 :
2352 2951 2456 3006 hoc
2481 2960 2566 3008 est
2593 2955 2829 3011 solarem
2859 2958 3044 3013 addito
3075 2960 3206 3014 solis
3232 2967 3491 3032 proprio;

1936 3039 2181 3094 lunarem
2213 3040 2400 3096 addito
2429 3042 2607 3097 lunari
2632 3062 2647 3108 ;
2683 3053 2736 3100 et
2760 3045 3188 3122 indictionalem,
3213 3067 3280 3107 ex
3308 3068 3374 3108 eo
3399 3053 3492 3124 qui

1936 3129 2254 3187 indictionis
2280 3132 2534 3202 proprius
2564 3141 2668 3190 est.

267 3229 462 3282 οἰκεῖον
515 3227 718 3300 ἑκάστῃ
781 3225 1009 3291 κύκλον,
1062 3224 1138 3288 ὡς
1192 3223 1448 3295 ἀνωτέρω
1503 3223 1794 3294 δεδήλωται
1830 3239 1846 3253 ο
1887 3224 2054 3293 ήγουν
2106 3227 2174 3296 τῇ
2219 3224 2314 3278 τοῦ
2357 3223 2508 3296 ἡλίου
2544 3225 2637 3281 τὸν
2663 3225 2756 3281 τοῦ
2799 3229 2971 3300 ήλίου,
3011 3233 3076 3302 τῇ
3123 3232 3224 3304 τῆς
3271 3232 3495 3306 σελήνης

266 3315 357 3370 τὸν
378 3317 479 3388 τῆς
514 3317 763 3388 σελήνης,
803 3317 897 3370 καὶ
934 3319 999 3387 τῇ
1037 3316 1136 3385 τῆς
1191 3316 1422 3370 ίνδίκτου
1474 3315 1566 3368 τὸν
1609 3317 1708 3386 τῆς
1756 3313 2002 3368 ίνδίκτου.

304 3429 508 3496 ὀπως
564 3429 660 3483 δεῖ
701 3429 1012 3498 εὑρίσκειν
1054 3427 1162 3480 τὸν·
1208 3425 1481 3498 θεμέλιον⁹
1525 3425 1636 3493 τῆς
1692 3439 1796 3478 σε·
1858 3430 1900 3486 C

937 3496 1154 3566 λήνης.

335 3611 413 3666 E'.
451 3609 555 3663 Τὸν
578 3608 635 3662 δέ
663 3627 726 3677 γε
753 3608 996 3680 θεμέλιον
1026 3607 1124 3678 τῆς
1151 3606 1374 3676 σελήνης
1399 3604 1507 3658 ἴσθι
1535 3603 1832 3675 ἀρχόμενον

267 3702 374 3756 ἀπὺ
407 3701 513 3771 τῆς
549 3706 595 3754 α’
626 3700 720 3754 τού
761 3698 1084 3770 Ἰανουαρίου
1107 3715 1119 3728 ·
1172 3697 1263 3767 ἀφ’
1292 3691 1352 3751 οὗ
1397 3695 1637 3767 δηλονότι
1685 3695 1779 3748 καὶ
1805 3695 1833 3746 ό

265 3795 472 3867 ταύτης
508 3793 708 3857 κύκλος
740 3792 836 3864 τὴν
883 3790 1057 3863 ἀρχὴν
1096 3788 1386 3860 λαμϐάνει.
1420 3787 1483 3840 Ei
1517 3780 1607 3838 οὖν
1656 3782 1832 3855 βούλει

266 3888 358 3942 καὶ
405 3885 598 3939 τοῦτον
646 3885 948 3957 εὑρίσκειν,
984 3877 1439 3942 ἑνδεκαπλασίαζε
1489 3877 1579 3930 τὸν
1622 3877 1832 3930 ἐνιστά-

270 3994 429 4048 μενον
480 3976 676 4031 κύκλον
722 3977 817 4030 καὶ
861 3974 939 4045 τῷ
989 3974 1096 4027 ἀπὸ
1142 3971 1235 4025 τοῦ
1291 3965 1830 4038 ἑνδεκαπλασιασμοῦ

265 4070 535 4140 γινομένῳ
558 4067 776 4139 ἀριθμῷ
805 4065 1082 4137 προστίθει
1105 4069 1153 4133 γ’
1173 4081 1186 4094 ·
1214 4063 1306 4115 καὶ
1329 4060 1418 4114 τὸν
1449 4059 1830 4130 συναγόμενον,

267 4162 315 4212 εί
344 4162 446 4233 μὲν
477 4159 721 4214 κάτωθέν
756 4161 871 4210 ἐστι
902 4155 1011 4209 τῶν
1051 4154 1117 4218 λ’,
1141 4153 1303 4208 αὑτὸν
1345 4154 1550 4205 ἐκεῖνον
1578 4148 1716 4205 εἶναι
1744 4150 1829 4219 γί-

266 4267 442 4304 νωσκε
481 4250 573 4302 τὸν
613 4247 857 4317 θεμέλιον
879 4261 893 4276 °
928 4247 978 4298 εἰ
1021 4245 1065 4298 δ’
1093 4241 1337 4313 ὑπερϐῇ,
1375 4241 1565 4303 ὁσάκις
1600 4240 1835 4310 ἐγχωρεῖ

265 4342 355 4395 τὸν
399 4342 448 4395 λ’
480 4341 682 4394 τούτων
712 4337 959 4408 ἀφελὼν,
1009 4336 1071 4390 τὸ
1118 4332 1576 4403 καταλειπόμενόν
1621 4333 1768 4385 ἐστιν
1801 4330 1830 4382 ό

269 4433 536 4505 θεμέλιος.
577 4430 688 4494 Τὰς
725 4430 904 4501 μέντοι
941 4429 1109 4499 τρεῖς,
1139 4425 1206 4488 ἀς
1237 4424 1447 4494 ἔφημεν
1483 4421 1831 4495 προστιθέναι

264 4522 343 4594 τῷ
365 4523 462 4576 τοῦ
503 4517 1037 4589 ἐνδεκαπλασιασμοῦ
1069 4514 1312 4587 ἀριθμῷ,
1351 4512 1677 4585 προσθήσεις
1705 4511 1826 4566 καθ’

266 4611 492 4666 ἕκαστον
539 4610 780 4666 ἐνιαυτὸν
823 4609 1015 4680 μέχρις
1053 4606 1176 4660 ὅλου
1231 4602 1327 4658 τοῦ
1374 4610 1449 4669 ις’
1492 4602 1690 4655 κύκλου
1732 4604 1831 4674 τῆς

269 4701 496 4774 σελήνης
516 4718 530 4733 ο
562 4703 619 4756 ἐν
647 4700 702 4754 δέ
731 4717 794 4769 γε
820 4702 932 4762 τοῖς
954 4698 1156 4760 λοιποῖς
1174 4695 1341 4768 τρισὶ,
1369 4692 1444 4764 τῷ
1479 4693 1540 4756 ιζ’
1569 4691 1828 4762 δηλονότι,

2180 3426 2452 3495 Quomodo
2499 3430 2636 3486 lunae
2673 3433 2831 3488 radix
2860 3435 3242 3507 investiganda.

2003 3599 2068 3654 V.
2090 3601 2380 3660 Sciendum
2409 3615 2493 3663 est
2524 3609 2763 3665 radicem
2794 3612 2937 3667 lunae
2964 3627 2994 3667 a
3025 3611 3280 3670 Kalendis
3301 3612 3499 3671 Janua-

1933 3690 2032 3746 riis
2047 3692 2339 3763 auspicari,
2365 3698 2607 3768 aquibus
2624 3700 2770 3756 illius
2796 3703 2986 3772 cyclus
3016 3703 3226 3774 incipit.
3242 3703 3412 3770 Quam
3438 3715 3498 3760 ut

1933 3780 2212 3848 invenias,
2250 3785 2359 3842 duc
2390 3789 2662 3846 ineuntem
2700 3792 2842 3848 lunae
2891 3794 3100 3865 cyclum
3143 3794 3200 3848 in
3258 3811 3334 3860 χι,
3385 3800 3499 3852 θοις

1932 3874 2128 3930 lectam
2154 3891 2423 3932 summam
2451 3894 2586 3950 auge
2606 3881 2641 3934 3
2673 3881 2870 3939 additis
2893 3899 2908 3948 ;
2957 3883 3218 3952 quidquid
3246 3887 3495 3951 exsistet,

1931 3965 1988 4019 id
2025 3966 2073 4021 si
2103 3966 2283 4023 minus
2323 3976 2408 4024 est
2431 3970 2519 4034 '50,
2551 3971 2708 4027 radix
2740 3981 2824 4027 est
2867 3973 3008 4028 lunae
3048 3975 3132 4030 :si
3163 3977 3340 4046 majus
3380 3987 3498 4042 est,

1931 4054 2000 4111 de
2033 4071 2098 4112 eo
2126 4058 2307 4126 quoad
2339 4059 2524 4114 licebit
2551 4061 2777 4117 detrahe
2805 4062 2895 4130 50,
2916 4065 3197 4120 residuum
3231 4076 3316 4122 est
3346 4069 3502 4122 radix

1933 4147 2094 4202 lunae.
2133 4149 2307 4204 Porro
2337 4153 2640 4206 ternarium
2692 4153 2880 4217 illum,
2935 4171 3096 4225 quem
3141 4158 3501 4228 multiplicato

1931 4253 2029 4308 per
2061 4256 2117 4294 ιι
2160 4256 2392 4297 numero
2430 4245 2736 4300 addendum
2779 4262 2902 4302 esse
2931 4246 3240 4314 docuimus,
3279 4249 3503 4319 adjicie-

1932 4344 2055 4385 mus
2096 4331 2152 4386 in
2179 4347 2324 4388 anno
2365 4335 2562 4404 quovis
2601 4351 2772 4405 usque
2810 4337 2876 4391 ad
2919 4345 3216 4393 Vertentem
3258 4338 3325 4393 16
3360 4341 3502 4394 lunae

1933 4422 2186 4492 cyclum;
2230 4423 2284 4478 in
2335 4426 2564 4496 reliquis
2596 4427 2794 4492 tribus,
2828 4435 2887 4481 ut
2921 4427 2976 4482 in
3008 4429 3098 4493 17,
3135 4430 3224 4496 18,
3271 4431 3359 4494 19,
3402 4447 3502 4500 pro

1933 4512 2110 4568 tribus
2152 4514 2321 4570 addes
2348 4515 2404 4570 4.
2450 4515 2541 4570 Sic
2592 4517 2736 4572 enim
2783 4519 2992 4588 absque
3025 4535 3212 4576 errore
3257 4521 3501 4577 lunarem

1933 4603 2174 4659 radicem
2214 4606 2485 4662 invenies.
2514 4606 2681 4664 Potes
2717 4611 3051 4678 expeditiore
3073 4611 3327 4668 methodo
3355 4628 3502 4668 eam-

1934 4693 2057 4750 dem
2093 4695 2174 4751 sic
2209 4696 2553 4766 investigare.
2587 4699 2668 4753 Ad
2705 4715 2991 4755 numerum
3038 4702 3505 4764 radiciscurren-

271 4791 342 4859 τῷ
373 4761 594 4864 indixit).
623 4792 701 4862 τῷ
724 4761 809 4854 ιθ’,
835 4761 959 4844 ἀντὶ
987 4789 1094 4842 τῶν
1131 4795 1180 4858 γ’
1207 4761 1557 4858 ⁷’προσθήσεις
1585 4761 1630 4836 δ’
1648 4801 1662 4814 ’
1693 4782 1831 4836 οὕτω

1938 4784 2011 4838 tis
2039 4785 2178 4840 adde
2206 4802 2282 4840 ιι.
2304 4787 2360 4841 Si
2393 4761 2606 4843 summa
2628 4799 2846 4859 superet
2868 4807 2999 4854 xxx,
3023 4792 3255 4862 demptis
3285 4792 3501 4856 iisdem,

271 4879 377 4952 γάρ
410 4900 490 4939 σοι
511 4883 822 4946 ἀπταίστως
842 4885 876 4952 ἡ
905 4880 995 4934 τοῦ
1024 4879 1274 4950 θεμελίου
1297 4879 1467 4948 αὐτῆς
1497 4876 1830 4948 προϐήσεται

270 4968 502 5041 εὕρεσις.
544 4973 652 5026 Καὶ
701 4971 871 5034 οὕτως
902 4968 1260 5039 ἀπονωτέρως
1304 4967 1554 5038 εὑρήσεις
1602 4965 1694 5018 τὸν
1731 4965 1832 5034 τῆς

271 5059 498 5132 σελήνης
556 5062 823 5134 θεμέλιον.
899 5059 990 5130 Τῷ
1064 5057 1158 5110 τοῦ
1217 5055 1508 5119 ἐνεστῶτος
1576 5053 1827 5124 θεμελίου

1940 4877 2209 4947 reliquum
2265 4880 2493 4935 sumito.
2551 4879 2608 4935 Si
2658 4881 2839 4936 minor
2889 4889 2974 4937 est
3021 4899 3300 4949 numerus,
3359 4883 3505 4938 hunc

1939 4967 2119 5039 ipsum
2161 4986 2263 5041 pro
2293 4973 2480 5028 radice
2523 4973 2730 5044 capies.
2757 4975 2895 5031 Cum
2930 4983 3112 5032 autem
3147 4992 3279 5032 xxix
3313 4991 3507 5032 occur-

1935 5059 2028 5123 rit,
2061 5060 2305 5117 addenda
2342 5074 2471 5126 sunt
2507 5080 2607 5120 xu.

271 5147 484 5224 ἀριθμῷ
513 5152 788 5225 προστίθει
808 5159 895 5205 ια’.
920 5152 1031 5204 Καὶ
1060 5152 1108 5202 εἰ
1136 5148 1232 5218 μὲν
1257 5147 1422 5200 πλείω
1449 5147 1556 5208 τῶν
1579 5145 1622 5199 λ’
1645 5144 1820 5216 ἀναϐῇ
1859 5147 1887 5200 ὁ
1920 5150 2171 5222 ἀριθμὸς,
2193 5155 2261 5209 τὰ
2289 5156 2331 5208 λ’
2389 5144 2638 5228 ἐμϐαλὼν
2664 5157 2729 5221 ¹⁸,
2779 5158 2848 5212 τὰ
2879 5156 3315 5231 καταλειπόμενα
3375 5155 3483 5229 κρά

270 5243 468 5295 ret-st
495 5245 552 5295 δὲ
576 5246 818 5302 κάτωθεν
846 5244 1034 5299 τούτου
1069 5243 1233 5306 ἐστὶν,
1266 5239 1427 5294 αὑτὸν
1473 5240 1677 5292 ἐκεῖνον
1705 5234 1844 5292 εἶναι
1905 5245 2140 5311 γίνωσκε
2207 5249 2298 5304 τὸν
2339 5249 2606 5320 θεμέλιον.
2648 5251 2735 5303 Ἐν
2764 5249 2944 5320 μέντοι
2979 5249 3056 5321 τῷ
3089 5252 3191 5315 κθ’,
3228 5250 3293 5304 ιϐ’
3335 5248 3415 5302 δεῖ
3448 5262 3506 5328 σε

272 5337 604 5408 προσθεῖναι.

273 5446 459 5515 Ὅπως
489 5451 792 5519 εὑρίσκειν
829 5452 925 5507 δεῖ
950 5453 1158 5588 iam)?
1183 5447 1414 5519 ἡμερῶν
1453 5449 1625 5502 ἐστιν
1656 5449 1694 5518 ἡ
1721 5464 1830 5503 σε·

1041 5539 1141 5588 νη.

956 5539 996 5575 .ι
1126 5558 1141 5573 .

343 5615 430 5681 ς’.
456 5613 566 5677 Τὰς
585 5613 794 5684 ἡμέρας
822 5613 878 5666 δὲ
903 5539 1136 5677 τάςῗτῗδ
1159 5613 1462 5683 γεννήσεως
1489 5610 1660 5685 αὐτῆς
1692 5609 1834 5666 οὑτω

339 5768 380 5798 ⁸⁸
482 5767 743 5824 ἐκϐαλών.

575 5864 843 5926 ΡΑτιιοι..
876 5864 992 5924 Gn.
1015 5859 1192 5924 XIX.

2185 5454 2458 5520 Quomodo
2493 5457 2713 5512 inveniri
2743 5455 2911 5528 possit
2944 5463 3074 5510 tetas
3098 5454 3256 5510 (una.

2010 5606 2098 5665 Vl.
2129 5605 2364 5666 ditatem
2395 5609 2538 5665 lunae
2582 5607 2647 5664 ad
2691 5603 2838 5664 hunc
2871 5607 3094 5664 modum
3128 5588 3502 5680 investigabis.

3112 5855 3186 5916 ΒΞ
