  <div class='ocr_page' id='page_1' title='image "/cluster/home/n/w/nwhite01/storage/ocr_20150623/19/mdp.39015061293422/669.png"; bbox 0 0 3948 6264; ppageno 0'>
   <div class='ocr_carea' id='block_1_1' title="bbox 501 323 3716 411">
    <p class='ocr_par' dir='ltr' id='par_1_1' title="bbox 501 323 3716 411">
     <span class='ocr_line' id='line_1_1' title="bbox 501 323 3716 411; baseline 0.001 -5"><span class='ocrx_word' id='word_1_1' title='bbox 501 349 642 407; x_wconf 71' lang='lat' dir='ltr'><strong>ms</strong></span> <span class='ocrx_word' id='word_1_2' title='bbox 1560 350 1650 406; x_wconf 76' lang='grc' dir='ltr'><strong>Αι)</strong></span> <span class='ocrx_word' id='word_1_3' title='bbox 1689 323 1961 407; x_wconf 73' lang='grc' dir='ltr'><strong>ευδείιιι</strong></span> <span class='ocrx_word' id='word_1_4' title='bbox 1991 349 2387 409; x_wconf 65' lang='lat' dir='ltr'><strong>cunomcos</strong></span> <span class='ocrx_word' id='word_1_5' title='bbox 2421 351 2785 411; x_wconf 73' lang='lat' dir='ltr'><strong>APPENDIX.</strong></span> <span class='ocrx_word' id='word_1_6' title='bbox 3579 354 3716 410; x_wconf 70' lang='lat' dir='ltr'><strong>rm</strong></span> 
     </span>
    </p>
   </div>
   <div class='ocr_carea' id='block_1_2' title="bbox 496 465 2055 543">
    <p class='ocr_par' dir='ltr' id='par_1_2' title="bbox 496 465 2055 539">
     <span class='ocr_line' id='line_1_2' title="bbox 496 465 2055 539; baseline -0.001 -15"><span class='ocrx_word' id='word_1_7' title='bbox 496 469 696 539; x_wconf 74' lang='lat' dir='ltr'><strong>Accipe</strong></span> <span class='ocrx_word' id='word_1_8' title='bbox 717 475 1025 524; x_wconf 88' lang='lat' dir='ltr'><strong>currentem</strong></span> <span class='ocrx_word' id='word_1_9' title='bbox 1065 465 1211 523; x_wconf 83' lang='lat' dir='ltr'><strong>illius</strong></span> <span class='ocrx_word' id='word_1_10' title='bbox 1243 466 1503 532; x_wconf 84' lang='lat' dir='ltr'><strong>radicem,</strong></span> <span class='ocrx_word' id='word_1_11' title='bbox 1539 475 1593 522; x_wconf 91' lang='lat' dir='ltr'><strong>et</strong></span> <span class='ocrx_word' id='word_1_12' title='bbox 1627 468 1782 523; x_wconf 91' lang='lat' dir='ltr'><strong>initio</strong></span> <span class='ocrx_word' id='word_1_13' title='bbox 1812 467 1955 524; x_wconf 84' lang='lat' dir='ltr'><strong>Iacto</strong></span> <span class='ocrx_word' id='word_1_14' title='bbox 1988 468 2055 522; x_wconf 77' lang='lat' dir='ltr'><strong>ab</strong></span> 
     </span>
    </p>
   </div>
   <div class='ocr_carea' id='block_1_3' title="bbox 2151 465 3710 543">
    <p class='ocr_par' dir='ltr' id='par_1_3' title="bbox 2162 467 3710 543">
     <span class='ocr_line' id='line_1_3' title="bbox 2162 467 3710 543; baseline 0.001 -22"><span class='ocrx_word' id='word_1_15' title='bbox 2162 467 2376 540; x_wconf 81' lang='grc' dir='ltr'><strong>μαθήσῃ</strong></span> <span class='ocrx_word' id='word_1_16' title='bbox 2398 487 2412 502; x_wconf 78' lang='grc' dir='ltr'><strong>ο</strong></span> <span class='ocrx_word' id='word_1_17' title='bbox 2447 471 2654 543; x_wconf 83' lang='grc' dir='ltr'><strong>Κράτει</strong></span> <span class='ocrx_word' id='word_1_18' title='bbox 2685 471 2775 524; x_wconf 83' lang='grc' dir='ltr'><strong>τὸν</strong></span> <span class='ocrx_word' id='word_1_19' title='bbox 2806 470 3154 541; x_wconf 73' lang='grc' dir='ltr'><strong>ἐνιστάμενον</strong></span> <span class='ocrx_word' id='word_1_20' title='bbox 3201 469 3401 541; x_wconf 82' lang='grc' dir='ltr'><strong>ταύτης</strong></span> <span class='ocrx_word' id='word_1_21' title='bbox 3431 471 3710 541; x_wconf 78' lang='grc' dir='ltr'><strong>θεμέλιον·</strong></span> 
     </span>
    </p>
   </div>
   <div class='ocr_carea' id='block_1_4' title="bbox 486 556 2045 634">
    <p class='ocr_par' dir='ltr' id='par_1_4' title="bbox 486 556 2045 628">
     <span class='ocr_line' id='line_1_4' title="bbox 486 556 2045 628; baseline -0.003 -13"><span class='ocrx_word' id='word_1_22' title='bbox 486 559 774 623; x_wconf 64' lang='lat' dir='ltr'><strong>Januario,</strong></span> <span class='ocrx_word' id='word_1_23' title='bbox 826 557 894 614; x_wconf 91' lang='lat' dir='ltr'><strong>de</strong></span> <span class='ocrx_word' id='word_1_24' title='bbox 927 556 1160 628; x_wconf 81' lang='lat' dir='ltr'><strong>singulis</strong></span> <span class='ocrx_word' id='word_1_25' title='bbox 1203 556 1484 611; x_wconf 87' lang='lat' dir='ltr'><strong>mensibus</strong></span> <span class='ocrx_word' id='word_1_26' title='bbox 1531 570 1704 622; x_wconf 89' lang='lat' dir='ltr'><strong>sume,</strong></span> <span class='ocrx_word' id='word_1_27' title='bbox 1746 559 1791 612; x_wconf 89' lang='lat' dir='ltr'><strong>si</strong></span> <span class='ocrx_word' id='word_1_28' title='bbox 1839 557 2045 626; x_wconf 88' lang='lat' dir='ltr'><strong>quidem</strong></span> 
     </span>
    </p>
   </div>
   <div class='ocr_carea' id='block_1_5' title="bbox 2156 556 3715 634">
    <p class='ocr_par' dir='ltr' id='par_1_5' title="bbox 2159 561 3715 634">
     <span class='ocr_line' id='line_1_5' title="bbox 2159 561 3715 634; baseline 0.003 -22"><span class='ocrx_word' id='word_1_29' title='bbox 2159 561 2253 614; x_wconf 70' lang='grc' dir='ltr'><strong>καὶ</strong></span> <span class='ocrx_word' id='word_1_30' title='bbox 2295 561 2592 631; x_wconf 80' lang='grc' dir='ltr'><strong>ἀρχόμενος</strong></span> <span class='ocrx_word' id='word_1_31' title='bbox 2618 563 2725 616; x_wconf 81' lang='grc' dir='ltr'><strong>ἀπὸ</strong></span> <span class='ocrx_word' id='word_1_32' title='bbox 2775 563 2868 616; x_wconf 78' lang='grc' dir='ltr'><strong>τοῦ</strong></span> <span class='ocrx_word' id='word_1_33' title='bbox 2922 563 3250 634; x_wconf 85' lang='grc' dir='ltr'><strong>Ἰανουαρίου</strong></span> <span class='ocrx_word' id='word_1_34' title='bbox 3271 601 3286 626; x_wconf 85' lang='grc'><strong>,</strong></span> <span class='ocrx_word' id='word_1_35' title='bbox 3333 561 3579 632; x_wconf 80' lang='grc' dir='ltr'><strong>λάμϐανε</strong></span> <span class='ocrx_word' id='word_1_36' title='bbox 3626 563 3715 632; x_wconf 72' lang='grc' dir='ltr'><strong>ἀφ’</strong></span> 
     </span>
    </p>
   </div>
   <div class='ocr_carea' id='block_1_6' title="bbox 481 645 2040 727">
    <p class='ocr_par' dir='ltr' id='par_1_6' title="bbox 481 645 2034 718">
     <span class='ocr_line' id='line_1_6' title="bbox 481 645 2034 718; baseline -0.004 -12"><span class='ocrx_word' id='word_1_37' title='bbox 481 650 690 706; x_wconf 70' lang='lat' dir='ltr'><strong>diebus</strong></span> <span class='ocrx_word' id='word_1_38' title='bbox 707 665 837 703; x_wconf 78' lang='lat' dir='ltr'><strong>xxxi</strong></span> <span class='ocrx_word' id='word_1_39' title='bbox 861 655 1134 712; x_wconf 77' lang='lat' dir='ltr'><strong>constent,</strong></span> <span class='ocrx_word' id='word_1_40' title='bbox 1159 648 1180 701; x_wconf 99' lang='grc'><strong>1</strong></span> <span class='ocrx_word' id='word_1_41' title='bbox 1209 645 1312 718; x_wconf 71' lang='lat'><strong>1/2</strong></span> <span class='ocrx_word' id='word_1_42' title='bbox 1333 687 1346 711; x_wconf 97' lang='lat'><strong>,</strong></span> <span class='ocrx_word' id='word_1_43' title='bbox 1375 646 1459 702; x_wconf 91' lang='lat' dir='ltr'><strong>sin</strong></span> <span class='ocrx_word' id='word_1_44' title='bbox 1479 646 1754 701; x_wconf 87' lang='lat' dir='ltr'><strong>tricenarii</strong></span> <span class='ocrx_word' id='word_1_45' title='bbox 1781 647 1910 713; x_wconf 91' lang='lat' dir='ltr'><strong>sint,</strong></span> <span class='ocrx_word' id='word_1_46' title='bbox 1931 647 2034 718; x_wconf 71' lang='lat'><strong>1/2</strong></span> 
     </span>
    </p>
   </div>
   <div class='ocr_carea' id='block_1_7' title="bbox 2156 645 3715 727">
    <p class='ocr_par' dir='ltr' id='par_1_7' title="bbox 2157 653 3715 727">
     <span class='ocr_line' id='line_1_7' title="bbox 2157 653 3715 727; baseline 0.002 -20"><span class='ocrx_word' id='word_1_47' title='bbox 2157 653 2387 708; x_wconf 79' lang='grc' dir='ltr'><strong>ἑκάστου</strong></span> <span class='ocrx_word' id='word_1_48' title='bbox 2417 655 2604 726; x_wconf 84' lang='grc' dir='ltr'><strong>μηνὸς,</strong></span> <span class='ocrx_word' id='word_1_49' title='bbox 2655 655 2762 709; x_wconf 83' lang='grc' dir='ltr'><strong>άτιὸ</strong></span> <span class='ocrx_word' id='word_1_50' title='bbox 2813 656 2910 727; x_wconf 84' lang='grc' dir='ltr'><strong>μὲν</strong></span> <span class='ocrx_word' id='word_1_51' title='bbox 2951 655 3061 708; x_wconf 81' lang='grc' dir='ltr'><strong>τῶν</strong></span> <span class='ocrx_word' id='word_1_52' title='bbox 3100 655 3330 726; x_wconf 75' lang='grc' dir='ltr'><strong>ἐχόντων</strong></span> <span class='ocrx_word' id='word_1_53' title='bbox 3363 655 3443 708; x_wconf 84' lang='grc' dir='ltr'><strong>λα’</strong></span> <span class='ocrx_word' id='word_1_54' title='bbox 3485 655 3715 726; x_wconf 74' lang='grc' dir='ltr'><strong>ἡμέρας,</strong></span> 
     </span>
    </p>
   </div>
   <div class='ocr_carea' id='block_1_8' title="bbox 487 738 2046 818">
    <p class='ocr_par' dir='ltr' id='par_1_8' title="bbox 487 738 2046 808">
     <span class='ocr_line' id='line_1_8' title="bbox 487 738 2046 808; baseline -0.001 -13"><span class='ocrx_word' id='word_1_55' title='bbox 487 740 666 796; x_wconf 71' lang='lat' dir='ltr'><strong>Porro</strong></span> <span class='ocrx_word' id='word_1_56' title='bbox 691 740 894 794; x_wconf 83' lang='lat' dir='ltr'><strong>mensis</strong></span> <span class='ocrx_word' id='word_1_57' title='bbox 929 739 1100 803; x_wconf 89' lang='lat' dir='ltr'><strong>illius,</strong></span> <span class='ocrx_word' id='word_1_58' title='bbox 1131 740 1185 792; x_wconf 93' lang='lat' dir='ltr'><strong>in</strong></span> <span class='ocrx_word' id='word_1_59' title='bbox 1219 753 1328 808; x_wconf 94' lang='lat' dir='ltr'><strong>quo</strong></span> <span class='ocrx_word' id='word_1_60' title='bbox 1354 741 1610 803; x_wconf 84' lang='lat' dir='ltr'><strong>versaris,</strong></span> <span class='ocrx_word' id='word_1_61' title='bbox 1633 738 1750 794; x_wconf 89' lang='lat' dir='ltr'><strong>dies</strong></span> <span class='ocrx_word' id='word_1_62' title='bbox 1781 739 1956 808; x_wconf 78' lang='lat' dir='ltr'><strong>adiice</strong></span> <span class='ocrx_word' id='word_1_63' title='bbox 1988 739 2046 794; x_wconf 70' lang='lat' dir='ltr'><strong>all</strong></span> 
     </span>
    </p>
   </div>
   <div class='ocr_carea' id='block_1_9' title="bbox 2158 738 3717 818">
    <p class='ocr_par' dir='ltr' id='par_1_9' title="bbox 2158 741 3717 818">
     <span class='ocr_line' id='line_1_9' title="bbox 2158 741 3717 818; baseline 0.001 -20"><span class='ocrx_word' id='word_1_64' title='bbox 2158 752 2203 798; x_wconf 83' lang='grc' dir='ltr'><strong>α’</strong></span> <span class='ocrx_word' id='word_1_65' title='bbox 2228 747 2319 800; x_wconf 69' lang='grc' dir='ltr'><strong>καλ⁵</strong></span> <span class='ocrx_word' id='word_1_66' title='bbox 2340 745 2425 810; x_wconf 87' lang='lat' dir='ltr'><strong>S&quot;,</strong></span> <span class='ocrx_word' id='word_1_67' title='bbox 2452 746 2559 800; x_wconf 86' lang='grc' dir='ltr'><strong>ἀπὸ</strong></span> <span class='ocrx_word' id='word_1_68' title='bbox 2591 747 2648 800; x_wconf 84' lang='grc' dir='ltr'><strong>δὲ</strong></span> <span class='ocrx_word' id='word_1_69' title='bbox 2668 747 2776 799; x_wconf 82' lang='grc' dir='ltr'><strong>τῶν</strong></span> <span class='ocrx_word' id='word_1_70' title='bbox 2807 747 2873 811; x_wconf 88' lang='grc' dir='ltr'><strong>λ’,</strong></span> <span class='ocrx_word' id='word_1_71' title='bbox 2905 747 2990 802; x_wconf 82' lang='lat' dir='ltr'><strong>S&quot;.</strong></span> <span class='ocrx_word' id='word_1_72' title='bbox 3011 746 3118 800; x_wconf 81' lang='grc' dir='ltr'><strong>Τοῦ</strong></span> <span class='ocrx_word' id='word_1_73' title='bbox 3153 747 3333 818; x_wconf 85' lang='grc' dir='ltr'><strong>μέντοι</strong></span> <span class='ocrx_word' id='word_1_74' title='bbox 3363 747 3552 818; x_wconf 76' lang='grc' dir='ltr'><strong>μηνὸς,</strong></span> <span class='ocrx_word' id='word_1_75' title='bbox 3588 747 3647 799; x_wconf 83' lang='grc' dir='ltr'><strong>ὲν</strong></span> <span class='ocrx_word' id='word_1_76' title='bbox 3676 741 3717 815; x_wconf 84' lang='grc' dir='ltr'>ᾧ</span> 
     </span>
    </p>
   </div>
   <div class='ocr_carea' id='block_1_10' title="bbox 494 829 2053 909">
    <p class='ocr_par' dir='ltr' id='par_1_10' title="bbox 494 829 2053 902">
     <span class='ocr_line' id='line_1_10' title="bbox 494 829 2053 902; baseline -0.003 -14"><span class='ocrx_word' id='word_1_77' title='bbox 494 833 614 902; x_wconf 88' lang='lat' dir='ltr'><strong>ejus</strong></span> <span class='ocrx_word' id='word_1_78' title='bbox 635 831 895 886; x_wconf 82' lang='lat' dir='ltr'><strong>Kalendis</strong></span> <span class='ocrx_word' id='word_1_79' title='bbox 933 831 1002 886; x_wconf 90' lang='lat' dir='ltr'><strong>ad</strong></span> <span class='ocrx_word' id='word_1_80' title='bbox 1053 831 1387 902; x_wconf 86' lang='lat' dir='ltr'><strong>propositum</strong></span> <span class='ocrx_word' id='word_1_81' title='bbox 1433 829 1595 884; x_wconf 89' lang='lat' dir='ltr'><strong>diem.</strong></span> <span class='ocrx_word' id='word_1_82' title='bbox 1641 830 1724 884; x_wconf 86' lang='lat' dir='ltr'><strong>Ad</strong></span> <span class='ocrx_word' id='word_1_83' title='bbox 1771 830 2053 884; x_wconf 74' lang='lat' dir='ltr'><strong>collectam</strong></span> 
     </span>
    </p>
   </div>
   <div class='ocr_carea' id='block_1_11' title="bbox 2158 829 3717 909">
    <p class='ocr_par' dir='ltr' id='par_1_11' title="bbox 2158 835 3717 909">
     <span class='ocr_line' id='line_1_11' title="bbox 2158 835 3717 909; baseline 0 -19"><span class='ocrx_word' id='word_1_84' title='bbox 2158 836 2251 908; x_wconf 82' lang='grc' dir='ltr'><strong>τὴν</strong></span> <span class='ocrx_word' id='word_1_85' title='bbox 2283 835 2511 907; x_wconf 78' lang='grc' dir='ltr'><strong>ζήτησιν</strong></span> <span class='ocrx_word' id='word_1_86' title='bbox 2539 840 2662 908; x_wconf 79' lang='grc' dir='ltr'><strong>ποιῇ</strong></span> <span class='ocrx_word' id='word_1_87' title='bbox 2693 837 2800 890; x_wconf 84' lang='grc' dir='ltr'><strong>τῶν</strong></span> <span class='ocrx_word' id='word_1_88' title='bbox 2828 836 3048 909; x_wconf 88' lang='grc' dir='ltr'><strong>ήμερῶν</strong></span> <span class='ocrx_word' id='word_1_89' title='bbox 3079 838 3178 909; x_wconf 81' lang='grc' dir='ltr'><strong>τῆς</strong></span> <span class='ocrx_word' id='word_1_90' title='bbox 3210 837 3458 909; x_wconf 83' lang='grc' dir='ltr'><strong>σελήνης,</strong></span> <span class='ocrx_word' id='word_1_91' title='bbox 3483 838 3717 903; x_wconf 79' lang='grc' dir='ltr'><strong>είσάξεις</strong></span> 
     </span>
    </p>
   </div>
   <div class='ocr_carea' id='block_1_12' title="bbox 493 919 2052 1001">
    <p class='ocr_par' dir='ltr' id='par_1_12' title="bbox 493 919 2052 991">
     <span class='ocr_line' id='line_1_12' title="bbox 493 919 2052 991; baseline -0.003 -11"><span class='ocrx_word' id='word_1_92' title='bbox 493 938 764 980; x_wconf 73' lang='lat' dir='ltr'><strong>tummam</strong></span> <span class='ocrx_word' id='word_1_93' title='bbox 812 922 1049 978; x_wconf 87' lang='lat' dir='ltr'><strong>radicem</strong></span> <span class='ocrx_word' id='word_1_94' title='bbox 1103 922 1308 976; x_wconf 89' lang='lat' dir='ltr'><strong>addito.</strong></span> <span class='ocrx_word' id='word_1_95' title='bbox 1367 919 1564 974; x_wconf 92' lang='lat' dir='ltr'><strong>Totum</strong></span> <span class='ocrx_word' id='word_1_96' title='bbox 1620 920 1816 976; x_wconf 88' lang='lat' dir='ltr'><strong>deinde</strong></span> <span class='ocrx_word' id='word_1_97' title='bbox 1852 920 2052 991; x_wconf 84' lang='lat' dir='ltr'><strong>partire</strong></span> 
     </span>
    </p>
   </div>
   <div class='ocr_carea' id='block_1_13' title="bbox 2157 919 3716 1001">
    <p class='ocr_par' dir='ltr' id='par_1_13' title="bbox 2157 928 3716 1001">
     <span class='ocr_line' id='line_1_13' title="bbox 2157 928 3716 1001; baseline -0.001 -20"><span class='ocrx_word' id='word_1_98' title='bbox 2157 928 2320 992; x_wconf 84' lang='grc' dir='ltr'><strong>αὑτάς</strong></span> <span class='ocrx_word' id='word_1_99' title='bbox 2338 928 2572 993; x_wconf 87' lang='grc' dir='ltr'><strong>ὲκείνας,</strong></span> <span class='ocrx_word' id='word_1_100' title='bbox 2599 929 2728 992; x_wconf 76' lang='grc' dir='ltr'><strong>ὅσας</strong></span> <span class='ocrx_word' id='word_1_101' title='bbox 2749 929 2878 1000; x_wconf 75' lang='grc' dir='ltr'><strong>ἔχει,</strong></span> <span class='ocrx_word' id='word_1_102' title='bbox 2901 929 3202 1001; x_wconf 81' lang='grc' dir='ltr'><strong>ἀρξάμενος</strong></span> <span class='ocrx_word' id='word_1_103' title='bbox 3227 929 3385 1000; x_wconf 87' lang='grc' dir='ltr'><strong>μέχρι</strong></span> <span class='ocrx_word' id='word_1_104' title='bbox 3405 930 3503 998; x_wconf 83' lang='grc' dir='ltr'><strong>τῆς</strong></span> <span class='ocrx_word' id='word_1_105' title='bbox 3525 929 3716 1000; x_wconf 76' lang='grc' dir='ltr'><strong>ζητου-</strong></span> 
     </span>
    </p>
   </div>
   <div class='ocr_carea' id='block_1_14' title="bbox 488 1011 2047 1092">
    <p class='ocr_par' dir='ltr' id='par_1_14' title="bbox 488 1011 2047 1086">
     <span class='ocr_line' id='line_1_14' title="bbox 488 1011 2047 1086; baseline -0.002 -17"><span class='ocrx_word' id='word_1_106' title='bbox 488 1030 591 1086; x_wconf 88' lang='lat' dir='ltr'><strong>per</strong></span> <span class='ocrx_word' id='word_1_107' title='bbox 617 1014 685 1068; x_wconf 75' lang='grc'>29</span> <span class='ocrx_word' id='word_1_108' title='bbox 719 1015 740 1068; x_wconf 94' lang='grc'><strong>1</strong></span> <span class='ocrx_word' id='word_1_109' title='bbox 749 1014 842 1085; x_wconf 70' lang='grc' dir='ltr'><strong>χε,</strong></span> <span class='ocrx_word' id='word_1_110' title='bbox 861 1013 1165 1071; x_wconf 88' lang='lat' dir='ltr'><strong>residuum.</strong></span> <span class='ocrx_word' id='word_1_111' title='bbox 1198 1013 1311 1068; x_wconf 86' lang='lat' dir='ltr'><strong>sive</strong></span> <span class='ocrx_word' id='word_1_112' title='bbox 1334 1012 1402 1066; x_wconf 76' lang='lat'><strong>29</strong></span> <span class='ocrx_word' id='word_1_113' title='bbox 1440 1012 1560 1084; x_wconf 73' lang='lat'><strong>1/2,</strong></span> <span class='ocrx_word' id='word_1_114' title='bbox 1587 1028 1682 1068; x_wconf 89' lang='lat' dir='ltr'><strong>seu</strong></span> <span class='ocrx_word' id='word_1_115' title='bbox 1714 1013 1894 1068; x_wconf 89' lang='lat' dir='ltr'><strong>minus</strong></span> <span class='ocrx_word' id='word_1_116' title='bbox 1931 1011 2047 1066; x_wconf 84' lang='lat' dir='ltr'><strong>fue-</strong></span> 
     </span>
    </p>
   </div>
   <div class='ocr_carea' id='block_1_15' title="bbox 2157 1011 3716 1092">
    <p class='ocr_par' dir='ltr' id='par_1_15' title="bbox 2157 1020 3716 1092">
     <span class='ocr_line' id='line_1_15' title="bbox 2157 1020 3716 1092; baseline 0.001 -19"><span class='ocrx_word' id='word_1_117' title='bbox 2157 1020 2320 1092; x_wconf 89' lang='grc' dir='ltr'><strong>μένης</strong></span> <span class='ocrx_word' id='word_1_118' title='bbox 2353 1021 2586 1092; x_wconf 85' lang='grc' dir='ltr'><strong>ἡμέρας.</strong></span> <span class='ocrx_word' id='word_1_119' title='bbox 2624 1021 2723 1084; x_wconf 66' lang='lat' dir='ltr'><strong>“At;</strong></span> <span class='ocrx_word' id='word_1_120' title='bbox 2747 1022 2924 1084; x_wconf 81' lang='grc' dir='ltr'><strong>πάσας</strong></span> <span class='ocrx_word' id='word_1_121' title='bbox 2955 1020 3195 1089; x_wconf 81' lang='grc' dir='ltr'><strong>συνάψας</strong></span> <span class='ocrx_word' id='word_1_122' title='bbox 3233 1020 3310 1091; x_wconf 83' lang='grc' dir='ltr'><strong>τῷ</strong></span> <span class='ocrx_word' id='word_1_123' title='bbox 3339 1020 3597 1091; x_wconf 82' lang='grc' dir='ltr'><strong>θεμελίῳ,</strong></span> <span class='ocrx_word' id='word_1_124' title='bbox 3629 1021 3716 1074; x_wconf 78' lang='grc' dir='ltr'><strong>τὸν</strong></span> 
     </span>
    </p>
   </div>
   <div class='ocr_carea' id='block_1_16' title="bbox 493 1103 2052 1182">
    <p class='ocr_par' dir='ltr' id='par_1_16' title="bbox 493 1103 2052 1173">
     <span class='ocr_line' id='line_1_16' title="bbox 493 1103 2052 1173; baseline -0.001 -13"><span class='ocrx_word' id='word_1_125' title='bbox 493 1107 592 1171; x_wconf 89' lang='lat' dir='ltr'><strong>rit,</strong></span> <span class='ocrx_word' id='word_1_126' title='bbox 633 1113 847 1162; x_wconf 73' lang='lat' dir='ltr'><strong>aetatem</strong></span> <span class='ocrx_word' id='word_1_127' title='bbox 899 1105 1117 1160; x_wconf 80' lang='lat' dir='ltr'><strong>exhibet</strong></span> <span class='ocrx_word' id='word_1_128' title='bbox 1158 1103 1319 1158; x_wconf 74' lang='lat' dir='ltr'><strong>lunae.</strong></span> <span class='ocrx_word' id='word_1_129' title='bbox 1353 1103 1522 1173; x_wconf 79' lang='lat' dir='ltr'><strong>Igitur</strong></span> <span class='ocrx_word' id='word_1_130' title='bbox 1577 1105 1620 1160; x_wconf 90' lang='lat' dir='ltr'><strong>si</strong></span> <span class='ocrx_word' id='word_1_131' title='bbox 1683 1104 1751 1158; x_wconf 89' lang='lat' dir='ltr'><strong>ab</strong></span> <span class='ocrx_word' id='word_1_132' title='bbox 1792 1103 2052 1159; x_wconf 81' lang='lat' dir='ltr'><strong>Januario</strong></span> 
     </span>
    </p>
   </div>
   <div class='ocr_carea' id='block_1_17' title="bbox 2157 1103 3716 1182">
    <p class='ocr_par' dir='ltr' id='par_1_17' title="bbox 2157 1110 3716 1182">
     <span class='ocr_line' id='line_1_17' title="bbox 2157 1110 3716 1182; baseline 0 -18"><span class='ocrx_word' id='word_1_133' title='bbox 2157 1110 2413 1180; x_wconf 81' lang='grc' dir='ltr'><strong>γεγονότα</strong></span> <span class='ocrx_word' id='word_1_134' title='bbox 2478 1110 2708 1182; x_wconf 79' lang='grc' dir='ltr'><strong>ἀριθμὸν</strong></span> <span class='ocrx_word' id='word_1_135' title='bbox 2760 1110 2923 1181; x_wconf 79' lang='grc' dir='ltr'><strong>ὓφελε</strong></span> <span class='ocrx_word' id='word_1_136' title='bbox 2968 1111 3060 1163; x_wconf 73' lang='grc' dir='ltr'><strong>ἐπὶ</strong></span> <span class='ocrx_word' id='word_1_137' title='bbox 3107 1112 3214 1165; x_wconf 82' lang='grc' dir='ltr'><strong>τῶν</strong></span> <span class='ocrx_word' id='word_1_138' title='bbox 3262 1111 3343 1164; x_wconf 86' lang='grc' dir='ltr'><strong>κθ¹</strong></span> <span class='ocrx_word' id='word_1_139' title='bbox 3382 1110 3468 1176; x_wconf 88' lang='lat' dir='ltr'><strong>S&quot;,</strong></span> <span class='ocrx_word' id='word_1_140' title='bbox 3513 1113 3607 1164; x_wconf 83' lang='grc' dir='ltr'><strong>καί</strong></span> <span class='ocrx_word' id='word_1_141' title='bbox 3650 1111 3716 1164; x_wconf 76' lang='grc' dir='ltr'><strong>τὰ</strong></span> 
     </span>
    </p>
   </div>
   <div class='ocr_carea' id='block_1_18' title="bbox 492 1196 2051 1274">
    <p class='ocr_par' dir='ltr' id='par_1_18' title="bbox 492 1196 2051 1268">
     <span class='ocr_line' id='line_1_18' title="bbox 492 1196 2051 1268; baseline -0.003 -14"><span class='ocrx_word' id='word_1_142' title='bbox 492 1200 761 1254; x_wconf 86' lang='lat' dir='ltr'><strong>calculum</strong></span> <span class='ocrx_word' id='word_1_143' title='bbox 799 1197 1014 1268; x_wconf 84' lang='lat' dir='ltr'><strong>incipis,</strong></span> <span class='ocrx_word' id='word_1_144' title='bbox 1049 1205 1101 1252; x_wconf 93' lang='lat' dir='ltr'><strong>et</strong></span> <span class='ocrx_word' id='word_1_145' title='bbox 1139 1197 1435 1253; x_wconf 83' lang='lat' dir='ltr'><strong>bissextilis</strong></span> <span class='ocrx_word' id='word_1_146' title='bbox 1480 1197 1799 1260; x_wconf 77' lang='lat' dir='ltr'><strong>intercedat,</strong></span> <span class='ocrx_word' id='word_1_147' title='bbox 1839 1196 2051 1267; x_wconf 86' lang='lat' dir='ltr'><strong>sesqui-</strong></span> 
     </span>
    </p>
   </div>
   <div class='ocr_carea' id='block_1_19' title="bbox 2155 1196 3714 1274">
    <p class='ocr_par' dir='ltr' id='par_1_19' title="bbox 2155 1199 3714 1274">
     <span class='ocr_line' id='line_1_19' title="bbox 2155 1199 3714 1274; baseline 0.001 -21"><span class='ocrx_word' id='word_1_148' title='bbox 2155 1200 2381 1272; x_wconf 85' lang='grc' dir='ltr'><strong>μένοντα</strong></span> <span class='ocrx_word' id='word_1_149' title='bbox 2412 1199 2615 1255; x_wconf 83' lang='grc' dir='ltr'><strong>τούτων</strong></span> <span class='ocrx_word' id='word_1_150' title='bbox 2638 1200 2902 1264; x_wconf 80' lang='grc' dir='ltr'><strong>κάτωθεν,</strong></span> <span class='ocrx_word' id='word_1_151' title='bbox 2937 1201 2970 1272; x_wconf 79' lang='grc' dir='ltr'>ἢ</span> <span class='ocrx_word' id='word_1_152' title='bbox 3000 1201 3095 1256; x_wconf 79' lang='grc' dir='ltr'><strong>καὶ</strong></span> <span class='ocrx_word' id='word_1_153' title='bbox 3126 1203 3321 1274; x_wconf 82' lang='grc' dir='ltr'><strong>μέχρις</strong></span> <span class='ocrx_word' id='word_1_154' title='bbox 3349 1203 3554 1268; x_wconf 79' lang='grc' dir='ltr'><strong>αὐτῶν,</strong></span> <span class='ocrx_word' id='word_1_155' title='bbox 3580 1203 3714 1256; x_wconf 82' lang='grc' dir='ltr'><strong>εἰσὶν</strong></span> 
     </span>
    </p>
   </div>
   <div class='ocr_carea' id='block_1_20' title="bbox 483 1286 2042 1366">
    <p class='ocr_par' dir='ltr' id='par_1_20' title="bbox 483 1286 2042 1360">
     <span class='ocr_line' id='line_1_20' title="bbox 483 1286 2042 1360; baseline -0.003 -14"><span class='ocrx_word' id='word_1_156' title='bbox 483 1291 632 1346; x_wconf 81' lang='lat' dir='ltr'><strong>diem</strong></span> <span class='ocrx_word' id='word_1_157' title='bbox 661 1305 726 1346; x_wconf 86' lang='lat' dir='ltr'><strong>ex</strong></span> <span class='ocrx_word' id='word_1_158' title='bbox 751 1291 842 1345; x_wconf 84' lang='lat' dir='ltr'><strong>illo</strong></span> <span class='ocrx_word' id='word_1_159' title='bbox 864 1297 1138 1360; x_wconf 86' lang='lat' dir='ltr'><strong>sumptum</strong></span> <span class='ocrx_word' id='word_1_160' title='bbox 1166 1286 1390 1358; x_wconf 88' lang='lat' dir='ltr'><strong>adjicies</strong></span> <span class='ocrx_word' id='word_1_161' title='bbox 1413 1304 1507 1359; x_wconf 90' lang='lat' dir='ltr'><strong>per</strong></span> <span class='ocrx_word' id='word_1_162' title='bbox 1535 1303 1733 1342; x_wconf 90' lang='lat' dir='ltr'><strong>annum</strong></span> <span class='ocrx_word' id='word_1_163' title='bbox 1755 1287 2042 1358; x_wconf 82' lang='lat' dir='ltr'><strong>integrum,</strong></span> 
     </span>
    </p>
   </div>
   <div class='ocr_carea' id='block_1_21' title="bbox 2152 1286 3711 1366">
    <p class='ocr_par' dir='ltr' id='par_1_21' title="bbox 2152 1291 3711 1366">
     <span class='ocr_line' id='line_1_21' title="bbox 2152 1291 3711 1366; baseline 0.001 -21"><span class='ocrx_word' id='word_1_164' title='bbox 2152 1293 2205 1346; x_wconf 76' lang='grc' dir='ltr'><strong>αἱ</strong></span> <span class='ocrx_word' id='word_1_165' title='bbox 2224 1291 2331 1345; x_wconf 84' lang='grc' dir='ltr'><strong>ἀπὸ</strong></span> <span class='ocrx_word' id='word_1_166' title='bbox 2346 1291 2446 1362; x_wconf 80' lang='grc' dir='ltr'><strong>τῆς</strong></span> <span class='ocrx_word' id='word_1_167' title='bbox 2477 1294 2779 1365; x_wconf 70' lang='grc' dir='ltr'><strong>γεννήσεως</strong></span> <span class='ocrx_word' id='word_1_168' title='bbox 2795 1293 2965 1364; x_wconf 84' lang='grc' dir='ltr'><strong>αὐτῆς</strong></span> <span class='ocrx_word' id='word_1_169' title='bbox 2994 1293 3215 1365; x_wconf 86' lang='grc' dir='ltr'><strong>ἡμέραι.</strong></span> <span class='ocrx_word' id='word_1_170' title='bbox 3252 1295 3577 1366; x_wconf 80' lang='grc' dir='ltr'><strong>Ἀρχόμενος</strong></span> <span class='ocrx_word' id='word_1_171' title='bbox 3603 1291 3711 1362; x_wconf 76' lang='grc' dir='ltr'><strong>οὖν,</strong></span> 
     </span>
    </p>
   </div>
   <div class='ocr_carea' id='block_1_22' title="bbox 490 1379 2049 1456">
    <p class='ocr_par' dir='ltr' id='par_1_22' title="bbox 490 1379 2048 1452">
     <span class='ocr_line' id='line_1_22' title="bbox 490 1379 2048 1452; baseline -0.003 -12"><span class='ocrx_word' id='word_1_172' title='bbox 490 1385 594 1440; x_wconf 86' lang='lat' dir='ltr'><strong>hoc</strong></span> <span class='ocrx_word' id='word_1_173' title='bbox 623 1391 706 1440; x_wconf 91' lang='lat' dir='ltr'><strong>est</strong></span> <span class='ocrx_word' id='word_1_174' title='bbox 733 1398 904 1452; x_wconf 89' lang='lat' dir='ltr'><strong>usque</strong></span> <span class='ocrx_word' id='word_1_175' title='bbox 939 1382 1006 1435; x_wconf 90' lang='lat' dir='ltr'><strong>ad</strong></span> <span class='ocrx_word' id='word_1_176' title='bbox 1046 1382 1421 1451; x_wconf 80' lang='lat' dir='ltr'><strong>insequentem</strong></span> <span class='ocrx_word' id='word_1_177' title='bbox 1459 1379 1796 1435; x_wconf 76' lang='lat' dir='ltr'><strong>Ianuarium.</strong></span> <span class='ocrx_word' id='word_1_178' title='bbox 1821 1379 1878 1435; x_wconf 90' lang='lat' dir='ltr'><strong>In</strong></span> <span class='ocrx_word' id='word_1_179' title='bbox 1904 1395 2048 1435; x_wconf 89' lang='lat' dir='ltr'><strong>anno</strong></span> 
     </span>
    </p>
   </div>
   <div class='ocr_carea' id='block_1_23' title="bbox 2154 1379 3713 1456">
    <p class='ocr_par' dir='ltr' id='par_1_23' title="bbox 2154 1379 3713 1456">
     <span class='ocr_line' id='line_1_23' title="bbox 2154 1379 3713 1456; baseline 0.006 -24"><span class='ocrx_word' id='word_1_180' title='bbox 2154 1379 2224 1442; x_wconf 81' lang='grc' dir='ltr'><strong>ὡς</strong></span> <span class='ocrx_word' id='word_1_181' title='bbox 2250 1379 2484 1450; x_wconf 79' lang='grc' dir='ltr'><strong>εἴρηται,</strong></span> <span class='ocrx_word' id='word_1_182' title='bbox 2518 1381 2625 1434; x_wconf 75' lang='grc' dir='ltr'><strong>ἀπὸ</strong></span> <span class='ocrx_word' id='word_1_183' title='bbox 2651 1380 2743 1433; x_wconf 82' lang='grc' dir='ltr'><strong>τοῦ</strong></span> <span class='ocrx_word' id='word_1_184' title='bbox 2783 1382 3128 1455; x_wconf 83' lang='grc' dir='ltr'><strong>Ἰανουαρίου,</strong></span> <span class='ocrx_word' id='word_1_185' title='bbox 3157 1385 3203 1436; x_wconf 91' lang='grc' dir='ltr'><strong>εί</strong></span> <span class='ocrx_word' id='word_1_186' title='bbox 3235 1384 3333 1454; x_wconf 74' lang='grc' dir='ltr'><strong>μὲν</strong></span> <span class='ocrx_word' id='word_1_187' title='bbox 3365 1384 3441 1439; x_wconf 79' lang='grc' dir='ltr'><strong>ενι</strong></span> <span class='ocrx_word' id='word_1_188' title='bbox 3467 1387 3497 1438; x_wconf 90' lang='grc' dir='ltr'><strong>ό</strong></span> <span class='ocrx_word' id='word_1_189' title='bbox 3526 1386 3713 1456; x_wconf 82' lang='grc' dir='ltr'><strong>χρόνος</strong></span> 
     </span>
    </p>
   </div>
   <div class='ocr_carea' id='block_1_24' title="bbox 486 1469 2045 1548">
    <p class='ocr_par' dir='ltr' id='par_1_24' title="bbox 486 1470 2045 1544">
     <span class='ocr_line' id='line_1_24' title="bbox 486 1470 2045 1544; baseline -0.003 -14"><span class='ocrx_word' id='word_1_190' title='bbox 486 1474 762 1530; x_wconf 90' lang='lat' dir='ltr'><strong>communi</strong></span> <span class='ocrx_word' id='word_1_191' title='bbox 791 1473 1038 1528; x_wconf 90' lang='lat' dir='ltr'><strong>eumdem</strong></span> <span class='ocrx_word' id='word_1_192' title='bbox 1079 1488 1253 1544; x_wconf 90' lang='lat' dir='ltr'><strong>usque</strong></span> <span class='ocrx_word' id='word_1_193' title='bbox 1293 1472 1359 1526; x_wconf 89' lang='lat' dir='ltr'><strong>ad</strong></span> <span class='ocrx_word' id='word_1_194' title='bbox 1403 1470 1683 1526; x_wconf 89' lang='lat' dir='ltr'><strong>Februarii</strong></span> <span class='ocrx_word' id='word_1_195' title='bbox 1718 1473 1878 1527; x_wconf 77' lang='lat' dir='ltr'><strong>finem</strong></span> <span class='ocrx_word' id='word_1_196' title='bbox 1901 1472 2045 1527; x_wconf 93' lang='lat' dir='ltr'><strong>dun-</strong></span> 
     </span>
    </p>
   </div>
   <div class='ocr_carea' id='block_1_25' title="bbox 2141 1469 3700 1548">
    <p class='ocr_par' dir='ltr' id='par_1_25' title="bbox 2149 1469 3700 1548">
     <span class='ocr_line' id='line_1_25' title="bbox 2149 1469 3700 1548; baseline 0.005 -25"><span class='ocrx_word' id='word_1_197' title='bbox 2149 1469 2410 1540; x_wconf 81' lang='grc' dir='ltr'><strong>βίσεξτος,</strong></span> <span class='ocrx_word' id='word_1_198' title='bbox 2448 1472 2634 1541; x_wconf 74' lang='grc' dir='ltr'><strong>εἴσαγε</strong></span> <span class='ocrx_word' id='word_1_199' title='bbox 2665 1472 2761 1544; x_wconf 82' lang='grc' dir='ltr'><strong>τὴν</strong></span> <span class='ocrx_word' id='word_1_200' title='bbox 2787 1473 2846 1539; x_wconf 78' lang='grc' dir='ltr'><strong>ἐξ</strong></span> <span class='ocrx_word' id='word_1_201' title='bbox 2910 1469 3073 1527; x_wconf 78' lang='grc' dir='ltr'><strong>αὐτοῦ</strong></span> <span class='ocrx_word' id='word_1_202' title='bbox 3107 1473 3521 1548; x_wconf 81' lang='grc' dir='ltr'><strong>λαμϐανομένην</strong></span> <span class='ocrx_word' id='word_1_203' title='bbox 3573 1477 3700 1548; x_wconf 89' lang='grc' dir='ltr'><strong>μίαν</strong></span> 
     </span>
    </p>
   </div>
   <div class='ocr_carea' id='block_1_26' title="bbox 487 1563 2046 1642">
    <p class='ocr_par' dir='ltr' id='par_1_26' title="bbox 487 1563 2043 1634">
     <span class='ocr_line' id='line_1_26' title="bbox 487 1563 2043 1634; baseline -0.001 -14"><span class='ocrx_word' id='word_1_204' title='bbox 487 1573 636 1621; x_wconf 80' lang='lat' dir='ltr'><strong>taxat</strong></span> <span class='ocrx_word' id='word_1_205' title='bbox 683 1579 952 1628; x_wconf 84' lang='lat' dir='ltr'><strong>assumes,</strong></span> <span class='ocrx_word' id='word_1_206' title='bbox 999 1579 1174 1634; x_wconf 91' lang='lat' dir='ltr'><strong>eoque</strong></span> <span class='ocrx_word' id='word_1_207' title='bbox 1223 1570 1501 1617; x_wconf 82' lang='lat' dir='ltr'><strong>transacto</strong></span> <span class='ocrx_word' id='word_1_208' title='bbox 1555 1563 1742 1617; x_wconf 81' lang='lat' dir='ltr'><strong>ambos</strong></span> <span class='ocrx_word' id='word_1_209' title='bbox 1802 1563 2043 1618; x_wconf 81' lang='lat' dir='ltr'><strong>omittes.</strong></span> 
     </span>
    </p>
   </div>
   <div class='ocr_carea' id='block_1_27' title="bbox 2152 1563 3711 1642">
    <p class='ocr_par' dir='ltr' id='par_1_27' title="bbox 2152 1564 3711 1642">
     <span class='ocr_line' id='line_1_27' title="bbox 2152 1564 3711 1642; baseline 0.004 -26"><span class='ocrx_word' id='word_1_210' title='bbox 2152 1564 2314 1635; x_wconf 78' lang='grc' dir='ltr'><strong>ήμισυ</strong></span> <span class='ocrx_word' id='word_1_211' title='bbox 2345 1564 2558 1636; x_wconf 80' lang='grc' dir='ltr'><strong>ἡμέραν</strong></span> <span class='ocrx_word' id='word_1_212' title='bbox 2591 1564 2712 1619; x_wconf 85' lang='grc' dir='ltr'><strong>καθ’</strong></span> <span class='ocrx_word' id='word_1_213' title='bbox 2739 1565 2858 1620; x_wconf 81' lang='grc' dir='ltr'><strong>ὅλον</strong></span> <span class='ocrx_word' id='word_1_214' title='bbox 2888 1566 2978 1620; x_wconf 80' lang='grc' dir='ltr'><strong>τὸν</strong></span> <span class='ocrx_word' id='word_1_215' title='bbox 3012 1568 3275 1630; x_wconf 77' lang='grc' dir='ltr'><strong>ἐνιαυτὸν,</strong></span> <span class='ocrx_word' id='word_1_216' title='bbox 3304 1571 3471 1641; x_wconf 70' lang='grc' dir='ltr'><strong>ἤγουν</strong></span> <span class='ocrx_word' id='word_1_217' title='bbox 3521 1570 3711 1642; x_wconf 82' lang='grc' dir='ltr'><strong>μέχρις</strong></span> 
     </span>
    </p>
   </div>
   <div class='ocr_carea' id='block_1_28' title="bbox 485 1654 2044 1730">
    <p class='ocr_par' dir='ltr' id='par_1_28' title="bbox 485 1654 2044 1727">
     <span class='ocr_line' id='line_1_28' title="bbox 485 1654 2044 1727; baseline -0.001 -16"><span class='ocrx_word' id='word_1_218' title='bbox 485 1657 693 1727; x_wconf 81' lang='lat' dir='ltr'><strong>Quippe</strong></span> <span class='ocrx_word' id='word_1_219' title='bbox 721 1655 989 1711; x_wconf 80' lang='lat' dir='ltr'><strong>defectum</strong></span> <span class='ocrx_word' id='word_1_220' title='bbox 1020 1657 1185 1712; x_wconf 87' lang='lat' dir='ltr'><strong>unius</strong></span> <span class='ocrx_word' id='word_1_221' title='bbox 1225 1655 1452 1711; x_wconf 87' lang='lat' dir='ltr'><strong>alterius</strong></span> <span class='ocrx_word' id='word_1_222' title='bbox 1495 1654 1856 1710; x_wconf 89' lang='lat' dir='ltr'><strong>redundantia</strong></span> <span class='ocrx_word' id='word_1_223' title='bbox 1890 1669 2044 1709; x_wconf 92' lang='lat' dir='ltr'><strong>com-</strong></span> 
     </span>
    </p>
   </div>
   <div class='ocr_carea' id='block_1_29' title="bbox 2152 1654 3711 1730">
    <p class='ocr_par' dir='ltr' id='par_1_29' title="bbox 2152 1656 3711 1730">
     <span class='ocr_line' id='line_1_29' title="bbox 2152 1656 3711 1730; baseline 0.003 -20"><span class='ocrx_word' id='word_1_224' title='bbox 2152 1657 2213 1710; x_wconf 77' lang='grc' dir='ltr'><strong>ἂν</strong></span> <span class='ocrx_word' id='word_1_225' title='bbox 2238 1656 2450 1729; x_wconf 80' lang='grc' dir='ltr'><strong>φθάσης</strong></span> <span class='ocrx_word' id='word_1_226' title='bbox 2471 1658 2568 1729; x_wconf 81' lang='grc' dir='ltr'><strong>τὴν</strong></span> <span class='ocrx_word' id='word_1_227' title='bbox 2599 1658 2770 1730; x_wconf 81' lang='grc' dir='ltr'><strong>ἀρχὴν</strong></span> <span class='ocrx_word' id='word_1_228' title='bbox 2802 1658 2894 1711; x_wconf 83' lang='grc' dir='ltr'><strong>τοῦ</strong></span> <span class='ocrx_word' id='word_1_229' title='bbox 2927 1661 3008 1723; x_wconf 83' lang='grc' dir='ltr'><strong>εἰς</strong></span> <span class='ocrx_word' id='word_1_230' title='bbox 3035 1660 3096 1712; x_wconf 83' lang='grc' dir='ltr'><strong>τὸ</strong></span> <span class='ocrx_word' id='word_1_231' title='bbox 3137 1661 3287 1715; x_wconf 80' lang='grc' dir='ltr'><strong>ἐπιὸν</strong></span> <span class='ocrx_word' id='word_1_232' title='bbox 3319 1661 3440 1725; x_wconf 78' lang='grc' dir='ltr'><strong>ἔτος</strong></span> <span class='ocrx_word' id='word_1_233' title='bbox 3480 1663 3711 1716; x_wconf 78' lang='grc' dir='ltr'><strong>Ἰανουαο</strong></span> 
     </span>
    </p>
   </div>
   <div class='ocr_carea' id='block_1_30' title="bbox 483 1746 2042 1823">
    <p class='ocr_par' dir='ltr' id='par_1_30' title="bbox 483 1746 2042 1820">
     <span class='ocr_line' id='line_1_30' title="bbox 483 1746 2042 1820; baseline -0.003 -15"><span class='ocrx_word' id='word_1_234' title='bbox 483 1757 694 1820; x_wconf 86' lang='lat' dir='ltr'><strong>pensat.</strong></span> <span class='ocrx_word' id='word_1_235' title='bbox 726 1747 993 1818; x_wconf 88' lang='lat' dir='ltr'><strong>Deinceps</strong></span> <span class='ocrx_word' id='word_1_236' title='bbox 1017 1763 1147 1819; x_wconf 81' lang='lat' dir='ltr'><strong>ergo</strong></span> <span class='ocrx_word' id='word_1_237' title='bbox 1177 1748 1248 1803; x_wconf 89' lang='lat' dir='ltr'><strong>ab</strong></span> <span class='ocrx_word' id='word_1_238' title='bbox 1279 1748 1372 1802; x_wconf 88' lang='lat' dir='ltr'><strong>illa</strong></span> <span class='ocrx_word' id='word_1_239' title='bbox 1399 1746 1805 1802; x_wconf 90' lang='lat' dir='ltr'><strong>contributione</strong></span> <span class='ocrx_word' id='word_1_240' title='bbox 1825 1752 2042 1802; x_wconf 90' lang='lat' dir='ltr'><strong>manent</strong></span> 
     </span>
    </p>
   </div>
   <div class='ocr_carea' id='block_1_31' title="bbox 2152 1746 3711 1823">
    <p class='ocr_par' dir='ltr' id='par_1_31' title="bbox 2152 1746 3711 1823">
     <span class='ocr_line' id='line_1_31' title="bbox 2152 1746 3711 1823; baseline 0.003 -24"><span class='ocrx_word' id='word_1_241' title='bbox 2152 1746 2282 1818; x_wconf 80' lang='grc' dir='ltr'><strong>ρίου·</strong></span> <span class='ocrx_word' id='word_1_242' title='bbox 2313 1749 2361 1801; x_wconf 82' lang='grc' dir='ltr'><strong>εί</strong></span> <span class='ocrx_word' id='word_1_243' title='bbox 2397 1748 2442 1801; x_wconf 85' lang='grc' dir='ltr'><strong>δ’</strong></span> <span class='ocrx_word' id='word_1_244' title='bbox 2481 1748 2582 1801; x_wconf 81' lang='grc' dir='ltr'><strong>οὐκ</strong></span> <span class='ocrx_word' id='word_1_245' title='bbox 2605 1747 2716 1800; x_wconf 78' lang='grc' dir='ltr'><strong>ἐστι</strong></span> <span class='ocrx_word' id='word_1_246' title='bbox 2739 1747 2996 1817; x_wconf 83' lang='grc' dir='ltr'><strong>βίσεξτος,</strong></span> <span class='ocrx_word' id='word_1_247' title='bbox 3025 1749 3264 1820; x_wconf 78' lang='grc' dir='ltr'><strong>λάμϐανε</strong></span> <span class='ocrx_word' id='word_1_248' title='bbox 3290 1749 3496 1821; x_wconf 81' lang='grc' dir='ltr'><strong>ταύτην</strong></span> <span class='ocrx_word' id='word_1_249' title='bbox 3520 1751 3711 1823; x_wconf 84' lang='grc' dir='ltr'><strong>μέχρις</strong></span> 
     </span>
    </p>
   </div>
   <div class='ocr_carea' id='block_1_32' title="bbox 482 1817 2041 1911">
    <p class='ocr_par' dir='ltr' id='par_1_32' title="bbox 482 1837 2040 1909">
     <span class='ocr_line' id='line_1_32' title="bbox 482 1837 2040 1909; baseline -0.003 -13"><span class='ocrx_word' id='word_1_250' title='bbox 482 1842 749 1896; x_wconf 79' lang='lat' dir='ltr'><strong>immunes</strong></span> <span class='ocrx_word' id='word_1_251' title='bbox 773 1839 848 1893; x_wconf 87' lang='lat' dir='ltr'><strong>illi</strong></span> <span class='ocrx_word' id='word_1_252' title='bbox 876 1839 984 1893; x_wconf 95' lang='lat' dir='ltr'><strong>duo</strong></span> <span class='ocrx_word' id='word_1_253' title='bbox 1013 1854 1232 1895; x_wconf 88' lang='lat' dir='ltr'><strong>menses</strong></span> <span class='ocrx_word' id='word_1_254' title='bbox 1260 1855 1433 1909; x_wconf 89' lang='lat' dir='ltr'><strong>usque</strong></span> <span class='ocrx_word' id='word_1_255' title='bbox 1457 1840 1521 1893; x_wconf 90' lang='lat' dir='ltr'><strong>ad</strong></span> <span class='ocrx_word' id='word_1_256' title='bbox 1548 1853 1720 1894; x_wconf 89' lang='lat' dir='ltr'><strong>annos</strong></span> <span class='ocrx_word' id='word_1_257' title='bbox 1747 1847 1858 1892; x_wconf 88' lang='lat' dir='ltr'><strong>tres</strong></span> <span class='ocrx_word' id='word_1_258' title='bbox 1883 1837 2040 1893; x_wconf 86' lang='lat' dir='ltr'><strong>abso-</strong></span> 
     </span>
    </p>
   </div>
   <div class='ocr_carea' id='block_1_33' title="bbox 2151 1817 3710 1911">
    <p class='ocr_par' dir='ltr' id='par_1_33' title="bbox 2151 1817 3710 1911">
     <span class='ocr_line' id='line_1_33' title="bbox 2151 1817 3710 1911; baseline -0.001 -19"><span class='ocrx_word' id='word_1_259' title='bbox 2151 1817 2210 1892; x_wconf 68' lang='grc' dir='ltr'><strong>ἂν</strong></span> <span class='ocrx_word' id='word_1_260' title='bbox 2232 1837 2490 1910; x_wconf 83' lang='grc' dir='ltr'><strong>πληρώσῃ</strong></span> <span class='ocrx_word' id='word_1_261' title='bbox 2518 1840 2559 1871; x_wconf 77' lang='grc'>⁸⁸</span> <span class='ocrx_word' id='word_1_262' title='bbox 2593 1841 2621 1892; x_wconf 86' lang='grc' dir='ltr'>ὁ</span> <span class='ocrx_word' id='word_1_263' title='bbox 2657 1838 3017 1911; x_wconf 78' lang='grc' dir='ltr'><strong>Φεϐρουάριος</strong></span> <span class='ocrx_word' id='word_1_264' title='bbox 3046 1817 3136 1893; x_wconf 78' lang='grc' dir='ltr'><strong>καὶ</strong></span> <span class='ocrx_word' id='word_1_265' title='bbox 3165 1841 3343 1910; x_wconf 86' lang='grc' dir='ltr'><strong>μόνον,</strong></span> <span class='ocrx_word' id='word_1_266' title='bbox 3376 1817 3470 1893; x_wconf 53' lang='grc' dir='ltr'><strong>καί.</strong></span> <span class='ocrx_word' id='word_1_267' title='bbox 3495 1817 3710 1910; x_wconf 67' lang='grc' dir='ltr'><strong>μετάτὸ</strong></span> 
     </span>
    </p>
   </div>
   <div class='ocr_carea' id='block_1_34' title="bbox 482 1927 2041 2001">
    <p class='ocr_par' dir='ltr' id='par_1_34' title="bbox 482 1928 2040 2001">
     <span class='ocr_line' id='line_1_34' title="bbox 482 1928 2040 2001; baseline -0.003 -14"><span class='ocrx_word' id='word_1_268' title='bbox 482 1934 644 1997; x_wconf 85' lang='lat' dir='ltr'><strong>lutos,</strong></span> <span class='ocrx_word' id='word_1_269' title='bbox 670 1932 772 1988; x_wconf 92' lang='lat' dir='ltr'><strong>hoc</strong></span> <span class='ocrx_word' id='word_1_270' title='bbox 796 1939 879 1986; x_wconf 93' lang='lat' dir='ltr'><strong>est</strong></span> <span class='ocrx_word' id='word_1_271' title='bbox 910 1945 1083 2001; x_wconf 83' lang='lat' dir='ltr'><strong>usque</strong></span> <span class='ocrx_word' id='word_1_272' title='bbox 1112 1932 1179 1987; x_wconf 92' lang='lat' dir='ltr'><strong>ad</strong></span> <span class='ocrx_word' id='word_1_273' title='bbox 1211 1931 1548 1987; x_wconf 86' lang='lat' dir='ltr'><strong>bissextilem</strong></span> <span class='ocrx_word' id='word_1_274' title='bbox 1568 1930 1816 1985; x_wconf 90' lang='lat' dir='ltr'><strong>alterum.</strong></span> <span class='ocrx_word' id='word_1_275' title='bbox 1844 1928 2040 1996; x_wconf 86' lang='lat' dir='ltr'><strong>Quam-</strong></span> 
     </span>
    </p>
   </div>
   <div class='ocr_carea' id='block_1_35' title="bbox 2148 1927 3707 2001">
    <p class='ocr_par' dir='ltr' id='par_1_35' title="bbox 2148 1927 3707 2001">
     <span class='ocr_line' id='line_1_35' title="bbox 2148 1927 3707 2001; baseline 0 -19"><span class='ocrx_word' id='word_1_276' title='bbox 2148 1927 2499 1999; x_wconf 76' lang='grc' dir='ltr'><strong>πληρωθῆναι</strong></span> <span class='ocrx_word' id='word_1_277' title='bbox 2544 1927 2702 1980; x_wconf 80' lang='grc' dir='ltr'><strong>αὐτὸν</strong></span> <span class='ocrx_word' id='word_1_278' title='bbox 2741 1927 3118 1998; x_wconf 87' lang='grc' dir='ltr'><strong>καταλίμπανε</strong></span> <span class='ocrx_word' id='word_1_279' title='bbox 3156 1929 3519 2001; x_wconf 78' lang='grc' dir='ltr'><strong>ἀμφοτέρους.</strong></span> <span class='ocrx_word' id='word_1_280' title='bbox 3559 1931 3707 1999; x_wconf 85' lang='grc' dir='ltr'><strong>Λαμ-</strong></span> 
     </span>
    </p>
   </div>
   <div class='ocr_carea' id='block_1_36' title="bbox 478 2017 2037 2092">
    <p class='ocr_par' dir='ltr' id='par_1_36' title="bbox 478 2019 2037 2090">
     <span class='ocr_line' id='line_1_36' title="bbox 478 2019 2037 2090; baseline -0.004 -11"><span class='ocrx_word' id='word_1_281' title='bbox 478 2023 665 2079; x_wconf 85' lang='lat' dir='ltr'><strong>obrem</strong></span> <span class='ocrx_word' id='word_1_282' title='bbox 706 2021 1042 2078; x_wconf 87' lang='lat' dir='ltr'><strong>transcensis</strong></span> <span class='ocrx_word' id='word_1_283' title='bbox 1079 2022 1221 2086; x_wconf 88' lang='lat' dir='ltr'><strong>istis,</strong></span> <span class='ocrx_word' id='word_1_284' title='bbox 1265 2021 1344 2076; x_wconf 92' lang='lat' dir='ltr'><strong>uti</strong></span> <span class='ocrx_word' id='word_1_285' title='bbox 1392 2021 1599 2076; x_wconf 88' lang='lat' dir='ltr'><strong>dictum</strong></span> <span class='ocrx_word' id='word_1_286' title='bbox 1637 2026 1741 2082; x_wconf 91' lang='lat' dir='ltr'><strong>est,</strong></span> <span class='ocrx_word' id='word_1_287' title='bbox 1776 2019 1966 2090; x_wconf 87' lang='lat' dir='ltr'><strong>incipit</strong></span> <span class='ocrx_word' id='word_1_288' title='bbox 2009 2034 2037 2073; x_wconf 85' lang='lat' dir='ltr'><strong>a</strong></span> 
     </span>
    </p>
   </div>
   <div class='ocr_carea' id='block_1_37' title="bbox 2148 2017 3707 2092">
    <p class='ocr_par' dir='ltr' id='par_1_37' title="bbox 2148 2017 3707 2092">
     <span class='ocr_line' id='line_1_37' title="bbox 2148 2017 3707 2092; baseline 0 -20"><span class='ocrx_word' id='word_1_289' title='bbox 2148 2019 2298 2072; x_wconf 86' lang='grc' dir='ltr'><strong>6άνει</strong></span> <span class='ocrx_word' id='word_1_290' title='bbox 2322 2018 2428 2088; x_wconf 87' lang='grc' dir='ltr'><strong>γὰρ</strong></span> <span class='ocrx_word' id='word_1_291' title='bbox 2450 2019 2549 2088; x_wconf 83' lang='grc' dir='ltr'><strong>τὴν</strong></span> <span class='ocrx_word' id='word_1_292' title='bbox 2577 2017 2670 2071; x_wconf 81' lang='grc' dir='ltr'><strong>τοῦ</strong></span> <span class='ocrx_word' id='word_1_293' title='bbox 2713 2017 2829 2082; x_wconf 82' lang='grc' dir='ltr'><strong>ένὸς</strong></span> <span class='ocrx_word' id='word_1_294' title='bbox 2867 2020 3183 2090; x_wconf 82' lang='grc' dir='ltr'><strong>περισσείαν</strong></span> <span class='ocrx_word' id='word_1_295' title='bbox 3223 2022 3256 2090; x_wconf 85' lang='grc' dir='ltr'><strong>ή</strong></span> <span class='ocrx_word' id='word_1_296' title='bbox 3292 2020 3522 2092; x_wconf 88' lang='grc' dir='ltr'><strong>θατέρου</strong></span> <span class='ocrx_word' id='word_1_297' title='bbox 3556 2019 3707 2073; x_wconf 75' lang='grc' dir='ltr'><strong>ὑστέ-</strong></span> 
     </span>
    </p>
   </div>
   <div class='ocr_carea' id='block_1_38' title="bbox 477 2106 2036 2184">
    <p class='ocr_par' dir='ltr' id='par_1_38' title="bbox 477 2109 2036 2184">
     <span class='ocr_line' id='line_1_38' title="bbox 477 2109 2036 2184; baseline -0.003 -14"><span class='ocrx_word' id='word_1_298' title='bbox 477 2113 692 2178; x_wconf 78' lang='lat' dir='ltr'><strong>Martio,</strong></span> <span class='ocrx_word' id='word_1_299' title='bbox 731 2121 806 2181; x_wconf 93' lang='lat' dir='ltr'><strong>et,</strong></span> <span class='ocrx_word' id='word_1_300' title='bbox 853 2121 912 2168; x_wconf 94' lang='lat' dir='ltr'><strong>ut</strong></span> <span class='ocrx_word' id='word_1_301' title='bbox 949 2113 1407 2184; x_wconf 72' lang='lat' dir='ltr'><strong>praeseripsimus,</strong></span> <span class='ocrx_word' id='word_1_302' title='bbox 1440 2111 1556 2168; x_wconf 92' lang='lat' dir='ltr'><strong>dies</strong></span> <span class='ocrx_word' id='word_1_303' title='bbox 1602 2112 1723 2167; x_wconf 90' lang='lat' dir='ltr'><strong>illos</strong></span> <span class='ocrx_word' id='word_1_304' title='bbox 1757 2111 1943 2180; x_wconf 88' lang='lat' dir='ltr'><strong>accipe</strong></span> <span class='ocrx_word' id='word_1_305' title='bbox 1973 2109 2036 2165; x_wconf 90' lang='lat' dir='ltr'><strong>ad</strong></span> 
     </span>
    </p>
   </div>
   <div class='ocr_carea' id='block_1_39' title="bbox 2148 2106 3707 2184">
    <p class='ocr_par' dir='ltr' id='par_1_39' title="bbox 2149 2106 3707 2181">
     <span class='ocr_line' id='line_1_39' title="bbox 2149 2106 3707 2181; baseline 0.001 -19"><span class='ocrx_word' id='word_1_306' title='bbox 2149 2125 2324 2181; x_wconf 86' lang='grc' dir='ltr'><strong>ρησις.</strong></span> <span class='ocrx_word' id='word_1_307' title='bbox 2355 2106 2662 2161; x_wconf 83' lang='grc' dir='ltr'><strong>Κάντεῦθεν</strong></span> <span class='ocrx_word' id='word_1_308' title='bbox 2699 2108 2919 2179; x_wconf 89' lang='grc' dir='ltr'><strong>μένουσι</strong></span> <span class='ocrx_word' id='word_1_309' title='bbox 2964 2110 3058 2163; x_wconf 75' lang='grc' dir='ltr'><strong>καὶ</strong></span> <span class='ocrx_word' id='word_1_310' title='bbox 3089 2112 3138 2163; x_wconf 86' lang='grc' dir='ltr'><strong>οί</strong></span> <span class='ocrx_word' id='word_1_311' title='bbox 3170 2111 3265 2164; x_wconf 85' lang='grc' dir='ltr'><strong>δύο</strong></span> <span class='ocrx_word' id='word_1_312' title='bbox 3309 2112 3624 2175; x_wconf 83' lang='grc' dir='ltr'><strong>ἀσυντελεῖς</strong></span> <span class='ocrx_word' id='word_1_313' title='bbox 3655 2113 3707 2166; x_wconf 72' lang='grc' dir='ltr'><strong>ὲν</strong></span> 
     </span>
    </p>
   </div>
   <div class='ocr_carea' id='block_1_40' title="bbox 476 2198 2035 2276">
    <p class='ocr_par' dir='ltr' id='par_1_40' title="bbox 476 2205 1285 2276">
     <span class='ocr_line' id='line_1_40' title="bbox 476 2205 1285 2276; baseline -0.001 -15"><span class='ocrx_word' id='word_1_314' title='bbox 476 2220 602 2262; x_wconf 90' lang='lat' dir='ltr'><strong>eum</strong></span> <span class='ocrx_word' id='word_1_315' title='bbox 628 2221 802 2276; x_wconf 90' lang='lat' dir='ltr'><strong>usque</strong></span> <span class='ocrx_word' id='word_1_316' title='bbox 823 2205 915 2274; x_wconf 86' lang='lat' dir='ltr'><strong>qui</strong></span> <span class='ocrx_word' id='word_1_317' title='bbox 940 2207 1285 2276; x_wconf 76' lang='lat' dir='ltr'><strong>prepouitur.</strong></span> 
     </span>
    </p>
   </div>
   <div class='ocr_carea' id='block_1_41' title="bbox 2218 2198 3777 2276">
    <p class='ocr_par' dir='ltr' id='par_1_41' title="bbox 2242 2198 3709 2276">
     <span class='ocr_line' id='line_1_41' title="bbox 2242 2198 3709 2276; baseline 0.001 -23"><span class='ocrx_word' id='word_1_318' title='bbox 2242 2198 2464 2270; x_wconf 80' lang='grc' dir='ltr'><strong>τοιαύτῃ</strong></span> <span class='ocrx_word' id='word_1_319' title='bbox 2495 2201 2824 2270; x_wconf 74' lang='grc' dir='ltr'><strong>συνεισφορᾷ</strong></span> <span class='ocrx_word' id='word_1_320' title='bbox 2863 2201 3021 2273; x_wconf 87' lang='grc' dir='ltr'><strong>μέχρι</strong></span> <span class='ocrx_word' id='word_1_321' title='bbox 3061 2203 3506 2276; x_wconf 87' lang='grc' dir='ltr'><strong>συμπληρώσεως</strong></span> <span class='ocrx_word' id='word_1_322' title='bbox 3537 2205 3709 2258; x_wconf 73' lang='grc' dir='ltr'><strong>ἐνιαυ-</strong></span> 
     </span>
    </p>
   </div>
   <div class='ocr_carea' id='block_1_42' title="bbox 473 2290 3704 2370">
    <p class='ocr_par' dir='ltr' id='par_1_42' title="bbox 473 2290 3704 2370">
     <span class='ocr_line' id='line_1_42' title="bbox 473 2290 3704 2370; baseline 0 -20"><span class='ocrx_word' id='word_1_323' title='bbox 473 2295 585 2351; x_wconf 80' lang='grc' dir='ltr'><strong>τῶν</strong></span> <span class='ocrx_word' id='word_1_324' title='bbox 609 2296 771 2368; x_wconf 81' lang='grc' dir='ltr'><strong>τριῶν</strong></span> <span class='ocrx_word' id='word_1_325' title='bbox 790 2313 804 2328; x_wconf 83' lang='grc'><strong><em>⁸</em></strong></span> <span class='ocrx_word' id='word_1_326' title='bbox 838 2298 1003 2370; x_wconf 78' lang='grc' dir='ltr'><strong>ἦγουν</strong></span> <span class='ocrx_word' id='word_1_327' title='bbox 1028 2296 1218 2369; x_wconf 85' lang='grc' dir='ltr'><strong>μέχρις</strong></span> <span class='ocrx_word' id='word_1_328' title='bbox 1255 2295 1320 2350; x_wconf 81' lang='grc' dir='ltr'><strong>ἂν</strong></span> <span class='ocrx_word' id='word_1_329' title='bbox 1343 2294 1566 2368; x_wconf 85' lang='grc' dir='ltr'><strong>γένηται</strong></span> <span class='ocrx_word' id='word_1_330' title='bbox 1601 2295 1764 2350; x_wconf 86' lang='grc' dir='ltr'><strong>πάλιν</strong></span> <span class='ocrx_word' id='word_1_331' title='bbox 1794 2297 1823 2348; x_wconf 88' lang='grc' dir='ltr'><strong>ό</strong></span> <span class='ocrx_word' id='word_1_332' title='bbox 1851 2295 2040 2366; x_wconf 84' lang='grc' dir='ltr'><strong>χρόνος</strong></span> <span class='ocrx_word' id='word_1_333' title='bbox 2077 2294 2338 2367; x_wconf 79' lang='grc' dir='ltr'><strong>βίσεξτος.</strong></span> <span class='ocrx_word' id='word_1_334' title='bbox 2379 2293 2612 2356; x_wconf 87' lang='grc' dir='ltr'><strong>Τούτους</strong></span> <span class='ocrx_word' id='word_1_335' title='bbox 2659 2290 2751 2349; x_wconf 77' lang='grc' dir='ltr'><strong>οὖν</strong></span> <span class='ocrx_word' id='word_1_336' title='bbox 2775 2295 3138 2366; x_wconf 78' lang='grc' dir='ltr'><strong>ὑπερϐαίνων,</strong></span> <span class='ocrx_word' id='word_1_337' title='bbox 3163 2298 3238 2362; x_wconf 85' lang='grc' dir='ltr'><strong>ὡς</strong></span> <span class='ocrx_word' id='word_1_338' title='bbox 3266 2299 3504 2370; x_wconf 75' lang='grc' dir='ltr'><strong>εἴρηται,</strong></span> <span class='ocrx_word' id='word_1_339' title='bbox 3543 2299 3704 2368; x_wconf 77' lang='grc' dir='ltr'><strong>ἄρχου</strong></span> 
     </span>
    </p>
   </div>
   <div class='ocr_carea' id='block_1_43' title="bbox 473 2387 3705 2461">
    <p class='ocr_par' dir='ltr' id='par_1_43' title="bbox 473 2387 3705 2461">
     <span class='ocr_line' id='line_1_43' title="bbox 473 2387 3705 2461; baseline 0 -20"><span class='ocrx_word' id='word_1_340' title='bbox 473 2389 582 2442; x_wconf 81' lang='grc' dir='ltr'><strong>ἀπὺ</strong></span> <span class='ocrx_word' id='word_1_341' title='bbox 625 2387 720 2442; x_wconf 84' lang='grc' dir='ltr'><strong>τοῦ</strong></span> <span class='ocrx_word' id='word_1_342' title='bbox 789 2388 1063 2461; x_wconf 82' lang='grc' dir='ltr'><strong>Μαρτίου,</strong></span> <span class='ocrx_word' id='word_1_343' title='bbox 1095 2387 1384 2460; x_wconf 77' lang='grc' dir='ltr'><strong>λαμὸάνων</strong></span> <span class='ocrx_word' id='word_1_344' title='bbox 1425 2387 1524 2452; x_wconf 79' lang='grc' dir='ltr'><strong>τὰς</strong></span> <span class='ocrx_word' id='word_1_345' title='bbox 1583 2387 1969 2459; x_wconf 81' lang='grc' dir='ltr'><strong>διαληφθείσας</strong></span> <span class='ocrx_word' id='word_1_346' title='bbox 2031 2388 2244 2460; x_wconf 84' lang='grc' dir='ltr'><strong>ἡμέρας</strong></span> <span class='ocrx_word' id='word_1_347' title='bbox 2291 2387 2380 2441; x_wconf 69' lang='grc' dir='ltr'><strong>τὸν</strong></span> <span class='ocrx_word' id='word_1_348' title='bbox 2428 2387 2716 2458; x_wconf 79' lang='grc' dir='ltr'><strong>εἰρημένον</strong></span> <span class='ocrx_word' id='word_1_349' title='bbox 2764 2387 3002 2459; x_wconf 87' lang='grc' dir='ltr'><strong>τρόπον,</strong></span> <span class='ocrx_word' id='word_1_350' title='bbox 3054 2388 3213 2460; x_wconf 79' lang='grc' dir='ltr'><strong>ἄχρις</strong></span> <span class='ocrx_word' id='word_1_351' title='bbox 3253 2390 3318 2445; x_wconf 83' lang='grc' dir='ltr'><strong>ἂν</strong></span> <span class='ocrx_word' id='word_1_352' title='bbox 3358 2391 3573 2461; x_wconf 69' lang='grc' dir='ltr'><strong>φθάσῃς</strong></span> <span class='ocrx_word' id='word_1_353' title='bbox 3614 2389 3705 2458; x_wconf 74' lang='grc' dir='ltr'><strong>τὴν</strong></span> 
     </span>
    </p>
   </div>
   <div class='ocr_carea' id='block_1_44' title="bbox 474 2483 1069 2555">
    <p class='ocr_par' dir='ltr' id='par_1_44' title="bbox 474 2483 1069 2555">
     <span class='ocr_line' id='line_1_44' title="bbox 474 2483 1069 2555; baseline 0.002 -20"><span class='ocrx_word' id='word_1_354' title='bbox 474 2483 811 2555; x_wconf 77' lang='grc' dir='ltr'><strong>ζητουμένην</strong></span> <span class='ocrx_word' id='word_1_355' title='bbox 837 2483 1069 2555; x_wconf 78' lang='grc' dir='ltr'><strong>ἡμέραν.</strong></span> 
     </span>
    </p>
   </div>
   <div class='ocr_carea' id='block_1_45' title="bbox 543 2572 2102 2649">
    <p class='ocr_par' dir='ltr' id='par_1_45' title="bbox 543 2576 2036 2649">
     <span class='ocr_line' id='line_1_45' title="bbox 543 2576 2036 2649; baseline 0.001 -19"><span class='ocrx_word' id='word_1_356' title='bbox 543 2576 719 2647; x_wconf 85' lang='lat' dir='ltr'><strong>Atque</strong></span> <span class='ocrx_word' id='word_1_357' title='bbox 760 2586 818 2632; x_wconf 94' lang='lat' dir='ltr'><strong>ut</strong></span> <span class='ocrx_word' id='word_1_358' title='bbox 849 2591 938 2633; x_wconf 87' lang='lat' dir='ltr'><strong>res</strong></span> <span class='ocrx_word' id='word_1_359' title='bbox 973 2584 1090 2632; x_wconf 89' lang='lat' dir='ltr'><strong>tota</strong></span> <span class='ocrx_word' id='word_1_360' title='bbox 1134 2577 1226 2632; x_wconf 87' lang='lat' dir='ltr'><strong>tiat</strong></span> <span class='ocrx_word' id='word_1_361' title='bbox 1279 2577 1529 2648; x_wconf 92' lang='lat' dir='ltr'><strong>exemplo</strong></span> <span class='ocrx_word' id='word_1_362' title='bbox 1571 2578 1755 2649; x_wconf 91' lang='lat' dir='ltr'><strong>aliquo</strong></span> <span class='ocrx_word' id='word_1_363' title='bbox 1805 2578 2036 2642; x_wconf 89' lang='lat' dir='ltr'><strong>clarior,</strong></span> 
     </span>
    </p>
   </div>
   <div class='ocr_carea' id='block_1_46' title="bbox 2141 2572 3700 2649">
    <p class='ocr_par' dir='ltr' id='par_1_46' title="bbox 2213 2572 3700 2648">
     <span class='ocr_line' id='line_1_46' title="bbox 2213 2572 3700 2648; baseline 0.004 -21"><span class='ocrx_word' id='word_1_364' title='bbox 2213 2574 2330 2628; x_wconf 87' lang='grc' dir='ltr'><strong>’Ὶνα</strong></span> <span class='ocrx_word' id='word_1_365' title='bbox 2355 2573 2410 2627; x_wconf 87' lang='grc' dir='ltr'><strong>δὲ</strong></span> <span class='ocrx_word' id='word_1_366' title='bbox 2441 2573 2534 2628; x_wconf 79' lang='grc' dir='ltr'><strong>καὶ</strong></span> <span class='ocrx_word' id='word_1_367' title='bbox 2567 2573 2634 2627; x_wconf 86' lang='grc' dir='ltr'><strong>δι’</strong></span> <span class='ocrx_word' id='word_1_368' title='bbox 2671 2572 3063 2645; x_wconf 72' lang='grc' dir='ltr'><strong>ὑπώείγματος</strong></span> <span class='ocrx_word' id='word_1_369' title='bbox 3095 2577 3423 2647; x_wconf 74' lang='grc' dir='ltr'><strong>σαφέστερον</strong></span> <span class='ocrx_word' id='word_1_370' title='bbox 3459 2579 3522 2631; x_wconf 82' lang='grc' dir='ltr'><strong>τὸ</strong></span> <span class='ocrx_word' id='word_1_371' title='bbox 3555 2579 3700 2648; x_wconf 85' lang='grc' dir='ltr'><strong>λεγό-</strong></span> 
     </span>
    </p>
   </div>
   <div class='ocr_carea' id='block_1_47' title="bbox 472 2663 2031 2743">
    <p class='ocr_par' dir='ltr' id='par_1_47' title="bbox 472 2669 2031 2743">
     <span class='ocr_line' id='line_1_47' title="bbox 472 2669 2031 2743; baseline 0 -21"><span class='ocrx_word' id='word_1_372' title='bbox 472 2679 749 2738; x_wconf 59' lang='lat' dir='ltr'><strong>quaeratur</strong></span> <span class='ocrx_word' id='word_1_373' title='bbox 781 2669 882 2725; x_wconf 91' lang='lat' dir='ltr'><strong>hoc</strong></span> <span class='ocrx_word' id='word_1_374' title='bbox 915 2684 1079 2736; x_wconf 89' lang='lat' dir='ltr'><strong>anno,</strong></span> <span class='ocrx_word' id='word_1_375' title='bbox 1104 2669 1198 2739; x_wconf 87' lang='lat' dir='ltr'><strong>qui</strong></span> <span class='ocrx_word' id='word_1_376' title='bbox 1227 2676 1310 2725; x_wconf 86' lang='lat' dir='ltr'><strong>est</strong></span> <span class='ocrx_word' id='word_1_377' title='bbox 1331 2670 1492 2740; x_wconf 82' lang='lat'><strong>6885,</strong></span> <span class='ocrx_word' id='word_1_378' title='bbox 1521 2679 1652 2743; x_wconf 87' lang='lat' dir='ltr'><strong>quot</strong></span> <span class='ocrx_word' id='word_1_379' title='bbox 1673 2671 1883 2725; x_wconf 90' lang='lat' dir='ltr'><strong>dierum</strong></span> <span class='ocrx_word' id='word_1_380' title='bbox 1912 2670 2031 2723; x_wconf 89' lang='lat' dir='ltr'><strong>luna</strong></span> 
     </span>
    </p>
   </div>
   <div class='ocr_carea' id='block_1_48' title="bbox 2140 2663 3699 2743">
    <p class='ocr_par' dir='ltr' id='par_1_48' title="bbox 2141 2663 3699 2739">
     <span class='ocr_line' id='line_1_48' title="bbox 2141 2663 3699 2739; baseline 0.001 -18"><span class='ocrx_word' id='word_1_381' title='bbox 2141 2684 2300 2739; x_wconf 86' lang='grc' dir='ltr'><strong>μενον</strong></span> <span class='ocrx_word' id='word_1_382' title='bbox 2324 2665 2568 2736; x_wconf 88' lang='grc' dir='ltr'><strong>γένηται,</strong></span> <span class='ocrx_word' id='word_1_383' title='bbox 2602 2663 2802 2720; x_wconf 85' lang='grc' dir='ltr'><strong>κείσθω</strong></span> <span class='ocrx_word' id='word_1_384' title='bbox 2831 2664 3014 2737; x_wconf 78' lang='grc' dir='ltr'><strong>ζητεῖν</strong></span> <span class='ocrx_word' id='word_1_385' title='bbox 3057 2667 3203 2736; x_wconf 80' lang='grc' dir='ltr'><strong>ἡμᾶς</strong></span> <span class='ocrx_word' id='word_1_386' title='bbox 3235 2667 3375 2720; x_wconf 86' lang='grc' dir='ltr'><strong>κατὰ</strong></span> <span class='ocrx_word' id='word_1_387' title='bbox 3403 2668 3464 2721; x_wconf 85' lang='grc' dir='ltr'><strong>τὸ</strong></span> <span class='ocrx_word' id='word_1_388' title='bbox 3493 2670 3699 2723; x_wconf 74' lang='grc' dir='ltr'><strong>ἐνιστά-</strong></span> 
     </span>
    </p>
   </div>
   <div class='ocr_carea' id='block_1_49' title="bbox 469 2756 2028 2830">
    <p class='ocr_par' dir='ltr' id='par_1_49' title="bbox 469 2757 2028 2826">
     <span class='ocr_line' id='line_1_49' title="bbox 469 2757 2028 2826; baseline 0.001 -11"><span class='ocrx_word' id='word_1_389' title='bbox 469 2761 542 2815; x_wconf 83' lang='lat' dir='ltr'><strong>sit</strong></span> <span class='ocrx_word' id='word_1_390' title='bbox 563 2757 689 2814; x_wconf 73' lang='lat' dir='ltr'><strong>Maii</strong></span> <span class='ocrx_word' id='word_1_391' title='bbox 719 2760 999 2817; x_wconf 87' lang='lat' dir='ltr'><strong>vicesimo.</strong></span> <span class='ocrx_word' id='word_1_392' title='bbox 1038 2759 1280 2816; x_wconf 91' lang='lat' dir='ltr'><strong>Primum</strong></span> <span class='ocrx_word' id='word_1_393' title='bbox 1324 2762 1562 2819; x_wconf 83' lang='lat' dir='ltr'><strong>radicem</strong></span> <span class='ocrx_word' id='word_1_394' title='bbox 1607 2763 1776 2826; x_wconf 87' lang='lat' dir='ltr'><strong>illius,</strong></span> <span class='ocrx_word' id='word_1_395' title='bbox 1812 2763 1914 2816; x_wconf 88' lang='lat' dir='ltr'><strong>hoc</strong></span> <span class='ocrx_word' id='word_1_396' title='bbox 1954 2769 2028 2816; x_wconf 91' lang='lat' dir='ltr'><strong>esl</strong></span> 
     </span>
    </p>
   </div>
   <div class='ocr_carea' id='block_1_50' title="bbox 2141 2756 3700 2830">
    <p class='ocr_par' dir='ltr' id='par_1_50' title="bbox 2141 2756 3700 2830">
     <span class='ocr_line' id='line_1_50' title="bbox 2141 2756 3700 2830; baseline 0.002 -19"><span class='ocrx_word' id='word_1_397' title='bbox 2141 2773 2299 2829; x_wconf 90' lang='grc' dir='ltr'><strong>μενον</strong></span> <span class='ocrx_word' id='word_1_398' title='bbox 2320 2763 2508 2823; x_wconf 68' lang='grc' dir='ltr'><strong>,ςξωπε⁹</strong></span> <span class='ocrx_word' id='word_1_399' title='bbox 2528 2756 2644 2820; x_wconf 71' lang='grc' dir='ltr'><strong>ἔτος</strong></span> <span class='ocrx_word' id='word_1_400' title='bbox 2668 2757 2849 2810; x_wconf 89' lang='grc' dir='ltr'><strong>πόσων</strong></span> <span class='ocrx_word' id='word_1_401' title='bbox 2865 2757 3089 2828; x_wconf 86' lang='grc' dir='ltr'><strong>ήμερῶν</strong></span> <span class='ocrx_word' id='word_1_402' title='bbox 3118 2760 3263 2812; x_wconf 78' lang='grc' dir='ltr'><strong>ἐστιν</strong></span> <span class='ocrx_word' id='word_1_403' title='bbox 3289 2760 3317 2829; x_wconf 85' lang='grc' dir='ltr'><strong>ή</strong></span> <span class='ocrx_word' id='word_1_404' title='bbox 3347 2759 3546 2830; x_wconf 78' lang='grc' dir='ltr'><strong>σελήνη</strong></span> <span class='ocrx_word' id='word_1_405' title='bbox 3568 2761 3700 2814; x_wconf 83' lang='grc' dir='ltr'><strong>κατά</strong></span> 
     </span>
    </p>
   </div>
   <div class='ocr_carea' id='block_1_51' title="bbox 471 2845 2030 2925">
    <p class='ocr_par' dir='ltr' id='par_1_51' title="bbox 471 2851 2030 2925">
     <span class='ocr_line' id='line_1_51' title="bbox 471 2851 2030 2925; baseline 0.001 -19"><span class='ocrx_word' id='word_1_406' title='bbox 471 2868 564 2916; x_wconf 90' lang='lat' dir='ltr'><strong>xx,</strong></span> <span class='ocrx_word' id='word_1_407' title='bbox 615 2854 932 2909; x_wconf 87' lang='lat' dir='ltr'><strong>sumimus:</strong></span> <span class='ocrx_word' id='word_1_408' title='bbox 983 2869 1047 2908; x_wconf 91' lang='lat' dir='ltr'><strong>ac</strong></span> <span class='ocrx_word' id='word_1_409' title='bbox 1097 2854 1483 2925; x_wconf 58' lang='lat' dir='ltr'><strong>praetermissis</strong></span> <span class='ocrx_word' id='word_1_410' title='bbox 1535 2853 1798 2909; x_wconf 84' lang='lat' dir='ltr'><strong>Januario</strong></span> <span class='ocrx_word' id='word_1_411' title='bbox 1840 2861 1894 2909; x_wconf 91' lang='lat' dir='ltr'><strong>et</strong></span> <span class='ocrx_word' id='word_1_412' title='bbox 1945 2851 2030 2908; x_wconf 56' lang='grc' dir='ltr'><strong>[τε</strong></span> 
     </span>
    </p>
   </div>
   <div class='ocr_carea' id='block_1_52' title="bbox 2142 2845 3701 2925">
    <p class='ocr_par' dir='ltr' id='par_1_52' title="bbox 2142 2845 3701 2922">
     <span class='ocr_line' id='line_1_52' title="bbox 2142 2845 3701 2922; baseline 0.001 -18"><span class='ocrx_word' id='word_1_413' title='bbox 2142 2850 2232 2922; x_wconf 83' lang='grc' dir='ltr'><strong>τὴν</strong></span> <span class='ocrx_word' id='word_1_414' title='bbox 2261 2855 2310 2904; x_wconf 87' lang='grc' dir='ltr'><strong>κ’</strong></span> <span class='ocrx_word' id='word_1_415' title='bbox 2341 2848 2433 2903; x_wconf 79' lang='grc' dir='ltr'><strong>τοῦ</strong></span> <span class='ocrx_word' id='word_1_416' title='bbox 2467 2849 2662 2904; x_wconf 72' lang='grc' dir='ltr'><strong>Μαΐου.</strong></span> <span class='ocrx_word' id='word_1_417' title='bbox 2707 2849 3049 2920; x_wconf 78' lang='grc' dir='ltr'><strong>Κρατοῦντες</strong></span> <span class='ocrx_word' id='word_1_418' title='bbox 3076 2845 3167 2902; x_wconf 77' lang='grc' dir='ltr'><strong>οὖν</strong></span> <span class='ocrx_word' id='word_1_419' title='bbox 3197 2849 3289 2904; x_wconf 80' lang='grc' dir='ltr'><strong>τὸν</strong></span> <span class='ocrx_word' id='word_1_420' title='bbox 3330 2850 3579 2920; x_wconf 86' lang='grc' dir='ltr'><strong>θεμέλιον</strong></span> <span class='ocrx_word' id='word_1_421' title='bbox 3609 2853 3701 2906; x_wconf 76' lang='grc' dir='ltr'><strong>αὖ·</strong></span> 
     </span>
    </p>
   </div>
   <div class='ocr_carea' id='block_1_53' title="bbox 469 2937 2028 3017">
    <p class='ocr_par' dir='ltr' id='par_1_53' title="bbox 469 2945 2028 3017">
     <span class='ocr_line' id='line_1_53' title="bbox 469 2945 2028 3017; baseline -0.001 -17"><span class='ocrx_word' id='word_1_422' title='bbox 469 2945 711 3010; x_wconf 88' lang='lat' dir='ltr'><strong>bruario,</strong></span> <span class='ocrx_word' id='word_1_423' title='bbox 753 2951 812 2999; x_wconf 89' lang='lat' dir='ltr'><strong>ut</strong></span> <span class='ocrx_word' id='word_1_424' title='bbox 855 2945 946 3016; x_wconf 87' lang='lat' dir='ltr'><strong>qui</strong></span> <span class='ocrx_word' id='word_1_425' title='bbox 980 2945 1117 3000; x_wconf 89' lang='lat' dir='ltr'><strong>nihil</strong></span> <span class='ocrx_word' id='word_1_426' title='bbox 1151 2947 1374 3001; x_wconf 89' lang='lat' dir='ltr'><strong>omnino</strong></span> <span class='ocrx_word' id='word_1_427' title='bbox 1401 2947 1708 3012; x_wconf 82' lang='lat' dir='ltr'><strong>conferant,</strong></span> <span class='ocrx_word' id='word_1_428' title='bbox 1742 2945 2028 3017; x_wconf 81' lang='lat' dir='ltr'><strong>incipimus</strong></span> 
     </span>
    </p>
   </div>
   <div class='ocr_carea' id='block_1_54' title="bbox 2140 2937 3699 3017">
    <p class='ocr_par' dir='ltr' id='par_1_54' title="bbox 2140 2937 3699 3010">
     <span class='ocr_line' id='line_1_54' title="bbox 2140 2937 3699 3010; baseline 0.002 -18"><span class='ocrx_word' id='word_1_429' title='bbox 2140 2938 2261 3009; x_wconf 83' lang='grc' dir='ltr'><strong>τῆς,</strong></span> <span class='ocrx_word' id='word_1_430' title='bbox 2296 2945 2346 2992; x_wconf 87' lang='grc' dir='ltr'><strong>κ’</strong></span> <span class='ocrx_word' id='word_1_431' title='bbox 2397 2937 2742 3010; x_wconf 83' lang='grc' dir='ltr'><strong>ὑπάρχοντα,</strong></span> <span class='ocrx_word' id='word_1_432' title='bbox 2775 2937 3186 3010; x_wconf 87' lang='grc' dir='ltr'><strong>παρατρέχομεν</strong></span> <span class='ocrx_word' id='word_1_433' title='bbox 3237 2939 3329 2991; x_wconf 85' lang='grc' dir='ltr'><strong>τόν</strong></span> <span class='ocrx_word' id='word_1_434' title='bbox 3367 2957 3426 2992; x_wconf 87' lang='grc' dir='ltr'><strong>τε</strong></span> <span class='ocrx_word' id='word_1_435' title='bbox 3473 2941 3699 2994; x_wconf 80' lang='grc' dir='ltr'><strong>Ἰανουά-</strong></span> 
     </span>
    </p>
   </div>
   <div class='ocr_carea' id='block_1_55' title="bbox 470 3029 2029 3109">
    <p class='ocr_par' dir='ltr' id='par_1_55' title="bbox 470 3035 2029 3109">
     <span class='ocr_line' id='line_1_55' title="bbox 470 3035 2029 3109; baseline 0 -20"><span class='ocrx_word' id='word_1_436' title='bbox 470 3035 737 3100; x_wconf 69' lang='lat' dir='ltr'><strong>aMartio,</strong></span> <span class='ocrx_word' id='word_1_437' title='bbox 772 3037 838 3092; x_wconf 92' lang='lat' dir='ltr'><strong>de</strong></span> <span class='ocrx_word' id='word_1_438' title='bbox 883 3052 992 3108; x_wconf 95' lang='lat' dir='ltr'><strong>quo</strong></span> <span class='ocrx_word' id='word_1_439' title='bbox 1039 3037 1182 3092; x_wconf 90' lang='lat' dir='ltr'><strong>diem</strong></span> <span class='ocrx_word' id='word_1_440' title='bbox 1235 3037 1262 3092; x_wconf 87' lang='grc'><strong>1</strong></span> <span class='ocrx_word' id='word_1_441' title='bbox 1306 3038 1412 3109; x_wconf 69' lang='lat'><strong>4/2</strong></span> <span class='ocrx_word' id='word_1_442' title='bbox 1469 3039 1830 3109; x_wconf 85' lang='lat' dir='ltr'><strong>capimus,ex</strong></span> <span class='ocrx_word' id='word_1_443' title='bbox 1865 3035 2029 3107; x_wconf 88' lang='lat' dir='ltr'><strong>Aprili</strong></span> 
     </span>
    </p>
   </div>
   <div class='ocr_carea' id='block_1_56' title="bbox 2142 3029 3701 3109">
    <p class='ocr_par' dir='ltr' id='par_1_56' title="bbox 2143 3029 3701 3103">
     <span class='ocr_line' id='line_1_56' title="bbox 2143 3029 3701 3103; baseline 0.003 -20"><span class='ocrx_word' id='word_1_444' title='bbox 2143 3047 2256 3103; x_wconf 90' lang='grc' dir='ltr'><strong>ριον</strong></span> <span class='ocrx_word' id='word_1_445' title='bbox 2293 3031 2386 3084; x_wconf 74' lang='grc' dir='ltr'><strong>καὶ</strong></span> <span class='ocrx_word' id='word_1_446' title='bbox 2417 3029 2509 3086; x_wconf 78' lang='grc' dir='ltr'><strong>τὸν</strong></span> <span class='ocrx_word' id='word_1_447' title='bbox 2537 3029 2915 3102; x_wconf 77' lang='grc' dir='ltr'><strong>Φεϐρουάριον,</strong></span> <span class='ocrx_word' id='word_1_448' title='bbox 2939 3031 3016 3094; x_wconf 84' lang='grc' dir='ltr'><strong>ὡς</strong></span> <span class='ocrx_word' id='word_1_449' title='bbox 3049 3032 3122 3103; x_wconf 80' lang='grc' dir='ltr'><strong>μὴ</strong></span> <span class='ocrx_word' id='word_1_450' title='bbox 3153 3031 3373 3102; x_wconf 79' lang='grc' dir='ltr'><strong>ἔχοντας</strong></span> <span class='ocrx_word' id='word_1_451' title='bbox 3399 3034 3701 3103; x_wconf 81' lang='grc' dir='ltr'><strong>είσενέγκαι</strong></span> 
     </span>
    </p>
   </div>
   <div class='ocr_carea' id='block_1_57' title="bbox 470 3119 2029 3200">
    <p class='ocr_par' dir='ltr' id='par_1_57' title="bbox 470 3126 2029 3198">
     <span class='ocr_line' id='line_1_57' title="bbox 470 3126 2029 3198; baseline -0.001 -18"><span class='ocrx_word' id='word_1_452' title='bbox 470 3127 594 3198; x_wconf 74' lang='lat' dir='ltr'><strong>I/2,</strong></span> <span class='ocrx_word' id='word_1_453' title='bbox 617 3128 709 3197; x_wconf 93' lang='lat' dir='ltr'><strong>qui</strong></span> <span class='ocrx_word' id='word_1_454' title='bbox 745 3126 862 3182; x_wconf 89' lang='lat' dir='ltr'><strong>dies</strong></span> <span class='ocrx_word' id='word_1_455' title='bbox 895 3143 1018 3182; x_wconf 90' lang='lat' dir='ltr'><strong>cum</strong></span> <span class='ocrx_word' id='word_1_456' title='bbox 1053 3127 1202 3184; x_wconf 88' lang='lat' dir='ltr'><strong>horis</strong></span> <span class='ocrx_word' id='word_1_457' title='bbox 1233 3129 1301 3183; x_wconf 93' lang='lat' dir='ltr'><strong>ad</strong></span> <span class='ocrx_word' id='word_1_458' title='bbox 1331 3145 1398 3182; x_wconf 89' lang='lat' dir='ltr'><strong>xx</strong></span> <span class='ocrx_word' id='word_1_459' title='bbox 1431 3129 1672 3184; x_wconf 89' lang='lat' dir='ltr'><strong>radicem</strong></span> <span class='ocrx_word' id='word_1_460' title='bbox 1705 3127 1895 3191; x_wconf 87' lang='lat' dir='ltr'><strong>additi,</strong></span> <span class='ocrx_word' id='word_1_461' title='bbox 1927 3141 2029 3180; x_wconf 88' lang='lat' dir='ltr'><strong>una</strong></span> 
     </span>
    </p>
   </div>
   <div class='ocr_carea' id='block_1_58' title="bbox 2142 3119 3701 3200">
    <p class='ocr_par' dir='ltr' id='par_1_58' title="bbox 2142 3119 3701 3197">
     <span class='ocr_line' id='line_1_58' title="bbox 2142 3119 3701 3197; baseline 0.004 -23"><span class='ocrx_word' id='word_1_462' title='bbox 2142 3139 2211 3175; x_wconf 85' lang='grc' dir='ltr'><strong>τι.</strong></span> <span class='ocrx_word' id='word_1_463' title='bbox 2261 3121 2576 3193; x_wconf 86' lang='grc' dir='ltr'><strong>Ἀρχόμενοι</strong></span> <span class='ocrx_word' id='word_1_464' title='bbox 2633 3121 2690 3173; x_wconf 85' lang='grc' dir='ltr'><strong>δὲ</strong></span> <span class='ocrx_word' id='word_1_465' title='bbox 2739 3120 2848 3174; x_wconf 84' lang='grc' dir='ltr'><strong>ἀπὸ</strong></span> <span class='ocrx_word' id='word_1_466' title='bbox 2903 3119 2993 3174; x_wconf 80' lang='grc' dir='ltr'><strong>τοῦ</strong></span> <span class='ocrx_word' id='word_1_467' title='bbox 3047 3123 3294 3195; x_wconf 88' lang='grc' dir='ltr'><strong>Μαρτίου</strong></span> <span class='ocrx_word' id='word_1_468' title='bbox 3355 3123 3701 3197; x_wconf 76' lang='grc' dir='ltr'><strong>λαμϐάνομεν</strong></span> 
     </span>
    </p>
   </div>
   <div class='ocr_carea' id='block_1_59' title="bbox 466 3209 2025 3287">
    <p class='ocr_par' dir='ltr' id='par_1_59' title="bbox 466 3215 2025 3287">
     <span class='ocr_line' id='line_1_59' title="bbox 466 3215 2025 3287; baseline -0.001 -17"><span class='ocrx_word' id='word_1_469' title='bbox 466 3233 590 3270; x_wconf 85' lang='lat' dir='ltr'><strong>cum</strong></span> <span class='ocrx_word' id='word_1_470' title='bbox 627 3233 696 3271; x_wconf 80' lang='lat' dir='ltr'><strong>xx</strong></span> <span class='ocrx_word' id='word_1_471' title='bbox 743 3217 936 3274; x_wconf 82' lang='lat' dir='ltr'><strong>diebus</strong></span> <span class='ocrx_word' id='word_1_472' title='bbox 969 3215 1116 3282; x_wconf 82' lang='lat' dir='ltr'><strong>Maii,</strong></span> <span class='ocrx_word' id='word_1_473' title='bbox 1148 3219 1448 3273; x_wconf 80' lang='lat' dir='ltr'><strong>coniiciunt</strong></span> <span class='ocrx_word' id='word_1_474' title='bbox 1503 3219 1642 3274; x_wconf 91' lang='lat' dir='ltr'><strong>duos</strong></span> <span class='ocrx_word' id='word_1_475' title='bbox 1681 3225 1734 3273; x_wconf 88' lang='lat' dir='ltr'><strong>et</strong></span> <span class='ocrx_word' id='word_1_476' title='bbox 1792 3215 2025 3287; x_wconf 89' lang='lat' dir='ltr'><strong>quadra-</strong></span> 
     </span>
    </p>
   </div>
   <div class='ocr_carea' id='block_1_60' title="bbox 2139 3209 3698 3287">
    <p class='ocr_par' dir='ltr' id='par_1_60' title="bbox 2139 3209 3698 3285">
     <span class='ocr_line' id='line_1_60' title="bbox 2139 3209 3698 3285; baseline 0.002 -20"><span class='ocrx_word' id='word_1_477' title='bbox 2139 3210 2322 3266; x_wconf 84' lang='grc' dir='ltr'><strong>τούτου</strong></span> <span class='ocrx_word' id='word_1_478' title='bbox 2379 3211 2504 3282; x_wconf 85' lang='grc' dir='ltr'><strong>μίαν</strong></span> <span class='ocrx_word' id='word_1_479' title='bbox 2532 3211 2736 3281; x_wconf 76' lang='grc' dir='ltr'><strong>ἥμισυ,</strong></span> <span class='ocrx_word' id='word_1_480' title='bbox 2791 3210 2884 3263; x_wconf 80' lang='grc' dir='ltr'><strong>καὶ</strong></span> <span class='ocrx_word' id='word_1_481' title='bbox 2910 3209 3002 3263; x_wconf 80' lang='grc' dir='ltr'><strong>τοῦ</strong></span> <span class='ocrx_word' id='word_1_482' title='bbox 3039 3211 3312 3282; x_wconf 75' lang='grc' dir='ltr'><strong>’Δπριλίου</strong></span> <span class='ocrx_word' id='word_1_483' title='bbox 3355 3214 3562 3285; x_wconf 75' lang='grc' dir='ltr'><strong>ἥμισυ,</strong></span> <span class='ocrx_word' id='word_1_484' title='bbox 3609 3215 3698 3272; x_wconf 77' lang='grc' dir='ltr'><strong>αἱ.</strong></span> 
     </span>
    </p>
   </div>
   <div class='ocr_carea' id='block_1_61' title="bbox 466 3301 2025 3384">
    <p class='ocr_par' dir='ltr' id='par_1_61' title="bbox 466 3307 2025 3384">
     <span class='ocr_line' id='line_1_61' title="bbox 466 3307 2025 3384; baseline 0.001 -22"><span class='ocrx_word' id='word_1_485' title='bbox 466 3309 635 3380; x_wconf 69' lang='lat' dir='ltr'><strong>ginta.</strong></span> <span class='ocrx_word' id='word_1_486' title='bbox 671 3307 928 3364; x_wconf 89' lang='lat' dir='ltr'><strong>Deductis</strong></span> <span class='ocrx_word' id='word_1_487' title='bbox 958 3325 1089 3382; x_wconf 79' lang='lat' dir='ltr'><strong>ergo</strong></span> <span class='ocrx_word' id='word_1_488' title='bbox 1111 3327 1240 3365; x_wconf 74' lang='lat' dir='ltr'><strong>xxix</strong></span> <span class='ocrx_word' id='word_1_489' title='bbox 1269 3311 1392 3384; x_wconf 74' lang='lat'><strong>1/2,</strong></span> <span class='ocrx_word' id='word_1_490' title='bbox 1413 3312 1800 3382; x_wconf 87' lang='lat' dir='ltr'><strong>relinquuntur</strong></span> <span class='ocrx_word' id='word_1_491' title='bbox 1825 3324 1899 3365; x_wconf 90' lang='lat' dir='ltr'><strong>xu</strong></span> <span class='ocrx_word' id='word_1_492' title='bbox 1924 3307 2025 3380; x_wconf 74' lang='grc'><strong>1[2</strong></span> 
     </span>
    </p>
   </div>
   <div class='ocr_carea' id='block_1_62' title="bbox 2141 3301 3700 3384">
    <p class='ocr_par' dir='ltr' id='par_1_62' title="bbox 2141 3301 3700 3374">
     <span class='ocr_line' id='line_1_62' title="bbox 2141 3301 3700 3374; baseline 0.003 -18"><span class='ocrx_word' id='word_1_493' title='bbox 2141 3302 2275 3374; x_wconf 84' lang='grc' dir='ltr'><strong>μετά</strong></span> <span class='ocrx_word' id='word_1_494' title='bbox 2297 3302 2401 3356; x_wconf 81' lang='grc' dir='ltr'><strong>τῶν</strong></span> <span class='ocrx_word' id='word_1_495' title='bbox 2426 3309 2473 3356; x_wconf 89' lang='grc' dir='ltr'><strong>κ’</strong></span> <span class='ocrx_word' id='word_1_496' title='bbox 2503 3301 2596 3355; x_wconf 82' lang='grc' dir='ltr'><strong>τοῦ</strong></span> <span class='ocrx_word' id='word_1_497' title='bbox 2621 3301 2870 3372; x_wconf 87' lang='grc' dir='ltr'><strong>θεμελίου</strong></span> <span class='ocrx_word' id='word_1_498' title='bbox 2897 3302 3340 3374; x_wconf 86' lang='grc' dir='ltr'><strong>προστιθέμεναι,</strong></span> <span class='ocrx_word' id='word_1_499' title='bbox 3381 3306 3563 3360; x_wconf 72' lang='grc' dir='ltr'><strong>καὶαι</strong></span> <span class='ocrx_word' id='word_1_500' title='bbox 3606 3305 3700 3360; x_wconf 78' lang='grc' dir='ltr'><strong>τοῦ</strong></span> 
     </span>
    </p>
   </div>
   <div class='ocr_carea' id='block_1_63' title="bbox 465 3393 2024 3471">
    <p class='ocr_par' dir='ltr' id='par_1_63' title="bbox 465 3397 2024 3471">
     <span class='ocr_line' id='line_1_63' title="bbox 465 3397 2024 3471; baseline 0 -17"><span class='ocrx_word' id='word_1_501' title='bbox 465 3399 602 3456; x_wconf 88' lang='lat' dir='ltr'><strong>dies.</strong></span> <span class='ocrx_word' id='word_1_502' title='bbox 635 3397 803 3471; x_wconf 77' lang='lat' dir='ltr'><strong>Igitur</strong></span> <span class='ocrx_word' id='word_1_503' title='bbox 825 3400 1084 3456; x_wconf 89' lang='lat' dir='ltr'><strong>vicesimo</strong></span> <span class='ocrx_word' id='word_1_504' title='bbox 1113 3401 1200 3457; x_wconf 89' lang='lat' dir='ltr'><strong>die</strong></span> <span class='ocrx_word' id='word_1_505' title='bbox 1219 3401 1341 3457; x_wconf 80' lang='lat' dir='ltr'><strong>Maii</strong></span> <span class='ocrx_word' id='word_1_506' title='bbox 1373 3407 1588 3458; x_wconf 68' lang='lat' dir='ltr'><strong>aetatem</strong></span> <span class='ocrx_word' id='word_1_507' title='bbox 1617 3403 1765 3458; x_wconf 83' lang='lat' dir='ltr'><strong>lunae</strong></span> <span class='ocrx_word' id='word_1_508' title='bbox 1789 3400 2024 3456; x_wconf 91' lang='lat' dir='ltr'><strong>dicimus</strong></span> 
     </span>
    </p>
   </div>
   <div class='ocr_carea' id='block_1_64' title="bbox 2140 3393 3699 3471">
    <p class='ocr_par' dir='ltr' id='par_1_64' title="bbox 2140 3393 3699 3466">
     <span class='ocr_line' id='line_1_64' title="bbox 2140 3393 3699 3466; baseline 0.003 -17"><span class='ocrx_word' id='word_1_509' title='bbox 2140 3396 2308 3449; x_wconf 75' lang='grc' dir='ltr'><strong>Μαΐου</strong></span> <span class='ocrx_word' id='word_1_510' title='bbox 2338 3400 2408 3456; x_wconf 87' lang='grc' dir='ltr'><strong>κ’,</strong></span> <span class='ocrx_word' id='word_1_511' title='bbox 2448 3395 2685 3462; x_wconf 89' lang='grc' dir='ltr'><strong>γίνονται</strong></span> <span class='ocrx_word' id='word_1_512' title='bbox 2731 3393 2840 3464; x_wconf 86' lang='grc' dir='ltr'><strong>μ6’.</strong></span> <span class='ocrx_word' id='word_1_513' title='bbox 2872 3393 3318 3466; x_wconf 76' lang='grc' dir='ltr'><strong>Ἐκ6ε6λημένων</strong></span> <span class='ocrx_word' id='word_1_514' title='bbox 3348 3393 3441 3450; x_wconf 72' lang='grc' dir='ltr'><strong>οὖν</strong></span> <span class='ocrx_word' id='word_1_515' title='bbox 3473 3397 3582 3451; x_wconf 84' lang='grc' dir='ltr'><strong>τῶν</strong></span> <span class='ocrx_word' id='word_1_516' title='bbox 3620 3399 3699 3453; x_wconf 80' lang='grc' dir='ltr'><strong>κθ⁹</strong></span> 
     </span>
    </p>
   </div>
   <div class='ocr_carea' id='block_1_65' title="bbox 461 3483 2020 3564">
    <p class='ocr_par' dir='ltr' id='par_1_65' title="bbox 461 3491 1082 3564">
     <span class='ocr_line' id='line_1_65' title="bbox 461 3491 1082 3564; baseline -0.002 -16"><span class='ocrx_word' id='word_1_517' title='bbox 461 3506 584 3548; x_wconf 83' lang='lat' dir='ltr'><strong>esse</strong></span> <span class='ocrx_word' id='word_1_518' title='bbox 614 3491 822 3547; x_wconf 89' lang='lat' dir='ltr'><strong>dierum</strong></span> <span class='ocrx_word' id='word_1_519' title='bbox 861 3508 935 3547; x_wconf 87' lang='lat' dir='ltr'><strong>xu</strong></span> <span class='ocrx_word' id='word_1_520' title='bbox 962 3493 984 3546; x_wconf 92' lang='grc'><strong>1</strong></span> <span class='ocrx_word' id='word_1_521' title='bbox 992 3492 1082 3564; x_wconf 80' lang='lat'><strong>/2.</strong></span> 
     </span>
    </p>
   </div>
   <div class='ocr_carea' id='block_1_66' title="bbox 2142 3483 3701 3564">
    <p class='ocr_par' dir='ltr' id='par_1_66' title="bbox 2142 3483 3701 3560">
     <span class='ocr_line' id='line_1_66' title="bbox 2142 3483 3701 3560; baseline -0.006 -19"><span class='ocrx_word' id='word_1_522' title='bbox 2142 3486 2198 3541; x_wconf 78' lang='lat'><strong>5&quot;</strong></span> <span class='ocrx_word' id='word_1_523' title='bbox 2230 3484 2483 3557; x_wconf 85' lang='grc' dir='ltr'><strong>ἡμερῶν,</strong></span> <span class='ocrx_word' id='word_1_524' title='bbox 2529 3483 2962 3556; x_wconf 83' lang='grc' dir='ltr'><strong>κατελείφθησαν</strong></span> <span class='ocrx_word' id='word_1_525' title='bbox 2997 3486 3090 3540; x_wconf 77' lang='grc' dir='ltr'><strong>καὶ</strong></span> <span class='ocrx_word' id='word_1_526' title='bbox 3131 3487 3196 3539; x_wconf 84' lang='grc' dir='ltr'><strong>ι6⁹</strong></span> <span class='ocrx_word' id='word_1_527' title='bbox 3234 3485 3299 3542; x_wconf 90' lang='lat' dir='ltr'><strong>S&quot;</strong></span> <span class='ocrx_word' id='word_1_528' title='bbox 3334 3489 3560 3560; x_wconf 68' lang='grc' dir='ltr'><strong>ήμέραι,</strong></span> <span class='ocrx_word' id='word_1_529' title='bbox 3599 3492 3701 3544; x_wconf 64' lang='lat' dir='ltr'><strong>Ag-</strong></span> 
     </span>
    </p>
   </div>
   <div class='ocr_carea' id='block_1_67' title="bbox 457 3579 3214 3662">
    <p class='ocr_par' dir='ltr' id='par_1_67' title="bbox 457 3579 3214 3662">
     <span class='ocr_line' id='line_1_67' title="bbox 457 3579 3214 3662; baseline 0.002 -22"><span class='ocrx_word' id='word_1_530' title='bbox 457 3603 628 3659; x_wconf 86' lang='grc' dir='ltr'><strong>γομεν</strong></span> <span class='ocrx_word' id='word_1_531' title='bbox 683 3583 775 3642; x_wconf 80' lang='grc' dir='ltr'><strong>οὗν</strong></span> <span class='ocrx_word' id='word_1_532' title='bbox 817 3584 954 3643; x_wconf 69' lang='grc' dir='ltr'><strong>εἶναι</strong></span> <span class='ocrx_word' id='word_1_533' title='bbox 999 3591 1099 3661; x_wconf 79' lang='grc' dir='ltr'><strong>τὴν</strong></span> <span class='ocrx_word' id='word_1_534' title='bbox 1147 3589 1374 3662; x_wconf 77' lang='grc' dir='ltr'><strong>σελήνην</strong></span> <span class='ocrx_word' id='word_1_535' title='bbox 1399 3589 1540 3644; x_wconf 84' lang='grc' dir='ltr'><strong>κατά</strong></span> <span class='ocrx_word' id='word_1_536' title='bbox 1582 3588 1682 3662; x_wconf 82' lang='grc' dir='ltr'><strong>τὴν</strong></span> <span class='ocrx_word' id='word_1_537' title='bbox 1735 3587 2032 3662; x_wconf 75' lang='grc' dir='ltr'><strong>εἰρημένην</strong></span> <span class='ocrx_word' id='word_1_538' title='bbox 2059 3581 2106 3641; x_wconf 68' lang='grc' dir='ltr'><strong>ι(</strong></span> <span class='ocrx_word' id='word_1_539' title='bbox 2135 3581 2230 3636; x_wconf 76' lang='grc' dir='ltr'><strong>τοῦ</strong></span> <span class='ocrx_word' id='word_1_540' title='bbox 2263 3581 2437 3634; x_wconf 78' lang='grc' dir='ltr'><strong>Μαΐου</strong></span> <span class='ocrx_word' id='word_1_541' title='bbox 2479 3579 2646 3650; x_wconf 70' lang='grc' dir='ltr'><strong>μηνὸς</strong></span> <span class='ocrx_word' id='word_1_542' title='bbox 2679 3579 2746 3632; x_wconf 73' lang='grc' dir='ltr'><strong>ιδ’</strong></span> <span class='ocrx_word' id='word_1_543' title='bbox 2774 3581 2944 3651; x_wconf 73' lang='grc' dir='ltr'><strong>ἥμισυ</strong></span> <span class='ocrx_word' id='word_1_544' title='bbox 2972 3580 3214 3654; x_wconf 78' lang='grc' dir='ltr'><strong>ἡμερῶν.</strong></span> 
     </span>
    </p>
   </div>
   <div class='ocr_carea' id='block_1_68' title="bbox 463 3710 2022 3788">
    <p class='ocr_par' dir='ltr' id='par_1_68' title="bbox 463 3713 2022 3788">
     <span class='ocr_line' id='line_1_68' title="bbox 463 3713 2022 3788; baseline 0.003 -20"><span class='ocrx_word' id='word_1_545' title='bbox 463 3716 600 3782; x_wconf 83' lang='lat' dir='ltr'><strong>Quot</strong></span> <span class='ocrx_word' id='word_1_546' title='bbox 639 3713 798 3771; x_wconf 79' lang='lat' dir='ltr'><strong>Iloras</strong></span> <span class='ocrx_word' id='word_1_547' title='bbox 830 3718 957 3770; x_wconf 84' lang='lat' dir='ltr'><strong>luna</strong></span> <span class='ocrx_word' id='word_1_548' title='bbox 1004 3717 1224 3788; x_wconf 77' lang='lat' dir='ltr'><strong>singulis</strong></span> <span class='ocrx_word' id='word_1_549' title='bbox 1271 3717 1508 3772; x_wconf 74' lang='lat' dir='ltr'><strong>noctibus</strong></span> <span class='ocrx_word' id='word_1_550' title='bbox 1539 3717 1738 3783; x_wconf 85' lang='lat' dir='ltr'><strong>luceat,</strong></span> <span class='ocrx_word' id='word_1_551' title='bbox 1766 3717 2022 3788; x_wconf 85' lang='lat' dir='ltr'><strong>quomodo</strong></span> 
     </span>
    </p>
   </div>
   <div class='ocr_carea' id='block_1_69' title="bbox 2135 3710 3694 3788">
    <p class='ocr_par' dir='ltr' id='par_1_69' title="bbox 2135 3710 3694 3788">
     <span class='ocr_line' id='line_1_69' title="bbox 2135 3710 3694 3788; baseline 0.001 -22"><span class='ocrx_word' id='word_1_552' title='bbox 2135 3715 2319 3779; x_wconf 80' lang='grc' dir='ltr'><strong>Ὅπως</strong></span> <span class='ocrx_word' id='word_1_553' title='bbox 2350 3710 2443 3765; x_wconf 82' lang='grc' dir='ltr'><strong>δεῖ</strong></span> <span class='ocrx_word' id='word_1_554' title='bbox 2469 3712 2948 3788; x_wconf 30' lang='grc' dir='ltr'><strong>εὑρίσκεινᾈκ-αὶ.</strong></span> <span class='ocrx_word' id='word_1_555' title='bbox 2971 3713 3168 3788; x_wconf 70' lang='grc' dir='ltr'><strong>πόσας</strong></span> <span class='ocrx_word' id='word_1_556' title='bbox 3199 3711 3355 3788; x_wconf 67' lang='grc' dir='ltr'><strong>ὧρας</strong></span> <span class='ocrx_word' id='word_1_557' title='bbox 3387 3716 3426 3782; x_wconf 83' lang='grc' dir='ltr'><em>ἠ</em></span> <span class='ocrx_word' id='word_1_558' title='bbox 3459 3716 3694 3785; x_wconf 69' lang='grc' dir='ltr'><strong>σελήνη</strong></span> 
     </span>
    </p>
   </div>
   <div class='ocr_carea' id='block_1_70' title="bbox 1022 3779 2581 3856">
    <p class='ocr_par' dir='ltr' id='par_1_70' title="bbox 1022 3779 2581 3856">
     <span class='ocr_line' id='line_1_70' title="bbox 1022 3779 2581 3856; baseline -0.002 -18"><span class='ocrx_word' id='word_1_559' title='bbox 1022 3779 1187 3856; x_wconf 56' lang='lat' dir='ltr'><strong>possit</strong></span> <span class='ocrx_word' id='word_1_560' title='bbox 1219 3788 1459 3842; x_wconf 79' lang='lat' dir='ltr'><strong>inveniri.</strong></span> <span class='ocrx_word' id='word_1_561' title='bbox 1726 3779 1734 3783; x_wconf 55' lang='grc'>⁷</span> <span class='ocrx_word' id='word_1_562' title='bbox 1777 3779 1789 3788; x_wconf 88' lang='grc'><em>”</em></span> <span class='ocrx_word' id='word_1_563' title='bbox 2392 3783 2581 3852; x_wconf 69' lang='grc' dir='ltr'><strong>φαίνει</strong></span> 
     </span>
    </p>
   </div>
   <div class='ocr_carea' id='block_1_71' title="bbox 1866 3779 3425 3856">
    <p class='ocr_par' dir='ltr' id='par_1_71' title="bbox 2392 3779 3425 3852">
     <span class='ocr_line' id='line_1_71' title="bbox 2392 3779 3425 3852; baseline 0.005 -18"><span class='ocrx_word' id='word_1_564' title='bbox 2392 3783 2662 3852; x_wconf 71' lang='grc' dir='ltr'><strong>φαίνεται</strong></span> <span class='ocrx_word' id='word_1_565' title='bbox 2687 3783 2814 3835; x_wconf 79' lang='grc' dir='ltr'><strong>καθ’</strong></span> <span class='ocrx_word' id='word_1_566' title='bbox 2841 3779 3109 3850; x_wconf 74' lang='grc' dir='ltr'><strong>ἑκάστην</strong></span> <span class='ocrx_word' id='word_1_567' title='bbox 3140 3779 3425 3852; x_wconf 63' lang='grc' dir='ltr'><strong>ἑσπέραν.</strong></span> 
     </span>
    </p>
   </div>
   <div class='ocr_carea' id='block_1_72' title="bbox 529 3871 2088 3947">
    <p class='ocr_par' dir='ltr' id='par_1_72' title="bbox 529 3873 2018 3947">
     <span class='ocr_line' id='line_1_72' title="bbox 529 3873 2018 3947; baseline 0.001 -17"><span class='ocrx_word' id='word_1_568' title='bbox 529 3874 642 3930; x_wconf 75' lang='lat' dir='ltr'><strong>VII.</strong></span> <span class='ocrx_word' id='word_1_569' title='bbox 676 3873 830 3931; x_wconf 89' lang='lat' dir='ltr'><strong>Scire</strong></span> <span class='ocrx_word' id='word_1_570' title='bbox 873 3875 1102 3931; x_wconf 77' lang='lat' dir='ltr'><strong>forsitan</strong></span> <span class='ocrx_word' id='word_1_571' title='bbox 1133 3877 1370 3947; x_wconf 90' lang='lat' dir='ltr'><strong>cupienti</strong></span> <span class='ocrx_word' id='word_1_572' title='bbox 1397 3876 1496 3932; x_wconf 84' lang='lat' dir='ltr'><strong>tibi</strong></span> <span class='ocrx_word' id='word_1_573' title='bbox 1526 3887 1659 3947; x_wconf 93' lang='lat' dir='ltr'><strong>quot</strong></span> <span class='ocrx_word' id='word_1_574' title='bbox 1685 3877 1850 3932; x_wconf 87' lang='lat' dir='ltr'><strong>horas</strong></span> <span class='ocrx_word' id='word_1_575' title='bbox 1889 3877 2018 3932; x_wconf 90' lang='lat' dir='ltr'><strong>luna</strong></span> 
     </span>
    </p>
   </div>
   <div class='ocr_carea' id='block_1_73' title="bbox 2138 3871 3697 3947">
    <p class='ocr_par' dir='ltr' id='par_1_73' title="bbox 2196 3871 3697 3941">
     <span class='ocr_line' id='line_1_73' title="bbox 2196 3871 3697 3941; baseline 0.001 -13"><span class='ocrx_word' id='word_1_576' title='bbox 2196 3873 2268 3928; x_wconf 86' lang='lat' dir='ltr'><strong>Z&#39;.</strong></span> <span class='ocrx_word' id='word_1_577' title='bbox 2313 3871 2570 3928; x_wconf 81' lang='grc' dir='ltr'><strong>Ποθοῦντί</strong></span> <span class='ocrx_word' id='word_1_578' title='bbox 2636 3890 2716 3926; x_wconf 90' lang='grc' dir='ltr'><strong>σοι</strong></span> <span class='ocrx_word' id='word_1_579' title='bbox 2789 3873 2834 3925; x_wconf 86' lang='grc' dir='ltr'><strong>δ’</strong></span> <span class='ocrx_word' id='word_1_580' title='bbox 2903 3872 3031 3936; x_wconf 81' lang='grc' dir='ltr'><strong>ἴσως</strong></span> <span class='ocrx_word' id='word_1_581' title='bbox 3099 3874 3296 3928; x_wconf 76' lang='grc' dir='ltr'><strong>εἰδέναι</strong></span> <span class='ocrx_word' id='word_1_582' title='bbox 3347 3876 3442 3929; x_wconf 76' lang='grc' dir='ltr'><strong>καὶ</strong></span> <span class='ocrx_word' id='word_1_583' title='bbox 3525 3877 3697 3941; x_wconf 85' lang='grc' dir='ltr'><strong>πόσας</strong></span> 
     </span>
    </p>
   </div>
   <div class='ocr_carea' id='block_1_74' title="bbox 459 3965 2018 4039">
    <p class='ocr_par' dir='ltr' id='par_1_74' title="bbox 459 3967 2017 4037">
     <span class='ocr_line' id='line_1_74' title="bbox 459 3967 2017 4037; baseline 0.002 -17"><span class='ocrx_word' id='word_1_584' title='bbox 459 3975 583 4036; x_wconf 87' lang='lat' dir='ltr'><strong>post</strong></span> <span class='ocrx_word' id='word_1_585' title='bbox 609 3981 866 4036; x_wconf 88' lang='lat' dir='ltr'><strong>vesperas</strong></span> <span class='ocrx_word' id='word_1_586' title='bbox 905 3967 1150 4037; x_wconf 81' lang='lat' dir='ltr'><strong>singulas</strong></span> <span class='ocrx_word' id='word_1_587' title='bbox 1193 3983 1471 4031; x_wconf 85' lang='lat' dir='ltr'><strong>crescens,</strong></span> <span class='ocrx_word' id='word_1_588' title='bbox 1509 3967 1903 4023; x_wconf 88' lang='lat' dir='ltr'><strong>decrescensve</strong></span> <span class='ocrx_word' id='word_1_589' title='bbox 1935 3967 2017 4023; x_wconf 85' lang='lat' dir='ltr'><strong>l‘u-</strong></span> 
     </span>
    </p>
   </div>
   <div class='ocr_carea' id='block_1_75' title="bbox 2135 3965 3694 4039">
    <p class='ocr_par' dir='ltr' id='par_1_75' title="bbox 2135 3965 3694 4039">
     <span class='ocr_line' id='line_1_75' title="bbox 2135 3965 3694 4039; baseline 0.003 -20"><span class='ocrx_word' id='word_1_590' title='bbox 2135 3965 2274 4038; x_wconf 79' lang='grc' dir='ltr'><strong>ὥρας</strong></span> <span class='ocrx_word' id='word_1_591' title='bbox 2310 3968 2343 4036; x_wconf 91' lang='grc' dir='ltr'><strong>ή</strong></span> <span class='ocrx_word' id='word_1_592' title='bbox 2379 3965 2572 4036; x_wconf 81' lang='grc' dir='ltr'><strong>σελήνη</strong></span> <span class='ocrx_word' id='word_1_593' title='bbox 2601 3966 2780 4034; x_wconf 85' lang='grc' dir='ltr'><strong>φαίνει</strong></span> <span class='ocrx_word' id='word_1_594' title='bbox 2821 3965 2943 4019; x_wconf 84' lang='grc' dir='ltr'><strong>καθ’</strong></span> <span class='ocrx_word' id='word_1_595' title='bbox 2984 3966 3222 4038; x_wconf 81' lang='grc' dir='ltr'><strong>ἑκάστην</strong></span> <span class='ocrx_word' id='word_1_596' title='bbox 3270 3968 3508 4039; x_wconf 80' lang='grc' dir='ltr'><strong>ἑσπέραν</strong></span> <span class='ocrx_word' id='word_1_597' title='bbox 3537 3970 3694 4038; x_wconf 70' lang='grc' dir='ltr'><strong>αὐξο-</strong></span> 
     </span>
    </p>
   </div>
   <div class='ocr_carea' id='block_1_76' title="bbox 457 4055 2016 4132">
    <p class='ocr_par' dir='ltr' id='par_1_76' title="bbox 457 4055 2016 4127">
     <span class='ocr_line' id='line_1_76' title="bbox 457 4055 2016 4127; baseline 0.003 -17"><span class='ocrx_word' id='word_1_598' title='bbox 457 4064 600 4121; x_wconf 90' lang='lat' dir='ltr'><strong>ceat,</strong></span> <span class='ocrx_word' id='word_1_599' title='bbox 635 4055 737 4112; x_wconf 83' lang='lat' dir='ltr'><strong>hoc</strong></span> <span class='ocrx_word' id='word_1_600' title='bbox 760 4055 1004 4126; x_wconf 77' lang='lat' dir='ltr'><strong>impigre,</strong></span> <span class='ocrx_word' id='word_1_601' title='bbox 1035 4071 1137 4111; x_wconf 88' lang='lat' dir='ltr'><strong>nec</strong></span> <span class='ocrx_word' id='word_1_602' title='bbox 1161 4057 1468 4127; x_wconf 89' lang='lat' dir='ltr'><strong>importune</strong></span> <span class='ocrx_word' id='word_1_603' title='bbox 1503 4058 1596 4111; x_wconf 91' lang='lat' dir='ltr'><strong>tibi</strong></span> <span class='ocrx_word' id='word_1_604' title='bbox 1625 4064 1774 4112; x_wconf 90' lang='lat' dir='ltr'><strong>certa</strong></span> <span class='ocrx_word' id='word_1_605' title='bbox 1808 4058 2016 4114; x_wconf 87' lang='lat' dir='ltr'><strong>ratione</strong></span> 
     </span>
    </p>
   </div>
   <div class='ocr_carea' id='block_1_77' title="bbox 2132 4055 3691 4132">
    <p class='ocr_par' dir='ltr' id='par_1_77' title="bbox 2132 4056 3691 4132">
     <span class='ocr_line' id='line_1_77' title="bbox 2132 4056 3691 4132; baseline 0.003 -21"><span class='ocrx_word' id='word_1_606' title='bbox 2132 4059 2266 4129; x_wconf 84' lang='grc' dir='ltr'><strong>μένη</strong></span> <span class='ocrx_word' id='word_1_607' title='bbox 2296 4075 2356 4110; x_wconf 90' lang='grc' dir='ltr'><strong>τε</strong></span> <span class='ocrx_word' id='word_1_608' title='bbox 2381 4056 2473 4111; x_wconf 72' lang='grc' dir='ltr'><strong>καὶ</strong></span> <span class='ocrx_word' id='word_1_609' title='bbox 2501 4057 2815 4128; x_wconf 83' lang='grc' dir='ltr'><strong>μειουμένη,</strong></span> <span class='ocrx_word' id='word_1_610' title='bbox 2846 4059 2945 4112; x_wconf 84' lang='grc' dir='ltr'><strong>οὐκ</strong></span> <span class='ocrx_word' id='word_1_611' title='bbox 2979 4059 3163 4130; x_wconf 81' lang='grc' dir='ltr'><strong>ἀργῶς</strong></span> <span class='ocrx_word' id='word_1_612' title='bbox 3199 4060 3306 4114; x_wconf 76' lang='grc' dir='ltr'><strong>οὐδ’</strong></span> <span class='ocrx_word' id='word_1_613' title='bbox 3335 4061 3581 4132; x_wconf 82' lang='grc' dir='ltr'><strong>ἀκαίρως</strong></span> <span class='ocrx_word' id='word_1_614' title='bbox 3613 4081 3691 4116; x_wconf 81' lang='grc' dir='ltr'><strong>σοι</strong></span> 
     </span>
    </p>
   </div>
   <div class='ocr_carea' id='block_1_78' title="bbox 457 4145 2016 4223">
    <p class='ocr_par' dir='ltr' id='par_1_78' title="bbox 457 4145 2016 4219">
     <span class='ocr_line' id='line_1_78' title="bbox 457 4145 2016 4219; baseline 0.002 -17"><span class='ocrx_word' id='word_1_615' title='bbox 457 4147 975 4202; x_wconf 88' lang='lat' dir='ltr'><strong>demonstrabimus.</strong></span> <span class='ocrx_word' id='word_1_616' title='bbox 1013 4145 1188 4214; x_wconf 89' lang='lat' dir='ltr'><strong>Luna,</strong></span> <span class='ocrx_word' id='word_1_617' title='bbox 1218 4158 1504 4219; x_wconf 87' lang='lat' dir='ltr'><strong>postquam</strong></span> <span class='ocrx_word' id='word_1_618' title='bbox 1541 4157 1667 4203; x_wconf 90' lang='lat' dir='ltr'><strong>nata</strong></span> <span class='ocrx_word' id='word_1_619' title='bbox 1691 4161 1797 4215; x_wconf 87' lang='lat' dir='ltr'><strong>est,</strong></span> <span class='ocrx_word' id='word_1_620' title='bbox 1822 4151 2016 4207; x_wconf 86' lang='lat' dir='ltr'><strong>crescit</strong></span> 
     </span>
    </p>
   </div>
   <div class='ocr_carea' id='block_1_79' title="bbox 2135 4145 3694 4223">
    <p class='ocr_par' dir='ltr' id='par_1_79' title="bbox 2135 4147 3694 4223">
     <span class='ocr_line' id='line_1_79' title="bbox 2135 4147 3694 4223; baseline 0.002 -21"><span class='ocrx_word' id='word_1_621' title='bbox 2135 4149 2212 4202; x_wconf 77' lang='lat' dir='ltr'><strong>cal.</strong></span> <span class='ocrx_word' id='word_1_622' title='bbox 2231 4149 2321 4203; x_wconf 82' lang='grc' dir='ltr'><strong>τὸν</strong></span> <span class='ocrx_word' id='word_1_623' title='bbox 2347 4149 2472 4220; x_wconf 69' lang='grc' dir='ltr'><strong>περὶ</strong></span> <span class='ocrx_word' id='word_1_624' title='bbox 2494 4147 2684 4202; x_wconf 84' lang='grc' dir='ltr'><strong>τούτου</strong></span> <span class='ocrx_word' id='word_1_625' title='bbox 2711 4148 2866 4217; x_wconf 93' lang='grc' dir='ltr'><strong>λόγον</strong></span> <span class='ocrx_word' id='word_1_626' title='bbox 2900 4149 3224 4220; x_wconf 60' lang='grc' dir='ltr'><strong>ἐπιθήσομεν.</strong></span> <span class='ocrx_word' id='word_1_627' title='bbox 3243 4152 3305 4204; x_wconf 83' lang='grc' dir='ltr'>Ἡ</span> <span class='ocrx_word' id='word_1_628' title='bbox 3327 4151 3524 4223; x_wconf 89' lang='grc' dir='ltr'><strong>σελήνη</strong></span> <span class='ocrx_word' id='word_1_629' title='bbox 3554 4153 3694 4222; x_wconf 83' lang='grc' dir='ltr'><strong>μετά</strong></span> 
     </span>
    </p>
   </div>
   <div class='ocr_carea' id='block_1_80' title="bbox 456 4238 2015 4314">
    <p class='ocr_par' dir='ltr' id='par_1_80' title="bbox 456 4238 2015 4312">
     <span class='ocr_line' id='line_1_80' title="bbox 456 4238 2015 4312; baseline 0.003 -19"><span class='ocrx_word' id='word_1_630' title='bbox 456 4239 523 4293; x_wconf 90' lang='lat' dir='ltr'><strong>ad</strong></span> <span class='ocrx_word' id='word_1_631' title='bbox 569 4255 640 4294; x_wconf 86' lang='lat' dir='ltr'><strong>xv</strong></span> <span class='ocrx_word' id='word_1_632' title='bbox 692 4238 844 4306; x_wconf 88' lang='lat' dir='ltr'><strong>dies;</strong></span> <span class='ocrx_word' id='word_1_633' title='bbox 897 4252 963 4293; x_wconf 90' lang='lat' dir='ltr'><strong>ac</strong></span> <span class='ocrx_word' id='word_1_634' title='bbox 1005 4239 1228 4294; x_wconf 90' lang='lat' dir='ltr'><strong>totidem</strong></span> <span class='ocrx_word' id='word_1_635' title='bbox 1270 4241 1395 4310; x_wconf 90' lang='lat' dir='ltr'><strong>plus</strong></span> <span class='ocrx_word' id='word_1_636' title='bbox 1459 4240 1641 4296; x_wconf 86' lang='lat' dir='ltr'><strong>minus</strong></span> <span class='ocrx_word' id='word_1_637' title='bbox 1683 4241 1847 4312; x_wconf 88' lang='lat' dir='ltr'><strong>pleno</strong></span> <span class='ocrx_word' id='word_1_638' title='bbox 1889 4241 2015 4298; x_wconf 82' lang='lat' dir='ltr'><strong>orbe</strong></span> 
     </span>
    </p>
   </div>
   <div class='ocr_carea' id='block_1_81' title="bbox 2135 4238 3694 4314">
    <p class='ocr_par' dir='ltr' id='par_1_81' title="bbox 2135 4239 3694 4314">
     <span class='ocr_line' id='line_1_81' title="bbox 2135 4239 3694 4314; baseline 0.001 -21"><span class='ocrx_word' id='word_1_639' title='bbox 2135 4241 2178 4293; x_wconf 77' lang='grc' dir='ltr'><strong>τὸ</strong></span> <span class='ocrx_word' id='word_1_640' title='bbox 2205 4240 2528 4312; x_wconf 87' lang='grc' dir='ltr'><strong>γεννηθῆναι</strong></span> <span class='ocrx_word' id='word_1_641' title='bbox 2561 4239 2778 4306; x_wconf 78' lang='grc' dir='ltr'><strong>αὐξάνει</strong></span> <span class='ocrx_word' id='word_1_642' title='bbox 2816 4240 2912 4311; x_wconf 83' lang='grc' dir='ltr'><strong>μὲν</strong></span> <span class='ocrx_word' id='word_1_643' title='bbox 2947 4241 3108 4312; x_wconf 89' lang='grc' dir='ltr'><strong>μέχρι</strong></span> <span class='ocrx_word' id='word_1_644' title='bbox 3134 4245 3234 4312; x_wconf 86' lang='grc' dir='ltr'><strong>τῆς</strong></span> <span class='ocrx_word' id='word_1_645' title='bbox 3258 4242 3317 4296; x_wconf 86' lang='grc' dir='ltr'><strong>ιε’</strong></span> <span class='ocrx_word' id='word_1_646' title='bbox 3348 4243 3558 4314; x_wconf 80' lang='grc' dir='ltr'><strong>ἡμέρας</strong></span> <span class='ocrx_word' id='word_1_647' title='bbox 3578 4261 3592 4274; x_wconf 87' lang='grc'><strong>·</strong></span> <span class='ocrx_word' id='word_1_648' title='bbox 3629 4239 3694 4314; x_wconf 71' lang='grc' dir='ltr'><strong>ἧς</strong></span> 
     </span>
    </p>
   </div>
   <div class='ocr_carea' id='block_1_82' title="bbox 455 4328 2014 4406">
    <p class='ocr_par' dir='ltr' id='par_1_82' title="bbox 455 4328 2014 4404">
     <span class='ocr_line' id='line_1_82' title="bbox 455 4328 2014 4404; baseline 0.003 -20"><span class='ocrx_word' id='word_1_649' title='bbox 455 4332 618 4386; x_wconf 88' lang='lat' dir='ltr'><strong>lucet.</strong></span> <span class='ocrx_word' id='word_1_650' title='bbox 653 4328 781 4386; x_wconf 89' lang='lat' dir='ltr'><strong>Inde</strong></span> <span class='ocrx_word' id='word_1_651' title='bbox 825 4332 1085 4402; x_wconf 84' lang='lat' dir='ltr'><strong>paulatim</strong></span> <span class='ocrx_word' id='word_1_652' title='bbox 1128 4332 1195 4386; x_wconf 89' lang='lat' dir='ltr'><strong>ad</strong></span> <span class='ocrx_word' id='word_1_653' title='bbox 1239 4332 1577 4387; x_wconf 82' lang='lat' dir='ltr'><strong>tricesimum</strong></span> <span class='ocrx_word' id='word_1_654' title='bbox 1611 4349 1785 4404; x_wconf 89' lang='lat' dir='ltr'><strong>usque</strong></span> <span class='ocrx_word' id='word_1_655' title='bbox 1833 4333 2014 4390; x_wconf 87' lang='lat' dir='ltr'><strong>decre-</strong></span> 
     </span>
    </p>
   </div>
   <div class='ocr_carea' id='block_1_83' title="bbox 2133 4328 3692 4406">
    <p class='ocr_par' dir='ltr' id='par_1_83' title="bbox 2133 4330 3692 4406">
     <span class='ocr_line' id='line_1_83' title="bbox 2133 4330 3692 4406; baseline 0.002 -21"><span class='ocrx_word' id='word_1_656' title='bbox 2133 4332 2268 4395; x_wconf 69' lang='lat' dir='ltr'><strong>iv1&#39;b;</strong></span> <span class='ocrx_word' id='word_1_657' title='bbox 2287 4333 2378 4386; x_wconf 73' lang='grc' dir='ltr'><strong>ἐπί</strong></span> <span class='ocrx_word' id='word_1_658' title='bbox 2394 4349 2452 4386; x_wconf 91' lang='grc' dir='ltr'><strong>τε</strong></span> <span class='ocrx_word' id='word_1_659' title='bbox 2477 4331 2538 4385; x_wconf 81' lang='grc' dir='ltr'><strong>τὸ</strong></span> <span class='ocrx_word' id='word_1_660' title='bbox 2553 4330 2712 4387; x_wconf 83' lang='grc' dir='ltr'><strong>πλέον</strong></span> <span class='ocrx_word' id='word_1_661' title='bbox 2735 4337 2829 4385; x_wconf 69' lang='grc' dir='ltr'><strong>καὶ</strong></span> <span class='ocrx_word' id='word_1_662' title='bbox 2841 4332 2904 4384; x_wconf 79' lang='grc' dir='ltr'><strong>τὸ</strong></span> <span class='ocrx_word' id='word_1_663' title='bbox 2918 4332 3136 4386; x_wconf 79' lang='grc' dir='ltr'><strong>ἔλαττον</strong></span> <span class='ocrx_word' id='word_1_664' title='bbox 3159 4333 3366 4400; x_wconf 87' lang='grc' dir='ltr'><strong>γίνεται</strong></span> <span class='ocrx_word' id='word_1_665' title='bbox 3395 4336 3490 4388; x_wconf 74' lang='grc' dir='ltr'><strong>καὶ</strong></span> <span class='ocrx_word' id='word_1_666' title='bbox 3513 4337 3546 4406; x_wconf 84' lang='grc' dir='ltr'><strong>ή</strong></span> <span class='ocrx_word' id='word_1_667' title='bbox 3567 4337 3692 4390; x_wconf 86' lang='grc' dir='ltr'><strong>ταύ-</strong></span> 
     </span>
    </p>
   </div>
   <div class='ocr_carea' id='block_1_84' title="bbox 453 4421 2012 4495">
    <p class='ocr_par' dir='ltr' id='par_1_84' title="bbox 453 4423 2012 4493">
     <span class='ocr_line' id='line_1_84' title="bbox 453 4423 2012 4493; baseline 0.003 -18"><span class='ocrx_word' id='word_1_668' title='bbox 453 4423 577 4486; x_wconf 88' lang='lat' dir='ltr'><strong>scit,</strong></span> <span class='ocrx_word' id='word_1_669' title='bbox 610 4438 720 4493; x_wconf 95' lang='lat' dir='ltr'><strong>quo</strong></span> <span class='ocrx_word' id='word_1_670' title='bbox 751 4423 838 4477; x_wconf 88' lang='lat' dir='ltr'><strong>die</strong></span> <span class='ocrx_word' id='word_1_671' title='bbox 869 4425 1085 4493; x_wconf 88' lang='lat' dir='ltr'><strong>penitus</strong></span> <span class='ocrx_word' id='word_1_672' title='bbox 1115 4425 1235 4479; x_wconf 89' lang='lat' dir='ltr'><strong>luce</strong></span> <span class='ocrx_word' id='word_1_673' title='bbox 1263 4423 1476 4480; x_wconf 86' lang='lat' dir='ltr'><strong>defecta</strong></span> <span class='ocrx_word' id='word_1_674' title='bbox 1503 4440 1698 4480; x_wconf 88' lang='lat' dir='ltr'><strong>rursus</strong></span> <span class='ocrx_word' id='word_1_675' title='bbox 1736 4426 1890 4480; x_wconf 88' lang='lat' dir='ltr'><strong>nasci</strong></span> <span class='ocrx_word' id='word_1_676' title='bbox 1920 4441 2012 4480; x_wconf 90' lang='lat' dir='ltr'><strong>no-</strong></span> 
     </span>
    </p>
   </div>
   <div class='ocr_carea' id='block_1_85' title="bbox 2132 4421 3691 4495">
    <p class='ocr_par' dir='ltr' id='par_1_85' title="bbox 2132 4421 3691 4495">
     <span class='ocr_line' id='line_1_85' title="bbox 2132 4421 3691 4495; baseline 0.001 -19"><span class='ocrx_word' id='word_1_677' title='bbox 2132 4441 2216 4492; x_wconf 74' lang='grc' dir='ltr'><strong>ιης</strong></span> <span class='ocrx_word' id='word_1_678' title='bbox 2234 4423 2513 4494; x_wconf 87' lang='grc' dir='ltr'><strong>ἀπόχυσις.</strong></span> <span class='ocrx_word' id='word_1_679' title='bbox 2533 4421 2663 4475; x_wconf 84' lang='grc' dir='ltr'><strong>Ἀπὸ</strong></span> <span class='ocrx_word' id='word_1_680' title='bbox 2683 4421 2886 4493; x_wconf 83' lang='grc' dir='ltr'><strong>ταύτης</strong></span> <span class='ocrx_word' id='word_1_681' title='bbox 2905 4422 2948 4475; x_wconf 80' lang='grc' dir='ltr'><strong>δ’</strong></span> <span class='ocrx_word' id='word_1_682' title='bbox 2969 4423 3196 4494; x_wconf 79' lang='grc' dir='ltr'><strong>ἄρχεται</strong></span> <span class='ocrx_word' id='word_1_683' title='bbox 3223 4424 3508 4495; x_wconf 85' lang='grc' dir='ltr'><strong>μειοῦσθαι</strong></span> <span class='ocrx_word' id='word_1_684' title='bbox 3530 4425 3691 4495; x_wconf 81' lang='grc' dir='ltr'><strong>μέχρι</strong></span> 
     </span>
    </p>
   </div>
   <div class='ocr_carea' id='block_1_86' title="bbox 450 4487 2009 4586">
    <p class='ocr_par' dir='ltr' id='par_1_86' title="bbox 450 4514 2009 4586">
     <span class='ocr_line' id='line_1_86' title="bbox 450 4514 2009 4586; baseline 0.003 -21"><span class='ocrx_word' id='word_1_685' title='bbox 450 4527 516 4566; x_wconf 87' lang='lat' dir='ltr'><strong>va</strong></span> <span class='ocrx_word' id='word_1_686' title='bbox 560 4515 770 4586; x_wconf 89' lang='lat' dir='ltr'><strong>incipit.</strong></span> <span class='ocrx_word' id='word_1_687' title='bbox 806 4514 975 4586; x_wconf 77' lang='lat' dir='ltr'><strong>Igitur</strong></span> <span class='ocrx_word' id='word_1_688' title='bbox 1029 4514 1337 4586; x_wconf 90' lang='lat' dir='ltr'><strong>quindecim</strong></span> <span class='ocrx_word' id='word_1_689' title='bbox 1403 4515 1513 4571; x_wconf 91' lang='lat' dir='ltr'><strong>illis</strong></span> <span class='ocrx_word' id='word_1_690' title='bbox 1565 4515 1886 4570; x_wconf 88' lang='lat' dir='ltr'><strong>incrementi</strong></span> <span class='ocrx_word' id='word_1_691' title='bbox 1930 4516 2009 4570; x_wconf 85' lang='lat' dir='ltr'><strong>sui</strong></span> 
     </span>
    </p>
   </div>
   <div class='ocr_carea' id='block_1_87' title="bbox 2132 4487 3691 4586">
    <p class='ocr_par' dir='ltr' id='par_1_87' title="bbox 2132 4487 3691 4585">
     <span class='ocr_line' id='line_1_87' title="bbox 2132 4487 3691 4585; baseline 0.001 -19"><span class='ocrx_word' id='word_1_692' title='bbox 2132 4487 2222 4584; x_wconf 64' lang='grc' dir='ltr'><strong>της</strong></span> <span class='ocrx_word' id='word_1_693' title='bbox 2253 4513 2316 4578; x_wconf 85' lang='grc' dir='ltr'><strong>λ’,</strong></span> <span class='ocrx_word' id='word_1_694' title='bbox 2343 4487 2467 4566; x_wconf 64' lang='grc' dir='ltr'><strong>καθ’</strong></span> <span class='ocrx_word' id='word_1_695' title='bbox 2495 4514 2560 4584; x_wconf 83' lang='grc' dir='ltr'><strong>ἢν</strong></span> <span class='ocrx_word' id='word_1_696' title='bbox 2591 4487 2918 4566; x_wconf 73' lang='grc' dir='ltr'><strong>ἐκλείπουσα</strong></span> <span class='ocrx_word' id='word_1_697' title='bbox 2947 4487 3188 4579; x_wconf 66' lang='grc' dir='ltr'><strong>τελείως,</strong></span> <span class='ocrx_word' id='word_1_698' title='bbox 3224 4487 3506 4585; x_wconf 76' lang='grc' dir='ltr'><strong>ἀρχομένη</strong></span> 
     </span>
    </p>
   </div>
   <div class='ocr_carea' id='block_1_88' title="bbox 452 4602 2011 4676">
    <p class='ocr_par' dir='ltr' id='par_1_88' title="bbox 452 4605 2011 4676">
     <span class='ocr_line' id='line_1_88' title="bbox 452 4605 2011 4676; baseline 0.002 -18"><span class='ocrx_word' id='word_1_699' title='bbox 452 4605 665 4670; x_wconf 86' lang='lat' dir='ltr'><strong>diebus,</strong></span> <span class='ocrx_word' id='word_1_700' title='bbox 714 4606 816 4661; x_wconf 90' lang='lat' dir='ltr'><strong>sub</strong></span> <span class='ocrx_word' id='word_1_701' title='bbox 856 4606 1088 4676; x_wconf 86' lang='lat' dir='ltr'><strong>primam</strong></span> <span class='ocrx_word' id='word_1_702' title='bbox 1124 4620 1403 4676; x_wconf 82' lang='lat' dir='ltr'><strong>vesperam</strong></span> <span class='ocrx_word' id='word_1_703' title='bbox 1456 4606 1733 4676; x_wconf 83' lang='lat' dir='ltr'><strong>scrupulis</strong></span> <span class='ocrx_word' id='word_1_704' title='bbox 1779 4613 2011 4676; x_wconf 81' lang='lat' dir='ltr'><strong>quatuor</strong></span> 
     </span>
    </p>
   </div>
   <div class='ocr_carea' id='block_1_89' title="bbox 2132 4602 3691 4676">
    <p class='ocr_par' dir='ltr' id='par_1_89' title="bbox 2132 4602 3691 4676">
     <span class='ocr_line' id='line_1_89' title="bbox 2132 4602 3691 4676; baseline 0.001 -18"><span class='ocrx_word' id='word_1_705' title='bbox 2132 4607 2376 4673; x_wconf 75' lang='grc' dir='ltr'><strong>γεννᾶται</strong></span> <span class='ocrx_word' id='word_1_706' title='bbox 2421 4606 2535 4659; x_wconf 88' lang='grc' dir='ltr'><strong>νέα.</strong></span> <span class='ocrx_word' id='word_1_707' title='bbox 2591 4605 2679 4658; x_wconf 89' lang='grc' dir='ltr'><strong>Ἐν</strong></span> <span class='ocrx_word' id='word_1_708' title='bbox 2719 4607 2838 4667; x_wconf 84' lang='grc' dir='ltr'><strong>ταῖς</strong></span> <span class='ocrx_word' id='word_1_709' title='bbox 2863 4605 3185 4676; x_wconf 83' lang='grc' dir='ltr'><strong>εἰρημέναις</strong></span> <span class='ocrx_word' id='word_1_710' title='bbox 3227 4602 3320 4659; x_wconf 78' lang='grc' dir='ltr'><strong>οὖν</strong></span> <span class='ocrx_word' id='word_1_711' title='bbox 3348 4607 3410 4659; x_wconf 75' lang='grc' dir='ltr'><strong>ιε’</strong></span> <span class='ocrx_word' id='word_1_712' title='bbox 3453 4607 3691 4676; x_wconf 84' lang='grc' dir='ltr'><strong>ἡμέραις</strong></span> 
     </span>
    </p>
   </div>
   <div class='ocr_carea' id='block_1_90' title="bbox 453 4695 2012 4769">
    <p class='ocr_par' dir='ltr' id='par_1_90' title="bbox 453 4695 2010 4762">
     <span class='ocr_line' id='line_1_90' title="bbox 453 4695 2010 4762; baseline 0.001 -12"><span class='ocrx_word' id='word_1_713' title='bbox 453 4697 596 4751; x_wconf 91' lang='lat' dir='ltr'><strong>lucet</strong></span> <span class='ocrx_word' id='word_1_714' title='bbox 657 4714 670 4751; x_wconf 91' lang='lat'><strong>:</strong></span> <span class='ocrx_word' id='word_1_715' title='bbox 729 4697 832 4751; x_wconf 90' lang='lat' dir='ltr'><strong>sub</strong></span> <span class='ocrx_word' id='word_1_716' title='bbox 889 4696 1206 4761; x_wconf 87' lang='lat' dir='ltr'><strong>secundam,</strong></span> <span class='ocrx_word' id='word_1_717' title='bbox 1265 4712 1397 4762; x_wconf 89' lang='lat' dir='ltr'><strong>vm;</strong></span> <span class='ocrx_word' id='word_1_718' title='bbox 1449 4695 1556 4752; x_wconf 88' lang='lat' dir='ltr'><strong>sub</strong></span> <span class='ocrx_word' id='word_1_719' title='bbox 1601 4697 1844 4760; x_wconf 86' lang='lat' dir='ltr'><strong>tertiam,</strong></span> <span class='ocrx_word' id='word_1_720' title='bbox 1880 4711 2010 4752; x_wconf 84' lang='lat' dir='ltr'><strong>xu:</strong></span> 
     </span>
    </p>
   </div>
   <div class='ocr_carea' id='block_1_91' title="bbox 2129 4695 3688 4769">
    <p class='ocr_par' dir='ltr' id='par_1_91' title="bbox 2129 4695 3688 4769">
     <span class='ocr_line' id='line_1_91' title="bbox 2129 4695 3688 4769; baseline 0.001 -19"><span class='ocrx_word' id='word_1_721' title='bbox 2129 4699 2220 4768; x_wconf 88' lang='grc' dir='ltr'><strong>τῆς</strong></span> <span class='ocrx_word' id='word_1_722' title='bbox 2248 4697 2523 4768; x_wconf 78' lang='grc' dir='ltr'><strong>αὐξήσεως</strong></span> <span class='ocrx_word' id='word_1_723' title='bbox 2556 4697 2726 4767; x_wconf 81' lang='grc' dir='ltr'><strong>αὐτῆς</strong></span> <span class='ocrx_word' id='word_1_724' title='bbox 2758 4695 2962 4767; x_wconf 83' lang='grc' dir='ltr'><strong>λάμπει</strong></span> <span class='ocrx_word' id='word_1_725' title='bbox 3000 4697 3100 4768; x_wconf 83' lang='grc' dir='ltr'><strong>τὴν</strong></span> <span class='ocrx_word' id='word_1_726' title='bbox 3129 4698 3226 4769; x_wconf 80' lang='grc' dir='ltr'><strong>μὲν</strong></span> <span class='ocrx_word' id='word_1_727' title='bbox 3273 4697 3498 4768; x_wconf 81' lang='grc' dir='ltr'><strong>πρώτην</strong></span> <span class='ocrx_word' id='word_1_728' title='bbox 3529 4699 3688 4751; x_wconf 69' lang='grc' dir='ltr'><strong>έσπέυ</strong></span> 
     </span>
    </p>
   </div>
   <div class='ocr_carea' id='block_1_92' title="bbox 451 4787 2010 4862">
    <p class='ocr_par' dir='ltr' id='par_1_92' title="bbox 451 4788 2010 4861">
     <span class='ocr_line' id='line_1_92' title="bbox 451 4788 2010 4861; baseline 0.001 -19"><span class='ocrx_word' id='word_1_729' title='bbox 451 4797 613 4861; x_wconf 87' lang='lat' dir='ltr'><strong>atque</strong></span> <span class='ocrx_word' id='word_1_730' title='bbox 642 4789 716 4844; x_wconf 90' lang='lat' dir='ltr'><strong>ita</strong></span> <span class='ocrx_word' id='word_1_731' title='bbox 745 4789 1003 4860; x_wconf 82' lang='lat' dir='ltr'><strong>deinceps</strong></span> <span class='ocrx_word' id='word_1_732' title='bbox 1027 4804 1203 4859; x_wconf 89' lang='lat' dir='ltr'><strong>usque</strong></span> <span class='ocrx_word' id='word_1_733' title='bbox 1231 4789 1299 4844; x_wconf 87' lang='lat' dir='ltr'><strong>ad</strong></span> <span class='ocrx_word' id='word_1_734' title='bbox 1333 4788 1476 4845; x_wconf 89' lang='lat' dir='ltr'><strong>diem</strong></span> <span class='ocrx_word' id='word_1_735' title='bbox 1505 4805 1599 4856; x_wconf 84' lang='lat' dir='ltr'><strong>xv,</strong></span> <span class='ocrx_word' id='word_1_736' title='bbox 1628 4789 1704 4844; x_wconf 91' lang='lat' dir='ltr'><strong>ita</strong></span> <span class='ocrx_word' id='word_1_737' title='bbox 1735 4797 1793 4843; x_wconf 91' lang='lat' dir='ltr'><strong>ut</strong></span> <span class='ocrx_word' id='word_1_738' title='bbox 1821 4789 2010 4861; x_wconf 77' lang='lat' dir='ltr'><strong>singu-</strong></span> 
     </span>
    </p>
   </div>
   <div class='ocr_carea' id='block_1_93' title="bbox 2121 4787 3680 4862">
    <p class='ocr_par' dir='ltr' id='par_1_93' title="bbox 2125 4787 3680 4862">
     <span class='ocr_line' id='line_1_93' title="bbox 2125 4787 3680 4862; baseline -0.001 -21"><span class='ocrx_word' id='word_1_739' title='bbox 2125 4806 2224 4862; x_wconf 89' lang='grc' dir='ltr'><strong>ραν</strong></span> <span class='ocrx_word' id='word_1_740' title='bbox 2253 4788 2424 4842; x_wconf 88' lang='grc' dir='ltr'><strong>λεπτά</strong></span> <span class='ocrx_word' id='word_1_741' title='bbox 2449 4789 2513 4854; x_wconf 87' lang='grc' dir='ltr'><strong>δ’,</strong></span> <span class='ocrx_word' id='word_1_742' title='bbox 2542 4787 2639 4858; x_wconf 75' lang='grc' dir='ltr'><strong>τὴν</strong></span> <span class='ocrx_word' id='word_1_743' title='bbox 2671 4787 2727 4841; x_wconf 81' lang='grc' dir='ltr'><strong>δὲ</strong></span> <span class='ocrx_word' id='word_1_744' title='bbox 2759 4788 3015 4860; x_wconf 86' lang='grc' dir='ltr'><strong>δευτέραν</strong></span> <span class='ocrx_word' id='word_1_745' title='bbox 3047 4789 3121 4860; x_wconf 83' lang='grc' dir='ltr'><strong>η’,</strong></span> <span class='ocrx_word' id='word_1_746' title='bbox 3144 4789 3244 4859; x_wconf 83' lang='grc' dir='ltr'><strong>τὴν</strong></span> <span class='ocrx_word' id='word_1_747' title='bbox 3280 4790 3336 4842; x_wconf 81' lang='grc' dir='ltr'>δὲ</span> <span class='ocrx_word' id='word_1_748' title='bbox 3365 4790 3560 4861; x_wconf 88' lang='grc' dir='ltr'><strong>τρίτην</strong></span> <span class='ocrx_word' id='word_1_749' title='bbox 3587 4790 3680 4842; x_wconf 77' lang='grc' dir='ltr'><strong>ις’·</strong></span> 
     </span>
    </p>
   </div>
   <div class='ocr_carea' id='block_1_94' title="bbox 451 4879 2010 4955">
    <p class='ocr_par' dir='ltr' id='par_1_94' title="bbox 451 4879 2010 4950">
     <span class='ocr_line' id='line_1_94' title="bbox 451 4879 2010 4950; baseline 0.003 -18"><span class='ocrx_word' id='word_1_750' title='bbox 451 4879 514 4933; x_wconf 76' lang='lat' dir='ltr'><strong>la:</strong></span> <span class='ocrx_word' id='word_1_751' title='bbox 547 4888 737 4934; x_wconf 88' lang='lat' dir='ltr'><strong>noctes</strong></span> <span class='ocrx_word' id='word_1_752' title='bbox 763 4895 816 4934; x_wconf 82' lang='grc' dir='ltr'><strong>ιν</strong></span> <span class='ocrx_word' id='word_1_753' title='bbox 845 4879 1046 4934; x_wconf 86' lang='lat' dir='ltr'><strong>addant</strong></span> <span class='ocrx_word' id='word_1_754' title='bbox 1075 4881 1355 4950; x_wconf 87' lang='lat' dir='ltr'><strong>scrupula,</strong></span> <span class='ocrx_word' id='word_1_755' title='bbox 1386 4879 1697 4950; x_wconf 76' lang='lat' dir='ltr'><strong>cuiusmodi</strong></span> <span class='ocrx_word' id='word_1_756' title='bbox 1736 4879 1793 4935; x_wconf 91' lang='lat' dir='ltr'><strong>in</strong></span> <span class='ocrx_word' id='word_1_757' title='bbox 1820 4881 2010 4936; x_wconf 89' lang='lat' dir='ltr'><strong>horam</strong></span> 
     </span>
    </p>
   </div>
   <div class='ocr_carea' id='block_1_95' title="bbox 2121 4879 3680 4955">
    <p class='ocr_par' dir='ltr' id='par_1_95' title="bbox 2121 4880 3680 4955">
     <span class='ocr_line' id='line_1_95' title="bbox 2121 4880 3680 4955; baseline -0.002 -18"><span class='ocrx_word' id='word_1_758' title='bbox 2121 4884 2214 4937; x_wconf 75' lang='grc' dir='ltr'><strong>καὶ</strong></span> <span class='ocrx_word' id='word_1_759' title='bbox 2230 4883 2457 4954; x_wconf 81' lang='grc' dir='ltr'><strong>καθεξῆς</strong></span> <span class='ocrx_word' id='word_1_760' title='bbox 2474 4883 2670 4955; x_wconf 81' lang='grc' dir='ltr'><strong>ὁμοίως</strong></span> <span class='ocrx_word' id='word_1_761' title='bbox 2687 4883 2848 4953; x_wconf 87' lang='grc' dir='ltr'><strong>μέχρι</strong></span> <span class='ocrx_word' id='word_1_762' title='bbox 2864 4882 2970 4935; x_wconf 84' lang='grc' dir='ltr'><strong>τῶν</strong></span> <span class='ocrx_word' id='word_1_763' title='bbox 2995 4881 3076 4947; x_wconf 84' lang='grc' dir='ltr'><strong>ιε’,</strong></span> <span class='ocrx_word' id='word_1_764' title='bbox 3091 4882 3530 4954; x_wconf 84' lang='grc' dir='ltr'><strong>προστιθεμένων</strong></span> <span class='ocrx_word' id='word_1_765' title='bbox 3547 4880 3680 4947; x_wconf 71' lang='grc' dir='ltr'><strong>αὑτῇ</strong></span> 
     </span>
    </p>
   </div>
   <div class='ocr_carea' id='block_1_96' title="bbox 447 4968 2006 5045">
    <p class='ocr_par' dir='ltr' id='par_1_96' title="bbox 447 4968 2006 5042">
     <span class='ocr_line' id='line_1_96' title="bbox 447 4968 2006 5042; baseline 0.003 -19"><span class='ocrx_word' id='word_1_766' title='bbox 447 4969 744 5040; x_wconf 86' lang='lat' dir='ltr'><strong>quamlibet</strong></span> <span class='ocrx_word' id='word_1_767' title='bbox 771 4968 1111 5040; x_wconf 90' lang='lat' dir='ltr'><strong>imputantur</strong></span> <span class='ocrx_word' id='word_1_768' title='bbox 1138 4985 1191 5024; x_wconf 86' lang='grc' dir='ltr'><strong>ν.</strong></span> <span class='ocrx_word' id='word_1_769' title='bbox 1222 4969 1410 5040; x_wconf 88' lang='lat' dir='ltr'><strong>Itaque</strong></span> <span class='ocrx_word' id='word_1_770' title='bbox 1435 4985 1560 5026; x_wconf 91' lang='lat' dir='ltr'><strong>cum</strong></span> <span class='ocrx_word' id='word_1_771' title='bbox 1608 4971 1675 5026; x_wconf 91' lang='lat' dir='ltr'><strong>ad</strong></span> <span class='ocrx_word' id='word_1_772' title='bbox 1717 4987 1786 5024; x_wconf 90' lang='lat' dir='ltr'><strong>xv</strong></span> <span class='ocrx_word' id='word_1_773' title='bbox 1815 4973 2006 5042; x_wconf 82' lang='lat' dir='ltr'><strong>vespe-</strong></span> 
     </span>
    </p>
   </div>
   <div class='ocr_carea' id='block_1_97' title="bbox 2125 4968 3684 5045">
    <p class='ocr_par' dir='ltr' id='par_1_97' title="bbox 2125 4972 3684 5045">
     <span class='ocr_line' id='line_1_97' title="bbox 2125 4972 3684 5045; baseline -0.003 -15"><span class='ocrx_word' id='word_1_774' title='bbox 2125 4975 2244 5030; x_wconf 79' lang='grc' dir='ltr'><strong>καθ’</strong></span> <span class='ocrx_word' id='word_1_775' title='bbox 2295 4974 2528 5044; x_wconf 78' lang='grc' dir='ltr'><strong>ἑκάστην</strong></span> <span class='ocrx_word' id='word_1_776' title='bbox 2558 4974 2796 5044; x_wconf 79' lang='grc' dir='ltr'><strong>ἑσπέραν</strong></span> <span class='ocrx_word' id='word_1_777' title='bbox 2839 4973 3051 5026; x_wconf 85' lang='grc' dir='ltr'><strong>λεπτῶν</strong></span> <span class='ocrx_word' id='word_1_778' title='bbox 3080 4973 3145 5036; x_wconf 92' lang='grc' dir='ltr'><strong>δ’,</strong></span> <span class='ocrx_word' id='word_1_779' title='bbox 3185 4973 3221 5028; x_wconf 78' lang='grc' dir='ltr'>ἃ</span> <span class='ocrx_word' id='word_1_780' title='bbox 3259 4973 3322 5045; x_wconf 85' lang='grc' dir='ltr'><strong>δὴ</strong></span> <span class='ocrx_word' id='word_1_781' title='bbox 3351 4972 3526 5026; x_wconf 72' lang='grc' dir='ltr'><strong>λεπτὰ</strong></span> <span class='ocrx_word' id='word_1_782' title='bbox 3578 4973 3684 5025; x_wconf 84' lang='grc' dir='ltr'><strong>είσ-</strong></span> 
     </span>
    </p>
   </div>
   <div class='ocr_carea' id='block_1_98' title="bbox 447 5059 2006 5136">
    <p class='ocr_par' dir='ltr' id='par_1_98' title="bbox 447 5061 2006 5134">
     <span class='ocr_line' id='line_1_98' title="bbox 447 5061 2006 5134; baseline 0.003 -19"><span class='ocrx_word' id='word_1_783' title='bbox 447 5076 563 5116; x_wconf 88' lang='lat' dir='ltr'><strong>ram</strong></span> <span class='ocrx_word' id='word_1_784' title='bbox 595 5063 933 5132; x_wconf 83' lang='lat' dir='ltr'><strong>pervenerit,</strong></span> <span class='ocrx_word' id='word_1_785' title='bbox 967 5071 1024 5116; x_wconf 93' lang='lat' dir='ltr'><strong>ut</strong></span> <span class='ocrx_word' id='word_1_786' title='bbox 1067 5061 1225 5132; x_wconf 89' lang='lat' dir='ltr'><strong>plena</strong></span> <span class='ocrx_word' id='word_1_787' title='bbox 1257 5062 1489 5129; x_wconf 87' lang='lat' dir='ltr'><strong>dicatur,</strong></span> <span class='ocrx_word' id='word_1_788' title='bbox 1519 5063 1664 5134; x_wconf 86' lang='lat' dir='ltr'><strong>quod</strong></span> <span class='ocrx_word' id='word_1_789' title='bbox 1699 5071 1830 5117; x_wconf 90' lang='lat' dir='ltr'><strong>tunc</strong></span> <span class='ocrx_word' id='word_1_790' title='bbox 1879 5062 2006 5119; x_wconf 81' lang='lat' dir='ltr'><strong>solis</strong></span> 
     </span>
    </p>
   </div>
   <div class='ocr_carea' id='block_1_99' title="bbox 2121 5059 3680 5136">
    <p class='ocr_par' dir='ltr' id='par_1_99' title="bbox 2121 5059 3680 5136">
     <span class='ocr_line' id='line_1_99' title="bbox 2121 5059 3680 5136; baseline -0.006 -15"><span class='ocrx_word' id='word_1_791' title='bbox 2121 5067 2340 5135; x_wconf 82' lang='grc' dir='ltr'><strong>ἀγονται</strong></span> <span class='ocrx_word' id='word_1_792' title='bbox 2373 5068 2431 5118; x_wconf 81' lang='grc' dir='ltr'><strong>έν</strong></span> <span class='ocrx_word' id='word_1_793' title='bbox 2461 5066 2558 5136; x_wconf 84' lang='grc' dir='ltr'><strong>μιᾷ</strong></span> <span class='ocrx_word' id='word_1_794' title='bbox 2586 5065 2788 5135; x_wconf 78' lang='grc' dir='ltr'><strong>ἑκάστη</strong></span> <span class='ocrx_word' id='word_1_795' title='bbox 2812 5064 2929 5136; x_wconf 79' lang='grc' dir='ltr'><strong>ὥρα</strong></span> <span class='ocrx_word' id='word_1_796' title='bbox 2957 5063 3019 5119; x_wconf 89' lang='grc' dir='ltr'><strong>ε’.</strong></span> <span class='ocrx_word' id='word_1_797' title='bbox 3047 5064 3303 5118; x_wconf 79' lang='grc' dir='ltr'><strong>Φθάσασα</strong></span> <span class='ocrx_word' id='word_1_798' title='bbox 3331 5064 3462 5132; x_wconf 86' lang='grc' dir='ltr'><strong>γοῦν</strong></span> <span class='ocrx_word' id='word_1_799' title='bbox 3497 5062 3599 5132; x_wconf 82' lang='grc' dir='ltr'><strong>τὴν</strong></span> <span class='ocrx_word' id='word_1_800' title='bbox 3627 5059 3680 5113; x_wconf 84' lang='grc' dir='ltr'><strong>ιε’</strong></span> 
     </span>
    </p>
   </div>
   <div class='ocr_carea' id='block_1_100' title="bbox 445 5153 2004 5227">
    <p class='ocr_par' dir='ltr' id='par_1_100' title="bbox 445 5153 2004 5224">
     <span class='ocr_line' id='line_1_100' title="bbox 445 5153 2004 5224; baseline -0.001 -16"><span class='ocrx_word' id='word_1_801' title='bbox 445 5153 614 5209; x_wconf 86' lang='lat' dir='ltr'><strong>radiis</strong></span> <span class='ocrx_word' id='word_1_802' title='bbox 660 5162 772 5208; x_wconf 89' lang='lat' dir='ltr'><strong>tota</strong></span> <span class='ocrx_word' id='word_1_803' title='bbox 821 5154 1172 5209; x_wconf 91' lang='lat' dir='ltr'><strong>collustretur</strong></span> <span class='ocrx_word' id='word_1_804' title='bbox 1193 5194 1206 5216; x_wconf 96' lang='lat'><strong>,</strong></span> <span class='ocrx_word' id='word_1_805' title='bbox 1242 5154 1498 5224; x_wconf 76' lang='lat' dir='ltr'><strong>scrupula</strong></span> <span class='ocrx_word' id='word_1_806' title='bbox 1539 5169 1606 5208; x_wconf 79' lang='lat' dir='ltr'><strong>1.x</strong></span> <span class='ocrx_word' id='word_1_807' title='bbox 1641 5169 1704 5210; x_wconf 89' lang='lat' dir='ltr'><strong>ea</strong></span> <span class='ocrx_word' id='word_1_808' title='bbox 1738 5161 1898 5210; x_wconf 89' lang='lat' dir='ltr'><strong>nocte</strong></span> <span class='ocrx_word' id='word_1_809' title='bbox 1928 5153 2004 5208; x_wconf 87' lang='lat' dir='ltr'><strong>lu-</strong></span> 
     </span>
    </p>
   </div>
   <div class='ocr_carea' id='block_1_101' title="bbox 2121 5153 3680 5227">
    <p class='ocr_par' dir='ltr' id='par_1_101' title="bbox 2121 5153 3680 5227">
     <span class='ocr_line' id='line_1_101' title="bbox 2121 5153 3680 5227; baseline -0.005 -18"><span class='ocrx_word' id='word_1_810' title='bbox 2121 5157 2376 5227; x_wconf 74' lang='grc' dir='ltr'><strong>ἑσπέραν,</strong></span> <span class='ocrx_word' id='word_1_811' title='bbox 2394 5156 2511 5226; x_wconf 78' lang='grc' dir='ltr'><strong>ἥτις</strong></span> <span class='ocrx_word' id='word_1_812' title='bbox 2542 5155 2635 5206; x_wconf 71' lang='grc' dir='ltr'><strong>καὶ</strong></span> <span class='ocrx_word' id='word_1_813' title='bbox 2667 5153 2996 5224; x_wconf 81' lang='grc' dir='ltr'><strong>πανσέληνος</strong></span> <span class='ocrx_word' id='word_1_814' title='bbox 3022 5155 3284 5216; x_wconf 84' lang='grc' dir='ltr'><strong>καλεῖται,</strong></span> <span class='ocrx_word' id='word_1_815' title='bbox 3305 5155 3394 5208; x_wconf 85' lang='grc' dir='ltr'><strong>διά</strong></span> <span class='ocrx_word' id='word_1_816' title='bbox 3421 5155 3484 5206; x_wconf 75' lang='grc' dir='ltr'><strong>τὸ</strong></span> <span class='ocrx_word' id='word_1_817' title='bbox 3509 5153 3680 5203; x_wconf 71' lang='grc' dir='ltr'><strong>πᾶσιν</strong></span> 
     </span>
    </p>
   </div>
   <div class='ocr_carea' id='block_1_102' title="bbox 445 5241 2004 5320">
    <p class='ocr_par' dir='ltr' id='par_1_102' title="bbox 445 5245 2004 5318">
     <span class='ocr_line' id='line_1_102' title="bbox 445 5245 2004 5318; baseline 0.001 -20"><span class='ocrx_word' id='word_1_818' title='bbox 445 5251 548 5308; x_wconf 88' lang='lat' dir='ltr'><strong>cet,</strong></span> <span class='ocrx_word' id='word_1_819' title='bbox 587 5261 708 5317; x_wconf 74' lang='lat' dir='ltr'><strong>quae</strong></span> <span class='ocrx_word' id='word_1_820' title='bbox 761 5254 889 5300; x_wconf 83' lang='lat' dir='ltr'><strong>sunt</strong></span> <span class='ocrx_word' id='word_1_821' title='bbox 924 5245 1072 5300; x_wconf 66' lang='lat' dir='ltr'><strong>hora:</strong></span> <span class='ocrx_word' id='word_1_822' title='bbox 1116 5261 1216 5302; x_wconf 89' lang='lat' dir='ltr'><strong>xu.</strong></span> <span class='ocrx_word' id='word_1_823' title='bbox 1273 5245 1408 5300; x_wconf 89' lang='lat' dir='ltr'><strong>Nam</strong></span> <span class='ocrx_word' id='word_1_824' title='bbox 1452 5255 1644 5318; x_wconf 88' lang='lat' dir='ltr'><strong>quater</strong></span> <span class='ocrx_word' id='word_1_825' title='bbox 1696 5245 2004 5316; x_wconf 84' lang='lat' dir='ltr'><strong>quindecim</strong></span> 
     </span>
    </p>
   </div>
   <div class='ocr_carea' id='block_1_103' title="bbox 2118 5241 3677 5320">
    <p class='ocr_par' dir='ltr' id='par_1_103' title="bbox 2121 5241 3677 5320">
     <span class='ocr_line' id='line_1_103' title="bbox 2121 5241 3677 5320; baseline -0.005 -19"><span class='ocrx_word' id='word_1_826' title='bbox 2121 5248 2249 5320; x_wconf 79' lang='grc' dir='ltr'><strong>παρ’</strong></span> <span class='ocrx_word' id='word_1_827' title='bbox 2277 5248 2444 5318; x_wconf 77' lang='grc' dir='ltr'><strong>αὐτῆς</strong></span> <span class='ocrx_word' id='word_1_828' title='bbox 2476 5244 2822 5314; x_wconf 67' lang='grc' dir='ltr'><strong>(ρωτίζεσθαι,</strong></span> <span class='ocrx_word' id='word_1_829' title='bbox 2852 5245 3058 5316; x_wconf 85' lang='grc' dir='ltr'><strong>λάμπει</strong></span> <span class='ocrx_word' id='word_1_830' title='bbox 3106 5247 3246 5300; x_wconf 84' lang='grc' dir='ltr'><strong>κατὰ</strong></span> <span class='ocrx_word' id='word_1_831' title='bbox 3274 5245 3482 5313; x_wconf 76' lang='grc' dir='ltr'><strong>ταύτην</strong></span> <span class='ocrx_word' id='word_1_832' title='bbox 3514 5241 3677 5295; x_wconf 84' lang='grc' dir='ltr'><strong>λεπτά</strong></span> 
     </span>
    </p>
   </div>
   <div class='ocr_carea' id='block_1_104' title="bbox 447 5333 2006 5410">
    <p class='ocr_par' dir='ltr' id='par_1_104' title="bbox 447 5335 2006 5406">
     <span class='ocr_line' id='line_1_104' title="bbox 447 5335 2006 5406; baseline 0.002 -18"><span class='ocrx_word' id='word_1_833' title='bbox 447 5344 575 5388; x_wconf 90' lang='lat' dir='ltr'><strong>sunt</strong></span> <span class='ocrx_word' id='word_1_834' title='bbox 594 5351 684 5402; x_wconf 74' lang='grc' dir='ltr'><strong>ιι,</strong></span> <span class='ocrx_word' id='word_1_835' title='bbox 730 5342 784 5390; x_wconf 87' lang='lat' dir='ltr'><strong>et</strong></span> <span class='ocrx_word' id='word_1_836' title='bbox 820 5335 1113 5406; x_wconf 89' lang='lat' dir='ltr'><strong>quinquies</strong></span> <span class='ocrx_word' id='word_1_837' title='bbox 1163 5335 1450 5391; x_wconf 86' lang='lat' dir='ltr'><strong>duodecim</strong></span> <span class='ocrx_word' id='word_1_838' title='bbox 1481 5335 1668 5391; x_wconf 87' lang='lat' dir='ltr'><strong>itidem</strong></span> <span class='ocrx_word' id='word_1_839' title='bbox 1703 5351 1792 5389; x_wconf 62' lang='grc' dir='ltr'><strong>ις.</strong></span> <span class='ocrx_word' id='word_1_840' title='bbox 1831 5336 2006 5402; x_wconf 85' lang='lat' dir='ltr'><strong>Quare</strong></span> 
     </span>
    </p>
   </div>
   <div class='ocr_carea' id='block_1_105' title="bbox 2114 5333 3673 5410">
    <p class='ocr_par' dir='ltr' id='par_1_105' title="bbox 2114 5333 3673 5410">
     <span class='ocr_line' id='line_1_105' title="bbox 2114 5333 3673 5410; baseline -0.006 -16"><span class='ocrx_word' id='word_1_841' title='bbox 2114 5339 2181 5406; x_wconf 77' lang='grc' dir='ltr'><strong>ξ’,</strong></span> <span class='ocrx_word' id='word_1_842' title='bbox 2209 5340 2376 5410; x_wconf 84' lang='grc' dir='ltr'><strong>ήγουν</strong></span> <span class='ocrx_word' id='word_1_843' title='bbox 2412 5337 2559 5409; x_wconf 83' lang='grc' dir='ltr'><strong>ὥρας</strong></span> <span class='ocrx_word' id='word_1_844' title='bbox 2591 5336 2678 5392; x_wconf 76' lang='grc' dir='ltr'><strong>ιδ’.</strong></span> <span class='ocrx_word' id='word_1_845' title='bbox 2711 5337 2978 5408; x_wconf 80' lang='grc' dir='ltr'><strong>Τετράκις</strong></span> <span class='ocrx_word' id='word_1_846' title='bbox 3000 5336 3107 5407; x_wconf 85' lang='grc' dir='ltr'><strong>γὰρ</strong></span> <span class='ocrx_word' id='word_1_847' title='bbox 3151 5337 3220 5388; x_wconf 81' lang='grc' dir='ltr'><strong>τά</strong></span> <span class='ocrx_word' id='word_1_848' title='bbox 3258 5334 3316 5386; x_wconf 86' lang='grc' dir='ltr'><strong>ιε’</strong></span> <span class='ocrx_word' id='word_1_849' title='bbox 3346 5333 3389 5398; x_wconf 82' lang='grc' dir='ltr'><strong>ξ’</strong></span> <span class='ocrx_word' id='word_1_850' title='bbox 3418 5333 3673 5402; x_wconf 82' lang='grc' dir='ltr'><strong>γίνονται.</strong></span> 
     </span>
    </p>
   </div>
   <div class='ocr_carea' id='block_1_106' title="bbox 447 5424 2006 5500">
    <p class='ocr_par' dir='ltr' id='par_1_106' title="bbox 447 5426 2006 5500">
     <span class='ocr_line' id='line_1_106' title="bbox 447 5426 2006 5500; baseline 0.001 -19"><span class='ocrx_word' id='word_1_851' title='bbox 447 5426 494 5481; x_wconf 83' lang='lat' dir='ltr'><strong>si</strong></span> <span class='ocrx_word' id='word_1_852' title='bbox 555 5443 719 5484; x_wconf 84' lang='lat' dir='ltr'><strong>nosse</strong></span> <span class='ocrx_word' id='word_1_853' title='bbox 769 5430 924 5498; x_wconf 87' lang='lat' dir='ltr'><strong>cupis</strong></span> <span class='ocrx_word' id='word_1_854' title='bbox 971 5435 1104 5499; x_wconf 92' lang='lat' dir='ltr'><strong>quot</strong></span> <span class='ocrx_word' id='word_1_855' title='bbox 1148 5428 1312 5483; x_wconf 86' lang='lat' dir='ltr'><strong>horas</strong></span> <span class='ocrx_word' id='word_1_856' title='bbox 1349 5427 1580 5500; x_wconf 77' lang='lat' dir='ltr'><strong>singulis</strong></span> <span class='ocrx_word' id='word_1_857' title='bbox 1608 5428 1862 5485; x_wconf 89' lang='lat' dir='ltr'><strong>noctibus</strong></span> <span class='ocrx_word' id='word_1_858' title='bbox 1886 5443 2006 5483; x_wconf 89' lang='lat' dir='ltr'><strong>cre-</strong></span> 
     </span>
    </p>
   </div>
   <div class='ocr_carea' id='block_1_107' title="bbox 2114 5424 3673 5500">
    <p class='ocr_par' dir='ltr' id='par_1_107' title="bbox 2114 5424 3673 5495">
     <span class='ocr_line' id='line_1_107' title="bbox 2114 5424 3673 5495; baseline -0.005 -12"><span class='ocrx_word' id='word_1_859' title='bbox 2114 5431 2209 5484; x_wconf 75' lang='grc' dir='ltr'><strong>καὶ</strong></span> <span class='ocrx_word' id='word_1_860' title='bbox 2235 5428 2498 5493; x_wconf 86' lang='grc' dir='ltr'><strong>πεντάκις</strong></span> <span class='ocrx_word' id='word_1_861' title='bbox 2519 5428 2587 5482; x_wconf 89' lang='grc' dir='ltr'><strong>τά</strong></span> <span class='ocrx_word' id='word_1_862' title='bbox 2616 5428 2683 5482; x_wconf 74' lang='grc' dir='ltr'><strong>ιϐ’</strong></span> <span class='ocrx_word' id='word_1_863' title='bbox 2713 5428 2875 5481; x_wconf 85' lang='grc' dir='ltr'><strong>πάλιν</strong></span> <span class='ocrx_word' id='word_1_864' title='bbox 2895 5427 2957 5495; x_wconf 78' lang='grc' dir='ltr'><strong>ξ’.</strong></span> <span class='ocrx_word' id='word_1_865' title='bbox 2983 5429 3045 5482; x_wconf 82' lang='lat' dir='ltr'><strong>EI</strong></span> <span class='ocrx_word' id='word_1_866' title='bbox 3070 5424 3162 5480; x_wconf 79' lang='grc' dir='ltr'><strong>οὖν</strong></span> <span class='ocrx_word' id='word_1_867' title='bbox 3187 5425 3364 5495; x_wconf 81' lang='grc' dir='ltr'><strong>βούλει</strong></span> <span class='ocrx_word' id='word_1_868' title='bbox 3392 5425 3673 5493; x_wconf 82' lang='grc' dir='ltr'><strong>γινώσκειν</strong></span> 
     </span>
    </p>
   </div>
   <div class='ocr_carea' id='block_1_108' title="bbox 445 5515 2004 5594">
    <p class='ocr_par' dir='ltr' id='par_1_108' title="bbox 445 5519 2004 5592">
     <span class='ocr_line' id='line_1_108' title="bbox 445 5519 2004 5592; baseline 0.003 -20"><span class='ocrx_word' id='word_1_869' title='bbox 445 5519 743 5575; x_wconf 70' lang='grc' dir='ltr'><strong>ιωιιοιιιιιο</strong></span> <span class='ocrx_word' id='word_1_870' title='bbox 770 5519 1106 5588; x_wconf 83' lang='lat' dir='ltr'><strong>luceat,vide</strong></span> <span class='ocrx_word' id='word_1_871' title='bbox 1131 5529 1264 5592; x_wconf 91' lang='lat' dir='ltr'><strong>quot</strong></span> <span class='ocrx_word' id='word_1_872' title='bbox 1291 5521 1408 5578; x_wconf 91' lang='lat' dir='ltr'><strong>dies</strong></span> <span class='ocrx_word' id='word_1_873' title='bbox 1437 5529 1569 5580; x_wconf 68' lang='lat' dir='ltr'><strong>aetas</strong></span> <span class='ocrx_word' id='word_1_874' title='bbox 1590 5521 1735 5579; x_wconf 83' lang='lat' dir='ltr'><strong>illius</strong></span> <span class='ocrx_word' id='word_1_875' title='bbox 1769 5522 2004 5591; x_wconf 86' lang='lat' dir='ltr'><strong>habeat;</strong></span> 
     </span>
    </p>
   </div>
   <div class='ocr_carea' id='block_1_109' title="bbox 2110 5515 3669 5594">
    <p class='ocr_par' dir='ltr' id='par_1_109' title="bbox 2111 5515 3669 5594">
     <span class='ocr_line' id='line_1_109' title="bbox 2111 5515 3669 5594; baseline -0.006 -18"><span class='ocrx_word' id='word_1_876' title='bbox 2111 5521 2285 5586; x_wconf 82' lang='grc' dir='ltr'><strong>πόσας</strong></span> <span class='ocrx_word' id='word_1_877' title='bbox 2302 5521 2449 5594; x_wconf 84' lang='grc' dir='ltr'><strong>ὥρας</strong></span> <span class='ocrx_word' id='word_1_878' title='bbox 2475 5521 2654 5592; x_wconf 82' lang='grc' dir='ltr'><strong>φαίνει</strong></span> <span class='ocrx_word' id='word_1_879' title='bbox 2671 5519 2792 5574; x_wconf 88' lang='grc' dir='ltr'><strong>καθ’</strong></span> <span class='ocrx_word' id='word_1_880' title='bbox 2815 5520 3049 5574; x_wconf 64' lang='grc' dir='ltr'><strong>ἑκάστην</strong></span> <span class='ocrx_word' id='word_1_881' title='bbox 3066 5516 3300 5586; x_wconf 76' lang='grc' dir='ltr'><strong>ἑσπέραν</strong></span> <span class='ocrx_word' id='word_1_882' title='bbox 3319 5515 3669 5586; x_wconf 74' lang='grc' dir='ltr'><strong>αὐξανομένη,</strong></span> 
     </span>
    </p>
   </div>
   <div class='ocr_carea' id='block_1_110' title="bbox 522 5735 942 5807">
    <p class='ocr_par' dir='ltr' id='par_1_110' title="bbox 522 5735 942 5807">
     <span class='ocr_line' id='line_1_110' title="bbox 522 5735 942 5807; baseline 0.012 -20"><span class='ocrx_word' id='word_1_883' title='bbox 522 5735 563 5768; x_wconf 87' lang='grc' dir='ltr'><strong>ι·</strong></span> <span class='ocrx_word' id='word_1_884' title='bbox 590 5737 631 5804; x_wconf 67' lang='grc' dir='ltr'><strong>ί.</strong></span> <span class='ocrx_word' id='word_1_885' title='bbox 661 5736 942 5807; x_wconf 77' lang='grc' dir='ltr'><strong>πληρωθῇ.</strong></span> 
     </span>
    </p>
   </div>
  </div>
