3948 6264
282 374 410 434 1523

1397 377 1615 438 [SAACI
1655 375 1958 439 MONACHI
1994 374 2388 441 COMPUTUS.

3347 372 3480 438 1316

276 495 491 568 εὕρισκε
529 495 706 552 πόσων
731 499 949 570 ἡμερῶν
985 499 1259 570 τυγχάνει,
1284 501 1376 554 καὶ
1401 501 1623 566 ταύταις
1649 502 1824 566 διδοὺς

1933 517 2024 573 pro
2043 517 2370 574 unoquoque
2396 501 2483 558 die
2496 498 2751 570 scrupula
2779 509 2832 552 tv
2858 496 3043 569 accipe
3077 506 3090 551 :
3124 511 3389 553 summam
3420 513 3483 551 cx

275 588 374 645 ἀνὰ
413 588 581 642 λεπτὰ
628 589 690 654 δ’,
733 591 801 643 τὰ
840 590 1175 660 συναγόμενα
1225 593 1396 646 λεπτὰ
1449 591 1635 665 μέριζε
1675 593 1827 665 παρὰ

273 679 362 732 τὸν
412 679 472 743 ε’,
503 679 821 750 μεταϐαλὼν
864 682 942 743 είς
979 680 1160 752 ὥρας’
1205 685 1298 736 καὶ
1345 684 1483 750 ἕξεις
1529 684 1587 737 τὸ
1632 684 1824 755 ζητού-ο

279 787 452 839 μενον.
485 770 752 834 Ὡσαύτως
785 773 877 825 καὶ
912 773 1048 842 μετὰ
1069 773 1165 844 τὴν
1191 775 1471 845 ἀπόχυσιν,
1494 777 1658 846 ῆγουν
1688 776 1824 846 μετὰ

273 860 368 929 τὴν
396 860 454 912 ιε’
478 860 648 931 αὑτῆς
685 861 914 933 ἡμέραν,
950 865 997 915 εί
1026 863 1203 933 βούλει
1237 865 1509 937 εὑρίσκειν
1546 867 1642 930 τὰς
1677 867 1826 938 ὥρας

273 953 366 1022 τῆς
390 951 601 1020 φάσεως
623 954 810 1023 αὑτῆς,
838 955 998 1023 ἄφελε
1032 955 1137 1009 ἀπὸ
1162 956 1272 1011 τῶν
1303 956 1367 1010 ιϐ’
1391 958 1546 1030 ὡρῶν
1576 960 1674 1030 τῆς
1698 961 1826 1031 ὅλης

273 1051 460 1106 νυκτὸς
523 1043 643 1096 καθ’
693 1046 926 1116 ἑκάστην
987 1049 1224 1121 ἑσπέραν
1268 1050 1374 1104 τῶν
1442 1052 1824 1122 παρελθουσῶν

273 1134 439 1187 λεπτὰ
470 1135 532 1197 δ’,
562 1137 652 1188 καὶ
691 1138 748 1190 αί
781 1139 1233 1212 καταλειπόμεναι
1271 1136 1432 1216 ὧραι,
1462 1144 1494 1215 ἢ
1527 1147 1618 1198 καὶ
1655 1146 1826 1200 λεπτὰ

276 1228 389 1296 μετ’
415 1227 612 1292 αὑτῶν,
646 1228 796 1283 ἔσται
830 1233 861 1301 ἡ
891 1231 1086 1300 φαῦσις
1118 1234 1306 1304 αὑτῆς.
1333 1237 1403 1288 ’Ἡ
1436 1237 1527 1289 καὶ
1562 1238 1751 1300 ἄλλως.

340 1315 574 1407 Εὑρισκε
625 1318 805 1372 πόσων
848 1322 1066 1394 ἡμερῶν
1105 1325 1336 1396 ὑπάρχει
1375 1327 1480 1380 ἀπὸ
1511 1330 1607 1399 τῆς
1639 1331 1825 1402 γεννή-

275 1422 406 1470 σεως
443 1409 612 1478 αὑτῆς
646 1410 805 1479 μέχρι
831 1412 924 1481 τῆς
975 1413 1114 1483 μετὰ
1155 1417 1253 1487 τὴν
1300 1417 1562 1488 ἁπόχυσιν
1590 1422 1823 1493 ἡμέρας,

273 1494 391 1548 καθ’
416 1497 481 1568 ἢν
511 1498 690 1568 ζητεῖς
718 1502 814 1564 τὰς
859 1501 1005 1573 ῶρας
1036 1505 1128 1558 τοῦ
1173 1509 1451 1580 φωτισμού
1493 1512 1680 1582 αὑτῆς.
1714 1513 1824 1578 Τὰς

271 1581 362 1638 οὖν
391 1587 645 1651 τοιαύτας
693 1592 901 1663 ἡμέρας
953 1596 1200 1668 ἀφαιρῶν
1245 1597 1351 1653 ἀπὸ
1391 1600 1498 1654 τῶν
1537 1581 1825 1676 λ’,κράτει

270 1680 365 1740 τὰς
398 1679 845 1751 καταλειφθείσας
893 1687 1084 1758 μέχρις
1133 1689 1299 1760 αὑτῆς
1340 1693 1466 1763 ὅλης
1511 1695 1608 1765 τῆς
1635 1695 1700 1761 λ’,
1739 1694 1827 1764 αἷς

269 1767 440 1833 διδοὺς
473 1772 574 1826 ἀνὰ
607 1773 774 1827 λεπτὰ
804 1777 864 1842 δ’,
895 1779 960 1831 τὰ
990 1780 1094 1833 ἀπὸ
1126 1783 1327 1836 τούτων
1355 1786 1613 1857 γινόμενα
1647 1790 1824 1844 πάντα

1930 596 2185 652 omnibus
2213 596 2496 652 collectam
2536 594 2738 665 partire
2767 606 2862 662 per
2897 607 2950 656 ν.
2991 599 3046 647 et
3077 606 3171 660 pro
3203 589 3269 645 iis
3295 588 3484 658 singu-

1930 688 2012 743 las
2041 687 2204 742 horas
2230 703 2456 742 numera
2491 705 2504 741 :
2534 687 2758 742 habebis
2791 685 2894 739 hoc
2927 683 3089 738 modo
3120 678 3263 752 quod
3288 679 3486 750 quaeri-

1931 789 2039 835 tur.
2084 779 2347 835 Similiter
2384 787 2505 848 post
2545 777 2922 849 plenilunium,
2973 774 3078 828 hoc
3117 780 3202 827 est
3247 779 3371 842 post
3418 784 3485 822 xv

1931 870 2073 926 diem
2112 871 2272 936 lunw,
2301 877 2359 925 ut
2389 871 2572 938 horas,
2622 868 2822 939 quibus
2856 867 3018 930 lucet,
3049 877 3361 934 assequare,
3393 861 3480 915 de~

1931 963 2087 1016 trahe
2142 961 2208 1016 de
2250 961 2402 1017 horis
2458 976 2531 1013 xu
2587 959 2810 1036 integra:
2863 955 3057 1021 noctis,
3100 968 3198 1025 pro
3249 951 3486 1023 qualibet

1930 1059 2121 1106 exacta
2167 1063 2324 1107 nocte
2354 1051 2612 1122 scrupula
2646 1067 2697 1104 iv
2737 1068 2750 1104 ι
2788 1048 2932 1118 quod
2974 1047 3242 1117 reliquum
3275 1041 3357 1098 est
3385 1042 3488 1096 ho-

1930 1157 2139 1207 rarum,
2189 1143 2272 1197 vel
2320 1143 2735 1212 scrupulorum,
2789 1148 3003 1208 tempus
3044 1144 3128 1193 est
3167 1149 3274 1206 quo
3321 1133 3482 1186 lucet.

1929 1231 2060 1288 Item
2089 1233 2194 1288 alio
2216 1233 2396 1289 modo.

2005 1322 2154 1379 Scito
2184 1335 2316 1396 quot
2369 1326 2485 1381 dies
2524 1322 2796 1392 interjecti
2847 1320 2957 1376 sint
3011 1334 3041 1372 a
3092 1332 3228 1373 nova
3262 1315 3387 1370 luna
3418 1312 3486 1367 ad

1929 1420 2268 1487 propositum
2303 1419 2446 1472 diem
2501 1416 2797 1486 plenilunio
2841 1412 3224 1484 posteriorem,
3263 1419 3368 1476 quo
3399 1405 3487 1459 die

1931 1511 2195 1585 quaeritur
2215 1517 2348 1580 quot
2377 1508 2526 1563 horis
2560 1507 2758 1561 luceat.
2793 1503 3071 1558 Summam
3092 1502 3304 1557 dierum
3335 1500 3487 1555 aufer

1935 1605 2004 1660 de
2035 1620 2142 1658 xxx
2167 1621 2178 1656 :
2213 1601 2355 1672 quod
2373 1605 2620 1671 superest
2647 1596 2715 1651 ad
2745 1595 3074 1652 tricesimam
3107 1607 3278 1663 usque
3302 1593 3484 1646 lunam

1934 1697 2146 1768 accipe;
2195 1711 2295 1765 pro
2337 1693 2567 1763 singulis
2617 1690 2808 1745 diebus
2850 1687 3083 1742 residuis
3143 1684 3486 1756 scrupula‘w

1933 1795 2186 1858 computa
2209 1806 2220 1841 :
2242 1785 2525 1840 collectam
2548 1798 2612 1837 ex
2642 1781 2894 1836 omnibus
2919 1791 3183 1834 summam
3205 1775 3486 1846 scrupulos

270 1859 438 1914 λεπτὰ
476 1863 662 1937 μέριζε
707 1869 856 1940 παρὰ
906 1871 1012 1924 τῶν
1054 1871 1128 1924 ε’·
1175 1876 1268 1928 καὶ
1319 1875 1539 1951 μαθήσῃ
1586 1879 1824 1951 ἀκριϐῶς

1933 1895 2046 1934 rum
2093 1878 2296 1948 partire
2334 1892 2431 1947 per
2461 1892 2491 1929 ν
2519 1886 2531 1929 :
2558 1875 2629 1928 ita
2664 1881 2812 1928 certo
2840 1870 3140 1941 comperies
3169 1877 3299 1940 quot
3323 1866 3487 1921 horas

271 1953 442 2017 πόσας
469 1956 615 2026 ὥρας
647 1960 738 2012 καὶ
764 1960 934 2014 λεπτὰ
968 1963 1149 2033 μέλλει
1177 1966 1405 2037 λάμψαι.

334 2045 489 2144 :Aitl’
518 2049 815 2144 emines-'1]
857 2054 1078 2125 τοιαύτη
1119 2057 1340 2126 μέθοδος
1373 2060 1430 2111 ὲν
1470 2061 1672 2125 πάσαις
1710 2065 1829 2127 ταῖς

269 2137 364 2187 τοῦ
398 2137 640 2190 ἐνιαυτοῦ
675 2138 796 2203 νυξὶ
825 2141 901 2212 τῷ
927 2143 1142 2215 ἀριθμῷ
1175 2145 1282 2198 τῶν
1311 2145 1376 2198 ιϐ’
1405 2148 1600 2218 χρῆται
1637 2149 1823 2221 ὡρῶν·

269 2225 399 2293 ἡμῖν
425 2225 469 2278 δ’
498 2229 551 2280 αί
593 2228 784 2293 νύκτες
821 2231 959 2284 κατὰ
1013 2235 1108 2304 μὲν
1155 2235 1252 2306 τὴν
1303 2237 1523 2309 ἐαρινὴν
1566 2241 1657 2293 καὶ
1705 2241 1826 2310 φθι-

271 2319 571 2391 νοπωρινὴν
596 2321 680 2390 ίση
690 2337 752 2389 με
762 2321 899 2392 ρίαν,
918 2323 1082 2393 ἤγουν
1099 2325 1237 2378 κατὰ
1253 2327 1342 2380 τὸν
1355 2329 1420 2380 Σε
1428 2330 1524 2382 πτέ
1532 2331 1604 2400 μϐ
1611 2348 1721 2401 ριον
1737 2333 1830 2386 καὶ

270 2406 412 2459 κατὰ
431 2407 521 2460 τὸν
559 2410 794 2482 Μάρτιον
829 2411 985 2482 μόνον
1023 2414 1234 2485 ἔχουσιν
1268 2417 1370 2471 ἀνὰ
1398 2419 1463 2472 ιϐ’
1492 2421 1671 2491 ὡρῶν,
1709 2421 1828 2475 καθ’

269 2494 328 2547 ὃν
357 2499 544 2568 καιρὸν
575 2501 668 2552 καὶ
703 2503 735 2572 ἡ
768 2503 992 2572 ρηθεῖσα
1029 2505 1248 2574 μέθοδος
1278 2509 1521 2581 ἀσφαλής
1546 2514 1659 2562 ἐστι
1692 2513 1830 2567 κατὰ

269 2591 366 2684 τὶς
398 2586 882 2684 ῶραςιίσάξουσαί
905 2593 1040 2662 μετὰ
1079 2594 1134 2648 δὲ
1175 2597 1263 2649 τὸν
1294 2598 1680 2671 Σεπτέμϐριον,
1718 2621 1829 2673 χειδ

271 2675 447 2742 μῶνος
477 2675 788 2743 φθάνοντος,
827 2679 925 2742 τὰς
963 2681 1029 2732 ιϐ’
1063 2681 1208 2753 ῶρας
1241 2686 1636 2756 ὑπερϐαίνουσα
1668 2692 1700 2762 ἡ
1735 2692 1830 2757 νὺξ

270 2766 410 2820 κατὰ
447 2769 638 2840 μικρὸν
679 2771 956 2842 προϐαίνει
997 2776 1123 2846 ἄχρι
1158 2777 1266 2831 τῶν
1300 2785 1388 2831 ιε’·
1433 2781 1693 2846 ὡσαύτως
1736 2787 1828 2838 καὶ

271 2857 407 2926 μετὰ
440 2859 529 2910 τὸν
556 2859 796 2931 Μάρτιον
827 2862 954 2933 ἄχρι
990 2865 1084 2917 τοῦ
1111 2865 1300 2937 θέρους
1331 2871 1590 2940 προϊοῦσα
1628 2875 1827 2945 κατέρδ

238 2989 244 2995 .
265 2966 420 3019 χεται
463 2952 542 3014 είς
569 2951 716 3022 ὥρας
745 2953 821 3006 θ’·
876 2957 983 3010 κάκ
1031 2958 1218 3011 τούτου
1261 2961 1632 3030 ἀναφαίνεται,
1662 2963 1736 3028 ὡς
1769 2967 1827 3019 αί

265 3041 415 3111 παρὰ
439 3042 538 3112 τῆς
565 3046 856 3119 εἰρημένης
882 3047 1063 3119 ψήφου
1092 3051 1496 3124 λαμϐανόμεναι
1524 3047 1659 3126 ὧραι
1690 3058 1828 3111 κατὰ

1929 1981 1984 2028 et
2009 1970 2267 2040 scrupula
2295 1968 2476 2022 lucere
2499 1966 2715 2020 debeat.

2002 2061 2108 2117 Sed
2155 2061 2411 2132 quoniam
2458 2057 2742 2114 methodus
2774 2055 2877 2111 ista
2913 2060 3100 2108 noctes
3149 2063 3336 2105 omnes
3389 2057 3486 2120 per

1930 2170 2132 2210 annum
2182 2160 2353 2208 totum
2407 2151 2574 2208 sumit
2623 2151 2879 2204 horarum
2924 2163 3020 2211 xu,
3059 2143 3199 2215 apud
3244 2157 3344 2205 nos
3396 2156 3485 2194 auc

1929 2254 2037 2300 tem
2081 2244 2184 2300 sub
2224 2258 2450 2298 vernum
2498 2249 2552 2297 et
2607 2239 2919 2295 autumnale
2959 2237 3220 2292 duntaxat
3246 2233 3485 2303 aequinos

1929 2337 2122 2399 ctium,
2147 2336 2251 2390 hoc
2267 2344 2348 2389 est
2373 2331 2678 2402 Seplembri
2706 2339 2760 2386 et
2786 2328 2997 2392 Martio,
3032 2334 3214 2380 noctes
3229 2326 3483 2378 horarum

1930 2438 2056 2484 sunt
2077 2443 2185 2494 xu;
2213 2441 2320 2496 quo
2355 2435 2593 2494 tempore
2631 2421 2918 2476 methodus
2947 2429 3292 2488 nostra,qua:
3322 2415 3484 2469 horar-

1929 2535 2049 2574 rum
2089 2519 2449 2590 aequalitatem
2472 2514 2739 2586 postulat,
2768 2527 2953 2567 errore
2985 2518 3170 2564 vacat:
3202 2515 3324 2580 post
3352 2505 3486 2575 θερί

1938 2612 2200 2666 tembrem
2222 2651 2237 2673 ,
2290 2608 2618 2664 succedente
2659 2604 2855 2670 hieme,
2883 2619 2989 2658 nox
3025 2619 3100 2657 xu
3135 2602 3298 2656 horas
3325 2615 3484 2654 excc‘

1935 2701 2069 2756 dens
2103 2700 2362 2772 paulatim
2396 2697 2462 2752 ad
2495 2713 2563 2751 xv
2597 2709 2770 2765 usque
2802 2692 3178 2764 progreditur;
3205 2697 3325 2761 post
3345 2689 3485 2742 hlaro-

1929 2792 2063 2846 tium
2093 2807 2307 2860 quoque
2333 2803 2505 2859 usque
2535 2785 2601 2841 ad
2636 2787 2880 2842 aestivum
2907 2783 3196 2839 solstitium
3227 2795 3483 2851 progress

1930 2900 2050 2940 sum
2103 2883 2328 2946 faciens,
2369 2881 2434 2935 ad
2486 2880 2650 2935 horas
2701 2895 2753 2932 ιιι
2784 2875 3080 2942 decrescit;
3119 2889 3184 2928 ex
3214 2888 3322 2942 quo
3350 2871 3481 2925 illud

1931 2982 2174 3054 apparet,
2213 2975 2375 3029 horas
2399 2973 2609 3027 calculo
2631 2971 2734 3026 isto
2762 2976 2998 3038 putatas,
3022 2967 3100 3021 uti
3135 2967 3191 3020 in
3219 2964 3484 3019 ambobus

1929 3053 2268 3133 aequinoctiis
2315 3061 2522 3117 similes
2570 3059 2911 3128 aequalesque
2947 3062 3100 3119 sunt,
3151 3054 3229 3109 sic
3271 3054 3325 3107 in
3360 3053 3486 3108 relia

269 3134 366 3252 μὲν
406 3134 507 3199 τὰς
544 3135 1280 3252 ιδιᾷληφθείσαςηίσημερίας
1321 3147 1456 3199 εἰσιν
1503 3149 1686 3218 ὅμοιαι
1733 3149 1824 3202 καὶ

1933 3156 2054 3226 quis
2089 3153 2427 3224 temporibus
2457 3151 2591 3204 alias
2616 3149 2871 3218 majores,
2916 3148 3052 3202 alias
3077 3146 3315 3200 minores
3341 3159 3484 3207 esse,

269 3225 571 3289 ῐσαι,λκατὰ
601 3229 658 3282 δὲ
691 3230 850 3284 λοιπὰ
883 3233 976 3286 τοῦ
1010 3235 1202 3304 χρόνου
1230 3237 1368 3308 μέρη
1401 3239 1528 3291 ποτὲ
1566 3240 1667 3310 μὲν
1708 3242 1824 3311 μεί-

265 3316 418 3381 ζονές
470 3322 609 3385 εἰσι,
669 3323 798 3375 ποτὲ
847 3324 903 3376 δὲ
943 3325 1252 3391 ἐλάττονες,
1302 3330 1357 3382 αἳ
1405 3332 1500 3384 καὶ¹
1541 3332 1828 3387 καλοῦνται

265 3411 512 3480 καιρικαί
537 3428 551 3442 ·
577 3413 707 3483 ἡμῖν
732 3413 786 3466 δὲ
807 3417 836 3467 ὁ
861 3417 1057 3480 σκοπός
1088 3419 1201 3471 ἐστι
1227 3419 1313 3474 διὰ
1334 3421 1441 3473 τῶν
1463 3422 1582 3475 καθ’
1599 3423 1826 3478 ’ἑκαστον

267 3501 408 3572 μῆνα
462 3503 825 3574 ἐνισταμένων
880 3505 1006 3560 ίσων
1035 3507 1235 3580 ὡρῶν,
1284 3510 1584 3583 αὐξομένης
1623 3531 1682 3566 τε
1733 3515 1827 3567 καὶ

266 3594 598 3666 μειουμένης
627 3597 727 3667 τῆς
758 3597 977 3664 νυκτὸς,
1008 3599 1282 3671 εὑρίσκειν
1309 3601 1407 3666 τὰς
1439 3603 1557 3656 καθ’
1593 3603 1826 3674 ἑκάστην

262 3683 505 3754 ἑσπέραν
535 3683 680 3756 ῶρας
712 3685 807 3739 τοῦ
831 3688 1110 3758 φωτισμοῦ
1141 3690 1309 3760 αὐτῆς
1328 3707 1342 3720 ·
1381 3692 1824 3764 ὑποδειχθήσεται

260 3776 464 3846 τρόπον
487 3777 549 3841 ι’,
584 3778 730 3841 ὅπως
762 3779 1016 3849 ἀσφαλῶς
1058 3782 1150 3834 καὶ⁵
1185 3782 1344 3836 τοῦτο
1373 3785 1680 3855 γενήσεται,
1732 3802 1826 3855 με·

260 3866 642 3938 ταϐαλομένων
669 3870 777 3924 τῶν
812 3872 1112 3942 εἰρημένων
1137 3874 1335 3928 ἀνίσων
1367 3874 1630 3945 καιρικῶν
1667 3875 1826 3948 ὡρῶν

262 3963 340 4024 είς
367 3961 472 4024 τὰς
503 3965 630 4033 παρ’
659 3966 787 4034 ἡμῖν
823 3964 962 4029 ἴσας,
991 3966 1091 4030 τὰς
1119 3967 1453 4038 καλουμένας
1483 3969 1821 4040 ίσημερινὰς.

265 4051 422 4105 Ἔστι
455 4052 501 4105 δ’
529 4051 720 4118 οὑτως.

328 4143 569 4214 Εὖρισκε
593 4145 805 4217 πρῶτον
827 4148 1006 4201 πόσων
1033 4150 1255 4221 ἡμερῶν
1281 4151 1513 4223 ὑπάρχει
1543 4153 1578 4222 ἡ
1607 4150 1822 4221 σελήνη,

262 4234 355 4287 καὶ
392 4236 570 4301 πόσας
600 4237 748 4309 ῶρας
794 4242 1048 4312 καιρικὰς
1099 4242 1278 4314 μέλλει
1315 4243 1544 4314 λάμψαι,
1588 4243 1663 4307 ὡς
1687 4245 1826 4296 ἀνω-

259 4325 403 4397 τέρω
455 4328 718 4399 ἀκήκοας.
780 4331 994 4396 Ταύτας
1033 4329 1125 4387 οὑν
1173 4333 1637 4389 πολλαπλασίασον
1686 4335 1824 4405 μετὶ

261 4417 368 4471 τῶν
413 4419 595 4490 ὡρῶν,
629 4420 696 4485 ἃς
721 4422 830 4494 ἔχει
858 4425 986 4496 παρ’
1025 4427 1154 4496 ἡμῖν
1177 4428 1208 4498 ή
1234 4426 1327 4494 νὺξ
1351 4427 1444 4480 τοῦ
1475 4427 1825 4496 ἐνισταμένου

1927 3263 2047 3318 qua:
2071 3256 2124 3302 et
2155 3239 2424 3316 καιρικαί,
2453 3241 2505 3294 id
2533 3250 2615 3295 est
2638 3238 2966 3306 temporaria:
2997 3237 3272 3292 dicuntur.
3301 3235 3368 3287 At
3399 3234 3486 3287 hic

1928 3340 2087 3396 nobis
2123 3336 2438 3407 propositus
2472 3340 2554 3388 est
2584 3347 2805 3401 scopus,
2825 3337 2884 3384 ut
2907 3344 3002 3400 per
3033 3328 3270 3398 aaquales
3300 3339 3487 3380 mense

1928 3427 2124 3498 quovis
2174 3426 2364 3484 horas.
2410 3427 2690 3476 crescente
2719 3421 2804 3475 vel
2833 3419 3178 3474 decrescente
3218 3415 3366 3477 luna,
3397 3429 3485 3468 re-

1927 3516 2201 3586 periamus
2225 3521 2430 3583 quanto
2457 3518 2580 3581 post
2627 3525 2906 3581 vesperam
2938 3521 3208 3578 quamque
3245 3515 3484 3574 tempore

1927 3608 2102 3662 luceat
2129 3624 2142 3660 :
2177 3606 2298 3660 ldco
2327 3605 2466 3658 ratio
2495 3605 2740 3673 quasdam
2765 3603 3009 3657 tradetur
3034 3617 3064 3654 a
3089 3599 3264 3663 nobis,
3295 3614 3400 3669 qua
3429 3595 3484 3651 id

1926 3707 2074 3753 certo
2129 3697 2389 3766 consequi
2437 3697 2729 3765 possimus,
2775 3694 2852 3748 uti
2890 3693 3148 3747 nimirum
3194 3689 3484 3760 inaequales

1925 3788 2073 3842 horae
2125 3787 2230 3842 illa:
2273 3802 2338 3842 ac
2384 3786 2726 3857 temporaria:
2769 3785 2826 3840 in
2875 3799 2989 3848 eas,
3043 3797 3179 3854 quas
3229 3795 3484 3855 vocamus

1923 3880 2349 3953 aequinoctiales,
2383 3885 2683 3934 mutentur.
2709 3876 2803 3933 Est
2833 3884 3012 3932 autem
3055 3873 3342 3946 ejusmodi.

1994 4147 2264 4224 imprimis
2307 4158 2438 4222 quot
2467 4149 2678 4204 dierum
2725 4155 2859 4204 tetas
2903 4147 3046 4204 lunae
3087 4147 3157 4204 sit
3197 4142 3480 4218 investiga,

1925 4254 2162 4315 quotque
2207 4241 2565 4312 temporarias
2589 4241 2754 4295 horas
2777 4239 2958 4294 lucere
2981 4253 3100 4294 eam
3131 4246 3394 4310 oporteat,
3425 4241 3485 4292 ut

1926 4339 1982 4393 in
2013 4335 2388 4407 superioribus
2412 4333 2750 4389 intellexisti.
2773 4331 2883 4388 Has
2909 4347 3032 4387 cum
3057 4332 3205 4388 horis
3227 4330 3486 4400 multipli‘

1927 4444 2012 4494 ca,
2045 4443 2182 4500 quas
2220 4427 2361 4499 apud
2391 4441 2493 4480 nos
2523 4424 2788 4494 pr0positi
2819 4423 3023 4479 mensis
3052 4439 3160 4478 nox
3191 4423 3372 4486 habet,
3418 4423 3486 4476 de

266 4510 457 4579 μηνὸς,
482 4511 602 4564 καθ’
631 4512 689 4566 ὃν
715 4514 954 4586 δηλονότι
986 4519 1017 4588 ἡ
1053 4517 1279 4591 ζήτησις
1319 4520 1548 4588 γίνεται.
1580 4523 1689 4575 Καὶ
1727 4523 1818 4576 τὸν

1933 4537 2039 4592 quo
2063 4517 2314 4574 videlicet
2343 4515 2625 4585 quaeritur.
2669 4511 2947 4566 Summam
2966 4511 3246 4565 collectam
3277 4519 3486 4580 exper-

264 4600 627 4670 συναγόμενον
655 4603 762 4656 ἀπὸ
798 4606 984 4660 τούτου
1020 4607 1248 4679 ἀριθμὸν
1303 4608 1490 4681 μέριζε
1534 4611 1623 4665 ἀεὶ
1671 4612 1822 4685 παρὰ

261 4688 352 4742 τὸν
383 4691 472 4754 ιϐ’,
502 4694 667 4764 ῆγουν
695 4696 785 4750 τὸν
821 4698 1050 4770 ἀριθμὸν
1075 4700 1182 4754 τῶν
1211 4701 1473 4774 καιρικῶν
1497 4701 1683 4772 ὡρῶν·
1721 4703 1817 4756 καὶ

264 4779 436 4846 οὑτως
466 4783 605 4848 ἔξεις
635 4784 732 4858 τὴν
755 4787 864 4842 τῶν
886 4786 1139 4846 τοιούτων
1168 4793 1324 4863 ὡρῶν
1351 4793 1669 4866 μεταϐολήν.
1698 4792 1822 4850 Οἷον

266 4869 406 4927 ἔστω
442 4875 669 4948 δοκιμῆς
694 4879 884 4950 χάριν,
945 4882 1201 4956 πέμπτης
1233 4885 1400 4957 ούσης
1448 4887 1546 4958 τῆς
1593 4887 1820 4958 σελήνης

267 4963 407 5017 κατὰ
433 4965 525 5019 τὸν
565 4969 907 5042 Ἰανουάριον,
941 4972 1062 5025 καθ’
1090 4974 1147 5026 ὃν
1182 4974 1292 5046 ἔχει
1341 4975 1470 5047 παρ’
1499 4977 1630 5047 ἡμῖν
1661 4972 1694 5047 ἠ
1725 4975 1821 5040 νὺξ

266 5052 417 5124 ὥρας
451 5059 532 5118 ιδ’,
565 5058 744 5131 ζητεῖν
787 5063 936 5133 ἡμᾶς
968 5062 1138 5127 πόσας
1165 5057 1313 5138 ὥρας
1358 5065 1539 5138 μέλλει
1587 5065 1818 5136 λάμψαι,

269 5149 360 5199 καὶ
417 5152 741 5223 εὑρίσκομεν
783 5154 924 5209 κατὰ
960 5157 1056 5227 τὴν
1104 5158 1594 5231 ἀναγεγραμμένην
1639 5159 1823 5228 ἔφοδον

269 5235 438 5293 λεπτά
466 5243 532 5304 κ’,
556 5244 717 5313 ἤγουν
741 5244 888 5318 ῶρας
913 5246 1168 5318 καιρικὰς
1191 5247 1234 5301 δ’
1251 5265 1265 5278 ·
1290 5249 1357 5312 ἃς
1385 5249 1628 5315 θέλοντες
1658 5267 1822 5320 μετα-

272 5330 451 5386 ϐαλεῖν
480 5336 558 5397 είς
593 5337 926 5411 ἰσημερινὰς,
962 5341 1498 5415 πολλαπλασιάζομεν
1535 5341 1737 5410 ταύτας
1757 5345 1822 5417 δὴ

269 5420 366 5486 τὰς
391 5423 435 5478 δ’
465 5424 613 5498 ῶρας
639 5431 775 5499 μετὰ
805 5431 914 5485 τῶν
959 5431 1018 5485 ιδ’
1038 5432 1216 5504 ὡρῶν,
1257 5433 1324 5498 ἃς
1362 5434 1476 5506 ἔχει
1515 5435 1549 5507 η
1583 5435 1708 5502 νὺξ,
1749 5435 1824 5500 ὡς

269 5512 502 5584 είρηται,
547 5519 685 5573 κατὰ
739 5521 827 5575 τὸν
876 5523 1200 5595 Ἰανουάριον
1223 5541 1235 5555 ·
1266 5525 1526 5596 λέγομεν·
1557 5523 1825 5598 Τετράκις

269 5604 334 5658 τὰ
370 5607 449 5673 ιδ’,
471 5609 577 5674 νς’.
609 5612 793 5668 Ταῦτα
819 5614 873 5669 δὲ
893 5614 962 5670 τὰ
985 5616 1072 5682 νς¹
1099 5617 1394 5692 μερίζομεν
1420 5620 1571 5692 παρὰ
1603 5621 1694 5677 τὸν
1733 5620 1821 5688 ιδ’ν

341 5790 385 5824 ⁸⁸
411 5793 452 5862 f.
483 5793 698 5865 τρόπος,

1927 4619 2087 4683 petua
2119 4609 2304 4680 regula
2333 4606 2536 4677 partire
2566 4620 2660 4675 per
2693 4621 2788 4668 xu,
2820 4604 3013 4673 quiest
3035 4602 3482 4672 temporariarum

1927 4712 2189 4757 numerus
2230 4698 2509 4753 horarum.
2535 4694 2650 4752 Hoc
2677 4693 2839 4749 modo
2863 4694 3275 4750 conversionem
3315 4693 3480 4747 horae

1927 4809 2047 4849 rum
2083 4789 2408 4862 assequeris.
2447 4785 2690 4857 Exempli
2728 4799 2916 4850 causa,
2950 4791 3010 4838 ut
3039 4781 3352 4839 methodum
3390 4799 3483 4853 pec

1927 4887 2269 4943 riclitemur:
2310 4881 2472 4937 Sexta
2519 4881 2588 4935 sit
2629 4879 2756 4932 luna
2806 4892 2992 4931 mense
3036 4873 3318 4944 Januario,
3375 4889 3484 4944 quo

1928 4979 2106 5034 noctis
2162 4976 2314 5030 horai
2383 4979 2510 5029 sunt
2559 4967 2971 5041 quatuordecim
3020 4984 3036 5020 τ
3082 4975 3136 5020 et
3180 4965 3488 5036 inquiratu’r

1928 5079 2060 5142 quot
2117 5069 2279 5123 horas
2326 5067 2453 5120 luna
2509 5070 2670 5118 nocte
2729 5063 2930 5116 luceat.
2985 5057 3062 5113 Ex
3103 5058 3196 5112 illa
3250 5057 3483 5120 ratione,

1927 5177 2089 5234 quam
2127 5158 2377 5229 superius
2421 5155 2804 5228 exposuimus,
2856 5154 2992 5207 ﬁunt
3034 5150 3242 5206 minuta
3296 5147 3485 5218 viginti

1927 5269 2050 5326 qua:
2080 5260 2209 5308 sunt
2255 5252 2404 5306 horae
2439 5247 2780 5320 temporaria:
2825 5254 3092 5317 quatuor;
3142 5257 3279 5314 quas
3325 5249 3386 5296 ut
3429 5239 3486 5294 in

1927 5344 2220 5416 mquabiles
2266 5348 2684 5406 convertamus,
2725 5338 2825 5394 has
2867 5337 3016 5407 ipsas
3053 5342 3289 5406 quatuor
3324 5333 3487 5386 horas

1929 5439 1984 5494 in
2015 5434 2458 5507 quatuordecim,
2494 5444 2632 5502 quas
2675 5441 2781 5484 nox
2831 5426 3015 5491 habet,
3046 5433 3107 5481 ut
3147 5425 3351 5480 dictum
3379 5430 3487 5487 est,

1927 5529 2188 5585 Januario
2229 5541 2453 5589 mense,
2491 5524 2790 5583 ducentes;
2838 5521 2913 5575 ita
2953 5517 3187 5574 dicimus
3228 5534 3242 5571 :
3287 5514 3491 5583 Quater

1930 5618 2339 5694 quatuordecim
2365 5615 2602 5675 cilicium
2631 5629 2729 5671 sex
2758 5622 2813 5670 et
2851 5611 3259 5684 quinquaginta.
3289 5606 3365 5664 Ea
3394 5613 3493 5679 per
