3948 6264
454 386 590 442 1327

1426 375 1513 429 AD
1550 371 1818 429 EUSEBll
1856 365 2252 424 CHRONICON
2291 367 2659 424 APPENDIX.

3525 365 3549 420 Ι
3560 365 3660 421 528

453 499 736 557 duodecnn
780 494 1071 567 partimur,
1113 492 1326 564 quoties
1371 497 1454 547 e’st
1491 488 1524 542 4
1572 488 1695 559 5/4.
1747 485 2035 544 Totidem,

2140 485 2195 538 αὶ
2226 485 2416 555 ἀνήκει
2464 485 2648 548 αὐτοῖς
2689 483 2731 537 δ’
2774 486 2864 538 καὶ
2919 484 3194 556 δίμοιρον·
3240 483 3382 555 ᾇπερ
3430 484 3569 537 εἰσὶν
3610 485 3661 537 ai

454 595 590 650 num
641 591 788 645 horae
831 594 1064 659 quatuor
1112 597 1409 640 conversae.
1469 578 1578 635 Sed
1618 578 1685 632 de
1740 578 1826 634 his
1881 577 2011 630 hac-

453 695 636 742 tenus.

625 796 896 865 Quomodo
929 791 1288 848 inveniendum
1318 790 1386 843 sit
1414 788 1576 859 legale
1599 785 1829 842 Pascha.

531 906 664 963 Vill.
731 903 1198 974 Carnisprivium,
1251 900 1425 970 legale
1475 898 1723 962 Pascha,
1764 902 2010 952 sanctum

459 1001 666 1056 Pascha
706 997 1164 1060 Christianorum,
1197 993 1404 1064 jejunia
1437 999 1750 1047 sanctorum
1791 995 2012 1058 aposto-

459 1094 635 1148 lorum
672 1091 774 1144 hoc
817 1088 976 1143 modo
1007 1087 1263 1158 reperies.
1289 1083 1454 1138 Lunae
1486 1083 1755 1149 radicem,
1791 1080 1896 1134 hoc
1933 1089 2017 1135 est

460 1191 728 1254 epactam,
749 1197 867 1253 quae
892 1182 945 1235 in
969 1194 1134 1234 cursu
1163 1184 1267 1243 cst,
1291 1193 1384 1246 per
1406 1174 1659 1229 undecim
1681 1171 2013 1241 multiplica;

461 1290 685 1333 summae
705 1273 840 1328 adde
875 1278 970 1328 sex
999 1271 1138 1332 dies,
1168 1269 1426 1324 nimirum
1457 1275 1588 1331 tres,
1608 1281 1727 1337 qua:
1742 1281 1807 1320 ex
1826 1271 2016 1334 postea

463 1376 760 1424 memorato
825 1363 1294 1435 sesquiscrupuli,
1366 1377 1430 1416 ac
1488 1363 1687 1416 triente
1738 1359 2016 1424 confiunt,

464 1476 583 1531 quae
613 1474 776 1530 snpra
805 1458 922 1538 dies
950 1457 1018 1511 29
1052 1457 1154 1526 1/9.
1185 1463 1522 1510 menstruum
1558 1454 1698 1508 luna:
1728 1452 2016 1508 circuitum

463 1553 662 1607 habere
703 1547 1230 1616 demonstravimus;
1268 1554 1379 1602 tres
1409 1547 1536 1601 item
1571 1546 1706 1600 alias
1749 1545 1814 1598 ad
1859 1544 2020 1614 quin-

463 1641 853 1713 quagenarium
911 1639 1234 1711 explendum
1289 1651 1597 1691 numerum.
1651 1635 1696 1688 A
1747 1649 1897 1699 xvn,
1955 1647 2020 1687 ac

466 1734 720 1803 deinceps
756 1747 855 1803 pro
902 1731 1079 1786 tribus
1130 1730 1266 1784 adde
1315 1735 1584 1798 quatuor;
1641 1724 1786 1796 quod
1842 1721 2020 1792 major

2113 575 2530 647 μεταϐληθεῖσαι
2566 571 2704 649 ὧραι
2752 576 2816 643 δ’,
2863 578 3138 645 γεγονυῖαι
3185 575 3228 627 δ’
3264 576 3355 629 καὶ
3397 575 3660 646 δίμοιρον.

2110 667 2220 720 Καὶ
2242 668 2372 738 περὶ
2404 670 2499 740 μὲν
2526 667 2728 722 τούτων
2751 669 2842 721 ἐπὶ
2865 665 3137 720 τοσοῦτον.

2239 780 2438 845 Ὅπως
2473 779 2568 834 δεῖ
2587 782 2892 850 εὑρίσκειν
2920 780 2984 834 τὸ
3017 779 3264 850 νομικὸν
3291 779 3530 849 Πάσχα.

2181 895 2264 948 H'.
2280 892 2389 965 Τὴν
2413 894 2470 948 δέ
2494 912 2555 963 γε
2583 895 2880 967 Ἀπόκρεω,
2903 894 2963 947 τὸ
2986 893 3209 965 νομικὸν
3238 895 3448 966 Πάσχα,
3472 894 3534 946 τὸ
3564 893 3669 946 τῶν

2112 985 2452 1059 Χριστιανῶν
2476 987 2630 1056 ἅγιον
2661 987 2872 1056 Πάσχα,
2909 987 3004 1040 καὶ
3034 987 3130 1050 τὰς
3163 987 3259 1057 τῆς
3285 986 3536 1057 νηστείας
3565 987 3669 1040 τῶν

2115 1077 2283 1147 ἁγίων
2319 1079 2627 1132 ἀποστόλων
2657 1077 2868 1149 ὴμέρας
2897 1079 3148 1150 εὑρήσεις
3174 1078 3345 1143 οὕτως
3365 1095 3380 1108 ·
3421 1079 3670 1132 Ἕνδεκα-

2116 1173 2377 1237 πλασίαζε
2413 1173 2502 1225 τὸν
2537 1171 2806 1226 ἐνεστῶτα
2848 1172 2943 1242 τῆς
2984 1172 3213 1243 σελήνης
3261 1172 3508 1243 θεμέλιον
3533 1189 3547 1202 ·
3582 1171 3674 1226 καὶ

2115 1265 2191 1336 τῷ
2221 1265 2464 1334 γεγονότι
2497 1264 2711 1336 ἀριθμῷ
2757 1263 3033 1335 προστίθει
3078 1264 3292 1335 ἡμέρας
3323 1263 3398 1329 ς’,
3432 1263 3532 1327 τάς
3580 1265 3673 1334 μὲν

2116 1358 2165 1426 γ’
2191 1357 2288 1421 τὰς
2315 1357 2704 1427 συνισταμένας
2731 1358 2794 1409 ὲκ
2814 1354 2905 1409 τοῦ
2931 1355 3149 1409 ὄπισθεν
3172 1355 3459 1426 εἰρημένου
3480 1354 3674 1409 λεπτοῦ

2119 1449 2236 1513 ἐνὸς
2261 1449 2352 1503 καὶ
2383 1448 2625 1520 ἡμίσεος,
2655 1449 2748 1502 καὶ
2780 1449 2984 1520 τρίτου,
3025 1447 3164 1519 άπερ
3190 1448 3550 1501 κατεπέκεινα
3572 1447 3674 1498 τῶν

2119 1539 2202 1594 κθ¹
2227 1538 2292 1592 S"
2315 1539 2537 1610 ἡμερῶν
2569 1537 2706 1608 ἔχων
2734 1537 2996 1591 δέδεικται
3015 1537 3043 1589 ό
3063 1538 3162 1608 τῆς
3183 1537 3410 1608 σελήνης
3434 1541 3677 1609 μηνιαῖος

2120 1631 2318 1694 κύκλος
2340 1647 2353 1661 ·
2389 1629 2487 1694 τὰς
2523 1630 2578 1684 δὲ
2606 1629 2796 1700 ἑτέρας
2823 1631 2873 1699 γ’
2906 1632 2984 1694 είς
3015 1629 3396 1701 ἀναπλήρωσιν
3428 1630 3524 1683 τοῦ
3553 1647 3678 1683 πεν-

2120 1722 2383 1796 τηκοστοῦ
2407 1723 2530 1796 ἀριθ
2540 1722 2661 1794 μοῦ.
2694 1723 2824 1776 Ἀπὸ
2841 1723 2896 1776 δὲ
2913 1722 3005 1776 τοῦ
3023 1721 3088 1787 ιζ’
3111 1724 3202 1776 καὶ
3222 1723 3347 1794 ἑξῆς
3364 1723 3487 1777 ἀντὶ
3506 1721 3614 1775 τῶν
3632 1721 3679 1792 Υ

465 1826 681 1880 illorum
712 1825 904 1880 modus
928 1823 984 1877 in
1013 1822 1081 1876 iis
1108 1821 1359 1876 exsistat.
1409 1818 1520 1874 Has
1549 1818 1667 1873 dies
1696 1817 1958 1886 adjunges
1989 1830 2020 1868 a

2140 1817 2499 1889 προστίθενται
2527 1815 2596 1869 δ’·
2632 1815 2820 1887 ἐπειδὴ
2843 1815 3040 1869 πλείων
3065 1818 3099 1887 ή
3122 1816 3342 1870 ἐκείνων
3367 1816 3603 1886 ποσότης
3625 1816 3680 1867 ὲν

465 1919 640 1990 primo
661 1918 812 1989 cyclo
834 1916 900 1971 ad
921 1917 1186 1987 integrum
1213 1912 1480 1967 decimum
1503 1919 1734 1967 sextum.
1763 1910 1822 1964 ln
1843 1909 2022 1964 tribus

2140 1909 2328 1972 τούτοις
2371 1908 2676 1976 συνάγεται.
2726 1907 2936 1971 Ταύτας
2973 1907 3028 1960 δὲ
3065 1907 3387 1980 προσθήσεις
3434 1909 3542 1961 ἀπὺ
3591 1907 3679 1962 τοῦ

467 2009 692 2079 reliquis
729 2023 826 2079 pro
850 2008 1025 2062 tribus
1054 2006 1219 2060 addes
1249 2013 1474 2074 septem.
1497 2002 1574 2057 De
1603 2017 1814 2057 summa
1845 2001 2020 2065 aufer,

467 2100 646 2173 quoad
681 2108 854 2172 potes,
885 2099 1130 2169 triginta.
1166 2095 1429 2159 Residuo,
1472 2093 1617 2166 quod
1645 2100 1728 2148 est
1759 2091 1901 2146 infra
1928 2091 2026 2145 tri-

469 2194 641 2264 ginta,
681 2192 846 2246 ducto
875 2189 1031 2245 initio
1060 2189 1127 2243 ab
1168 2186 1396 2247 Martio,
1444 2185 1578 2240 adde
1609 2191 1740 2255 quot
1777 2183 1880 2239 erit
1931 2197 2018 2236 ne.

470 2299 625 2340 cesse
647 2283 786 2347 dies,
826 2281 998 2337 donec
1026 2278 1420 2350 quinquaginta
1453 2275 1749 2344 compleas.
1794 2271 1852 2328 Si
1885 2271 2027 2325 Mar-

471 2376 581 2430 tius
612 2389 721 2429 non
770 2371 1031 2438 sulliciat,
1074 2371 1312 2441 reliquas
1349 2368 1465 2424 dies
1509 2383 1572 2422 ex
1604 2365 1774 2436 Aprili
1809 2363 2025 2428 suilice;

471 2465 644 2520 donec
685 2477 984 2527 summam,
1017 2475 1179 2532 quam
1212 2458 1360 2520 dixi,
1394 2455 1786 2527 quinquaginta
1816 2453 2027 2508 dierum

471 2555 692 2613 eiiicias.
738 2554 814 2609 Ea
853 2554 1160 2624 ubicunque
1213 2552 1467 2618 desierit;
1507 2558 1634 2619 puta
1676 2548 1731 2600 in
1764 2547 1906 2601 hanc
1938 2551 2032 2599 aut

473 2647 622 2703 illam
662 2646 862 2708 Martii,
895 2645 981 2699 vel
1024 2642 1228 2714 Aprilis
1273 2641 1440 2703 diem,
1478 2639 1530 2694 in
1566 2654 1683 2694 eam
1708 2636 2029 2698 Judaicum,

475 2739 644 2810 legale
679 2738 818 2794 scito
859 2736 1071 2792 Pascha
1101 2736 1410 2791 convenire.
1441 2731 1612 2804 Cujus
1641 2731 1830 2787 feriam
1860 2748 1927 2788 ex
1970 2745 2032 2786 ea

473 2830 751 2898 methodo,
778 2845 940 2899 quam
987 2843 1151 2898 supra
1195 2827 1600 2898 proposuimus,
1632 2825 1724 2879 ubi
1771 2825 2030 2895 reperies,

475 2921 726 2991 proxime
771 2926 1027 2990 sequente
1073 2917 1350 2973 Dominica
1391 2917 1635 2986 ejusdem
1685 2916 2037 2972 hebdomadae

477 3016 695 3070 noveris
729 3021 973 3068 sanctum
1019 3009 1456 3066 Christianorum
1499 3007 1707 3064 Pascha
1749 3007 2032 3063 celebrari.

2126 2001 2342 2071 πρώτου
2376 1999 2574 2052 κύκλου
2613 1998 2803 2071 μέχρις
2833 1999 2955 2052 ὅλου
3001 1999 3096 2053 τοῦ
3133 2000 3235 2064 ις’·
3271 2001 3328 2055 ὲν
3354 2001 3412 2054 δὲ
3441 2003 3555 2064 τοῖς
3582 2001 3683 2053 λοι-

2125 2093 2245 2154 ποῖς
2277 2091 2453 2162 τρισὶν
2480 2092 2599 2145 ἀντὶ
2621 2092 2728 2144 τῶν
2754 2091 2920 2164 τριῶν
2949 2092 3276 2164 προσθήσεις
3295 2093 3339 2157 ζ’
3362 2095 3425 2148 ¹⁷.
3461 2095 3577 2149 Καὶ
3599 2095 3683 2148 τὸν

2128 2183 2487 2254 συναγόμενον
2518 2183 2678 2252 ὖερελε
2711 2184 2861 2255 παρά
2891 2183 2982 2237 τὸν
3009 2183 3075 2252 λ’,
3100 2186 3288 2250 ὁσάκις
3329 2187 3593 2258 ἐγχωρεῖ·
3618 2185 3686 2239 τά

2125 2275 2182 2328 δὲ
2228 2275 2665 2346 καταλειπόμενα
2717 2276 2958 2330 κάτωθεν
3007 2275 3116 2330 τῶν
3145 2276 3189 2330 λ’
3239 2277 3450 2349 κρατῶν
3471 2318 3485 2342 ,
3521 2279 3684 2349 ἄρχου

2128 2365 2235 2418 ἀπὸ
2266 2365 2359 2418 τοῦ
2415 2367 2658 2438 Μαρτίου
2678 2407 2693 2432 ,
2738 2367 3040 2421 ἐπιϐάλλων
3075 2368 3255 2432 αὐτοῖς
3303 2368 3517 2440 ἡμέρας
3563 2371 3687 2432 ὅσας

2128 2455 2314 2527 δεήσῃ,
2351 2456 2436 2510 ἵνα
2498 2455 2676 2531 σώσῃς
2701 2457 2766 2510 ν’.
2813 2458 2921 2511 Καὶ
2968 2459 3069 2512 οὐκ
3110 2459 3154 2491 ¹⁸
3207 2459 3428 2530 ἀρκέσει
3467 2460 3627 2531 μόνος
3661 2462 3689 2514 ό

2130 2549 2393 2618 Μάρτιος,
2421 2549 2663 2620 λάμϐανε
2698 2550 2795 2612 τὰς
2841 2550 3168 2622 λειπομένας
3202 2553 3280 2615 εἰς
3323 2553 3689 2624 ἱκανοποίησιν

2135 2639 2244 2692 τῶν
2279 2640 2582 2712 εἰρημένων
2609 2640 2650 2694 ν’
2683 2641 2790 2695 ἀπὸ
2826 2642 2922 2696 τοῦ
2970 2643 3267 2717 Ἀπριλίου.
3313 2644 3481 2698 Ἔνθα
3519 2646 3692 2698 τοίνυν

2133 2733 2411 2808 καταλήξῃ
2448 2735 2480 2806 ἠ
2521 2734 2743 2806 τοιαύτη
2782 2736 3000 2807 ἡμέρα,
3046 2738 3208 2808 ήγουν
3239 2739 3272 2808 ή
3317 2739 3689 2810 πεντηκοστή·

2132 2831 2299 2902 ήγουν
2333 2827 2444 2882 εἴτε
2475 2829 2558 2892 εἰς
2587 2828 2684 2892 τάς
2714 2829 2877 2893 τόσας
2906 2829 2998 2883 τοῦ
3048 2831 3313 2902 Μαρτίου,
3341 2831 3452 2884 εἴτε
3489 2831 3573 2894 εἰς
3600 2831 3693 2896 τὰς

2133 2923 2296 2987 τόσας
2341 2921 2434 2975 τοῦ
2474 2921 2784 2995 Ἀπριλίου·
2835 2921 2956 2976 κατ’
2989 2921 3155 2995 αὐτὴν
3196 2922 3411 2995 ἐκείνην
3445 2918 3587 2978 εἶναι
3618 2923 3698 2992 τίς

2136 3032 2313 3071 νωσκε
2345 3015 2406 3069 τὸ
2439 3015 2726 3069 Ἰουδαϊκὸν
2764 3015 2975 3086 Πάσχα,
3012 3017 3176 3087 ήγουν
3207 3017 3266 3069 τὸ
3297 3019 3541 3088 νομικόν.
3564 3018 3697 3071 Ἦν-

481 3105 597 3172 Qua
635 3121 696 3160 re
751 3111 1056 3174 comperta,
1113 3101 1218 3156 tria
1269 3102 1563 3171 quotannis
1603 3101 1808 3156 addens
1859 3109 2035 3171 quota:

2140 3125 2260 3161 τινα
2293 3107 2388 3161 καὶ
2439 3106 2707 3180 εὑρίσκων
2748 3109 2806 3161 ἐν
2857 3108 2986 3179 ποίᾳ
3031 3109 3130 3178 τῆς
3179 3108 3470 3179 ἑϐδομάδος
3518 3110 3700 3181 ἡμέρᾳ

480 3197 707 3262 mensis,
758 3197 814 3250 in
846 3211 954 3266 qua
1001 3193 1211 3249 Pascha
1246 3191 1682 3264 deprehendisti,
1726 3190 2035 3260 Carnispri-

2140 3200 2394 3270 τυγχάνει
2421 3198 2508 3253 διὰ
2543 3201 2641 3271 τῆς
2671 3199 3156 3271 ἀναγεγραμμένης
3190 3200 3409 3271 μεθόδου
3443 3201 3538 3253 τοῦ
3565 3203 3702 3270 ήμε-

479 3288 628 3342 vium
660 3285 906 3340 habebis.
944 3282 1001 3338 Si
1039 3283 1110 3339 sit
1154 3299 1330 3338 annus
1372 3283 1692 3347 bissextilis,
1725 3295 1826 3352 pro
1865 3282 2042 3337 tribus

469 3377 620 3432 .adde
671 3383 923 3448 quatuor.
968 3376 1140 3430 Porro
1188 3375 1235 3432 si
1279 3374 1418 3429 citra
1451 3389 1621 3430 xxvnt
1664 3374 1804 3430 diem
1842 3373 2043 3440 Martii,

475 3465 918 3522 Christianorum
947 3476 1194 3521 sanctum
1224 3465 1436 3522 Pascha
1468 3465 1693 3530 incidat,
1724 3465 2044 3522 Januarium

468 3557 834 3628 ‘Carnisprivii
867 3557 984 3614 dies
1021 3557 1306 3612 obtinebit.
1367 3555 1463 3610 Sin
1511 3557 1654 3610 ultra
1698 3573 1869 3612 xxvm
1903 3558 2044 3614 diem

481 3656 763 3721 incurrat,
794 3653 1088 3708 Februario
1128 3651 1415 3723 contingit.
1449 3652 1506 3707 Si
1542 3651 1749 3707 Pascha
1780 3653 1835 3708 in
1867 3653 2044 3724 ipsum

481 3745 644 3800 cadat
686 3760 855 3799 xxvui
906 3744 1084 3811 diem;
1137 3743 1184 3798 si
1222 3743 1441 3812 quidem
1475 3743 1773 3799 bissextilis
1797 3759 1906 3798 non
1944 3746 2047 3800 erit

486 3842 686 3901 annus,
731 3831 976 3888 Januarii
1012 3849 1140 3887 xxxi
1183 3832 1270 3887 die
1311 3831 1745 3904 Carnisprivium
1787 3835 1909 3890 erit.
1949 3834 2048 3891 Et-

485 3927 630 3981 enim
676 3934 801 3981 octo
839 3934 893 3981 et
931 3925 1122 3994 viginti
1157 3940 1281 3980 cum
1329 3927 1502 3982 tribus
1546 3927 1754 3983 faciunt
1783 3945 1948 3983 unum
1997 3940 2049 3986 et

483 4018 729 4088 triginta.
768 4015 863 4072 Sin
903 4018 1201 4074 bissextilis
1240 4019 1424 4083 fuerit,
1459 4019 1716 4075 Kalendis
1740 4020 2050 4076 Februariis

489 4108 730 4176 incidet;
770 4123 894 4162 nam
937 4109 1128 4178 viginti
1165 4117 1290 4164 octo
1345 4125 1468 4164 cum
1529 4120 1767 4180 quatuor
1812 4111 1951 4167 duos
1995 4120 2050 4168 et

488 4198 708 4270 triginta
734 4198 1030 4254 conficiunt
1060 4217 1075 4254 :
1111 4199 1177 4257 de
1205 4202 1405 4272 quibus
1432 4203 1638 4257 relictis
1654 4201 1916 4258 Januario
1943 4220 2050 4258 uno

487 4299 543 4346 et
579 4291 825 4360 triginta,
861 4291 1103 4362 reliquus
1150 4301 1234 4348 est
1286 4309 1451 4356 unus,
1485 4293 1578 4364 qui
1609 4302 1693 4349 est
1734 4295 1908 4365 prima
1950 4293 2050 4351 Fe-

488 4384 692 4439 bruarii
724 4383 860 4439 dies.
890 4383 1036 4438 Idem
1067 4382 1234 4440 facies
1269 4394 1322 4441 et
1357 4385 1413 4440 in
1449 4385 1626 4441 Martii
1657 4403 1889 4451 xx:x,ae
1917 4403 2047 4453 xxx,

489 4474 755 4537 veLxxxl,
789 4479 845 4526 ut
868 4473 1181 4544 infreliquis
1210 4474 1369 4530 annis
1399 4474 1568 4530 addas
1596 4475 1700 4529 tria
1738 4495 1751 4530 :
1781 4476 2046 4532 bissextili

489 4555 627 4628 solo,
661 4570 911 4632 quatuor,
951 4572 1064 4617 tum
1111 4563 1382 4630 deductis,
1435 4571 1495 4618 ut
1548 4565 1754 4620 dictum
1783 4574 1868 4622 est
1896 4583 2046 4632 xxxi,

491 4669 554 4707 ac
596 4652 854 4708 Januario
897 4654 1136 4718 tributis,
1167 4655 1310 4725 quod
1362 4656 1632 4726 reliquum
1673 4663 1778 4722 est,
1805 4659 2048 4729 assignes

489 4741 819 4809 Februario;
849 4760 1080 4814 quorum
1116 4745 1327 4801 dierum
1367 4746 1590 4802 ultimus
1622 4755 1707 4803 est
1734 4748 2049 4821 Carnispri-

490 4835 660 4889 vium.
705 4835 774 4888 At
813 4847 1126 4891 sanctorum
1153 4839 1522 4908 apostolorum
1558 4840 1770 4912 jejunio
1800 4843 2047 4898 attributi

492 4928 611 4984 dies
632 4925 711 4982 ita
740 4930 1098 4999 reperientur.

2146 3289 2452 3362 ροευρεσίου
2475 3329 2490 3354 ,
2525 3289 2624 3361 τὴν
2657 3289 2912 3344 ἐπιοῦσαν
2954 3288 3260 3361 ἔμπροσθεν
3305 3291 3574 3362 κυριακὴν
3600 3290 3704 3359 τῆς

2142 3383 2310 3453 αὐτῆς
2343 3382 2634 3454 ἑϐδομάδος
2672 3381 2780 3436 ἴσθι
2808 3382 3094 3453 τυγχάνειν
3119 3382 3180 3436 τὸ
3215 3383 3323 3437 τῶν
3357 3384 3706 3456 Χριστιανῶν

2144 3475 2297 3543 ἅγιον
2341 3476 2552 3546 Πάσχα.
2601 3474 2802 3528 Τούτου
2852 3474 2910 3527 δέ
2954 3492 3034 3528 σοι
3081 3476 3356 3548 γνωρίμου
3399 3476 3705 3545 γεγονότος,

2144 3560 2192 3628 γ’
2223 3561 2342 3614 κατ’
2389 3561 2507 3624 ἔτος
2536 3561 2847 3632 προστιθεὶς
2893 3564 2960 3633 τῇ
3008 3563 3178 3635 πόστῃ
3211 3564 3302 3618 τοῦ
3340 3565 3541 3635 μηνὸς,
3578 3565 3638 3616 ὲν

2144 3652 2340 3724 εὑρέθη
2363 3652 2422 3705 τὸ
2447 3653 2656 3724 Πάσχα,
2677 3651 2817 3716 τέξεις
2841 3653 2939 3725 τὴν
2962 3654 3257 3725 Ἀπόκρεω.
3278 3655 3340 3708 Et
3367 3656 3425 3708 δὲ
3453 3655 3707 3726 τυγχάνει

2144 3743 2172 3795 ὁ
2201 3743 2390 3816 χρόνος
2420 3743 2678 3814 βίσεξτος,
2708 3746 2827 3799 ἀντὶ
2879 3744 2988 3798 τῶν
3013 3752 3060 3814 γ’
3097 3745 3376 3819 προσθήσῃ
3404 3745 3467 3800 δ’.
3498 3747 3636 3800 Ἀλλ’
3654 3749 3702 3800 εί

2149 3837 2247 3908 μὲν
2276 3837 2381 3890 ἀπὸ
2412 3837 2511 3908 τῆς
2538 3837 2624 3908 κη’
2654 3837 2748 3890 τοῦ
2783 3837 3028 3908 Μαρτίου
3063 3838 3156 3892 καὶ
3191 3837 3435 3892 κάτωθεν
3466 3838 3620 3909 τύχοι
3650 3840 3711 3891 τὺ

2149 3925 2259 3979 τῶν
2289 3927 2627 3999 Χριστιανῶν
2653 3927 2806 3996 ἅγιον
2835 3928 3047 3998 Πάσχα,
3084 3929 3226 3982 κατά
3262 3928 3352 3982 τὸν
3386 3930 3711 4001 Ἰανουάριον

2148 4019 2300 4072 ἔσται
2326 4020 2358 4089 ή
2405 4019 2742 4090 Ἀπόκρεως·
2779 4021 2827 4072 εί
2857 4018 2912 4072 δὲ
2962 4018 3069 4072 ἀπὸ
3096 4019 3197 4090 τῆς
3238 4021 3325 4091 κη’
3356 4021 3449 4074 καὶ
3481 4021 3710 4083 ἀνωθεν,

2148 4109 2288 4164 κατά
2331 4111 2422 4163 τὸν
2459 4111 2838 4184 Φεϐρουάριον.
2875 4114 2962 4166 Ἐν
3002 4113 3139 4184 αὐτῇ
3183 4111 3363 4184 μέντοι
3394 4115 3461 4183 τῇ
3491 4113 3580 4184 κη’
3619 4111 3714 4165 τοῦ

2148 4202 2414 4273 Μαρτίου,
2445 4205 2493 4256 εἰ
2518 4203 2615 4273 μὲν
2631 4204 2730 4258 οὐκ
2753 4204 2896 4257 ἔστιν
2927 4206 2954 4258 ὁ
2981 4205 3169 4276 χρόνος
3198 4202 3456 4275 βίσεξτος,
3497 4203 3580 4266 είς
3616 4203 3716 4273 τήν

2148 4287 2229 4340 λα’
2258 4288 2408 4341 ἔσται
2447 4289 2541 4342 τοῦ
2581 4290 2904 4362 Ἰανουαρίου
2923 4310 2935 4322 ·
2968 4291 3052 4364 κη’
3075 4293 3183 4363 γὰρ
3216 4295 3308 4346 καὶ
3336 4293 3386 4362 γ’
3411 4292 3490 4347 λα’
3514 4310 3531 4326 ·
3566 4295 3617 4346 εί
3660 4293 3719 4346 δὲ

2149 4376 2228 4430 ἔνι
2259 4376 2528 4446 βίσεξτος,
2559 4381 2637 4442 εἰς
2675 4379 2772 4450 τὴν
2816 4379 2866 4434 α’
2905 4379 2996 4433 τοῦ
3059 4380 3423 4452 Φεϐρουαρίου
3446 4397 3458 4406 ·
3495 4380 3580 4451 κη’
3609 4380 3720 4451 γὰρ

2151 4471 2244 4523 καὶ
2273 4470 2314 4524 δ’
2359 4471 2472 4522 λϐ’·
2525 4473 2618 4543 ἀφ’
2649 4466 2722 4526 ὧν
2757 4474 2922 4538 ἐάσας
2959 4473 3037 4544 τῷ
3073 4475 3382 4544 Ἰανουαρίῳ
3423 4473 3526 4537 λα’,
3581 4491 3720 4526 κατ-

2153 4561 2372 4634 ελείφθη
2405 4563 2530 4634 μία·
2572 4567 2666 4619 καὶ
2697 4565 2774 4620 ἔνι
2795 4566 2888 4619 τοῦ
2929 4566 3291 4637 Φεϐρουαρίου
3325 4567 3392 4619 α’.
3428 4565 3532 4618 Τὸν
3559 4565 3724 4618 αὐτὸν

2154 4655 2212 4708 δὲ
2241 4655 2441 4726 τρόπον
2470 4658 2712 4728 ποιήσεις
2744 4657 2838 4711 καὶ
2869 4656 3009 4710 κατὰ
3041 4658 3138 4730 τήν
3163 4655 3266 4720 κθ’,
3298 4655 3392 4709 καὶ
3419 4655 3483 4719 λ’,
3509 4656 3604 4709 καὶ
3642 4654 3722 4707 λα’

2155 4744 2248 4798 τοῦ
2297 4746 2565 4818 Μαρτίου,
2595 4747 2907 4818 προστιθεὶς
2945 4747 3048 4804 ἀνά
3089 4747 3286 4820 τριῶν·
3321 4746 3362 4800 δ’
3388 4746 3446 4800 δὲ
3473 4746 3622 4817 μόνῳ
3649 4745 3721 4812 τῷ

2159 4837 2384 4909 βισέξτῳ
2403 4855 2414 4868 ·
2440 4835 2558 4892 εἶτα
2598 4839 2863 4904 ἐκϐαλὼν,
2888 4839 2963 4902 ὼς
2988 4839 3222 4912 εἴρηται,
3253 4838 3334 4892 λα’
3362 4837 3454 4892 τοῦ
3491 4839 3725 4892 Ἰανουα-

2161 4937 2297 5011 ρίου,
2324 4935 2424 4998 τὰς
2461 4933 2932 5005 καταλειπομένας
2962 4925 3103 4986 δίδου
3141 4931 3216 5003 τῷ
3244 4930 3624 5002 Φεϐρουαρίῳ·
3653 4921 3725 4980 ὧν

475 5023 525 5094 ,ἡ
556 5021 832 5076 τελευταία
855 5025 998 5078 ἐστὶν
1032 5027 1065 5096 ή
1112 5024 1409 5097 Ἀπόκρεω.
1442 5026 1506 5080 Ἢ
1537 5027 1594 5082 δὲ
1633 5029 1740 5084 τῶν
1775 5033 1995 5106 ἡμερῶν
2049 5036 2282 5107 ποσότης
2336 5033 2437 5104 τῆς
2479 5031 2730 5103 νηστείας
2766 5030 2875 5084 τῶν
2911 5030 3080 5098 ἁγίων
3125 5027 3434 5082 ἀποστόλων
3473 5026 3618 5079 οὓτω
3649 5041 3727 5076 σοι

496 5113 630 5185 δήλη
657 5115 967 5186 γενήσεται.

493 5230 609 5295 Qua
641 5233 842 5287 ratione
871 5233 1064 5303 jejunii
1110 5246 1412 5290 sanctorum
1448 5239 1809 5298 apostolorum
1838 5243 1947 5298 dies
1977 5244 2056 5299 in-

1048 5307 1208 5360 veniri
1255 5307 1493 5362 debeant.

563 5411 652 5467 IX.
686 5413 768 5468 Ab
811 5413 927 5483 ipso
960 5417 1309 5471 sanctissimo
1352 5417 1636 5477 Paschatis
1667 5420 1776 5484 die,
1825 5423 2056 5492 ipsomet

494 5504 739 5568 excluso,
770 5519 944 5573 usque
966 5504 1033 5558 ad
1064 5506 1280 5560 tertium
1309 5506 1432 5561 Maii
1458 5519 1590 5578 quot
1617 5510 1725 5564 sint
1759 5511 1876 5567 dies
1905 5527 2056 5567 com-

494 5601 661 5664 puta;
709 5595 907 5664 quibus
944 5596 1223 5665 collectis,
1270 5598 1385 5654 sive
1435 5599 1664 5670 Martio,
1707 5603 1823 5658 sive
1879 5604 2053 5674 Aprili

2163 5244 2355 5307 Ὅπως
2384 5241 2476 5295 δεῖ
2516 5241 2820 5307 εὑρίσκειν
2859 5239 2963 5304 τὰς
2988 5237 3212 5306 ἡμέρας
3250 5235 3361 5304 τῆς
3389 5231 3508 5285 τῶν
3543 5229 3726 5298 ἁγίων

2582 5311 2942 5365 ἀποστόλων
2961 5310 3266 5376 νηστείας.

2232 5423 2308 5477 Θ⁹.
2340 5422 2575 5494 Εὓρισκε
2611 5423 2720 5475 ἀπὸ
2745 5421 2845 5492 τ’ἠς
2869 5421 3079 5492 ἡμέρας
3109 5417 3202 5472 τοῦ
3237 5417 3392 5485 ἀγίου
3425 5413 3582 5485 ήμῶν
3615 5409 3725 5465 Πά-

2165 5533 2268 5587 σχα
2294 5555 2308 5578 ,
2343 5517 2465 5588 δίχα
2507 5515 2738 5586 ταύτης,
2792 5513 2952 5566 πόσαι
2998 5511 3134 5564 είσὶν
3183 5507 3387 5579 ήμέραι
3420 5505 3581 5576 μέχρι
3631 5501 3723 5556 καὶ

2163 5608 2334 5678 αὐτῆς
2361 5607 2461 5678 τῆς
2485 5614 2533 5678 γ’
2557 5607 2648 5662 τοῦ
2677 5605 2852 5662 Molon
2872 5623 2885 5636 ·
2919 5603 3012 5658 καὶ
3026 5601 3227 5665 ταύτας
3254 5597 3593 5667 συναγαγὼν,
3618 5594 3724 5648 εἴτε

570 5768 612 5802 ³*
643 5769 1148 5840 Postulat-superior
1181 5777 1318 5830 ratio
1348 5776 1388 5830 δ’
1424 5793 1524 5830 non
1567 5778 1632 5842 ζ’.
1673 5780 1754 5852 *⁸⁸
1788 5777 1911 5850 Leg.
1942 5781 2034 5835 καὶ
2061 5783 2108 5836 εί
2134 5784 2250 5841 οὐκ.
