3948 6264
303 333 454 387 {329
968 327 1025 383 S.
1068 326 1374 384 ANDREAS
1411 325 1796 383 CBETENSIS
1833 322 1921 380 DE
1958 321 2183 381 CYCLO
2215 317 2466 377 SOLARI
2493 315 2583 371 ΕΤ
2616 312 2898 370 LUNARI.
3405 314 3541 370 {3'50

301 457 386 517 είς
407 455 504 510 τὸν
529 454 788 526 Μάρτιον,
818 454 927 508 εῐτε
953 454 1032 518 εἰς
1057 454 1145 507 τὸν
1172 452 1446 525 Ἀπρίλιον
1467 451 1663 524 εὐρεθῇ
1689 452 1749 505 τὸ
1767 450 1860 505 Πᾶς

1988 449 2196 506 Pascha
2241 447 2547 518 contingat,
2582 443 2805 499 totidem
2852 443 2990 498 scito
3019 441 3135 498 dies
3164 456 3284 498 esse
3322 452 3538 498 sancto-

303 562 413 617 σχα
434 587 451 612 ,
489 545 757 612 τοσαύτας
788 543 926 601 εἶναι
954 547 1185 616 γίνωσκε
1219 546 1314 600 καὶ
1355 545 1453 612 τὰς
1491 548 1588 617 τῆς
1623 542 1862 617 νηστείας

1425 563 1453 612 ς
1491 548 1588 617 τῆς
1623 542 1874 617 νηστείας
1979 558 2101 598 rum
2123 540 2488 612 apostolorum
2517 537 2724 609 jejunio
2752 535 2981 592 dicatos.

302 638 418 691 τῶν
452 639 626 708 ἁγίων
659 639 972 694 ἀποστόλων
1005 639 1235 710 ἡμέρας.

875 951 1102 1037 ΤΟΥ
1136 946 2002 1039 ΜΑΚΑΡΙΩΤΑΤΟΥ
2053 945 2555 1038 ΑΝΔΡΕΟΥ
2614 945 3052 1033 ΚΡΗΤΗΣ

1566 1129 1703 1186 ΤΟΥ
1733 1130 2284 1186 ῙΕΡΟΣΟΛΥΜΙΤΟΥ
2309 1131 2325 1200 |

314 1285 686 1355 ΜΕΘΟΔΟΣ,
725 1292 872 1347 ΠΩΣ
907 1289 1026 1345 ΔΕΙ
1058 1292 1340 1346 ΕΥΡΕῙΝ
1379 1291 1518 1348 ΤΟΝ
1550 1290 2311 1417 ΚΥἸΙῶΛΙθΙὲιῖἕῆΑέῧὶᾶοΥ,
2351 1290 2941 1346 ΦΙΛΟΠΟΛῊΘΕΙΣΑ
2972 1289 3288 1347 ΑΚΡΙΒΩΣ
3319 1288 3544 1348 ΧΛΡῙΝ

810 1602 1227 1698 SANCTI
1303 1603 1817 1696 ANDREAE
1886 1605 2096 1694 HIE
2119 1601 3066 1732 BOSOLYMITANI,

1544 1792 1854 1852 EPlSCOPl
1887 1793 2286 1865 CRETENSIS,

306 1933 659 2001 Methodus
700 1936 1127 2022 investigandi
1157 1937 1322 2021 cycli
1354 1938 1610 2017 solaris,
1641 1948 1707 2006 et
1759 1938 2310 2081 lqugris,tnecnon
2343 1943 2683 2021 Paschalis,
2718 1943 2785 2007 in
2816 1946 3246 2010 studiosorum
3279 1946 3543 2025 gratiam

1766 2037 1800 2081 e
1829 2035 1861 2081 a
1911 2036 2018 2081 ora
2048 2037 2104 2081 δ.

1766 2035 2104 2082 ΘΙᾶΟΟΓᾶίδ.

375 2256 592 2329 Κράτει
624 2257 692 2313 τὰ
724 2258 874 2314 κάτω
899 2260 1008 2314 τῶν
1031 2225 1373 2332 χιλιοντάδων
1399 2262 1494 2315 καὶ
1518 2263 1888 2319 ἐκατοντάδων
1922 2275 1934 2331 |

2069 2266 2234 2324 Sume
2261 2281 2436 2323 annos
2478 2264 2620 2320 inl’ra
2657 2263 2990 2319 millenarios
3019 2269 3072 2318 et
3105 2264 3445 2320 centenarias
3479 2262 3545 2316 a'o

303 2350 420 2404 τῶν
446 2350 556 2404 ἀπὸ
574 2352 802 2417 κτίσεως
822 2351 1026 2424 κόσμου
1045 2369 1060 2383 ·
1083 2352 1179 2406 καὶ
1211 2350 1503 2425 πρόσθεττε
1536 2354 1579 2385 ¹’
1601 2355 1694 2409 καὶ¹
1725 2355 1862 2428 ἓτερι

1988 2361 2124 2416 orbe
2176 2359 2448 2426 condito;
2492 2356 2669 2427 iisque
2698 2357 2834 2410 alios
2885 2355 3021 2411 adde
3052 2371 3200 2414 xxiv.
3239 2371 3304 2410 ex
3349 2356 3546 2426 quibus

306 2441 385 2494 κδ’
413 2458 428 2472 ·
489 2441 583 2496 καὶ
640 2443 864 2515 ποίησον
908 2442 1178 2514 σταθμόνο
1236 2443 1331 2497 καὶ
1369 2443 1531 2514 ὕφελε
1588 2446 1726 2502 αὐτὰ
1785 2448 1865 2501 ὐπὲ

1987 2449 2235 2504 confecta
2281 2462 2492 2504 summa
2524 2463 2621 2518 per
2654 2463 2822 2502 xxvm
2867 2446 3060 2511 divisa,
3096 2447 3241 2517 quod
3279 2448 3546 2502 relicuum

304 2533 418 2586 τῶν
461 2541 546 2606 κη’
576 2553 588 2564 ·
637 2536 732 2589 καὶ
777 2534 848 2589 τὰ
891 2535 1322 2607 ὲναπομείναντα
1370 2538 1429 2589 ὲν
1475 2539 1542 2609 τῇ
1594 2538 1738 2610 χειρί
1793 2555 1863 2593 σοι

1708 2538 1738 2593 μί
1793 2555 1887 2593 σου
1989 2549 2094 2608 est,
2117 2541 2222 2598 erit
2249 2540 2434 2614 cyclus
2467 2539 2619 2597 solis.
2648 2536 2732 2594 Ita‘
2754 2539 3047 2610 quotannis
3081 2537 3267 2595 facies.

305 2626 479 2690 αὑτός
524 2629 672 2684 ἐστιν
707 2631 750 2704 ό⁴
785 2627 985 2693 κύκλος
1026 2627 1122 2682 τοῦ
1163 2627 1336 2700 ἡλίου.
1377 2629 1490 2684 Καὶ
1529 2629 1701 2695 οὕτως
1745 2631 1887 2686 ποίει

306 2719 436 2773 κατ’
465 2717 610 2783 ἔπος.

608 2830 846 2900 Ὁμοίως
883 2831 983 2887 καὶ
1011 2831 1141 2902 περὶ
1184 2833 1288 2902 τῆς
1317 2833 1607 2902 σελήνης.
1638 2824 1640 2826 ’

2243 2823 2446 2882 Eodem
2479 2824 2632 2881 modo
2661 2826 2788 2880 etin
2821 2826 2947 2880 (una
2980 2825 3295 2895 proceditur.

382 2942 594 3015 Κράτει
625 2944 693 3000 τὰ
725 2945 865 3000 αὐτὰ
899 2947 1197 3019 κούντουρα
1247 2947 1357 3002 τῶν
1407 2948 1750 3020 χιλιοντόιδων
1794 2951 1887 3005 καὶ

2058 2941 2260 3012 Accipe
2321 2942 2574 2997 similiter
2613 2948 2966 2997 excurrentes
3006 2955 3170 3010 supra
3217 2938 3548 2994 millenarios

307 3035 702 3103 ὲκατοντὰδων,
734 3035 845 3091 τῶν
873 3037 980 3092 ἀπὸ
1009 3040 1242 3103 κτίσεως
1271 3040 1505 3110 κόσμου’
1541 3041 1774 3114 πρόσθες
1795 3044 1866 3096 κα

1988 3041 2044 3090 et
2076 3034 2420 3090 centenarios
2466 3033 2534 3092 ab
2571 3034 2704 3090 orbe
2735 3034 2954 3091 condito
2974 3032 3218 3114 :quibus
3249 3029 3386 3086 adde
3413 3045 3546 3092 xvu,

306 3128 478 3202 ἕτερα
522 3127 620 3194 ιζ’·
671 3129 764 3183 καὶ
805 3131 1028 3202 ποίησον
1073 3131 1213 3185 αὐτὰ
1259 3132 1534 3203 σταθμόν·
1583 3134 1676 3187 καὶ
1723 3133 1865 3204 ὕφελι

1992 3137 2045 3183 et
2087 3129 2317 3184 collecta
2351 3143 2564 3186 summa
2604 3142 2702 3200 per
2756 3143 2849 3183 xix
2890 3127 3122 3200 partita,
3146 3123 3424 3180 residuum
3467 3130 3551 3178 est

307 3217 418 3272 ὑπὸ
445 3218 557 3273 τῶν
591 3219 654 3274 ιθ¹
679 3236 693 3251 ⁸
726 3220 822 3275 καὶ
853 3217 922 3276 τὰ
953 3219 1405 3292 ὲναπολειφθέντα
1433 3224 1491 3278 ὲν
1528 3226 1594 3296 τῇ
1629 3224 1768 3298 χειρί
1794 3243 1866 3283 σοι

810 3229 822 3273 t
853 3217 922 3276 τὰ
953 3219 1405 3292 ὲναπολειφθέντα
1433 3224 1491 3278 ὲν
1528 3226 1594 3296 τῇ
1629 3224 1768 3298 χειρί
1794 3243 1886 3283 σου
1929 3292 1931 3294 η
1991 3222 2178 3294 cyclus
2211 3223 2369 3278 lunae.

307 3307 476 3372 αὐτός
498 3309 646 3364 ἐστιν
669 3310 697 3363 ό
729 3308 925 3373 κύκλος
955 3311 1056 3382 τῆς
1082 3312 1330 3384 σελήνης.

318 3420 563 3493 Ὁμοίως
611 3422 713 3480 καὶ
750 3423 789 3496 ἠ
829 3422 1538 3560 Ζνδικτὲἓοξναόιϐάζεται
1585 3425 1715 3495 ἤτοι
1760 3431 1877 3483 κατ⁴

1992 3425 2195 3482 Eadem
2235 3428 2476 3484 methodo
2510 3439 2560 3485 et
2592 3446 2684 3500 per
2715 3447 2880 3512 annos
2910 3429 3141 3500 singulos
3169 3426 3387 3482 indiclio
3423 3442 3549 3480 con—

2679 3509 2866 3571 surgit.

379 3602 594 3676 Κράτει
623 3604 694 3658 τὰ
714 3604 822 3660 ἀπὸ
849 3604 1079 3671 κτίσεως
1106 3606 1310 3678 κόσμου
1330 3623 1345 3638 ·
1383 3607 1600 3663 ἅπαντα
1624 3610 1854 3683 πρόσθες
1871 3653 1887 3677 ,
1919 3633 1938 3693 (

2067 3607 2274 3679 Collige
2321 3623 2494 3664 annos
2546 3609 2614 3664 ab
2670 3610 2802 3664 orbe
2871 3608 3124 3675 condito,
3180 3613 3235 3662 et
3285 3618 3551 3661 summam

308 3695 406 3749 καὶ
441 3695 607 3766 ὕφελε
635 3695 774 3750 αὐτὰ
808 3696 910 3751 ὑπὸ
937 3697 1046 3751 τῶν
1087 3704 1177 3751 te"
1212 3701 1306 3753 καὶ
1330 3699 1400 3753 τὰ
1439 3700 1867 3771 ὲναπολειφθέντι

1612 3701 1890 3771 λειφθέντα
1944 3695 1953 3696 ί
1994 3698 2201 3771 partire
2231 3712 2326 3768 per
2355 3713 2464 3753 xv:
2496 3698 2763 3770 reliquum
2789 3699 2892 3755 erit
2927 3698 3171 3753 indictio.

309 3785 368 3837 ὲν
398 3788 472 3858 τῇ
504 3786 646 3860 χειρί
672 3804 763 3840 σου
791 3785 926 3860 αῦτη
959 3789 1104 3842 ἐστὶν
1127 3790 1377 3854 ῐνδικτος.

381 3878 628 3932 Γίνωσκε
653 3879 711 3932 δὲ
757 3881 850 3934 καὶ
882 3880 1059 3945 τοῦτο,
1106 3883 1188 3936 ὅτι
1218 3883 1366 3955 ἥλιος
1400 3885 1624 3957 ἄρχεται
1661 3885 1768 3940 ἀπὸ
1792 3887 1893 3958 τῆς

2071 3887 2363 3942 Sciendum
2411 3893 2496 3943 est
2536 3893 2717 3940 autem
2762 3885 2930 3940 solem
2983 3880 3553 3954 incipereaKaleudis

310 3977 359 4022 α’
396 3970 497 4024 τοῦ
527 3972 900 4043 Ὀκτωμϐρίου
943 3975 1110 4044 μηνός
1132 3991 1147 4006 ’
1173 3977 1207 4047 ή
1238 3975 1295 4029 δὲ
1322 3977 1517 4049 σελήνη
1551 3976 1658 4030 ἀπὸ
1700 3981 1798 4050 τῆς
1844 3997 1869 4033 a

1996 3972 2248 4032 Octobris
2288 3989 2302 4026 :
2355 3975 2538 4029 lunam
2571 3991 2600 4028 a
2644 3973 2765 4028 Kal.
2805 3972 3100 4039 Ianuariis,
3143 3972 3490 4029 indictionem
3525 3986 3555 4024 a

311 4063 405 4116 τοῦ
451 4062 777 4134 Ἰανουαρίου
820 4065 1016 4137 μηνόςο
1059 4067 1154 4120 καὶ
1202 4069 1236 4140 ἡ
1281 4067 1509 4134 ῐνδικτος
1553 4069 1660 4122 ἀπὸ
1697 4070 1797 4142 τῆς
1843 4091 1870 4128 α

1074 4067 1154 4120 καὶ
1202 4069 1236 4140 ἡ
1281 4067 1509 4134 ῐνδικτος
1553 4069 1660 4122 ἀπὸ
1697 4070 1797 4142 τῆς
1843 4071 1893 4128 α’
1995 4065 2250 4125 Kalendis
2282 4066 2633 4139 Septembris.

312 4157 405 4210 τοῦ
439 4157 610 4209 Σεπτε
618 4157 812 4230 μϐρίου
839 4159 1026 4230 μηνός.

385 4250 485 4312 Et;
516 4250 578 4302 τὸ
610 4250 788 4320 εὑρεῖν
827 4266 884 4302 σε
918 4250 976 4302 τὸ
1005 4253 1224 4323 νομικὸν
1252 4253 1462 4325 Πάσχα,
1493 4254 1763 4328 κράτησον
1797 4255 1891 4312 τοῦ

2063 4246 2142 4301 Ad
2173 4248 2553 4304 inveniendum
2584 4250 2754 4320 legale
2809 4247 3038 4315 Pascha,
3083 4248 3264 4319 accipe
3312 4249 3557 4302 lunarem

314 4340 576 4411 ὲπιζητου
585 4343 746 4412 μένου
775 4341 925 4407 ἔτους
953 4343 1042 4398 τὸν
1071 4343 1268 4400 κύκλον
1295 4347 1395 4417 τῆς
1429 4349 1676 4420 σελήνης,
1701 4351 1873 4403 ὁπόσοι

1997 4340 2206 4411 cyclum
2257 4340 2384 4395 anni
2425 4341 2714 4411 propositi,
2743 4356 2976 4410 eumque
3012 4357 3105 4411 per
3133 4339 3382 4394 undecim
3416 4339 3556 4392 mul-

317 4432 458 4496 ἐστὶ,
493 4433 588 4486 καὶ
639 4434 1131 4492 ὲνδεκαπλασίασον
1174 4438 1371 4492 αὐτόν’
1419 4439 1652 4512 πρόσθες
1693 4441 1748 4495 δὲ
1802 4444 1876 4496 κα¹

1998 4434 2204 4504 tiplica,
2258 4433 2325 4489 ad
2369 4449 2636 4488 summam
2681 4434 2859 4504 adjice
2905 4450 3033 4500 sex,
3081 4449 3205 4504 qua:
3264 4451 3297 4488 a
3351 4432 3556 4487 aesculis

318 4523 518 4594 ἐτέρας
561 4530 614 4588 ς’
649 4524 758 4578 τῶν
793 4526 892 4580 ἀπ’
917 4525 1175 4580 αἰώνων·
1223 4529 1398 4585 ἰστέον
1437 4530 1515 4595 δὲ,
1563 4531 1645 4584 ὅτι
1685 4532 1765 4594 είς
1804 4530 1877 4584 τοι

2007 4527 2302 4597 appellant.
2339 4526 2538 4582 Verum
2586 4527 2640 4581 in
2687 4527 2841 4599 cyclo
2889 4542 3021 4591 xvn,
3065 4533 3118 4581 et
3150 4541 3302 4590 xvm,
3353 4533 3406 4580 et
3443 4539 3557 4588 ιιι,

323 4615 385 4679 ις’
412 4614 632 4678 κύκλον,
667 4618 758 4670 καὶ
799 4623 886 4689 ιη’,
917 4618 1010 4671 καὶ
1055 4617 1119 4672 ιϐ’
1153 4620 1212 4672 οὐ
1251 4620 1552 4692 προστίθης
1578 4627 1631 4686 ς’
1658 4621 1765 4674 τῶν
1801 4623 1882 4675 ἀπ

1999 4635 2108 4675 non
2146 4635 2264 4686 sex,
2311 4620 2405 4675 sed
2445 4627 2654 4692 septem
2700 4619 2945 4675 addenda
2984 4627 3149 4686 sunt;
3179 4621 3233 4672 in
3266 4615 3388 4672 aliis
3409 4631 3558 4680 vero,

321 4707 555 4772 αἰώνων,
586 4708 721 4765 ἄλλα
757 4709 800 4774 ζ’
818 4728 831 4743 ·
867 4712 925 4764 ὲν
964 4712 1020 4764 δὲ
1052 4715 1163 4776 τοῖς
1199 4713 1378 4777 ἄλλοις
1421 4713 1564 4778 ὅλοις
1592 4714 1809 4780 κύκλοις
1843 4735 1880 4782 ς

1999 4731 2118 4771 sex.
2155 4712 2350 4771 Postea
2400 4716 2686 4770 collectam
2728 4728 2994 4770 summam
3046 4711 3248 4783 partire
3293 4725 3388 4782 per
3429 4725 3558 4774 xxx,

324 4801 418 4854 καὶ
464 4801 652 4871 μόνας,
693 4801 766 4866 ὡς
809 4801 1039 4874 ἔφημεν.
1082 4803 1198 4857 Εἶθ’
1244 4803 1418 4870 οὕτως
1457 4804 1717 4860 ἀνάλυσόν
1758 4805 1883 4862 αὐτὸ

2002 4807 2151 4877 quod
2183 4807 2454 4878 reliquum
2485 4807 2611 4871 erit,
2644 4822 2673 4860 a
2699 4805 2964 4862 Kalendis
2997 4805 3206 4861 Martiis
3246 4811 3437 4876 putare
3478 4802 3561 4856 in-

323 4893 411 4949 διὰ
438 4894 546 4947 τῶν
578 4894 619 4947 λ’
640 4911 653 4924 ·
683 4895 776 4948 καὶ
810 4894 880 4949 τὰ
907 4895 1149 4950 κάτωθεν
1176 4897 1284 4951 τῶν
1320 4897 1362 4951 λ’
1395 4897 1664 4970 κράτησον
1683 4915 1696 4930 ·
1730 4897 1882 4971 ἀρξά·

2001 4898 2156 4970 cipe,
2198 4897 2372 4954 donec
2421 4897 2814 4968 quinquaginta
2856 4896 2973 4952 dies
3015 4896 3314 4966 expleveris
3351 4913 3364 4950 ι
3400 4907 3560 4963 quem

328 5005 489 5057 μενος
513 4987 620 5042 ἀπὸ
641 4987 734 5041 τοῦ
763 4989 1004 5060 Μαρτίου
1031 4989 1218 5061 μηνὸς,
1243 4989 1465 5062 ἀρίθμει
1490 4990 1673 5044 ἐπάνω
1698 4990 1887 5058 αὐτῶν,

2005 5005 2287 5046 numerum
2340 4991 2387 5046 si
2432 4989 2574 5044 intra
2618 4987 2870 5042 Martium
2913 4987 3122 5068 edicere
3175 4986 3374 5056 possis,
3427 4986 3564 5038 bene

325 5077 430 5144 ἕως
461 5080 582 5133 ὅτου
614 5078 882 5150 ἱκανὼσῃς
908 5085 950 5132 ν’
989 5079 1200 5150 ἡμέρας
1223 5096 1238 5110 ο
1279 5079 1372 5132 καὶ
1404 5080 1453 5132 εί
1488 5079 1587 5151 μὲν
1621 5079 1884 5133 ἱκανωθῶ-

2003 5080 2186 5137 habet.
2217 5080 2314 5136 Sin
2339 5081 2538 5146 minus,
2577 5095 2733 5135 sume
2756 5078 3032 5134 residuum
3061 5092 3092 5133 e
3116 5076 3307 5131 diebus
3340 5075 3559 5146 Aprilis,

332 5188 413 5226 σιν
439 5174 496 5227 αἰ
528 5181 570 5226 ν’
599 5173 799 5245 ἡμέραι
824 5173 974 5238 ἐντὸς
1009 5171 1117 5225 τῶν
1143 5173 1408 5244 Μαρτίου,
1432 5170 1623 5244 χάρις·
1661 5173 1708 5225 εί
1736 5172 1780 5226 δ’
1804 5171 1888 5238 οὓ,

2003 5174 2174 5230 donec
2196 5174 2610 5246 quinquagenos
2636 5171 2906 5228 absolvas.
2941 5170 3273 5240 Quocunque
3299 5167 3386 5222 die
3409 5166 3562 5237 quin-

329 5264 569 5337 λάμϐανε
595 5268 689 5320 καὶ
721 5267 827 5320 ἀπὸ
851 5266 944 5320 τοῦ
977 5265 1249 5337 Ἀπριλίου
1276 5263 1464 5335 μηνὸς,
1493 5263 1597 5328 ἕως
1628 5265 1748 5319 ὅτου
1777 5265 1888 5318 ἱκα-

2005 5270 2262 5341 quaginta
2308 5268 2559 5340 completi
2613 5266 2834 5327 fuerint.
2887 5267 2942 5322 in
2989 5280 3111 5320 eum
3141 5262 3351 5320 Pascha
3394 5260 3561 5332 legale

333 5357 506 5431 νώσῃς
548 5360 735 5424 αὑτάς.
780 5360 867 5413 Ἐν
993 5359 1036 5412 δ’
1067 5359 1132 5413 ἂν
1171 5356 1354 5429 ἡμέρᾳ
1401 5356 1730 5411 ίκανωθῶσιν
1762 5359 1816 5410 αἱ
1852 5365 1892 5410 ν’

1202 5356 1354 5428 ,μέρᾳ
1401 5356 1730 5411 ἱπεπνευθίῖκτιν
1762 5359 1816 5410 αἱ
1852 5365 1894 5410 ν’
2003 5365 2129 5420 anni
2165 5364 2432 5437 propositi
2456 5363 2761 5421 conveniet.

297 5504 300 5508 .
333 5451 556 5523 ἡμέραι,
600 5456 656 5506 ὲν
695 5453 830 5524 αὐτῇ
869 5454 936 5523 τῇ
979 5449 1161 5522 ἡμέρᾳ
1193 5448 1333 5504 κατὰ
1377 5449 1438 5503 τὸ
1477 5449 1894 5524 ἐπιζητούμενον

335 5545 448 5612 ἔτος
477 5547 680 5616 γίνεται
712 5547 772 5600 τὸ
801 5546 1020 5618 νομικὸν
1050 5544 1256 5616 Πάσχα.

381 5700 424 5733 ¹⁹
451 5703 489 5774 f.
526 5702 752 5775 πρόσθες
774 5721 848 5759 τε.

1019 5805 1092 5813 ι...-
