  <div class='ocr_page' id='page_1' title='image "/cluster/home/n/w/nwhite01/storage/ocr_20150623/19/mdp.39015061293422/673.png"; bbox 0 0 3948 6264; ppageno 0'>
   <div class='ocr_carea' id='block_1_1' title="bbox 465 354 594 410">
    <p class='ocr_par' dir='ltr' id='par_1_1' title="bbox 465 354 594 410">
     <span class='ocr_line' id='line_1_1' title="bbox 465 354 594 410; baseline 0.031 -4"><span class='ocrx_word' id='word_1_1' title='bbox 465 354 594 410; x_wconf 74' lang='lat'><strong>1331</strong></span> 
     </span>
    </p>
   </div>
   <div class='ocr_carea' id='block_1_2' title="bbox 1452 351 2683 416">
    <p class='ocr_par' dir='ltr' id='par_1_2' title="bbox 1452 351 2683 416">
     <span class='ocr_line' id='line_1_2' title="bbox 1452 351 2683 416; baseline 0.006 -9"><span class='ocrx_word' id='word_1_2' title='bbox 1452 354 1545 407; x_wconf 73' lang='lat' dir='ltr'><strong>AD</strong></span> <span class='ocrx_word' id='word_1_3' title='bbox 1588 351 1854 410; x_wconf 79' lang='lat' dir='ltr'><strong>EUSEBII</strong></span> <span class='ocrx_word' id='word_1_4' title='bbox 1894 355 2286 413; x_wconf 74' lang='lat' dir='ltr'><strong>Clll‘lONlCON</strong></span> <span class='ocrx_word' id='word_1_5' title='bbox 2323 357 2683 416; x_wconf 76' lang='lat' dir='ltr'><strong>APPENDIX.</strong></span> 
     </span>
    </p>
   </div>
   <div class='ocr_carea' id='block_1_3' title="bbox 3545 354 3680 410">
    <p class='ocr_par' dir='ltr' id='par_1_3' title="bbox 3545 354 3680 410">
     <span class='ocr_line' id='line_1_3' title="bbox 3545 354 3680 410; baseline 0 -2"><span class='ocrx_word' id='word_1_6' title='bbox 3545 355 3567 408; x_wconf 84' lang='grc' dir='ltr'><strong>Ι</strong></span> <span class='ocrx_word' id='word_1_7' title='bbox 3578 354 3680 410; x_wconf 68' lang='grc' dir='ltr'><strong>δόἳ</strong></span> 
     </span>
    </p>
   </div>
   <div class='ocr_carea' id='block_1_4' title="bbox 464 470 2007 545">
    <p class='ocr_par' dir='ltr' id='par_1_4' title="bbox 464 471 2007 544">
     <span class='ocr_line' id='line_1_4' title="bbox 464 471 2007 544; baseline 0.001 -16"><span class='ocrx_word' id='word_1_8' title='bbox 464 473 584 542; x_wconf 81' lang='lat' dir='ltr'><strong>Qua</strong></span> <span class='ocrx_word' id='word_1_9' title='bbox 618 475 823 529; x_wconf 77' lang='lat' dir='ltr'><strong>ratione</strong></span> <span class='ocrx_word' id='word_1_10' title='bbox 852 473 984 544; x_wconf 80' lang='lat' dir='ltr'><strong>feria</strong></span> <span class='ocrx_word' id='word_1_11' title='bbox 1027 473 1212 544; x_wconf 77' lang='lat' dir='ltr'><strong>legalis</strong></span> <span class='ocrx_word' id='word_1_12' title='bbox 1258 472 1540 527; x_wconf 73' lang='lat' dir='ltr'><strong>Paschalis</strong></span> <span class='ocrx_word' id='word_1_13' title='bbox 1587 471 1889 544; x_wconf 77' lang='lat' dir='ltr'><strong>indaganda</strong></span> <span class='ocrx_word' id='word_1_14' title='bbox 1925 475 2007 530; x_wconf 79' lang='lat' dir='ltr'><strong>sit.</strong></span> 
     </span>
    </p>
   </div>
   <div class='ocr_carea' id='block_1_5' title="bbox 2114 470 3682 545">
    <p class='ocr_par' dir='ltr' id='par_1_5' title="bbox 2122 470 3682 545">
     <span class='ocr_line' id='line_1_5' title="bbox 2122 470 3682 545; baseline -0.003 -15"><span class='ocrx_word' id='word_1_15' title='bbox 2122 478 2226 543; x_wconf 81' lang='grc' dir='ltr'>Είς</span> <span class='ocrx_word' id='word_1_16' title='bbox 2259 476 2324 530; x_wconf 87' lang='grc' dir='ltr'>τὸ</span> <span class='ocrx_word' id='word_1_17' title='bbox 2366 477 2564 545; x_wconf 78' lang='grc' dir='ltr'><strong>εὑρεῖν</strong></span> <span class='ocrx_word' id='word_1_18' title='bbox 2601 495 2674 532; x_wconf 85' lang='grc' dir='ltr'><strong>σε</strong></span> <span class='ocrx_word' id='word_1_19' title='bbox 2711 476 2780 531; x_wconf 78' lang='grc' dir='ltr'><strong>ἐν</strong></span> <span class='ocrx_word' id='word_1_20' title='bbox 2818 477 2954 542; x_wconf 76' lang='grc' dir='ltr'>ποίᾳ</span> <span class='ocrx_word' id='word_1_21' title='bbox 2987 472 3172 544; x_wconf 66' lang='grc' dir='ltr'>ἡμέρᾳ</span> <span class='ocrx_word' id='word_1_22' title='bbox 3213 472 3291 542; x_wconf 81' lang='grc' dir='ltr'><strong>ἦν</strong></span> <span class='ocrx_word' id='word_1_23' title='bbox 3321 470 3388 524; x_wconf 76' lang='grc' dir='ltr'>τὸ</span> <span class='ocrx_word' id='word_1_24' title='bbox 3434 472 3682 538; x_wconf 70' lang='grc' dir='ltr'>νομικὸν</span> 
     </span>
    </p>
   </div>
   <div class='ocr_carea' id='block_1_6' title="bbox 531 622 2015 696">
    <p class='ocr_par' dir='ltr' id='par_1_6' title="bbox 531 622 2015 696">
     <span class='ocr_line' id='line_1_6' title="bbox 531 622 2015 696; baseline 0.004 -19"><span class='ocrx_word' id='word_1_25' title='bbox 531 622 728 694; x_wconf 78' lang='lat' dir='ltr'><strong>Accipe</strong></span> <span class='ocrx_word' id='word_1_26' title='bbox 756 624 985 680; x_wconf 88' lang='lat' dir='ltr'><strong>solarem</strong></span> <span class='ocrx_word' id='word_1_27' title='bbox 1019 625 1251 696; x_wconf 86' lang='lat' dir='ltr'><strong>cyclum,</strong></span> <span class='ocrx_word' id='word_1_28' title='bbox 1283 633 1336 683; x_wconf 88' lang='lat' dir='ltr'><strong>et</strong></span> <span class='ocrx_word' id='word_1_29' title='bbox 1359 626 1669 682; x_wconf 80' lang='lat' dir='ltr'><strong>bissextiles</strong></span> <span class='ocrx_word' id='word_1_30' title='bbox 1692 627 1808 682; x_wconf 88' lang='lat' dir='ltr'><strong>dies</strong></span> <span class='ocrx_word' id='word_1_31' title='bbox 1844 642 2015 683; x_wconf 84' lang='lat' dir='ltr'><strong>anuo-</strong></span> 
     </span>
    </p>
   </div>
   <div class='ocr_carea' id='block_1_7' title="bbox 462 715 2012 788">
    <p class='ocr_par' dir='ltr' id='par_1_7' title="bbox 462 715 2012 788">
     <span class='ocr_line' id='line_1_7' title="bbox 462 715 2012 788; baseline 0.002 -19"><span class='ocrx_word' id='word_1_32' title='bbox 462 729 581 769; x_wconf 87' lang='lat' dir='ltr'><strong>rum</strong></span> <span class='ocrx_word' id='word_1_33' title='bbox 633 715 961 786; x_wconf 89' lang='lat' dir='ltr'><strong>elapsorum.</strong></span> <span class='ocrx_word' id='word_1_34' title='bbox 1009 717 1158 771; x_wconf 87' lang='lat' dir='ltr'><strong>Adde</strong></span> <span class='ocrx_word' id='word_1_35' title='bbox 1210 717 1326 773; x_wconf 90' lang='lat' dir='ltr'><strong>dies</strong></span> <span class='ocrx_word' id='word_1_36' title='bbox 1365 718 1568 774; x_wconf 79' lang='lat' dir='ltr'><strong>mensis</strong></span> <span class='ocrx_word' id='word_1_37' title='bbox 1615 719 1668 773; x_wconf 91' lang='lat' dir='ltr'><strong>in</strong></span> <span class='ocrx_word' id='word_1_38' title='bbox 1717 735 1876 788; x_wconf 89' lang='lat' dir='ltr'><strong>quem</strong></span> <span class='ocrx_word' id='word_1_39' title='bbox 1906 718 2012 772; x_wconf 90' lang='lat' dir='ltr'><strong>Pa-</strong></span> 
     </span>
    </p>
   </div>
   <div class='ocr_carea' id='block_1_8' title="bbox 463 806 2014 880">
    <p class='ocr_par' dir='ltr' id='par_1_8' title="bbox 463 806 2014 880">
     <span class='ocr_line' id='line_1_8' title="bbox 463 806 2014 880; baseline 0.003 -21"><span class='ocrx_word' id='word_1_40' title='bbox 463 807 594 860; x_wconf 87' lang='lat' dir='ltr'><strong>scha</strong></span> <span class='ocrx_word' id='word_1_41' title='bbox 647 806 817 878; x_wconf 80' lang='lat' dir='ltr'><strong>legale</strong></span> <span class='ocrx_word' id='word_1_42' title='bbox 861 809 1070 874; x_wconf 92' lang='lat' dir='ltr'><strong>incidit,</strong></span> <span class='ocrx_word' id='word_1_43' title='bbox 1111 809 1177 862; x_wconf 89' lang='lat' dir='ltr'><strong>ad</strong></span> <span class='ocrx_word' id='word_1_44' title='bbox 1227 810 1403 878; x_wconf 91' lang='lat' dir='ltr'><strong>ipsum</strong></span> <span class='ocrx_word' id='word_1_45' title='bbox 1462 826 1636 880; x_wconf 87' lang='lat' dir='ltr'><strong>usque</strong></span> <span class='ocrx_word' id='word_1_46' title='bbox 1680 809 1908 865; x_wconf 84' lang='lat' dir='ltr'><strong>Pascha.</strong></span> <span class='ocrx_word' id='word_1_47' title='bbox 1956 808 2014 864; x_wconf 93' lang='lat' dir='ltr'><strong>Si</strong></span> 
     </span>
    </p>
   </div>
   <div class='ocr_carea' id='block_1_9' title="bbox 463 898 2016 970">
    <p class='ocr_par' dir='ltr' id='par_1_9' title="bbox 463 898 2016 970">
     <span class='ocr_line' id='line_1_9' title="bbox 463 898 2016 970; baseline 0.001 -18"><span class='ocrx_word' id='word_1_48' title='bbox 463 898 654 956; x_wconf 84' lang='lat' dir='ltr'><strong>Martio</strong></span> <span class='ocrx_word' id='word_1_49' title='bbox 701 915 885 960; x_wconf 81' lang='lat' dir='ltr'><strong>mense</strong></span> <span class='ocrx_word' id='word_1_50' title='bbox 937 901 1104 970; x_wconf 78' lang='lat' dir='ltr'><strong>legale</strong></span> <span class='ocrx_word' id='word_1_51' title='bbox 1149 899 1356 956; x_wconf 86' lang='lat' dir='ltr'><strong>Pascha</strong></span> <span class='ocrx_word' id='word_1_52' title='bbox 1404 904 1704 970; x_wconf 76' lang='lat' dir='ltr'><strong>conlingat,</strong></span> <span class='ocrx_word' id='word_1_53' title='bbox 1755 901 1821 955; x_wconf 91' lang='lat' dir='ltr'><strong>ad</strong></span> <span class='ocrx_word' id='word_1_54' title='bbox 1866 915 2016 954; x_wconf 86' lang='lat' dir='ltr'><strong>sum-</strong></span> 
     </span>
    </p>
   </div>
   <div class='ocr_carea' id='block_1_10' title="bbox 465 991 2010 1064">
    <p class='ocr_par' dir='ltr' id='par_1_10' title="bbox 465 991 2010 1064">
     <span class='ocr_line' id='line_1_10' title="bbox 465 991 2010 1064; baseline -0.002 -15"><span class='ocrx_word' id='word_1_55' title='bbox 465 1007 605 1049; x_wconf 85' lang='lat' dir='ltr'><strong>mam</strong></span> <span class='ocrx_word' id='word_1_56' title='bbox 640 991 812 1061; x_wconf 88' lang='lat' dir='ltr'><strong>adjice</strong></span> <span class='ocrx_word' id='word_1_57' title='bbox 847 994 1116 1056; x_wconf 82' lang='lat' dir='ltr'><strong>undecim.</strong></span> <span class='ocrx_word' id='word_1_58' title='bbox 1151 1003 1370 1064; x_wconf 89' lang='lat' dir='ltr'><strong>propter</strong></span> <span class='ocrx_word' id='word_1_59' title='bbox 1418 1009 1632 1049; x_wconf 90' lang='lat' dir='ltr'><strong>menses</strong></span> <span class='ocrx_word' id='word_1_60' title='bbox 1663 1001 1914 1063; x_wconf 84' lang='lat' dir='ltr'><strong>quatuor,</strong></span> <span class='ocrx_word' id='word_1_61' title='bbox 1940 993 2010 1047; x_wconf 89' lang='lat' dir='ltr'><strong>ab</strong></span> 
     </span>
    </p>
   </div>
   <div class='ocr_carea' id='block_1_11' title="bbox 461 1080 2012 1151">
    <p class='ocr_par' dir='ltr' id='par_1_11' title="bbox 461 1080 2012 1151">
     <span class='ocr_line' id='line_1_11' title="bbox 461 1080 2012 1151; baseline 0.001 -19"><span class='ocrx_word' id='word_1_62' title='bbox 461 1080 683 1136; x_wconf 81' lang='lat' dir='ltr'><strong>Octobri</strong></span> <span class='ocrx_word' id='word_1_63' title='bbox 766 1083 971 1138; x_wconf 85' lang='lat' dir='ltr'><strong>scilicet</strong></span> <span class='ocrx_word' id='word_1_64' title='bbox 1048 1084 1112 1137; x_wconf 90' lang='lat' dir='ltr'><strong>ad</strong></span> <span class='ocrx_word' id='word_1_65' title='bbox 1191 1081 1506 1140; x_wconf 70' lang='lat' dir='ltr'><strong>Ianuarium</strong></span> <span class='ocrx_word' id='word_1_66' title='bbox 1576 1101 1589 1138; x_wconf 91' lang='lat'>:</span> <span class='ocrx_word' id='word_1_67' title='bbox 1651 1083 1723 1136; x_wconf 89' lang='lat' dir='ltr'><strong>ita</strong></span> <span class='ocrx_word' id='word_1_68' title='bbox 1785 1091 1841 1136; x_wconf 91' lang='lat' dir='ltr'><strong>ut</strong></span> <span class='ocrx_word' id='word_1_69' title='bbox 1913 1095 2012 1151; x_wconf 82' lang='lat' dir='ltr'><strong>pro</strong></span> 
     </span>
    </p>
   </div>
   <div class='ocr_carea' id='block_1_12' title="bbox 460 1171 2014 1243">
    <p class='ocr_par' dir='ltr' id='par_1_12' title="bbox 460 1171 2014 1243">
     <span class='ocr_line' id='line_1_12' title="bbox 460 1171 2014 1243; baseline -0.003 -15"><span class='ocrx_word' id='word_1_70' title='bbox 460 1187 525 1228; x_wconf 89' lang='lat' dir='ltr'><strong>eo</strong></span> <span class='ocrx_word' id='word_1_71' title='bbox 563 1189 749 1228; x_wconf 88' lang='lat' dir='ltr'><strong>mense</strong></span> <span class='ocrx_word' id='word_1_72' title='bbox 787 1174 876 1243; x_wconf 87' lang='lat' dir='ltr'><strong>qui</strong></span> <span class='ocrx_word' id='word_1_73' title='bbox 929 1190 1034 1227; x_wconf 77' lang='lat' dir='ltr'><strong>xxx</strong></span> <span class='ocrx_word' id='word_1_74' title='bbox 1075 1174 1190 1228; x_wconf 88' lang='lat' dir='ltr'><strong>dies</strong></span> <span class='ocrx_word' id='word_1_75' title='bbox 1237 1173 1415 1230; x_wconf 80' lang='lat' dir='ltr'><strong>habet.</strong></span> <span class='ocrx_word' id='word_1_76' title='bbox 1468 1171 1574 1228; x_wconf 91' lang='lat' dir='ltr'><strong>duo</strong></span> <span class='ocrx_word' id='word_1_77' title='bbox 1620 1171 1803 1241; x_wconf 89' lang='lat' dir='ltr'><strong>capias</strong></span> <span class='ocrx_word' id='word_1_78' title='bbox 1848 1186 1862 1222; x_wconf 90' lang='lat'><strong>:</strong></span> <span class='ocrx_word' id='word_1_79' title='bbox 1915 1186 2014 1240; x_wconf 91' lang='lat' dir='ltr'><strong>pro</strong></span> 
     </span>
    </p>
   </div>
   <div class='ocr_carea' id='block_1_13' title="bbox 459 1261 2013 1333">
    <p class='ocr_par' dir='ltr' id='par_1_13' title="bbox 459 1261 2013 1333">
     <span class='ocr_line' id='line_1_13' title="bbox 459 1261 2013 1333; baseline -0.003 -14"><span class='ocrx_word' id='word_1_80' title='bbox 459 1278 526 1319; x_wconf 87' lang='lat' dir='ltr'><strong>eo</strong></span> <span class='ocrx_word' id='word_1_81' title='bbox 577 1278 724 1329; x_wconf 89' lang='lat' dir='ltr'><strong>vero,</strong></span> <span class='ocrx_word' id='word_1_82' title='bbox 769 1263 862 1333; x_wconf 85' lang='lat' dir='ltr'><strong>qui</strong></span> <span class='ocrx_word' id='word_1_83' title='bbox 914 1279 1038 1318; x_wconf 69' lang='lat' dir='ltr'><strong>xxxx</strong></span> <span class='ocrx_word' id='word_1_84' title='bbox 1095 1271 1339 1328; x_wconf 76' lang='lat' dir='ltr'><strong>constat,</strong></span> <span class='ocrx_word' id='word_1_85' title='bbox 1379 1263 1518 1324; x_wconf 49' lang='lat' dir='ltr'><strong>,tria,</strong></span> <span class='ocrx_word' id='word_1_86' title='bbox 1559 1263 1712 1329; x_wconf 85' lang='lat' dir='ltr'><strong>Quod</strong></span> <span class='ocrx_word' id='word_1_87' title='bbox 1761 1262 1804 1318; x_wconf 87' lang='lat' dir='ltr'><strong>si</strong></span> <span class='ocrx_word' id='word_1_88' title='bbox 1855 1261 2013 1331; x_wconf 88' lang='lat' dir='ltr'><strong>Apri-</strong></span> 
     </span>
    </p>
   </div>
   <div class='ocr_carea' id='block_1_14' title="bbox 459 1354 2015 1425">
    <p class='ocr_par' dir='ltr' id='par_1_14' title="bbox 459 1354 2015 1425">
     <span class='ocr_line' id='line_1_14' title="bbox 459 1354 2015 1425; baseline 0.001 -17"><span class='ocrx_word' id='word_1_89' title='bbox 459 1355 563 1408; x_wconf 83' lang='lat' dir='ltr'><strong>lem</strong></span> <span class='ocrx_word' id='word_1_90' title='bbox 627 1354 681 1411; x_wconf 90' lang='lat' dir='ltr'><strong>in</strong></span> <span class='ocrx_word' id='word_1_91' title='bbox 749 1370 986 1410; x_wconf 88' lang='lat' dir='ltr'><strong>mensem</strong></span> <span class='ocrx_word' id='word_1_92' title='bbox 1041 1355 1208 1425; x_wconf 81' lang='lat' dir='ltr'><strong>legale</strong></span> <span class='ocrx_word' id='word_1_93' title='bbox 1269 1354 1476 1410; x_wconf 81' lang='lat' dir='ltr'><strong>Pascha</strong></span> <span class='ocrx_word' id='word_1_94' title='bbox 1525 1361 1813 1424; x_wconf 83' lang='lat' dir='ltr'><strong>competat,</strong></span> <span class='ocrx_word' id='word_1_95' title='bbox 1877 1354 2015 1409; x_wconf 89' lang='lat' dir='ltr'><strong>adde</strong></span> 
     </span>
    </p>
   </div>
   <div class='ocr_carea' id='block_1_15' title="bbox 459 1442 2013 1515">
    <p class='ocr_par' dir='ltr' id='par_1_15' title="bbox 459 1442 2013 1515">
     <span class='ocr_line' id='line_1_15' title="bbox 459 1442 2013 1515; baseline 0.001 -19"><span class='ocrx_word' id='word_1_96' title='bbox 459 1451 681 1515; x_wconf 84' lang='lat' dir='ltr'><strong>propter</strong></span> <span class='ocrx_word' id='word_1_97' title='bbox 737 1442 985 1498; x_wconf 85' lang='lat' dir='ltr'><strong>Martium</strong></span> <span class='ocrx_word' id='word_1_98' title='bbox 1034 1445 1158 1498; x_wconf 88' lang='lat' dir='ltr'><strong>tria.</strong></span> <span class='ocrx_word' id='word_1_99' title='bbox 1217 1443 1553 1515; x_wconf 86' lang='lat' dir='ltr'><strong>Colligentur</strong></span> <span class='ocrx_word' id='word_1_100' title='bbox 1621 1460 1733 1498; x_wconf 79' lang='lat' dir='ltr'><strong>xw.</strong></span> <span class='ocrx_word' id='word_1_101' title='bbox 1805 1443 2013 1510; x_wconf 84' lang='lat' dir='ltr'><strong>Quibus</strong></span> 
     </span>
    </p>
   </div>
   <div class='ocr_carea' id='block_1_16' title="bbox 459 1535 2015 1605">
    <p class='ocr_par' dir='ltr' id='par_1_16' title="bbox 459 1535 2015 1605">
     <span class='ocr_line' id='line_1_16' title="bbox 459 1535 2015 1605; baseline 0 -15"><span class='ocrx_word' id='word_1_102' title='bbox 459 1536 713 1592; x_wconf 87' lang='lat' dir='ltr'><strong>omnibus</strong></span> <span class='ocrx_word' id='word_1_103' title='bbox 753 1536 807 1590; x_wconf 89' lang='lat' dir='ltr'><strong>in</strong></span> <span class='ocrx_word' id='word_1_104' title='bbox 854 1550 1014 1590; x_wconf 91' lang='lat' dir='ltr'><strong>unam</strong></span> <span class='ocrx_word' id='word_1_105' title='bbox 1062 1551 1326 1591; x_wconf 86' lang='lat' dir='ltr'><strong>summam</strong></span> <span class='ocrx_word' id='word_1_106' title='bbox 1365 1535 1622 1599; x_wconf 85' lang='lat' dir='ltr'><strong>redactis,</strong></span> <span class='ocrx_word' id='word_1_107' title='bbox 1659 1550 1777 1590; x_wconf 92' lang='lat' dir='ltr'><strong>eam</strong></span> <span class='ocrx_word' id='word_1_108' title='bbox 1812 1536 2015 1605; x_wconf 85' lang='lat' dir='ltr'><strong>partire</strong></span> 
     </span>
    </p>
   </div>
   <div class='ocr_carea' id='block_1_17' title="bbox 459 1626 2013 1698">
    <p class='ocr_par' dir='ltr' id='par_1_17' title="bbox 459 1626 2013 1698">
     <span class='ocr_line' id='line_1_17' title="bbox 459 1626 2013 1698; baseline -0.001 -16"><span class='ocrx_word' id='word_1_109' title='bbox 459 1643 557 1698; x_wconf 87' lang='lat' dir='ltr'><strong>per</strong></span> <span class='ocrx_word' id='word_1_110' title='bbox 615 1634 870 1698; x_wconf 82' lang='lat' dir='ltr'><strong>septem;</strong></span> <span class='ocrx_word' id='word_1_111' title='bbox 923 1626 1199 1682; x_wconf 86' lang='lat' dir='ltr'><strong>residuum</strong></span> <span class='ocrx_word' id='word_1_112' title='bbox 1241 1628 1389 1682; x_wconf 85' lang='lat' dir='ltr'><strong>dabit</strong></span> <span class='ocrx_word' id='word_1_113' title='bbox 1447 1627 1635 1682; x_wconf 79' lang='lat' dir='ltr'><strong>feriam</strong></span> <span class='ocrx_word' id='word_1_114' title='bbox 1684 1627 1870 1698; x_wconf 82' lang='lat' dir='ltr'><strong>legalis</strong></span> <span class='ocrx_word' id='word_1_115' title='bbox 1910 1626 2013 1680; x_wconf 91' lang='lat' dir='ltr'><strong>Pa-</strong></span> 
     </span>
    </p>
   </div>
   <div class='ocr_carea' id='block_1_18' title="bbox 459 1717 2014 1791">
    <p class='ocr_par' dir='ltr' id='par_1_18' title="bbox 459 1717 2014 1791">
     <span class='ocr_line' id='line_1_18' title="bbox 459 1717 2014 1791; baseline -0.001 -16"><span class='ocrx_word' id='word_1_116' title='bbox 459 1719 684 1775; x_wconf 86' lang='lat' dir='ltr'><strong>schatis.</strong></span> <span class='ocrx_word' id='word_1_117' title='bbox 741 1717 856 1785; x_wconf 84' lang='lat' dir='ltr'><strong>Qua</strong></span> <span class='ocrx_word' id='word_1_118' title='bbox 915 1730 1123 1789; x_wconf 79' lang='lat' dir='ltr'><strong>reperta</strong></span> <span class='ocrx_word' id='word_1_119' title='bbox 1172 1719 1497 1791; x_wconf 84' lang='lat' dir='ltr'><strong>progredere</strong></span> <span class='ocrx_word' id='word_1_120' title='bbox 1566 1734 1740 1788; x_wconf 86' lang='lat' dir='ltr'><strong>usque</strong></span> <span class='ocrx_word' id='word_1_121' title='bbox 1795 1717 1860 1772; x_wconf 90' lang='lat' dir='ltr'><strong>ad</strong></span> <span class='ocrx_word' id='word_1_122' title='bbox 1919 1717 2014 1773; x_wconf 85' lang='lat' dir='ltr'><strong>Do-</strong></span> 
     </span>
    </p>
   </div>
   <div class='ocr_carea' id='block_1_19' title="bbox 2782 545 3013 614">
    <p class='ocr_par' dir='ltr' id='par_1_19' title="bbox 2782 545 3013 614">
     <span class='ocr_line' id='line_1_19' title="bbox 2782 545 3013 614; baseline -0.013 -14"><span class='ocrx_word' id='word_1_123' title='bbox 2782 545 3013 614; x_wconf 82' lang='grc' dir='ltr'><strong>Πάσχα.</strong></span> 
     </span>
    </p>
   </div>
   <div class='ocr_carea' id='block_1_20' title="bbox 2192 633 3679 711">
    <p class='ocr_par' dir='ltr' id='par_1_20' title="bbox 2192 633 3679 711">
     <span class='ocr_line' id='line_1_20' title="bbox 2192 633 3679 711; baseline -0.004 -19"><span class='ocrx_word' id='word_1_124' title='bbox 2192 638 2482 711; x_wconf 84' lang='grc' dir='ltr'>Κράτησον</span> <span class='ocrx_word' id='word_1_125' title='bbox 2510 638 2600 692; x_wconf 76' lang='grc' dir='ltr'>τὸν</span> <span class='ocrx_word' id='word_1_126' title='bbox 2632 639 2827 692; x_wconf 82' lang='grc' dir='ltr'>κύκλον</span> <span class='ocrx_word' id='word_1_127' title='bbox 2860 637 2954 691; x_wconf 79' lang='grc' dir='ltr'>τοῦ</span> <span class='ocrx_word' id='word_1_128' title='bbox 2983 637 3154 708; x_wconf 92' lang='grc' dir='ltr'>ἡλίου,</span> <span class='ocrx_word' id='word_1_129' title='bbox 3217 637 3309 691; x_wconf 74' lang='grc' dir='ltr'><strong>καὶ</strong></span> <span class='ocrx_word' id='word_1_130' title='bbox 3340 637 3407 691; x_wconf 82' lang='grc' dir='ltr'>τὰ</span> <span class='ocrx_word' id='word_1_131' title='bbox 3444 633 3679 706; x_wconf 77' lang='grc' dir='ltr'>βίσεξτα,</span> 
     </span>
    </p>
   </div>
   <div class='ocr_carea' id='block_1_21' title="bbox 2120 725 3679 803">
    <p class='ocr_par' dir='ltr' id='par_1_21' title="bbox 2120 725 3679 803">
     <span class='ocr_line' id='line_1_21' title="bbox 2120 725 3679 803; baseline -0.004 -18"><span class='ocrx_word' id='word_1_132' title='bbox 2120 732 2293 785; x_wconf 79' lang='grc' dir='ltr'>ὁπόσα</span> <span class='ocrx_word' id='word_1_133' title='bbox 2325 731 2452 786; x_wconf 82' lang='grc' dir='ltr'>εἰσί.</span> <span class='ocrx_word' id='word_1_134' title='bbox 2493 730 2736 803; x_wconf 83' lang='grc' dir='ltr'><strong>Πρόσθες</strong></span> <span class='ocrx_word' id='word_1_135' title='bbox 2767 731 2822 784; x_wconf 84' lang='grc' dir='ltr'><strong>δὲ</strong></span> <span class='ocrx_word' id='word_1_136' title='bbox 2848 730 2940 784; x_wconf 77' lang='grc' dir='ltr'>καὶ</span> <span class='ocrx_word' id='word_1_137' title='bbox 2967 729 3065 792; x_wconf 86' lang='grc' dir='ltr'>τὰς</span> <span class='ocrx_word' id='word_1_138' title='bbox 3102 729 3310 800; x_wconf 82' lang='grc' dir='ltr'>ἡμέρας</span> <span class='ocrx_word' id='word_1_139' title='bbox 3333 727 3424 781; x_wconf 80' lang='grc' dir='ltr'>τοῦ</span> <span class='ocrx_word' id='word_1_140' title='bbox 3457 725 3679 797; x_wconf 79' lang='grc' dir='ltr'>νομικοῦ</span> 
     </span>
    </p>
   </div>
   <div class='ocr_carea' id='block_1_22' title="bbox 2116 814 3679 892">
    <p class='ocr_par' dir='ltr' id='par_1_22' title="bbox 2116 814 3679 892">
     <span class='ocr_line' id='line_1_22' title="bbox 2116 814 3679 892; baseline -0.003 -16"><span class='ocrx_word' id='word_1_141' title='bbox 2116 821 2328 892; x_wconf 84' lang='grc' dir='ltr'><strong>Πάσχα,</strong></span> <span class='ocrx_word' id='word_1_142' title='bbox 2363 821 2475 874; x_wconf 80' lang='grc' dir='ltr'>οἴου</span> <span class='ocrx_word' id='word_1_143' title='bbox 2517 820 2682 892; x_wconf 85' lang='grc' dir='ltr'>μηνὸς</span> <span class='ocrx_word' id='word_1_144' title='bbox 2717 814 2804 891; x_wconf 80' lang='grc' dir='ltr'>ἦν,</span> <span class='ocrx_word' id='word_1_145' title='bbox 2841 820 2933 874; x_wconf 76' lang='grc' dir='ltr'><strong>καὶ</strong></span> <span class='ocrx_word' id='word_1_146' title='bbox 2963 819 3152 873; x_wconf 84' lang='grc' dir='ltr'><strong>ὁπόσαι</strong></span> <span class='ocrx_word' id='word_1_147' title='bbox 3190 820 3314 872; x_wconf 79' lang='grc' dir='ltr'>εἰσί.</span> <span class='ocrx_word' id='word_1_148' title='bbox 3346 819 3456 872; x_wconf 74' lang='grc' dir='ltr'>Καὶ</span> <span class='ocrx_word' id='word_1_149' title='bbox 3492 820 3542 870; x_wconf 84' lang='grc' dir='ltr'>εἰ</span> <span class='ocrx_word' id='word_1_150' title='bbox 3585 818 3679 886; x_wconf 78' lang='grc' dir='ltr'>μὲν</span> 
     </span>
    </p>
   </div>
   <div class='ocr_carea' id='block_1_23' title="bbox 2117 910 3679 985">
    <p class='ocr_par' dir='ltr' id='par_1_23' title="bbox 2117 910 3679 985">
     <span class='ocr_line' id='line_1_23' title="bbox 2117 910 3679 985; baseline -0.004 -18"><span class='ocrx_word' id='word_1_151' title='bbox 2117 913 2231 968; x_wconf 81' lang='grc' dir='ltr'>ἔστι</span> <span class='ocrx_word' id='word_1_152' title='bbox 2263 913 2322 967; x_wconf 79' lang='grc' dir='ltr'>τὸ</span> <span class='ocrx_word' id='word_1_153' title='bbox 2352 913 2572 985; x_wconf 82' lang='grc' dir='ltr'>νομικὸν</span> <span class='ocrx_word' id='word_1_154' title='bbox 2595 913 2783 982; x_wconf 82' lang='grc' dir='ltr'><strong>Πάσχα</strong></span> <span class='ocrx_word' id='word_1_155' title='bbox 2814 914 2893 976; x_wconf 79' lang='grc' dir='ltr'><strong>εἰς</strong></span> <span class='ocrx_word' id='word_1_156' title='bbox 2915 911 3004 966; x_wconf 75' lang='grc' dir='ltr'>τὸν</span> <span class='ocrx_word' id='word_1_157' title='bbox 3042 912 3280 983; x_wconf 77' lang='grc' dir='ltr'>Μάρτιον</span> <span class='ocrx_word' id='word_1_158' title='bbox 3310 911 3474 981; x_wconf 76' lang='grc' dir='ltr'>μῆνα,</span> <span class='ocrx_word' id='word_1_159' title='bbox 3512 910 3679 980; x_wconf 80' lang='grc' dir='ltr'>πρόσ-</span> 
     </span>
    </p>
   </div>
   <div class='ocr_carea' id='block_1_24' title="bbox 2118 999 3676 1077">
    <p class='ocr_par' dir='ltr' id='par_1_24' title="bbox 2118 999 3676 1077">
     <span class='ocr_line' id='line_1_24' title="bbox 2118 999 3676 1077; baseline -0.004 -16"><span class='ocrx_word' id='word_1_160' title='bbox 2118 1007 2208 1071; x_wconf 90' lang='grc' dir='ltr'><strong>θες</strong></span> <span class='ocrx_word' id='word_1_161' title='bbox 2234 1007 2325 1060; x_wconf 76' lang='grc' dir='ltr'>καὶ</span> <span class='ocrx_word' id='word_1_162' title='bbox 2373 1013 2440 1060; x_wconf 86' lang='grc' dir='ltr'>ια’</span> <span class='ocrx_word' id='word_1_163' title='bbox 2468 1007 2605 1077; x_wconf 87' lang='grc' dir='ltr'>ὑπὲρ</span> <span class='ocrx_word' id='word_1_164' title='bbox 2635 1005 2740 1060; x_wconf 86' lang='grc' dir='ltr'>τῶν</span> <span class='ocrx_word' id='word_1_165' title='bbox 2776 1005 2990 1075; x_wconf 77' lang='grc' dir='ltr'>μηνῶνο</span> <span class='ocrx_word' id='word_1_166' title='bbox 3029 1003 3222 1066; x_wconf 78' lang='grc' dir='ltr'>οἵτινές</span> <span class='ocrx_word' id='word_1_167' title='bbox 3254 1005 3389 1056; x_wconf 74' lang='grc' dir='ltr'>εἰσιν</span> <span class='ocrx_word' id='word_1_168' title='bbox 3433 1001 3543 1054; x_wconf 75' lang='grc' dir='ltr'><strong>ἀπὸ</strong></span> <span class='ocrx_word' id='word_1_169' title='bbox 3584 999 3676 1054; x_wconf 80' lang='grc' dir='ltr'><strong>τού</strong></span> 
     </span>
    </p>
   </div>
   <div class='ocr_carea' id='block_1_25' title="bbox 2128 1093 3673 1172">
    <p class='ocr_par' dir='ltr' id='par_1_25' title="bbox 2128 1093 3673 1172">
     <span class='ocr_line' id='line_1_25' title="bbox 2128 1093 3673 1172; baseline -0.006 -18"><span class='ocrx_word' id='word_1_170' title='bbox 2128 1100 2496 1172; x_wconf 79' lang='grc' dir='ltr'>Ὀκτωμϐρίου</span> <span class='ocrx_word' id='word_1_171' title='bbox 2530 1098 2696 1171; x_wconf 82' lang='grc' dir='ltr'>μηνὸς</span> <span class='ocrx_word' id='word_1_172' title='bbox 2723 1099 2845 1167; x_wconf 82' lang='grc' dir='ltr'>ἄχρι</span> <span class='ocrx_word' id='word_1_173' title='bbox 2882 1096 2974 1151; x_wconf 84' lang='grc' dir='ltr'>τοῦ</span> <span class='ocrx_word' id='word_1_174' title='bbox 3009 1095 3331 1167; x_wconf 80' lang='grc' dir='ltr'>Ἰανουαρίου</span> <span class='ocrx_word' id='word_1_175' title='bbox 3363 1095 3458 1148; x_wconf 74' lang='grc' dir='ltr'>καὶ</span> <span class='ocrx_word' id='word_1_176' title='bbox 3479 1093 3673 1147; x_wconf 73' lang='grc' dir='ltr'>αὐτοῦ’</span> 
     </span>
    </p>
   </div>
   <div class='ocr_carea' id='block_1_26' title="bbox 2114 1182 3676 1259">
    <p class='ocr_par' dir='ltr' id='par_1_26' title="bbox 2114 1182 3676 1259">
     <span class='ocr_line' id='line_1_26' title="bbox 2114 1182 3676 1259; baseline -0.006 -16"><span class='ocrx_word' id='word_1_177' title='bbox 2114 1187 2220 1245; x_wconf 82' lang='grc' dir='ltr'>ἀπὸ</span> <span class='ocrx_word' id='word_1_178' title='bbox 2251 1190 2346 1259; x_wconf 82' lang='grc' dir='ltr'><strong>μὲν</strong></span> <span class='ocrx_word' id='word_1_179' title='bbox 2381 1188 2474 1242; x_wconf 75' lang='grc' dir='ltr'>τοῦ</span> <span class='ocrx_word' id='word_1_180' title='bbox 2512 1187 2677 1258; x_wconf 76' lang='grc' dir='ltr'>μηνὸς</span> <span class='ocrx_word' id='word_1_181' title='bbox 2709 1185 2803 1240; x_wconf 84' lang='grc' dir='ltr'>τοῦ</span> <span class='ocrx_word' id='word_1_182' title='bbox 2845 1185 3053 1255; x_wconf 80' lang='grc' dir='ltr'>ἔχοντος</span> <span class='ocrx_word' id='word_1_183' title='bbox 3083 1185 3291 1255; x_wconf 84' lang='grc' dir='ltr'>ἡμέρας</span> <span class='ocrx_word' id='word_1_184' title='bbox 3311 1184 3354 1236; x_wconf 88' lang='grc' dir='ltr'>λ’</span> <span class='ocrx_word' id='word_1_185' title='bbox 3381 1182 3676 1254; x_wconf 76' lang='grc' dir='ltr'>λαμϐάνεις</span> 
     </span>
    </p>
   </div>
   <div class='ocr_carea' id='block_1_27' title="bbox 2114 1273 3673 1350">
    <p class='ocr_par' dir='ltr' id='par_1_27' title="bbox 2114 1273 3673 1350">
     <span class='ocr_line' id='line_1_27' title="bbox 2114 1273 3673 1350; baseline -0.003 -20"><span class='ocrx_word' id='word_1_186' title='bbox 2114 1278 2324 1350; x_wconf 83' lang='grc' dir='ltr'>ἡμέρας</span> <span class='ocrx_word' id='word_1_187' title='bbox 2354 1278 2447 1332; x_wconf 81' lang='grc' dir='ltr'>δύο</span> <span class='ocrx_word' id='word_1_188' title='bbox 2465 1295 2479 1308; x_wconf 77' lang='grc'><strong><em>⁸</em></strong></span> <span class='ocrx_word' id='word_1_189' title='bbox 2528 1277 2636 1337; x_wconf 83' lang='grc' dir='ltr'>ἀπὸ</span> <span class='ocrx_word' id='word_1_190' title='bbox 2659 1277 2715 1330; x_wconf 84' lang='grc' dir='ltr'><strong>δὲ</strong></span> <span class='ocrx_word' id='word_1_191' title='bbox 2750 1275 2842 1330; x_wconf 82' lang='grc' dir='ltr'>τοῦ</span> <span class='ocrx_word' id='word_1_192' title='bbox 2869 1275 3080 1346; x_wconf 75' lang='grc' dir='ltr'>ἔχοντος</span> <span class='ocrx_word' id='word_1_193' title='bbox 3107 1275 3185 1328; x_wconf 88' lang='grc' dir='ltr'>λα’</span> <span class='ocrx_word' id='word_1_194' title='bbox 3214 1275 3423 1347; x_wconf 79' lang='grc' dir='ltr'>ἡμέρας</span> <span class='ocrx_word' id='word_1_195' title='bbox 3461 1273 3673 1344; x_wconf 79' lang='grc' dir='ltr'>λαμεὰ-</span> 
     </span>
    </p>
   </div>
   <div class='ocr_carea' id='block_1_28' title="bbox 2115 1363 3674 1438">
    <p class='ocr_par' dir='ltr' id='par_1_28' title="bbox 2115 1363 3674 1438">
     <span class='ocr_line' id='line_1_28' title="bbox 2115 1363 3674 1438; baseline -0.002 -17"><span class='ocrx_word' id='word_1_196' title='bbox 2115 1385 2224 1431; x_wconf 88' lang='grc' dir='ltr'>νεις</span> <span class='ocrx_word' id='word_1_197' title='bbox 2257 1375 2343 1438; x_wconf 85' lang='grc' dir='ltr'><strong>γ’·</strong></span> <span class='ocrx_word' id='word_1_198' title='bbox 2396 1371 2444 1422; x_wconf 78' lang='grc' dir='ltr'><strong>ει</strong></span> <span class='ocrx_word' id='word_1_199' title='bbox 2485 1369 2528 1421; x_wconf 87' lang='grc' dir='ltr'>δ’</span> <span class='ocrx_word' id='word_1_200' title='bbox 2576 1369 2724 1421; x_wconf 71' lang='grc' dir='ltr'>ἐστὶν</span> <span class='ocrx_word' id='word_1_201' title='bbox 2770 1368 2847 1429; x_wconf 78' lang='grc' dir='ltr'><strong>εἰς</strong></span> <span class='ocrx_word' id='word_1_202' title='bbox 2893 1365 2985 1418; x_wconf 82' lang='grc' dir='ltr'><strong>τὸν</strong></span> <span class='ocrx_word' id='word_1_203' title='bbox 3035 1366 3305 1437; x_wconf 84' lang='grc' dir='ltr'>Ἀπρίλιον</span> <span class='ocrx_word' id='word_1_204' title='bbox 3352 1366 3412 1418; x_wconf 84' lang='grc' dir='ltr'><strong>τὸ</strong></span> <span class='ocrx_word' id='word_1_205' title='bbox 3457 1363 3674 1434; x_wconf 78' lang='grc' dir='ltr'>νομικὸν</span> 
     </span>
    </p>
   </div>
   <div class='ocr_carea' id='block_1_29' title="bbox 2115 1458 3670 1534">
    <p class='ocr_par' dir='ltr' id='par_1_29' title="bbox 2115 1458 3670 1534">
     <span class='ocr_line' id='line_1_29' title="bbox 2115 1458 3670 1534; baseline -0.003 -19"><span class='ocrx_word' id='word_1_206' title='bbox 2115 1462 2327 1532; x_wconf 82' lang='grc' dir='ltr'>Πάσχα,</span> <span class='ocrx_word' id='word_1_207' title='bbox 2377 1461 2608 1531; x_wconf 82' lang='grc' dir='ltr'>πρόσθες</span> <span class='ocrx_word' id='word_1_208' title='bbox 2647 1461 2740 1514; x_wconf 73' lang='grc' dir='ltr'>καὶ</span> <span class='ocrx_word' id='word_1_209' title='bbox 2781 1461 2921 1534; x_wconf 80' lang='grc' dir='ltr'>ὑπὲρ</span> <span class='ocrx_word' id='word_1_210' title='bbox 2953 1459 3044 1514; x_wconf 80' lang='grc' dir='ltr'>τοῦ</span> <span class='ocrx_word' id='word_1_211' title='bbox 3085 1459 3327 1530; x_wconf 76' lang='grc' dir='ltr'><strong>Μαρτίου</strong></span> <span class='ocrx_word' id='word_1_212' title='bbox 3356 1458 3566 1530; x_wconf 82' lang='grc' dir='ltr'>ἡμέρας</span> <span class='ocrx_word' id='word_1_213' title='bbox 3604 1463 3670 1524; x_wconf 84' lang='grc' dir='ltr'>γ’.</span> 
     </span>
    </p>
   </div>
   <div class='ocr_carea' id='block_1_30' title="bbox 2113 1549 3674 1622">
    <p class='ocr_par' dir='ltr' id='par_1_30' title="bbox 2113 1549 3674 1622">
     <span class='ocr_line' id='line_1_30' title="bbox 2113 1549 3674 1622; baseline -0.003 -16"><span class='ocrx_word' id='word_1_214' title='bbox 2113 1553 2224 1612; x_wconf 66' lang='lat' dir='ltr'><strong>Kal.</strong></span> <span class='ocrx_word' id='word_1_215' title='bbox 2259 1554 2366 1606; x_wconf 74' lang='grc' dir='ltr'>ἰδοὺ</span> <span class='ocrx_word' id='word_1_216' title='bbox 2393 1553 2628 1622; x_wconf 88' lang='grc' dir='ltr'>γίνονται</span> <span class='ocrx_word' id='word_1_217' title='bbox 2662 1551 2738 1606; x_wconf 87' lang='grc' dir='ltr'>ιδ’.</span> <span class='ocrx_word' id='word_1_218' title='bbox 2758 1553 2867 1605; x_wconf 71' lang='grc' dir='ltr'>Καὶ</span> <span class='ocrx_word' id='word_1_219' title='bbox 2893 1552 3061 1614; x_wconf 79' lang='grc' dir='ltr'>οὕτως</span> <span class='ocrx_word' id='word_1_220' title='bbox 3084 1549 3288 1613; x_wconf 79' lang='grc' dir='ltr'>ἑνώσας</span> <span class='ocrx_word' id='word_1_221' title='bbox 3315 1551 3512 1612; x_wconf 87' lang='grc' dir='ltr'>πάντα,</span> <span class='ocrx_word' id='word_1_222' title='bbox 3545 1549 3674 1602; x_wconf 82' lang='grc' dir='ltr'>ἀνά-ι</span> 
     </span>
    </p>
   </div>
   <div class='ocr_carea' id='block_1_31' title="bbox 2114 1640 3676 1707">
    <p class='ocr_par' dir='ltr' id='par_1_31' title="bbox 2114 1640 3676 1707">
     <span class='ocr_line' id='line_1_31' title="bbox 2114 1640 3676 1707; baseline -0.003 -11"><span class='ocrx_word' id='word_1_223' title='bbox 2114 1644 2270 1698; x_wconf 86' lang='grc' dir='ltr'>λυσον</span> <span class='ocrx_word' id='word_1_224' title='bbox 2309 1643 2398 1698; x_wconf 75' lang='grc' dir='ltr'><strong>διὰ</strong></span> <span class='ocrx_word' id='word_1_225' title='bbox 2449 1643 2556 1699; x_wconf 81' lang='grc' dir='ltr'>τῶν</span> <span class='ocrx_word' id='word_1_226' title='bbox 2588 1642 2663 1707; x_wconf 72' lang='grc' dir='ltr'><strong>ς’·</strong></span> <span class='ocrx_word' id='word_1_227' title='bbox 2696 1645 2788 1697; x_wconf 83' lang='grc' dir='ltr'>καὶ</span> <span class='ocrx_word' id='word_1_228' title='bbox 2837 1645 2938 1698; x_wconf 84' lang='grc' dir='ltr'><strong>ὅσα</strong></span> <span class='ocrx_word' id='word_1_229' title='bbox 2968 1643 3208 1700; x_wconf 80' lang='grc' dir='ltr'><strong>κάτωθεν</strong></span> <span class='ocrx_word' id='word_1_230' title='bbox 3234 1642 3343 1696; x_wconf 84' lang='grc' dir='ltr'><strong>τῶν</strong></span> <span class='ocrx_word' id='word_1_231' title='bbox 3371 1640 3414 1707; x_wconf 75' lang='grc' dir='ltr'>ς’</span> <span class='ocrx_word' id='word_1_232' title='bbox 3469 1642 3676 1694; x_wconf 75' lang='grc' dir='ltr'>ἐναπο-</span> 
     </span>
    </p>
   </div>
   <div class='ocr_carea' id='block_1_32' title="bbox 2118 1733 3671 1808">
    <p class='ocr_par' dir='ltr' id='par_1_32' title="bbox 2118 1733 3671 1808">
     <span class='ocr_line' id='line_1_32' title="bbox 2118 1733 3671 1808; baseline -0.003 -20"><span class='ocrx_word' id='word_1_233' title='bbox 2118 1736 2379 1806; x_wconf 88' lang='grc' dir='ltr'>μείνουσι.</span> <span class='ocrx_word' id='word_1_234' title='bbox 2424 1735 2641 1807; x_wconf 77' lang='grc' dir='ltr'>δηλοῦσι</span> <span class='ocrx_word' id='word_1_235' title='bbox 2678 1735 2779 1808; x_wconf 83' lang='grc' dir='ltr'><strong>τὴν</strong></span> <span class='ocrx_word' id='word_1_236' title='bbox 2818 1736 3029 1808; x_wconf 82' lang='grc' dir='ltr'>ἡμέραν</span> <span class='ocrx_word' id='word_1_237' title='bbox 3075 1734 3166 1789; x_wconf 73' lang='grc' dir='ltr'>τοῦ</span> <span class='ocrx_word' id='word_1_238' title='bbox 3197 1733 3418 1804; x_wconf 80' lang='grc' dir='ltr'>νομικοῦ</span> <span class='ocrx_word' id='word_1_239' title='bbox 3462 1733 3671 1802; x_wconf 81' lang='grc' dir='ltr'>Πάσχα.</span> 
     </span>
    </p>
   </div>
   <div class='ocr_carea' id='block_1_33' title="bbox 457 1807 2007 1900">
    <p class='ocr_par' dir='ltr' id='par_1_33' title="bbox 457 1807 2007 1880">
     <span class='ocr_line' id='line_1_33' title="bbox 457 1807 2007 1880; baseline 0.001 -16"><span class='ocrx_word' id='word_1_240' title='bbox 457 1810 751 1874; x_wconf 87' lang='lat' dir='ltr'><strong>minicam,</strong></span> <span class='ocrx_word' id='word_1_241' title='bbox 815 1810 1265 1880; x_wconf 88' lang='lat' dir='ltr'><strong>quemadmodum</strong></span> <span class='ocrx_word' id='word_1_242' title='bbox 1327 1810 1589 1870; x_wconf 85' lang='lat' dir='ltr'><strong>didicisti.</strong></span> <span class='ocrx_word' id='word_1_243' title='bbox 1659 1809 1737 1864; x_wconf 90' lang='lat' dir='ltr'><strong>lta</strong></span> <span class='ocrx_word' id='word_1_244' title='bbox 1803 1807 2007 1867; x_wconf 85' lang='lat' dir='ltr'><strong>Pascha</strong></span> 
     </span>
    </p>
   </div>
   <div class='ocr_carea' id='block_1_34' title="bbox 2114 1807 3671 1900">
    <p class='ocr_par' dir='ltr' id='par_1_34' title="bbox 2125 1807 3671 1900">
     <span class='ocr_line' id='line_1_34' title="bbox 2125 1807 3671 1900; baseline -0.001 -20"><span class='ocrx_word' id='word_1_245' title='bbox 2125 1827 2291 1881; x_wconf 79' lang='grc' dir='ltr'>Ἐπὰν</span> <span class='ocrx_word' id='word_1_246' title='bbox 2318 1828 2374 1880; x_wconf 84' lang='grc' dir='ltr'><strong>δὲ</strong></span> <span class='ocrx_word' id='word_1_247' title='bbox 2405 1826 2569 1900; x_wconf 79' lang='grc' dir='ltr'>εὕρῃς</span> <span class='ocrx_word' id='word_1_248' title='bbox 2607 1807 2794 1898; x_wconf 74' lang='grc' dir='ltr'>αύτὴν,</span> <span class='ocrx_word' id='word_1_249' title='bbox 2826 1827 3011 1882; x_wconf 80' lang='grc' dir='ltr'>ἄνελθε</span> <span class='ocrx_word' id='word_1_250' title='bbox 3057 1828 3214 1898; x_wconf 84' lang='grc' dir='ltr'>ἄχρις</span> <span class='ocrx_word' id='word_1_251' title='bbox 3240 1827 3339 1896; x_wconf 82' lang='grc' dir='ltr'>τῆς</span> <span class='ocrx_word' id='word_1_252' title='bbox 3367 1825 3671 1896; x_wconf 76' lang='grc' dir='ltr'>Κυριακῆς,</span> 
     </span>
    </p>
   </div>
   <div class='ocr_carea' id='block_1_35' title="bbox 377 1901 1118 1963">
    <p class='ocr_par' dir='ltr' id='par_1_35' title="bbox 377 1901 1118 1963">
     <span class='ocr_line' id='line_1_35' title="bbox 377 1901 1118 1963; baseline -0.005 -2"><span class='ocrx_word' id='word_1_253' title='bbox 377 1944 382 1949; x_wconf 63' lang='grc' dir='ltr'><em>ι</em></span> <span class='ocrx_word' id='word_1_254' title='bbox 457 1901 824 1963; x_wconf 87' lang='lat' dir='ltr'><strong>Christianum</strong></span> <span class='ocrx_word' id='word_1_255' title='bbox 857 1902 1118 1962; x_wconf 78' lang='lat' dir='ltr'><strong>invenies.</strong></span> 
     </span>
    </p>
   </div>
   <div class='ocr_carea' id='block_1_36' title="bbox 610 2102 1848 2160">
    <p class='ocr_par' dir='ltr' id='par_1_36' title="bbox 610 2102 1848 2160">
     <span class='ocr_line' id='line_1_36' title="bbox 610 2102 1848 2160; baseline 0 -2"><span class='ocrx_word' id='word_1_256' title='bbox 610 2102 886 2158; x_wconf 65' lang='lat' dir='ltr'><strong>Met/rodas</strong></span> <span class='ocrx_word' id='word_1_257' title='bbox 914 2103 1202 2160; x_wconf 78' lang='lat' dir='ltr'><strong>Christiani</strong></span> <span class='ocrx_word' id='word_1_258' title='bbox 1230 2103 1507 2158; x_wconf 70' lang='lat' dir='ltr'><strong>Paschatis</strong></span> <span class='ocrx_word' id='word_1_259' title='bbox 1539 2104 1848 2159; x_wconf 71' lang='lat' dir='ltr'><strong>inveniendi.</strong></span> 
     </span>
    </p>
   </div>
   <div class='ocr_carea' id='block_1_37' title="bbox 529 2194 2012 2268">
    <p class='ocr_par' dir='ltr' id='par_1_37' title="bbox 529 2194 2012 2268">
     <span class='ocr_line' id='line_1_37' title="bbox 529 2194 2012 2268; baseline 0.001 -19"><span class='ocrx_word' id='word_1_260' title='bbox 529 2194 693 2250; x_wconf 87' lang='lat' dir='ltr'><strong>Sume</strong></span> <span class='ocrx_word' id='word_1_261' title='bbox 739 2197 946 2268; x_wconf 88' lang='lat' dir='ltr'><strong>cyclum</strong></span> <span class='ocrx_word' id='word_1_262' title='bbox 996 2197 1128 2251; x_wconf 89' lang='lat' dir='ltr'><strong>solis</strong></span> <span class='ocrx_word' id='word_1_263' title='bbox 1168 2197 1292 2249; x_wconf 90' lang='lat' dir='ltr'><strong>anni</strong></span> <span class='ocrx_word' id='word_1_264' title='bbox 1337 2196 1599 2266; x_wconf 88' lang='lat' dir='ltr'><strong>propositi</strong></span> <span class='ocrx_word' id='word_1_265' title='bbox 1633 2213 1645 2248; x_wconf 90' lang='lat'><strong>:</strong></span> <span class='ocrx_word' id='word_1_266' title='bbox 1681 2196 1808 2250; x_wconf 88' lang='lat' dir='ltr'><strong>huic</strong></span> <span class='ocrx_word' id='word_1_267' title='bbox 1838 2194 2012 2263; x_wconf 81' lang='lat' dir='ltr'><strong>adjice</strong></span> 
     </span>
    </p>
   </div>
   <div class='ocr_carea' id='block_1_38' title="bbox 455 2286 2011 2358">
    <p class='ocr_par' dir='ltr' id='par_1_38' title="bbox 455 2286 2011 2358">
     <span class='ocr_line' id='line_1_38' title="bbox 455 2286 2011 2358; baseline 0 -16"><span class='ocrx_word' id='word_1_268' title='bbox 455 2286 765 2342; x_wconf 71' lang='lat' dir='ltr'><strong>bissextiles</strong></span> <span class='ocrx_word' id='word_1_269' title='bbox 789 2288 1122 2358; x_wconf 54' lang='lat' dir='ltr'><strong>praeteritas;</strong></span> <span class='ocrx_word' id='word_1_270' title='bbox 1155 2287 1236 2342; x_wconf 87' lang='lat' dir='ltr'><strong>sic</strong></span> <span class='ocrx_word' id='word_1_271' title='bbox 1263 2295 1319 2341; x_wconf 86' lang='lat' dir='ltr'><strong>ut</strong></span> <span class='ocrx_word' id='word_1_272' title='bbox 1347 2287 1491 2341; x_wconf 92' lang='lat' dir='ltr'><strong>diem</strong></span> <span class='ocrx_word' id='word_1_273' title='bbox 1527 2303 1692 2342; x_wconf 91' lang='lat' dir='ltr'><strong>unum</strong></span> <span class='ocrx_word' id='word_1_274' title='bbox 1728 2303 1827 2356; x_wconf 91' lang='lat' dir='ltr'><strong>pro</strong></span> <span class='ocrx_word' id='word_1_275' title='bbox 1852 2287 2011 2342; x_wconf 87' lang='lat' dir='ltr'><strong>annis</strong></span> 
     </span>
    </p>
   </div>
   <div class='ocr_carea' id='block_1_39' title="bbox 455 2375 2012 2446">
    <p class='ocr_par' dir='ltr' id='par_1_39' title="bbox 455 2375 2012 2446">
     <span class='ocr_line' id='line_1_39' title="bbox 455 2375 2012 2446; baseline 0.001 -17"><span class='ocrx_word' id='word_1_276' title='bbox 455 2385 689 2445; x_wconf 88' lang='lat' dir='ltr'><strong>quatuor</strong></span> <span class='ocrx_word' id='word_1_277' title='bbox 749 2376 1013 2446; x_wconf 88' lang='lat' dir='ltr'><strong>accipias.</strong></span> <span class='ocrx_word' id='word_1_278' title='bbox 1074 2375 1212 2430; x_wconf 90' lang='lat' dir='ltr'><strong>&#39;l‘um</strong></span> <span class='ocrx_word' id='word_1_279' title='bbox 1265 2377 1311 2433; x_wconf 87' lang='lat' dir='ltr'><strong>si</strong></span> <span class='ocrx_word' id='word_1_280' title='bbox 1365 2375 1556 2431; x_wconf 87' lang='lat' dir='ltr'><strong>Martio</strong></span> <span class='ocrx_word' id='word_1_281' title='bbox 1604 2392 1790 2432; x_wconf 85' lang='lat' dir='ltr'><strong>mense</strong></span> <span class='ocrx_word' id='word_1_282' title='bbox 1843 2377 2012 2446; x_wconf 81' lang='lat' dir='ltr'><strong>legale</strong></span> 
     </span>
    </p>
   </div>
   <div class='ocr_carea' id='block_1_40' title="bbox 453 2465 2011 2539">
    <p class='ocr_par' dir='ltr' id='par_1_40' title="bbox 453 2465 2011 2539">
     <span class='ocr_line' id='line_1_40' title="bbox 453 2465 2011 2539; baseline 0 -17"><span class='ocrx_word' id='word_1_283' title='bbox 453 2465 661 2526; x_wconf 84' lang='lat' dir='ltr'><strong>Pascha</strong></span> <span class='ocrx_word' id='word_1_284' title='bbox 695 2469 992 2539; x_wconf 87' lang='lat' dir='ltr'><strong>contingat,</strong></span> <span class='ocrx_word' id='word_1_285' title='bbox 1029 2468 1166 2524; x_wconf 89' lang='lat' dir='ltr'><strong>adde</strong></span> <span class='ocrx_word' id='word_1_286' title='bbox 1205 2477 1424 2539; x_wconf 88' lang='lat' dir='ltr'><strong>epactas</strong></span> <span class='ocrx_word' id='word_1_287' title='bbox 1453 2469 1571 2539; x_wconf 89' lang='lat' dir='ltr'><strong>ejus</strong></span> <span class='ocrx_word' id='word_1_288' title='bbox 1611 2471 1867 2538; x_wconf 91' lang='lat' dir='ltr'><strong>quinque.</strong></span> <span class='ocrx_word' id='word_1_289' title='bbox 1913 2466 2011 2522; x_wconf 89' lang='lat' dir='ltr'><strong>Sin</strong></span> 
     </span>
    </p>
   </div>
   <div class='ocr_carea' id='block_1_41' title="bbox 454 2560 2010 2632">
    <p class='ocr_par' dir='ltr' id='par_1_41' title="bbox 454 2560 2010 2632">
     <span class='ocr_line' id='line_1_41' title="bbox 454 2560 2010 2632; baseline 0 -16"><span class='ocrx_word' id='word_1_290' title='bbox 454 2560 614 2617; x_wconf 88' lang='lat' dir='ltr'><strong>cadat</strong></span> <span class='ocrx_word' id='word_1_291' title='bbox 651 2562 704 2616; x_wconf 92' lang='lat' dir='ltr'><strong>in</strong></span> <span class='ocrx_word' id='word_1_292' title='bbox 739 2561 1002 2631; x_wconf 85' lang='lat' dir='ltr'><strong>Aprilem,</strong></span> <span class='ocrx_word' id='word_1_293' title='bbox 1042 2561 1161 2632; x_wconf 89' lang='lat' dir='ltr'><strong>ejus</strong></span> <span class='ocrx_word' id='word_1_294' title='bbox 1208 2569 1451 2631; x_wconf 86' lang='lat' dir='ltr'><strong>epactan</strong></span> <span class='ocrx_word' id='word_1_295' title='bbox 1510 2576 1526 2615; x_wconf 88' lang='grc' dir='ltr'><strong>ι</strong></span> <span class='ocrx_word' id='word_1_296' title='bbox 1576 2560 1768 2630; x_wconf 85' lang='lat' dir='ltr'><strong>adjice.</strong></span> <span class='ocrx_word' id='word_1_297' title='bbox 1813 2560 2010 2616; x_wconf 81' lang='lat' dir='ltr'><strong>Confe-</strong></span> 
     </span>
    </p>
   </div>
   <div class='ocr_carea' id='block_1_42' title="bbox 454 2655 2007 2727">
    <p class='ocr_par' dir='ltr' id='par_1_42' title="bbox 454 2655 2007 2727">
     <span class='ocr_line' id='line_1_42' title="bbox 454 2655 2007 2727; baseline 0 -19"><span class='ocrx_word' id='word_1_298' title='bbox 454 2663 596 2708; x_wconf 89' lang='lat' dir='ltr'><strong>ctam</strong></span> <span class='ocrx_word' id='word_1_299' title='bbox 646 2672 912 2710; x_wconf 88' lang='lat' dir='ltr'><strong>summam</strong></span> <span class='ocrx_word' id='word_1_300' title='bbox 951 2655 1132 2714; x_wconf 84' lang='lat' dir='ltr'><strong>divide</strong></span> <span class='ocrx_word' id='word_1_301' title='bbox 1171 2673 1266 2727; x_wconf 89' lang='lat' dir='ltr'><strong>per</strong></span> <span class='ocrx_word' id='word_1_302' title='bbox 1311 2657 1363 2722; x_wconf 90' lang='lat'><strong>7,</strong></span> <span class='ocrx_word' id='word_1_303' title='bbox 1395 2655 1539 2726; x_wconf 90' lang='lat' dir='ltr'><strong>quod</strong></span> <span class='ocrx_word' id='word_1_304' title='bbox 1594 2657 1865 2724; x_wconf 89' lang='lat' dir='ltr'><strong>reliquum</strong></span> <span class='ocrx_word' id='word_1_305' title='bbox 1903 2661 2007 2718; x_wconf 89' lang='lat' dir='ltr'><strong>est,</strong></span> 
     </span>
    </p>
   </div>
   <div class='ocr_carea' id='block_1_43' title="bbox 454 2745 2010 2814">
    <p class='ocr_par' dir='ltr' id='par_1_43' title="bbox 454 2745 2010 2814">
     <span class='ocr_line' id='line_1_43' title="bbox 454 2745 2010 2814; baseline -0.002 -13"><span class='ocrx_word' id='word_1_306' title='bbox 454 2746 711 2804; x_wconf 83' lang='lat' dir='ltr'><strong>Kalendis</strong></span> <span class='ocrx_word' id='word_1_307' title='bbox 767 2749 972 2806; x_wconf 85' lang='lat' dir='ltr'><strong>mensis</strong></span> <span class='ocrx_word' id='word_1_308' title='bbox 1014 2749 1162 2803; x_wconf 90' lang='lat' dir='ltr'><strong>illius</strong></span> <span class='ocrx_word' id='word_1_309' title='bbox 1221 2745 1411 2802; x_wconf 82' lang='lat' dir='ltr'><strong>feriam</strong></span> <span class='ocrx_word' id='word_1_310' title='bbox 1469 2746 1709 2811; x_wconf 78' lang='lat' dir='ltr'><strong>exhibet,</strong></span> <span class='ocrx_word' id='word_1_311' title='bbox 1755 2745 1810 2802; x_wconf 93' lang='lat' dir='ltr'><strong>in</strong></span> <span class='ocrx_word' id='word_1_312' title='bbox 1849 2759 2010 2814; x_wconf 90' lang='lat' dir='ltr'><strong>quem</strong></span> 
     </span>
    </p>
   </div>
   <div class='ocr_carea' id='block_1_44' title="bbox 455 2837 2004 2910">
    <p class='ocr_par' dir='ltr' id='par_1_44' title="bbox 455 2837 2004 2910">
     <span class='ocr_line' id='line_1_44' title="bbox 455 2837 2004 2910; baseline -0.001 -16"><span class='ocrx_word' id='word_1_313' title='bbox 455 2841 622 2909; x_wconf 81' lang='lat' dir='ltr'><strong>legale</strong></span> <span class='ocrx_word' id='word_1_314' title='bbox 660 2839 867 2896; x_wconf 88' lang='lat' dir='ltr'><strong>Pascha</strong></span> <span class='ocrx_word' id='word_1_315' title='bbox 902 2841 1181 2910; x_wconf 85' lang='lat' dir='ltr'><strong>competit.</strong></span> <span class='ocrx_word' id='word_1_316' title='bbox 1229 2839 1497 2908; x_wconf 88' lang='lat' dir='ltr'><strong>Deinceps</strong></span> <span class='ocrx_word' id='word_1_317' title='bbox 1529 2853 1659 2909; x_wconf 90' lang='lat' dir='ltr'><strong>ergo</strong></span> <span class='ocrx_word' id='word_1_318' title='bbox 1693 2837 2004 2894; x_wconf 86' lang='lat' dir='ltr'><strong>numerabis</strong></span> 
     </span>
    </p>
   </div>
   <div class='ocr_carea' id='block_1_45' title="bbox 453 2927 2008 2999">
    <p class='ocr_par' dir='ltr' id='par_1_45' title="bbox 453 2927 2008 2999">
     <span class='ocr_line' id='line_1_45' title="bbox 453 2927 2008 2999; baseline -0.003 -15"><span class='ocrx_word' id='word_1_319' title='bbox 453 2945 484 2992; x_wconf 66' lang='grc' dir='ltr'><strong><em>ι</em></strong></span> <span class='ocrx_word' id='word_1_320' title='bbox 514 2928 767 2984; x_wconf 80' lang='lat' dir='ltr'><strong>Kalendis</strong></span> <span class='ocrx_word' id='word_1_321' title='bbox 787 2930 942 2999; x_wconf 87' lang='lat' dir='ltr'><strong>ipsis,</strong></span> <span class='ocrx_word' id='word_1_322' title='bbox 973 2937 1032 2984; x_wconf 92' lang='lat' dir='ltr'><strong>ut</strong></span> <span class='ocrx_word' id='word_1_323' title='bbox 1063 2928 1306 2984; x_wconf 83' lang='lat' dir='ltr'><strong>invenias</strong></span> <span class='ocrx_word' id='word_1_324' title='bbox 1331 2943 1492 2997; x_wconf 89' lang='lat' dir='ltr'><strong>quam</strong></span> <span class='ocrx_word' id='word_1_325' title='bbox 1525 2928 1578 2985; x_wconf 91' lang='lat' dir='ltr'><strong>in</strong></span> <span class='ocrx_word' id='word_1_326' title='bbox 1605 2927 1795 2981; x_wconf 84' lang='lat' dir='ltr'><strong>feriam</strong></span> <span class='ocrx_word' id='word_1_327' title='bbox 1825 2929 2008 2983; x_wconf 88' lang='lat' dir='ltr'><strong>incur-</strong></span> 
     </span>
    </p>
   </div>
   <div class='ocr_carea' id='block_1_46' title="bbox 452 3017 2008 3090">
    <p class='ocr_par' dir='ltr' id='par_1_46' title="bbox 452 3017 2008 3090">
     <span class='ocr_line' id='line_1_46' title="bbox 452 3017 2008 3090; baseline -0.001 -16"><span class='ocrx_word' id='word_1_328' title='bbox 452 3027 540 3074; x_wconf 87' lang='lat' dir='ltr'><strong>rat</strong></span> <span class='ocrx_word' id='word_1_329' title='bbox 567 3021 729 3090; x_wconf 83' lang='lat' dir='ltr'><strong>legale</strong></span> <span class='ocrx_word' id='word_1_330' title='bbox 763 3020 992 3075; x_wconf 85' lang='lat' dir='ltr'><strong>Pascha.</strong></span> <span class='ocrx_word' id='word_1_331' title='bbox 1024 3017 1079 3072; x_wconf 91' lang='lat' dir='ltr'><strong>ld</strong></span> <span class='ocrx_word' id='word_1_332' title='bbox 1115 3020 1206 3074; x_wconf 90' lang='lat' dir='ltr'><strong>ubi</strong></span> <span class='ocrx_word' id='word_1_333' title='bbox 1233 3019 1343 3075; x_wconf 89' lang='lat' dir='ltr'><strong>eris</strong></span> <span class='ocrx_word' id='word_1_334' title='bbox 1371 3027 1678 3081; x_wconf 86' lang='lat' dir='ltr'><strong>assecutus,</strong></span> <span class='ocrx_word' id='word_1_335' title='bbox 1713 3017 1758 3073; x_wconf 89' lang='lat' dir='ltr'><strong>si</strong></span> <span class='ocrx_word' id='word_1_336' title='bbox 1789 3018 2008 3087; x_wconf 88' lang='lat' dir='ltr'><strong>quidem</strong></span> 
     </span>
    </p>
   </div>
   <div class='ocr_carea' id='block_1_47' title="bbox 453 3109 2006 3181">
    <p class='ocr_par' dir='ltr' id='par_1_47' title="bbox 453 3109 2006 3181">
     <span class='ocr_line' id='line_1_47' title="bbox 453 3109 2006 3181; baseline -0.002 -16"><span class='ocrx_word' id='word_1_337' title='bbox 453 3109 734 3167; x_wconf 88' lang='lat' dir='ltr'><strong>Dominica</strong></span> <span class='ocrx_word' id='word_1_338' title='bbox 779 3112 870 3176; x_wconf 90' lang='lat' dir='ltr'><strong>sit,</strong></span> <span class='ocrx_word' id='word_1_339' title='bbox 920 3110 1246 3181; x_wconf 80' lang='lat' dir='ltr'><strong>progredere</strong></span> <span class='ocrx_word' id='word_1_340' title='bbox 1292 3125 1465 3178; x_wconf 86' lang='lat' dir='ltr'><strong>usque</strong></span> <span class='ocrx_word' id='word_1_341' title='bbox 1505 3109 1572 3164; x_wconf 90' lang='lat' dir='ltr'><strong>ad</strong></span> <span class='ocrx_word' id='word_1_342' title='bbox 1630 3109 2006 3180; x_wconf 86' lang='lat' dir='ltr'><strong>insequentem</strong></span> 
     </span>
    </p>
   </div>
   <div class='ocr_carea' id='block_1_48' title="bbox 2111 1915 3673 1992">
    <p class='ocr_par' dir='ltr' id='par_1_48' title="bbox 2111 1915 3673 1992">
     <span class='ocr_line' id='line_1_48' title="bbox 2111 1915 3673 1992; baseline -0.003 -19"><span class='ocrx_word' id='word_1_343' title='bbox 2111 1919 2254 1976; x_wconf 80' lang='grc' dir='ltr'>καθὰ</span> <span class='ocrx_word' id='word_1_344' title='bbox 2299 1920 2600 1992; x_wconf 75' lang='grc' dir='ltr'>ἐδιδάχθης,</span> <span class='ocrx_word' id='word_1_345' title='bbox 2652 1920 2746 1974; x_wconf 78' lang='grc' dir='ltr'>καὶ</span> <span class='ocrx_word' id='word_1_346' title='bbox 2791 1920 3042 1992; x_wconf 79' lang='grc' dir='ltr'>εὑρήσεις</span> <span class='ocrx_word' id='word_1_347' title='bbox 3081 1920 3142 1973; x_wconf 84' lang='grc' dir='ltr'><strong>τὸ</strong></span> <span class='ocrx_word' id='word_1_348' title='bbox 3189 1917 3296 1972; x_wconf 81' lang='grc' dir='ltr'><strong>τῶν</strong></span> <span class='ocrx_word' id='word_1_349' title='bbox 3335 1915 3673 1989; x_wconf 74' lang='grc' dir='ltr'>Χριστιανῶν</span> 
     </span>
    </p>
   </div>
   <div class='ocr_carea' id='block_1_49' title="bbox 2110 2011 2325 2081">
    <p class='ocr_par' dir='ltr' id='par_1_49' title="bbox 2110 2011 2325 2081">
     <span class='ocr_line' id='line_1_49' title="bbox 2110 2011 2325 2081; baseline -0.019 -13"><span class='ocrx_word' id='word_1_350' title='bbox 2110 2011 2301 2081; x_wconf 81' lang='grc' dir='ltr'>Πάσχα</span> <span class='ocrx_word' id='word_1_351' title='bbox 2312 2051 2325 2064; x_wconf 95' lang='grc'><strong>.</strong></span> 
     </span>
    </p>
   </div>
   <div class='ocr_carea' id='block_1_50' title="bbox 2285 2099 3498 2171">
    <p class='ocr_par' dir='ltr' id='par_1_50' title="bbox 2285 2099 3498 2171">
     <span class='ocr_line' id='line_1_50' title="bbox 2285 2099 3498 2171; baseline -0.002 -14"><span class='ocrx_word' id='word_1_352' title='bbox 2285 2105 2391 2171; x_wconf 78' lang='grc' dir='ltr'><strong>Εἰς</strong></span> <span class='ocrx_word' id='word_1_353' title='bbox 2434 2103 2500 2156; x_wconf 85' lang='grc' dir='ltr'>τὸ</span> <span class='ocrx_word' id='word_1_354' title='bbox 2538 2101 2736 2171; x_wconf 81' lang='grc' dir='ltr'>εὑρεῖν</span> <span class='ocrx_word' id='word_1_355' title='bbox 2774 2102 2839 2156; x_wconf 86' lang='grc' dir='ltr'>τὸ</span> <span class='ocrx_word' id='word_1_356' title='bbox 2876 2100 3230 2169; x_wconf 79' lang='grc' dir='ltr'>Χριστιανὸν</span> <span class='ocrx_word' id='word_1_357' title='bbox 3264 2099 3498 2169; x_wconf 84' lang='grc' dir='ltr'><strong>Πάσχα.</strong></span> 
     </span>
    </p>
   </div>
   <div class='ocr_carea' id='block_1_51' title="bbox 2179 2189 3670 2267">
    <p class='ocr_par' dir='ltr' id='par_1_51' title="bbox 2179 2189 3670 2267">
     <span class='ocr_line' id='line_1_51' title="bbox 2179 2189 3670 2267; baseline -0.003 -19"><span class='ocrx_word' id='word_1_358' title='bbox 2179 2196 2465 2267; x_wconf 85' lang='grc' dir='ltr'>Κράτησον</span> <span class='ocrx_word' id='word_1_359' title='bbox 2491 2195 2582 2250; x_wconf 76' lang='grc' dir='ltr'>τοῦ</span> <span class='ocrx_word' id='word_1_360' title='bbox 2611 2195 3036 2267; x_wconf 80' lang='grc' dir='ltr'>ὲπιζη-τουμένου</span> <span class='ocrx_word' id='word_1_361' title='bbox 3065 2193 3216 2257; x_wconf 81' lang='grc' dir='ltr'>ἔτους</span> <span class='ocrx_word' id='word_1_362' title='bbox 3241 2192 3331 2246; x_wconf 69' lang='grc' dir='ltr'><strong>τὸν</strong></span> <span class='ocrx_word' id='word_1_363' title='bbox 3361 2192 3560 2246; x_wconf 76' lang='grc' dir='ltr'>κύκλον</span> <span class='ocrx_word' id='word_1_364' title='bbox 3581 2189 3670 2244; x_wconf 84' lang='grc' dir='ltr'>τοῦ</span> 
     </span>
    </p>
   </div>
   <div class='ocr_carea' id='block_1_52' title="bbox 2109 2285 3668 2360">
    <p class='ocr_par' dir='ltr' id='par_1_52' title="bbox 2109 2285 3668 2360">
     <span class='ocr_line' id='line_1_52' title="bbox 2109 2285 3668 2360; baseline -0.003 -19"><span class='ocrx_word' id='word_1_365' title='bbox 2109 2288 2260 2360; x_wconf 80' lang='grc' dir='ltr'>ἡλίου</span> <span class='ocrx_word' id='word_1_366' title='bbox 2281 2305 2297 2321; x_wconf 90' lang='grc'><strong>·</strong></span> <span class='ocrx_word' id='word_1_367' title='bbox 2333 2287 2567 2359; x_wconf 82' lang='grc' dir='ltr'>πρόσθες</span> <span class='ocrx_word' id='word_1_368' title='bbox 2595 2287 2652 2340; x_wconf 86' lang='grc' dir='ltr'><strong>δὲ</strong></span> <span class='ocrx_word' id='word_1_369' title='bbox 2677 2287 2771 2344; x_wconf 73' lang='grc' dir='ltr'>καὶ</span> <span class='ocrx_word' id='word_1_370' title='bbox 2801 2287 2868 2340; x_wconf 82' lang='grc' dir='ltr'>τὰ</span> <span class='ocrx_word' id='word_1_371' title='bbox 2895 2286 3228 2359; x_wconf 82' lang='grc' dir='ltr'>παρελθόντα</span> <span class='ocrx_word' id='word_1_372' title='bbox 3250 2285 3493 2356; x_wconf 79' lang='grc' dir='ltr'>βίσεξτα·</span> <span class='ocrx_word' id='word_1_373' title='bbox 3519 2301 3668 2337; x_wconf 80' lang='grc' dir='ltr'>τουτ-</span> 
     </span>
    </p>
   </div>
   <div class='ocr_carea' id='block_1_53' title="bbox 2111 2376 3672 2453">
    <p class='ocr_par' dir='ltr' id='par_1_53' title="bbox 2111 2376 3672 2453">
     <span class='ocr_line' id='line_1_53' title="bbox 2111 2376 3672 2453; baseline -0.004 -18"><span class='ocrx_word' id='word_1_374' title='bbox 2111 2384 2224 2435; x_wconf 80' lang='grc' dir='ltr'>ὲστι</span> <span class='ocrx_word' id='word_1_375' title='bbox 2264 2381 2402 2435; x_wconf 87' lang='grc' dir='ltr'>κατὰ</span> <span class='ocrx_word' id='word_1_376' title='bbox 2442 2382 2483 2434; x_wconf 83' lang='grc' dir='ltr'><strong>δ’</strong></span> <span class='ocrx_word' id='word_1_377' title='bbox 2521 2381 2752 2444; x_wconf 79' lang='grc' dir='ltr'>κύκλους</span> <span class='ocrx_word' id='word_1_378' title='bbox 2782 2380 2994 2453; x_wconf 84' lang='grc' dir='ltr'>ἡμέραν</span> <span class='ocrx_word' id='word_1_379' title='bbox 3035 2387 3102 2434; x_wconf 81' lang='grc' dir='ltr'>α’.</span> <span class='ocrx_word' id='word_1_380' title='bbox 3127 2376 3241 2433; x_wconf 82' lang='grc' dir='ltr'>Εἴθ’</span> <span class='ocrx_word' id='word_1_381' title='bbox 3267 2379 3458 2441; x_wconf 74' lang='grc' dir='ltr'>οὓτως,</span> <span class='ocrx_word' id='word_1_382' title='bbox 3491 2379 3541 2430; x_wconf 88' lang='grc' dir='ltr'>εἰ</span> <span class='ocrx_word' id='word_1_383' title='bbox 3578 2378 3672 2447; x_wconf 80' lang='grc' dir='ltr'>μέν</span> 
     </span>
    </p>
   </div>
   <div class='ocr_carea' id='block_1_54' title="bbox 2109 2470 3672 2543">
    <p class='ocr_par' dir='ltr' id='par_1_54' title="bbox 2109 2470 3672 2543">
     <span class='ocr_line' id='line_1_54' title="bbox 2109 2470 3672 2543; baseline -0.003 -18"><span class='ocrx_word' id='word_1_384' title='bbox 2109 2473 2227 2525; x_wconf 79' lang='grc' dir='ltr'>ἐστι</span> <span class='ocrx_word' id='word_1_385' title='bbox 2249 2472 2310 2525; x_wconf 80' lang='grc' dir='ltr'><strong>τὸ</strong></span> <span class='ocrx_word' id='word_1_386' title='bbox 2329 2471 2548 2543; x_wconf 81' lang='grc' dir='ltr'>νομικὸν</span> <span class='ocrx_word' id='word_1_387' title='bbox 2581 2471 2770 2542; x_wconf 88' lang='grc' dir='ltr'>Πάσχα</span> <span class='ocrx_word' id='word_1_388' title='bbox 2806 2473 2886 2535; x_wconf 86' lang='grc' dir='ltr'><strong>είς</strong></span> <span class='ocrx_word' id='word_1_389' title='bbox 2913 2472 3006 2524; x_wconf 86' lang='grc' dir='ltr'><strong>τὸν</strong></span> <span class='ocrx_word' id='word_1_390' title='bbox 3037 2471 3278 2541; x_wconf 80' lang='grc' dir='ltr'>Μάρτιον</span> <span class='ocrx_word' id='word_1_391' title='bbox 3309 2471 3473 2540; x_wconf 78' lang='grc' dir='ltr'>μῆνα,</span> <span class='ocrx_word' id='word_1_392' title='bbox 3503 2470 3672 2538; x_wconf 79' lang='grc' dir='ltr'>πρόσ-</span> 
     </span>
    </p>
   </div>
   <div class='ocr_carea' id='block_1_55' title="bbox 2109 2559 3671 2630">
    <p class='ocr_par' dir='ltr' id='par_1_55' title="bbox 2109 2559 3671 2630">
     <span class='ocr_line' id='line_1_55' title="bbox 2109 2559 3671 2630; baseline -0.004 -13"><span class='ocrx_word' id='word_1_393' title='bbox 2109 2563 2200 2628; x_wconf 88' lang='grc' dir='ltr'><strong>θες</strong></span> <span class='ocrx_word' id='word_1_394' title='bbox 2231 2565 2327 2628; x_wconf 79' lang='grc' dir='ltr'>τὰς</span> <span class='ocrx_word' id='word_1_395' title='bbox 2361 2564 2602 2629; x_wconf 71' lang='grc' dir='ltr'>ἐπακτὸς</span> <span class='ocrx_word' id='word_1_396' title='bbox 2634 2564 2796 2617; x_wconf 78' lang='grc' dir='ltr'>αὐτοῦ</span> <span class='ocrx_word' id='word_1_397' title='bbox 2821 2571 2860 2617; x_wconf 85' lang='grc' dir='ltr'>ε’</span> <span class='ocrx_word' id='word_1_398' title='bbox 2880 2581 2893 2595; x_wconf 76' lang='grc'><strong><em>⁸</em></strong></span> <span class='ocrx_word' id='word_1_399' title='bbox 2921 2565 2968 2618; x_wconf 82' lang='grc' dir='ltr'>εἰ</span> <span class='ocrx_word' id='word_1_400' title='bbox 3001 2563 3058 2616; x_wconf 82' lang='grc' dir='ltr'><strong>δέ</strong></span> <span class='ocrx_word' id='word_1_401' title='bbox 3090 2565 3233 2616; x_wconf 76' lang='grc' dir='ltr'>ἐστιν</span> <span class='ocrx_word' id='word_1_402' title='bbox 3261 2564 3338 2624; x_wconf 82' lang='grc' dir='ltr'>εἰς</span> <span class='ocrx_word' id='word_1_403' title='bbox 3371 2561 3462 2613; x_wconf 80' lang='grc' dir='ltr'><strong>τὸν</strong></span> <span class='ocrx_word' id='word_1_404' title='bbox 3496 2559 3671 2630; x_wconf 74' lang='grc' dir='ltr'><strong>Ἀπρῇ</strong></span> 
     </span>
    </p>
   </div>
   <div class='ocr_carea' id='block_1_56' title="bbox 2109 2649 3668 2728">
    <p class='ocr_par' dir='ltr' id='par_1_56' title="bbox 2109 2649 3668 2728">
     <span class='ocr_line' id='line_1_56' title="bbox 2109 2649 3668 2728; baseline -0.004 -19"><span class='ocrx_word' id='word_1_405' title='bbox 2109 2657 2242 2719; x_wconf 88' lang='grc' dir='ltr'>λιον,</span> <span class='ocrx_word' id='word_1_406' title='bbox 2293 2656 2526 2728; x_wconf 80' lang='grc' dir='ltr'>πρόσθες</span> <span class='ocrx_word' id='word_1_407' title='bbox 2572 2663 2620 2710; x_wconf 88' lang='lat' dir='ltr'><strong>a&#39;</strong></span> <span class='ocrx_word' id='word_1_408' title='bbox 2667 2653 2764 2726; x_wconf 79' lang='grc' dir='ltr'><strong>τὴν</strong></span> <span class='ocrx_word' id='word_1_409' title='bbox 2819 2652 2982 2708; x_wconf 82' lang='grc' dir='ltr'>αὐτοῦ</span> <span class='ocrx_word' id='word_1_410' title='bbox 3035 2653 3296 2722; x_wconf 83' lang='grc' dir='ltr'>ὲπακτήν.</span> <span class='ocrx_word' id='word_1_411' title='bbox 3336 2650 3575 2713; x_wconf 81' lang='grc' dir='ltr'>Ἐνὼσας</span> <span class='ocrx_word' id='word_1_412' title='bbox 3616 2649 3668 2702; x_wconf 73' lang='grc' dir='ltr'><strong>δὲ</strong></span> 
     </span>
    </p>
   </div>
   <div class='ocr_carea' id='block_1_57' title="bbox 2111 2742 3668 2812">
    <p class='ocr_par' dir='ltr' id='par_1_57' title="bbox 2111 2742 3668 2812">
     <span class='ocr_line' id='line_1_57' title="bbox 2111 2742 3668 2812; baseline -0.006 -10"><span class='ocrx_word' id='word_1_413' title='bbox 2111 2749 2308 2812; x_wconf 89' lang='grc' dir='ltr'>πάντα,</span> <span class='ocrx_word' id='word_1_414' title='bbox 2345 2748 2608 2802; x_wconf 85' lang='grc' dir='ltr'>ἁνάλυσον</span> <span class='ocrx_word' id='word_1_415' title='bbox 2643 2746 2729 2800; x_wconf 84' lang='grc' dir='ltr'><strong>διὰ</strong></span> <span class='ocrx_word' id='word_1_416' title='bbox 2761 2745 2868 2799; x_wconf 83' lang='grc' dir='ltr'>τῶν</span> <span class='ocrx_word' id='word_1_417' title='bbox 2901 2744 2944 2809; x_wconf 74' lang='grc' dir='ltr'>ς’</span> <span class='ocrx_word' id='word_1_418' title='bbox 2964 2761 2978 2775; x_wconf 76' lang='grc' dir='ltr'><strong>ο</strong></span> <span class='ocrx_word' id='word_1_419' title='bbox 3012 2745 3106 2797; x_wconf 71' lang='grc' dir='ltr'>καὶ</span> <span class='ocrx_word' id='word_1_420' title='bbox 3148 2743 3215 2797; x_wconf 83' lang='grc' dir='ltr'>τὰ</span> <span class='ocrx_word' id='word_1_421' title='bbox 3240 2744 3482 2797; x_wconf 82' lang='grc' dir='ltr'>κάτωθεν</span> <span class='ocrx_word' id='word_1_422' title='bbox 3505 2742 3612 2796; x_wconf 84' lang='grc' dir='ltr'><strong>τῶν</strong></span> <span class='ocrx_word' id='word_1_423' title='bbox 3629 2742 3668 2804; x_wconf 80' lang='grc' dir='ltr'><strong>ζ’</strong></span> 
     </span>
    </p>
   </div>
   <div class='ocr_carea' id='block_1_58' title="bbox 2107 2828 3670 2910">
    <p class='ocr_par' dir='ltr' id='par_1_58' title="bbox 2107 2828 3670 2910">
     <span class='ocr_line' id='line_1_58' title="bbox 2107 2828 3670 2910; baseline -0.004 -18"><span class='ocrx_word' id='word_1_424' title='bbox 2107 2838 2324 2910; x_wconf 75' lang='grc' dir='ltr'>δηλοῦσι</span> <span class='ocrx_word' id='word_1_425' title='bbox 2355 2839 2452 2908; x_wconf 79' lang='grc' dir='ltr'><strong>τὴν</strong></span> <span class='ocrx_word' id='word_1_426' title='bbox 2498 2837 2823 2909; x_wconf 84' lang='grc' dir='ltr'>ἀρχιμηνίαν</span> <span class='ocrx_word' id='word_1_427' title='bbox 2851 2835 2942 2888; x_wconf 82' lang='grc' dir='ltr'>τοῦ</span> <span class='ocrx_word' id='word_1_428' title='bbox 2993 2833 3178 2906; x_wconf 81' lang='grc' dir='ltr'>μηνὸς,</span> <span class='ocrx_word' id='word_1_429' title='bbox 3208 2836 3264 2885; x_wconf 80' lang='grc' dir='ltr'>ὲν</span> <span class='ocrx_word' id='word_1_430' title='bbox 3307 2828 3350 2900; x_wconf 78' lang='grc' dir='ltr'>ᾧ</span> <span class='ocrx_word' id='word_1_431' title='bbox 3381 2835 3592 2902; x_wconf 86' lang='grc' dir='ltr'>γίνεται</span> <span class='ocrx_word' id='word_1_432' title='bbox 3613 2830 3670 2886; x_wconf 75' lang='grc' dir='ltr'>τὸ</span> 
     </span>
    </p>
   </div>
   <div class='ocr_carea' id='block_1_59' title="bbox 2109 2925 3670 3000">
    <p class='ocr_par' dir='ltr' id='par_1_59' title="bbox 2109 2925 3670 3000">
     <span class='ocr_line' id='line_1_59' title="bbox 2109 2925 3670 3000; baseline -0.004 -17"><span class='ocrx_word' id='word_1_433' title='bbox 2109 2929 2329 3000; x_wconf 80' lang='grc' dir='ltr'>νομικὸν</span> <span class='ocrx_word' id='word_1_434' title='bbox 2357 2930 2568 3000; x_wconf 82' lang='grc' dir='ltr'>Πάσχα.</span> <span class='ocrx_word' id='word_1_435' title='bbox 2595 2925 2706 2982; x_wconf 84' lang='grc' dir='ltr'><strong>Εἶθ’</strong></span> <span class='ocrx_word' id='word_1_436' title='bbox 2735 2927 2905 2991; x_wconf 72' lang='grc' dir='ltr'>οὕτως</span> <span class='ocrx_word' id='word_1_437' title='bbox 2937 2925 3238 2998; x_wconf 82' lang='grc' dir='ltr'>ἀρίθμησον</span> <span class='ocrx_word' id='word_1_438' title='bbox 3263 2926 3354 2983; x_wconf 83' lang='grc' dir='ltr'><strong>ἀπ’</strong></span> <span class='ocrx_word' id='word_1_439' title='bbox 3376 2927 3548 2994; x_wconf 76' lang='grc' dir='ltr'>αὐτῆς</span> <span class='ocrx_word' id='word_1_440' title='bbox 3578 2926 3670 2994; x_wconf 81' lang='grc' dir='ltr'><strong>τῆς</strong></span> 
     </span>
    </p>
   </div>
   <div class='ocr_carea' id='block_1_60' title="bbox 2108 3016 3669 3094">
    <p class='ocr_par' dir='ltr' id='par_1_60' title="bbox 2108 3016 3669 3094">
     <span class='ocr_line' id='line_1_60' title="bbox 2108 3016 3669 3094; baseline -0.004 -18"><span class='ocrx_word' id='word_1_441' title='bbox 2108 3021 2452 3094; x_wconf 80' lang='grc' dir='ltr'>ἀρχιμηνίας,</span> <span class='ocrx_word' id='word_1_442' title='bbox 2497 3023 2643 3086; x_wconf 86' lang='grc' dir='ltr'>ὅπως</span> <span class='ocrx_word' id='word_1_443' title='bbox 2687 3019 2850 3093; x_wconf 70' lang='grc' dir='ltr'>εὕρῃς</span> <span class='ocrx_word' id='word_1_444' title='bbox 2893 3021 2951 3072; x_wconf 90' lang='grc' dir='ltr'>ὲν</span> <span class='ocrx_word' id='word_1_445' title='bbox 2988 3019 3116 3091; x_wconf 79' lang='grc' dir='ltr'>ποίᾳ</span> <span class='ocrx_word' id='word_1_446' title='bbox 3153 3020 3332 3091; x_wconf 74' lang='grc' dir='ltr'>ἡμέρᾳ</span> <span class='ocrx_word' id='word_1_447' title='bbox 3368 3021 3577 3086; x_wconf 86' lang='grc' dir='ltr'>γίνεται</span> <span class='ocrx_word' id='word_1_448' title='bbox 3612 3016 3669 3069; x_wconf 79' lang='grc' dir='ltr'>τὸ</span> 
     </span>
    </p>
   </div>
   <div class='ocr_carea' id='block_1_61' title="bbox 2107 3108 3670 3182">
    <p class='ocr_par' dir='ltr' id='par_1_61' title="bbox 2107 3108 3670 3182">
     <span class='ocr_line' id='line_1_61' title="bbox 2107 3108 3670 3182; baseline -0.004 -17"><span class='ocrx_word' id='word_1_449' title='bbox 2107 3111 2325 3181; x_wconf 84' lang='grc' dir='ltr'>νομικὸν</span> <span class='ocrx_word' id='word_1_450' title='bbox 2365 3112 2570 3182; x_wconf 84' lang='grc' dir='ltr'>Πάσχα.</span> <span class='ocrx_word' id='word_1_451' title='bbox 2613 3111 2777 3168; x_wconf 76' lang='grc' dir='ltr'>Ἐπάν</span> <span class='ocrx_word' id='word_1_452' title='bbox 2817 3110 2870 3163; x_wconf 86' lang='grc' dir='ltr'><strong>δὲ</strong></span> <span class='ocrx_word' id='word_1_453' title='bbox 2897 3110 3060 3180; x_wconf 73' lang='grc' dir='ltr'>εὕρῃς</span> <span class='ocrx_word' id='word_1_454' title='bbox 3097 3110 3282 3179; x_wconf 76' lang='grc' dir='ltr'>αὐτὴν,</span> <span class='ocrx_word' id='word_1_455' title='bbox 3326 3111 3374 3161; x_wconf 77' lang='grc' dir='ltr'>εἰ</span> <span class='ocrx_word' id='word_1_456' title='bbox 3426 3109 3527 3178; x_wconf 85' lang='grc' dir='ltr'>μὲν</span> <span class='ocrx_word' id='word_1_457' title='bbox 3562 3108 3670 3161; x_wconf 81' lang='grc' dir='ltr'><strong>Κυ-</strong></span> 
     </span>
    </p>
   </div>
   <div class='ocr_carea' id='block_1_62' title="bbox 453 3171 2007 3275">
    <p class='ocr_par' dir='ltr' id='par_1_62' title="bbox 453 3198 2007 3260">
     <span class='ocr_line' id='line_1_62' title="bbox 453 3198 2007 3260; baseline -0.004 0"><span class='ocrx_word' id='word_1_458' title='bbox 453 3205 680 3260; x_wconf 90' lang='lat' dir='ltr'><strong>alteram</strong></span> <span class='ocrx_word' id='word_1_459' title='bbox 728 3201 1084 3258; x_wconf 85' lang='lat' dir='ltr'><strong>Dominicam.</strong></span> <span class='ocrx_word' id='word_1_460' title='bbox 1132 3200 1190 3257; x_wconf 88' lang='lat' dir='ltr'><strong>In</strong></span> <span class='ocrx_word' id='word_1_461' title='bbox 1256 3217 1321 3260; x_wconf 88' lang='lat' dir='ltr'><strong>ea</strong></span> <span class='ocrx_word' id='word_1_462' title='bbox 1371 3199 1744 3258; x_wconf 86' lang='lat' dir='ltr'><strong>Christianum</strong></span> <span class='ocrx_word' id='word_1_463' title='bbox 1797 3198 2007 3254; x_wconf 89' lang='lat' dir='ltr'><strong>accidet</strong></span> 
     </span>
    </p>
   </div>
   <div class='ocr_carea' id='block_1_63' title="bbox 2114 3171 3665 3275">
    <p class='ocr_par' dir='ltr' id='par_1_63' title="bbox 2116 3171 3665 3275">
     <span class='ocr_line' id='line_1_63' title="bbox 2116 3171 3665 3275; baseline -0.003 -19"><span class='ocrx_word' id='word_1_464' title='bbox 2116 3171 2274 3275; x_wconf 75' lang='grc' dir='ltr'>ριακὴ</span> <span class='ocrx_word' id='word_1_465' title='bbox 2321 3203 2428 3273; x_wconf 77' lang='grc' dir='ltr'>εἴη,</span> <span class='ocrx_word' id='word_1_466' title='bbox 2459 3171 2643 3257; x_wconf 72' lang='grc' dir='ltr'>άνελθε</span> <span class='ocrx_word' id='word_1_467' title='bbox 2687 3206 2764 3266; x_wconf 81' lang='grc' dir='ltr'>εἰς</span> <span class='ocrx_word' id='word_1_468' title='bbox 2808 3203 2905 3273; x_wconf 83' lang='grc' dir='ltr'><strong>τὴν</strong></span> <span class='ocrx_word' id='word_1_469' title='bbox 2951 3171 3322 3275; x_wconf 56' lang='grc' dir='ltr'>έτέερχομὲνὴν</span> <span class='ocrx_word' id='word_1_470' title='bbox 3349 3171 3665 3270; x_wconf 70' lang='grc' dir='ltr'>Κύριακὴν·</span> 
     </span>
    </p>
   </div>
   <div class='ocr_carea' id='block_1_64' title="bbox 453 3294 2010 3361">
    <p class='ocr_par' dir='ltr' id='par_1_64' title="bbox 453 3294 2010 3361">
     <span class='ocr_line' id='line_1_64' title="bbox 453 3294 2010 3361; baseline -0.003 -9"><span class='ocrx_word' id='word_1_471' title='bbox 453 3294 661 3352; x_wconf 86' lang='lat' dir='ltr'><strong>Pascha</strong></span> <span class='ocrx_word' id='word_1_472' title='bbox 735 3294 792 3350; x_wconf 76' lang='grc' dir='ltr'>δι</span> <span class='ocrx_word' id='word_1_473' title='bbox 844 3296 977 3351; x_wconf 83' lang='lat' dir='ltr'><strong>feria</strong></span> <span class='ocrx_word' id='word_1_474' title='bbox 1030 3312 1069 3350; x_wconf 86' lang='grc' dir='ltr'><strong>ιι</strong></span> <span class='ocrx_word' id='word_1_475' title='bbox 1115 3297 1226 3361; x_wconf 89' lang='lat' dir='ltr'><strong>sit,</strong></span> <span class='ocrx_word' id='word_1_476' title='bbox 1277 3311 1386 3349; x_wconf 89' lang='lat' dir='ltr'><strong>non</strong></span> <span class='ocrx_word' id='word_1_477' title='bbox 1435 3295 1614 3350; x_wconf 87' lang='lat' dir='ltr'><strong>minus</strong></span> <span class='ocrx_word' id='word_1_478' title='bbox 1656 3296 1760 3350; x_wconf 89' lang='lat' dir='ltr'><strong>erit</strong></span> <span class='ocrx_word' id='word_1_479' title='bbox 1801 3294 2010 3350; x_wconf 89' lang='lat' dir='ltr'><strong>Pascha</strong></span> 
     </span>
    </p>
   </div>
   <div class='ocr_carea' id='block_1_65' title="bbox 453 3382 2008 3458">
    <p class='ocr_par' dir='ltr' id='par_1_65' title="bbox 453 3382 2008 3458">
     <span class='ocr_line' id='line_1_65' title="bbox 453 3382 2008 3458; baseline 0 -20"><span class='ocrx_word' id='word_1_480' title='bbox 453 3387 698 3458; x_wconf 81' lang='lat' dir='ltr'><strong>proxima</strong></span> <span class='ocrx_word' id='word_1_481' title='bbox 727 3384 1028 3450; x_wconf 88' lang='lat' dir='ltr'><strong>Dominica,</strong></span> <span class='ocrx_word' id='word_1_482' title='bbox 1071 3394 1235 3457; x_wconf 89' lang='lat' dir='ltr'><strong>atque</strong></span> <span class='ocrx_word' id='word_1_483' title='bbox 1268 3385 1343 3438; x_wconf 91' lang='lat' dir='ltr'><strong>ita</strong></span> <span class='ocrx_word' id='word_1_484' title='bbox 1377 3399 1540 3454; x_wconf 89' lang='lat' dir='ltr'><strong>porro</strong></span> <span class='ocrx_word' id='word_1_485' title='bbox 1567 3400 1737 3455; x_wconf 85' lang='lat' dir='ltr'><strong>usque</strong></span> <span class='ocrx_word' id='word_1_486' title='bbox 1768 3384 1834 3438; x_wconf 88' lang='lat' dir='ltr'><strong>ad</strong></span> <span class='ocrx_word' id='word_1_487' title='bbox 1868 3382 2008 3438; x_wconf 86' lang='lat' dir='ltr'><strong>Sab-</strong></span> 
     </span>
    </p>
   </div>
   <div class='ocr_carea' id='block_1_66' title="bbox 451 3472 2005 3536">
    <p class='ocr_par' dir='ltr' id='par_1_66' title="bbox 451 3472 2005 3536">
     <span class='ocr_line' id='line_1_66' title="bbox 451 3472 2005 3536; baseline -0.004 -4"><span class='ocrx_word' id='word_1_488' title='bbox 451 3479 658 3532; x_wconf 82' lang='lat' dir='ltr'><strong>balum.</strong></span> <span class='ocrx_word' id='word_1_489' title='bbox 687 3477 897 3536; x_wconf 84' lang='lat' dir='ltr'><strong>Etenim</strong></span> <span class='ocrx_word' id='word_1_490' title='bbox 926 3479 979 3532; x_wconf 92' lang='lat' dir='ltr'><strong>in</strong></span> <span class='ocrx_word' id='word_1_491' title='bbox 1006 3477 1250 3532; x_wconf 88' lang='lat' dir='ltr'><strong>eamdem</strong></span> <span class='ocrx_word' id='word_1_492' title='bbox 1279 3474 1672 3531; x_wconf 78' lang='lat' dir='ltr'><strong>hebdomadam</strong></span> <span class='ocrx_word' id='word_1_493' title='bbox 1705 3474 1864 3530; x_wconf 86' lang='lat' dir='ltr'><strong>ambo</strong></span> <span class='ocrx_word' id='word_1_494' title='bbox 1902 3472 2005 3528; x_wconf 84' lang='lat' dir='ltr'><strong>Pa-</strong></span> 
     </span>
    </p>
   </div>
   <div class='ocr_carea' id='block_1_67' title="bbox 453 3566 1862 3632">
    <p class='ocr_par' dir='ltr' id='par_1_67' title="bbox 453 3566 1862 3632">
     <span class='ocr_line' id='line_1_67' title="bbox 453 3566 1862 3632; baseline -0.001 -8"><span class='ocrx_word' id='word_1_495' title='bbox 453 3570 643 3631; x_wconf 86' lang='lat' dir='ltr'><strong>schata</strong></span> <span class='ocrx_word' id='word_1_496' title='bbox 681 3577 1037 3632; x_wconf 86' lang='lat' dir='ltr'><strong>concurrunt,</strong></span> <span class='ocrx_word' id='word_1_497' title='bbox 1075 3584 1182 3624; x_wconf 92' lang='lat' dir='ltr'><strong>non</strong></span> <span class='ocrx_word' id='word_1_498' title='bbox 1209 3576 1391 3626; x_wconf 87' lang='lat' dir='ltr'><strong>tamen</strong></span> <span class='ocrx_word' id='word_1_499' title='bbox 1420 3570 1669 3623; x_wconf 89' lang='lat' dir='ltr'><strong>eumdem</strong></span> <span class='ocrx_word' id='word_1_500' title='bbox 1700 3566 1862 3623; x_wconf 88' lang='lat' dir='ltr'><strong>diem.</strong></span> 
     </span>
    </p>
   </div>
   <div class='ocr_carea' id='block_1_68' title="bbox 522 3657 2009 3730">
    <p class='ocr_par' dir='ltr' id='par_1_68' title="bbox 522 3657 2009 3730">
     <span class='ocr_line' id='line_1_68' title="bbox 522 3657 2009 3730; baseline -0.003 -13"><span class='ocrx_word' id='word_1_501' title='bbox 522 3662 630 3717; x_wconf 90' lang='lat' dir='ltr'><strong>Sed</strong></span> <span class='ocrx_word' id='word_1_502' title='bbox 677 3661 810 3718; x_wconf 89' lang='lat' dir='ltr'><strong>illud</strong></span> <span class='ocrx_word' id='word_1_503' title='bbox 857 3661 1135 3718; x_wconf 90' lang='lat' dir='ltr'><strong>sciendum</strong></span> <span class='ocrx_word' id='word_1_504' title='bbox 1174 3670 1277 3724; x_wconf 81' lang='lat' dir='ltr'><strong>est,</strong></span> <span class='ocrx_word' id='word_1_505' title='bbox 1319 3657 1773 3730; x_wconf 88' lang='lat' dir='ltr'><strong>quemadmodum</strong></span> <span class='ocrx_word' id='word_1_506' title='bbox 1807 3665 2009 3727; x_wconf 71' lang='lat' dir='ltr'><strong>epactaa</strong></span> 
     </span>
    </p>
   </div>
   <div class='ocr_carea' id='block_1_69' title="bbox 451 3750 2004 3814">
    <p class='ocr_par' dir='ltr' id='par_1_69' title="bbox 451 3750 2004 3814">
     <span class='ocr_line' id='line_1_69' title="bbox 451 3750 2004 3814; baseline -0.003 -7"><span class='ocrx_word' id='word_1_507' title='bbox 451 3761 742 3809; x_wconf 71' lang='lat' dir='ltr'><strong>menstruae</strong></span> <span class='ocrx_word' id='word_1_508' title='bbox 787 3753 1043 3814; x_wconf 81' lang='lat' dir='ltr'><strong>conﬁant.</strong></span> <span class='ocrx_word' id='word_1_509' title='bbox 1092 3751 1282 3806; x_wconf 83' lang='lat' dir='ltr'><strong>Annus</strong></span> <span class='ocrx_word' id='word_1_510' title='bbox 1311 3750 1504 3805; x_wconf 87' lang='lat' dir='ltr'><strong>diebus</strong></span> <span class='ocrx_word' id='word_1_511' title='bbox 1544 3755 1758 3804; x_wconf 82' lang='lat' dir='ltr'><strong>constat</strong></span> <span class='ocrx_word' id='word_1_512' title='bbox 1784 3762 2004 3804; x_wconf 77' lang='lat' dir='ltr'><strong>cccuv.</strong></span> 
     </span>
    </p>
   </div>
   <div class='ocr_carea' id='block_1_70' title="bbox 449 3839 2009 3918">
    <p class='ocr_par' dir='ltr' id='par_1_70' title="bbox 449 3839 2009 3918">
     <span class='ocr_line' id='line_1_70' title="bbox 449 3839 2009 3918; baseline -0.004 -16"><span class='ocrx_word' id='word_1_513' title='bbox 449 3846 558 3913; x_wconf 73' lang='lat' dir='ltr'><strong>Eae,</strong></span> <span class='ocrx_word' id='word_1_514' title='bbox 593 3863 690 3918; x_wconf 89' lang='lat' dir='ltr'><strong>per</strong></span> <span class='ocrx_word' id='word_1_515' title='bbox 726 3863 801 3900; x_wconf 88' lang='lat' dir='ltr'><strong>vu</strong></span> <span class='ocrx_word' id='word_1_516' title='bbox 842 3845 1050 3909; x_wconf 68' lang='lat' dir='ltr'><strong>divisae,</strong></span> <span class='ocrx_word' id='word_1_517' title='bbox 1084 3859 1246 3904; x_wconf 87' lang='lat' dir='ltr'><strong>unam</strong></span> <span class='ocrx_word' id='word_1_518' title='bbox 1292 3843 1433 3898; x_wconf 90' lang='lat' dir='ltr'><strong>diem</strong></span> <span class='ocrx_word' id='word_1_519' title='bbox 1472 3841 1810 3911; x_wconf 87' lang='lat' dir='ltr'><strong>relinquunt.</strong></span> <span class='ocrx_word' id='word_1_520' title='bbox 1855 3839 2009 3896; x_wconf 87' lang='lat' dir='ltr'><strong>Ilanc</strong></span> 
     </span>
    </p>
   </div>
   <div class='ocr_carea' id='block_1_71' title="bbox 451 3937 2005 4012">
    <p class='ocr_par' dir='ltr' id='par_1_71' title="bbox 451 3937 2005 4012">
     <span class='ocr_line' id='line_1_71' title="bbox 451 3937 2005 4012; baseline -0.004 -13"><span class='ocrx_word' id='word_1_521' title='bbox 451 3943 616 4012; x_wconf 83' lang='lat' dir='ltr'><strong>igitur</strong></span> <span class='ocrx_word' id='word_1_522' title='bbox 663 3941 864 4007; x_wconf 88' lang='lat' dir='ltr'><strong>addito,</strong></span> <span class='ocrx_word' id='word_1_523' title='bbox 914 3956 1122 3996; x_wconf 88' lang='lat' dir='ltr'><strong>necnon</strong></span> <span class='ocrx_word' id='word_1_524' title='bbox 1165 3956 1232 3995; x_wconf 80' lang='lat' dir='ltr'><strong>ex</strong></span> <span class='ocrx_word' id='word_1_525' title='bbox 1278 3937 1500 3994; x_wconf 85' lang='lat' dir='ltr'><strong>Octobri</strong></span> <span class='ocrx_word' id='word_1_526' title='bbox 1537 3944 1668 4001; x_wconf 88' lang='lat' dir='ltr'><strong>tres,</strong></span> <span class='ocrx_word' id='word_1_527' title='bbox 1735 3937 1871 3992; x_wconf 92' lang='lat' dir='ltr'><strong>ﬁunt</strong></span> <span class='ocrx_word' id='word_1_528' title='bbox 1931 3953 2005 3993; x_wconf 79' lang='lat' dir='ltr'><strong>tv.</strong></span> 
     </span>
    </p>
   </div>
   <div class='ocr_carea' id='block_1_72' title="bbox 453 4029 2007 4102">
    <p class='ocr_par' dir='ltr' id='par_1_72' title="bbox 453 4029 2007 4102">
     <span class='ocr_line' id='line_1_72' title="bbox 453 4029 2007 4102; baseline -0.001 -16"><span class='ocrx_word' id='word_1_529' title='bbox 453 4034 563 4091; x_wconf 89' lang='lat' dir='ltr'><strong>llas</strong></span> <span class='ocrx_word' id='word_1_530' title='bbox 606 4033 890 4090; x_wconf 76' lang='lat' dir='ltr'><strong>Novembri</strong></span> <span class='ocrx_word' id='word_1_531' title='bbox 920 4033 1111 4102; x_wconf 85' lang='lat' dir='ltr'><strong>adjice.</strong></span> <span class='ocrx_word' id='word_1_532' title='bbox 1146 4032 1373 4088; x_wconf 87' lang='lat' dir='ltr'><strong>Easdem</strong></span> <span class='ocrx_word' id='word_1_533' title='bbox 1403 4046 1596 4087; x_wconf 88' lang='lat' dir='ltr'><strong>rursus</strong></span> <span class='ocrx_word' id='word_1_534' title='bbox 1625 4046 1759 4101; x_wconf 86' lang='lat' dir='ltr'><strong>auge</strong></span> <span class='ocrx_word' id='word_1_535' title='bbox 1796 4029 2007 4084; x_wconf 89' lang='lat' dir='ltr'><strong>duabus</strong></span> 
     </span>
    </p>
   </div>
   <div class='ocr_carea' id='block_1_73' title="bbox 448 4119 2003 4192">
    <p class='ocr_par' dir='ltr' id='par_1_73' title="bbox 448 4119 2003 4192">
     <span class='ocr_line' id='line_1_73' title="bbox 448 4119 2003 4192; baseline -0.001 -17"><span class='ocrx_word' id='word_1_536' title='bbox 448 4142 478 4175; x_wconf 71' lang='grc' dir='ltr'><strong><em>η</em></strong></span> <span class='ocrx_word' id='word_1_537' title='bbox 525 4123 814 4180; x_wconf 86' lang='lat' dir='ltr'><strong>Novembri</strong></span> <span class='ocrx_word' id='word_1_538' title='bbox 869 4125 1065 4192; x_wconf 88' lang='lat' dir='ltr'><strong>captis,</strong></span> <span class='ocrx_word' id='word_1_539' title='bbox 1142 4121 1270 4177; x_wconf 88' lang='lat' dir='ltr'><strong>ﬁent</strong></span> <span class='ocrx_word' id='word_1_540' title='bbox 1317 4137 1370 4175; x_wconf 69' lang='grc' dir='ltr'>γι</span> <span class='ocrx_word' id='word_1_541' title='bbox 1416 4128 1620 4191; x_wconf 69' lang='lat' dir='ltr'><strong>epactaa</strong></span> <span class='ocrx_word' id='word_1_542' title='bbox 1673 4119 2003 4176; x_wconf 81' lang='lat' dir='ltr'><strong>Decembris.</strong></span> 
     </span>
    </p>
   </div>
   <div class='ocr_carea' id='block_1_74' title="bbox 447 4211 2004 4280">
    <p class='ocr_par' dir='ltr' id='par_1_74' title="bbox 447 4211 2004 4280">
     <span class='ocr_line' id='line_1_74' title="bbox 447 4211 2004 4280; baseline -0.003 -12"><span class='ocrx_word' id='word_1_543' title='bbox 447 4213 658 4280; x_wconf 79' lang='lat' dir='ltr'><strong>Quibus</strong></span> <span class='ocrx_word' id='word_1_544' title='bbox 697 4214 957 4270; x_wconf 90' lang='lat' dir='ltr'><strong>accedant</strong></span> <span class='ocrx_word' id='word_1_545' title='bbox 988 4220 1148 4268; x_wconf 89' lang='lat' dir='ltr'><strong>trese</strong></span> <span class='ocrx_word' id='word_1_546' title='bbox 1171 4211 1476 4276; x_wconf 90' lang='lat' dir='ltr'><strong>Decembri,</strong></span> <span class='ocrx_word' id='word_1_547' title='bbox 1507 4222 1560 4265; x_wconf 88' lang='lat' dir='ltr'><strong>et</strong></span> <span class='ocrx_word' id='word_1_548' title='bbox 1593 4227 1656 4266; x_wconf 82' lang='lat' dir='ltr'><strong>ex</strong></span> <span class='ocrx_word' id='word_1_549' title='bbox 1690 4225 1899 4266; x_wconf 84' lang='lat' dir='ltr'><strong>summa</strong></span> <span class='ocrx_word' id='word_1_550' title='bbox 1931 4227 2004 4274; x_wconf 78' lang='lat' dir='ltr'><strong>ix,</strong></span> 
     </span>
    </p>
   </div>
   <div class='ocr_carea' id='block_1_75' title="bbox 449 4300 2004 4374">
    <p class='ocr_par' dir='ltr' id='par_1_75' title="bbox 449 4300 2004 4374">
     <span class='ocr_line' id='line_1_75' title="bbox 449 4300 2004 4374; baseline -0.005 -12"><span class='ocrx_word' id='word_1_551' title='bbox 449 4305 623 4374; x_wconf 87' lang='lat' dir='ltr'><strong>abjice</strong></span> <span class='ocrx_word' id='word_1_552' title='bbox 653 4322 750 4368; x_wconf 89' lang='lat' dir='ltr'><strong>vn,</strong></span> <span class='ocrx_word' id='word_1_553' title='bbox 790 4313 996 4360; x_wconf 89' lang='lat' dir='ltr'><strong>restant</strong></span> <span class='ocrx_word' id='word_1_554' title='bbox 1025 4305 1155 4368; x_wconf 85' lang='lat' dir='ltr'><strong>duo,</strong></span> <span class='ocrx_word' id='word_1_555' title='bbox 1190 4313 1394 4374; x_wconf 72' lang='lat' dir='ltr'><strong>epacta:</strong></span> <span class='ocrx_word' id='word_1_556' title='bbox 1422 4300 1686 4356; x_wconf 84' lang='lat' dir='ltr'><strong>Januarii.</strong></span> <span class='ocrx_word' id='word_1_557' title='bbox 1721 4302 1874 4358; x_wconf 86' lang='lat' dir='ltr'><strong>Adde</strong></span> <span class='ocrx_word' id='word_1_558' title='bbox 1902 4301 2004 4355; x_wconf 90' lang='lat' dir='ltr'><strong>tria</strong></span> 
     </span>
    </p>
   </div>
   <div class='ocr_carea' id='block_1_76' title="bbox 447 4392 2004 4463">
    <p class='ocr_par' dir='ltr' id='par_1_76' title="bbox 447 4392 2004 4463">
     <span class='ocr_line' id='line_1_76' title="bbox 447 4392 2004 4463; baseline -0.003 -12"><span class='ocrx_word' id='word_1_559' title='bbox 447 4397 516 4451; x_wconf 87' lang='lat' dir='ltr'><strong>ob</strong></span> <span class='ocrx_word' id='word_1_560' title='bbox 558 4394 896 4459; x_wconf 87' lang='lat' dir='ltr'><strong>Januarium,</strong></span> <span class='ocrx_word' id='word_1_561' title='bbox 943 4395 1207 4450; x_wconf 83' lang='lat' dir='ltr'><strong>exsistent</strong></span> <span class='ocrx_word' id='word_1_562' title='bbox 1251 4411 1284 4449; x_wconf 76' lang='grc' dir='ltr'><strong>ν</strong></span> <span class='ocrx_word' id='word_1_563' title='bbox 1313 4403 1514 4463; x_wconf 87' lang='lat' dir='ltr'><strong>epactae</strong></span> <span class='ocrx_word' id='word_1_564' title='bbox 1543 4392 1844 4457; x_wconf 84' lang='lat' dir='ltr'><strong>Februarii,</strong></span> <span class='ocrx_word' id='word_1_565' title='bbox 1884 4408 2004 4462; x_wconf 63' lang='lat' dir='ltr'><strong>quae</strong></span> 
     </span>
    </p>
   </div>
   <div class='ocr_carea' id='block_1_77' title="bbox 2111 3291 3672 3366">
    <p class='ocr_par' dir='ltr' id='par_1_77' title="bbox 2111 3291 3672 3366">
     <span class='ocr_line' id='line_1_77' title="bbox 2111 3291 3672 3366; baseline -0.001 -17"><span class='ocrx_word' id='word_1_566' title='bbox 2111 3297 2329 3349; x_wconf 81' lang='grc' dir='ltr'>κάκεῖσε</span> <span class='ocrx_word' id='word_1_567' title='bbox 2377 3291 2443 3365; x_wconf 77' lang='grc' dir='ltr'>ἦν</span> <span class='ocrx_word' id='word_1_568' title='bbox 2480 3296 2540 3348; x_wconf 80' lang='grc' dir='ltr'><strong>τὸ</strong></span> <span class='ocrx_word' id='word_1_569' title='bbox 2601 3295 2938 3366; x_wconf 82' lang='grc' dir='ltr'>Χριστιανῶν</span> <span class='ocrx_word' id='word_1_570' title='bbox 2992 3296 3216 3365; x_wconf 80' lang='grc' dir='ltr'>Πάσχα·</span> <span class='ocrx_word' id='word_1_571' title='bbox 3263 3295 3311 3346; x_wconf 82' lang='grc' dir='ltr'><strong>εί</strong></span> <span class='ocrx_word' id='word_1_572' title='bbox 3352 3292 3408 3344; x_wconf 83' lang='grc' dir='ltr'><strong>δὲ</strong></span> <span class='ocrx_word' id='word_1_573' title='bbox 3445 3292 3672 3360; x_wconf 65' lang='grc' dir='ltr'>δευτέρα</span> 
     </span>
    </p>
   </div>
   <div class='ocr_carea' id='block_1_78' title="bbox 2106 3381 3671 3458">
    <p class='ocr_par' dir='ltr' id='par_1_78' title="bbox 2106 3381 3671 3458">
     <span class='ocr_line' id='line_1_78' title="bbox 2106 3381 3671 3458; baseline -0.004 -18"><span class='ocrx_word' id='word_1_574' title='bbox 2106 3389 2273 3449; x_wconf 73' lang='grc' dir='ltr'>ἐστὶν,</span> <span class='ocrx_word' id='word_1_575' title='bbox 2301 3386 2559 3449; x_wconf 85' lang='grc' dir='ltr'>ὡσαύτως</span> <span class='ocrx_word' id='word_1_576' title='bbox 2589 3389 2653 3457; x_wconf 85' lang='grc' dir='ltr'>τῇ</span> <span class='ocrx_word' id='word_1_577' title='bbox 2689 3387 2957 3458; x_wconf 79' lang='grc' dir='ltr'>ἐρχομένῃ</span> <span class='ocrx_word' id='word_1_578' title='bbox 3003 3387 3275 3455; x_wconf 79' lang='grc' dir='ltr'>Κυριακῇ,</span> <span class='ocrx_word' id='word_1_579' title='bbox 3306 3383 3400 3435; x_wconf 76' lang='grc' dir='ltr'>καὶ</span> <span class='ocrx_word' id='word_1_580' title='bbox 3439 3381 3671 3450; x_wconf 79' lang='grc' dir='ltr'>καθεξῆς</span> 
     </span>
    </p>
   </div>
   <div class='ocr_carea' id='block_1_79' title="bbox 2106 3472 3670 3550">
    <p class='ocr_par' dir='ltr' id='par_1_79' title="bbox 2106 3472 3670 3550">
     <span class='ocr_line' id='line_1_79' title="bbox 2106 3472 3670 3550; baseline -0.005 -16"><span class='ocrx_word' id='word_1_581' title='bbox 2106 3481 2234 3550; x_wconf 82' lang='grc' dir='ltr'>ἄχρι</span> <span class='ocrx_word' id='word_1_582' title='bbox 2265 3478 2358 3532; x_wconf 80' lang='grc' dir='ltr'>τοῦ</span> <span class='ocrx_word' id='word_1_583' title='bbox 2409 3477 2706 3530; x_wconf 72' lang='grc' dir='ltr'>σαϐϐάτουο</span> <span class='ocrx_word' id='word_1_584' title='bbox 2755 3479 2813 3530; x_wconf 87' lang='grc' dir='ltr'>ὲν</span> <span class='ocrx_word' id='word_1_585' title='bbox 2853 3476 2960 3547; x_wconf 83' lang='grc' dir='ltr'>γὰρ</span> <span class='ocrx_word' id='word_1_586' title='bbox 3005 3477 3101 3547; x_wconf 80' lang='grc' dir='ltr'>μιᾷ</span> <span class='ocrx_word' id='word_1_587' title='bbox 3145 3473 3392 3544; x_wconf 73' lang='grc' dir='ltr'>ἐΰδομάδι</span> <span class='ocrx_word' id='word_1_588' title='bbox 3429 3472 3670 3543; x_wconf 87' lang='grc' dir='ltr'>γίνονται</span> 
     </span>
    </p>
   </div>
   <div class='ocr_carea' id='block_1_80' title="bbox 2107 3567 3425 3642">
    <p class='ocr_par' dir='ltr' id='par_1_80' title="bbox 2107 3567 3425 3642">
     <span class='ocr_line' id='line_1_80' title="bbox 2107 3567 3425 3642; baseline -0.006 -16"><span class='ocrx_word' id='word_1_589' title='bbox 2107 3571 2270 3642; x_wconf 79' lang='grc' dir='ltr'>ἄμφω</span> <span class='ocrx_word' id='word_1_590' title='bbox 2302 3570 2370 3623; x_wconf 83' lang='grc' dir='ltr'>τὰ</span> <span class='ocrx_word' id='word_1_591' title='bbox 2399 3570 2606 3640; x_wconf 83' lang='grc' dir='ltr'>Πάσχα,</span> <span class='ocrx_word' id='word_1_592' title='bbox 2642 3570 2699 3622; x_wconf 85' lang='grc' dir='ltr'><strong>ὲν</strong></span> <span class='ocrx_word' id='word_1_593' title='bbox 2742 3571 2841 3640; x_wconf 84' lang='grc' dir='ltr'>μιᾷ</span> <span class='ocrx_word' id='word_1_594' title='bbox 2867 3568 2922 3620; x_wconf 79' lang='grc' dir='ltr'>δὲ</span> <span class='ocrx_word' id='word_1_595' title='bbox 2948 3569 3130 3640; x_wconf 79' lang='grc' dir='ltr'>ἡμέρᾳ</span> <span class='ocrx_word' id='word_1_596' title='bbox 3156 3567 3425 3636; x_wconf 83' lang='grc' dir='ltr'>οὐδαμῶς.</span> 
     </span>
    </p>
   </div>
   <div class='ocr_carea' id='block_1_81' title="bbox 2177 3656 3664 3730">
    <p class='ocr_par' dir='ltr' id='par_1_81' title="bbox 2177 3656 3664 3730">
     <span class='ocr_line' id='line_1_81' title="bbox 2177 3656 3664 3730; baseline -0.005 -17"><span class='ocrx_word' id='word_1_597' title='bbox 2177 3663 2268 3713; x_wconf 87' lang='grc' dir='ltr'><strong>Δεῖ</strong></span> <span class='ocrx_word' id='word_1_598' title='bbox 2294 3659 2579 3730; x_wconf 80' lang='grc' dir='ltr'>γινώσκειν</span> <span class='ocrx_word' id='word_1_599' title='bbox 2611 3659 2727 3723; x_wconf 85' lang='grc' dir='ltr'><strong>πῶς</strong></span> <span class='ocrx_word' id='word_1_600' title='bbox 2773 3660 3012 3727; x_wconf 86' lang='grc' dir='ltr'>γίνονται</span> <span class='ocrx_word' id='word_1_601' title='bbox 3044 3659 3100 3710; x_wconf 79' lang='grc' dir='ltr'>αἱ</span> <span class='ocrx_word' id='word_1_602' title='bbox 3137 3657 3368 3710; x_wconf 70' lang='grc' dir='ltr'>ὲπακταὶ</span> <span class='ocrx_word' id='word_1_603' title='bbox 3408 3656 3520 3708; x_wconf 81' lang='grc' dir='ltr'><strong>τῶν</strong></span> <span class='ocrx_word' id='word_1_604' title='bbox 3564 3671 3664 3723; x_wconf 84' lang='grc' dir='ltr'><strong>μη-</strong></span> 
     </span>
    </p>
   </div>
   <div class='ocr_carea' id='block_1_82' title="bbox 2105 3747 3668 3822">
    <p class='ocr_par' dir='ltr' id='par_1_82' title="bbox 2105 3747 3668 3822">
     <span class='ocr_line' id='line_1_82' title="bbox 2105 3747 3668 3822; baseline -0.006 -16"><span class='ocrx_word' id='word_1_605' title='bbox 2105 3753 2230 3810; x_wconf 82' lang='grc' dir='ltr'>νῶν.</span> <span class='ocrx_word' id='word_1_606' title='bbox 2276 3753 2334 3806; x_wconf 89' lang='lat'><strong>&#39;0</strong></span> <span class='ocrx_word' id='word_1_607' title='bbox 2364 3753 2602 3816; x_wconf 75' lang='grc' dir='ltr'>ἐνιαυτὸς</span> <span class='ocrx_word' id='word_1_608' title='bbox 2628 3753 2737 3822; x_wconf 80' lang='grc' dir='ltr'>ἔχει</span> <span class='ocrx_word' id='word_1_609' title='bbox 2770 3751 2981 3822; x_wconf 78' lang='grc' dir='ltr'>ἡμέρας</span> <span class='ocrx_word' id='word_1_610' title='bbox 3009 3751 3131 3815; x_wconf 68' lang='grc' dir='ltr'>τξεθ.</span> <span class='ocrx_word' id='word_1_611' title='bbox 3158 3750 3371 3812; x_wconf 87' lang='grc' dir='ltr'>Ταύτας</span> <span class='ocrx_word' id='word_1_612' title='bbox 3398 3747 3668 3810; x_wconf 84' lang='grc' dir='ltr'>ἀναλύσας</span> 
     </span>
    </p>
   </div>
   <div class='ocr_carea' id='block_1_83' title="bbox 2105 3837 3666 3916">
    <p class='ocr_par' dir='ltr' id='par_1_83' title="bbox 2105 3837 3666 3916">
     <span class='ocr_line' id='line_1_83' title="bbox 2105 3837 3666 3916; baseline -0.006 -17"><span class='ocrx_word' id='word_1_613' title='bbox 2105 3845 2192 3900; x_wconf 78' lang='grc' dir='ltr'><strong>διὰ</strong></span> <span class='ocrx_word' id='word_1_614' title='bbox 2215 3845 2322 3899; x_wconf 85' lang='grc' dir='ltr'><strong>τῶν</strong></span> <span class='ocrx_word' id='word_1_615' title='bbox 2356 3847 2418 3911; x_wconf 79' lang='grc' dir='ltr'><strong>ζ’,</strong></span> <span class='ocrx_word' id='word_1_616' title='bbox 2450 3845 2710 3916; x_wconf 82' lang='grc' dir='ltr'>ἀπομένει</span> <span class='ocrx_word' id='word_1_617' title='bbox 2741 3846 2858 3916; x_wconf 90' lang='grc' dir='ltr'>μία.</span> <span class='ocrx_word' id='word_1_618' title='bbox 2903 3843 3120 3916; x_wconf 83' lang='grc' dir='ltr'>Ταύτην</span> <span class='ocrx_word' id='word_1_619' title='bbox 3165 3844 3264 3915; x_wconf 83' lang='grc' dir='ltr'><strong>τὴν</strong></span> <span class='ocrx_word' id='word_1_620' title='bbox 3293 3843 3419 3913; x_wconf 83' lang='grc' dir='ltr'>μίαν</span> <span class='ocrx_word' id='word_1_621' title='bbox 3453 3837 3666 3913; x_wconf 69' lang='grc' dir='ltr'>προστίη</span> 
     </span>
    </p>
   </div>
   <div class='ocr_carea' id='block_1_84' title="bbox 2107 3931 3663 4009">
    <p class='ocr_par' dir='ltr' id='par_1_84' title="bbox 2107 3931 3663 4009">
     <span class='ocr_line' id='line_1_84' title="bbox 2107 3931 3663 4009; baseline -0.005 -17"><span class='ocrx_word' id='word_1_622' title='bbox 2107 3939 2249 4008; x_wconf 87' lang='grc' dir='ltr'>θητι,</span> <span class='ocrx_word' id='word_1_623' title='bbox 2283 3939 2375 3992; x_wconf 70' lang='grc' dir='ltr'><strong>καὶ</strong></span> <span class='ocrx_word' id='word_1_624' title='bbox 2405 3939 2512 3993; x_wconf 84' lang='grc' dir='ltr'>ἀπὸ</span> <span class='ocrx_word' id='word_1_625' title='bbox 2549 3938 2643 3992; x_wconf 80' lang='grc' dir='ltr'>τοῦ</span> <span class='ocrx_word' id='word_1_626' title='bbox 2685 3937 3056 4009; x_wconf 78' lang='grc' dir='ltr'>Ὀκτωμὸρίου</span> <span class='ocrx_word' id='word_1_627' title='bbox 3087 3942 3166 4004; x_wconf 82' lang='grc' dir='ltr'><strong>γ⁸⁶</strong></span> <span class='ocrx_word' id='word_1_628' title='bbox 3198 3935 3292 3988; x_wconf 74' lang='grc' dir='ltr'>καὶ</span> <span class='ocrx_word' id='word_1_629' title='bbox 3329 3933 3567 4002; x_wconf 87' lang='grc' dir='ltr'>γίνονται</span> <span class='ocrx_word' id='word_1_630' title='bbox 3603 3931 3663 3984; x_wconf 82' lang='grc' dir='ltr'><strong>δ’.</strong></span> 
     </span>
    </p>
   </div>
   <div class='ocr_carea' id='block_1_85' title="bbox 2105 4022 3667 4102">
    <p class='ocr_par' dir='ltr' id='par_1_85' title="bbox 2105 4022 3667 4102">
     <span class='ocr_line' id='line_1_85' title="bbox 2105 4022 3667 4102; baseline -0.003 -20"><span class='ocrx_word' id='word_1_631' title='bbox 2105 4031 2319 4096; x_wconf 79' lang='grc' dir='ltr'>Ταύτας</span> <span class='ocrx_word' id='word_1_632' title='bbox 2377 4030 2609 4102; x_wconf 85' lang='grc' dir='ltr'>πρόσθες</span> <span class='ocrx_word' id='word_1_633' title='bbox 2649 4029 2725 4100; x_wconf 83' lang='grc' dir='ltr'><strong>τῷ</strong></span> <span class='ocrx_word' id='word_1_634' title='bbox 2775 4029 3082 4100; x_wconf 80' lang='grc' dir='ltr'>Νοεμϐρίῳ,</span> <span class='ocrx_word' id='word_1_635' title='bbox 3131 4028 3335 4098; x_wconf 83' lang='grc' dir='ltr'>Κράτει</span> <span class='ocrx_word' id='word_1_636' title='bbox 3377 4026 3540 4080; x_wconf 81' lang='grc' dir='ltr'>πάλιν</span> <span class='ocrx_word' id='word_1_637' title='bbox 3571 4022 3667 4086; x_wconf 67' lang='grc' dir='ltr'>τὰς</span> 
     </span>
    </p>
   </div>
   <div class='ocr_carea' id='block_1_86' title="bbox 2103 4119 3665 4195">
    <p class='ocr_par' dir='ltr' id='par_1_86' title="bbox 2103 4119 3665 4195">
     <span class='ocr_line' id='line_1_86' title="bbox 2103 4119 3665 4195; baseline -0.001 -19"><span class='ocrx_word' id='word_1_638' title='bbox 2103 4122 2167 4186; x_wconf 87' lang='grc' dir='ltr'><strong>δ’,</strong></span> <span class='ocrx_word' id='word_1_639' title='bbox 2199 4123 2429 4195; x_wconf 83' lang='grc' dir='ltr'>πρόσθες</span> <span class='ocrx_word' id='word_1_640' title='bbox 2457 4123 2549 4176; x_wconf 76' lang='grc' dir='ltr'>καὶ</span> <span class='ocrx_word' id='word_1_641' title='bbox 2594 4122 2702 4176; x_wconf 69' lang='grc' dir='ltr'>ἀπὸ</span> <span class='ocrx_word' id='word_1_642' title='bbox 2735 4121 2828 4181; x_wconf 74' lang='grc' dir='ltr'>τοῦ</span> <span class='ocrx_word' id='word_1_643' title='bbox 2870 4121 3171 4192; x_wconf 74' lang='grc' dir='ltr'>Νοεμϐρίου</span> <span class='ocrx_word' id='word_1_644' title='bbox 3203 4120 3266 4189; x_wconf 85' lang='grc' dir='ltr'><strong>β’·</strong></span> <span class='ocrx_word' id='word_1_645' title='bbox 3303 4119 3394 4172; x_wconf 77' lang='grc' dir='ltr'><strong>καὶ</strong></span> <span class='ocrx_word' id='word_1_646' title='bbox 3430 4119 3665 4186; x_wconf 76' lang='grc' dir='ltr'>γίνονται</span> 
     </span>
    </p>
   </div>
   <div class='ocr_carea' id='block_1_87' title="bbox 2108 4209 3664 4284">
    <p class='ocr_par' dir='ltr' id='par_1_87' title="bbox 2108 4209 3664 4284">
     <span class='ocr_line' id='line_1_87' title="bbox 2108 4209 3664 4284; baseline -0.003 -19"><span class='ocrx_word' id='word_1_647' title='bbox 2108 4220 2160 4278; x_wconf 78' lang='grc' dir='ltr'>ς’</span> <span class='ocrx_word' id='word_1_648' title='bbox 2204 4217 2282 4276; x_wconf 84' lang='grc' dir='ltr'><strong>είς</strong></span> <span class='ocrx_word' id='word_1_649' title='bbox 2310 4213 2398 4266; x_wconf 83' lang='grc' dir='ltr'><strong>τὸν</strong></span> <span class='ocrx_word' id='word_1_650' title='bbox 2441 4215 2791 4284; x_wconf 73' lang='grc' dir='ltr'>Δεκέμϐριον.</span> <span class='ocrx_word' id='word_1_651' title='bbox 2838 4211 3001 4265; x_wconf 78' lang='grc' dir='ltr'>Πάλιν</span> <span class='ocrx_word' id='word_1_652' title='bbox 3040 4212 3311 4281; x_wconf 81' lang='grc' dir='ltr'>κράτησον</span> <span class='ocrx_word' id='word_1_653' title='bbox 3353 4209 3451 4272; x_wconf 70' lang='grc' dir='ltr'><strong>τὰς</strong></span> <span class='ocrx_word' id='word_1_654' title='bbox 3500 4209 3664 4270; x_wconf 75' lang='grc' dir='ltr'>αὐτὰς</span> 
     </span>
    </p>
   </div>
   <div class='ocr_carea' id='block_1_88' title="bbox 2107 4301 3666 4376">
    <p class='ocr_par' dir='ltr' id='par_1_88' title="bbox 2107 4301 3666 4376">
     <span class='ocr_line' id='line_1_88' title="bbox 2107 4301 3666 4376; baseline -0.012 -16"><span class='ocrx_word' id='word_1_655' title='bbox 2107 4314 2181 4372; x_wconf 82' lang='grc' dir='ltr'>ς’,</span> <span class='ocrx_word' id='word_1_656' title='bbox 2209 4305 2301 4358; x_wconf 76' lang='grc' dir='ltr'>καὶ</span> <span class='ocrx_word' id='word_1_657' title='bbox 2336 4304 2567 4376; x_wconf 84' lang='grc' dir='ltr'>πρόσθες</span> <span class='ocrx_word' id='word_1_658' title='bbox 2592 4305 2683 4357; x_wconf 80' lang='grc' dir='ltr'>καὶ</span> <span class='ocrx_word' id='word_1_659' title='bbox 2715 4306 2820 4360; x_wconf 82' lang='grc' dir='ltr'>ἀπὸ</span> <span class='ocrx_word' id='word_1_660' title='bbox 2845 4303 2937 4358; x_wconf 80' lang='grc' dir='ltr'>τοῦ</span> <span class='ocrx_word' id='word_1_661' title='bbox 2965 4303 3293 4374; x_wconf 78' lang='grc' dir='ltr'>Δεκεμϐρίου</span> <span class='ocrx_word' id='word_1_662' title='bbox 3327 4309 3374 4371; x_wconf 82' lang='grc' dir='ltr'>γ’</span> <span class='ocrx_word' id='word_1_663' title='bbox 3400 4318 3412 4330; x_wconf 88' lang='grc'>·</span> <span class='ocrx_word' id='word_1_664' title='bbox 3455 4303 3549 4354; x_wconf 69' lang='grc' dir='ltr'>καὶ</span> <span class='ocrx_word' id='word_1_665' title='bbox 3587 4301 3666 4368; x_wconf 74' lang='grc' dir='ltr'>γε..</span> 
     </span>
    </p>
   </div>
   <div class='ocr_carea' id='block_1_89' title="bbox 2105 4392 3666 4469">
    <p class='ocr_par' dir='ltr' id='par_1_89' title="bbox 2105 4392 3666 4469">
     <span class='ocr_line' id='line_1_89' title="bbox 2105 4392 3666 4469; baseline -0.004 -18"><span class='ocrx_word' id='word_1_666' title='bbox 2105 4415 2284 4451; x_wconf 88' lang='grc' dir='ltr'>νονται</span> <span class='ocrx_word' id='word_1_667' title='bbox 2318 4397 2382 4451; x_wconf 84' lang='grc' dir='ltr'>θ’.</span> <span class='ocrx_word' id='word_1_668' title='bbox 2419 4395 2743 4469; x_wconf 70' lang='grc' dir='ltr'>’Λπόρριψον</span> <span class='ocrx_word' id='word_1_669' title='bbox 2767 4399 2863 4460; x_wconf 85' lang='grc' dir='ltr'>τὰς</span> <span class='ocrx_word' id='word_1_670' title='bbox 2895 4397 2937 4461; x_wconf 85' lang='grc' dir='ltr'><strong>ζ’</strong></span> <span class='ocrx_word' id='word_1_671' title='bbox 2957 4415 2970 4427; x_wconf 70' lang='grc' dir='ltr'>υ</span> <span class='ocrx_word' id='word_1_672' title='bbox 3008 4397 3099 4448; x_wconf 77' lang='grc' dir='ltr'>καὶ</span> <span class='ocrx_word' id='word_1_673' title='bbox 3126 4396 3456 4465; x_wconf 79' lang='grc' dir='ltr'>ἁπομὲνουσι</span> <span class='ocrx_word' id='word_1_674' title='bbox 3477 4392 3570 4446; x_wconf 76' lang='grc' dir='ltr'>δύο</span> <span class='ocrx_word' id='word_1_675' title='bbox 3593 4395 3666 4455; x_wconf 75' lang='grc' dir='ltr'>εἰς</span> 
     </span>
    </p>
   </div>
   <div class='ocr_carea' id='block_1_90' title="bbox 444 4485 2007 4573">
    <p class='ocr_par' dir='ltr' id='par_1_90' title="bbox 444 4485 2003 4558">
     <span class='ocr_line' id='line_1_90' title="bbox 444 4485 2003 4558; baseline 0.002 -20"><span class='ocrx_word' id='word_1_676' title='bbox 444 4497 498 4543; x_wconf 68' lang='lat' dir='ltr'><strong>et</strong></span> <span class='ocrx_word' id='word_1_677' title='bbox 525 4488 716 4543; x_wconf 81' lang='lat' dir='ltr'><strong>Martio</strong></span> <span class='ocrx_word' id='word_1_678' title='bbox 761 4497 1086 4558; x_wconf 79' lang='lat' dir='ltr'><strong>congruunt.</strong></span> <span class='ocrx_word' id='word_1_679' title='bbox 1135 4486 1250 4542; x_wconf 82' lang='lat' dir='ltr'><strong>Jam</strong></span> <span class='ocrx_word' id='word_1_680' title='bbox 1292 4485 1359 4540; x_wconf 87' lang='lat' dir='ltr'><strong>ad</strong></span> <span class='ocrx_word' id='word_1_681' title='bbox 1394 4503 1426 4539; x_wconf 92' lang='lat' dir='ltr'><strong>v</strong></span> <span class='ocrx_word' id='word_1_682' title='bbox 1467 4487 1599 4540; x_wconf 88' lang='lat' dir='ltr'><strong>istas</strong></span> <span class='ocrx_word' id='word_1_683' title='bbox 1643 4486 1819 4539; x_wconf 77' lang='lat' dir='ltr'><strong>Martii</strong></span> <span class='ocrx_word' id='word_1_684' title='bbox 1869 4485 2003 4541; x_wconf 89' lang='lat' dir='ltr'><strong>adde</strong></span> 
     </span>
    </p>
   </div>
   <div class='ocr_carea' id='block_1_91' title="bbox 2114 4485 3668 4573">
    <p class='ocr_par' dir='ltr' id='par_1_91' title="bbox 2114 4487 3668 4562">
     <span class='ocr_line' id='line_1_91' title="bbox 2114 4487 3668 4562; baseline -0.005 -17"><span class='ocrx_word' id='word_1_685' title='bbox 2114 4489 2196 4546; x_wconf 76' lang='grc' dir='ltr'><strong>τὸν</strong></span> <span class='ocrx_word' id='word_1_686' title='bbox 2237 4491 2580 4560; x_wconf 83' lang='grc' dir='ltr'>Ἰανουάριον.</span> <span class='ocrx_word' id='word_1_687' title='bbox 2633 4489 2872 4562; x_wconf 86' lang='grc' dir='ltr'>Πρόσθες</span> <span class='ocrx_word' id='word_1_688' title='bbox 2913 4489 3006 4543; x_wconf 68' lang='grc' dir='ltr'><strong>καὶ</strong></span> <span class='ocrx_word' id='word_1_689' title='bbox 3043 4495 3091 4557; x_wconf 91' lang='grc' dir='ltr'>γ’</span> <span class='ocrx_word' id='word_1_690' title='bbox 3137 4489 3243 4543; x_wconf 81' lang='grc' dir='ltr'><strong>ἀπὸ</strong></span> <span class='ocrx_word' id='word_1_691' title='bbox 3289 4487 3381 4540; x_wconf 78' lang='grc' dir='ltr'>τοῦ</span> <span class='ocrx_word' id='word_1_692' title='bbox 3437 4488 3668 4539; x_wconf 73' lang='grc' dir='ltr'>ἰανονα‹</span> 
     </span>
    </p>
   </div>
   <div class='ocr_carea' id='block_1_92' title="bbox 448 4575 2003 4647">
    <p class='ocr_par' dir='ltr' id='par_1_92' title="bbox 448 4575 2003 4647">
     <span class='ocr_line' id='line_1_92' title="bbox 448 4575 2003 4647; baseline -0.005 -14"><span class='ocrx_word' id='word_1_693' title='bbox 448 4586 578 4633; x_wconf 85' lang='lat' dir='ltr'><strong>tres.</strong></span> <span class='ocrx_word' id='word_1_694' title='bbox 603 4576 940 4647; x_wconf 86' lang='lat' dir='ltr'><strong>Colligunlur</strong></span> <span class='ocrx_word' id='word_1_695' title='bbox 964 4593 1083 4638; x_wconf 82' lang='lat' dir='ltr'>VIII,</span> <span class='ocrx_word' id='word_1_696' title='bbox 1117 4593 1146 4631; x_wconf 91' lang='lat' dir='ltr'><strong>e</strong></span> <span class='ocrx_word' id='word_1_697' title='bbox 1181 4577 1378 4646; x_wconf 88' lang='lat' dir='ltr'><strong>quibus</strong></span> <span class='ocrx_word' id='word_1_698' title='bbox 1421 4577 1679 4632; x_wconf 86' lang='lat' dir='ltr'><strong>detractis</strong></span> <span class='ocrx_word' id='word_1_699' title='bbox 1706 4592 1804 4638; x_wconf 80' lang='lat' dir='ltr'><strong>vn,</strong></span> <span class='ocrx_word' id='word_1_700' title='bbox 1840 4575 2003 4630; x_wconf 87' lang='lat' dir='ltr'><strong>relin—</strong></span> 
     </span>
    </p>
   </div>
   <div class='ocr_carea' id='block_1_93' title="bbox 449 4665 2001 4736">
    <p class='ocr_par' dir='ltr' id='par_1_93' title="bbox 449 4665 2001 4736">
     <span class='ocr_line' id='line_1_93' title="bbox 449 4665 2001 4736; baseline -0.001 -17"><span class='ocrx_word' id='word_1_701' title='bbox 449 4667 634 4734; x_wconf 85' lang='lat' dir='ltr'><strong>quitur</strong></span> <span class='ocrx_word' id='word_1_702' title='bbox 682 4682 696 4720; x_wconf 90' lang='grc' dir='ltr'><strong>ι</strong></span> <span class='ocrx_word' id='word_1_703' title='bbox 747 4667 947 4736; x_wconf 83' lang='lat' dir='ltr'><strong>Aprilis</strong></span> <span class='ocrx_word' id='word_1_704' title='bbox 993 4675 1197 4736; x_wconf 87' lang='lat' dir='ltr'><strong>epacta.</strong></span> <span class='ocrx_word' id='word_1_705' title='bbox 1249 4666 1330 4722; x_wconf 86' lang='lat' dir='ltr'><strong>0b</strong></span> <span class='ocrx_word' id='word_1_706' title='bbox 1381 4667 1620 4736; x_wconf 88' lang='lat' dir='ltr'><strong>Aprilem</strong></span> <span class='ocrx_word' id='word_1_707' title='bbox 1677 4665 1813 4721; x_wconf 85' lang='lat' dir='ltr'><strong>adde</strong></span> <span class='ocrx_word' id='word_1_708' title='bbox 1850 4665 2001 4730; x_wconf 90' lang='lat' dir='ltr'><strong>duo,</strong></span> 
     </span>
    </p>
   </div>
   <div class='ocr_carea' id='block_1_94' title="bbox 450 4757 2000 4828">
    <p class='ocr_par' dir='ltr' id='par_1_94' title="bbox 450 4757 2000 4828">
     <span class='ocr_line' id='line_1_94' title="bbox 450 4757 2000 4828; baseline 0.001 -17"><span class='ocrx_word' id='word_1_709' title='bbox 450 4760 575 4813; x_wconf 84' lang='lat' dir='ltr'><strong>ﬁent</strong></span> <span class='ocrx_word' id='word_1_710' title='bbox 601 4758 724 4821; x_wconf 86' lang='lat' dir='ltr'><strong>tria,</strong></span> <span class='ocrx_word' id='word_1_711' title='bbox 751 4767 955 4828; x_wconf 71' lang='lat' dir='ltr'><strong>epactaa</strong></span> <span class='ocrx_word' id='word_1_712' title='bbox 991 4757 1113 4814; x_wconf 79' lang='lat' dir='ltr'><strong>Maii</strong></span> <span class='ocrx_word' id='word_1_713' title='bbox 1151 4777 1164 4813; x_wconf 88' lang='lat'><strong>:</strong></span> <span class='ocrx_word' id='word_1_714' title='bbox 1208 4759 1297 4828; x_wconf 88' lang='lat' dir='ltr'><strong>qui</strong></span> <span class='ocrx_word' id='word_1_715' title='bbox 1329 4759 1528 4813; x_wconf 86' lang='lat' dir='ltr'><strong>additis</strong></span> <span class='ocrx_word' id='word_1_716' title='bbox 1557 4759 1754 4820; x_wconf 89' lang='lat' dir='ltr'><strong>tribus,</strong></span> <span class='ocrx_word' id='word_1_717' title='bbox 1781 4766 2000 4827; x_wconf 84' lang='lat' dir='ltr'><strong>cpactas</strong></span> 
     </span>
    </p>
   </div>
   <div class='ocr_carea' id='block_1_95' title="bbox 446 4848 2000 4920">
    <p class='ocr_par' dir='ltr' id='par_1_95' title="bbox 446 4848 2000 4920">
     <span class='ocr_line' id='line_1_95' title="bbox 446 4848 2000 4920; baseline 0 -16"><span class='ocrx_word' id='word_1_718' title='bbox 446 4848 575 4904; x_wconf 83' lang='lat' dir='ltr'><strong>facit</strong></span> <span class='ocrx_word' id='word_1_719' title='bbox 596 4848 741 4904; x_wconf 84' lang='lat' dir='ltr'><strong>Junii</strong></span> <span class='ocrx_word' id='word_1_720' title='bbox 786 4866 859 4905; x_wconf 82' lang='lat' dir='ltr'><strong>vl.</strong></span> <span class='ocrx_word' id='word_1_721' title='bbox 887 4850 1112 4905; x_wconf 80' lang='lat' dir='ltr'><strong>Accedit</strong></span> <span class='ocrx_word' id='word_1_722' title='bbox 1143 4850 1366 4905; x_wconf 89' lang='lat' dir='ltr'><strong>biduum</strong></span> <span class='ocrx_word' id='word_1_723' title='bbox 1398 4860 1617 4920; x_wconf 86' lang='lat' dir='ltr'><strong>propter</strong></span> <span class='ocrx_word' id='word_1_724' title='bbox 1655 4849 1900 4912; x_wconf 84' lang='lat' dir='ltr'><strong>Junium,</strong></span> <span class='ocrx_word' id='word_1_725' title='bbox 1947 4859 2000 4904; x_wconf 90' lang='lat' dir='ltr'><strong>et</strong></span> 
     </span>
    </p>
   </div>
   <div class='ocr_carea' id='block_1_96' title="bbox 443 4939 1997 5012">
    <p class='ocr_par' dir='ltr' id='par_1_96' title="bbox 443 4939 1997 5012">
     <span class='ocr_line' id='line_1_96' title="bbox 443 4939 1997 5012; baseline -0.001 -16"><span class='ocrx_word' id='word_1_726' title='bbox 443 4957 509 4996; x_wconf 75' lang='lat' dir='ltr'><strong>ex</strong></span> <span class='ocrx_word' id='word_1_727' title='bbox 564 4956 774 4997; x_wconf 86' lang='lat' dir='ltr'><strong>summa</strong></span> <span class='ocrx_word' id='word_1_728' title='bbox 818 4958 909 4996; x_wconf 89' lang='lat' dir='ltr'><strong>vm</strong></span> <span class='ocrx_word' id='word_1_729' title='bbox 953 4941 1185 5012; x_wconf 89' lang='lat' dir='ltr'><strong>demptis</strong></span> <span class='ocrx_word' id='word_1_730' title='bbox 1220 4959 1316 5007; x_wconf 88' lang='lat' dir='ltr'><strong>vu,</strong></span> <span class='ocrx_word' id='word_1_731' title='bbox 1348 4950 1519 4996; x_wconf 87' lang='lat' dir='ltr'><strong>restat</strong></span> <span class='ocrx_word' id='word_1_732' title='bbox 1561 4957 1576 4995; x_wconf 92' lang='grc' dir='ltr'><strong>ι</strong></span> <span class='ocrx_word' id='word_1_733' title='bbox 1610 4939 1737 4995; x_wconf 87' lang='lat' dir='ltr'><strong>Julii</strong></span> <span class='ocrx_word' id='word_1_734' title='bbox 1786 4949 1997 5010; x_wconf 86' lang='lat' dir='ltr'><strong>epacta.</strong></span> 
     </span>
    </p>
   </div>
   <div class='ocr_carea' id='block_1_97' title="bbox 444 5031 2002 5103">
    <p class='ocr_par' dir='ltr' id='par_1_97' title="bbox 444 5031 2002 5103">
     <span class='ocr_line' id='line_1_97' title="bbox 444 5031 2002 5103; baseline 0 -17"><span class='ocrx_word' id='word_1_735' title='bbox 444 5031 580 5086; x_wconf 87' lang='lat' dir='ltr'><strong>Tum</strong></span> <span class='ocrx_word' id='word_1_736' title='bbox 640 5042 861 5103; x_wconf 86' lang='lat' dir='ltr'><strong>propter</strong></span> <span class='ocrx_word' id='word_1_737' title='bbox 919 5033 1120 5090; x_wconf 89' lang='lat' dir='ltr'><strong>Julium</strong></span> <span class='ocrx_word' id='word_1_738' title='bbox 1189 5033 1466 5102; x_wconf 87' lang='lat' dir='ltr'><strong>adjunctis</strong></span> <span class='ocrx_word' id='word_1_739' title='bbox 1519 5033 1736 5095; x_wconf 83' lang='lat' dir='ltr'><strong>tribus,</strong></span> <span class='ocrx_word' id='word_1_740' title='bbox 1798 5041 2002 5102; x_wconf 65' lang='lat' dir='ltr'><strong>epactze</strong></span> 
     </span>
    </p>
   </div>
   <div class='ocr_carea' id='block_1_98' title="bbox 443 5123 2003 5196">
    <p class='ocr_par' dir='ltr' id='par_1_98' title="bbox 443 5123 2003 5196">
     <span class='ocr_line' id='line_1_98' title="bbox 443 5123 2003 5196; baseline 0.003 -20"><span class='ocrx_word' id='word_1_741' title='bbox 443 5123 579 5180; x_wconf 88' lang='lat' dir='ltr'><strong>ﬁunt</strong></span> <span class='ocrx_word' id='word_1_742' title='bbox 602 5125 827 5196; x_wconf 81' lang='lat' dir='ltr'><strong>Augusti</strong></span> <span class='ocrx_word' id='word_1_743' title='bbox 861 5143 932 5180; x_wconf 84' lang='lat' dir='ltr'><strong>IV.</strong></span> <span class='ocrx_word' id='word_1_744' title='bbox 965 5127 1241 5196; x_wconf 80' lang='lat' dir='ltr'><strong>Augustus</strong></span> <span class='ocrx_word' id='word_1_745' title='bbox 1269 5127 1455 5193; x_wconf 88' lang='lat' dir='ltr'><strong>adjicit</strong></span> <span class='ocrx_word' id='word_1_746' title='bbox 1482 5127 1603 5188; x_wconf 80' lang='lat' dir='ltr'><strong>tria.</strong></span> <span class='ocrx_word' id='word_1_747' title='bbox 1638 5142 1811 5195; x_wconf 89' lang='lat' dir='ltr'><strong>eoque</strong></span> <span class='ocrx_word' id='word_1_748' title='bbox 1843 5125 2003 5180; x_wconf 89' lang='lat' dir='ltr'><strong>modo</strong></span> 
     </span>
    </p>
   </div>
   <div class='ocr_carea' id='block_1_99' title="bbox 439 5217 2001 5290">
    <p class='ocr_par' dir='ltr' id='par_1_99' title="bbox 439 5217 2001 5290">
     <span class='ocr_line' id='line_1_99' title="bbox 439 5217 2001 5290; baseline 0.001 -22"><span class='ocrx_word' id='word_1_749' title='bbox 439 5232 516 5270; x_wconf 85' lang='lat' dir='ltr'><strong>vu</strong></span> <span class='ocrx_word' id='word_1_750' title='bbox 538 5228 878 5287; x_wconf 84' lang='lat' dir='ltr'><strong>consurgunt</strong></span> <span class='ocrx_word' id='word_1_751' title='bbox 899 5228 1100 5289; x_wconf 69' lang='lat' dir='ltr'><strong>epactaa</strong></span> <span class='ocrx_word' id='word_1_752' title='bbox 1129 5219 1482 5290; x_wconf 69' lang='lat' dir='ltr'><strong>Septembris.</strong></span> <span class='ocrx_word' id='word_1_753' title='bbox 1517 5217 1673 5273; x_wconf 83' lang='lat' dir='ltr'><strong>Hunc</strong></span> <span class='ocrx_word' id='word_1_754' title='bbox 1702 5219 1756 5272; x_wconf 89' lang='lat' dir='ltr'><strong>in</strong></span> <span class='ocrx_word' id='word_1_755' title='bbox 1783 5219 2001 5272; x_wconf 90' lang='lat' dir='ltr'><strong>modum</strong></span> 
     </span>
    </p>
   </div>
   <div class='ocr_carea' id='block_1_100' title="bbox 441 5307 2003 5380">
    <p class='ocr_par' dir='ltr' id='par_1_100' title="bbox 441 5307 2003 5380">
     <span class='ocr_line' id='line_1_100' title="bbox 441 5307 2003 5380; baseline 0.003 -22"><span class='ocrx_word' id='word_1_756' title='bbox 441 5307 743 5376; x_wconf 79' lang='lat' dir='ltr'><strong>explicatur</strong></span> <span class='ocrx_word' id='word_1_757' title='bbox 785 5320 1098 5379; x_wconf 88' lang='lat' dir='ltr'><strong>epactarum</strong></span> <span class='ocrx_word' id='word_1_758' title='bbox 1140 5309 1496 5380; x_wconf 77' lang='lat' dir='ltr'><strong>propagatio;</strong></span> <span class='ocrx_word' id='word_1_759' title='bbox 1529 5324 1650 5379; x_wconf 72' lang='lat' dir='ltr'><strong>quae</strong></span> <span class='ocrx_word' id='word_1_760' title='bbox 1681 5308 2003 5379; x_wconf 89' lang='lat' dir='ltr'><strong>compendio</strong></span> 
     </span>
    </p>
   </div>
   <div class='ocr_carea' id='block_1_101' title="bbox 441 5396 888 5470">
    <p class='ocr_par' dir='ltr' id='par_1_101' title="bbox 441 5396 888 5470">
     <span class='ocr_line' id='line_1_101' title="bbox 441 5396 888 5470; baseline 0.007 -20"><span class='ocrx_word' id='word_1_761' title='bbox 441 5396 516 5450; x_wconf 87' lang='lat' dir='ltr'><strong>ita</strong></span> <span class='ocrx_word' id='word_1_762' title='bbox 545 5400 888 5470; x_wconf 88' lang='lat' dir='ltr'><strong>proponitur.</strong></span> 
     </span>
    </p>
   </div>
   <div class='ocr_carea' id='block_1_102' title="bbox 2115 4576 3666 4653">
    <p class='ocr_par' dir='ltr' id='par_1_102' title="bbox 2115 4576 3666 4653">
     <span class='ocr_line' id='line_1_102' title="bbox 2115 4576 3666 4653; baseline -0.004 -19"><span class='ocrx_word' id='word_1_763' title='bbox 2115 4582 2250 4653; x_wconf 91' lang='grc' dir='ltr'>ρίου,</span> <span class='ocrx_word' id='word_1_764' title='bbox 2286 4583 2379 4635; x_wconf 73' lang='grc' dir='ltr'>καὶ</span> <span class='ocrx_word' id='word_1_765' title='bbox 2417 4582 2654 4649; x_wconf 88' lang='grc' dir='ltr'>γίνονται</span> <span class='ocrx_word' id='word_1_766' title='bbox 2685 4589 2724 4634; x_wconf 87' lang='grc' dir='ltr'>ε’</span> <span class='ocrx_word' id='word_1_767' title='bbox 2754 4584 2833 4644; x_wconf 78' lang='grc' dir='ltr'>εἰς</span> <span class='ocrx_word' id='word_1_768' title='bbox 2863 4581 2952 4634; x_wconf 69' lang='grc' dir='ltr'><strong>τὸν</strong></span> <span class='ocrx_word' id='word_1_769' title='bbox 2979 4580 3356 4651; x_wconf 75' lang='grc' dir='ltr'>Φεϐρουάριον.</span> <span class='ocrx_word' id='word_1_770' title='bbox 3389 4581 3453 4630; x_wconf 83' lang='grc' dir='ltr'><strong>Αἱ</strong></span> <span class='ocrx_word' id='word_1_771' title='bbox 3487 4577 3535 4630; x_wconf 74' lang='grc' dir='ltr'><strong>δ’</strong></span> <span class='ocrx_word' id='word_1_772' title='bbox 3574 4576 3666 4629; x_wconf 86' lang='grc' dir='ltr'>αύ-</span> 
     </span>
    </p>
   </div>
   <div class='ocr_carea' id='block_1_103' title="bbox 2106 4665 3668 4740">
    <p class='ocr_par' dir='ltr' id='par_1_103' title="bbox 2106 4665 3668 4740">
     <span class='ocr_line' id='line_1_103' title="bbox 2106 4665 3668 4740; baseline -0.003 -19"><span class='ocrx_word' id='word_1_773' title='bbox 2106 4668 2194 4721; x_wconf 85' lang='grc' dir='ltr'><strong>ταί</strong></span> <span class='ocrx_word' id='word_1_774' title='bbox 2225 4671 2331 4722; x_wconf 81' lang='grc' dir='ltr'>εἰσι</span> <span class='ocrx_word' id='word_1_775' title='bbox 2373 4669 2468 4722; x_wconf 74' lang='grc' dir='ltr'><strong>καὶ</strong></span> <span class='ocrx_word' id='word_1_776' title='bbox 2513 4671 2592 4734; x_wconf 81' lang='grc' dir='ltr'>εὶς</span> <span class='ocrx_word' id='word_1_777' title='bbox 2626 4671 2714 4724; x_wconf 76' lang='grc' dir='ltr'><strong>τὸν</strong></span> <span class='ocrx_word' id='word_1_778' title='bbox 2757 4669 3018 4740; x_wconf 90' lang='grc' dir='ltr'>Μάρτιον.</span> <span class='ocrx_word' id='word_1_779' title='bbox 3055 4669 3223 4722; x_wconf 88' lang='grc' dir='ltr'>Πάλιν</span> <span class='ocrx_word' id='word_1_780' title='bbox 3269 4668 3538 4738; x_wconf 74' lang='grc' dir='ltr'>κράτησον</span> <span class='ocrx_word' id='word_1_781' title='bbox 3574 4665 3668 4727; x_wconf 80' lang='grc' dir='ltr'>τὰς</span> 
     </span>
    </p>
   </div>
   <div class='ocr_carea' id='block_1_104' title="bbox 2106 4753 3666 4834">
    <p class='ocr_par' dir='ltr' id='par_1_104' title="bbox 2106 4753 3666 4834">
     <span class='ocr_line' id='line_1_104' title="bbox 2106 4753 3666 4834; baseline -0.006 -19"><span class='ocrx_word' id='word_1_782' title='bbox 2106 4761 2288 4824; x_wconf 85' lang='grc' dir='ltr'>πέντε,</span> <span class='ocrx_word' id='word_1_783' title='bbox 2321 4763 2411 4814; x_wconf 79' lang='grc' dir='ltr'><strong>καὶ</strong></span> <span class='ocrx_word' id='word_1_784' title='bbox 2440 4761 2672 4834; x_wconf 84' lang='grc' dir='ltr'>πρόσθες</span> <span class='ocrx_word' id='word_1_785' title='bbox 2699 4761 2792 4814; x_wconf 71' lang='grc' dir='ltr'><strong>καὶ</strong></span> <span class='ocrx_word' id='word_1_786' title='bbox 2828 4761 2935 4814; x_wconf 81' lang='grc' dir='ltr'><strong>ἀπὸ</strong></span> <span class='ocrx_word' id='word_1_787' title='bbox 2970 4759 3062 4817; x_wconf 80' lang='grc' dir='ltr'>τοῦ</span> <span class='ocrx_word' id='word_1_788' title='bbox 3087 4759 3328 4831; x_wconf 85' lang='grc' dir='ltr'>Μαρτίου</span> <span class='ocrx_word' id='word_1_789' title='bbox 3359 4765 3428 4826; x_wconf 86' lang='grc' dir='ltr'><strong>γ’·</strong></span> <span class='ocrx_word' id='word_1_790' title='bbox 3454 4757 3547 4811; x_wconf 81' lang='grc' dir='ltr'>καὶ</span> <span class='ocrx_word' id='word_1_791' title='bbox 3583 4753 3666 4823; x_wconf 88' lang='grc' dir='ltr'>γί-</span> 
     </span>
    </p>
   </div>
   <div class='ocr_carea' id='block_1_105' title="bbox 2103 4849 3665 4926">
    <p class='ocr_par' dir='ltr' id='par_1_105' title="bbox 2103 4849 3665 4926">
     <span class='ocr_line' id='line_1_105' title="bbox 2103 4849 3665 4926; baseline 0.004 -22"><span class='ocrx_word' id='word_1_792' title='bbox 2103 4869 2281 4906; x_wconf 87' lang='grc' dir='ltr'>νονται</span> <span class='ocrx_word' id='word_1_793' title='bbox 2323 4861 2396 4924; x_wconf 86' lang='grc' dir='ltr'><strong>η’.</strong></span> <span class='ocrx_word' id='word_1_794' title='bbox 2438 4853 2762 4926; x_wconf 69' lang='grc' dir='ltr'>Ἀπόρῤιψον</span> <span class='ocrx_word' id='word_1_795' title='bbox 2805 4853 2904 4917; x_wconf 80' lang='grc' dir='ltr'>τὰς</span> <span class='ocrx_word' id='word_1_796' title='bbox 2936 4854 2999 4917; x_wconf 76' lang='grc' dir='ltr'>ς’,</span> <span class='ocrx_word' id='word_1_797' title='bbox 3027 4852 3344 4922; x_wconf 81' lang='grc' dir='ltr'>ὲναπομένει</span> <span class='ocrx_word' id='word_1_798' title='bbox 3393 4850 3487 4903; x_wconf 68' lang='grc' dir='ltr'><strong>καὶ</strong></span> <span class='ocrx_word' id='word_1_799' title='bbox 3518 4854 3568 4900; x_wconf 83' lang='grc' dir='ltr'>α’</span> <span class='ocrx_word' id='word_1_800' title='bbox 3590 4849 3665 4910; x_wconf 83' lang='grc' dir='ltr'><strong>είς</strong></span> 
     </span>
    </p>
   </div>
   <div class='ocr_carea' id='block_1_106' title="bbox 2105 4937 3665 5016">
    <p class='ocr_par' dir='ltr' id='par_1_106' title="bbox 2105 4937 3665 5016">
     <span class='ocr_line' id='line_1_106' title="bbox 2105 4937 3665 5016; baseline -0.006 -18"><span class='ocrx_word' id='word_1_801' title='bbox 2105 4945 2194 4998; x_wconf 84' lang='grc' dir='ltr'><strong>τὸν</strong></span> <span class='ocrx_word' id='word_1_802' title='bbox 2221 4945 2511 5016; x_wconf 81' lang='grc' dir='ltr'>Ἀπρίλιον.</span> <span class='ocrx_word' id='word_1_803' title='bbox 2535 4945 2822 5015; x_wconf 81' lang='grc' dir='ltr'>Κράτησον</span> <span class='ocrx_word' id='word_1_804' title='bbox 2840 4943 2998 4996; x_wconf 81' lang='grc' dir='ltr'>πάλιν</span> <span class='ocrx_word' id='word_1_805' title='bbox 3022 4943 3188 5014; x_wconf 72' lang='grc' dir='ltr'>αὐτὴν</span> <span class='ocrx_word' id='word_1_806' title='bbox 3210 4940 3306 5011; x_wconf 77' lang='grc' dir='ltr'>τὴν</span> <span class='ocrx_word' id='word_1_807' title='bbox 3328 4947 3376 4994; x_wconf 86' lang='grc' dir='ltr'>α’</span> <span class='ocrx_word' id='word_1_808' title='bbox 3396 4957 3407 4968; x_wconf 93' lang='grc'><strong>·</strong></span> <span class='ocrx_word' id='word_1_809' title='bbox 3439 4937 3665 5010; x_wconf 85' lang='grc' dir='ltr'>πρόσθες</span> 
     </span>
    </p>
   </div>
   <div class='ocr_carea' id='block_1_107' title="bbox 2106 5030 3665 5109">
    <p class='ocr_par' dir='ltr' id='par_1_107' title="bbox 2106 5030 3665 5109">
     <span class='ocr_line' id='line_1_107' title="bbox 2106 5030 3665 5109; baseline -0.006 -18"><span class='ocrx_word' id='word_1_810' title='bbox 2106 5037 2201 5091; x_wconf 77' lang='grc' dir='ltr'>καὶ</span> <span class='ocrx_word' id='word_1_811' title='bbox 2242 5037 2334 5090; x_wconf 87' lang='grc' dir='ltr'><strong>δύο</strong></span> <span class='ocrx_word' id='word_1_812' title='bbox 2375 5037 2484 5090; x_wconf 80' lang='grc' dir='ltr'><strong>ἀπὸ</strong></span> <span class='ocrx_word' id='word_1_813' title='bbox 2515 5035 2608 5089; x_wconf 82' lang='grc' dir='ltr'>τοῦ</span> <span class='ocrx_word' id='word_1_814' title='bbox 2641 5037 2934 5109; x_wconf 82' lang='grc' dir='ltr'>Ἀπριλίου,</span> <span class='ocrx_word' id='word_1_815' title='bbox 2967 5037 3060 5089; x_wconf 81' lang='grc' dir='ltr'><strong>καὶ</strong></span> <span class='ocrx_word' id='word_1_816' title='bbox 3104 5035 3339 5099; x_wconf 84' lang='grc' dir='ltr'>γίνονται</span> <span class='ocrx_word' id='word_1_817' title='bbox 3374 5038 3422 5100; x_wconf 81' lang='grc' dir='ltr'>γ’</span> <span class='ocrx_word' id='word_1_818' title='bbox 3465 5033 3544 5094; x_wconf 83' lang='grc' dir='ltr'><strong>είς</strong></span> <span class='ocrx_word' id='word_1_819' title='bbox 3580 5030 3665 5083; x_wconf 74' lang='grc' dir='ltr'>τὸν</span> 
     </span>
    </p>
   </div>
   <div class='ocr_carea' id='block_1_108' title="bbox 2103 5121 3666 5201">
    <p class='ocr_par' dir='ltr' id='par_1_108' title="bbox 2103 5121 3666 5201">
     <span class='ocr_line' id='line_1_108' title="bbox 2103 5121 3666 5201; baseline -0.007 -18"><span class='ocrx_word' id='word_1_820' title='bbox 2103 5129 2295 5183; x_wconf 86' lang='grc' dir='ltr'>Μάῖον.</span> <span class='ocrx_word' id='word_1_821' title='bbox 2330 5129 2498 5182; x_wconf 85' lang='grc' dir='ltr'>Πάλιν</span> <span class='ocrx_word' id='word_1_822' title='bbox 2534 5130 2803 5201; x_wconf 83' lang='grc' dir='ltr'>κράτησον</span> <span class='ocrx_word' id='word_1_823' title='bbox 2836 5128 3001 5191; x_wconf 82' lang='grc' dir='ltr'>αὐτὰς</span> <span class='ocrx_word' id='word_1_824' title='bbox 3033 5128 3131 5190; x_wconf 84' lang='grc' dir='ltr'><strong>τὰς</strong></span> <span class='ocrx_word' id='word_1_825' title='bbox 3172 5133 3220 5195; x_wconf 89' lang='grc' dir='ltr'>γ’</span> <span class='ocrx_word' id='word_1_826' title='bbox 3245 5145 3258 5156; x_wconf 85' lang='grc'><strong>·</strong></span> <span class='ocrx_word' id='word_1_827' title='bbox 3309 5123 3545 5196; x_wconf 85' lang='grc' dir='ltr'>πρόσθες</span> <span class='ocrx_word' id='word_1_828' title='bbox 3577 5121 3666 5173; x_wconf 84' lang='grc' dir='ltr'>καὶ</span> 
     </span>
    </p>
   </div>
   <div class='ocr_carea' id='block_1_109' title="bbox 2103 5213 3660 5290">
    <p class='ocr_par' dir='ltr' id='par_1_109' title="bbox 2103 5213 3660 5290">
     <span class='ocr_line' id='line_1_109' title="bbox 2103 5213 3660 5290; baseline -0.006 -16"><span class='ocrx_word' id='word_1_829' title='bbox 2103 5221 2210 5274; x_wconf 84' lang='grc' dir='ltr'><strong>ἀπὸ</strong></span> <span class='ocrx_word' id='word_1_830' title='bbox 2252 5219 2346 5274; x_wconf 81' lang='grc' dir='ltr'>τοῦ</span> <span class='ocrx_word' id='word_1_831' title='bbox 2379 5222 2556 5274; x_wconf 85' lang='grc' dir='ltr'>Μαΐου</span> <span class='ocrx_word' id='word_1_832' title='bbox 2589 5228 2656 5289; x_wconf 88' lang='grc' dir='ltr'><strong>γ’,</strong></span> <span class='ocrx_word' id='word_1_833' title='bbox 2698 5221 2792 5274; x_wconf 74' lang='grc' dir='ltr'><strong>καὶ</strong></span> <span class='ocrx_word' id='word_1_834' title='bbox 2819 5221 3057 5290; x_wconf 82' lang='grc' dir='ltr'>γίνονται</span> <span class='ocrx_word' id='word_1_835' title='bbox 3100 5225 3152 5284; x_wconf 82' lang='grc' dir='ltr'>ς’</span> <span class='ocrx_word' id='word_1_836' title='bbox 3180 5219 3260 5281; x_wconf 84' lang='grc' dir='ltr'>εἰς</span> <span class='ocrx_word' id='word_1_837' title='bbox 3297 5217 3386 5270; x_wconf 75' lang='grc' dir='ltr'>τὸν</span> <span class='ocrx_word' id='word_1_838' title='bbox 3429 5213 3660 5268; x_wconf 80' lang='grc' dir='ltr'>Ἰούνιον.</span> 
     </span>
    </p>
   </div>
   <div class='ocr_carea' id='block_1_110' title="bbox 2103 5300 3661 5383">
    <p class='ocr_par' dir='ltr' id='par_1_110' title="bbox 2103 5300 3661 5383">
     <span class='ocr_line' id='line_1_110' title="bbox 2103 5300 3661 5383; baseline -0.006 -20"><span class='ocrx_word' id='word_1_839' title='bbox 2103 5311 2270 5364; x_wconf 87' lang='grc' dir='ltr'>Πάλιν</span> <span class='ocrx_word' id='word_1_840' title='bbox 2300 5312 2573 5383; x_wconf 83' lang='grc' dir='ltr'>κράτησον</span> <span class='ocrx_word' id='word_1_841' title='bbox 2604 5312 2768 5376; x_wconf 74' lang='grc' dir='ltr'>αὐτὰς</span> <span class='ocrx_word' id='word_1_842' title='bbox 2815 5312 2911 5374; x_wconf 85' lang='grc' dir='ltr'><strong>τὰς</strong></span> <span class='ocrx_word' id='word_1_843' title='bbox 2940 5318 3009 5376; x_wconf 77' lang='grc' dir='ltr'>ς’,</span> <span class='ocrx_word' id='word_1_844' title='bbox 3043 5313 3136 5363; x_wconf 75' lang='grc' dir='ltr'>καὶ</span> <span class='ocrx_word' id='word_1_845' title='bbox 3168 5309 3402 5380; x_wconf 79' lang='grc' dir='ltr'>πρόσθες</span> <span class='ocrx_word' id='word_1_846' title='bbox 3435 5305 3543 5360; x_wconf 72' lang='grc' dir='ltr'><strong>ἀπὸ</strong></span> <span class='ocrx_word' id='word_1_847' title='bbox 3572 5300 3661 5355; x_wconf 73' lang='grc' dir='ltr'>τοῦ</span> 
     </span>
    </p>
   </div>
   <div class='ocr_carea' id='block_1_111' title="bbox 2115 5398 3662 5474">
    <p class='ocr_par' dir='ltr' id='par_1_111' title="bbox 2115 5398 3662 5474">
     <span class='ocr_line' id='line_1_111' title="bbox 2115 5398 3662 5474; baseline -0.006 -20"><span class='ocrx_word' id='word_1_848' title='bbox 2115 5402 2331 5455; x_wconf 65' lang='grc' dir='ltr'>Ἰουνίου</span> <span class='ocrx_word' id='word_1_849' title='bbox 2366 5403 2430 5473; x_wconf 86' lang='grc' dir='ltr'><strong>β’,</strong></span> <span class='ocrx_word' id='word_1_850' title='bbox 2467 5405 2704 5471; x_wconf 81' lang='grc' dir='ltr'>γίνονται</span> <span class='ocrx_word' id='word_1_851' title='bbox 2740 5409 2810 5472; x_wconf 80' lang='grc' dir='ltr'><strong>η’.</strong></span> <span class='ocrx_word' id='word_1_852' title='bbox 2856 5403 3178 5474; x_wconf 73' lang='grc' dir='ltr'>Ἀπόρριψον</span> <span class='ocrx_word' id='word_1_853' title='bbox 3201 5402 3298 5463; x_wconf 83' lang='grc' dir='ltr'>τὰς</span> <span class='ocrx_word' id='word_1_854' title='bbox 3314 5399 3378 5464; x_wconf 80' lang='grc' dir='ltr'><strong>ζ’,</strong></span> <span class='ocrx_word' id='word_1_855' title='bbox 3406 5398 3662 5466; x_wconf 81' lang='grc' dir='ltr'>άπομένει</span> 
     </span>
    </p>
   </div>
   <div class='ocr_carea' id='block_1_112' title="bbox 443 5489 3661 5567">
    <p class='ocr_par' dir='ltr' id='par_1_112' title="bbox 443 5489 3661 5567">
     <span class='ocr_line' id='line_1_112' title="bbox 443 5489 3661 5567; baseline -0.002 -19"><span class='ocrx_word' id='word_1_856' title='bbox 443 5496 491 5548; x_wconf 79' lang='grc' dir='ltr'>α’</span> <span class='ocrx_word' id='word_1_857' title='bbox 529 5492 607 5554; x_wconf 77' lang='grc' dir='ltr'><strong>εἰς</strong></span> <span class='ocrx_word' id='word_1_858' title='bbox 641 5493 733 5545; x_wconf 81' lang='grc' dir='ltr'><strong>τὸν</strong></span> <span class='ocrx_word' id='word_1_859' title='bbox 769 5491 1004 5545; x_wconf 82' lang='grc' dir='ltr'>Ἰούλιον.</span> <span class='ocrx_word' id='word_1_860' title='bbox 1036 5491 1202 5547; x_wconf 86' lang='grc' dir='ltr'>Πάλιν</span> <span class='ocrx_word' id='word_1_861' title='bbox 1235 5492 1509 5563; x_wconf 82' lang='grc' dir='ltr'>κράτησον</span> <span class='ocrx_word' id='word_1_862' title='bbox 1537 5492 1634 5565; x_wconf 84' lang='grc' dir='ltr'><strong>τὴν</strong></span> <span class='ocrx_word' id='word_1_863' title='bbox 1657 5499 1704 5546; x_wconf 86' lang='grc' dir='ltr'>α’</span> <span class='ocrx_word' id='word_1_864' title='bbox 1725 5511 1737 5524; x_wconf 78' lang='grc'><em>’</em></span> <span class='ocrx_word' id='word_1_865' title='bbox 1771 5493 2002 5563; x_wconf 83' lang='grc' dir='ltr'>πρόσθες</span> <span class='ocrx_word' id='word_1_866' title='bbox 2033 5493 2129 5546; x_wconf 75' lang='grc' dir='ltr'><strong>καὶ</strong></span> <span class='ocrx_word' id='word_1_867' title='bbox 2157 5495 2262 5548; x_wconf 86' lang='grc' dir='ltr'>άπὸ</span> <span class='ocrx_word' id='word_1_868' title='bbox 2284 5496 2375 5548; x_wconf 82' lang='grc' dir='ltr'>τοῦ</span> <span class='ocrx_word' id='word_1_869' title='bbox 2413 5497 2629 5552; x_wconf 84' lang='grc' dir='ltr'>Ἰουλίου</span> <span class='ocrx_word' id='word_1_870' title='bbox 2659 5501 2824 5567; x_wconf 86' lang='grc' dir='ltr'>τρεῖς,</span> <span class='ocrx_word' id='word_1_871' title='bbox 2854 5497 3090 5566; x_wconf 86' lang='grc' dir='ltr'>γίνονται</span> <span class='ocrx_word' id='word_1_872' title='bbox 3133 5495 3176 5548; x_wconf 84' lang='grc' dir='ltr'><strong>δ’</strong></span> <span class='ocrx_word' id='word_1_873' title='bbox 3207 5497 3284 5558; x_wconf 86' lang='grc' dir='ltr'><strong>είς</strong></span> <span class='ocrx_word' id='word_1_874' title='bbox 3325 5493 3413 5547; x_wconf 83' lang='grc' dir='ltr'><strong>τὸν</strong></span> <span class='ocrx_word' id='word_1_875' title='bbox 3468 5489 3661 5559; x_wconf 76' lang='grc' dir='ltr'>Αὔγου-</span> 
     </span>
    </p>
   </div>
   <div class='ocr_carea' id='block_1_113' title="bbox 444 5587 3658 5665">
    <p class='ocr_par' dir='ltr' id='par_1_113' title="bbox 444 5587 3658 5665">
     <span class='ocr_line' id='line_1_113' title="bbox 444 5587 3658 5665; baseline 0.002 -30"><span class='ocrx_word' id='word_1_876' title='bbox 444 5598 584 5637; x_wconf 84' lang='grc' dir='ltr'>στον.</span> <span class='ocrx_word' id='word_1_877' title='bbox 629 5587 796 5640; x_wconf 87' lang='grc' dir='ltr'>Πάλιν</span> <span class='ocrx_word' id='word_1_878' title='bbox 834 5587 1103 5659; x_wconf 69' lang='grc' dir='ltr'>κράτησω</span> <span class='ocrx_word' id='word_1_879' title='bbox 1143 5589 1312 5653; x_wconf 74' lang='grc' dir='ltr'>αὑτὰς</span> <span class='ocrx_word' id='word_1_880' title='bbox 1355 5589 1454 5654; x_wconf 86' lang='grc' dir='ltr'><strong>τὰς</strong></span> <span class='ocrx_word' id='word_1_881' title='bbox 1498 5589 1576 5642; x_wconf 78' lang='grc' dir='ltr'>δ”</span> <span class='ocrx_word' id='word_1_882' title='bbox 1623 5589 1856 5660; x_wconf 85' lang='grc' dir='ltr'>πρόσθες</span> <span class='ocrx_word' id='word_1_883' title='bbox 1897 5591 2004 5644; x_wconf 82' lang='grc' dir='ltr'>ἀπὸ</span> <span class='ocrx_word' id='word_1_884' title='bbox 2030 5591 2124 5645; x_wconf 80' lang='grc' dir='ltr'>τοῦ</span> <span class='ocrx_word' id='word_1_885' title='bbox 2157 5593 2464 5662; x_wconf 83' lang='grc' dir='ltr'>Αὐγούστου</span> <span class='ocrx_word' id='word_1_886' title='bbox 2505 5602 2574 5665; x_wconf 88' lang='grc' dir='ltr'>γ’,</span> <span class='ocrx_word' id='word_1_887' title='bbox 2638 5597 2732 5648; x_wconf 72' lang='grc' dir='ltr'><strong>καὶ</strong></span> <span class='ocrx_word' id='word_1_888' title='bbox 2775 5597 3010 5664; x_wconf 84' lang='grc' dir='ltr'>γίνονται</span> <span class='ocrx_word' id='word_1_889' title='bbox 3067 5593 3111 5657; x_wconf 76' lang='grc' dir='ltr'><strong>ζ’</strong></span> <span class='ocrx_word' id='word_1_890' title='bbox 3147 5594 3228 5655; x_wconf 87' lang='grc' dir='ltr'><strong>είς</strong></span> <span class='ocrx_word' id='word_1_891' title='bbox 3269 5590 3360 5644; x_wconf 84' lang='grc' dir='ltr'><strong>τὸν</strong></span> <span class='ocrx_word' id='word_1_892' title='bbox 3417 5588 3658 5657; x_wconf 80' lang='grc' dir='ltr'>Σεπτέμο</span> 
     </span>
    </p>
   </div>
   <div class='ocr_carea' id='block_1_114' title="bbox 440 5672 3656 5763">
    <p class='ocr_par' dir='ltr' id='par_1_114' title="bbox 440 5672 3656 5763">
     <span class='ocr_line' id='line_1_114' title="bbox 440 5672 3656 5763; baseline 0.002 -37"><span class='ocrx_word' id='word_1_893' title='bbox 440 5672 612 5744; x_wconf 75' lang='grc' dir='ltr'>ϐριον.</span> <span class='ocrx_word' id='word_1_894' title='bbox 653 5678 765 5731; x_wconf 68' lang='grc' dir='ltr'>Καὶ</span> <span class='ocrx_word' id='word_1_895' title='bbox 797 5678 967 5732; x_wconf 78' lang='grc' dir='ltr'>ταῦτα</span> <span class='ocrx_word' id='word_1_896' title='bbox 1010 5682 1107 5752; x_wconf 82' lang='grc' dir='ltr'><strong>μὲν</strong></span> <span class='ocrx_word' id='word_1_897' title='bbox 1145 5682 1408 5761; x_wconf 78' lang='grc' dir='ltr'>ἐντέχνως</span> <span class='ocrx_word' id='word_1_898' title='bbox 1454 5683 1822 5763; x_wconf 81' lang='grc' dir='ltr'>κατέστρωται</span> <span class='ocrx_word' id='word_1_899' title='bbox 1859 5685 1987 5762; x_wconf 74' lang='grc' dir='ltr'>περὶ</span> <span class='ocrx_word' id='word_1_900' title='bbox 2024 5686 2268 5744; x_wconf 72' lang='grc' dir='ltr'>πάντωνο</span> <span class='ocrx_word' id='word_1_901' title='bbox 2299 5689 2437 5748; x_wconf 78' lang='grc' dir='ltr'>ἔστω</span> <span class='ocrx_word' id='word_1_902' title='bbox 2458 5707 2538 5744; x_wconf 91' lang='grc' dir='ltr'><strong>σοι</strong></span> <span class='ocrx_word' id='word_1_903' title='bbox 2559 5691 2614 5750; x_wconf 76' lang='grc' dir='ltr'>δὲ</span> <span class='ocrx_word' id='word_1_904' title='bbox 2640 5689 2808 5744; x_wconf 76' lang='grc' dir='ltr'>ταῦτα</span> <span class='ocrx_word' id='word_1_905' title='bbox 2865 5691 2934 5749; x_wconf 76' lang='grc' dir='ltr'>τὰ</span> <span class='ocrx_word' id='word_1_906' title='bbox 2978 5687 3283 5762; x_wconf 73' lang='grc' dir='ltr'>δηλωθέντα</span> <span class='ocrx_word' id='word_1_907' title='bbox 3329 5685 3405 5750; x_wconf 82' lang='grc' dir='ltr'>ὡς</span> <span class='ocrx_word' id='word_1_908' title='bbox 3456 5686 3513 5737; x_wconf 72' lang='grc' dir='ltr'>ὲν</span> <span class='ocrx_word' id='word_1_909' title='bbox 3545 5684 3656 5739; x_wconf 80' lang='grc' dir='ltr'>ἑπι-</span> 
     </span>
    </p>
   </div>
   <div class='ocr_carea' id='block_1_115' title="bbox 441 5769 600 5845">
    <p class='ocr_par' dir='ltr' id='par_1_115' title="bbox 441 5769 600 5845">
     <span class='ocr_line' id='line_1_115' title="bbox 441 5769 600 5845; baseline -0.006 -25"><span class='ocrx_word' id='word_1_910' title='bbox 441 5769 600 5845; x_wconf 70' lang='grc' dir='ltr'>τομῇ.</span> 
     </span>
    </p>
   </div>
  </div>
