3948 6264
289 306 441 364 5333

653 421 721 474 Al
747 416 996 473 ἐπαχται
1019 415 1278 471 ἑκάστου
1300 418 1514 488 μηνός.

284 549 413 620 Μὴν
459 549 834 621 Ὀκτώμϐριος
965 556 1014 604 α’
1152 550 1278 621 Μὴν
1311 551 1367 602 Ἀ
1376 550 1584 622 πρίλιος
1815 558 1862 604 α’

284 638 416 709 Μὴν
458 640 766 711 Νοέμϐριος
972 640 1016 694 δ’
1156 640 1280 712 Μὴν
1311 641 1483 704 Μάῖος
1813 648 1862 710 γ’

284 729 413 798 Μὴν
447 731 517 782 Δε
527 731 665 800 κέμὸ
673 747 783 801 ριος
969 737 1010 784 ε’
1152 730 1274 802 Μὴν
1293 730 1528 795 Ἰούνιος
1808 737 1862 796 ς’

266 841 269 854 θ
285 821 417 891 Μὴν
464 820 788 892 ἰανουάριος
965 822 1011 894 β’
1151 823 1276 893 Μὴν
1312 821 1528 886 Ἰούλιος
1811 829 1862 876 α’

286 913 420 982 Μὴν
451 913 819 985 Φεϐρουάριος
968 919 1010 966 ε’
1153 913 1276 984 Μὴν
1303 911 1609 983 Αὔγουστος
1817 914 1862 967 δ’

285 1003 415 1074 Μὴν
447 1005 696 1076 Μάρτιος
968 1011 1008 1059 ε’
1149 1005 1273 1078 Μὴν
1310 1005 1678 1078 Σεπτέμϐριος
1815 1006 1862 1070 ζ’

358 1118 426 1171 Et
485 1118 648 1192 βούλῃ
705 1119 883 1191 εὑρεῖν
918 1136 977 1173 σε
1023 1127 1084 1173 τὸ
1133 1119 1376 1192 Θεμέλιον
1420 1121 1512 1174 τοῦ
1543 1121 1857 1192 φεγγαρίου,

282 1209 455 1263 ὁπότε
509 1210 645 1282 λήθη
689 1210 929 1280 γίνεταιο
974 1213 1244 1284 κράτησον
1289 1211 1384 1266 τοῦ
1437 1213 1858 1284 ὲπιζητουμένου

282 1299 449 1364 ἔτους
475 1301 570 1354 τὸν
602 1301 796 1356 κύκλον
817 1303 916 1373 τῆς
945 1304 1170 1376 σελήνης
1191 1305 1385 1368 ὁπόσος
1418 1305 1510 1358 καὶ
1536 1301 1602 1376 ἦν
1621 1321 1634 1333 ·
1669 1304 1758 1358 καὶ
1783 1307 1862 1359 ἐν-

282 1388 728 1446 δεκαπλασίασον
776 1395 936 1448 αὐτόν
961 1410 977 1425 ο
1033 1395 1127 1448 καὶ
1179 1395 1412 1467 πρόσθες
1458 1395 1644 1449 ἐπάνω
1695 1396 1857 1450 αὑτοῦ

282 1479 452 1551 ἔτερα
492 1489 561 1551 γ’.
611 1481 721 1538 Εἶθ’
746 1486 917 1550 οὕτως
944 1486 1208 1541 ἀνάλυσον
1233 1487 1372 1542 αὐτὰ
1400 1486 1489 1542 διά
1521 1490 1630 1542 τῶν
1657 1488 1701 1543 λ’
1720 1507 1735 1522 ο
1764 1489 1857 1544 καὶ

278 1567 353 1622 τά
395 1572 647 1629 κάτωθεν
686 1576 792 1631 τῶν
825 1576 868 1631 λ’
899 1576 1116 1650 δηλοῦσι
1145 1578 1206 1632 τὸ
1241 1577 1485 1650 θεμέλιον
1516 1578 1610 1634 τοῦ
1655 1597 1858 1650 φεγγα-

284 1661 410 1733 ρίου
1600 1704 1606 1710 .
1758 1669 1760 1674 ’

293 1811 700 1832 *ιι*-

1186 305 1370 364 ΑΕἹἩ
1403 304 1493 361 DE
1520 303 2178 363 SIGNIFICA'I‘IONIBUS
2214 304 2653 363 STELLARUM.

1887 421 1939 478 Α

3392 309 3529 369 1534

2358 417 2575 487 Εραειίε
2606 434 2861 474 manuum
2889 417 3157 475 omnium-

1965 551 2198 609 October
2639 569 2653 609 ι
2835 556 3038 626 Aprilis
3111 551 3118 558 ’
3505 576 3522 615 ι

1963 646 2262 702 November
2606 633 2660 702 iv
2842 648 3015 703 Maius
3460 665 3521 706 ιιι

1961 740 2257 795 December
2627 757 2658 794 v
2836 738 3032 796 Junius
3465 759 3520 798 νι

1959 829 2252 884 Ianuarius
2622 845 2658 882 ιι
2835 828 3012 883 Julius
3501 851 3516 889 ι

1960 919 2291 977 Februarius
2630 936 2663 974 v
2835 921 3114 989 Augustus
3465 941 3526 978 ιν

1953 999 2185 1067 Martius
2629 1029 2662 1066 v
2842 1010 3156 1082 September
3441 1029 3521 1070 vn

2036 1123 2091 1178 Si
2150 1124 2291 1179 lunae.
2341 1122 2753 1179 fundamentum
2795 1124 3099 1194 cuiusmodi
3149 1133 3250 1192 snt,
3293 1125 3518 1191 oblitus,

1962 1217 2287 1288 investigare
2314 1217 2486 1272 velis:
2522 1216 2707 1285 accipe
2737 1217 2978 1272 lunarem
3018 1217 3228 1289 cyclum
3263 1219 3389 1272 anni
3422 1235 3518 1274 cu-

1959 1308 2203 1379 juslibet,
2235 1324 2470 1379 eumque
2500 1324 2595 1378 per
2630 1307 2885 1362 undecim
2915 1307 3212 1380 multiplica
3244 1327 3259 1365 :
3293 1326 3517 1366 summa;

1957 1401 2096 1456 adde
2123 1401 2251 1455 tria.
2286 1399 2558 1471 Quidquid
2589 1399 2692 1455 erit
2721 1400 3007 1455 collectum
3043 1415 3136 1471 per
3159 1417 3264 1456 xxx
3293 1401 3469 1457 divide
3494 1420 3510 1456 :

1959 1490 2235 1545 residuum
2285 1490 2331 1545 si
2383 1490 2453 1544 sit
2491 1487 2634 1543 infra
2673 1503 2803 1554 xxx,
2826 1490 3110 1560 quaesitum
3140 1489 3281 1545 lunae
3319 1489 3514 1544 funda-

1955 1589 2196 1637 mentum
2223 1580 2457 1636 exhibet.

1363 1956 1622 2044 ΠΕΡΙ
1675 1957 2438 2048 ΕΠΙΣΗΜΑΣΙΩΝ

1755 2135 2062 2192 ΔΣΤΕΡΩΝ

1098 2280 1196 2336 Ἐκ
1226 2278 1318 2335 τοῦ
1352 2279 1534 2352 τρίτου
1563 2279 1850 2352 τμήματος
1878 2279 2084 2334 Ἀετίου
2112 2278 2565 2352 Ἀμιδηνοῦ,κεφ.
2604 2278 2728 2352 ρξδκ

803 2527 954 2619 DE
1027 2527 2216 2621 SIGNIFICATIONIBUS
2285 2526 2985 2618 STELLARUM

1124 2718 1209 2776 Ex
1235 2704 1480 2776 Sermone
1508 2717 1608 2774 ΙΙΙ
1640 2717 1933 2777 Tetrabibli
1953 2719 2093 2775 Aetii
2116 2718 2380 2787 Amidem',
2405 2732 2553 2789 caput
2590 2720 2711 2776 164.

1547 2863 1845 2935 interprete
1871 2861 2156 2922 Comario.

366 3078 589 3151 Ἐπειδὴ
605 3079 660 3132 δὲ
676 3079 768 3134 καὶ
787 3081 834 3133 ot
857 3083 977 3135 κατ’
992 3081 1216 3155 οὐρανὸν
1232 3083 1457 3158 ἀστέρες
1473 3085 1848 3153 ἀνατέλλοντες
1881 3097 1911 3151 [1

2021 3081 2470 3153 Quandoquidem
2525 3081 2688 3136 etiam
2753 3080 2922 3137 stellae
2979 3081 3034 3136 in
3093 3082 3233 3138 cmlo
3273 3082 3512 3142 oriente:

281 3168 431 3223 κατά
449 3170 576 3232 τοὺς
605 3170 965 3240 τεταγμένους
991 3172 1172 3236 αὐτοῖς
1195 3173 1301 3226 ὑπὸ
1324 3172 1418 3228 τοῦ
1448 3174 1582 3229 Θεοῦ
1605 3178 1848 3248 καιροὺς,

280 3263 380 3316 καὶ
412 3261 662 3326 δύνοντες
696 3249 905 3334 ’ὁμοίως
945 3264 1036 3318 τὸν
1064 3265 1200 3336 ἀέρα
1247 3265 1566 3330 ἀλλοιοῦσιν,
1607 3268 1680 3332 ὡς
1715 3286 1851 3333 συμ-

279 3351 494 3405 ϐαίνειν
521 3354 583 3405 ὲκ
610 3351 796 3406 τούτου
836 3353 929 3406 καὶ
963 3354 1194 3424 ἀνέμους
1230 3356 1413 3410 ἄλλοτε
1457 3358 1630 3422 ἄλλως
1662 3364 1813 3413 πνεῖν
1833 3377 1847 3392 ·

279 3443 586 3511 ἀναγκαῖον
614 3442 839 3512 ἐνόμισα
870 3442 1102 3496 ἐνταῦθα
1137 3443 1372 3513 δηλῶσαι
1405 3449 1647 3516 καιροὺς,
1687 3449 1744 3500 ὲν
1771 3444 1853 3511 οἷς

279 3535 489 3599 αὐτῶν,
530 3534 714 3604 σαφῶς
754 3534 1104 3590 ἀλλοιούντων
1139 3535 1230 3589 τὸν
1278 3537 1432 3608 ἀέρα,
1475 3537 1726 3592 ἀνατολαὶ
1759 3539 1853 3592 καὶ

274 3623 469 3688 δύσεις
515 3625 768 3693 γίνονται.
801 3625 911 3679 Καὶ
965 3625 1075 3696 γὰρ
1119 3626 1224 3679 τῶν
1262 3627 1610 3694 ὑγιαινόντων
1641 3627 1708 3680 τὰ
1745 3626 1851 3679 σώ-

281 3732 454 3786 ματα,
490 3715 584 3768 καὶ
613 3714 793 3786 πολλῷ
827 3717 1023 3786 μᾶλλον
1060 3716 1167 3769 τῶν
1205 3717 1521 3783 νοσούντων,
1553 3718 1851 3773 ἀλλοιοῦται

280 3807 417 3878 πρὸς
452 3808 552 3878 τὴν
579 3806 672 3860 τοῦ
699 3808 858 3881 ἀέρος
881 3808 1226 3862 κατάστασιν.

348 3900 506 3970 Μηνὶ
538 3899 777 3970 Δύστρῳ,
828 3901 856 3954 ὅ
913 3903 1026 3954 ἐστι
1069 3899 1295 3972 Μαρτίῳ
1343 3899 1429 3964 ιϐ’,
1479 3901 1508 3954 ὁ
1566 3898 1852 3971 λεγόμενος

282 3990 488 4053 Ἵππος
513 3990 808 4044 ἀνατέλλει.

348 4079 506 4150 Μηνὶ
537 4078 614 4150 τῷ
647 4079 794 4152 αὐτῷ
831 4085 915 4148 κγ’
947 4080 1201 4153 ίσημερία
1229 4081 1415 4154 ὲαρινή
1435 4097 1449 4112 ⁸
1480 4082 1574 4140 καί
1610 4083 1726 4136 ἐστι
1757 4099 1854 4156 με·

280 4171 450 4242 γίστη
475 4171 684 4243 ταραχὴ
713 4170 806 4224 τοῦ
834 4171 1012 4243 ἀέρος.

351 4262 509 4332 Μηνὶ
557 4261 821 4332 Ξανθικῷ,
864 4263 1141 4346 τουτέστιν
1182 4262 1438 4336 ’Δπριλίῳ
1476 4269 1546 4328 α’,
1590 4261 1853 4335 Πληῖάδες

280 4349 578 4421 ἀκρόνυχοι
610 4351 907 4418 φαίνονται.

1947 3173 2106 3246 juxta
2135 3179 2378 3242 tempora
2432 3187 2462 3226 a
2521 3170 2631 3226 Deo
2678 3171 2814 3241 ipsis
2845 3171 3120 3237 ordinata,
3173 3179 3227 3228 et
3257 3173 3510 3230 similiter

1951 3265 2266 3324 occidentes
2289 3279 2413 3318 aera
2453 3271 2689 3327 mutant,
2729 3272 2788 3318 ut
2813 3264 3093 3334 contingat
3119 3281 3184 3320 ex
3220 3265 3320 3320 hoc
3346 3267 3509 3321 etiam

1951 3362 2148 3410 ventos
2176 3355 2313 3409 alias
2343 3353 2499 3408 aliter
2539 3354 2769 3424 spirare,
2817 3355 3190 3410 necessarium
3243 3354 3371 3410 duxi
3425 3356 3511 3410 hic

1951 3453 2193 3516 tempora
2224 3444 2488 3508 indicare,
2516 3445 2570 3499 in
2604 3445 2799 3516 quibus
2823 3461 3032 3509 earum,
3068 3461 3188 3516 qua
3215 3447 3390 3518 palam
3422 3463 3512 3503 ae-

1950 3551 2063 3592 rem
2088 3536 2340 3600 alterant,
2365 3545 2516 3591 ortus
2552 3543 2606 3591 et
2645 3551 2874 3592 occasus
2899 3536 3052 3590 ﬁunt.
3078 3536 3211 3590 Nam
3252 3552 3508 3592 sanorum

1951 3641 2205 3697 corpora,
2248 3633 2303 3682 et
2352 3625 2521 3680 multo
2564 3626 2738 3697 magis
2781 3633 3128 3698 aegrotorum,
3158 3627 3314 3698 juxta
3365 3627 3508 3684 aeris

1952 3724 2156 3773 statum
2191 3717 2514 3772 alterantur.

2022 3897 2207 3954 Mense
2243 3897 2461 3969 Dystro,
2498 3896 2592 3967 qui
2623 3895 2848 3953 Martius
2873 3904 2978 3962 est,
3005 3895 3190 3967 Equus
3212 3912 3371 3954 mane
3399 3898 3502 3953 orl-

1951 3995 2042 4042 tur
2066 3987 2275 4043 decima
2301 4002 2441 4040 nona
2479 3985 2587 4041 die.

2020 4077 2204 4134 Mense
2251 4078 2462 4146 eodem,
2517 4077 2604 4133 die
2649 4093 2806 4143 xxiu,
2845 4078 3233 4148 aequinoctium
3283 4093 3511 4135 vernum

1951 4178 2056 4234 est,
2089 4177 2143 4224 et
2161 4169 2396 4223 maxima
2419 4169 2562 4224 aeris
2589 4169 2849 4226 turbatio.

1996 4258 2204 4328 _Mense
2220 4257 2512 4324 Xanthico,
2538 4259 2632 4328 qui
2654 4266 2740 4314 est
2757 4258 2983 4329 Aprilis,
2997 4259 3170 4330 prima
3191 4256 3513 4316 dieineunte

1952 4360 2110 4405 nocte
2135 4350 2182 4382 ὀ
2211 4348 2458 4404 Pleiades
2483 4357 2763 4419 apparent.

351 4439 505 4511 Μηνὶ
525 4439 604 4510 τῷ
632 4439 779 4510 αὐτῷ
810 4440 872 4494 ιϐ’
897 4441 1158 4512 Πληῖάδες
1187 4441 1426 4514 ἑσπέριοι
1448 4441 1799 4514 κρύπτονται.
1877 4426 1911 4485 (ἶ

2022 4439 2206 4495 Mense
2245 4439 2460 4503 eodem,
2503 4439 2592 4494 die
2623 4455 2737 4507 xu,
2789 4437 3036 4494 Pleiades
3078 4439 3289 4510 vesperi
3324 4440 3510 4496 occul-

352 4531 507 4600 Μηνὶ
537 4530 614 4602 τῷ
656 4531 803 4603 αὐτῷ
834 4539 924 4586 κα’
958 4534 1219 4604 nmiae;
1262 4534 1378 4604 ἅμα
1425 4532 1575 4604 ἡλίου
1619 4534 1845 4606 ἀνατολῇ

284 4621 626 4678 ὶπιτέλλουσι
645 4641 659 4656 ·
689 4627 779 4680 καί
811 4627 924 4678 ἐστι
960 4626 1188 4699 μεγίστη
1215 4628 1248 4696 ἡ
1291 4625 1419 4697 περὶ
1450 4625 1540 4679 τὸν
1586 4626 1724 4698 ἀέρα
1755 4644 1849 4680 τα-

288 4717 450 4787 ραχήο

356 4806 606 4878 Μηνὶτῷ
633 4805 779 4879 αύτῷ
802 4806 882 4871 κζ’
915 4807 1102 4880 Ὠρίων
1129 4809 1376 4880 ἑσπέριος
1397 4808 1714 4881 κρύπτεται.

355 4899 505 4970 Μηνὶ
553 4900 898 4970 Ἀρτεμισίῳ,
948 4901 976 4954 ὅ
1017 4902 1132 4954 ἐστι
1169 4904 1331 4973 Μαΐῳ
1375 4908 1445 4965 α’,
1493 4902 1683 4967 Ὑάδες
1731 4901 1848 4973 ἅμα

288 4987 440 5059 ἡλίου
473 4989 703 5060 ἀνατολῇ
735 4989 1089 5045 έπιτέλλουσι.

357 5079 602 5151 Μηνὶτῷ
621 5079 769 5150 αὐτῷ
798 5079 862 5144 δ’,
895 5079 1047 5152 Λύρα
1067 5080 1317 5153 ἑσπέριος
1338 5080 1624 5145 ἐπιτέλλει,
1652 5081 1743 5134 καὶ
1763 5081 1850 5136 ἀλη

290 5167 524 5224 λοιοῢται
546 5169 651 5241 ἀὴρ
686 5170 901 5233 ἱκανῶς.

359 5263 505 5332 Μηνὶ
534 5261 610 5332 τῷ
647 5259 794 5332 αύτῷ
821 5267 874 5326 ς’
905 5261 1004 5326 Αἲξ
1041 5263 1149 5332 έῴα
1194 5262 1478 5328 ἐπιτέλλει,
1521 5263 1614 5316 καὶ
1644 5261 1847 5332 σφόδρα

291 5351 591 5406 ἀλλοιοῦται
613 5354 641 5406 ὁ
665 5353 774 5425 ἀὴρ
807 5351 912 5424 πρὸ
951 5355 1079 5424 μιᾶς
1107 5354 1140 5424 ἢ
1169 5353 1280 5407 δύο.

359 5444 506 5515 Μηνὶ
527 5444 688 5516 Μαΐῳ
714 5442 756 5508 ζ’
782 5443 1042 5514 Πληϊάδες
1060 5444 1191 5516 έῷαι
1220 5444 1517 5514 φαίνονται,
1557 5444 1651 5499 καὶ
1685 5445 1847 5518 ἀρχε-

298 5544 381 5585 ut
410 5535 439 5587 ό
462 5533 569 5604 ἀὴρ
601 5531 974 5587 καθίστασθαι.

369 5685 412 5718 ²⁶
437 5685 726 5743 Carnarius
763 5686 916 5754 male,
945 5689 1264 5760 intempesta
1304 5695 1483 5746 nocte.

1956 4540 2156 4587 tantur.

2022 4622 2206 4681 Mense
2232 4625 2442 4690 eodem,
2472 4642 2586 4692 xxx,
2603 4624 2848 4680 Pleiades
2870 4638 2992 4678 cum
3021 4623 3153 4679 solis
3180 4630 3306 4678 ortu
3335 4625 3513 4679 oriun-

1952 4723 2079 4771 tur:
2117 4727 2171 4772 et
2200 4723 2284 4772 est
2309 4717 2548 4771 maxima
2574 4717 2722 4772 circa
2756 4729 2936 4770 aerem
2971 4713 3227 4767 turbatio.

2023 4806 2206 4862 Mense
2229 4806 2440 4871 eodem,
2469 4823 2642 4872 xxvu,
2670 4805 2838 4861 Orion
2872 4805 3084 4874 vesperi
3115 4804 3439 4859 occultatur.

2021 4896 2204 4954 Mense
2224 4896 2538 4966 Artemisio,
2569 4897 2672 4952 hoc
2693 4906 2777 4953 est
2805 4896 2964 4959 Maio,
2991 4895 3165 4966 prima
3189 4893 3278 4950 die
3296 4893 3510 4966 Hyades

1952 5005 2077 5045 cum
2112 4990 2242 5046 solis
2268 5001 2387 5046 ortu
2412 4990 2684 5044 oriuntur.

2025 5078 2208 5133 Mense
2234 5079 2444 5141 eodem,
2482 5094 2536 5134 ιν
2567 5079 2676 5144 die,
2699 5075 2837 5148 Lyra
2869 5075 3077 5147 vesperi
3112 5075 3305 5142 oritur,
3340 5081 3395 5130 et
3419 5089 3512 5130 aer

1953 5171 2186 5226 multum
2219 5171 2499 5226 alteratur.

2022 5260 2206 5317 Mense
2225 5261 2435 5326 eodem,
2462 5277 2538 5328 vi,
2562 5261 2733 5331 Capra
2756 5273 2916 5314 mane
2935 5258 3128 5322 oritur,
3151 5267 3197 5312 et
3213 5256 3368 5311 valde
3389 5257 3514 5310 alte-

1951 5361 2106 5407 ratur
2137 5361 2246 5408 aer.

2023 5441 2148 5499 Maii
2176 5459 2250 5500 vu
2270 5442 2514 5501 Pleiades
2542 5459 2700 5499 mane
2727 5451 3008 5516 apparent.
3030 5449 3084 5496 et
3107 5453 3200 5496 aer
3220 5435 3397 5495 sedari
3425 5438 3511 5492 in-

1948 5533 2099 5604 cipit.
