3948 6264
445 302 597 386 ’1535
1504 325 1594 379 ΑΙ)
1635 322 1905 381 unseen
1941 318 2337 377 cnnomcon
2372 321 2734 383 APPENDIX.
3551 321 3684 379 νεεδ

524 443 651 499 Maii
682 460 795 509 xix,
834 442 1047 517 Hyades
1098 460 1258 500 mane
1309 453 1591 515 apparent,
1639 453 1693 499 et
1728 458 1823 499 aer
1869 442 2028 498 valde
2053 441 2083 498 Δ

2193 444 2338 514 Μηνὶ
2363 445 2523 516 Μαΐῳ
2549 444 2613 499 ιϐ’
2645 445 2830 511 Ὑάδες
2851 442 2982 516 ἑῷαι
3017 441 3312 514 φαίνονται,
3337 441 3435 495 καὶ
3455 439 3688 494 ἀλλοιού-

454 536 719 591 alteralur
742 536 936 607 pridie,
963 545 1059 591 aut
1089 537 1288 593 nudius
1312 537 1505 592 tertius
1540 537 1659 606 ejus
1681 537 1808 591 diei.

1738 537 1808 591 ei.
2124 552 2214 589 ται
2243 535 2382 589 πάνυ
2409 538 2438 589 6
2470 536 2576 608 ἀὴρ
2601 535 2706 607 πρὸ
2734 536 2861 606 μιᾶς
2880 534 2913 605 ἣ
2934 534 3028 588 δύο
3054 531 3295 605 ἡμερῶν.

529 626 651 681 Maii
698 643 826 681 xxiv
857 626 1034 698 Capra
1065 629 1278 700 vesperi
1333 628 1681 693 occultatur;
1710 634 1766 684 et
1815 627 2018 682 nudius

2191 629 2336 700 Μηνὶ
2372 628 2451 700 τῷ
2491 617 2639 700 αὐτῷ
2671 629 2745 682 κδ’
2774 627 2873 693 Αἲξ
2909 627 3161 699 ἑσπέριος
3213 625 3517 698 κρύπτεται
3538 639 3556 655 ⁸
3598 622 3687 680 καὶ

457 716 652 773 tertius
677 717 799 787 ejus
830 716 937 773 diei
969 733 1063 773 aer
1091 725 1363 774 movetur.

2123 722 2353 774 κινεῖται
2380 721 2408 772 6
2433 719 2540 791 ἀὴρ
2571 718 2677 790 πρὸ
2702 718 2794 772 δύο
2816 717 3055 789 ἡμερῶν.

527 808 728 866 Mensis
755 808 904 865 Junii
946 809 1210 875 secunda,
1237 810 1430 880 Aquila
1460 810 1670 882 vesperi
1699 809 1898 865 oritur.

2193 810 2339 882 Μηνὶ
2375 809 2576 881 Ἰουνίῳ
2606 809 2649 879 β’
2690 809 2869 872 Ἀετὸς
2894 808 3145 880 ἑσπέριος
3174 806 3459 861 ἑπιτέλλει.

526 895 730 952 Mensis
758 896 1000 966 ejusdem
1027 913 1082 952 v1
1119 897 1383 952 Arcturus
1411 914 1572 954 mane
1609 899 1830 955 occidit.

2195 902 2341 972 Μηνὶ
2371 900 2450 971 τῷ
2482 899 2631 970 αὐτῷ
2660 906 2713 964 ς’
2759 899 3079 971 ’Δρκτοῦρος
3104 897 3238 967 ἑῷος
3260 896 3426 951 δύνει.

525 985 730 1042 Mensis
755 989 1000 1057 ejusdem
1030 1004 1087 1042 ix
1119 988 1345 1059 Delphin
1374 1005 1603 1061 vespere
1631 991 1824 1046 oritur.
2002 986 2003 989 “

2002 986 2003 989 “
2194 993 2341 1064 Μηνὶ
2367 991 2446 1062 τῷ
2475 990 2622 1062 αὐτῷ
2658 990 2702 1045 θ’
2726 989 2918 1057 Δελφὶς
2947 988 3194 1059 ἑσπέριος
3220 987 3511 1043 ἐπιτέλλει.

526 1075 799 1135 Vicesima
827 1080 1019 1150 quinta
1053 1080 1220 1136 Orion
1257 1096 1416 1137 mane
1462 1083 1595 1137 oriri
1639 1083 1850 1153 incipit.
1884 1083 2024 1138 Sunt

2194 1082 2339 1153 Μηνὶ
2366 1080 2443 1152 τῷ
2496 1079 2643 1151 αύτῷ
2675 1084 2754 1134 κε’
2800 1078 2989 1151 Ὠρίων
3038 1077 3171 1148 ἑῷος
3209 1076 3435 1149 ἄρχεται
3475 1076 3683 1131 ἑπιτὲλ-

459 1178 639 1225 autem
674 1171 912 1226 solstitia
957 1172 1167 1240 aestiva,
1193 1180 1249 1227 et
1288 1189 1381 1230 aer
1416 1174 1593 1244 tribus
1638 1174 1830 1230 diebus
1863 1183 2018 1231 antea

2126 1174 2257 1228 λειν.
2287 1173 2408 1227 Εἰσὶ
2436 1173 2494 1227 δὲ
2516 1175 2714 1244 τροπαὶ
2737 1170 2942 1243 θεριναί
2961 1185 2975 1200 ⁸
3021 1171 3117 1225 καὶ
3149 1169 3453 1224 ἀλλοιοῦται
3484 1169 3685 1242 σφόδρα

455 1262 612 1318 valde
636 1262 919 1317 alteratur.

2125 1269 2153 1321 6
2180 1264 2287 1338 ἀὴρ
2312 1264 2416 1337 πρὸ
2445 1264 2609 1337 τριῶν
2638 1263 2880 1337 ἡμερῶν.

527 1354 730 1412 Mensis
762 1355 892 1410 Julii
920 1358 1082 1412 tertio
1109 1356 1278 1414 Orion
1301 1367 1449 1416 totus
1481 1361 1677 1416 oritur.

2194 1357 2342 1426 Μηνὶ
2385 1356 2584 1425 Ἰουλίῳ
2610 1362 2658 1425 γ’
2699 1353 2888 1427 Ὠρίων
2917 1355 3036 1420 ὅλος
3066 1355 3350 1410 ἐπιτέλλει.

533 1444 755 1501 Decima
782 1454 977 1516 quarta
1011 1446 1254 1520 Procyon
1286 1465 1444 1505 mane
1466 1452 1663 1508 oritur.

2191 1447 2337 1519 Μηνὶ
2367 1446 2444 1518 τῷ
2473 1447 2619 1518 αύτῷ
2651 1447 2710 1500 ιδ’
2735 1446 2994 1519 Προκύων
3016 1447 3150 1519 ἑῷος
3181 1446 3472 1503 ἐπιτέλλει.

532 1535 749 1592 Decima
797 1553 941 1592 nona
982 1538 1148 1595 Canis
1204 1557 1362 1596 mane
1411 1544 1623 1608 oritur;
1674 1552 1728 1599 et
1760 1544 2028 1615 contingit

2195 1540 2342 1612 Μηνὶ
2367 1538 2445 1614 τῷ
2476 1539 2622 1613 αύτῷ
2654 1539 2717 1593 ιϐ’
2745 1539 2905 1597 Κύων
2937 1539 3070 1612 ἑῷος
3089 1539 3351 1594 ἐπιτέλλει
3369 1557 3383 1571 ο
3422 1540 3519 1595 καὶ
3546 1540 3687 1609 γίνε-

456 1630 693 1684 maxima
740 1631 883 1686 aeris
931 1631 1207 1701 turbatio;
1268 1632 1564 1704 aliquando
1599 1636 1763 1693 etiam
1817 1637 2015 1695 nudius

2126 1647 2215 1683 ται
2260 1630 2490 1701 μεγίστη
2520 1628 2612 1684 τοῦ
2636 1630 2795 1702 ἀέρος
2847 1629 3078 1702 ταραχὴ,
3109 1630 3279 1683 ἑνίοτε
3316 1632 3412 1684 καὶ
3454 1628 3562 1700 πρὸ
3598 1629 3685 1684 δύο

458 1723 653 1778 tertius
676 1723 797 1792 ejus
827 1723 957 1780 diei.

827 1723 957 1780 diei.
2050 1781 2098 1794 __
2123 1722 2364 1794 ἠμεῴν.

531 1781 806 1870 Vicesima
836 1814 1030 1884 quinta
1056 1814 1257 1886 Aquila
1300 1831 1460 1873 mane
1496 1818 1728 1889 occidit;
1777 1828 2026 1878 movetur
2050 1781 2090 1843 Β

2146 1781 2339 1886 ..Μηνὶ
2364 1811 2441 1885 τῷ
2460 1813 2605 1886 αύτῷ
2633 1818 2710 1868 κε’
2744 1813 2924 1878 Ἀετὸς
2952 1812 3085 1885 ἑῷος
3111 1813 3285 1867 δύνει·
3316 1814 3547 1866 κινεῖται
3580 1811 3635 1866 δὲ
3658 1814 3687 1868 6

461 1912 640 1960 autem
673 1921 768 1961 aer
798 1916 921 1963 ante
959 1907 1224 1963 triduum.

2126 1903 2235 1977 ἀὴρ
2272 1904 2378 1976 πρὸ
2407 1904 2571 1975 τριῶν
2596 1904 2837 1977 ἡμερῶν.

536 1996 739 2053 Mensis
766 1998 1103 2069 Augusti-xv
1139 1998 1279 2071 Lyra
1308 2016 1469 2056 mane
1492 2001 1712 2058 occidit.

2196 1995 2660 2066 Μηνὶ-Αὐγούστῳ
2695 2003 2755 2048 ιε’
2784 1994 2936 2068 Λύρα
2961 1996 3095 2069 ἑῷος
3113 1996 3277 2051 δύνει.

476 2084 485 2091 ’
536 2089 755 2146 Decima
790 2106 935 2146 nona
983 2090 1214 2161 Delphin
1250 2108 1411 2150 mane
1441 2093 1685 2165 occidit;
1715 2103 1771 2151 et
1800 2105 1883 2153 est
1908 2111 2031 2152 mu—

2192 2087 2341 2158 Μηνὶ
2370 2087 2449 2158 τῷ
2491 2085 2639 2158 αὐτῷ
2689 2087 2753 2142 ιϐ’
2793 2087 2989 2158 Δελφὶς
3043 2087 3174 2159 ἑῷος
3219 2088 3397 2143 δύνει·
3433 2089 3529 2142 καὶ
3579 2089 3685 2144 ἐστι

462 2182 600 2235 tatio
625 2181 833 2238 aestatis
855 2182 921 2237 ad
948 2182 1327 2253 {rigiditatem

2125 2177 2303 2250 τροπὴ
2336 2179 2428 2233 τοῦ
2461 2179 2651 2251 θέρους
2677 2180 2770 2233 ἑπὶ
2802 2180 2864 2235 τδ
2883 2181 3086 2252 ψυχρόν
3108 2184 3173 2236 ²¹.

534 2274 806 2333 Vicesima
856 2286 1048 2332 octava
1095 2276 1465 2334 Vindemiator
1511 2295 1672 2336 mane
1729 2282 1937 2348 oritur.
1976 2291 2031 2341 et
2078 2270 2083 2275 ’

2198 2272 2346 2342 Μηνὶ
2375 2270 2454 2343 τῷ
2482 2272 2630 2344 αύτῷ
2672 2280 2758 2344 κη’
2791 2274 3182 2345 Προτρυγητὴς
3223 2273 3356 2345 ἑῷος
3403 2273 3685 2340 ἐπιτέλλει,

466 2367 644 2422 malus
669 2366 834 2424 Navis
867 2369 1070 2425 occidit
1099 2388 1113 2425 :
1146 2380 1200 2425 et
1229 2377 1314 2426 est
1336 2370 1461 2427 ﬁnis
1492 2372 1701 2430 dierum
1728 2384 1851 2447 post
1872 2394 2025 2433 exor-

2131 2365 2225 2421 καὶ
2254 2366 2284 2419 6
2318 2365 2485 2430 Ἰστδς
2514 2364 2679 2420 δύνει.
2711 2367 2866 2419 Ἐστι
2901 2366 3023 2419 τότε
3044 2366 3194 2430 τέλος
3226 2366 3361 2439 μετὰ
3388 2366 3488 2440 τὴν
3515 2369 3688 2423 ἐπιτο-

464 2463 580 2512 tum
607 2456 772 2514 Canis
800 2456 1009 2514 dierum
1042 2476 1131 2516 τι..

2129 2458 2227 2531 λὴν
2249 2456 2344 2513 τοῦ
2375 2456 2552 2520 Κυνὸς
2581 2457 2799 2530 ἡμερῶν
2835 2465 2924 2529 μ’.’

535 2545 742 2604 Mensis
774 2547 1109 2621 Septembris
1135 2555 1364 2625 septima
1392 2555 1571 2628 Capra
1600 2556 1813 2626 vesperi
1835 2558 2030 2613 oritur.

1982 2573 2030 2612 ι’,
2200 2551 2347 2622 Μηνὶ
2377 2548 2730 2621 Σεπτεμϐρίῳ
2763 2548 2810 2615 ζ’
2841 2550 2940 2616 Αἲξ
2972 2550 3224 2623 ἑσπέριος
3249 2550 3537 2606 ἐπιτέλλει.

539 2637 760 2696 Decima
793 2643 1024 2713 septima
1063 2643 1329 2704 Arcturus
1366 2648 1562 2715 oritur,
1592 2655 1647 2704 et
1675 2649 1870 2706 alterat
1907 2666 2033 2706 vero

2199 2641 2348 2713 Μηνὶ
2386 2639 2464 2712 τῷ
2511 2641 2659 2712 αὐτῷ
2704 2639 2767 2706 ιζ’
2790 2643 2835 2674 ¹²
2875 2640 3198 2714 ’Δρκτοῦρος
3240 2642 3508 2697 ἐπιτέλλει
3530 2660 3544 2674 ·
3603 2643 3690 2697 καὶ

467 2734 718 2797 sequenti
739 2732 847 2788 die.
1984 2728 1995 2737 ’

1984 2728 1995 2737 ’
2131 2732 2333 2787 ἀλλοιοῖ
2357 2735 2425 2805 τῇ
2453 2732 2579 2805 ἑξῆς
2605 2732 2788 2806 ἡμέρᾳ
2811 2734 2876 2788 ³³.

541 2822 760 2879 Decima
791 2840 939 2880 nona
973 2826 1136 2897 Spica
1185 2845 1346 2886 mane
1388 2830 1584 2898 oritur,
1634 2832 1897 2887 alteratur
1940 2847 2034 2890 aer

2200 2824 2348 2896 Μηνὶ
2370 2822 2448 2894 τῷ
2470 2822 2617 2894 αὐτῷ
2654 2823 2715 2876 ιϐ’
2747 2823 2956 2895 Στάχυς
2989 2823 3121 2896 ἑῷος
3141 2823 3406 2878 ἑπιτέλλει
3424 2841 3440 2854 ·
3465 2824 3692 2879 ἀλλοιοῦ-

468 2915 684 2970 duobus
715 2916 909 2974 diebus
941 2927 1121 2975 antea.
1816 2900 1817 2903 Ἴ

1816 2900 1817 2903 η
2130 2932 2221 2969 ται
2246 2914 2303 2969 δὲ
2327 2918 2355 2970 6
2382 2916 2488 2988 ἀὴρ
2519 2915 2625 2989 πρὸ
2646 2916 2739 2970 δύο
2762 2916 3001 2989 ἡμερῶν.

539 3007 809 3062 Vieesima
832 3009 1020 3081 quinta
1043 3011 1428 3081 aequinoctium
1454 3012 1511 3066 iit
1528 3012 1928 3077 autumnale,et
1950 3019 2034 3069 est

2200 3006 2347 3079 Μηνὶ
2383 3005 2461 3077 τῷ
2482 3005 2629 3077 αὐτῷ
2659 3012 2737 3060 κε’
2762 3005 3018 3077 ίσημερία
3046 3005 3408 3077 φθινοπωρινή
3432 3024 3446 3037 η
3475 3005 3572 3064 καὶ
3613 3005 3689 3075 γί-

467 3098 706 3152 maxima
737 3100 882 3156 aeris
917 3102 1156 3156 turbatio
1195 3103 1371 3158 tribus
1396 3112 1556 3159 antea
1585 3102 1778 3159 diebus
1812 3122 1827 3157 :
1862 3118 2026 3174 quare

2135 3114 2281 3151 νεται
2299 3096 2526 3169 μεγίστη
2537 3095 2747 3170 ταραχὴ
2760 3095 2852 3149 τοῦ
2869 3095 3027 3168 ἀέρος
3055 3095 3161 3168 πρὸ
3180 3096 3344 3168 τριῶν
3360 3098 3601 3168 ἡμερῶνυ
3616 3095 3691 3150 διὸ

467 3195 556 3242 est
594 3187 892 3245 cavendum
935 3207 1003 3246 ne
1042 3185 1235 3248 venain
1284 3208 1568 3256 sccemus,
1614 3208 1794 3263 neque
1834 3209 2026 3265 purge-

2136 3190 2646 3262 παραφυλάττεσθαι
2672 3190 2776 3262 χρὴ
2809 3189 2940 3262 μηδὲ
2955 3188 3324 3260 φλεδοτομεῖν,
3346 3188 3480 3259 μηδὲ
3506 3186 3690 3241 καθαί-

469 3294 628 3343 mus,
659 3295 837 3349 neque
877 3282 1013 3336 alias
1047 3297 1250 3354 corpus
1283 3283 1589 3340 vehementi
1621 3290 1787 3338 motu
1818 3299 2028 3340 movea-

2141 3301 2272 3357 ρειν,
2310 3282 2433 3354 μηδ’
2471 3283 2644 3347 ἄλλως
2671 3282 2732 3335 τὸ
2757 3282 2912 3352 σῶμα
2937 3284 3104 3335 κινεῖν
3126 3280 3326 3352 σφοδρᾷ
3356 3282 3571 3353 κινήσει
3595 3280 3693 3335 ἀπὸ

473 3384 595 3425 mus
623 3386 651 3424 a
687 3370 898 3425 decima
946 3373 1137 3443 quinta
1175 3373 1510 3446 Septembris
1536 3391 1712 3447 usque
1744 3377 1812 3432 ad
1842 3376 2032 3433 vicesi-

1483 3391 1510 3432 s
1536 3391 1712 3447 usque
1744 3377 1812 3432 ad
1842 3376 2038 3433 vicesi-
2139 3383 2200 3436 ιε’
2229 3376 2321 3431 τοῦ
2349 3374 2722 3449 Σεπτεμϐρίου
2751 3373 2912 3447 μέχρι
2942 3373 3038 3429 κδ’.

472 3476 615 3516 mam
645 3472 892 3532 quartam
923 3464 1165 3534 ejusdem
1189 3465 1417 3526 mensis.

542 3549 740 3608 Iliensis
764 3549 1015 3610 Octobris
1041 3564 1193 3610 sexta
1227 3555 1441 3611 Corona
1467 3571 1624 3613 mane
1652 3559 1846 3626 oritur,
1874 3566 1928 3617 et
1952 3568 2037 3617 est

2205 3556 2354 3627 Μηνὶ
2391 3553 2704 3626 Ὀκτωϐρίῳ
2732 3559 2785 3619 ς’
2817 3550 3086 3623 Στέφανος
3121 3550 3253 3623 ἑῷος
3283 3549 3588 3604 summer
3608 3551 3694 3607 καί

467 3643 764 3700 vehemens
795 3645 938 3703 aeris
967 3649 1214 3704 mutatio.

2137 3649 2253 3702 ἑστι
2283 3646 2487 3718 σφοδρὰ
2516 3644 2784 3718 μεταϐολὴ
2810 3643 2905 3698 τοῦ
2939 3643 3118 3715 ἀέρος.

542 3735 784 3808 Septima
818 3737 975 3794 Haedi
1001 3741 1212 3811 vesperi
1235 3741 1507 3798 oriuntur.

2205 3741 2351 3811 Μηνὶ
2374 3738 2452 3808 τῷ
2481 3737 2627 3807 αὐτῷ
2655 3735 2701 3801 ζ’
2736 3739 2952 3808 Ἕριφοι
2978 3735 3222 3806 ἑσπέριοι
3248 3733 3603 3788 ἑπιτέλλουσι.

543 3828 764 3884 Decima
824 3832 1052 3900 septima
1097 3831 1314 3906 Hyades
1360 3851 1586 3907 vespere
1640 3837 1941 3895 oriuntur:
1984 3844 2038 3893 et

2207 3832 2354 3902 Μηνὶ
2376 3829 2452 3900 τῷ
2477 3828 2622 3899 αύτῷ
2652 3826 2716 3894 ιζ’
2750 3827 2937 3890 Ὑάδες
2953 3825 3193 3897 ἑσπέριοι
3211 3824 3549 3878 ἑπιτέλλουσι
3567 3841 3583 3855 ·
3608 3825 3708 3901 καὶ

472 3933 669 3989 magna
694 3922 750 3975 iit
777 3923 920 3977 aeris
949 3924 1210 3980 turbatio.

2139 3924 2298 3995 ίκανὴ
2319 3919 2532 3994 ταραχὴ
2552 3917 2646 3972 τοῦ
2675 3917 2837 3991 ἀέρος
2858 3918 3083 3988 γίνεται.

546 4009 820 4067 Vicesima
849 4015 1030 4082 tertia,
1061 4031 1168 4070 una
1197 4033 1319 4073 cum
1352 4020 1486 4075 solis
1526 4029 1647 4075 ortu
1671 4019 1917 4078 Pleiades
1940 4035 2038 4075 oc-

2207 4017 2353 4086 Μηνὶ
2376 4014 2456 4085 τῷ
2477 4010 2624 4081 αὐτῷ
2646 4017 2728 4080 κγ’
2751 4009 2866 4081 ἅμα
2893 4009 3040 4081 ἡλίου
3067 4009 3296 4078 ἀνατολῇ
3320 4007 3589 4077 Πληϊάδες
3613 4004 3694 4060 δύ-

474 4103 666 4159 cidunt
699 4124 714 4162 :
745 4113 799 4161 et
828 4108 1094 4180 contingit
1125 4109 1299 4182 pridie
1329 4113 1568 4168 maxima
1604 4114 1748 4169 aeris
1774 4114 2033 4169 turbatio.

2138 4124 2286 4162 νουσι
2306 4124 2319 4138 ·
2352 4106 2445 4161 καί
2477 4106 2592 4159 ἑστι
2622 4104 2849 4176 μεγίστη
2874 4100 3085 4173 ταραχὴ
3115 4098 3207 4154 τοῦ
3242 4099 3402 4171 ἀέρος
3428 4100 3537 4172 πρὸ
3578 4099 3694 4169 uti:

2138 4200 2371 4272 ἡμέραςο

545 4283 747 4343 Mensis
771 4285 1096 4347 Novembris
1125 4298 1278 4347 sexta
1296 4290 1546 4349 Pleiades
1567 4308 1727 4351 mane
1750 4292 2036 4363 occidunt;

2209 4293 2357 4364 Μηνὶ
2384 4288 2675 4362 Νοεμϐρίῳ
2699 4295 2753 4353 ς’
2781 4284 3044 4356 Πληῖάδες
3068 4282 3198 4355 ἑῷαι
3228 4281 3442 4336 δύνουσι
3459 4295 3475 4311 ·
3501 4278 3594 4334 καὶ
3611 4279 3696 4353 ἄρ-

472 4386 527 4439 et
556 4379 746 4447 incipit
777 4395 871 4436 aer
892 4382 1095 4437 sedari.

2073 4457 2088 4460 _
2140 4404 2293 4460 χεται
2325 4381 2684 4439 καθίστασθαι
2720 4381 2747 4433 6
2785 4381 2910 4453 ἀήρ.

544 4468 840 4526 Undecima
865 4472 1005 4543 Lyra
1033 4490 1192 4531 mane
1224 4478 1416 4532 oritur.
2071 4457 2103 4515 Ῑ]

2071 4457 2115 4515 D
2143 4457 2173 4460 ﬂ
2212 4478 2359 4547 Μηνὶ
2389 4474 2467 4547 τῷ
2494 4472 2640 4544 αύτῷ
2673 4470 2741 4528 ια’
2783 4470 2830 4502 ³⁸
2857 4466 3009 4540 Λύρα
3186 4463 3473 4520 ἐπιτέλλει.

543 4559 814 4617 Vicesima
850 4566 1045 4635 prima,
1086 4565 1301 4639 Hyades
1350 4583 1510 4625 mane
1552 4569 1808 4627 occidunt
1832 4586 1848 4637 ;
1876 4576 1929 4625 et
1954 4584 2043 4626 se-

2214 4571 2361 4644 Μηνὶ
2385 4568 2461 4640 τῷ
2505 4566 2653 4638 αὐτῷ
2688 4570 2774 4618 καὶ
2812 4562 2998 4625 Ὑάδες
3044 4559 3173 4629 ἑῷοιι
3219 4557 3466 4613 δύνουσι·
3498 4555 3590 4610 καὶ
3614 4572 3697 4609 τα-

473 4654 660 4727 quenti
691 4656 779 4711 die
808 4657 1046 4714 turbatio
1068 4659 1127 4713 fit
1158 4660 1308 4716 circa
1341 4676 1545 4718 aerem.

2147 4663 2286 4737 ραχὴ
2315 4662 2441 4735 περὶ
2468 4660 2560 4713 τὸν
2587 4660 2723 4731 ἀέρα
2749 4657 2955 4726 γίνεται
2974 4656 3040 4726 τῇ
3068 4652 3216 4722 ἒξῆςο

548 4744 816 4835 Vicesima
867 4751 1099 4821 septima
1124 4749 1289 4808 Orion
1345 4754 1541 4822 oritur,
1589 4763 1644 4810 et
1679 4753 1897 4810 Corona
1945 4768 2036 4808 oc-

2215 4757 2361 4829 Μηνὶ
2391 4754 2469 4826 τῷ
2501 4751 2646 4825 αύτῷ
2677 4749 2757 4815 κζ’
2807 4749 2997 4822 Ὠρίων
3038 4745 3326 4810 ἐπιτέλλει,
3364 4743 3459 4797 καὶ
3501 4741 3697 4811 Στέφα-

471 4836 631 4894 cidit.

2143 4867 2232 4914 νος
2265 4847 2428 4902 δύνει.

543 4927 747 4986 Mensis
766 4929 1080 4990 Decembris
1109 4936 1305 5006 prima,
1332 4937 1486 4993 canis
1506 4953 1666 4993 mane
1687 4937 1909 4993 occidit.
1936 4934 2044 4992 Ob-
2100 4997 2102 5006 ι

2213 4940 2362 5011 Μηνὶ
2393 4935 2708 5008 Δεκεμϐρίῳ
2744 4941 2792 4988 α’
2821 4932 2982 4988 Κύων
3026 4930 3159 5002 ἑῷος
3196 4929 3360 4988 δύνει.
3406 4928 3698 4999 Τετήρηται

472 5026 749 5074 servatum
776 5028 862 5077 est
896 5030 1078 5080 autem
1108 5041 1139 5079 a
1171 5027 1378 5091 multis,
1419 5027 1562 5098 quod
1596 5029 1642 5084 si
1675 5036 2031 5098 tempestuosa

2143 5033 2201 5087 δὲ
2249 5034 2363 5095 τοῖς
2417 5028 2649 5092 πολλοῖς,
2688 5027 2784 5092 ὡς,
2837 5025 2890 5079 εί
2929 5042 2993 5094 γε
3040 5022 3289 5094 χειμάσει
3330 5021 3387 5072 ἑν
3438 5018 3611 5092 ταύτῃ
3640 5019 3695 5087 τῇ

472 5110 638 5167 fuerit
679 5112 794 5168 haec
821 5114 959 5180 dies,
988 5126 1302 5186 perseverat
1338 5121 1657 5191 plerumque
1705 5120 1947 5176 turbatio
1976 5122 2031 5177 ad

2146 5119 2350 5193 ἡμέρᾳ,
2377 5116 2624 5189 ἑπιμένει
2648 5114 2723 5178 ὼς
2754 5114 2954 5167 ἑπίπαν
2976 5115 3009 5183 ἡ
3048 5110 3258 5183 ταραχὴ
3296 5107 3390 5161 τοῦ
3423 5107 3585 5178 ἀέρος
3612 5124 3697 5177 με-

473 5203 591 5260 dies
629 5221 835 5263 xxxvn.
870 5206 926 5261 Si
956 5224 1086 5265 vero
1120 5226 1314 5267 serena
1344 5211 1529 5278 fuerit,
1566 5227 1663 5284 per
1693 5218 1776 5266 tot
1803 5211 1921 5268 dies
1957 5228 2032 5268 se-

2146 5231 2237 5287 χρι
2266 5209 2490 5284 ἡμερῶν
2528 5209 2628 5274 λζ’.
2661 5208 2725 5261 Ei
2754 5206 2812 5259 δὲ
2843 5203 3094 5269 εύδιάσει,
3124 5201 3187 5254 τὸ
3215 5199 3345 5252 αὐτὸ
3373 5199 3695 5271 σημαίνειη.

473 5298 759 5353 renitatem
793 5298 911 5355 fore
947 5301 1237 5373 significat.

543 5387 789 5455 Decima,
822 5389 979 5447 Haedi
1018 5410 1178 5451 mane
1208 5395 1486 5454 occidunt.

2211 5394 2360 5465 Μηνὶ
2386 5391 2463 5461 τῷ
2500 5389 2649 5461 αὐτῷ
2678 5393 2709 5441 ι’
2749 5386 2964 5457 Ἔριφοι
3002 5382 3125 5455 ἑῷοι
3159 5379 3394 5435 δύνουσι.

545 5475 869 5548 Undecima,
910 5482 1087 5554 Capra
1127 5501 1288 5544 mane
1342 5488 1567 5554 occidit,
1618 5495 1672 5543 et
1710 5485 2046 5559 perturbatio

2213 5461 2361 5557 Μηνὶ
2392 5480 2472 5553 τῷ
2526 5479 2672 5550 αὐτῷ
2721 5483 2787 5532 ια’
2814 5478 2861 5510 ³⁸
2905 5475 3005 5541 Αἲξ
3037 5473 3148 5546 ἑῷα
3190 5471 3366 5526 δύνειο
3400 5464 3613 5540 ταραχὴ
3650 5461 3696 5518 δὲ

473 5572 620 5629 lteris
653 5573 712 5628 tit
740 5575 1022 5645 postridie.

2145 5576 2353 5648 γίνεται
2381 5570 2520 5645 μετὰ
2551 5570 2679 5642 μίαν
2711 5568 2941 5641 ἡμέραν.

542 5729 586 5765 ⁸³
614 5727 687 5784 αι·
719 5726 929 5800 ἶόχειν.
1005 5734 1052 5765 ²²
1076 5731 1149 5788 al.
1179 5734 1258 5790 ιδ’.
1288 5780 1301 5789 .
1345 5736 1390 5769 ’³
1419 5735 1492 5792 al.
1525 5732 1672 5790 ἄλλοι
1700 5732 1756 5788 δὲ
1783 5736 1849 5806 τῇ
1873 5731 2001 5805 ἑξῆς
2020 5731 2225 5805 ἡμέρᾳ.
2300 5728 2345 5762 ’⁵⁵
2371 5726 2445 5783 al.
2487 5728 2573 5795 ιγ’.
2596 5785 2614 5798 ⁴
2649 5722 2694 5756 ⁸⁸
2719 5718 2792 5779 αι.
2828 5719 3132 5792 συμϐαίνει.
3206 5716 3251 5750 ³⁸
3284 5713 3358 5773 εί.
3393 5718 3496 5770 κε’.
