3948 6264
263 294 289 345 1
302 295 416 345 55Ἱ

342 407 512 478 Μηνὶ
542 410 622 480 τῷ
658 412 803 483 αὐτῳ
832 419 915 482 κγ’
949 414 992 444 ’⁸⁷
1017 416 1215 486 τροπαὶ
1242 418 1565 488 χειμεριναι.

343 501 516 570 Μηνὶ
563 505 873 576 Ἰανουαρίῳ
899 505 940 558 δ
973 505 1166 574 Δελφὶς
1191 506 1484 563 ἐπιτέλλει.

343 591 514 664 Μηνὶ
550 594 628 666 τῷ
669 595 818 666 αὑτῷ
850 602 890 649 ε’
917 597 961 629 ³⁸
988 599 1016 650 ὁ
1056 598 1236 662 Ἀετὸς
1274 600 1526 670 ἑσπέριος
1564 598 1742 652 δύνειο
1777 618 1870 654 τα-

268 683 428 754 ραχὴ
457 684 524 738 δὲ
551 687 756 759 σφοδρὰ
787 687 994 756 γίνεται
1022 689 1156 759 μετὰ
1177 689 1269 743 δύο
1293 690 1527 762 ἡμέρας.

345 773 515 843 Μηνὶ
555 774 631 846 τῷ
660 775 806 847 αὐτῷ
853 784 929 830 κε’
957 781 985 832 ὁ
1010 777 1258 850 λαμπρὸς
1291 778 1462 850 ἀστὴρ
1488 781 1544 832 ὲν
1567 778 1647 850 τῷ
1680 780 1867 836 Λέοντι

265 861 432 915 δύνει
457 879 471 892 ⁸
507 868 652 919 κινεῖ
673 884 731 920 τε
765 868 868 936 πρὸ
893 868 1057 939 τριῶν
1089 869 1310 942 ἡμερῶν
1331 870 1422 923 τὸν
1450 870 1608 942 ἀέρα.

347 953 518 1024 Μηνὶ
543 955 620 1026 τῷ
651 955 798 1027 αὐτῷ
826 963 910 1028 κη’
931 958 1122 1028 Δελφὶς
1157 960 1407 1028 ἑσπέριος
1437 959 1601 1015 δύνει.

346 1045 519 1116 Μηνὶ
552 1046 630 1118 τῷ
663 1047 810 1118 αὐτῷ
837 1048 916 1102 κθ¹
947 1049 1099 1120 Λύρα.
1128 1050 1378 1122 ἑσπέριος
1400 1049 1564 1108 δύνει.

346 1134 516 1205 Μηνὶ
550 1135 894 1208 Φεϐρουαρίῳ
926 1144 977 1202 ς’
1005 1139 1047 1170 ³³³
1080 1139 1316 1210 Ζέφυρος
1339 1140 1480 1193 πνεῖ.

347 1223 518 1294 Μηνὶ
537 1224 615 1297 τῷ
642 1226 788 1297 αὐτῷ
817 1227 898 1279 κ6¹
925 1230 953 1281 ὁ
979 1228 1144 1294 Ἰστὸς
1162 1229 1304 1317 δύνει
1338 1230 1608 1302 ἑσπέριος,
1637 1248 1726 1286 και
1753 1231 1868 1286 ἐστι

268 1317 511 1388 ταραχὴ
538 1316 633 1371 τοῦ
656 1319 835 1390 ἀέρος.

350 1408 518 1477 Μηνὶ
543 1409 622 1481 τῷ
642 1411 790 1482 αὐτῷ
817 1419 895 1465 κε’
942 1413 1262 1486 Ἀρκτοῦρος
1283 1413 1569 1467 ἐπιτέλλει.

350 1499 520 1571 Μηνὶ
534 1499 612 1572 τῷ
623 1501 769 1572 αὐτῷ
782 1509 873 1569 κς¹
888 1503 1154 1575 χελιδόνες
1167 1505 1438 1571 πέτονται,
1460 1508 1553 1561 καὶ
1565 1505 1862 1578 φαίνονται.

356 1655 404 1685 ⁸⁷
443 1655 632 1710 αι.κδ’.
709 1657 755 1690 ³⁸
787 1657 862 1714 αι.
895 1663 978 1713 ιε’.
1076 1659 1122 1691 ¹⁹
1150 1658 1226 1714 al.
1263 1657 1350 1722 ιζ’.

1167 297 1625 358 DlSSERTATlO
1662 297 1751 353 DE
1784 295 1969 354 ORTU
2010 295 2097 350 ET
2135 292 2405 352 OCCASU
2445 293 2770 353 SIDERUM.

1891 423 1938 478 Α
2036 413 2308 470 Vicesima
2328 415 2487 470 tertia
2516 414 2811 472 solstitium
2833 422 2918 472 est
2946 415 3254 472 hibernum.

2040 504 2242 562 Mensis
2273 504 2518 560 Januarii
2551 515 2743 577 quarta
2774 504 3001 576 Delphin
3023 507 3217 561 oritur.

2041 595 2263 662 Quinta,
2293 595 2488 667 Aquila
2513 595 2725 666 vesperi
2753 595 2986 662 occidit;
3009 604 3064 651 et
3088 597 3146 650 ﬁt
3176 595 3411 652 turbatio
3439 611 3529 652 ve-

1968 687 2196 743 hemens
2224 697 2348 758 post
2379 687 2518 744 duos
2547 687 2686 742 dies.

2040 778 2259 848 Quinta,
2288 780 2516 836 illustris
2545 781 2700 837 stella
2738 781 2796 836 in
2834 778 3015 836 Leone
3058 779 3291 848 occidit;
3322 789 3528 835 movet-

1967 889 2073 944 que
2102 879 2227 928 ante
2257 872 2498 927 triduum
2526 888 2732 928 aerem.

2039 962 2310 1019 Vicesima
2335 971 2527 1018 octava
2563 963 2790 1034 Delphin
2823 963 3033 1034 vesperi
3067 965 3286 1021 occidit.

2037 1053 2307 1110 Vicesima
2333 1070 2497 1121 nona,
2532 1054 2674 1126 Lyra
2695 1055 2904 1124 vesperi
2932 1055 3149 1110 occidit.

2038 1144 2244 1201 Mensis
2272 1143 2554 1201 Februarii
2588 1154 2743 1202 sexta
2777 1145 3048 1202 Favonius
3072 1147 3266 1217 spirat.

2037 1234 2310 1291 Vicesima
2347 1236 2606 1304 secunda,
2652 1238 2831 1294 malus
2856 1237 3020 1294 Navis
3054 1241 3266 1310 vesperi
3304 1239 3527 1306 occidit,

1969 1336 2025 1382 et
2051 1336 2134 1381 est
2168 1326 2412 1382 turbatio
2435 1326 2578 1384 aeris
2609 1343 2824 1399 magna.

2039 1415 2310 1473 Vicesima
2339 1420 2553 1488 quinta,
2584 1419 2852 1476 Arcturus
2885 1419 3100 1490 vesperi
3121 1421 3312 1477 oritur.

2039 1507 2312 1566 Vicesima
2346 1519 2522 1577 sexta,
2557 1511 2877 1570 hirundines
2911 1514 3094 1570 volant
3157 1522 3211 1570 et
3247 1524 3524 1585 apparent.

291 1812 3493 1840 W

675 1922 873 2045 DE
972 1924 1400 2054 ORTU
1473 1926 1674 2051 ET
1775 1925 2376 2058 OCCASU
2455 1928 3150 2058 SIDERUM

1528 2138 2316 2232 DlSSERTATIO

284 2289 361 2349 In
382 2309 500 2348 tua
513 2294 676 2348 multa
695 2293 1026 2349 elucidantur
1039 2311 1155 2367 quis
1170 2295 1234 2350 ab
1251 2295 1549 2349 auctoribus
1573 2311 1735 2365 supra
1756 2293 1909 2349 editis
1925 2293 2138 2348 obscure
2158 2293 2386 2365 allegata
2400 2309 2541 2361 sunt,
2563 2295 2642 2349 vel
2664 2296 2996 2367 corriguntur
3013 2313 3129 2368 qua:
3143 2313 3352 2352 errones
3367 2297 3530 2351 dicta.

1180 2413 1347 2474 (Dion.
1372 2415 1626 2478 PBTAVIUS,
1661 2415 1727 2465 De
1747 2412 1968 2464 doctrina
1988 2418 2272 2478 temporum,
2307 2418 2342 2464 t.
2367 2411 2453 2475 III,
2481 2427 2531 2476 p.
2553 2409 2653 2472 59.)

889 2609 1289 2663 ΠΡΟΘΕΩΡΙΑ.

361 2698 448 2754 De
484 2708 608 2753 ortu
648 2699 885 2756 siderum
931 2709 985 2756 et
1031 2717 1230 2756 occasu
1279 2702 1481 2758 selecta
1519 2705 1765 2774 quaedam
1804 2721 1874 2762 ex

286 2790 528 2860 optimis
575 2797 631 2846 et
677 2791 916 2860 antiquis
967 2793 1283 2849 auctoribus
1333 2797 1579 2864 exempla
1633 2797 1875 2867 profere-

287 2897 462 2948 mus,
502 2881 558 2934 in
603 2881 802 2952 quibus
852 2888 1068 2936 ortuum
1115 2891 1169 2938 et
1217 2898 1508 2938 occasuum
1560 2886 1872 2942 varietatem

287 2987 521 3028 omnem
553 2973 920 3043 experiemur;
956 2981 1015 3027 ut
1059 2973 1126 3028 ad
1178 2982 1494 3030 caeterorum
1528 2976 1620 3046 qui
1668 2977 1874 3046 passim

291 3064 555 3120 incidunt
585 3080 742 3119 usum
778 3075 831 3120 et
863 3063 1239 3120 tractationem
1278 3079 1579 3135 paucorum
1610 3066 1870 3122 observa-

293 3155 373 3208 tio
409 3154 772 3209 similitudine
819 3155 937 3227 ipsa
982 3156 1268 3225 pertineat.
1323 3153 1427 3210 Sed
1460 3156 1562 3211 tria
1604 3164 1732 3214 sunt
1766 3158 1871 3212 im-

294 3244 518 3316 primis,
546 3260 666 3314 qure
691 3245 758 3299 ad
783 3253 934 3301 ortus
963 3255 1016 3302 et
1045 3262 1277 3303 occasus
1299 3248 1537 3319 speciem
1561 3249 1616 3302 in
1637 3250 1873 3319 scripto-

295 3350 422 3390 rum
464 3335 623 3391 libris
670 3336 963 3390 eruendam
1009 3343 1196 3392 notata
1245 3354 1368 3395 esse
1412 3340 1671 3396 doctrinae
1714 3340 1876 3413 hujus

295 3426 547 3482 artiﬁces
565 3426 775 3497 jubent.
795 3426 1032 3482 Primum
1052 3437 1137 3484 est
1158 3438 1392 3499 tempus,
1417 3432 1562 3502 quod
1586 3432 1656 3487 ab
1685 3441 1875 3488 aucto-

295 3535 358 3574 re
388 3518 518 3590 ipso
560 3521 632 3576 sit
665 3535 1005 3590 expressum,
1032 3527 1126 3574 aut
1154 3536 1222 3576 ex
1253 3521 1373 3591 ejus
1415 3523 1664 3579 oratione
1699 3522 1878 3594 colligi

294 3613 515 3682 possit;
554 3610 852 3666 secundum
905 3619 988 3666 est
1032 3612 1185 3666 locus
1229 3613 1360 3668 solis
1399 3612 1477 3667 illi
1527 3614 1754 3683 tempori
1792 3629 1879 3669 re-

297 3703 621 3773 Spondens;
682 3703 904 3758 tertium
958 3712 1042 3759 est
1099 3704 1346 3776 signiferi
1393 3705 1544 3761 orbis
1590 3705 1875 3776 particula,

295 3795 417 3850 sive
452 3795 681 3864 gradus,
714 3811 946 3865 quocum
986 3796 1140 3850 stella
1180 3797 1356 3851 oritur
1401 3805 1496 3850 aut
1535 3797 1738 3852 occidit
1768 3818 1782 3852 :
1812 3813 1878 3853 ex

296 3903 412 3958 quo
453 3886 675 3942 demum
726 3898 936 3958 tempus
985 3887 1239 3943 idoneum
1295 3890 1352 3942 in
1399 3904 1544 3944 anno
1587 3903 1651 3944 ac
1692 3905 1878 3946 mense

296 3979 584 4050 capiatur.
617 3978 694 4033 Ex
723 3979 789 4042 iis
822 3981 1054 4049 primum
1099 3981 1202 4035 nisi
1244 3995 1275 4033 a
1319 3979 1585 4051 scriptore
1636 3979 1876 4036 declare-
1903 3962 1946 4020 (ἶ

298 4077 412 4134 tur,
445 4070 621 4126 certis
665 4070 998 4140 conjecturis
1035 4085 1099 4124 ac
1131 4070 1560 4128 circumstantiis
1603 4072 1878 4127 astimané

298 4163 432 4219 dum
478 4179 622 4229 esse,
653 4173 801 4218 recte
842 4162 1004 4217 iidem
1047 4162 1124 4216 illi
1173 4163 1372 4218 eruditi
1413 4164 1662 4220 homines
1691 4165 1879 4218 admo-

303 4267 465 4314 nent.
521 4257 576 4310 ln
606 4257 822 4312 duobus
852 4256 1192 4326 explicandis
1235 4258 1384 4312 soleo
1434 4273 1543 4312 non
1595 4257 1878 4312 scientiam

310 4347 533 4416 quidem
567 4347 620 4399 in
653 4345 947 4415 plerisque,
973 4345 1062 4414 qui
1100 4355 1224 4399 ante
1254 4362 1355 4401 nos
1393 4347 1498 4402 ista
1529 4345 1880 4401 commentati

313 4450 462 4503 sunt,
496 4438 592 4493 sed
642 4438 991 4492 attentionem
1040 4436 1108 4490 ad
1165 4438 1220 4493 id
1269 4438 1414 4508 quod
1462 4437 1796 4500 scribebant,
1827 4443 1882 4492 et

311 4531 434 4599 ejus
486 4528 629 4599 quod
681 4528 894 4598 egregie
941 4536 1161 4591 norant,
1216 4528 1648 4583 recordationem
1697 4526 1881 4597 requi-

315 4618 640 4692 I'cre..Nam
688 4620 743 4674 in
793 4627 1001 4674 tantam
1054 4620 1446 4676 absurditatem
1495 4620 1880 4674 nonnullorum

314 4711 534 4768 devenit
578 4710 773 4773 oratio,
804 4719 862 4763 ut
905 4723 1080 4779 neque
1117 4725 1240 4764 cum
1283 4711 1587 4781 pervagatis
1628 4716 1882 4764 astrono-

316 4803 437 4857 mia:
475 4800 794 4872 principiis,
838 4816 1016 4870 neque
1048 4816 1173 4857 cum
1199 4802 1484 4856 oculorum
1523 4815 1589 4856 ac
1623 4815 1883 4856 sensuum

317 4893 674 4964 experientia,
696 4907 872 4962 neque
898 4907 1082 4947 secum
1109 4903 1382 4964 postremo
1408 4893 1526 4963 ipsa
1553 4892 1880 4947 consentiat.

389 4986 521 5051 Quae
557 4998 646 5037 res
675 4990 736 5036 ut
766 4998 874 5036 non
909 4983 1068 5053 ipsis,
1097 4984 1186 5054 qui
1225 4985 1331 5040 ista
1375 4984 1666 5054 scripsere,
1704 4981 1884 5036 fraudi

321 5076 483 5132 fuerit
513 5075 741 5131 eruditis
769 5075 1104 5136 hominibus.
1139 5082 1194 5130 et
1233 5076 1426 5129 barum
1468 5075 1885 5146 disciplinarum

323 5169 548 5225 scientia
595 5168 858 5240 praeditis,
890 5177 945 5221 at
973 5169 1096 5221 aliis
1141 5182 1250 5222 non
1297 5167 1645 5222 mediocriter
1685 5166 1880 5228 obfuit,

322 5259 406 5314 vel
437 5260 614 5314 minus
650 5274 809 5328 quam
843 5258 917 5312 illi
949 5258 1122 5322 fuere,
1155 5258 1366 5323 doctis,
1401 5259 1486 5315 vel
1527 5273 1752 5329 prorsus
1782 5258 1883 5311 im-

325 5350 540 5418 peritis,
588 5351 682 5419 qui
725 5349 985 5419 impetum
1035 5349 1102 5404 ad
1147 5350 1490 5404 scribendum
1521 5350 1640 5405 sine
1675 5357 1795 5403 arte
1820 5362 1885 5402 ac

323 5441 525 5509 judicio
548 5442 836 5497 conferunt
856 5481 870 5505 ,
900 5449 954 5496 et
980 5456 1100 5506 quae
1125 5441 1266 5510 apud
1296 5442 1432 5496 alios
1460 5448 1736 5510 utcunque
1761 5455 1887 5511 per-

329 5539 553 5588 tractata
584 5535 832 5604 legerint,
866 5547 1098 5604 quorum
1131 5533 1294 5587 rudes
1326 5533 1428 5602 ipsi
1468 5540 1616 5592 sunt.
1647 5549 1732 5598 ea,
1764 5539 1887 5588 utut

329 5641 386 5678 se
417 5625 636 5690 habent,
665 5625 720 5679 in
776 5627 1259 5681 commentationes
1303 5640 1432 5680 suas
1477 5623 1883 5691 transfundere,

331 5716 396 5771 ad
428 5732 695 5775 summam
725 5717 829 5774 sibi
855 5715 1114 5773 doctrinae
1157 5715 1354 5773 famam
1400 5732 1462 5772 ac
1494 5716 1717 5788 gloriam
1759 5730 1886 5790 per-

1908 2623 1952 2679 Β
1979 2611 2156 2666 tinere
2200 2616 2413 2680 putant.
2461 2608 2523 2663 ln
2569 2607 2764 2663 horum
2803 2624 2966 2682 grege
3009 2609 3165 2666 facile
3196 2609 3400 2681 primas
3432 2610 3536 2666 hac

1969 2710 2126 2758 aetate
2158 2700 2251 2756 ille
2288 2690 2526 2770 scriptor
2567 2700 2800 2765 obtinet,
2832 2701 2923 2770 qui
2961 2699 3237 2758 Plinianas
3286 2702 3354 2757 ad
3398 2701 3538 2756 Soli-

1972 2809 2103 2848 num
2139 2792 2565 2848 exercitationes
2598 2807 2775 2862 nuper
2802 2791 2992 2848 edidit.
3025 2792 3100 2848 lbi
3140 2793 3284 2849 enim
3314 2795 3382 2850 de
3411 2801 3535 2850 ortu

1971 2893 2026 2939 et
2052 2897 2253 2937 occasu
2281 2881 2522 2938 siderum
2551 2895 2676 2936 cum
2711 2881 2987 2950 universe,
3017 2890 3132 2937 tum
3165 2891 3440 2940 certorum
3482 2893 3530 2941 et

1973 2972 2292 3045 insignium,
2326 2981 2434 3027 tam
2492 2973 2662 3027 multa
2715 2972 2952 3042 scripsit,
2999 2980 3056 3027 ut
3113 2973 3306 3028 harum
3354 2989 3536 3030 rerum

1973 3064 2403 3121 scientissimum
2453 3080 2512 3120 se
2549 3079 2672 3120 esse
2713 3065 2876 3136 vulgo
2928 3065 3244 3135 persuaderi
3276 3067 3535 3134 voluerit;

1973 3163 2084 3210 tam
2116 3163 2296 3211 autem
2329 3155 2473 3210 laede
2502 3156 2555 3209 in
2582 3157 2838 3212 omnibus
2867 3155 3108 3220 oﬂ‘endit,
3137 3166 3196 3212 ut
3226 3174 3335 3213 non
3362 3167 3541 3214 tanto-

1975 3259 2103 3314 pere
2157 3242 2454 3307 inscitiam,
2503 3252 2768 3314 quantum
2822 3260 2885 3300 os
2934 3245 3173 3302 hominis
3223 3247 3431 3312 mirari,
3477 3263 3540 3304 ac

1975 3337 2244 3407 castigare
2287 3335 2454 3390 etiam
2495 3337 2633 3392 velle
2686 3337 2910 3402 subeat;
2956 3339 3049 3409 qui
3096 3355 3324 3409 quarum
3359 3356 3538 3395 rerum

1976 3429 2220 3485 funditus
2251 3434 2398 3484 esset
2433 3443 2646 3499 expers,
2678 3427 2746 3484 de
2777 3429 2844 3486 iis
2873 3431 3224 3501 praescribere
3251 3447 3315 3486 ac
3345 3433 3544 3488 docere

1977 3521 2136 3584 alios,
2165 3521 2282 3575 sine
2305 3519 2416 3573 ullo
2442 3519 2672 3588 pudore,
2693 3521 3002 3574 tentaverit.
3029 3520 3104 3575 De
3128 3521 3285 3591 cujus
3312 3523 3543 3592 scripto~

1977 3615 2054 3669 ris
2088 3615 2287 3670 erratis
2315 3613 2477 3684 paulo
2516 3623 2638 3683 post
2680 3614 2912 3668 dicetur.
2938 3613 3093 3668 Nune
3126 3597 3216 3668 illa
3257 3625 3544 3685 praeverta-

1977 3721 2122 3770 mus,
2152 3704 2206 3759 in
2236 3704 2434 3775 quibus
2460 3720 2651 3774 parum
2683 3704 2844 3759 nobis
2887 3711 3124 3761 attentos
3154 3720 3275 3761 esse
3310 3707 3544 3760 nonnul-

1978 3798 2062 3854 los
2096 3796 2341 3851 eruditos
2372 3795 2877 3850 animadvertimus.

2048 3887 2132 3942 Ad
2162 3889 2327 3943 situm
2359 3881 2495 3943 solis
2525 3889 2578 3940 in
2613 3886 2855 3953 zodiaco,
2880 3894 2934 3941 et
2956 3887 3011 3940 in
3035 3886 3222 3942 eodem
3254 3887 3542 3944 orientium

1978 3980 2265 4037 stellarum
2310 3986 2365 4034 et
2417 3978 2780 4034 occidentium
2821 3977 3072 4048 regiones
3117 3979 3542 4050 investigandas,

1978 4073 2218 4143 primum
2235 4071 2479 4126 omnium
2517 4071 2792 4126 observari
2821 4073 3032 4136 volunt,
3060 4074 3260 4143 quibus
3275 4076 3545 4131 mensium

1980 4165 2176 4221 diebus
2205 4165 2286 4220 sol
2318 4165 2625 4236 ingressum
2660 4165 2716 4218 in
2747 4163 3185 4220 dodecatemoria
3223 4167 3432 4237 singula
3464 4167 3546 4221 fa-

1980 4263 2126 4311 ceret
2157 4254 2224 4310 iis
2252 4254 2612 4324 temporibus,
2643 4255 2842 4323 quibus
2870 4261 3080 4310 veteres
3105 4256 3182 4310 illi
3213 4255 3544 4323 ﬂoruerunt;

1981 4346 2147 4416 idque
2179 4361 2246 4400 ex
2279 4345 2601 4412 Columella,
2633 4344 2826 4410 Plinio,
2863 4342 3076 4409 Ovidio,
3108 4361 3170 4400 ac
3203 4349 3411 4402 caeteris
3435 4348 3548 4401 col-

1983 4439 2099 4510 ligi.
2146 4437 2285 4491 Tum
2335 4437 2664 4507 quibuscum
2699 4436 2906 4491 zodiaci
2941 4437 3200 4508 gradibus
3237 4447 3391 4494 ortus
3428 4438 3548 4492 illa-

1981 4545 2102 4583 rum
2163 4543 2506 4597 occasusque
2560 4537 2959 4597 congruerent,
3010 4529 3295 4599 diligenter
3350 4529 3546 4584 notari.

1982 4620 2123 4675 Hinc
2162 4620 2308 4675 enim
2355 4619 2516 4674 facile
2555 4619 2779 4689 conjici,
2813 4635 2952 4688 quos
3005 4620 3058 4672 in
3091 4619 3209 4676 dies
3238 4621 3550 4677 conferendi

1983 4712 2058 4766 illi
2077 4713 2228 4776 sint;
2257 4726 2404 4776 cum,
2431 4711 2632 4780 quibus
2660 4711 2742 4765 sol
2769 4710 2835 4764 ad
2865 4712 3289 4782 unumquodque
3337 4713 3548 4784 signum

1983 4807 2291 4876 perveniret
2346 4806 2549 4862 smculo
2604 4806 2732 4868 illo,
2787 4807 3222 4876 cognoverimus.
3276 4805 3442 4862 Recte
3497 4806 3549 4860 id

1983 4898 2202 4969 quidem
2247 4897 2533 4953 hactenus.
2563 4893 2767 4950 Verum
2811 4895 2867 4949 in
2913 4895 3032 4950 loco
3066 4896 3199 4951 solis
3242 4895 3552 4950 deﬁniendo

1986 5005 2176 5061 parum
2211 4989 2372 5043 iidem
2410 4995 2722 5043 accuratam
2763 4987 3027 5042 rationem
3057 4996 3258 5045 tenent.
3296 4986 3428 5042 Nam
3469 4988 3554 5042 in-

1986 5093 2206 5148 gressus
2247 5076 2302 5131 in
2349 5076 2789 5132 dodecatemoria
2817 5091 2925 5130 non
2955 5090 3020 5129 ex
3055 5076 3132 5130 rei
3177 5075 3423 5138 veritate,
3455 5073 3551 5129 sed

1986 5184 2052 5222 ex
2080 5165 2216 5221 falsa
2239 5163 2597 5235 quorumdam
2627 5172 2871 5220 veterum
2897 5163 3254 5234 persuasione
3283 5171 3548 5220 statuunt.

1986 5260 2077 5314 Sic
2116 5260 2172 5312 in
2198 5257 2437 5312 Arietem
2461 5255 2591 5311 Julii
2617 5255 2850 5311 Caesaris
2880 5267 3121 5326 tempore
3151 5256 3318 5311 solem
3353 5271 3418 5309 xv
3445 5253 3553 5308 Ka-

1991 5348 2177 5405 lendas
2204 5349 2360 5419 Apr.,
2383 5348 2486 5403 hoc
2513 5355 2598 5403 est
2623 5347 2803 5402 Martii
2840 5363 2972 5402 xvm
3015 5347 3292 5402 introiisse
3317 5347 3506 5401 dicunt
3533 5362 3549 5413 ;

1992 5439 2044 5493 in
2061 5438 2302 5493 Taurum
2332 5453 2463 5492 vero
2484 5437 2686 5508 Aprilis
2713 5452 2878 5505 mu;
2911 5439 2965 5492 in
2987 5436 3264 5503 Geminos,
3289 5435 3413 5490 Maii
3435 5450 3552 5490 xxx.

1992 5530 2148 5597 Quod
2180 5538 2241 5584 ut
2270 5544 2365 5594 per
2399 5544 2522 5585 sese
2571 5527 2768 5584 falsum
2800 5537 2920 5593 est,
2951 5528 3031 5582 sic
3073 5543 3140 5583 eo
3184 5529 3362 5599 posito
3408 5525 3554 5582 side-

1989 5639 2109 5680 rum
2144 5630 2297 5679 ortus
2325 5635 2663 5692 occasusque
2697 5634 2999 5690 perperam,
3031 5629 3084 5674 et
3125 5619 3315 5676 alienis
3360 5618 3552 5674 diebus

1991 5714 2186 5788 illigari
2217 5729 2446 5773 necesse
2474 5721 2579 5771 est.
2612 5711 2682 5769 Ut
2707 5714 2851 5769 enim
2885 5713 2966 5770 sol
2999 5712 3052 5769 in
3076 5710 3335 5776 Taurum,
3365 5725 3551 5767 exent-
