3948 6264
470 307 606 364 ὶῖδέ)

1467 303 1558 357 AD
1591 301 1868 358 EUSEBll
1907 302 2300 360 CHRONICON
2326 301 2683 358 APPENDIX.

3559 299 3700 358 ιω

464 424 535 494 pli
569 437 758 485 causa,
791 417 1021 476 subierit
1055 431 1188 472 xvnt
1218 416 1306 471 die
1336 416 1572 488 Aprilis,
1610 413 1882 486 Vergiliae,
1913 431 2032 487 quae

2136 432 2231 487 ρου
2241 417 2405 486 μένου
2427 432 2440 447 ·
2477 414 2509 486 ἢ
2543 415 2650 469 ἀπό
2679 431 2823 477 τινος
2847 413 2956 467 τῶν
2977 411 3467 468 συνανατελλόντων
3498 413 3700 487 βορειο-

465 517 519 568 in
564 511 733 584 gradu
777 509 943 564 Tauri
979 523 1147 563 xxvm
1189 509 1513 562 matutinum
1551 516 1731 562 ortum
1764 522 2035 578 apparen-

465 613 571 660 tem
618 603 886 658 faciebant
929 615 1072 654 anno
1115 599 1289 668 primo
1333 596 1574 661 Iuliano,
1611 599 1688 653 uti
1731 612 1898 668 supra
1938 597 2036 652 de-

465 703 826 752 monstratum
858 701 961 754 est,
984 699 1115 745 orta:
1139 691 1339 745 {Uerint
1361 689 1484 744 Maii
1513 705 1598 754 xv,
1633 688 1716 744 vel
1751 705 1883 753 xvn,
1908 703 2034 743 cum

462 802 646 842 tamen
679 801 814 840 mn
860 784 914 838 id
948 781 1227 838 acciderit.
1259 781 1335 836 Ita
1367 781 1559 836 diebus
1589 796 1688 836 vui
1727 781 1946 834 circiter
1980 781 2035 834 in

471 894 534 934 ea
564 879 926 948 descriptione
951 882 1226 946 peccatur.
1255 872 1656 941 Ejusdemmodi
1690 880 1884 926 caetera
1908 875 2036 926 sunt

464 972 757 1027 orientium
797 971 1080 1024 intervalla
1129 968 1368 1023 siderum
1403 983 1416 1020 :
1455 966 1508 1018 in
1549 966 1749 1034 quibus
1796 979 2036 1034 pronun-

465 1063 668 1117 tiandis
705 1063 772 1116 iis
800 1062 866 1116 de
898 1062 1081 1115 causis
1112 1075 1267 1114 error
1300 1058 1613 1120 intervenit,
1658 1056 1750 1127 qui
1793 1054 2035 1126 profecto

465 1154 824 1224 castigatione
867 1168 1004 1222 opus
1049 1152 1230 1205 habet.
1271 1148 1632 1213 Quamobrem
1665 1149 1730 1202 de
1762 1147 1864 1200 hac
1897 1146 2038 1199 anti-

465 1261 698 1317 quorum
739 1243 1094 1313 quorumdam
1127 1241 1402 1310 opinione,
1437 1247 1490 1292 et
1522 1255 1825 1292 annuorum
1858 1237 2037 1292 cardi-

467 1353 598 1392 num
631 1334 989 1390 inteversione
1033 1332 1141 1385 dici
1187 1332 1290 1385 hoc
1333 1331 1454 1385 loco
1488 1345 1710 1385 necesse
1745 1338 1849 1392 est,
1878 1337 1937 1382 ut
1969 1328 2036 1384 iis

469 1426 784 1481 auctoribus
836 1422 1196 1487 illustrandis,
1244 1438 1381 1492 quos
1433 1422 1488 1476 in
1545 1421 1686 1475 hanc
1739 1421 2035 1476 editionem

467 1518 823 1586 conjecimus,
857 1513 1084 1570 Gemino
1117 1514 1441 1584 praesertim,
1479 1511 1808 1583 Hipparcho,
1855 1510 2032 1565 Ptole~

467 1623 620 1674 niteo,
652 1607 808 1661 Tatio
841 1620 1007 1676 opera
1041 1605 1144 1658 ista
1176 1605 1398 1661 serviat.

1092 1716 1320 1774 CAPUT
1361 1717 1400 1771 Ι.

466 1811 546 1868 De
583 1812 962 1884 wquinoctiglis
1005 1819 1054 1884 et
1104 1811 1311 1884 zodiaci
1349 1809 1640 1884 partitione
1668 1824 1700 1860 a
1741 1805 2027 1870 Chaldaeis,

816 1881 1080 1953 Egyptiis
1105 1899 1166 1935 ac
1189 1879 1384 1935 ercis
1413 1880 1680 1934 instituta.

539 1973 654 2028 Duo
676 1983 804 2031 sunt
828 1974 1039 2040 circuli,
1076 1973 1144 2028 ad
1167 1987 1304 2042 quos
1326 1973 1602 2027 stellarum
1648 1971 1785 2028 situs
1821 1975 1876 2024 et
1903 1983 2034 2024 con-

468 2067 746 2120 versiones
792 2066 1097 2136 exiguntur,
1153 2065 1544 2134 aequinoctialis
1606 2072 1658 2118 et
1723 2060 2030 2116 zodiacus:

467 2172 533 2212 ex
577 2173 806 2227 quorum
851 2157 1140 2226 partitione
1189 2156 1468 2226 longitudo
1508 2155 1812 2218 stellarum,
1847 2167 1914 2207 cx
1949 2151 2036 2206 di-

470 2249 669 2303 stantia
726 2249 954 2305 latitudo
996 2249 1248 2304 sumitur.
1313 2248 1394 2302 Ac
1451 2247 1702 2302 videntur
1757 2246 1910 2316 prius
1965 2243 2034 2299 ad

465 2344 900 2413 aequinoctialem
967 2349 1196 2412 utroque
1261 2342 1424 2396 modo
1478 2343 1649 2398 stellae
1709 2346 2034 2410 comparatae

469 2449 629 2504 quam
687 2433 754 2487 ad
810 2433 1114 2497 zodiacum,
1165 2447 1272 2486 non
1330 2433 1506 2488 solum
1554 2434 1608 2486 in
1659 2430 1884 2492 Graecia,
1938 2428 2033 2485 sed

469 2528 630 2583 etiam
664 2525 805 2597 apud
839 2525 1122 2598 Egyptios
1152 2531 1206 2580 et
1231 2524 1546 2591 Chaldaeos;
1581 2524 1779 2594 quibus
1821 2522 1902 2577 vel
1950 2521 2033 2574 in-

467 2624 630 2674 venta
675 2618 757 2672 vel
799 2617 1112 2688 diligentius
1152 2618 1366 2672 exculta
1407 2623 1809 2687 propagataque
1839 2613 1892 2667 in
1929 2628 2036 2668 cae-

468 2717 614 2764 teros
643 2709 971 2763 astronomia
1005 2707 1262 2763 creditur.
1289 2707 1358 2762 De
1385 2705 1589 2762 Graecis
1619 2706 1891 2762 memoria:
1915 2719 2036 2774 pro-

468 2799 642 2855 ditum
673 2807 775 2864 est,
807 2801 1042 2870 primum
1094 2800 1336 2854 omnium
1383 2798 1846 2852 Anaximandrum
1889 2796 2033 2852 Mile-

470 2888 612 2944 sium
663 2889 1036 2959 obliquitatem
1090 2887 1334 2959 signiferi
1391 2887 1814 2957 deprehendisse
1852 2885 2034 2957 Olym-

470 2979 627 3049 piade
661 2978 1111 3048 quinquagesima
1157 2986 1366 3032 octava.
1402 2977 1530 3033 Post
1561 2980 1726 3041 hunc,
1759 2979 2034 3033 Cleostra-

469 3077 584 3122 tum
615 3067 909 3122 Tenedium
946 3070 1099 3137 signa
1143 3069 1195 3122 in
1232 3070 1362 3124 orbe
1398 3070 1490 3122 illo
1523 3069 1809 3138 reperisse,
1841 3076 1895 3123 et
1922 3067 2033 3138 pri-

471 3171 558 3210 ma
589 3157 784 3213 Arietis
831 3173 893 3211 ac
927 3156 1226 3228 Sagittarii,
1276 3167 1331 3212 ut
1355 3159 1544 3213 scribit
1580 3157 1789 3215 Plinius
1833 3159 1928 3214 lib.
1962 3157 2028 3224 ll,

471 3263 593 3318 cap.
630 3245 758 3302 VIII.
782 3249 948 3302 Addit
979 3249 1218 3320 Hyginus
1250 3250 1347 3304 lib.
1389 3250 1432 3304 ll
1460 3250 1537 3304 De
1561 3253 1884 3305 astronomia
1911 3269 2033 3322 poe-

482 3339 596 3402 .ica,
629 3353 750 3408 cap.
781 3337 848 3393 de
880 3338 1177 3402 llenioeho,
1211 3340 1373 3395 etiam
1422 3338 1622 3398 Hcedos
1669 3342 1737 3397 ab
1783 3343 1876 3396 illo
1922 3341 2033 3413 pri-

472 3445 618 3484 mum
648 3437 864 3484 notatos
896 3432 948 3484 in
975 3432 1134 3487 cmlo.

539 3521 696 3590 Apud
733 3521 1016 3578 Chaldaeos
1051 3530 1230 3579 autem
1285 3523 1676 3595 Egyptiosque
1721 3525 1860 3580 ratio
1907 3541 2034 3596 par-

471 3611 638 3666 tiendi
665 3627 786 3682 quae
811 3611 992 3676 fuerit,
1025 3613 1266 3668 declarat
1289 3613 1489 3670 Sextus
1515 3614 1819 3686 Empirieus
1842 3616 1935 3670 lib.
1967 3617 2028 3673 V.

469 3699 603 3757 Nam
639 3703 760 3760 illos
791 3705 864 3758 ait
891 3705 1158 3775 insignem
1194 3706 1426 3776 aliquam
1460 3707 1669 3762 stellam
1711 3707 1767 3760 in
1810 3708 2033 3762 zodiaco

469 3797 804 3868 designasse,
828 3798 986 3866 cujus
1015 3815 1081 3853 ex
1113 3800 1491 3865 conversione,
1519 3808 1573 3852 et
1599 3800 2032 3854 ἀποκαταστάσει

469 3889 537 3942 ad
573 3890 822 3944 eumdem
871 3890 1070 3952 locum,
1107 3890 1350 3946 caelestis
1387 3891 1649 3945 circuitus
1691 3890 2032 3944 intervallum

467 3978 827 4045 deﬁnierunt;
862 3981 996 4032 ’Ἐνα
1032 3979 1153 4033 τινὰ
1177 3981 1284 4032 τῶν
1317 3983 1372 4034 ὲν
1400 3981 1478 4052 τῷ
1513 3981 1757 4052 ζωδιακῷ
1787 3981 2033 4054 λαμπρὸν

469 4067 671 4139 ἀστέρα
694 4071 1174 4143 παρατηρήσαντες
1203 4071 1556 4125 ἀνατέλλοντα
1589 4073 1636 4125 οἱ
1671 4073 1859 4138 πάλαι,
1890 4085 2030 4139 etc.;

472 4159 562 4213 ubi
586 4169 639 4214 et
664 4160 883 4214 modum
904 4161 1135 4231 explicat
1154 4177 1260 4232 quo
1279 4162 1534 4218 zodiacus
1559 4163 1839 4218 duodecim
1865 4165 2035 4219 tribu-

468 4259 560 4306 tus
591 4253 642 4306 in
673 4260 873 4322 partes,
903 4269 966 4307 ac
999 4261 1106 4307 tam
1146 4254 1316 4324 ipsius
1349 4270 1509 4325 quam
1560 4257 1896 4326 singulorum
1943 4274 2032 4313 se-

465 4351 807 4414 gmentorum
831 4352 1092 4414 tempora,
1112 4343 1208 4398 hoc
1228 4353 1311 4400 est
1327 4346 1610 4418 ἀναφοραί,
1636 4348 1749 4402 sive
1767 4350 2036 4403 ascensio-

2133 508 2310 578 τέρων
2361 508 2394 579 ἢ
2445 507 2796 579 νοτιωτέρων.
2860 524 2878 558 ι
2917 506 2988 559 Ex
3045 503 3147 559 bac
3191 505 3512 561 ascensione
3561 506 3698 561 duo-

2137 599 2364 654 decimae
2419 600 2629 670 partis,
2684 599 2932 653 ultimum
2994 599 3279 653 terminum
3339 597 3698 665 designabant

2135 691 2293 746 stella
2318 691 2574 760 quapiam
2607 689 2830 760 insigni,
2858 703 2978 759 quae
3005 690 3058 742 in
3087 703 3154 742 eo
3185 688 3304 759 ipso
3331 689 3568 743 termino
3594 690 3697 745 sita

2133 788 2285 846 erat;
2315 781 2396 835 vel
2421 780 2490 834 ab
2515 781 2619 832 alia
2658 780 3043 845 borealiornm,
3075 779 3550 844 australiorumve,
3581 797 3698 851 qua

2135 871 2296 927 simul
2323 881 2570 925 exortum
2603 870 2861 926 facerent.
2899 891 2917 922 ι

2204 960 2373 1032 igitur
2399 976 2465 1015 ex
2499 960 2696 1015 diurna
2743 963 3098 1018 conversione
3133 962 3301 1020 stella:
3331 962 3454 1017 caeli
3495 962 3698 1017 circui-

2136 1061 2249 1106 tum
2295 1053 2574 1107 dimensos
2605 1067 2728 1107 esse
2757 1055 2944 1116 refert,
2974 1060 3134 1122 atque
3167 1052 3268 1106 hoc
3299 1054 3536 1122 spatium
3567 1052 3700 1107 duo-

2133 1145 2306 1200 decim
2352 1145 2588 1214 aequales
2643 1144 2698 1198 in
2755 1151 2934 1214 partes
2986 1143 3350 1201 distribuisse.
3405 1143 3588 1211 Quare
3635 1160 3701 1200 ex

2134 1237 2565 1300 ascensionibus,
2595 1245 2649 1292 et
2679 1252 2798 1306 quae
2827 1243 3071 1305 tempora
3100 1245 3292 1291 vocant
3326 1235 3585 1301 artiﬁces,
3618 1245 3698 1288 at-

2135 1343 2241 1396 que
2272 1329 2326 1381 in
2355 1328 2720 1397 aequinoctiali
2754 1327 2982 1390 circulo,
3015 1341 3123 1380 non
3169 1326 3223 1379 in
3269 1326 3494 1396 obliquo
3524 1334 3578 1381 et
3611 1343 3701 1380 zo-

2134 1421 2312 1485 diaco,
2339 1420 2902 1475 dodecatemoriorum
2948 1419 3312 1488 longitudines
3353 1419 3513 1474 initio
3556 1434 3702 1473 com-

2135 1519 2430 1583 putarunt;
2462 1511 2677 1566 tametsi
2710 1519 3113 1581 segmentorum
3148 1512 3350 1568 limites
3377 1513 3554 1567 stellis
3586 1513 3703 1582 qui-

2135 1605 2392 1671 busdam,
2421 1605 2569 1658 velut
2594 1603 2932 1668 cardinibus,
2956 1603 3372 1675 distinguerent.
3401 1605 3517 1659 Hoc
3545 1607 3705 1660 modo

2137 1702 2411 1765 segmenta
2452 1694 2740 1750 duodecim
2772 1695 2826 1749 in
2872 1696 3096 1751 zodiaco
3127 1695 3347 1751 fuerunt
3381 1697 3699 1768 inaequalia;

2132 1787 2186 1842 in
2207 1786 2569 1857 aequinoctiali
2603 1796 2780 1841 autem
2829 1788 3095 1857 aequalia,
3152 1796 3344 1842 contra
3394 1805 3460 1843 ac
3515 1798 3702 1858 postea

2132 1877 2334 1933 factum
2369 1888 2471 1933 est.
2502 1878 2636 1932 Nam
2681 1877 2842 1934 hodie
2885 1878 3322 1934 dodecatemoria
3372 1880 3428 1934 in
3479 1880 3702 1936 zodiaco

2131 1970 2338 2025 circulo
2371 1975 2500 2026 sunt
2541 1970 2790 2040 aequalia,
2823 1980 2930 2025 tam
2966 1972 3019 2026 in
3043 1979 3216 2035 recto,
3250 1985 3415 2041 quam
3465 1972 3522 2025 in
3570 1973 3703 2026 obli-

2133 2077 2238 2132 quo
2268 2061 2390 2116 caeli
2421 2061 2632 2132 positu;
2666 2061 2720 2115 in
2749 2061 3137 2131 aequinoctiali,
3171 2071 3390 2132 propter
3420 2063 3702 2118 ascensio-

2132 2169 2260 2208 num
2289 2152 2678 2214 diversitatem,
2710 2153 3002 2223 utrobique
3050 2162 3180 2209 sunt
3229 2155 3460 2223 majora,
3490 2157 3580 2208 vel
3608 2158 3702 2209 mi-

2132 2261 2289 2301 nora.
2315 2244 2639 2314 Quanquam
2664 2243 2826 2300 Picus
2850 2244 3262 2300 Mirandulanus
3292 2245 3384 2300 lib.
3416 2245 3477 2298 Vl
3507 2245 3702 2301 Contra

2133 2334 2320 2388 σειν-οι.
2361 2349 2481 2404 cap.
2511 2332 2593 2397 \‘l,
2627 2333 2912 2388 Chaldaeos
2943 2335 3018 2388 ait
3049 2334 3221 2404 signis
3258 2349 3386 2390 usos
3416 2351 3528 2391 non
3560 2351 3698 2400 esse,

2131 2425 2226 2481 sed
2271 2425 2619 2496 imaginibus.
2671 2424 2777 2482 Sed
2824 2424 3181 2481 nihilominus
3221 2427 3567 2496 inaequalitas
3616 2429 3699 2482 illa

2133 2520 2465 2573 constiterit.
2505 2517 2785 2588 Siquidem
2837 2519 3133 2588 imagines,
3181 2519 3298 2574 sive
3335 2520 3514 2574 octavi
3556 2520 3700 2575 orbis

2135 2619 2412 2680 segmenta
2444 2611 2608 2664 certis
2634 2611 2892 2666 distincta
2923 2611 3196 2666 sideribus
3238 2611 3528 2681 inaequalia
3555 2623 3698 2675 sunt,

2132 2710 2192 2755 ut
2219 2701 2325 2754 alia
2361 2699 2859 2756 dodecatemorium
2893 2718 3050 2757 suum
3097 2718 3204 2756 non
3247 2703 3528 2774 impleant,
3560 2705 3699 2759 velut

2131 2792 2378 2856 Cancer;
2423 2792 2688 2846 excedant
2715 2794 2842 2858 alia,
2874 2801 2928 2848 et
2969 2795 3024 2847 in
3068 2794 3248 2848 vicina
3285 2795 3614 2856 redundent,
3645 2804 3699 2852 ut

2135 2881 2262 2949 Leo,
2295 2884 2526 2938 testibus
2555 2885 2863 2956 Hipparcho
2905 2896 2958 2942 et
2997 2885 3243 2943 Gemino.
3277 2887 3381 2942 Sed
3423 2903 3502 2942 eas
3543 2887 3696 2941 Chal-

2133 2975 2371 3030 daeorum
2409 2983 2463 3030 et
2511 2975 2890 3048 Egyptiorum
2937 2979 3200 3049 imagines
3229 2995 3257 3033 a
3289 2979 3524 3050 vulgatis
3563 2979 3698 3034 Gras-

2135 3081 2344 3131 corum,
2374 3076 2427 3123 et
2456 3068 2725 3138 hodieque
2757 3071 3061 3140 pervagatis
3099 3070 3327 3126 diversa:
3367 3071 3608 3137 fuerunt,
3639 3081 3694 3128 ut

2137 3157 2376 3214 Achilles
2409 3158 2599 3216 Tatius
2623 3162 2676 3214 in
2705 3163 2853 3216 calce
2879 3160 3305 3234 Prolegomenon
3331 3171 3583 3218 testatur.

2211 3245 2334 3301 Hazc
2383 3248 2524 3318 apud
2559 3249 2840 3306 Chaldaeos
2878 3259 2931 3306 et
2981 3250 3266 3322 Egyptios
3312 3253 3524 3307 zodiaci
3576 3262 3696 3307 nata

2135 3336 2333 3392 divisio
2362 3340 2561 3404 serius,
2598 3341 2675 3395 uti
2708 3340 2910 3396 dictum
2937 3350 3039 3407 est,
3067 3343 3303 3413 pervasit
3328 3344 3382 3398 in
3412 3343 3695 3399 Graeciam.

2133 3425 2318 3498 Neque
2345 3444 2474 3483 vero
2506 3445 2628 3483 cum
2669 3430 2917 3486 duodena
2953 3431 3054 3486 ista
3083 3433 3378 3502 partitione
3408 3435 3594 3488 statim
3623 3434 3696 3487 al-

2134 3523 2250 3571 tera
2295 3519 2594 3587 processit,
2649 3536 2771 3589 qua:
2820 3531 3095 3592 segmenta
3149 3522 3363 3592 singula
3409 3525 3600 3579 tribuit
3644 3527 3693 3579 in

2135 3615 2320 3678 partes
2350 3609 2593 3678 triginta.
2641 3610 2721 3664 Ac
2767 3611 3000 3666 diversa:
3041 3610 3332 3666 admodum
3381 3613 3524 3683 apud
3565 3614 3696 3668 anti-

2135 3715 2294 3769 quos,
2330 3703 2562 3757 maxime
2614 3700 2854 3767 Graecos,
2906 3703 3198 3759 divisiones
3249 3705 3514 3760 instituta:
3552 3717 3691 3762 sunt.

2135 3790 2178 3844 E
2205 3793 2404 3862 quibus
2437 3794 2790 3850 celeberrima
2814 3794 2911 3849 fuit
2941 3810 3026 3860 ea,
3055 3812 3175 3866 quae
3202 3797 3438 3852 circulos
3469 3799 3522 3852 in
3552 3814 3694 3853 sexa-

2134 3899 2300 3954 genas
2345 3894 2527 3955 partes
2585 3885 2867 3940 distribuit
2921 3907 2934 3942 :
2985 3888 3145 3958 cujus
3208 3889 3452 3942 meminit
3502 3889 3692 3942 Strabo

2135 3975 2230 4030 lib.
2277 3975 2342 4042 ll,
2383 3976 2475 4032 ubi
2525 3978 2958 4048 aequinoctialem
3015 3979 3070 4033 in
3126 3979 3349 4034 totidem
3400 3980 3615 4042 dividit,
3644 3989 3693 4035 et

2133 4066 2371 4122 Achilles
2412 4066 2600 4123 Tatius
2646 4070 2699 4123 in
2727 4067 3027 4140 Prolegom.
3056 4087 3175 4142 cap.
3212 4071 3409 4141 XXVI;
3455 4072 3692 4145 Hyginus

2132 4159 2226 4213 lib.
2295 4157 2315 4212 Ι
2369 4159 2739 4228 [Astronomiw
2817 4171 2953 4231 poet.
3028 4178 3149 4233 cap.
3215 4164 3284 4219 de
3378 4164 3692 4234 ﬁguratione

2133 4251 2469 4306 circulorum
2525 4254 2750 4323 sphmm
2802 4275 2814 4309 :
2869 4273 2887 4304 ι
2920 4253 2979 4308 In
3043 4256 3267 4322 triginta
3317 4264 3533 4325 partes,
3589 4256 3687 4318 ait,

2135 4345 2566 4414 unumquodque
2611 4345 3042 4416 hemisphaerium
3085 4346 3358 4411 dividitur,
3393 4348 3466 4400 ita
3499 4347 3578 4400 uti
3614 4347 3691 4400 di-

468 4451 568 4491 nes
601 4437 910 4491 constitutae
941 4445 1085 4492 sunt.
1123 4437 1278 4502 Quod
1305 4453 1371 4492 ex
1401 4453 1466 4491 eo
1495 4447 1713 4494 auctore
1744 4439 2034 4510 descripsit
2064 4454 2108 4509 ι)
2133 4438 2346 4491 mensio
2391 4436 2694 4508 signiﬁcari
2742 4440 2992 4493 videatur
3021 4439 3076 4493 in
3109 4446 3222 4492 tota
3264 4439 3472 4507 spbzera
3505 4455 3601 4509 per
3626 4455 3685 4492 ιι

469 4525 776 4582 Macrobius
822 4527 918 4582 lib.
960 4525 1000 4591 Ι,
1037 4528 1092 4581 in
1134 4527 1314 4582 Somn.
1349 4527 1490 4596 Scip.
1523 4529 1698 4599 Caput
1731 4530 1878 4586 illius
1899 4539 1983 4586 est
2012 4549 2025 4586 :

468 4619 764 4682 Chaldmis,
819 4620 911 4689 qui
967 4629 1092 4674 ante
1119 4619 1420 4674 duodenam
1452 4621 1793 4690 partitionem
1826 4631 2030 4693 septem

471 4708 524 4762 in
548 4711 687 4764 cmlo
705 4725 891 4779 sparsa
914 4712 1087 4765 sidera
1109 4719 1378 4773 notarent,
1402 4713 1668 4780 placuisse
1689 4721 1875 4783 postea
1891 4715 2029 4769 duo-

468 4803 640 4856 decim
661 4803 712 4857 in
733 4810 914 4872 partes
932 4809 1102 4856 totum
1119 4802 1380 4857 dividere.
1401 4804 1567 4875 Igitur
1586 4805 1918 4874 splendidam
1938 4805 2031 4860 ali-

466 4907 626 4962 quam
641 4894 849 4948 stellam
864 4909 957 4950 eos
969 4895 1474 4964 observasse,cujus
1488 4897 1555 4950 ab
1568 4903 1686 4950 ortu
1703 4898 1767 4951 ad
1781 4896 2028 4953 eumdem

467 4991 645 5037 ortum
674 4985 1082 5040 conversionem
1117 4986 1184 5040 ad
1224 4970 1561 5057 clepsydram
1605 4986 1835 5042 dimensi
1879 4995 2023 5042 sunt.

467 5074 741 5141 Quantum
765 5091 918 5145 aqua:
942 5077 996 5130 in
1022 5078 1324 5148 subjectum
1348 5093 1444 5133 vas
1468 5077 1708 5132 stillatim
1733 5077 2027 5143 deciderat,

465 5165 629 5234 hujus
658 5166 874 5220 unciam
905 5166 970 5220 ad
1003 5168 1327 5223 metiendam
1357 5169 1691 5224 duodecimae
1724 5169 1893 5239 partis
1921 5171 2031 5225 cir-

465 5259 572 5312 culi
601 5259 873 5330 ἀναφοράν
903 5270 1280 5329 sumpserunt;
1317 5276 1546 5331 eamque
1589 5272 1795 5330 partem
1830 5262 2028 5316 illustri

467 5351 647 5419 aliqua
691 5351 844 5406 stella
879 5353 1262 5416 terminarunt,
1294 5368 1413 5422 qua:
1456 5361 1549 5406 aut
1581 5351 1637 5405 in
1668 5367 1733 5407 eo
1769 5353 1886 5421 ipso
1918 5353 2028 5408 cir-

469 5442 575 5495 culi
607 5443 725 5496 loco
756 5441 1092 5512 deprehensa
1132 5445 1224 5507 sit,
1257 5453 1349 5498 aut
1388 5444 1526 5500 idem
1561 5453 1772 5515 tempus
1801 5445 2030 5502 habebat

469 5531 711 5587 oriendi:
741 5532 835 5586 Ἐκ
856 5534 1060 5603 ταύτης
1078 5535 1178 5605 τῆς
1199 5535 1476 5604 ἀναφορᾶς
1500 5534 1597 5602 (ait
1627 5532 1868 5603 Sextus),
1887 5535 2028 5607 φημὶ

467 5621 524 5676 δδ
571 5622 664 5675 τοῦ
710 5623 1197 5696 δωδεκατημορίου,
1249 5625 1308 5677 τὸ
1350 5624 1648 5677 τελευταῖον
1699 5625 1870 5697 πέρας
1901 5627 2028 5696 ἐση-

473 5712 720 5782 μειοῦντο
753 5713 858 5766 ἀπὸ
874 5715 1101 5786 ἀστέρος
1117 5716 1257 5779 τινὸς
1275 5716 1566 5784 ἐπιφανοῦς
1587 5718 1706 5769 κατ’
1736 5716 1864 5770 αὐτὸ
1895 5716 2026 5770 θεω-

2131 4537 2320 4600 partes
2371 4528 2532 4584 facta.
2584 4549 2602 4581 ›
2660 4529 2774 4584 Hoc
2822 4529 2984 4583 modo
3030 4529 3186 4600 signo
3239 4529 3461 4583 cuilibet
3512 4538 3686 4598 partes

2128 4620 2391 4690 quinque,
2438 4622 2690 4692 partibus
2733 4622 2964 4691 singulis
3006 4636 3099 4677 sex
3127 4620 3326 4691 gradus
3357 4628 3681 4690 competunt.

2129 4709 2306 4766 Aliter
2333 4710 2660 4768 Posidonius
2688 4713 2832 4782 apud
2863 4711 3204 4767 Cleomedem
3247 4713 3339 4766 lib.
3371 4711 3412 4775 l,
3442 4728 3562 4782 cap.
3599 4710 3683 4775 ιχ,

2130 4802 2454 4873 signiferum
2481 4812 2652 4858 totum
2685 4804 2738 4857 in
2764 4821 2931 4858 xmn
2967 4812 3148 4874 partes
3185 4804 3488 4867 dividebat,
3526 4804 3685 4858 dode-

2129 4899 2462 4952 catemorion
2529 4896 2784 4967 quodque
2856 4895 3250 4967 quadrifariam
3315 4912 3529 4952 secans.
3586 4897 3684 4950 Alii

2130 5003 2296 5059 porro
2338 4987 2773 5042 dodecatemorio
2823 4989 3016 5058 quovis
3070 4989 3124 5042 in
3170 4989 3455 5043 duodecim
3506 4997 3683 5059 partes

2129 5076 2266 5130 alias
2291 5075 2489 5138 diviso,
2522 5083 2693 5130 totum
2726 5077 3008 5131 zodiacum
3041 5077 3095 5132 in
3123 5094 3280 5132 cutv
3305 5079 3486 5146 partiti
3517 5088 3642 5132 sunt
3665 5118 3678 5139 ,

2130 5175 2192 5221 ut
2231 5165 2427 5221 Sextus
2453 5166 2758 5238 Empiricus
2785 5167 2944 5222 docet
2975 5169 3131 5224 initio
3155 5170 3281 5224 libri
3307 5168 3370 5225 V.

2199 5259 2439 5314 Tandem
2472 5275 2538 5314 eo
2564 5275 2850 5330 progressa
2882 5277 2969 5315 res
2995 5271 3097 5325 est,
3123 5246 3184 5315 ut
3212 5269 3321 5314 tam
3343 5260 3679 5331 aequinoctia:

2129 5351 2217 5416 lis,
2246 5365 2405 5420 quam
2439 5351 2662 5421 signifer
2693 5351 2934 5406 circulus
2965 5353 3017 5405 in
3053 5351 3339 5406 duodecim
3375 5359 3576 5421 partes,
3609 5366 3678 5405 ea:

2129 5442 2183 5496 in
2227 5443 2447 5510 triginta
2489 5443 2797 5496 minutatim
2837 5452 3171 5507 secarentur,
3199 5450 3258 5497 ut
3287 5444 3340 5498 in
3370 5451 3482 5498 toto
3513 5443 3675 5497 circu-

2129 5532 2182 5586 lo
2231 5546 2397 5586 cccu
2430 5543 2726 5587 numeratae
2760 5533 2902 5598 sint;
2933 5533 3271 5588 duodecimis
3317 5550 3534 5603 quoque
3563 5549 3672 5602 par-

2131 5625 2271 5682 tibus
2297 5627 2583 5696 utriusque
2607 5625 2796 5682 circuli
2829 5626 3048 5680 nomina
3079 5625 3146 5680 de
3175 5627 3404 5681 stellatis
3433 5626 3674 5698 imagini-

2130 5717 2231 5773 bus
2278 5717 2449 5773 indita
2483 5725 2610 5774 sunt
2643 5737 2654 5770 :
2691 5732 2809 5789 quas
2845 5725 2958 5770 tum
2994 5716 3242 5773 videlicet
3276 5718 3332 5772 in
3369 5716 3478 5772 illis
3504 5715 3673 5773 conti-
