3948 6264
259 263 417 321 15-31

1131 263 1584 321 DISSERTATIO
1621 263 1706 318 DE
1745 260 1930 319 ORTU
1971 261 2059 334 ET
2089 263 2359 325 OGCASU
2397 264 2718 326 SIDERUM.

3391 267 3530 322 1512

262 377 603 447 nebantur,
645 379 857 434 tametsi
903 386 1090 449 postea
1142 380 1354 451 longius
1408 382 1487 444 εἰς
1529 379 1599 435 τὰ
1634 379 1871 450 ἑπόμενα
1900 381 1940 438 Α
1973 379 2147 449 polos,
2182 392 2235 438 et
2283 383 2619 440 tricesimum
2659 373 2929 455 quemque
2952 383 3175 456 gradum
3205 390 3525 450 transeunt;

265 472 753 540 progressionem
785 469 1032 526 fecerint.
1064 472 1139 526 Ac
1167 473 1436 544 principio
1466 473 1704 544 quidem,
1731 488 1867 527 non-

1971 474 2054 528 vel
2107 477 2165 528 in
2223 476 2483 543 zodiaco,
2551 479 2705 534 initio
2770 477 2954 533 itidem
3021 477 3090 532 ab
3148 477 3528 534 intersectione

263 561 413 618 dum
449 562 623 618 orbis
656 561 899 618 stelliferi
927 564 1280 619 conversione
1309 565 1548 634 cognita,
1572 564 1872 636 simplicior
1969 581 2140 621 verna
2193 577 2442 640 sumpto,
2521 585 2586 625 ac
2645 586 2740 642 per
2787 570 2943 642 polos
3002 571 3240 632 zodiaci.
3301 571 3528 641 ejusque

264 659 404 706 erat
458 654 827 709 astronomia
882 654 1038 710 ratio.
1090 655 1245 711 Unus
1300 654 1442 709 enim
1496 655 1869 708 tantummodo

262 755 410 795 cum
473 743 854 813 aequinoctiali
907 745 1160 801 zodiacus
1220 745 1519 803 habebatur
1560 747 1614 800 in
1675 755 1868 802 octavo

263 834 450 898 caelo,
493 836 650 906 quod
686 845 741 892 et
777 838 1046 894 sideribus
1093 839 1463 910 distinguitur.
1494 839 1550 893 1d
1584 839 1724 895 enim
1764 839 1870 910 pri-

262 940 462 990 mum,
517 929 672 998 quod
726 940 942 993 vocant,
989 931 1185 986 mobile
1237 930 1377 1002 apud
1438 932 1688 1001 antiquos
1742 932 1862 988 fuit.

267 1014 416 1071 Post
471 1017 828 1090 Hipparchus
876 1023 1079 1076 moveri
1126 1022 1180 1076 in
1231 1023 1617 1091 consequentia
1666 1021 1863 1077 coelum

265 1105 418 1162 illud
449 1111 880 1176 animadvertit;
918 1112 1076 1182 idque
1097 1112 1416 1168 Ptolemaus
1442 1111 1635 1167 deinde
1663 1113 1864 1168 certius

267 1203 650 1270 approbavit.
683 1203 883 1259 Exinde
910 1219 1039 1273 ergo
1066 1204 1258 1273 duplex
1287 1205 1538 1259 zodiacus
1562 1205 1630 1258 ab
1652 1203 1866 1258 artiﬁci-

267 1292 384 1347 bus
419 1295 698 1366 distingui
726 1304 935 1366 captus
966 1305 1048 1352 est
1071 1315 1085 1351 :
1105 1313 1332 1366 quorum
1363 1298 1494 1353 alter
1522 1312 1628 1352 uno
1656 1297 1865 1366 simpli-

268 1385 449 1454 cique
505 1396 662 1442 motu
697 1388 931 1457 pradita
975 1387 1196 1458 sphara
1239 1387 1472 1443 tributus
1517 1394 1618 1454 est,
1655 1387 1709 1440 in
1753 1401 1863 1456 quo

265 1475 420 1533 nulli
471 1477 753 1532 asterismi
788 1486 944 1544 sunt;
992 1479 1218 1549 ejusque
1268 1480 1535 1534 sectiones
1572 1476 1762 1532 iisdem
1805 1477 1861 1531 in

269 1565 866 1624 dodecatemoriorum
900 1570 1116 1640 punctis
1155 1585 1276 1625 cum
1329 1569 1687 1640 aquinoctiali
1738 1582 1862 1638 per-

269 1663 456 1729 petuo
496 1658 668 1725 ﬁunt;
700 1661 836 1713 alter
867 1661 914 1714 ei
944 1661 1257 1730 suppositus
1305 1660 1360 1714 in
1404 1660 1534 1713 orbe
1578 1657 1856 1722 stellifero,

269 1746 452 1817 cujus
494 1748 944 1806 intersectionum
989 1762 1186 1821 puncta
1233 1751 1336 1804 alia
1379 1757 1540 1820 atque
1583 1750 1686 1803 alia
1727 1754 1854 1804 sunt
1887 1724 1930 1779 Β

265 1839 359 1900 εἰς
398 1839 477 1893 τὰ
521 1841 926 1913 προηγούμενα,
961 1857 1022 1899 ac
1047 1840 1230 1908 ζώδιοι,
1254 1843 1367 1896 sive
1409 1841 1698 1899 asterismi.
1721 1855 1855 1910 pau-

271 1929 442 1985 lat-im
481 1933 568 1996 et;
604 1935 672 1987 τὰ
711 1934 950 2006 ἑπόμενοι
994 1937 1263 1997 nituntur,
1306 1941 1467 2003 atque
1508 1947 1537 1986 a
1583 1931 1856 2004 cognomi-

269 2021 454 2107 nibus
481 2025 588 2079 sibi
617 2025 1065 2080 dodecatemoriis
1103 2027 1314 2097 longius
1341 2027 1658 2082 abscedunt.

350 2111 500 2170 Post
532 2115 646 2171 hac
684 2133 857 2173 novus
898 2117 951 2170 in
989 2118 1290 2172 caelestium
1323 2120 1533 2174 orbium
1564 2124 1853 2189 systemate

269 2213 474 2262 motus
535 2207 785 2264 inventus
831 2218 933 2274 est,
997 2209 1295 2264 secundum
1347 2226 1506 2280 quem
1571 2210 1846 2274 zodiacus,

273 2297 400 2354 sive
448 2299 708 2370 ecliptica
744 2300 1001 2370 majorem
1039 2302 1367 2356 tninoremve
1394 2301 1552 2355 habet
1586 2301 1652 2354 ab
1673 2316 1851 2370 aqua-

269 2396 402 2445 tore
443 2389 765 2444 distantiam
810 2399 863 2444 et
906 2390 1276 2460 obliquitatem
1315 2409 1329 2445 :
1363 2405 1429 2445 ex
1464 2405 1572 2460 quo
1604 2391 1849 2444 stellatus

271 2481 440 2537 orbis
475 2481 548 2537 ab
583 2490 769 2536 austro
798 2483 852 2536 in
889 2483 1282 2552 septentriones
1325 2484 1584 2549 torqueri,
1616 2489 1670 2536 et
1702 2495 1730 2535 a
1763 2495 1849 2535 se-

271 2574 700 2644 ptentrionibus
731 2575 795 2626 ad
823 2583 1065 2628 austrum
1095 2573 1294 2628 reﬂecti
1321 2572 1558 2627 creditus
1578 2580 1680 2626 est.
1710 2571 1847 2626 Hinc

272 2663 455 2734 igitur
526 2666 716 2719 tertius
779 2665 994 2718 additus
1071 2674 1155 2719 est
1219 2664 1474 2719 zodiacus
1555 2662 1848 2732 interjecta

271 2754 538 2822 ephara.
572 2755 727 2822 cujus
757 2756 973 2824 propria
1015 2763 1098 2808 est
1141 2755 1232 2809 illa
1267 2754 1501 2816 libratio,
1531 2755 1621 2823 qui
1657 2754 1724 2807 ab
1749 2769 1844 2807 zo-

273 2844 446 2900 diaco
483 2845 641 2914 primi
683 2846 899 2900 mobilis
947 2845 1223 2916 paululum
1269 2846 1501 2899 declinat
1532 2845 1600 2898 ad
1638 2845 1845 2914 aquilo-

270 2950 407 2989 nem
477 2944 572 2989 aut
618 2936 930 2999 meridiem,
977 2951 1040 2989 ac
1097 2937 1198 2990 sibi
1251 2937 1492 3005 proxime
1541 2937 1841 3004 subjectum

274 3029 478 3082 eadem
511 3027 802 3097 agitatione
833 3035 1174 3097 contorquet.
1219 3027 1322 3082 Sed
1359 3044 1424 3082 eo
1457 3028 1839 3097 pratermisso,

275 3119 548 3190 quoniam
594 3120 797 3174 veteris
832 3119 1096 3173 duntaxat
1135 3119 1483 3173 astronomia
1518 3118 1775 3172 ratio'hic
1813 3133 1844 3172 a

277 3212 446 3267 nobis
502 3209 738 3271 ducitur,
774 3210 976 3279 duplici
1032 3211 1256 3265 zodiaco
1302 3211 1540 3265 contenti
1587 3210 1790 3264 erimus
1827 3227 1840 3265 :

275 3319 524 3373 quorum
555 3304 690 3358 alter
717 3303 874 3373 primi
907 3305 1030 3358 cali
1057 3303 1346 3373 peculiaris
1380 3306 1621 3357 eamdem
1655 3318 1845 3372 perpe-

275 3403 374 3449 tuo
431 3393 852 3449 declinationem
935 3395 1003 3448 ab
1069 3403 1373 3464 aquatore.
1435 3401 1488 3448 et
1541 3393 1594 3448 in
1655 3395 1842 3452 eodem

276 3499 494 3558 puncto
538 3488 834 3542 sectionem
882 3486 1126 3549 obtinet;
1172 3486 1306 3538 alter
1341 3485 1599 3538 continuo
1628 3484 1680 3536 in
1715 3498 1846 3536 con-

277 3579 570 3647 sequentia
622 3591 912 3648 progressu
962 3575 1203 3630 stellatas
1251 3573 1510 3644 imagines
1546 3571 1740 3636 defert,
1779 3585 1844 3625 ac

273 3679 386 3726 tam
432 3671 712 3726 sectiones
757 3685 880 3724 cum
925 3675 1199 3737 aquatore
1238 3667 1360 3722 aliis
1408 3673 1570 3740 atque
1618 3665 1740 3719 aliis
1786 3665 1842 3720 in

273 3765 504 3834 punctis
536 3765 683 3826 facit,
713 3777 876 3832 quam
907 3760 1341 3816 dodecatemoria
1376 3759 1490 3829 ipsa
1524 3765 1840 3816 commutat.

273 3855 553 3910 Caterum
582 3869 705 3908 cum
741 3853 808 3908 de
850 3853 1072 3907 zodiaco
1123 3851 1349 3920 ejusque
1380 3848 1690 3920 segmentis,
1722 3862 1842 3918 qua

274 3948 432 4016 signa
477 3946 754 4005 dicuntur.
783 3944 1029 3999 absolute
1054 3944 1346 4013 loquimur,
1377 3943 1610 4011 priorem
1642 3941 1842 3995 intelli-

273 4041 466 4111 gimus
494 4046 939 4108 constantemque
966 4037 1184 4090 mobilis
1225 4036 1405 4105 primi,
1428 4035 1512 4088 vel
1540 4035 1588 4089 ei
1618 4048 1843 4102 respon-

273 4132 499 4185 dentem
531 4131 584 4185 in
616 4139 802 4184 octava
843 4129 1049 4199 sphaera
1102 4128 1401 4183 zodiacum.
1444 4127 1556 4182 Hoc
1595 4130 1737 4182 enim
1783 4129 1837 4182 in

273 4224 372 4277 ista
408 4224 567 4279 omni
597 4223 846 4278 doctrina
883 4223 1010 4278 sciri
1063 4225 1314 4277 convenit
1366 4222 1627 4292 quidquid
1660 4222 1714 4276 in
1747 4238 1840 4292 su-

273 4317 588 4388 perioribus
641 4316 868 4386 spharis
937 4315 1264 4370 circulorum
1330 4323 1838 4386 segmentorumque

1970 657 2305 712 tricesimum
2381 674 2650 730 quemque
2718 659 2942 731 gradum
3017 658 3320 714 absolutum
3403 673 3525 728 per-

1969 749 2148 805 ductis
2184 750 2406 806 circulis
2449 751 2722 807 maximis.
2759 750 3008 805 Latitudo
3053 765 3268 820 quoque
3317 749 3398 804 vel
3437 755 3524 804 est

1969 840 2138 894 stella
2189 841 2258 896 ab
2309 841 2678 912 aequinoctiali
2735 842 3024 906 distantia;
3081 856 3242 911 quam
3304 841 3524 895 metitur

1967 944 2131 985 arcus
2182 931 2376 996 coluri,
2426 933 2540 988 sive
2586 933 2806 988 maximi
2853 932 3039 988 circuli
3082 947 3113 986 a
3158 931 3282 1001 polo
3331 930 3518 985 mundi

1965 1037 2066 1091 per
2099 1033 2347 1078 centrum
2379 1025 2549 1080 stella
2571 1025 2636 1079 ad
2663 1024 3088 1094 aequinoctialem
3113 1023 3359 1094 producti
3385 1023 3518 1078 stel-

1965 1113 2072 1167 lam
2110 1113 2252 1168 inter
2304 1121 2359 1170 et
2401 1115 2828 1184 aquinoctialem
2881 1113 3224 1182 interjcctus;
3256 1113 3338 1167 vel
3379 1110 3522 1180 ejus-

1965 1205 2087 1261 dem
2147 1207 2317 1261 stella
2364 1213 2448 1262 est
2491 1222 2522 1260 a
2575 1206 2799 1261 zodiaco
2844 1205 3133 1270 distantia;
3189 1204 3303 1259 sive
3357 1218 3518 1258 arcus

1964 1295 2185 1349 maximi
2216 1295 2410 1350 circuli
2443 1311 2541 1366 per
2561 1296 2715 1365 polos
2752 1293 2957 1349 zodiaci
2992 1293 3344 1356 transeuntis,
3376 1291 3518 1345 inter

1963 1387 2174 1440 stellam
2207 1387 2526 1455 interjcctus
2549 1394 2603 1441 et
2632 1385 2934 1441 zodiacum.
2976 1381 3218 1453 Utroque
3255 1381 3412 1435 modo
3443 1381 3519 1434 la-

1963 1477 2252 1533 titudinem
2284 1479 2582 1546 prasertim
2613 1477 2887 1534 deﬂniisse
2919 1486 3127 1531 veteres
3157 1489 3389 1548 sequens
3419 1489 3514 1528 ca-

1965 1579 2062 1641 put
2091 1571 2360 1625 ostendet.
2392 1569 2527 1623 Nam
2571 1570 2637 1624 dc
2687 1569 3018 1639 longitudine
3062 1567 3240 1621 minus
3278 1573 3512 1630 constat,
3561 1575 3564 1579 ‘

1961 1659 2157 1730 ecquid
2190 1673 2254 1714 ea
2281 1658 2578 1714 secundum
2607 1658 2883 1712 zodiacum
2911 1657 2979 1712 ab
3009 1657 3116 1711 illis
3139 1665 3294 1726 capta
3322 1655 3510 1721 fuerit;

1959 1766 2084 1805 cum
2115 1752 2172 1805 in
2200 1750 2558 1821 aequinoctiali
2589 1749 2795 1805 circulo
2827 1756 3191 1821 computatam
3223 1747 3413 1813 fuisse,
3445 1762 3513 1802 ex

1961 1843 2272 1915 Hipparcho
2297 1844 2544 1914 sequenti
2572 1847 2744 1914 capite
2774 1843 3080 1913 colligatur.

2026 1934 2157 1991 Post
2201 1935 2549 1990 Ptolemaum
2593 1934 2957 2005 longitudines
3001 1933 3279 1988 stellarum
3316 1945 3511 1987 secun-

1957 2025 2085 2080 dum
2123 2027 2403 2082 zodiacum
2441 2034 2641 2096 putata
2687 2033 2812 2080 sunt
2845 2045 2858 2081 :
2895 2039 3121 2094 quarum
3159 2023 3510 2078 ascensiones

1955 2126 2119 2173 recta
2147 2118 2347 2188 prioris
2378 2118 2591 2188 generis
2614 2117 2978 2187 longitudines
3003 2117 3288 2172 habentur.
3315 2114 3389 2170 lta
3418 2131 3510 2170 zo-

1955 2211 2146 2266 diacus
2179 2211 2233 2264 in
2274 2218 2455 2281 partes
2496 2210 2779 2266 duodecim
2819 2211 3074 2280 aquales,
3115 2210 3509 2279 aequinoctialis

1955 2304 2008 2357 in
2061 2303 2284 2359 totidem
2339 2303 2630 2373 inaquales
2682 2303 2889 2358 divisus
2937 2311 3040 2357 est.
3084 2300 3335 2356 Latitudo
3377 2315 3509 2355 vero

1953 2395 2211 2451 distantia
2251 2396 2418 2450 stella
2469 2402 2553 2450 est
2593 2394 2659 2447 ab
2706 2393 2947 2459 zodiaco,
2977 2393 3090 2447 sive
3125 2392 3394 2462 ecliptica.
3424 2391 3508 2447 Ab

1952 2485 2318 2556 aquinoctiali
2355 2501 2484 2539 vero
2517 2485 2798 2550 distantia,
2827 2499 2934 2539 non
2973 2483 3233 2550 latitudo,
3281 2481 3375 2538 sed
3413 2481 3508 2537 de-

1951 2578 2173 2632 clinatio
2201 2578 2362 2648 vulgo
2393 2577 2722 2631 nominatur.

2558 2687 2784 2743 CAPUT
2823 2687 2886 2742 11.

1950 2781 2027 2836 De
2045 2779 2365 2850 longitudine
2393 2797 2454 2832 ac
2479 2779 2756 2833 latitudine
2775 2779 3069 2840 stellarum,
3089 2786 3312 2832 veterum
3333 2783 3505 2830 astro-

2019 2849 2295 2906 nom’orum
2348 2851 2606 2904 sententia
2667 2849 2986 2912 declaratur,
3028 2857 3300 2916 utramque
3349 2860 3504 2914 penes

2017 2921 2435 2994 aquinoctt'alcm
2482 2919 2736 2973 circulum
2766 2919 3150 2973 consideratam
3183 2917 3364 2984 fuisse.

2019 3033 2174 3100 Quod
2203 3032 2269 3088 de
2297 3034 2578 3089 stellarum
2625 3032 2960 3102 longitudine
3016 3033 3191 3100 capite
3237 3029 3505 3101 superiori

1945 3127 2201 3193 diximus,
2232 3141 2349 3181 eam
2399 3127 2537 3196 apud
2571 3133 2780 3180 veteres
2819 3125 3116 3181 secundum
3145 3124 3502 3194 aequinoctia-

1945 3219 2049 3273 lem
2076 3218 2269 3286 accipi,
2293 3218 2346 3273 id
2375 3234 2440 3272 ex
2465 3216 2774 3287 Hipparcho
2798 3218 3294 3272 demonstrabimus
3323 3214 3504 3270 allatis

1944 3309 2149 3378 aliquot
2172 3310 2470 3378 exemplis:
2501 3324 2565 3362 ex
2603 3308 2802 3378 quibus
2836 3308 3014 3378 priora
3048 3309 3136 3362 illa
3176 3307 3396 3361 veniant
3445 3306 3502 3361 in

1944 3400 2178 3454 medium
2214 3409 2468 3468 quatuor,
2495 3411 2618 3469 qua
2646 3400 2698 3452 in
2730 3399 2867 3453 libro
2908 3400 2947 3462 Ι,
2978 3414 3205 3454 numero
3240 3397 3287 3452 Σ
3317 3399 3504 3467 legun-

1942 3499 2049 3553 tur,
2085 3490 2172 3543 ubi
2204 3498 2367 3558 caput
2399 3488 2545 3543 Ursa
2591 3489 2816 3558 majoris
2872 3489 3138 3557 imprimis
3180 3489 3341 3542 Situm
3381 3501 3502 3543 esse

1941 3581 2068 3634 dicit
2096 3582 2149 3634 in
2182 3580 2378 3634 Leonis
2405 3580 2564 3648 paulo
2595 3581 2778 3634 minus
2808 3586 2958 3648 parte
2991 3580 3172 3640 tertia,
3199 3577 3499 3632 secundum

1939 3672 2372 3742 aquidistantcm
2417 3672 2779 3742 aequinoctiali
2825 3670 3111 3724 circulum.
3176 3669 3266 3723 Est
3314 3676 3494 3722 autem

1941 3765 2299 3835 caput‘Ursa
2352 3765 2624 3821 borcalior
2679 3763 3111 3817 antecedentium
3164 3761 3393 3816 duarum
3443 3761 3499 3816 in

1940 3856 2218 3922 laterculo,
2249 3871 2316 3911 ex
2341 3863 2582 3911 veterum
2623 3853 3044 3924 sententia,_qui
3079 3853 3256 3906 nullas
3307 3859 3502 3921 prater

1939 3956 2146 4018 septem
2176 3949 2276 4017 τῆς
2319 3946 2580 4018 ’Λμάξης,
2611 3947 2664 4000 in
2696 3945 2908 4001 Helices
2954 3946 3240 3999 asterismo
3263 3944 3500 3999 colloca-

1939 4048 2088 4095 runt.
2121 4041 2250 4096 Item
2283 4051 2614 4112 postremam
2663 4042 2719 4095 in
2770 4043 2940 4094 cauda
2987 4038 3249 4092 Draconis
3300 4051 3495 4092 secuno

1939 4133 2067 4188 dum
2101 4136 2414 4203 parallelum
2446 4135 2713 4190 circulum
2741 4149 2861 4188 esse
2889 4132 2942 4184 in
2973 4140 3124 4202 parte
3155 4129 3352 4183 Leonis
3391 4137 3498 4182 ter-

1937 4228 2032 4280 tia.
2083 4225 2145 4282 Ὀ
2193 4228 2291 4297 μὲν
2340 4227 2446 4299 γὰρ
2492 4229 2549 4280 ὲν
2589 4227 2731 4298 ἄκρᾳ
2759 4229 2824 4297 τῇ
2870 4225 3004 4295 οὐρᾷ
3059 4223 3152 4278 τοῦ
3204 4222 3500 4291 Δράκοντος

1938 4318 2143 4388 ἐπέχει,
2179 4318 2254 4382 ὠς
2302 4319 2442 4371 κατὰ
2487 4317 2824 4389 παράλληλον
2868 4316 3099 4379 κύκλον,
3141 4313 3235 4367 τοῦ
3276 4314 3500 4376 Λέοντος

277 4410 519 4464 mcthodi
555 4424 720 4464 causa
767 4408 1008 4478 ﬁngitur,
1038 4407 1271 4477 idipsum
1313 4409 1609 4477 eodemque
1653 4408 1832 4471 modo,

1953 4411 2134 4482 ιοίρας
2185 4416 2268 4479 γύ
2317 4409 2346 4462 ὁ
2392 4409 2448 4462 δὲ
2495 4408 2781 4480 εἰρημένος
2834 4407 3007 4477 ἀστὴρ
3053 4407 3111 4459 ἐν
3156 4404 3233 4476 τῷ
3273 4401 3498 4474 πλινθίῳ

283 4500 349 4554 ad
404 4499 694 4554 inferiores
749 4507 803 4553 et
851 4499 1127 4566 subjectos
1175 4497 1599 4556 accommodari;
1663 4506 1716 4551 et
1771 4497 1837 4550 ad

282 4590 458 4660 ipsum
498 4590 632 4644 adeo
684 4597 841 4644 terra
889 4590 1106 4660 globum
1157 4587 1419 4659 quosdam
1464 4589 1744 4658 applicari,
1781 4588 1836 4645 in

284 4698 387 4751 quo
423 4697 557 4738 suus
597 4681 783 4734 itidem
822 4680 1217 4748 aquinoctialis
1258 4679 1537 4735 informari
1582 4680 1740 4744 solet,
1772 4694 1836 4734 ac

284 4773 461 4828 caeteri
494 4771 755 4842 paralleli.

352 4860 446 4918 His
495 4860 907 4922 animadversis,
935 4875 1058 4914 cum
1110 4861 1392 4915 stellarum
1439 4859 1580 4916 situs
1624 4861 1710 4914 vel
1749 4859 1834 4914 di-

283 4961 427 5009 recte
471 4954 555 5009 vel
605 4952 955 5008 transversim
1007 4953 1341 5007 considerari
1381 4960 1564 5023 queat,
1604 4952 1705 5006 hoc
1751 4957 1835 5006 est

286 5047 579 5103 secundum
617 5045 1034 5115 longitudinem,
1067 5059 1130 5098 ac
1183 5045 1516 5100 latitudinem
1553 5062 1568 5099 :
1602 5060 1832 5114 quarum

285 5141 425 5208 prior
449 5140 517 5193 ab
547 5139 926 5192 intersectione
957 5152 1122 5192 verna
1151 5137 1377 5202 zodiaci,
1401 5146 1455 5192 et
1482 5138 1834 5208 aequinoctia-

285 5230 348 5285 lis
381 5229 602 5301 incipit;
635 5231 904 5300 posterior
933 5231 1087 5300 polos
1118 5244 1309 5284 versus
1337 5229 1512 5283 media
1548 5229 1616 5283 ab
1657 5229 1830 5299 spha-

283 5336 338 5374 ra
368 5322 600 5379 sumitur
630 5341 644 5376 :
679 5332 967 5391 utrumque
1012 5321 1301 5391 dupliciter
1339 5321 1594 5376 astimari
1632 5328 1826 5393 potest.

281 5409 408 5466 Nam
447 5412 726 5483 longitudo
762 5413 846 5467 vel
894 5413 948 5466 in
996 5412 1362 5481 aequinoctiali
1408 5421 1704 5482 spectatur,
1736 5413 1828 5483 qui

282 5502 559 5560 duodecim
586 5504 842 5558 tribuitur
867 5504 920 5557 in
949 5513 1148 5572 partes,
1177 5503 1330 5558 initio
1353 5504 1421 5558 ab
1452 5519 1616 5558 verna
1655 5505 1825 5559 inier-

281 5594 510 5650 sectione
565 5593 730 5658 facto,
766 5594 1170 5664 designatisque
1219 5595 1273 5649 in
1318 5611 1384 5650 eo
1428 5597 1675 5666 partibus
1732 5611 1827 5666 per

281 5684 536 5740 maximos
564 5682 820 5747 Circulos,
854 5683 967 5738 sive
1004 5685 1221 5740 coluros
1252 5701 1370 5749 sex,
1399 5686 1489 5756 qui
1517 5701 1613 5755 per
1640 5685 1822 5742 mundi

1941 4502 2126 4573 ἐπέχει
2156 4501 2250 4556 τοῦ
2289 4500 2514 4564 Λέοντος
2561 4499 2737 4571 μικρῷ
2774 4499 2996 4552 ἔλασσον
3028 4496 3134 4550 τῶν
3176 4503 3226 4566 γ’
3270 4494 3491 4566 μοιρῶν.

1941 4593 2243 4662 Utrumque
2277 4590 2476 4647 falsum
2509 4600 2614 4652 est,
2653 4591 2699 4644 si
2741 4590 2794 4643 in
2829 4590 3050 4643 zodiaco
3081 4595 3352 4656 spectetur
3381 4585 3498 4637 illa-

1939 4698 2056 4736 rum
2092 4681 2369 4737 stellarum
2403 4680 2561 4734 situs.
2610 4678 2740 4732 Nam
2772 4679 2942 4748 prior,
2987 4693 3107 4746 qua
3143 4674 3290 4730 Ursa
3334 4681 3496 4754 caput

1939 4773 2179 4842 antiquis
2207 4780 2344 4834 erat,
2371 4770 2666 4841 Hipparchi
2691 4781 2932 4840 tempore
2958 4769 3012 4822 in
3035 4767 3229 4822 Cancri
3257 4766 3323 4820 15
3344 4773 3496 4836 parte

1939 4870 2305 4934 versabatur;
2344 4877 2614 4937 postrema
2662 4863 2850 4919 cauda
2907 4861 3167 4916 Draconis
3210 4861 3264 4914 in
3299 4859 3492 4913 Cancri

1939 4961 2036 5024 10,
2082 4961 2186 5015 56'.
2223 4959 2488 5014 Ascensio
2520 4964 2667 5012 recta
2701 4957 2901 5028 prioris
2939 4956 3042 5009 fuit
3085 4954 3209 5016 522,
3239 4953 3318 5006 52'
3351 4965 3494 5004 anno

1932 5051 2056 5109 Per.
2095 5052 2204 5108 Jul.
2262 5051 2440 5118 4550;
2484 5049 2806 5121 posterioris
2857 5047 3046 5118 paucis
3077 5045 3236 5099 annis
3266 5050 3490 5113 postea,

1933 5145 2034 5202 fuit
2066 5144 2188 5207 125,
2227 5143 2330 5213 57'.
2367 5124 2828 5211 Divisa-‘utraque
2882 5154 2980 5210 per
3009 5137 3078 5192 30
3099 5177 3116 5202 ,
3162 5135 3404 5191 conﬁunt
3435 5135 3490 5188 in

1932 5236 2124 5308 priori,
2168 5235 2320 5305 signa
2351 5236 2406 5297 4,
2437 5234 2492 5298 2,
2523 5235 2636 5297 52';
2666 5233 2723 5286 in
2753 5229 3061 5301 posteriori,
3093 5229 3157 5292 4,
3199 5228 3252 5293 5,
3276 5225 3377 5282 57'.
3413 5222 3490 5280 Ita

1931 5344 2116 5385 verum
2153 5335 2234 5383 est
2264 5327 2406 5398 qttod
2438 5327 2514 5380 ait
2543 5324 2882 5395 Hipparchus
2911 5323 2976 5376 de
3015 5323 3294 5376 ambarum
3331 5317 3485 5381 locis.

1931 5423 1977 5478 si
2009 5423 2063 5476 in
2092 5420 2455 5491 aquinoctiali
2479 5419 2684 5474 circulo
2705 5416 3001 5474 secundum
3033 5414 3378 5470 ascensiones
3402 5425 3490 5467 re-

1928 5521 2046 5568 ctas
2071 5553 2085 5575 ,
2125 5513 2242 5577 vel,
2276 5511 2420 5582 quod
2453 5511 2595 5565 idem
2625 5519 2731 5573 est,
2774 5510 2828 5564 in
2861 5523 2927 5563 eo
2955 5503 3490 5578 parallelo-conslde—

1933 5613 2157 5667 rentur,
2197 5618 2356 5674 quem
2389 5601 2556 5656 stella
2583 5600 2779 5654 diurno
2807 5606 2956 5653 motu
2989 5596 3280 5652 delineaut.

2010 5695 2221 5748 rtursus
2253 5691 2440 5748 eodem
2480 5691 2599 5745 loco
2647 5688 2838 5745 scribit
2879 5685 3238 5758 Hipparchus,
3271 5693 3482 5743 austra-
