3948 6264
539 298 603 351 13
620 299 676 352 εὖ

1507 260 1512 266 ’
1545 291 1637 346 ΑΙ)
1677 289 1943 347 eosesu
1977 287 2366 345 CllllONltJON
2407 286 2766 343 APPENDIX.

3589 293 3703 352 [Η

535 415 718 467 liorem
759 403 1170 466 sucCcdentium
1202 406 1430 463 duarum
1475 407 1532 462 in
1565 407 1820 463 laterculo
1849 406 2094 461 obtinuere
2126 410 2167 464 Α
2195 399 2590 463 describendis,
2623 401 2690 456 ab
2723 401 2790 455 iis
2820 401 3070 472 ccepisse,
3095 399 3184 470 qui
3228 399 3487 456 borealem
3539 403 3704 463 habent

533 501 924 571 propemodum
967 507 1173 569 partem
1217 497 1414 554 Leonis
1473 496 1782 553 vicesimam
1826 496 2094 568 quintam.
2129 492 2138 502 “

2200 508 2228 546 a
2265 492 2488 545 zodiaco
2513 490 2822 546 distantiam
2849 530 2866 557 ,
2900 493 3004 546 hoc
3036 501 3120 546 est
3152 492 3500 558 latitudinem,
3527 505 3626 550 tum
3650 499 3703 555 de

535 593 695 662 Atqui
728 592 882 646 locus
903 591 1022 660 ejus
1051 590 1106 644 in
1143 589 1366 645 zodiaco
1401 589 1500 644 l'uit
1527 588 1817 660 Hipparchi
1860 597 2103 658 tempore
2199 585 2532 639 australibus
2557 585 2774 654 egisse:
2807 584 2950 654 quod
2971 593 3024 638 et
3049 582 3389 653 Hipparchus
3409 586 3516 654 ipse
3541 591 3700 646 tenuit.

536 685 592 738 in
629 683 826 738 Leonis
865 683 899 733 0
923 723 936 749 ,
968 683 1071 736 μ’.
1115 681 1257 752 Ergo
1305 696 1370 736 ex
1406 681 1723 736 ascensione
1775 688 1922 735 recta
1955 681 2098 736 situs

537 772 640 828 iste
672 772 1067 843 computandus
1098 781 1218 839 est;
1248 787 1409 842 quam
1439 772 1649 842 reperio
1678 771 1940 842 graduum
1975 773 2095 836 M5,

537 858 640 912 32'.
665 857 759 913 His
791 875 886 928 per
916 859 1137 928 triginta
1166 859 1376 922 divisis,
1407 861 1540 914 llunt
1568 861 1720 932 signa
1750 860 1814 926 4,
1849 861 1948 925 25,
1993 861 2096 925 δὲ’,

537 948 643 1002 hoc
670 956 753 1002 est
786 947 984 1002 Leonis
1007 948 1167 1018 paulo
1195 949 1316 1018 plus
1344 948 1516 1019 gradu
1552 950 1815 1006 vicesimo
1864 951 2055 1021 quinto
2077 993 2094 1018 ,

538 1039 595 1095 in
622 1039 1012 1108 aequinoctiali,
1043 1040 1126 1095 vel
1155 1039 1540 1110 :equidistante
1568 1041 1618 1095 ei
1648 1042 1874 1096 circulo.

609 1131 812 1186 ibidem
841 1140 1081 1188 extrema
1129 1132 1316 1187 caudae
1345 1131 1559 1188 Helices
1591 1135 1850 1190 statuitur
1876 1135 1930 1189 in
1960 1135 2098 1191 Che-

539 1223 736 1288 larum,
763 1238 859 1279 seu
887 1222 1062 1279 Libra:
1088 1232 1282 1294 quarta
1314 1235 1484 1295 parte.
1535 1225 1710 1284 Locus
1735 1235 1852 1283 erat
1881 1228 1936 1282 in
1967 1228 2098 1283 Leo-

539 1316 628 1372 nis
653 1317 764 1381 27,
813 1317 912 1370 10'.
971 1315 1240 1372 Ascensio
1298 1328 1445 1374 recta
1501 1320 1778 1390 signorum
1837 1320 1892 1386 6,
1922 1322 1976 1386 4,
2013 1322 2090 1388 ι’,

540 1409 698 1480 plane
728 1416 787 1461 ut
820 1407 1162 1478 Hipparchus
1193 1409 1385 1473 voluit,
1420 1411 1474 1466 in
1508 1411 1685 1466 Libra:
1707 1413 1761 1468 4.
1794 1412 1906 1468 Non
1932 1415 2096 1485 igitur

541 1499 607 1552 ad
637 1500 915 1554 zodiacum
941 1536 956 1563 ,
987 1499 1082 1554 sed
1117 1499 1185 1553 ad
1208 1501 1547 1571 parallelum,
1573 1506 2092 1576 aequinoctialemve,

540 1589 818 1645 stellarum
843 1589 958 1643 loca
989 1588 1362 1661 designantur.

607 1678 844 1734 Numero
894 1677 984 1732 XII
1037 1677 1382 1752 Hipparchus
1429 1683 1506 1738 ait
1554 1693 1882 1754 postremam
1909 1688 2097 1744 caudae

538 1768 765 1826 minoris
796 1770 948 1828 Ursae
970 1779 1130 1828 sitam
1165 1787 1287 1828 esse
1317 1775 1372 1828 in
1421 1775 1592 1844 gradu
1622 1775 1860 1834 Piscium
1894 1780 1980 1836 18.
2025 1779 2083 1836 Si

539 1860 748 1916 zodiaci
783 1864 922 1918 ratio
954 1865 1248 1932 habeatur,
1286 1874 1406 1920 erat
1439 1865 1736 1937 Hipparchi
1770 1878 2013 1941 tempore
2039 1871 2095 1928 in

540 1953 711 2023 gradu
763 1952 928 2008 Tauri
974 1955 1064 2010 29.
1115 1957 1376 2012 Ascensio
1420 1968 1566 2013 recta
1599 1959 1735 2023 546,
1769 1962 1870 2026 16’,
1898 1963 2096 2033 quibus

541 2063 638 2118 per
669 2047 738 2102 50
763 2047 976 2112 divisis,
1007 2048 1375 2103 coniiciuntur
1411 2050 1564 2120 signa
1600 2052 1687 2117 11,
1721 2052 1807 2118 16,
1838 2054 1949 2120 l6',
1993 2057 2097 2112 hoc

539 2143 625 2191 est
645 2135 844 2206 gradus
870 2135 1105 2191 Piscium
1140 2137 1204 2192 16
1224 2176 1239 2199 ,
1289 2139 1370 2192 16¹
1391 2179 1406 2206 ,
1439 2141 1734 2196 secundum
1785 2146 2096 2210 parallelum

539 2227 825 2284 circulum.
850 2227 968 2282 Jam
1003 2229 1148 2298 quod
1185 2229 1326 2284 idem
1364 2232 1563 2287 asserit
1609 2249 1763 2288 num.
1792 2234 1908 2290 XIV
1936 2246 2098 2308 caput

542 2317 694 2374 Ursae
723 2322 948 2377 minoris
971 2362 986 2388 ,
1025 2323 1138 2377 sive
1167 2323 1518 2379 borealiorem
1570 2327 2002 2384 antecedentium
2041 2331 2096 2387 in

539 2411 801 2466 laterculo
830 2412 1080 2482 plaustri,
1123 2413 1282 2468 sitam
1313 2430 1437 2470 esse
1482 2416 1534 2470 in
1566 2427 1805 2473 extremo
1853 2417 2094 2491 Scorpii,

538 2500 742 2558 idcum
777 2503 984 2558 zodiaci
1019 2505 1140 2558 loco
1185 2519 1294 2560 non
1345 2509 1637 2562 convenit:
1698 2509 1788 2578 qui
1837 2509 1940 2565 fuit
1967 2510 2099 2582 Hip-

538 2594 724 2666 parchi
760 2602 999 2666 tempore
1028 2595 1084 2650 in
1113 2596 1286 2666 gradu
1318 2596 1516 2654 Cancri
1565 2599 1650 2664 l5,
1689 2601 1804 2667 15',
1849 2601 1946 2657 sed
1974 2617 2096 2656 cum

538 2687 859 2743 ascensione
901 2697 1046 2743 recta
1074 2727 1089 2752 ,
1122 2704 1242 2758 qua:
1288 2687 1389 2744 fuit
1423 2690 1701 2760 signorum
1734 2691 1789 2754 8,
1823 2693 1876 2756 1,
1899 2693 2006 2758 26',
2038 2701 2099 2749 ut

536 2778 639 2832 hac
663 2779 872 2833 ratione
899 2778 956 2832 in
980 2779 1254 2849 Sagittarii
1291 2781 1310 2835 l
1341 2783 1621 2837 censenda
1654 2782 1838 2840 fuerit.

607 2867 736 2924 item
771 2869 826 2924 in
854 2869 958 2924 line
989 2869 1111 2924 libri
1137 2869 1177 2928 l.
1229 2887 1380 2925 num.
1412 2871 1630 2936 XXVII,
1661 2875 1852 2928 scribit
1880 2883 2099 2932 antece-

536 2959 727 3016 dentes
756 2961 810 3014 in
841 2959 1006 3030 Hydri
1033 2962 1212 3032 capite
1245 2962 1489 3018 obtinere
1525 2975 1732 3034 partem
1763 2964 1960 3020 Cancri
1988 2983 2100 3022 ani-

2267 672 2573 740 Quinetiam
2615 672 2873 728 Geminus
2893 713 2908 735 .
2943 675 3034 744 qui
3065 675 3341 746 octoginta
3378 677 3581 733 circiter
3606 690 3702 750 post

2198 763 2566 836 Hipparchum
2616 765 2774 821 annis
2802 763 2999 831 ﬂoruit,
3026 781 3135 820 non
3185 766 3416 822 obscure
3444 769 3702 839 signiﬁcat,

2196 867 2354 912 aetate
2381 872 2479 913 sua
2519 865 2627 911 tam
2648 855 3007 928 longitudines
3040 856 3340 922 stellarum,
3376 873 3528 929 quam
3557 862 3703 919 latitu-

2197 949 2375 1014 dines,
2395 948 2461 1002 ad
2487 947 2766 1002 zodiacum
2799 946 3232 1003 accommodatas
3274 961 3415 1004 esse.
3441 949 3560 1004 Nam
3579 953 3703 1009 initio

2198 1040 2320 1096 libri
2353 1040 2550 1096 asserit
2575 1039 2854 1094 zodiacum
2884 1039 2938 1094 in
2973 1047 3155 1110 partes
3176 1038 3458 1095 duodecim
3486 1047 3703 1114 aequales,

2196 1145 2314 1200 quae
2337 1139 2461 1184 sunt
2479 1129 2919 1200 signa,distribui
2951 1147 2964 1183 :
2988 1144 3092 1199 qua
3123 1130 3335 1186 ratione
3352 1131 3507 1187 dividi
3521 1149 3706 1192 necesse

2195 1229 2278 1276 est
2303 1221 2740 1291 aequinoctialem
2773 1221 2826 1275 in
2858 1227 3040 1292 partes
3065 1221 3383 1292 inaequales.
3410 1221 3570 1294 Atque
3589 1226 3704 1283 idem

2195 1310 2548 1368 nihilominus
2623 1310 3002 1380 parallelorum
3074 1310 3406 1366 circulorum
3470 1315 3704 1379 meminit,

2195 1418 2332 1472 quos
2382 1401 2793 1473 aequidistantes
2847 1404 2916 1457 ab
2957 1403 3326 1473 aequinoctiali
3372 1404 3519 1458 stella
3547 1405 3706 1461 diurno

2195 1495 2424 1550 circuitu
2458 1493 2729 1565 designat.
2776 1493 3041 1560 Quocirca
3065 1495 3364 1550 verisimile
3391 1505 3470 1550 est
3494 1498 3705 1568 antiquos

2195 1596 2425 1658 utroque
2461 1587 2622 1642 modo
2657 1587 2934 1643 stellarum
2996 1587 3362 1656 longitudines
3404 1603 3465 1643 ac
3499 1589 3697 1646 latitudi-

2195 1694 2294 1735 nes
2317 1686 2568 1750 putasse;
2621 1694 2720 1749 pro
2747 1693 2812 1734 eo
2845 1687 3006 1750 atque
3049 1682 3116 1734 ad
3158 1679 3463 1735 institutam
3493 1699 3708 1752 πραγμα-

2194 1770 2341 1825 τείαν
2370 1769 2666 1841 expediret.
2702 1769 2815 1826 Nisi
2871 1772 3015 1826 enim
3061 1769 3406 1826 latitudinem
3439 1770 3628 1826 illarum
3655 1775 3708 1829 ah

2195 1863 2418 1917 zodiaco
2449 1861 2722 1916 interdum
2753 1861 3166 1928 adhibuissent,
3215 1877 3323 1917 non
3357 1863 3709 1934 distinguerent

2193 1956 2440 2012 boreales
2462 1970 2649 2010 earum
2685 1954 2824 2010 situs
2851 1954 2919 2009 ab
2954 1953 3292 2009 australibus
3327 1954 3605 2009 secundum
3630 1971 3706 2010 zo-

2194 2047 2406 2102 diacum
2426 2086 2442 2112 ,
2501 2047 2596 2101 sed
2633 2046 3062 2116 aequinoctialem
3090 2047 3402 2101 duntaxat;
3439 2061 3466 2099 a
3497 2061 3592 2117 quo
3616 2049 3708 2103 solo

2196 2138 2508 2194 latitudines
2535 2136 2845 2192 earumdem
2887 2145 3216 2208 repeterent.
3248 2135 3386 2192 Hinc
3421 2136 3597 2192 falsum
3613 2154 3707 2194 esse

2195 2237 2431 2291 constat,
2455 2227 2599 2298 quod
2649 2225 2917 2297 Iosephus
2947 2225 3193 2298 Scaliger
3218 2227 3397 2297 capite
3422 2228 3582 2297 primo
3612 2229 3709 2283 libri

2197 2322 2273 2376 De
2295 2322 2510 2390 anticip.
2550 2321 2738 2390 tequin.
2782 2318 3042 2382 aliirmat,
3103 2327 3234 2376 ante
3262 2319 3587 2376 Ptolemaeum
3615 2323 3709 2376 nul-

2196 2415 2302 2468 lam
2330 2413 2489 2467 aliam
2520 2411 2795 2466 stellarum
2831 2410 3224 2481 longitudinem
3275 2413 3360 2466 vel
3419 2413 3708 2467 latitudinem

2197 2505 2250 2559 in
2275 2520 2376 2560 usu
2410 2503 2610 2568 fuisse,
2642 2519 2805 2574 quam
2836 2518 2957 2573 quae
2989 2518 3154 2572 penes
3180 2504 3595 2574 aequinoctialem
3634 2521 3707 2560 su-

2196 2599 2398 2666 mitur;
2455 2597 2688 2667 primum
2747 2603 2924 2650 autem
2967 2593 3320 2650 Ptolemaeum
3369 2596 3432 2650 ad
3478 2596 3707 2650 zodiacum

2197 2699 2479 2759 utramque
2506 2687 2870 2742 transtulisse.
2908 2687 3075 2757 Atqui
3104 2685 3390 2749 Geminus,
3415 2686 3502 2756 qui
3544 2688 3706 2742 ducen-

2197 2783 2268 2836 tis
2295 2780 2526 2850 amplius
2549 2779 2706 2834 annis
2735 2778 3086 2833 Ptolemaeum
3110 2779 3414 2848 praecessit,
3445 2786 3546 2832 tam
3573 2778 3708 2847 longi-

2197 2873 2415 2929 tudines
2442 2873 2747 2937 stellarum,
2771 2887 2933 2942 quam
2964 2871 3287 2926 latitudines
3333 2871 3386 2926 in
3417 2870 3614 2925 zodiaco
3633 2870 3706 2924 de-

2199 2966 2430 3035 scriptas
2457 2981 2578 3020 esse
2598 2965 2795 3022 saeculo
2821 2978 2955 3026 suo,
3007 2963 3331 3033 planissime
3380 2962 3629 3027 declarat,
3663 2969 3709 3014 ut

537 3052 680 3121 plius
716 3051 803 3116 10,
832 3052 973 3121 quod
1017 3053 1230 3122 egregie
1278 3055 1587 3110 ascensioni
1621 3065 1780 3111 rectae
1804 3059 2094 3128 congruit:
2125 3081 2170 3142 ο
2200 3058 2361 3128 paulo
2387 3065 2513 3112 ante
2553 3057 3063 3112 demonstravimus.
3101 3053 3469 3126 Hipparchum
3497 3065 3644 3107 autem
3668 3061 3708 3107 et

537 3157 698 3212 quam
748 3143 963 3197 invenio
1012 3141 1306 3212 Hipparchi
1340 3151 1582 3213 tempore
1615 3145 1892 3215 signorum
1930 3149 1983 3212 5,
2009 3151 2095 3218 10,

539 3233 639 3286 l2'.
680 3229 756 3285 lta
795 3233 1001 3294 stellas,
1028 3248 1148 3301 quae
1177 3239 1306 3286 sunt
1333 3233 1386 3285 in
1415 3234 1614 3302 Cephei
1647 3237 1840 3304 capite,
1867 3239 2098 3295 collocat

485 3357 488 3364 ι
539 3326 680 3381 idem
715 3331 768 3379 In
798 3325 968 3396 gradu
1001 3325 1235 3394 amplius
1266 3325 1350 3379 l0.
1389 3325 1452 3378 Et
1478 3342 1579 3383 nos
1610 3331 1983 3386 ascensionem
2011 3349 2097 3387 re-

537 3426 679 3472 ctam
732 3417 986 3473 australis
1035 3417 1488 3486 deprehendimus
1535 3419 1812 3488 signorum
1856 3421 1954 3486 10,
2008 3423 2096 3487 10,

537 3511 640 3566 ιδ’.
677 3510 896 3564 Stellam
921 3509 1164 3580 ejusdem
1202 3510 1496 3574 asterismi,
1527 3526 1647 3580 quae
1681 3512 1733 3566 in
1767 3514 1990 3570 sinistro
2014 3524 2099 3571 est

538 3600 766 3656 humero
790 3639 805 3665 ,
863 3602 947 3655 vel
985 3600 1210 3655 brachio
1233 3640 1248 3665 ,
1283 3601 1447 3656 refert
1480 3600 1819 3672 Hipparchus
1866 3606 2096 3674 positam

536 3709 660 3750 esse
685 3693 738 3748 in
771 3692 939 3764 gradu
968 3693 1039 3748 25
1070 3694 1316 3763 Aquarii.
1352 3695 1615 3750 Ascensio
1646 3703 1793 3750 recta
1823 3698 2096 3767 congruit,

535 3800 659 3856 quae
693 3793 778 3840 est
801 3785 1080 3855 signorum
1114 3785 1202 3849 10,
1239 3785 1331 3852 26,
1354 3785 1459 3842 26'.
1485 3791 1554 3841 At
1583 3787 1639 3842 in
1668 3788 1894 3843 zodiaco
1947 3790 2098 3846 locus

537 3885 656 3931 erat
693 3875 748 3930 in
791 3876 990 3931 Arietis
1030 3877 1083 3940 '5,
1111 3877 1214 3933 48'.
1263 3877 1342 3931 Ad
1379 3879 1492 3934 haec
1551 3879 1608 3932 in
1658 3879 1879 3934 sinistra
1933 3898 2099 3936 manu

540 3966 720 4021 Bootae
748 3966 1154 4021 antecedentem
1184 3969 1396 4022 stellam
1418 3969 1559 4023 locat
1585 3969 1785 4024 ibidem
1820 3971 1875 4024 in
1908 3971 2099 4026 Chela-

539 4073 661 4111 rum
698 4066 849 4128 parte
873 4059 1106 4127 amplius
1141 4059 1226 4113 15.
1251 4060 1515 4114 Ascensio
1537 4067 1684 4115 recta
1714 4070 1798 4116 est
1821 4063 2096 4132 signorum

539 4144 596 4209 6,
627 4146 727 4212 11,
776 4145 892 4212 4Ἰ’;
923 4146 1074 4201 locus
1108 4145 1162 4200 in
1192 4147 1445 4208 zodiaco,
1495 4145 1552 4200 in
1602 4146 1800 4204 Leonis
1856 4148 1960 4212 28,
1993 4149 2097 4204 58'.

539 4237 805 4294 Praeterea
834 4238 929 4293 lib.
965 4237 1007 4290 ll
1054 4238 1212 4293 docet
1261 4237 1604 4308 Hipparchus
1646 4239 2097 4294 australissimam

541 4331 598 4386 in
651 4330 874 4385 sinistro
927 4330 1064 4400 pede
1102 4329 1281 4385 Bootae
1323 4331 1568 4386 obtinere
1616 4340 1822 4401 partem
1851 4329 2026 4385 Librae
2057 4331 2095 4385 1.

2202 3148 2482 3203 Eudoxum
2514 3148 2746 3218 idipsum
2777 3163 3067 3217 usurpasse
3113 3161 3496 3216 nonnunquam
3518 3186 3531 3208 ,
3559 3145 3709 3213 impri-

2203 3240 2306 3297 mis
2332 3239 2478 3311 quod
2517 3239 2826 3296 latitudines
2860 3239 3073 3304 attinet,
3097 3237 3290 3294 eodem
3321 3237 3621 3308 conjectura:
3642 3249 3708 3304 ge-

2203 3348 2331 3388 nere
2363 3333 2488 3388 licet
2525 3332 2761 3402 assequi.
2809 3330 2956 3385 Nihil
3003 3337 3086 3386 est
3133 3331 3282 3385 enim
3331 3327 3470 3382 aliud
3511 3326 3709 3381 boreales

2203 3424 2406 3489 stellas,
2435 3423 2767 3479 australesve
2798 3422 2928 3488 dici,
2947 3435 3065 3491 qua:
3086 3435 3117 3473 a
3151 3419 3376 3475 zodiaco
3401 3433 3571 3474 versus
3591 3416 3709 3486 aqui-

2203 3516 2378 3570 lonem
2409 3523 2501 3569 aut
2530 3514 2806 3569 meridiem
2832 3513 3114 3577 recedunt,
3143 3527 3311 3582 quam
3337 3510 3402 3565 ab
3433 3509 3600 3566 eodem
3639 3523 3710 3560 zo-

2204 3606 2361 3662 diaco
2393 3605 2729 3660 latitudinem
2763 3604 2962 3659 habere
2991 3603 3272 3658 borealem
3297 3600 3641 3658 australemvc.
3661 3597 3711 3650 At

2202 3697 2354 3768 prius
2381 3695 2451 3750 ab
2484 3694 2705 3750 Eudoxo
2760 3693 3079 3764 caeterisque
3103 3733 3119 3758 ,
3151 3692 3299 3763 quod
3336 3692 3445 3762 jam
3488 3691 3706 3749 diximus,

2205 3793 2525 3855 usurpatum
2550 3800 2672 3840 esse
2703 3783 2892 3854 liquet.
2923 3784 3091 3854 lgitur
3117 3792 3172 3838 et
3199 3785 3307 3838 hoc
3334 3797 3536 3854 quoque
3576 3793 3710 3850 genus

2203 3876 2514 3932 latitudinis
2556 3883 2913 3946 agnoverunt,
2937 3875 3082 3945 quod
3109 3875 3180 3930 ab
3229 3873 3452 3928 zodiaco
3501 3870 3707 3926 sumitur.

2202 3968 2444 4033 Nullum,
2466 3967 2611 4038 quod
2649 3966 3332 4035 meminerim,exemplum
3363 3966 3428 4020 ab
3455 3959 3710 4033 Hipparcho

2206 4067 2536 4115 memoratur
2556 4073 2621 4113 ex
2655 4057 2900 4123 Eudoxo,
2927 4057 2984 4113 in
3009 4072 3119 4127 quo
3149 4059 3292 4112 situs
3325 4058 3488 4112 stella:
3512 4053 3712 4108 nomina-

2206 4153 2301 4204 tim
2324 4151 2697 4220 exprimaturj;
2732 4165 2856 4204 nam
2886 4147 3031 4219 quod
3062 4149 3202 4203 libro
3220 4147 3260 4214 l,
3293 4164 3439 4204 num.
3458 4145 3560 4209 ΧΠ,
3585 4148 3712 4212 caput

2207 4238 2361 4295 Ursa:
2386 4238 2610 4309 majoris
2648 4255 2715 4295 ex
2762 4238 2972 4293 Eudoxi
3006 4238 3283 4295 sententia
3315 4239 3566 4292 collocare
3593 4231 3710 4286 vide-

2207 4340 2294 4385 tur
2325 4333 2378 4385 iu
2404 4339 2554 4401 parte
2585 4331 2782 4388 Leonis
2809 4330 3152 4396 duodecima,
3178 4333 3338 4387 aliter
3370 4345 3484 4386 sese
3526 4343 3601 4381 res
3639 4323 3710 4376 hac

542 4419 716 4489 Hujus
766 4421 1016 4476 ascensio
1063 4429 1208 4476 recta
1269 4423 1496 4478 miriﬁce
1555 4423 1922 4478 observationi
1969 4439 2099 4477 cou-
2133 4440 2175 4495 ο
2206 4423 2313 4478 bet.
2337 4421 2563 4477 Utenim
2591 4424 2795 4494 integer
2817 4424 3076 4494 sitjlocus,
3100 4441 3207 4480 non
3225 4425 3404 4494 ipsum
3425 4429 3571 4489 caput
3590 4415 3709 4471 Ursa)

541 4512 720 4581 gruit;
760 4526 883 4565 nam
919 4520 1004 4567 est
1032 4513 1310 4583 signorum
1341 4514 1394 4578 6,
1423 4515 1473 4580 1,
1503 4514 1607 4568 27'.
1634 4515 1700 4568 At
1732 4517 1882 4570 locus
1917 4515 1973 4569 in
2009 4529 2101 4568 zo-

541 4602 698 4656 diaco
723 4598 1014 4670 Hipparchi
1044 4613 1284 4670 tempore
1311 4603 1365 4656 in
1402 4601 1643 4673 Virginis
1675 4603 1760 4666 19,
1788 4603 1891 4659 55'.

611 4692 771 4746 Plura
788 4693 872 4748 his
891 4692 1088 4749 addere
1105 4701 1417 4763 poteramus
1433 4695 1677 4764 exempla
1697 4714 1708 4749 :
1726 4694 1820 4750 sed
1839 4696 1951 4749 haec
1966 4695 2101 4764 ipsa,

542 4800 664 4855 quae
693 4785 1004 4854 selegimus,
1038 4785 1174 4842 satis
1207 4786 1260 4839 id
1308 4787 1453 4856 quod
1499 4786 1750 4841 volumus
1791 4787 2102 4855 ostendunt,

544 4877 820 4932 stellarum
858 4877 1245 4948 longitudinem
1273 4878 1341 4932 ab
1373 4877 1682 4950 Hipparcho
1714 4879 1877 4933 statui
1911 4893 2105 4934 secun-

542 4968 671 5022 dum
701 4977 878 5021 rectas
906 4968 1254 5023 ascensiones
1284 4970 1337 5023 in
1369 4969 1757 5040 aequinoctiali,
1786 4972 1902 5026 sive
1925 4973 2105 5043 paral-

543 5059 648 5114 lelo
670 5060 895 5124 circulo,
915 5075 1045 5123 non,
1072 5068 1130 5112 ut
1157 5059 1315 5113 hodie
1341 5062 1418 5126 lit,
1437 5063 1491 5117 in
1509 5063 1751 5118 zodiaco.

615 5148 758 5204 Idem
805 5159 996 5204 auctor
1042 5151 1464 5206 declinationum
1502 5154 1570 5207 ab
1598 5155 1962 5223 mquinoctiali
1993 5155 2102 5208 cir—

542 5241 667 5296 culo
691 5258 928 5312 persaepe
959 5243 1199 5298 meminit
1232 5262 1246 5297 :
1290 5259 1560 5312 nusquam
1587 5254 1766 5299 autem
1802 5246 2104 5301 latitudinis

547 5332 616 5387 ab
647 5332 890 5388 zodiaco.
926 5331 1166 5389 Tametsi
1195 5350 1300 5388 non
1327 5336 1517 5390 dubito
1563 5335 1726 5406 hujus
1769 5338 1931 5391 etiam
1975 5335 2106 5406 Hip-

546 5425 806 5495 parchum
845 5425 1110 5482 rationem
1165 5427 1455 5495 habuisse;
1512 5439 1798 5499 postquam
1840 5429 2104 5483 circulum

547 5518 711 5572 istum
742 5519 979 5574 artiﬁces
1010 5519 1066 5574 in
1091 5521 1230 5574 cmlo
1258 5522 1441 5575 metati
1467 5531 1617 5586 sunt,
1643 5531 1696 5577 et
1723 5523 1843 5592 ejus
1872 5523 2105 5592 obliqui-

553 5608 720 5662 latem
753 5610 1268 5665 animadverterunt.
1297 5610 1438 5667 Sane
1469 5611 1808 5682 Hipparchus
1834 5612 2104 5678 observat,

551 5697 857 5769 Eudoxum,
889 5709 942 5755 et
967 5701 1194 5758 Aratum
1222 5702 1368 5760 illius
1405 5705 1671 5774 exemplo,
1705 5705 1758 5759 in
1806 5704 2106 5763 asterismis

2210 4513 2446 4569 conferri
2477 4513 2611 4569 dicit
2637 4517 2705 4570 ab
2743 4515 2963 4570 Eudoxo
3015 4517 3068 4570 in
3121 4525 3330 4586 partem
3382 4508 3709 4567 duodecimam

2205 4605 2426 4670 Leonis,
2463 4606 2558 4662 sed
2588 4623 2706 4662 eam
2739 4609 2970 4672 stellam,
2995 4624 3116 4678 qum
3142 4607 3440 4663 secundum
3474 4602 3707 4656 Eudoxum

2209 4695 2359 4751 Ursa:
2391 4705 2552 4767 caput
2576 4705 2712 4763 erat,
2741 4697 3084 4769 Hipparchus
3113 4698 3227 4769 ipse
3269 4713 3334 4752 ex
3377 4691 3613 4751 sententia
3634 4701 3708 4742 sua

2205 4788 2259 4844 in
2292 4805 2356 4845 eo
2387 4778 2556 4860 gradu
2588 4791 2854 4845 collocare
2882 4790 3126 4845 videtur:
3153 4788 3256 4860 ἡδὲ
3277 4785 3412 4840 κατὰ
3431 4784 3512 4838 τὸν
3527 4779 3707 4842 Εὔδοξον

2206 4881 2436 4952 κεφαλή,
2471 4901 2490 4934 ι
2545 4897 2706 4952 quam
2747 4897 2874 4937 vero
2907 4881 3114 4937 stellam
3144 4879 3397 4943 Eudoxus
3425 4879 3571 4945 caput
3592 4868 3708 4924 Ursa:

2205 4973 2508 5028 constituit.
2550 4992 2568 5025 ι
2603 4970 2814 5027 Etenim
2841 4970 2994 5026 Ursa:
3014 4978 3174 5040 caput
3201 4969 3475 5038 utriusque
3503 4961 3614 5016 alibi
3633 4957 3708 5010 Eu-

2203 5066 2430 5125 doxum,
2461 5071 2514 5120 et
2561 5064 2896 5133 antiquiores
2935 5079 3122 5118 omnes
3157 5063 3430 5123 statuisse,
3460 5068 3604 5128 quam
3636 5048 3704 5104 ubi

2205 5155 2368 5210 hodie
2395 5158 2636 5226 ponitur,
2661 5155 3002 5226 Hipparchus
3024 5155 3317 5219 existimat,
3340 5153 3574 5208 nimirum
3596 5153 3707 5198 utro-

2207 5246 2370 5317 bique
2407 5247 2762 5302 borealiorem
2795 5248 3024 5300 duarum
3069 5246 3122 5300 in
3167 5244 3422 5300 laterculo
3449 5234 3705 5312 pmceden-

2208 5341 2342 5394 tium
2365 5347 2529 5408 caput
2577 5339 2911 5408 appellasse;
2951 5339 3017 5393 de
3055 5352 3162 5408 quo
3209 5337 3366 5407 paulo
3398 5337 3510 5404 Ροδί
3535 5335 3702 5417 θεθί¹¹Ϊ’

2205 5429 2358 5484 Adde
2377 5428 2617 5483 nondum
2651 5426 2821 5481 videri
2853 5426 3061 5481 Eudoxi
3114 5426 3311 5481 saeculo
3349 5421 3618 5508 institutam
3647 5425 3705 5508 SI:

2207 5535 2436 5590 gnorum
2473 5520 2526 5572 in
2559 5528 2743 5588 partes
2777 5518 2992 5590 triginta
3025 5518 3376 5582 divisionem,
3424 5511 3502 5566 vel
3552 5502 3703 5560 (τίιΐυίῖ

2208 5611 2372 5667 totius
2398 5611 2452 5665 in
2485 5611 2610 5666 560.

2278 5703 2354 5760 Ac
2384 5717 2451 5761 ne
2476 5702 2563 5759 ille
2582 5701 2798 5774 quidem
2821 5701 3066 5758 sincerus
3096 5711 3175 5759 cst
3205 5703 3384 5767 locus;
3414 5694 3498 5753 sed
3518 5693 3559 5750 ei
3583 5697 3703 5745 mea-
