3948 6264
254 345 399 402 1545

249 461 386 516 dum
444 463 672 526 subest,
723 466 784 512 ut
837 457 1058 513 omnino
1110 455 1391 525 scripserit
1444 450 1899 524 HipparchuszA

261 555 330 606 'n
364 553 425 606 δὲ
445 553 592 607 κατὰ
620 553 710 606 τὸν
741 547 964 615 Εὓδοξον
985 548 1191 618 κεφαλὴ
1206 548 1304 618 τῆς
1326 545 1563 618 μεγάλης
1586 545 1822 616 Ἄρκτου

252 643 400 698 κατὰ
448 644 516 698 τὸ
563 641 1025 715 δωδεκατημόριον
1069 639 1163 694 τοῦ
1207 640 1450 703 Λέοντος.
1485 637 1620 692 Οἰιῐη
1655 643 1822 702 esset,

250 736 313 789 τὸ
345 736 414 789 ιϐ’
473 737 602 808 μορ.
657 734 865 807 putavit
918 732 1200 804 legendum
1260 731 1324 785 ιδ’
1373 748 1517 802 μοιρ.
1572 730 1828 799 Adeoque

253 827 359 897 τὴν
401 826 472 880 ιδ’
517 845 690 899 μοιρ.,
721 826 876 897 quasi
907 825 962 879 in
993 823 1306 879 duodecima
1339 809 1490 892 parte
1512 829 1824 892 poneretur,

253 915 508 971 maxime
530 931 652 971 cum
687 915 931 986 proxime
958 923 1079 968 ante
1100 953 1115 978 ,
1155 912 1371 982 ’ἰχθύων
1404 929 1548 984 μοιρ.
1588 911 1657 964 ιϐ’
1688 910 1822 967 εονὶο

253 1015 413 1077 ptum
457 1015 628 1063 esset.
660 1008 856 1062 Verum
887 1004 1232 1075 Hipparchus
1276 1003 1398 1073 plus
1441 1004 1605 1058 semel
1644 1003 1828 1057 docuit

254 1099 314 1153 in
344 1097 519 1152 tertia
548 1098 746 1153 Leonis
772 1104 945 1167 parte,
992 1111 1100 1150 non
1151 1093 1470 1149 duodecima
1519 1094 1679 1148 situm
1709 1109 1831 1149 esse

255 1194 431 1255 caput
458 1186 612 1242 Ursae
636 1186 879 1258 majoris.
909 1185 1094 1256 Neque
1128 1199 1157 1238 a
1188 1185 1368 1255 seipso
1388 1224 1405 1249 ,
1453 1193 1614 1254 atque
1656 1185 1724 1239 ab
1754 1184 1829 1239 rei

254 1279 499 1332 veritate
530 1286 813 1348 tantopere
863 1277 1191 1333 dissensisse
1233 1278 1337 1332 hoc
1382 1278 1500 1332 loco
1529 1277 1830 1334 credendus

254 1377 366 1431 est,
398 1377 464 1423 ut
505 1369 559 1423 in
593 1369 913 1424 duodecima
947 1376 1100 1439 parte
1133 1377 1414 1424 Statueret.

331 1460 711 1530 Hipparchum
749 1476 894 1524 vero,
934 1476 1042 1514 non
1079 1459 1130 1514 in
1165 1461 1282 1514 solo
1313 1459 1676 1528 aequinoctiali
1702 1461 1833 1515 stel-

257 1549 446 1604 larum
492 1549 878 1618 longitudines,
911 1550 1005 1604 sed
1031 1549 1193 1604 etiam
1223 1549 1276 1603 in
1325 1549 1547 1604 zodiaco
1587 1551 1692 1604 alia
1744 1565 1834 1604 ra—

258 1642 412 1696 tione
440 1656 656 1712 usuque
684 1641 1101 1710 contemplatum
1131 1656 1270 1707 esse,
1294 1656 1360 1696 ex
1395 1641 1535 1697 libro
1578 1644 1698 1711 ejus
1749 1657 1836 1698 se-

259 1733 452 1790 cando
510 1748 574 1787 ac
619 1733 780 1787 tertio
831 1732 1048 1802 probari
1103 1739 1310 1801 potest;
1351 1731 1446 1786 ubi
1502 1732 1570 1787 de
1611 1749 1837 1785 συνανα-

258 1825 452 1890 τολαῖς
482 1835 538 1880 et
568 1823 990 1894 συγκαταδύσεσι
1027 1825 1262 1880 siderum
1321 1825 1625 1894 disputans,
1652 1833 1834 1894 aperte

263 1919 563 1974 zodiacum
610 1918 665 1972 in
709 1917 990 1972 duodecim
1044 1926 1223 1986 partes
1274 1920 1543 1989 aequales,
1593 1917 1836 1987 singulas

264 2023 466 2063 earum
507 2010 560 2062 in
596 2008 813 2078 triginta
864 2007 1173 2072 distribuit,
1217 2024 1442 2080 eamque
1491 2008 1836 2079 partitionem

265 2102 340 2156 ab
367 2101 548 2158 initiis
569 2102 847 2171 signorum
873 2098 1171 2170 procedere
1190 2108 1300 2155 tam
1330 2117 1395 2156 ex
1428 2116 1547 2163 sua,
1579 2115 1739 2170 quam
1769 2115 1839 2156 ex

265 2200 523 2247 veterum
577 2189 840 2247 sententia
895 2189 1157 2245 declarat.
1211 2190 1374 2260 Atqui
1410 2190 1456 2246 si
1499 2191 1554 2244 in
1600 2191 1840 2261 aequino-

268 2283 426 2338 ctiali
457 2283 577 2337 solo
605 2283 969 2352 longitudines
997 2281 1294 2336 observata:
1325 2279 1574 2344 fuissent,
1606 2296 1713 2336 non
1751 2296 1840 2336 es-

269 2383 356 2430 set
397 2375 455 2428 in
492 2382 675 2444 partes
709 2373 944 2443 aequales
976 2379 1156 2428 sectus
1199 2371 1486 2438 zodiacus;
1521 2387 1696 2441 neque
1724 2373 1841 2427 sin-

269 2465 400 2534 gula
423 2463 858 2518 dodecatemoria
890 2462 1116 2517 tricenis
1132 2470 1446 2516 constarent
1479 2462 1744 2531 partibus.

345 2555 472 2622 Quo
499 2556 660 2610 etiam
691 2564 1010 2625 argumento
1055 2553 1121 2609 de
1159 2552 1364 2608 Eudoxi
1397 2556 1666 2609 sententia
1707 2569 1842 2608 con-

265 2647 546 2716 jecturam
570 2661 762 2716 capere
805 2654 988 2716 posset
1021 2646 1219 2715 aliquis
1245 2683 1260 2709 ,
1309 2644 1600 2699 duodecim
1650 2644 1719 2700 ab
1746 2634 1842 2700 iilo

271 2739 437 2810 signa
469 2736 524 2789 in
560 2735 802 2798 zodiaco,
837 2743 895 2788 ut
920 2736 986 2790 de
1019 2734 1384 2804 aequinoctiali
1416 2742 1645 2796 taceam,
1669 2735 1840 2789 collo-

270 2836 401 2881 cata
469 2816 862 2895 distributaque
918 2840 1059 2880 esse.
1117 2823 1324 2880 Etenim
1372 2823 1712 2894 Hipparchus
1774 2827 1842 2879 li-

272 2920 378 2974 bro
413 2918 455 2982 l,
491 2933 642 2971 num.
673 2914 788 2981 XII,
818 2925 1142 2986 postremam
1195 2915 1380 2970 caudae
1431 2916 1658 2972 minoris
1692 2915 1845 2973 Ursa:

275 3011 354 3064 ait
387 3011 444 3064 in
470 3007 705 3062 Piscium
736 3015 925 3060 octava
971 3004 1178 3060 decima
1229 3013 1380 3074 parte
1421 3006 1650 3075 positam
1699 3023 1840 3062 esse.

276 3101 349 3153 At
389 3098 690 3155 secundum
727 3098 1028 3152 institutam
1058 3097 1126 3152 ab
1157 3095 1381 3152 Eudoxo
1412 3097 1730 3152 divisionem
1755 3113 1845 3152 zo—
1871 3126 1913 3185 ο

277 3190 446 3255 diaci,
478 3189 534 3244 in
565 3189 723 3244 tertio
754 3189 922 3259 gradu
953 3188 1149 3243 Arietis
1174 3188 1293 3252 εὪς
1315 3188 1371 3242 δὲ
1401 3187 1625 3253 Εὔδοξος
1647 3190 1843 3262 διαιρεῖ

275 3283 370 3336 τὸν
409 3281 674 3347 ζωδιακὸν
700 3279 914 3344 κύκλον,
941 3278 1080 3332 κατά
1094 3279 1190 3350 τὴν
1218 3287 1265 3348 γ’
1299 3279 1407 3350 μοί.
1425 3279 1518 3333 τοῦ
1546 3280 1736 3352 Κριοῦ.
1766 3281 1842 3335 ita

275 3373 426 3427 enim
458 3369 837 3441 castigandum
868 3385 987 3424 esse
1016 3370 1192 3424 locum
1238 3371 1399 3426 istum
1445 3372 1623 3441 capite
1671 3371 1709 3424 V
1757 3388 1846 3428 se-

275 3463 472 3534 quenti
540 3459 1022 3516 de'inonstrabitur.
1079 3457 1280 3514 Verum
1339 3461 1384 3514 si
1441 3461 1508 3515 ad
1561 3462 1844 3516 zodiacum

275 3569 402 3609 eum
428 3593 444 3616 ,
487 3552 578 3622 qui
609 3549 827 3622 proprie
855 3556 1078 3603 vocatur
1098 3587 1111 3610 ,
1136 3548 1376 3603 calculus
1407 3549 1510 3604 iste
1538 3549 1803 3604 referatur
1825 3589 1842 3616 ,

277 3659 389 3697 non
420 3649 624 3696 octavo
658 3639 868 3694 decimo
898 3636 1066 3708 gradu
1082 3636 1340 3702 Piscium,
1375 3638 1471 3692 sed
1502 3635 1668 3691 Tauri
1697 3638 1844 3693 vice-

277 3735 422 3788 simo
471 3746 616 3786 nono
645 3729 798 3784 stella
830 3728 933 3784 ista
964 3727 1304 3792 versabatur,
1340 3734 1399 3780 ut
1445 3741 1611 3797 supra
1657 3727 1848 3783 docui-

275 3840 420 3880 mus.
486 3822 722 3878 Necesse
772 3827 859 3874 est
917 3832 1045 3888 ergo
1097 3817 1378 3872 zodiacum
1425 3818 1692 3874 circulum
1746 3833 1848 3888 pro

274 3911 656 3986 aequinoctiali
687 3910 756 3965 ab
786 3908 1092 3980 Hipparcho
1140 3907 1346 3980 accipi;
1387 3925 1512 3964 nam
1564 3911 1630 3966 ad
1678 3913 1846 3982 aequi-

276 4005 580 4062 noctialem
607 4044 623 4069 ,
675 4002 1056 4073 parallelumve
1085 4001 1452 4072 aequinoctiali
1484 4003 1748 4058 circulum
1780 4004 1848 4060 si-

276 4107 366 4152 tus
395 4096 498 4150 ille
533 4095 701 4150 stellae
731 4092 998 4164 congruit.
1032 4090 1301 4158 Quocirca
1352 4095 1524 4151 mirus
1557 4096 1658 4152 iste
1691 4097 1846 4152 locus

277 4197 362 4242 est
413 4185 740 4257 Hipparcni,
788 4183 1051 4254 siquidem
1108 4184 1538 4253 aequinoctialem
1577 4201 1701 4241 cum
1755 4203 1849 4240 zo-

278 4278 452 4331 diaca
517 4275 826 4346 promiscue
875 4288 1170 4342 usurpasse
1235 4283 1504 4329 monstrat
1569 4276 1844 4347 antiquos.

278 4367 507 4423 Etenim
534 4373 654 4423 uter
683 4381 714 4420 e
744 4365 956 4420 duobus
986 4365 1107 4420 istis
1139 4365 1360 4420 circulis
1391 4366 1444 4420 in
1466 4377 1646 4436 partes
1665 4384 1846 4440 aequa-

281 4457 364 4512 les
391 4457 694 4519 dividatur,
727 4455 953 4509 alterum
976 4462 1191 4523 oportet
1221 4454 1561 4522 inaequaliter
1580 4471 1702 4512 esse
1725 4473 1845 4526 par-
1877 4456 1920 4512 ι)

291 4549 476 4602 titum.
514 4544 648 4601 Cum
678 4560 807 4615 ergo
841 4546 1274 4600 demonstratum
1324 4547 1396 4600 sit
1429 4547 1499 4601 ab
1543 4545 1849 4617 Hipparcho

294 4637 350 4692 in
403 4637 501 4692 illa
550 4643 741 4690 contra
792 4633 1073 4689 Eudoxum
1122 4633 1524 4702 disputatione,
1582 4636 1849 4690 circulum

292 4727 721 4799 aequinoctialem
751 4725 804 4778 in
835 4741 911 4779 xu
950 4727 1105 4796 signa
1154 4725 1446 4790 distribui,
1498 4726 1563 4781 ad
1619 4742 1852 4798 eumque

296 4820 577 4875 stellarum
605 4815 794 4871 referri
841 4815 1237 4885 longitudines.
1291 4815 1576 4884 inaequalia
1608 4831 1730 4870 esse
1759 4831 1853 4870 zo-

296 4909 437 4964 diaci
463 4917 740 4980 segmenta
768 4921 988 4962 necesse
1007 4914 1125 4972 est;
1156 4921 1275 4975 qua:
1310 4907 1525 4978 proprie
1549 4906 1715 4971 ζώδια
1749 4923 1851 4962 no-

298 5000 594 5052 minantur.
641 4995 833 5050 Verum
856 5004 964 5048 tam
993 4995 1385 5064 aequinoctialis
1415 4995 1852 5050 dodecatemoria

263 5143 268 5148 Α
298 5088 462 5154 ζώδια
499 5094 766 5143 vocantur
801 5087 858 5141 in
882 5088 1030 5142 calce
1055 5086 1178 5140 libri
1206 5087 1363 5156 primi
1397 5087 1466 5140 ab
1497 5086 1806 5156 Hipparcho
1831 5124 1848 5150 ,

299 5195 460 5250 quam
492 5179 741 5234 circulus.
763 5177 904 5233 idem
951 5177 1042 5232 ille
1088 5175 1364 5232 zodiacus.
1408 5175 1775 5232 Nihilominus
1801 5186 1855 5233 et

1864 1795 1907 1850 Β

301 5271 368 5335 is,
403 5288 560 5342 quem
580 5271 796 5341 proprie
815 5268 1096 5324 zodiacum
1117 5267 1472 5338 appellamus,
1499 5268 1702 5338 quique
1724 5270 1856 5324 stel-

301 5363 406 5417 lata
437 5363 589 5433 signa
613 5361 864 5423 sustinet,
889 5358 1170 5430 aequaliter
1197 5358 1254 5412 in
1299 5357 1589 5413 duodecim
1647 5358 1812 5422 ζώδια
1836 5398 1851 5424 ,

302 5463 589 5524 partesque
619 5467 783 5508 cccnx
827 5451 894 5506 ab
951 5449 1138 5506 eodem
1169 5447 1480 5519 Hipparcho
1508 5450 1648 5505 libro
1704 5450 1746 5504 ll
1800 5459 1854 5506 et

304 5543 369 5597 lll
397 5544 674 5601 tribuitur.
706 5541 861 5597 Unde
889 5555 1077 5596 verum
1117 5547 1201 5596 est
1223 5580 1238 5603 ,
1283 5541 1427 5610 quod
1462 5557 1626 5611 supra
1657 5541 1853 5597 docui-

302 5649 444 5702 mus,
473 5634 672 5705 duplici
705 5633 913 5687 ratione
949 5646 1010 5686 ac
1054 5628 1269 5686 duobus
1310 5631 1366 5684 in
1415 5631 1635 5686 circulis
1665 5631 1854 5702 signo-

305 5740 422 5782 rum
458 5728 800 5800 partitionem
843 5725 912 5781 ab
941 5723 1177 5795 antiquis
1207 5722 1509 5780 artificibus
1540 5723 1851 5782 institutam

1054 339 1505 399 DlSSEHTATlO
1539 337 1628 394 DE
1664 334 1849 393 ORTU
1881 334 1968 391 ET
2009 332 2276 392 OCCASU
2318 331 2639 391 SIDEBUM.

3341 335 3478 392 1346

1926 444 2134 502 fuisse:
2175 445 2318 516 quod
2365 444 2647 517 praefracte
2693 450 2852 512 negat
2882 441 3162 515 Scaliger,
3219 445 3376 516 cujus
3425 453 3478 502 et

1923 538 2025 590 alia
2041 538 2196 608 longe
2211 537 2523 607 capitaliora
2551 538 2605 591 in
2629 537 2766 593 libro
2794 536 2868 591 De
2883 538 3255 605 anticipatione
3280 541 3476 613 (aqu-In.

1923 627 2086 697 paulo
2102 636 2224 695 post
2241 626 2598 680 excutiemus.

1995 715 2148 772 Hanc
2215 715 2508 788 Hipparchi
2577 717 3054 773 hallucinationem
3117 719 3476 784 asterismos,

1925 808 2038 864 sive
2054 808 2265 864 stellata
2280 807 2446 872 ζὼδια
2461 823 2583 862 cum
2601 809 3050 864 dodecatemoriis
3069 812 3480 880 cognominibus

1925 900 2230 968 promiscue
2285 899 2550 970 capientis
2608 900 2698 954 alii
2754 900 3005 955 similiter
3071 915 3478 970 expresserunt.

1929 989 2128 1046 Scribit
2161 991 2307 1046 enim
2330 992 2482 1046 Arati
2510 991 2832 1047 scholiastes
2858 991 2925 1045 ad
2953 992 3044 1046 illa
3078 994 3234 1048 verba
3266 1034 3281 1059 ,

1929 1102 2105 1170 Kpati
2130 1101 2198 1154 δὲ
2220 1105 2274 1156 οἱ
2287 1103 2523 1171 Δίδυμοι
2541 1119 2556 1136 ο
2579 1102 2784 1171 μέσεσῃ
2809 1102 2860 1154 δ’
2883 1102 3000 1157 ὑπὸ
3018 1104 3311 1171 Καρκίνος
3329 1103 3480 1157 ἐστι·

1928 1172 2122 1226 Ποσσὶ
2148 1172 2199 1224 δ’
2215 1172 2315 1225 ὑπ’
2339 1171 2718 1241 ἀμφοτέροισι
2739 1172 2901 1226 Λέων
2921 1174 3035 1226 ὑπὸ
3061 1172 3215 1227 καλὰ
3234 1189 3479 1242 φαεινει·

1929 1287 1983 1340 in
2005 1286 2202 1355 quibus
2230 1283 2384 1340 Ursae
2410 1285 2602 1355 majori
2634 1285 2859 1340 subesse
2891 1285 3022 1340 dicit
3048 1286 3302 1342 Geminos
3337 1287 3483 1343 illius

1931 1375 2090 1445 capiti
2121 1374 2527 1444 respondentes.
2555 1375 2730 1429 ventri
2760 1374 3028 1429 Cancrum
3052 1415 3067 1440 ,
3099 1376 3321 1446 pedibus
3351 1376 3486 1432 Leo-

1933 1481 2074 1521 nem.
2103 1465 2184 1519 Ad
2227 1467 2338 1520 haec
2373 1466 2616 1520 scholion
2647 1466 2898 1520 observat
2940 1468 3204 1536 quosdam
3261 1469 3485 1522 Aratum

1933 1555 2344 1625 reprehendere,
2365 1556 2509 1625 quod
2541 1554 2712 1622 Ursae,
2746 1572 2866 1626 quae
2891 1557 3089 1626 gradus
3114 1573 3220 1612 non
3255 1559 3485 1628 amplius

1934 1645 2156 1715 triginta
2186 1645 2499 1715 porrigitur,
2532 1646 2783 1700 subtendi
2814 1646 3105 1716 nonaginta
3134 1647 3357 1716 gradus,
3383 1652 3486 1701 hoc

1935 1744 2019 1791 est
2048 1736 2148 1790 tria
2188 1736 2620 1792 dodecatemoria
2651 1737 2916 1807 significet
2950 1757 2962 1791 :
3002 1754 3164 1808 quam
3217 1740 3286 1793 ad
3336 1739 3489 1807 obje-

1933 1827 2168 1882 ctionem
2201 1842 2464 1896 nugarum
2489 1828 2674 1883 nescio
2697 1828 2824 1898 quid
2848 1829 3136 1898 expromit.
3165 1827 3311 1883 Nihil
3342 1829 3488 1884 enim

1931 1913 2081 1977 dicit,
2109 1914 2254 1984 quod
2293 1914 2556 1969 indictum
2585 1931 2695 1970 non
2732 1917 2926 1971 melius
2960 1916 3052 1970 sit.
3092 1914 3197 1972 Sed
3226 1917 3489 1971 nimirum

1933 2005 2035 2059 hoc
2068 2004 2200 2059 illud
2230 2016 2331 2071 est,
2359 2007 2502 2076 quod
2542 2007 2749 2074 monui,
2779 2015 3001 2078 putasse
3025 2008 3118 2078 qui
3148 2007 3228 2063 sic
3260 2009 3488 2078 objicie-

1934 2096 2064 2151 bant
2099 2097 2323 2151 Aratum
2366 2099 2740 2164 Geminorum,
2796 2100 2994 2154 Cancri
3018 2112 3072 2156 et
3102 2101 3298 2156 Leonis
3329 2116 3490 2156 voca-

1935 2187 2077 2242 bulis
2111 2187 2441 2244 intellexisse
2471 2188 2929 2254 dodecatemoria,
2965 2206 3087 2244 cum
3139 2191 3207 2246 de
3261 2191 3489 2246 stellatis

1937 2277 2124 2348 figuris
2165 2279 2438 2349 loquatur.
2473 2278 2608 2333 Nam
2641 2280 2745 2334 hoc
2774 2281 3072 2350 posteriore
3110 2296 3272 2336 sensu
3303 2297 3489 2336 verum

1936 2379 2021 2425 est
2051 2372 2194 2441 quod
2239 2371 2439 2426 Aratus
2489 2372 2713 2434 docuit,
2768 2373 2847 2426 uti
2881 2383 3068 2428 contra
3123 2373 3490 2443 Hipparchum

1937 2462 2294 2518 ostendimus.
2351 2462 2485 2528 Quis
2548 2480 2655 2519 non
2723 2465 2948 2520 miretur
3003 2465 3139 2519 adeo
3190 2467 3489 2520 obcaecatos

1940 2551 2110 2608 fuisse
2134 2553 2344 2624 priscos
2367 2555 2487 2610 illos
2509 2563 2561 2609 et
2578 2556 2816 2626 insignes
2835 2566 3194 2620 astronomos,
3223 2566 3276 2611 et
3301 2572 3489 2612 eorum

1938 2643 2232 2712 principem
2264 2643 2649 2715 Hipparchum,
2681 2654 2740 2700 ut
2793 2647 2896 2702 ista
2929 2664 3035 2702 non
3070 2649 3352 2705 viderint?
3386 2649 3492 2705 Sed

1938 2737 2142 2791 erroris
2171 2751 2356 2791 ansam
2385 2753 2450 2792 ex
2488 2753 2552 2792 eo
2580 2747 2862 2808 ceperunt,
2895 2739 3035 2808 quod
3073 2741 3315 2810 ipsorum
3354 2747 3494 2796 tem-

1941 2841 2072 2896 pore
2099 2828 2322 2882 stellatae
2369 2829 2649 2899 signorum
2695 2829 2896 2900 efﬁgies
2952 2831 3194 2901 ejusdem
3257 2833 3494 2890 nominis

1941 2915 2375 2972 dodecatemoria
2418 2919 2690 2975 tenebant.
2732 2921 2857 2976 ldeo
2890 2922 3100 2976 lubrica
3123 2929 3255 2976 tunc
3277 2929 3416 2986 erat,
3441 2931 3496 2978 et

1943 3016 2247 3077 opportuna
2279 3009 2452 3064 fraudi
2487 3019 2673 3064 mutua
2701 3013 3088 3067 vocabulorum
3135 3014 3448 3070 communio
3477 3033 3491 3068 :

1945 3099 2090 3169 quod
2122 3099 2283 3155 hodie
2315 3101 2496 3156 minus
2535 3102 2752 3166 accidit,
2780 3113 3000 3173 propter
3040 3105 3263 3174 sphaera;
3292 3113 3498 3160 octava

1944 3199 2000 3247 et
2034 3192 2438 3247 asterismorum
2471 3193 2525 3247 in
2561 3209 2623 3249 ea
2654 3196 2977 3267 προήγησιν.
3014 3195 3131 3262 Qua
3162 3196 3360 3252 factum
3390 3208 3494 3263 est,

1942 3290 2002 3337 ut
2027 3283 2282 3354 pleraque
2332 3283 2496 3349 ζώδια
2549 3294 2703 3341 extra
2747 3301 2848 3341 sua
2880 3286 3315 3343 dodecatemoria
3367 3303 3499 3346 con-

1943 3373 2160 3428 sistant.

2543 3489 2770 3545 CAPUT
2808 3489 2899 3544 Ill.

1946 3573 2158 3629 Eudoxi
2179 3579 2672 3651 sententiamontra
2707 3591 2861 3650 atque
2893 3580 3226 3650 Hipparchus
3269 3585 3495 3651 putavit,

2013 3647 2268 3714 exposita.
2306 3647 2555 3716 Eiusdem
2581 3647 2868 3718 Hipparchi
2897 3647 3046 3705 error
3075 3647 3498 3707 dodecatemoria

2015 3732 2135 3788 sitm
2173 3719 2463 3773 asterismis
2511 3720 2898 3788 confundentis.
2943 3722 3140 3775 Aratus
3188 3731 3238 3776 et
3285 3720 3499 3780 Servius

2015 3785 2297 3842 illustrati.

2016 3900 2359 3974 Hipparchus
2386 3903 2540 3959 initio
2569 3903 2696 3960 libri
2723 3901 2769 3959 ll
2803 3911 2997 3960 auctor
3029 3911 3136 3970 cst,
3163 3904 3502 3976 antiquiores

1948 3993 2384 4061 mathematicos,
2424 4002 2520 4049 aut
2546 4009 2738 4050 omnes
2779 4001 2874 4047 aut
2923 3994 3227 4064 plerosque,
3253 3995 3500 4052 cardines

1947 4087 2141 4141 solaris
2197 4085 2464 4141 circuitus
2531 4084 2738 4140 zodiaci
2797 4084 3076 4153 signorum
3140 4084 3311 4140 initiis
3355 4087 3503 4140 attri-

1946 4175 2132 4231 buisse
2160 4194 2174 4233 :
2209 4175 2372 4247 idque
2397 4175 2624 4229 Aratum
2651 4175 2708 4229 in
2742 4190 2906 4245 opere
2934 4189 3033 4230 suo
3075 4183 3342 4232 secutum.
3392 4175 3504 4229 Καὶ

1948 4269 2053 4322 ὑπὸ
2088 4269 2198 4322 τῶν
2222 4267 2462 4340 ἀρχαίων
2497 4267 2554 4320 δὲ
2596 4266 2989 4338 μαθηματικῶν
3032 4267 3248 4321 πάντων
3296 4267 3500 4337 σχεδὸν.

1947 4358 1983 4429 ἢ
2033 4357 2141 4411 τῶν
2186 4356 2481 4421 πλείστων,
2542 4355 2728 4408 τοῦτον
2769 4355 2859 4408 τὸν
2912 4355 3109 4424 τρόπον
3167 4358 3196 4408 ὁ
3245 4353 3501 4419 ζωδιακὸς

1948 4448 2144 4512 κύκλος
2171 4448 2410 4520 διῄρητο.
2444 4467 2463 4499 ι
2489 4448 2666 4518 Atque
2700 4447 2800 4502 hac
2832 4448 3042 4502 ratione
3079 4447 3359 4503 zodiacum
3391 4451 3501 4502 cir-

1950 4540 2133 4594 culum
2167 4539 2531 4595 mathematici
2571 4538 2957 4609 propemodum
3005 4553 3192 4594 omnes
3253 4546 3347 4593 aut
3392 4539 3505 4608 ple-

1950 4630 2108 4700 rique
2138 4631 2322 4700 partiti
2349 4638 2496 4685 sunt.
2536 4649 2554 4683 ι
2587 4629 2816 4685 Constat
2840 4637 3020 4684 tamen
3047 4629 3318 4685 interdum
3352 4630 3499 4695 alibi,

1950 4737 2112 4792 quam
2145 4722 2199 4776 in
2232 4721 2506 4792 signorum
2557 4721 2860 4790 principiis,
2887 4722 3211 4792 :equinoctia
3244 4731 3298 4777 et
3321 4721 3506 4777 solsti-

1926 4813 2028 4866 .tia
2061 4812 2315 4868 collocari
2349 4813 2620 4883 quondam
2659 4812 2817 4867 solita
2854 4811 3058 4880 fuisse,
3087 4828 3264 4883 neque
3293 4813 3345 4866 id
3374 4828 3507 4866 eon-

1953 4911 2180 4960 stanter.
2212 4903 2346 4958 Nam
2381 4905 2473 4959 alii
2515 4905 2568 4958 in
2601 4903 2867 4974 principia
2900 4903 2995 4975 (ait
3025 4903 3266 4959 Achilles
3316 4903 3507 4958 Tatius

1953 5010 2074 5066 cap.
2107 4993 2319 5065 XXIV),
2346 4995 2439 5049 alii
2469 4995 2523 5049 in
2554 5003 2774 5050 octavas
2805 5003 3008 5065 partes,
3036 4996 3126 5079 alii
3163 4995 3218 5050 in
3250 4994 3508 5050 duodeci-

1954 5101 2092 5149 mas,
2120 5087 2209 5140 alii
2235 5087 2288 5140 in
2314 5086 2534 5156 quintas
2571 5086 2811 5143 decimas
2836 5127 2852 5154 ,
2892 5087 2996 5142 hoc
3025 5095 3109 5143 est
3139 5087 3316 5144 media
3349 5087 3406 5143 in
3431 5088 3510 5143 si-

1919 5209 1928 5249 χ
1955 5193 2060 5247 gna
2088 5177 2462 5234 conferebant.

2028 5267 2306 5324 Eudoxum
2340 5269 2780 5324 mathematicum
2812 5269 3100 5340 insignem,
3140 5268 3233 5340 qui
3278 5266 3508 5323 Metonis

1955 5365 2111 5414 astate
2141 5359 2310 5422 vixit,
2355 5359 2608 5414 cardines
2651 5359 2802 5430 ipsos
2852 5359 2908 5413 in
2950 5359 3143 5414 mediis
3196 5359 3366 5430 signis
3417 5373 3511 5429 po-

1955 5450 2136 5506 suisse
2187 5460 2442 5506 accurate
2485 5451 2682 5518 probat
2729 5450 3070 5522 Hipparchus
3114 5451 3210 5507 lib.
3269 5450 3314 5504 ll
3359 5451 3506 5521 (pag.

1957 5539 2103 5612 120),
2130 5541 2308 5598 allatis
2334 5540 2621 5610 ipsiusmet
2666 5538 2874 5594 Eudoxi
2902 5540 3122 5595 verbis:
3151 5555 3272 5610 quae
3305 5540 3351 5594 si
3384 5543 3511 5609 quis

1955 5633 2257 5705 expendere
2302 5633 2588 5688 nobiscum
2619 5632 2785 5698 velit,
2824 5630 2968 5685 haud
3005 5630 3166 5685 facile
3201 5629 3510 5701 Hipparcho

1924 5797 1928 5801 _
1956 5725 2022 5782 de
2051 5723 2257 5782 Eudoxi
2278 5725 2530 5797 opinione
2562 5723 2656 5778 illa
2691 5723 3014 5780 consentiet.
3040 5721 3174 5778 Nam
3197 5722 3354 5787 longe
3381 5723 3508 5781 alia.
