3948 6264
247 295 400 354 1349

1088 305 1545 363 DlSSERTATlO
1583 306 1670 361 DE
1706 303 1893 362 ORTU
1926 302 2012 362 ET
2049 306 2315 365 OCCASU
2358 308 2656 367 SIDEBUM

3368 313 3508 369 {550

241 413 414 483 signa
440 415 870 475 duodecimasve
899 419 1109 477 aodiari
1131 433 1337 494 partes,
1380 439 1473 482 aut
1505 427 1852 496 aequinoctia-
1879 431 1924 487 A
1951 442 2095 497 gere,
2129 430 2323 483 nedum
2359 430 2600 486 dividere
2642 437 2815 500 potest
2845 445 2858 481 ι
2891 430 2937 485 si
2967 431 3021 485 in
3062 433 3306 497 zodiaco,
3354 439 3412 486 ut
3439 433 3508 487 de

242 505 315 560 lis
346 505 628 565 Eudoxus
665 511 890 576 indicat,
924 529 1153 583 quarum
1185 518 1362 571 media
1389 519 1457 572 iis
1501 519 1632 587 ipsis
1663 519 1836 573 secari

240 597 487 654 circulis
517 601 705 657 refert.
742 603 894 660 Adde
931 606 1190 675 optimum
1236 608 1444 663 Eudoxi
1481 611 1832 680 interpretem

239 687 514 755 Aratum,
541 695 631 764 qui
663 703 716 750 et
739 695 914 765 ipsum
947 698 1001 752 in
1027 701 1283 757 omnibus
1329 711 1550 758 secutus
1577 711 1692 771 est;
1729 704 1833 768 vel,

238 788 307 836 ut
341 781 708 854 Hipparchus
745 787 893 859 loqui
940 791 1096 857 solet,
1143 794 1561 866 παρεγράψατος
1602 812 1702 851 nec
1736 796 1836 849 ali-

241 883 353 939 ter,
390 891 462 930 ac
501 893 603 933 nos
633 881 883 945 facimus,
917 892 1149 938 mentem
1176 885 1323 940 illius
1352 887 1578 957 accepit.
1610 887 1743 942 Nam
1767 887 1836 943 de

242 969 474 1039 tropico
501 972 693 1027 scribit
729 972 904 1042 ipsum
929 973 1167 1029 Leonem
1205 981 1308 1030 sub
1336 985 1573 1046 pectore,
1601 993 1666 1032 ac
1699 994 1859 1044 ven-.

241 1066 331 1114 tre
388 1076 631 1128 secare;
658 1063 932 1119 Cancrum
972 1081 1102 1120 vero
1131 1074 1300 1121 totum
1332 1068 1581 1125 bifariam
1616 1073 1829 1142 partiri.

299 1244 333 1260 ,ν
442 1245 455 1260 1
545 1248 558 1260 ¹
629 1244 640 1260 ι
753 1181 1484 1260 ἃ......ιψτῲοοκύαςλος

244 1246 292 1328 Ξ
299 1244 366 1328 ἓν
374 1245 508 1312 μὲν
528 1244 900 1328 ῥπὸστῇθος,
923 1253 1020 1328 real
1034 1244 1475 1328 γᾳσζέραμέχρῖ
1494 1255 1644 1322 πρὸς
1663 1256 1828 1326 αῑδὼ,

242 1314 464 1393 tegi-er
500 1317 608 1370 τὸν
628 1317 709 1393 ,δὲ
739 1314 1052 1393 διηνεκέωρ
1075 1314 1358 1390 ὐπέιῖερθε
1377 1314 1626 1393 ’ξελεῖού

237 1386 564 1465 ζςςιρξιζνωί
579 1383 715 1465 ’,ᾗχι
735 1383 1001 1465 μάλιστα
1019 1383 1488 1465 ,διχαιόέὶενότῗκε
1508 1397 1737 1465 νοήσῃς

251 1453 503 1520 Ὀρθὸν,
536 1453 934 1528 ἵν”ὂέρθαλμοὶ
959 1453 1183 1516 κύκλου
1211 1453 1523 1534 ἑκάτερθεν
1555 1453 1721 1526 fore};

236 1563 380 1632 Qua:
417 1569 509 1623 sic
541 1571 699 1625 vertit
732 1571 969 1630 Avienus
1011 1590 1026 1628 :

972 1695 1025 1741 at
1062 1689 1289 1744 circulus
1312 1690 1418 1743 ima
1443 1690 1660 1744 calentis

237 1745 508 1827 femora,
531 1769 719 1827 perque
749 1756 920 1827 alvum
955 1760 1139 1826 procul
1162 1761 1215 1812 in
1239 1772 1505 1827 postrema
1531 1759 1716 1816 Leonis

237 1816 541 1896 Quccedit;
563 1816 716 1878 Secat
743 1836 827 1878 ast
853 1816 991 1881 alius
1013 1845 1105 1896 per
1135 1816 1333 1883 viscera
1356 1830 1517 1896 plana
1536 1847 1554 1884 :

241 1887 311 1966 fit
343 1892 531 1966 medio
553 1898 731 1966 subter
763 1913 891 1950 cava
925 1887 1153 1966 tegmina
1185 1887 1374 1953 dividit
1413 1901 1610 1966 orbem,

233 1956 484 2016 Lumina
514 1965 782 2020 recludens
812 1956 1123 2023 altrinsecus
1153 1972 1324 2023 orbita
1353 1985 1533 2038 porro.

310 2073 392 2131 De
418 2077 652 2134 hiberno
683 2095 896 2152 quoque
927 2083 1137 2151 tropico
1160 2083 1370 2148 scribit,
1394 2099 1516 2138 eum
1539 2084 1829 2155 Capricor-

235 2183 379 2222 num
427 2171 671 2225 medium
709 2173 975 2240 dividere,
1009 2183 1172 2246 atque
1214 2177 1438 2246 Aquarii
1465 2177 1648 2248 pedes,
1694 2191 1830 2232 cau-

233 2259 368 2315 dam
402 2260 529 2318 Ceti
551 2281 566 2319 :

309 2371 527 2449 pividit
557 2374 816 2449 imbriferi
844 2393 1030 2446 corpus
1065 2377 1292 2432 nte/lium
1334 2377 1663 2449 Capricorni.

307 2443 560 2515 Idwique
576 2443 726 2514 pedes
752 2443 1310 2520 pueri,'postremaque
1336 2443 1540 2516 cauda,
1576 2460 1683 2506 etc.
1706 2489 1724 2518 ,

234 2566 295 2612 ut
327 2559 504 2613 vertit
549 2559 810 2616 Avienus.
863 2559 963 2616 Hic
1016 2578 1145 2618 vero
1197 2563 1336 2618 citra
1392 2565 1824 2620 controversiam

228 2649 459 2707 Cancer
491 2661 546 2707 et
576 2653 942 2723 Capricornus
969 2671 1077 2709 non
1104 2655 1282 2726 signa,
1313 2655 1428 2711 sive
1451 2655 1830 2713 dodecatemo-

228 2742 342 2806 ria,
375 2741 474 2797 sed
511 2742 774 2812 imagines
813 2751 962 2798 sunt.
996 2742 1129 2798 Nam
1161 2752 1213 2799 et
1250 2744 1475 2815 χέλειον,
1516 2748 1629 2802 sive
1672 2756 1824 2811 testa,

228 2847 349 2888 non
397 2834 560 2888 aliter
611 2835 1012 2890 accommodari
1063 2834 1275 2890 Cancro
1326 2845 1548 2907 potest;
1598 2847 1653 2893 et
1701 2853 1825 2893 cum

229 2922 548 2992 Aquariqu
597 2924 822 2993 perinde
861 2926 928 2980 ab
972 2926 1204 2982 hiberno
1255 2930 1470 3000 tropico
1518 2934 1715 2998 secari,
1761 2949 1826 2989 ac

230 3013 641 3084 Capricornum
668 3023 896 3080 asserat,
939 3032 1044 3071 non
1091 3028 1270 3088 potest
1324 3020 1391 3074 ad
1437 3021 1823 3080 dodecatemo-

232 3105 384 3158 rium
423 3104 642 3160 referri.
677 3105 886 3176 Quippe
924 3110 1165 3178 trepicus
1208 3112 1452 3169 circulus
1485 3114 1706 3185 Aquarii
1739 3117 1818 3172 si-

231 3211 408 3266 gnum
439 3213 618 3268 neque
646 3197 859 3262 dividit,
886 3215 985 3255 nec
1017 3203 1234 3272 attingit
1257 3206 1497 3259 omnino.
1518 3206 1623 3262 Sed
1645 3226 1820 3280 neque

234 3287 328 3341 illa
358 3290 504 3358 ipsa,
534 3306 654 3358 qua:
679 3292 1016 3362 contingunt,
1043 3293 1194 3362 signa
1224 3295 1415 3349 circuli
1453 3297 1540 3351 isti
1573 3302 1820 3368 partiun-

230 3385 323 3433 tur
348 3380 632 3436 bifariam.
663 3379 752 3434 Sic
785 3381 852 3437 de
877 3383 1243 3453 aequinoctiali
1271 3385 1471 3442 Aratus
1499 3389 1639 3444 idem
1675 3410 1688 3446 :

228 3488 406 3562 Σῆμα
426 3490 582 3562 δέοι
609 3493 787 3559 Κριός
804 3509 820 3524 ο
846 3493 1098 3562 Ταύροιό
1125 3510 1186 3546 τε
1219 3495 1478 3562 γούνατα
1504 3495 1709 3551 κεῖται.

227 3561 414 3627 Κριὸς
439 3561 564 3631 μὲν
595 3563 746 3615 κατὰ
779 3561 973 3631 μῆκος
997 3561 1370 3631 ἑληλαμένος
1416 3564 1511 3618 διὰ
1552 3567 1814 3620 κύκλουο

234 3631 473 3699 Ταύρου
506 3631 573 3684 δὲ
599 3631 865 3686 σκελέων
892 3631 1050 3701 ὅσση
1081 3635 1482 3702 περιφαίνεταί
1512 3635 1720 3700 ὅκλαξ.

228 3734 463 3812 Signum
491 3748 663 3812 autem
692 3739 940 3812 eiAries,
972 3739 1233 3811 Taurique
1257 3759 1425 3812 genua
1452 3745 1558 3796 sita
1588 3755 1746 3810 sunt;

228 3807 623 3884 griesquidem
654 3813 708 3863 in
739 3810 948 3881 longum
973 3807 1164 3865 ductus
1194 3807 1285 3881 per
1319 3815 1630 3884 cingulum;

231 3877 400 3935 Tauri
418 3877 558 3934 'vero
579 3896 794 3934 crurum
812 3877 1012 3952 quanta
1043 3877 1260 3952 apparet
1288 3877 1525 3952 inﬂexio.

307 3990 375 4047 Ut
421 4007 605 4062 genua
647 3992 813 4049 Tauri
849 3995 915 4049 ad
958 3996 1302 4051 asterismum
1352 3998 1472 4068 ejus
1506 3999 1813 4069 pertinent,

228 4080 309 4137 sic
351 4082 567 4137 Arietis
615 4099 816 4154 corpus
860 4085 934 4138 ab
963 4086 1331 4156 aequinoctiali
1375 4089 1583 4144 circulo
1621 4104 1816 4146 secun-

227 4171 356 4228 dum
401 4176 811 4247 longitudinem
860 4176 1098 4233 divisum
1148 4179 1216 4234 ad
1263 4179 1552 4251 imaginem
1591 4183 1812 4248 Arietis,

225 4279 336 4320 non
360 4268 440 4321 ad
471 4269 991 4337 dodecatemorium,
1019 4288 1246 4330 necesse
1269 4285 1349 4330 est
1367 4276 1556 4333 referri
1583 4297 1596 4334 :
1620 4294 1813 4349 quem-

227 4362 530 4416 admodum
562 4361 902 4434 Hipparchus
935 4366 1052 4436 ipse
1072 4366 1232 4420 docet
1263 4368 1356 4422 lib.
1389 4367 1430 4434 l,
1457 4385 1605 4426 num.
1642 4368 1807 4437 XXV,

1944 519 2168 589 trapicis
2207 529 2436 586 taceam,
2485 531 2631 578 certe
2661 523 3058 592 aequinoctialis
3099 525 3359 590 Arietem,
3396 540 3506 579 non

1942 612 2240 666 secundum
2291 614 2700 684 longitudinem,
2745 611 2886 668 κατὰ
2942 617 3113 684 μῆκος
3179 613 3506 685 ἐληλαμένον

1941 705 2360 773 partietur,sed
2410 713 2804 770 transversum,
2862 715 2916 760 et
2969 703 3111 758 κατὰ
3157 706 3376 768 πλάτος.
3423 703 3507 757 Si-

1939 795 2159 866 quidem
2208 797 2482 852 sectiones
2531 798 2928 867 aequinoctialis
2957 804 3010 851 et
3057 796 3262 850 zodiaci
3293 797 3360 849 ab
3396 794 3506 849 Eu-

1939 885 2100 953 doxo,
2144 894 2203 940 ut
2250 895 2404 957 putat
2445 886 2808 958 Hipparchus,
2861 885 3055 942 mediis
3101 886 3156 939 in
3199 886 3371 955 signis
3418 885 3503 940 lo-

1936 977 2148 1025 cantur.

2005 1061 2124 1116 Non
2149 1063 2404 1126 absimili,
2439 1071 2499 1118 ut
2534 1063 2785 1136 equidem
2831 1079 2972 1128 reor,
3013 1061 3303 1134 ὁμωνυμΐᾳ
3346 1061 3506 1116 indu-

1935 1163 2056 1208 ctus
2082 1153 2420 1225 Hipparchus
2443 1154 2747 1220 Eudoxum,
2780 1157 3007 1209 Aratum
3035 1163 3088 1210 et
3114 1155 3352 1208 Attalum
3387 1161 3504 1206 tra-

1936 1247 2091 1302 duxit
2126 1262 2276 1303 num.
2303 1245 2349 1300 Χ
2380 1247 2505 1302 libri
2531 1248 2713 1317 primi,
2748 1247 2891 1317 quod
2920 1247 3022 1301 sub
3049 1247 3228 1316 capite
3276 1245 3503 1314 majoris

1936 1337 2088 1394 Ursae
2112 1337 2368 1394 Geminos
2401 1346 2666 1401 statuunt,
2691 1340 2793 1394 sub
2826 1337 2962 1393 Ursa
2978 1339 3174 1400 media,
3210 1336 3502 1403 Cancrum;

1935 1430 2037 1485 sub
2079 1429 2474 1500 posterioribus
2508 1430 2758 1499 pedibus,
2798 1427 3054 1483 Leonem.
3103 1425 3208 1482 Ubi
3255 1426 3321 1480 de
3361 1434 3505 1479 aste-

1935 1522 2118 1575 rismis
2168 1521 2288 1575 sine
2335 1520 2502 1575 dubio
2552 1520 2884 1590 loquuntur:
2929 1535 3054 1573 nam
3097 1517 3249 1571 Arati
3286 1532 3500 1580 versus,

1932 1627 2071 1682 quos
2099 1613 2231 1667 citat
2263 1611 2625 1682 Hipparchus,
2649 1627 2756 1666 non
2792 1612 2953 1667 aliter
2993 1610 3220 1680 intelligi
3250 1619 3501 1680 possunt.

1932 1703 2001 1756 At
2029 1702 2373 1773 Hipparchus
2407 1702 2462 1756 id
2501 1719 2566 1757 ex
2595 1717 2660 1757 eo
2687 1701 2904 1769 refellit,
2951 1699 3094 1772 quod
3138 1705 3303 1769 caput
3351 1695 3504 1751 Ursae

1857 1789 1900 1844 Β
1929 1793 1999 1850 sit
2027 1794 2080 1848 in
2111 1793 2308 1848 Leonis
2341 1801 2492 1864 parte
2525 1794 2706 1857 tertia,
2733 1793 2989 1847 nimirum
3025 1792 3080 1846 in
3112 1791 3501 1846 dodecatcmo-

1931 1887 2013 1942 rio
2038 1885 2256 1950 Leonis,
2289 1883 2512 1958 quodin
2535 1883 2905 1956 aequinoctiali
2949 1884 3031 1938 vel
3061 1881 3322 1952 parallelo
3338 1896 3500 1950 repo-

1930 1978 2030 2030 nit.
2055 1976 2166 2032 Hoc
2195 1991 2319 2031 vero
2347 1975 2762 2046 argumentandi
2802 1991 2977 2046 genus
3014 1975 3250 2029 alienum
3291 1979 3396 2037 est,
3446 1980 3500 2026 et

1932 2070 1986 2124 in
2008 2069 2294 2142 ὁμωνυμίᾳ
2320 2069 2680 2124 conllictatur.
2713 2067 2818 2124 Sed
2841 2069 2909 2122 de
2941 2067 3043 2121 hoc
3065 2065 3358 2137 Hipparchi
3380 2065 3500 2121 loco

1931 2162 2181 2232 pluribus
2203 2169 2394 2232 agetur
2431 2161 2612 2232 capite
2644 2161 2804 2216 tertio
2833 2160 2957 2214 libr’t
2996 2158 3162 2213 tertii.

1996 2251 2079 2308 Ad
2099 2254 2616 2309 extremumsimilis
2637 2253 2962 2323 ambiguitas
2988 2251 3171 2306 fucum
3203 2249 3390 2306 Servio
3422 2249 3498 2304 l‘e-

1928 2344 2004 2398 cit
2037 2343 2090 2398 in
2112 2343 2528 2401 Commentariis
2548 2345 2648 2399 adi
2677 2344 2935 2414 Georgia,
2961 2344 3054 2399 ubi
3080 2344 3192 2399 haec
3213 2359 3496 2410 enarrans,

1993 2434 2112 2502 Qua
2141 2435 2284 2491 locus
2314 2435 2594 2507 Erigonem
2625 2438 2779 2503 inter,
2821 2435 3110 2505 Chelasque
3138 2445 3424 2506 sequentes,

1927 2528 2174 2599 quaedam
2217 2506 2460 2594 adnotat,
2506 2544 2627 2600 quae
2679 2529 2768 2583 hic
2817 2527 3022 2583 referre
3065 2527 3260 2583 melius
3311 2526 3498 2582 fuerit.

1933 2639 1954 2672 ι
1983 2620 2242 2691 Αἳεγριίἰ,
2273 2621 2465 2692 inquit,
2493 2621 2779 2681 duodecim
2821 2637 2944 2677 esse
2991 2627 3249 2676 asserunt
3292 2620 3445 2690 signa
3478 2639 3493 2676 :

1926 2709 2163 2764 Chaldaei
2198 2725 2322 2766 vero
2353 2711 2625 2765 undecim.
2681 2708 2817 2764 Nam
2852 2709 3138 2780 Scorpium
3191 2717 3245 2764 et
3281 2708 3498 2766 Libram

1928 2817 2096 2856 unum
2120 2803 2333 2873 signum
2357 2802 2647 2871 accipiunt.
2673 2799 2850 2857 Chela:
2866 2802 3009 2856 enim
3040 2801 3252 2872 Scorpii
3278 2801 3494 2856 Libram

1927 2894 2155 2949 faciunt.
2191 2894 2353 2949 Iidem
2386 2894 2624 2949 Chaldaei
2657 2895 2845 2949 volunt
2875 2894 3111 2964 aequales
3143 2909 3266 2949 esse
3315 2903 3498 2964 partes

1926 2986 1982 3042 in
2009 2987 2262 3042 omnibus
2291 2987 2462 3056 signis
2491 3006 2503 3041 :
2533 2987 2628 3042 sed
2646 3002 2745 3056 pro
2769 2987 3031 3056 Qualitate
3065 2986 3175 3050 sui,
3226 2987 3373 3041 aliud
3417 2987 3494 3042 si-

1845 3120 1888 3178 c
1923 3094 2090 3150 gnum
2120 3096 2212 3144 xx,
2263 3078 2408 3133 aliud
2441 3094 2509 3132 XI.
2545 3079 2741 3134 habere
2773 3098 2786 3132 :
2817 3094 2942 3133 cum
2968 3078 3209 3150 Egyplii
3259 3081 3494 3135 tricenas

1921 3187 2044 3227 esse
2072 3179 2255 3242 partes
2287 3171 2342 3225 in
2371 3171 2623 3226 omnibus
2643 3171 2827 3226 velint.
2855 3169 3012 3224 Modo
3039 3187 3168 3240 ergo
3195 3171 3494 3226 secundum

1920 3265 2208 3319 Chaldaeos
2263 3264 2484 3318 locutus
2518 3272 2622 3328 est,
2669 3263 2859 3318 dicens
2906 3277 3066 3332 posse
3111 3279 3234 3318 eum
3297 3264 3496 3319 habere

1922 3356 2100 3409 locum
2138 3355 2280 3408 inter
2315 3352 2600 3424 Scorpium
2635 3362 2690 3408 et
2715 3351 3015 3420 Virginem.
3049 3373 3067 3404 ›
3115 3352 3279 3424 Signa
3314 3353 3496 3425 dupli-

1919 3444 2054 3497 citer
2101 3450 2457 3511 usurpentur.
2508 3442 2619 3495 Aut
2671 3443 2818 3497 enim
2866 3442 3300 3498 dodeeatetnoria
3366 3451 3495 3500 sunt

1918 3534 2315 3604 aequinoctialis
2359 3535 2443 3589 vel
2472 3533 2702 3596 zodiaci,
2741 3541 2835 3587 aut
2858 3534 3154 3596 asterismi,
3179 3549 3300 3602 qua:
3331 3535 3493 3604 ἠστε-

1923 3628 2151 3701 ρισμένα
2182 3625 2348 3691 ζώδια
2373 3633 2534 3682 vocat
2576 3625 2939 3696 Hipparchus.
2988 3625 3196 3680 Horum
3242 3628 3492 3696 quaedam

1920 3720 2355 3776 dodecatemorio
2381 3734 2484 3775 suo
2535 3719 2766 3782 minora,
2800 3720 3047 3788 quaedam
3082 3719 3290 3788 majora
3338 3731 3490 3786 sunt,

1918 3821 1972 3868 et
1995 3813 2050 3866 in
2080 3812 2256 3867 vicina
2287 3811 2613 3874 redundant,
2641 3816 2698 3863 ut
2724 3824 2886 3878 supra
2912 3809 3171 3864 diximus.
3216 3809 3340 3864 Haec
3365 3826 3488 3866 cum

1919 3904 2140 3974 legisset
2173 3903 2374 3957 alicubi
2408 3902 2817 3972 grammaticus,
2871 3901 3152 3972 signorum
3180 3916 3377 3970 genera
3399 3902 3488 3955 illa

1916 3999 2026 4054 duo
2058 3998 2403 4070 permiscuit,
2430 4005 2484 4052 et
2512 4011 2624 4051 rem
2659 4011 2884 4066 prorsus
2917 3995 3209 4052 absurdam
3249 4003 3303 4050 et
3332 3995 3487 4050 inex-

1915 4089 2221 4143 tricabilem
2271 4088 2478 4150 docuit,
2516 4087 2670 4157 signa
2711 4088 2896 4141 omnia
2939 4087 3239 4156 aequalibus
3277 4088 3487 4141 descri-

1915 4189 2005 4252 pta
2033 4196 2155 4236 esse
2176 4180 2442 4252 partibus,
2461 4187 2514 4234 et
2537 4187 2712 4233 tamen
2731 4179 2879 4233 aliud
2902 4179 3149 4240 tricenis,
3173 4177 3320 4231 aliud
3351 4194 3486 4248 qua-

1917 4273 2174 4343 dragenis
2209 4292 2226 4324 ι
2257 4287 2354 4343 pro
2379 4272 2643 4342 qualitate
2667 4270 2750 4325 sui
2778 4289 2798 4322 ι
2819 4277 3094 4324 constare.
3119 4268 3306 4324 Priore
3325 4271 3486 4323 modo

1903 4366 2072 4436 signa
2122 4371 2250 4420 sunt
2303 4363 2777 4426 dodecatemoria;
2823 4360 3147 4430 posteriore,
3187 4359 3481 4423 asterismi,

231 4452 326 4507 ubi
355 4454 514 4508 Arati
560 4463 613 4509 et
633 4454 840 4509 Eudoxi
885 4456 952 4511 de
1003 4459 1375 4515 cardinalibus
1414 4461 1547 4517 iisce
1605 4461 1814 4527 ζωδίοις
1843 4466 1890 4525 D
1916 4473 2146 4528 quorum
2173 4457 2261 4511 alii
2291 4457 2606 4527 pauciores,
2640 4454 2731 4508 alii
2763 4453 2946 4523 plures
2975 4463 3242 4521 occupant
3278 4459 3478 4521 partes.

236 4547 455 4604 decreta
491 4548 706 4618 probat,
736 4559 960 4620 excepto
983 4552 1124 4621 quod
1161 4551 1228 4607 de
1255 4554 1656 4610 Arietedictum
1690 4565 1804 4611 est:

236 4641 329 4710 qui
370 4649 520 4696 totus
576 4643 940 4712 aequinoctiali
996 4645 1204 4699 circulo
1254 4646 1526 4701 borealior
1569 4657 1673 4703 est.
1739 4648 1809 4703 At

237 4729 508 4788 Cancrum
527 4745 580 4788 ct
595 4732 828 4788 Leonem
858 4737 1062 4792 medios
1099 4737 1273 4806 trajici
1299 4737 1366 4791 ab
1384 4739 1572 4794 aestivo
1596 4741 1809 4810 tropico

236 4831 387 4880 recte
419 4827 540 4881 illos
566 4827 771 4882 sentire
798 4828 1016 4883 asserit.
1073 4827 1208 4884 Vide
1243 4829 1448 4900 reliqua
1483 4830 1630 4886 illius
1678 4832 1804 4899 loci,

240 4913 541 4986 inquibus,
568 4920 716 4992 quod
757 4921 907 4974 valde
949 4920 1148 4974 mirum
1188 4929 1291 4987 est,
1345 4923 1691 4992 apertissime
1727 4923 1804 4978 si-

241 5008 461 5078 gniﬁcat
481 5026 511 5064 ει
536 5026 595 5066 se
616 5010 824 5067 Eudoxi
851 5011 1116 5082 Aratique
1147 5012 1293 5066 dicta
1329 5013 1398 5068 ad
1434 5014 1676 5071 stellatus
1727 5013 1807 5070 ef-

241 5100 392 5170 ligies
420 5105 698 5174 applicari.

311 5193 550 5267 Denique
579 5199 691 5254 sive
726 5199 780 5253 in
814 5197 1192 5270 aequinoctiali
1224 5199 1338 5252 sive
1373 5197 1426 5250 in
1464 5196 1690 5252 zodiaco
1739 5199 1810 5253 si-

241 5299 342 5354 gna
371 5290 612 5344 caelestia
642 5290 986 5346 constituerit
1023 5287 1282 5343 Eudoxus
1303 5327 1317 5350 ,
1350 5288 1416 5342 de
1460 5304 1566 5358 qua
1613 5305 1671 5343 re
1715 5305 1806 5344 ca-

241 5380 349 5450 pite
369 5382 636 5452 superiori
665 5381 871 5436 dictum
902 5389 990 5436 est
1023 5397 1037 5434 :
1068 5395 1244 5450 neque
1276 5379 1332 5434 in
1372 5381 1546 5450 ipsius
1595 5379 1805 5435 Eudoxi

244 5474 416 5530 allatis
445 5475 512 5529 ab
541 5473 850 5544 Hipparcho
881 5475 1062 5538 verbis
1089 5515 1103 5539 ,
1155 5488 1330 5542 neque
1373 5473 1514 5544 apud
1558 5475 1802 5542 Aratum,

242 5565 415 5630 Aries,
457 5567 688 5631 Cancer,
728 5566 928 5632 Chelm,
971 5565 1364 5635 Capricornus,
1425 5566 1492 5620 de
1527 5566 1698 5635 signis
1741 5581 1806 5620 ac

243 5655 690 5714 dodccatemori-is
724 5657 983 5728 explicari
1018 5665 1241 5728 queunt.
1277 5655 1409 5710 Nam
1453 5657 1497 5712 si
1543 5657 1597 5711 in
1633 5659 1803 5728 aequi-

244 5751 456 5810 noctiali
491 5752 863 5823 designentur,
909 5758 1100 5807 neuter
1128 5750 1459 5821 tropicorum
1491 5766 1554 5806 ea
1586 5742 1801 5806 contin-

1915 4550 2006 4606 Sic
2033 4549 2302 4605 asterismi
2325 4547 2536 4618 Scorpii
2566 4561 2695 4617 pars
2715 4557 2797 4601 εει
2817 4544 3109 4599 Chelarum
3132 4544 3478 4603 asterismus,

1908 4650 1969 4697 ut
2013 4643 2114 4696 hac
2149 4641 2360 4696 ratione
2394 4641 2647 4695 undecim
2701 4635 3076 4693 tantummodo
3113 4635 3224 4689 sint
3265 4637 3472 4705 ἠστερι-

1911 4734 2081 4805 σμένα
2097 4733 2280 4799 ζώδια,
2300 4749 2393 4788 seu
2419 4734 2602 4804 ﬁgura:
2619 4732 2846 4787 stellata:
2861 4729 3003 4799 apud
3024 4728 3324 4784 Chaldaeos.
3343 4724 3477 4780 Nam

1907 4826 2168 4898 Egyptii,
2207 4825 2300 4896 qui
2333 4841 2432 4895 pro
2475 4824 2659 4880 Chelis
2709 4822 2928 4878 Libram
2982 4827 3306 4891 posuerunt,
3351 4818 3482 4888 legi-

1908 4922 2099 4975 timum
2140 4935 2426 4974 numerum
2475 4918 2793 4973 obtinebant
2831 4934 2846 4970 :
2886 4915 3039 4985 signa
3079 4912 3299 4984 quidem
3346 4915 3478 4966 utri-

1908 5030 2014 5084 que
2044 5012 2330 5067 duodecim
2366 5010 2750 5065 adbibuerunt.
2779 5007 3044 5062 Caeterum
3072 5004 3311 5075 Virginis
3339 5012 3477 5058 aste—

1907 5108 2110 5162 rismus
2139 5106 2268 5160 olim
2297 5104 2498 5159 Leonis
2525 5111 2580 5158 et
2611 5102 2786 5156 Librae
2808 5109 3015 5170 partes,
3051 5107 3247 5168 praeter
3269 5096 3472 5167 justam

1908 5201 2233 5269 portionem,
2272 5196 2595 5264 occupabat.
2641 5193 2787 5248 Inter
2827 5193 2970 5246 hanc
3012 5203 3142 5245 vero
3186 5195 3241 5243 et
3278 5185 3476 5241 Chelas

1908 5289 2139 5360 Scorpii,
2169 5304 2289 5359 qua:
2313 5289 2366 5342 in
2393 5287 2570 5341 Librae
2610 5283 3064 5341 dodecatemorio,
3091 5278 3471 5342 versabantur,

1905 5399 2135 5439 vacuum
2167 5391 2251 5437 est
2281 5380 2649 5445 intervallum,
2673 5374 2822 5447 quod
2848 5376 2914 5430 ad
2939 5374 3082 5428 idern
3104 5370 3279 5426 Librae
3309 5367 3473 5424 dede.-

1905 5476 2238 5530 catemorion
2279 5472 2584 5543 pertinebat
2613 5487 2627 5526 :
2659 5484 2771 5540 quo
2820 5468 2875 5521 in
2904 5465 3080 5537 spatio
3121 5462 3304 5519 sedem
3333 5459 3474 5516 indi-

1903 5569 2010 5638 geti
2060 5567 2307 5636 Augusto
2353 5563 2592 5619 destinat
2636 5559 2919 5631 Virgilius.
2978 5556 3054 5612 Ea
3105 5569 3259 5610 mens
3299 5559 3472 5623 poetae

1903 5661 2026 5726 fuit,
2058 5673 2220 5730 quam
2273 5672 2382 5712 non
2427 5653 2737 5725 assequitur
2776 5651 3021 5706 Servius.
3062 5649 3132 5702 At
3173 5645 3471 5704 Martianus

1901 5750 2123 5824 Capella
2151 5749 2288 5807 libro
2306 5746 2442 5816 Vlll,
2487 5759 2608 5817 cap.
2642 5745 2710 5803 de
2759 5744 2883 5800 ﬁxis
2918 5742 3110 5815 signis,
3152 5748 3300 5795 recte
3343 5736 3469 5800 hoc,
