3948 6264
495 354 624 412 1'55!

1483 349 1573 404 A'D
1611 346 1878 404 EUSEBII
1917 342 2310 400 CHRONICON
2350 342 2708 401 APPENDIX.

3572 335 3708 393 1552

493 467 636 539 quod
662 465 965 530 docuimus,
1015 464 1247 535 explicat
1289 463 1376 519 his
1419 465 1602 520 verbis
1634 482 1648 518 :
1694 481 1713 514 ι
1756 461 1878 516 llaec
1932 459 2049 515 dis-
2075 463 2124 521 Α
2149 476 2277 514 num
2310 477 2468 516 suum
2495 477 2617 518 esse
2642 461 2966 516 translatum
2998 456 3223 530 perinde
3240 469 3428 512 omnes
3441 454 3705 510 sentiunt-

494 556 670 612 cernit
731 555 1027 610 zodiacus:
1058 553 1151 624 qui
1208 551 1424 622 quidem
1468 551 1702 620 aequales
1755 547 2046 602 duodecim

496 650 771 719 signorum
810 647 1039 718 integrat
1088 645 1386 716 portiones.
1437 642 1543 697 Sed
1585 641 1836 696 undecim
1883 638 2048 693 habet

499 742 671 810 signa.
706 739 964 810 Scorpius
986 739 1130 793 enim
1179 744 1288 791 tam
1326 751 1484 790 suum
1530 735 1765 804 spatium
1813 736 2050 800 occupat

497 844 742 899 corpore,
773 843 937 900 quam
970 826 1152 883 Chelis
1179 833 1408 895 occupat
1440 824 1634 879 Librae.

1095 936 1323 994 CAPUT
1359 935 1449 992 IV.

496 1053 575 1108 De
601 1064 825 1109 veterum
848 1054 1080 1118 opinione
1117 1067 1268 1118 super
1304 1050 1490 1103 annuis
1539 1048 1666 1103 solis
1711 1045 2040 1118 cardinibus,

564 1136 614 1196 et
643 1143 744 1196 qua
767 1116 966 1196 ratione
995 1123 1120 1196 aiibi
1145 1116 1299 1191 quam
1324 1119 1484 1196 initiis
1514 1121 1781 1196 signorum
1806 1116 2050 1196 ςοζζοσριὶ

568 1185 782 1264 fuerint.
813 1193 1102 1248 Columeila
1129 1185 1360 1244 notatur.
1411 1185 1670 1244 Solhihcw
1712 1185 1910 1256 periodi
1960 1186 2048 1238 in-

565 1266 726 1334 signis
752 1264 962 1332 epocha.

566 1378 828 1445 Quoniam
853 1375 1042 1430 mediis
1070 1375 1125 1429 in
1154 1373 1323 1443 signis
1354 1373 1421 1427 ab
1453 1370 1676 1426 Eudoxo
1725 1369 2052 1424 constitutos

495 1485 617 1526 esse
644 1470 890 1526 cardines
929 1481 1291 1537 nequaquam,
1333 1473 1392 1519 ut
1427 1463 1633 1534 putavit
1677 1461 2044 1532 Hipparchus,

496 1580 559 1616 ex
598 1563 740 1616 illius
770 1561 949 1615 verbis
987 1559 1292 1623 conﬁcitur,
1334 1557 1674 1627 inquiramus
1716 1554 1876 1608 modo
1925 1567 2052 1622 qua-

496 1669 619 1708 nam
650 1653 704 1706 in
736 1659 888 1724 parte
914 1651 1185 1716 deﬁxerit;
1216 1659 1328 1704 tum
1359 1664 1481 1720 quae
1503 1649 1641 1701 ratio
1673 1647 1741 1701 ab
1772 1645 1880 1699 illis
1919 1645 2054 1698 inita

497 1746 587 1808 sit,
621 1743 711 1815 qui
739 1743 888 1807 alibi,
927 1757 1088 1813 quam
1135 1741 1192 1795 in
1229 1740 1399 1796 initiis
1445 1740 1748 1810 signorum,
1800 1735 2051 1791 cardines

495 1835 619 1889 illos
647 1850 766 1889 esse
795 1833 1094 1888 sciverunt.

565 1923 823 1978 Geminus
854 1923 1029 1992 capite
1061 1917 1196 1984 XVI,
1230 1926 1423 1991 quarto
1451 1918 1558 1983 die,
1584 1931 1746 1987 quam
1777 1916 1832 1970 in
1861 1914 2054 1984 Capri-
2086 1924 2088 1926 '

496 2031 719 2070 cornum
743 2015 822 2069 sol
851 2021 934 2068 est
963 2014 1261 2084 ingressus,
1312 2009 1601 2066 solstitium
1647 2007 1933 2062 hibernum
1987 2021 2052 2061 ex

496 2103 724 2161 Eudoxo
753 2103 866 2158 ﬁeri
891 2103 1080 2158 scribit
1109 2143 1123 2169 ,
1172 2115 1398 2156 vernum
1428 2106 1609 2153 autem
1647 2096 2054 2167 tequinOctium,

496 2199 650 2248 sexto
680 2190 767 2246 die
793 2189 885 2244 τοῦ
919 2189 1180 2261 Κριῶνος.
1212 2185 1355 2242 Idem
1395 2196 1582 2241 auctor
1612 2202 1680 2241 ex
1711 2184 2055 2239 Euctemonis

495 2282 762 2339 sententia
813 2280 1104 2336 solstitium
1133 2279 1413 2333 hibernum
1449 2278 1626 2347 primo
1670 2275 1758 2330 die
1793 2273 2056 2329 committi

493 2373 695 2432 refert:
726 2387 937 2428 necnon
966 2370 1276 2425 autumnale
1307 2369 1710 2440 aequinoctium.
1739 2366 1817 2421 Ex
1833 2365 2056 2436 Calippo

493 2479 621 2520 vero
631 2465 1017 2535 quatuoripsos
1035 2461 1282 2516 cardines
1297 2459 1618 2514 nominatim
1650 2459 1926 2529 signorum
1954 2457 2059 2511 ini-

493 2555 586 2611 tiis
600 2554 886 2610 contineri.
904 2551 1100 2606 Verum
1117 2551 1414 2606 Columella
1430 2549 1521 2604 lib.
1543 2547 1634 2613 IX,
1653 2564 1773 2618 cap.
1791 2546 1931 2610 XIV,
1950 2547 2060 2602 Me-

493 2655 674 2702 tonem
704 2652 757 2701 et
783 2643 1082 2709 Eudoxum,
1102 2657 1166 2698 ac
1183 2650 1394 2698 veteres
1412 2650 1756 2696 astronomos
1772 2640 1964 2694 scribit
2004 2639 2058 2692 in

492 2736 699 2793 octavis
717 2737 959 2806 partibus
979 2735 1253 2805 signorum
1271 2733 1502 2789 solstitia
1520 2741 1573 2787 et
1603 2731 1926 2802 aequinoctia
1961 2744 2060 2800 po-

493 2829 694 2896 suisse;
723 2826 1108 2898 Hipparchum,
1129 2833 1334 2881 mutata
1351 2826 1580 2888 ratione,
1593 2824 1648 2877 in
1664 2823 1941 2894 signorum
1954 2821 2060 2875 ini-

492 2919 569 2973 tia
591 2919 909 2973 contulisse.
935 2937 954 2969 ι
983 2915 1091 2972 Nec
1129 2931 1213 2971 me
1243 2915 1398 2978 fallit,
1426 2911 1941 2984 inquit,'Hipparchi
1959 2927 2060 2981 _ra-

492 3010 591 3074 tio,
619 3024 739 3080 quae
766 3008 922 3064 docet
937 3007 1168 3063 solstitia
1184 3013 1238 3062 et
1261 3006 1582 3076 aequinoctia
1596 3020 1704 3059 non
1718 3004 1946 3068 octavis,
1965 3002 2058 3058 sed

493 3099 685 3169 primis
709 3100 984 3169 signorum
1007 3097 1253 3168 partibus
1269 3097 1482 3152 conﬁci.
1498 3094 1697 3151 Verum
1714 3096 1769 3148 in
1785 3095 1887 3148 hac
1916 3095 2058 3150 ruris
2084 3131 2125 3187 α

493 3191 780 3260 disciplina
803 3205 999 3260 sequor
1012 3203 1156 3243 nunc
1193 3187 1398 3242 Eudoxi
1427 3196 1481 3242 et
1512 3185 1763 3251 Metonis,
1802 3185 2056 3255 antiquo-

493 3297 724 3350 rumque
742 3281 912 3336 fastus
930 3281 1322 3350 astrologorum
1342 3318 1357 3344 ,
1371 3279 1464 3350 qui
1489 3286 1618 3334 sunt
1642 3279 1808 3350 aptati
1825 3279 2057 3348 publicis

494 3371 778 3427 sacriﬁciis
795 3411 812 3436 ,
831 3372 956 3442 quia
973 3380 1028 3426 et
1049 3372 1230 3426 notior
1250 3379 1335 3426 est
1354 3372 1458 3426 ista
1474 3377 1631 3426 vetus
1648 3369 1906 3442 agricolis
1925 3384 2058 3424 con-

493 3469 648 3532 cepta
677 3463 878 3532 opinio.
897 3461 1005 3516 Nec
1022 3471 1198 3516 tamen
1216 3460 1508 3532 Hipparchi
1521 3460 1793 3515 subtilitas
1811 3460 2060 3530 pinguio-

492 3553 668 3618 ribus,
687 3560 748 3606 ut
776 3554 948 3619 aiunt,
974 3553 1298 3608 rusticorum
1330 3552 1527 3606 litteris
1552 3553 1860 3607 necessaria
1891 3561 1994 3607 est.
2034 3571 2053 3604 ι

493 3639 860 3712 Hipparchum
899 3657 1027 3697 ecce
1059 3640 1188 3695 facit
1217 3648 1495 3696 auctorem
1509 3640 1627 3710 ejus
1647 3641 2062 3712 instituti,quod

492 3729 776 3800 principiis
795 3729 1072 3800 signorum
1089 3728 1342 3784 cardines
1356 3730 1760 3796 accommodat,
1777 3745 1898 3785 cum
1917 3739 2062 3786 vete-

494 3833 584 3874 res
594 3821 802 3876 octavis
826 3821 1068 3890 partibus
1094 3821 1444 3877 ascriberent.
1459 3821 1518 3875 In
1543 3838 1652 3892 quo
1665 3823 1859 3891 partim
1877 3823 1944 3877 ab
1957 3822 2062 3878 Ge-

495 3911 664 3975 mino,
681 3913 877 3982 partim
904 3914 972 3967 ab
992 3913 1299 3984 Hipparcho
1316 3915 1434 3984 ipso
1445 3914 1674 3971 dissidet
1695 3933 1709 3982 ;
1735 3930 1858 3969 nam
1878 3914 2064 3968 Gemi-

495 4016 600 4057 nus
617 4017 882 4072 nusquam
899 4005 950 4056 in
968 4010 1156 4058 octava
1189 4004 1510 4073 cujusquam
1535 4003 1675 4074 signi
1695 4013 1844 4074 parte
1859 4005 2064 4059 consti-

499 4099 646 4146 tutos
671 4107 792 4148 esse
818 4093 1070 4149 cardines
1097 4095 1172 4147 ait
1197 4111 1212 4160 ;
1246 4093 1592 4165 Hipparchus
1626 4105 1830 4159 autem,
1883 4106 1942 4148 ut
1971 4111 2066 4151 su-

494 4184 695 4253 periori
715 4185 892 4254 capite
917 4184 1175 4249 vidimus,
1222 4186 1292 4240 ab
1313 4186 1503 4252 Arato,
1561 4195 1617 4241 et
1665 4189 1909 4257 antiquis
1951 4187 2063 4242 fere

497 4277 751 4332 omnibus
797 4277 1193 4334 mathematicis
1243 4280 1298 4333 in
1351 4279 1631 4349 signorum
1679 4280 1834 4335 initia
1896 4281 2064 4334 colla-

496 4375 582 4422 tos
615 4382 737 4422 esse
763 4367 966 4422 docuit.
996 4367 1116 4422 Non
1144 4369 1334 4424 dubito
1375 4370 1506 4440 quin
1548 4370 1839 4440 Hipparchi
1883 4373 2065 4442 potior

2145 553 2298 622 Quod
2335 553 2790 624 quemadmodum
2848 553 2916 606 ab
2950 551 3019 605 iis
3056 551 3364 604 institutum
3415 545 3613 609 fuerit,
3655 555 3707 598 et

2145 662 2251 716 qua
2288 647 2499 700 ratione
2526 646 2664 699 inter
2693 660 2752 698 se
2775 640 3059 698 conciliari
3101 639 3433 710 scriptorum
3467 636 3562 691 illa
3599 635 3708 690 dis-

2147 738 2282 793 sidia
2316 737 2543 807 possint,
2576 736 2834 805 deinceps
2859 733 3187 804 aperiemus.

2219 826 2444 883 Duobus
2471 827 2692 882 omnino
2725 825 2902 880 modis
2937 823 3052 880 fieri
3094 823 3333 876 arbitror
3360 820 3628 890 potuisse,
3653 829 3709 872 ut

2148 919 2217 974 ab
2262 919 2500 988 antiquis
2543 915 2943 972 mathematicis
2992 913 3320 984 aequinoctia
3377 919 3435 967 et
3475 911 3710 966 solstitia

2148 1011 2309 1074 alibi,
2347 1026 2506 1080 quam
2540 1011 2592 1064 in
2624 1010 2758 1079 ipsis
2789 1009 3072 1079 signorum
3104 1005 3368 1067 exordiis,
3412 1004 3710 1058 constituta

2150 1102 2371 1158 fuerint.
2402 1102 2534 1156 Nam
2568 1111 2662 1156 aut
2694 1103 2893 1171 reipsa,
2927 1107 2982 1154 et
3025 1114 3091 1153 ex
3130 1105 3247 1152 arte
3277 1095 3601 1166 judicioque
3640 1095 3712 1148 ita

2151 1193 2568 1264 pronuntiarunt
2597 1211 2611 1246 :
2643 1202 2735 1246 aut
2764 1206 2889 1246 cum
2919 1190 2986 1244 de
2999 1189 3274 1245 exactiore
3296 1187 3584 1242 cardinum
3608 1192 3712 1242 situ

2151 1282 2306 1336 aliter
2325 1281 2698 1336 existimarent
2720 1323 2735 1346 ,
2769 1280 3092 1350 populorum
3124 1277 3316 1332 usibus
3363 1292 3430 1331 ac
3460 1277 3713 1331 sensibus

2151 1371 2377 1424 alterum
2407 1369 2537 1424 illud
2563 1369 2744 1423 minus
2770 1376 3089 1421 accuratum
3115 1366 3398 1421 cardinum
3429 1380 3606 1436 genus
3631 1367 3714 1418 in-

2151 1459 2450 1514 dulserunt.
2489 1456 2559 1512 Ut
2585 1473 2615 1512 a
2651 1458 2831 1526 priore
2885 1455 3088 1519 ordiar,
3131 1453 3419 1523 repetenda
3455 1454 3549 1507 illa
3589 1464 3714 1508 sunt

2153 1550 2436 1620 imprimis,
2482 1564 2602 1618 quae
2658 1547 2725 1604 de
2771 1547 3038 1602 Chaldaeis
3078 1555 3132 1599 et
3180 1543 3449 1616 :‘Egyptiis
3480 1544 3711 1598 tradidi-

2154 1658 2275 1698 mus
2303 1642 2476 1711 capite
2499 1641 2710 1710 primo;
2739 1653 2972 1709 quanam
3002 1637 3254 1692 videlicet
3287 1638 3501 1692 ratione
3531 1637 3715 1707 signo-

2155 1750 2273 1788 rum
2305 1733 2606 1788 ctelestium
2646 1732 2992 1802 partitionem
3043 1729 3404 1784 instituerint.
3438 1728 3712 1798 Insignem

2152 1824 2293 1878 enim
2323 1822 2628 1892 quampiam
2659 1828 2916 1876 notarunt
2941 1821 2996 1874 in
3027 1822 3167 1875 ccelo
3205 1822 3438 1884 stellam,
3475 1836 3509 1874 a
3558 1820 3714 1889 cujus

2152 1917 2453 1972 emersione
2474 1916 2704 1986 primum
2734 1914 3235 1970 dodecatemorium
3267 1915 3322 1968 in
3344 1912 3714 1984 aequinoctiali

2153 2008 2359 2062 circulo
2387 2007 2760 2076 designarunt.
2793 2005 2912 2071 Quo
2938 2005 3094 2060 initio
3109 2005 3430 2071 constituto,
3448 2003 3710 2073 deinceps

2154 2099 2340 2154 circuli
2365 2099 2531 2153 totius
2563 2097 2952 2168 anaphoricum
2978 2105 3188 2167 tempus
3212 2095 3468 2150 horarum
3487 2105 3718 2166 quatuor

2154 2201 2207 2246 et
2229 2191 2441 2261 viginti,
2473 2189 2755 2245 duodecim
2789 2190 2845 2244 in
2879 2197 3062 2260 partes
3085 2205 3152 2245 ex
3180 2203 3334 2259 aequo
3368 2189 3714 2242 diviserunt:

2154 2293 2383 2348 quarum
2407 2278 2646 2348 singulas
2679 2279 2800 2334 aliis
2825 2279 3009 2333 itidem
3039 2278 3213 2333 stellis
3245 2279 3358 2332 sive
3392 2278 3448 2331 in
3469 2278 3718 2341 zodiaco,

2155 2369 2269 2424 sive
2294 2377 2449 2425 extra
2479 2370 2654 2439 ipsum
2687 2369 2900 2440 positis,
2933 2379 2988 2423 et
3012 2370 3203 2426 iisdem
3225 2373 3515 2425 momentis
3543 2373 3719 2424 orien-

2156 2461 2324 2526 tibus,
2349 2463 2492 2518 velut
2520 2462 2692 2530 signis
2759 2477 2823 2516 ac
2855 2462 3120 2518 limitibus
3167 2463 3602 2533 descripserunt.
3646 2460 3716 2514 Ita

2157 2555 2354 2626 quippe
2381 2554 2576 2610 Sextus
2603 2555 2907 2626 Empiricus
2935 2555 3114 2620 docet,
3142 2555 3302 2624 primi
3336 2555 3719 2609 dodecatemo-

2156 2647 2225 2703 rii
2269 2645 2550 2718 designato
2606 2647 2892 2718 principio,
2938 2656 3134 2702 caetera
3183 2645 3437 2716 aequabili
3484 2646 3716 2714 partium

2157 2739 2550 2808 aequinoctialis
2609 2739 2874 2796 divisione
2917 2754 3037 2795 esse
3085 2748 3391 2795 numerata.
3445 2739 3720 2804 Quamob-

2160 2843 2274 2883 rem
2332 2827 2423 2898 qui
2470 2829 2612 2883 bona
2643 2828 2745 2882 ﬁde
2791 2843 2853 2882 ac
2880 2829 3023 2884 serio
3039 2827 3292 2884 cardines
3331 2829 3385 2882 in
3417 2828 3616 2883 mediis
3642 2829 3720 2882 si—

2161 2919 2303 2989 gnis,
2342 2919 2427 2974 vel
2459 2919 2689 2982 octavis,
2718 2919 2947 2988 aliisque
2985 2920 3234 2989 partibus
3271 2922 3533 2978 ﬁxerunt.
3583 2920 3722 2974 veri-

2160 3007 2335 3062 simile
2359 3014 2442 3061 est
2462 3022 2556 3063 eos
2587 3007 2802 3061 initium
2842 3007 3006 3077 primi
3043 3008 3468 3064 dodecatemorii
3504 3023 3611 3062 non
3653 3009 3722 3063 ab

2161 3093 2275 3165 ipsa
2301 3096 2694 3166 mquinoctialis
2743 3104 2796 3152 et
2826 3098 3032 3152 zodiaci
3063 3099 3449 3154 intersectione
3478 3100 3718 3168 cepisse;

2159 3190 2256 3245 sed
2287 3189 2565 3258 aliquanto
2590 3197 2716 3244 aute
2747 3189 2924 3260 spatio
2965 3208 2978 3244 :
3011 3189 3157 3260 quod
3185 3190 3240 3244 in
3267 3191 3495 3260 reliquis
3531 3190 3722 3246 deinde

2158 3288 2432 3336 servatum
2466 3288 2568 3334 est.
2599 3278 2738 3334 Cum
2781 3290 2960 3334 autem
2988 3279 3056 3335 ab
3106 3279 3305 3349 insigni
3349 3281 3536 3349 aliqua
3569 3280 3721 3334 stella

2156 3388 2337 3428 verna:
2367 3372 2701 3442 tempestatis
2736 3372 2948 3426 initium
2982 3371 3250 3441 auspicati
3297 3372 3427 3435 sint,
3461 3373 3542 3424 uti
3585 3371 3721 3424 dixi-

2160 3479 2301 3529 mus,
2331 3464 2562 3532 eligatur
2583 3461 2739 3516 stella
2778 3461 2889 3525 illa,
2921 3475 3042 3529 qua:
3079 3459 3135 3513 in
3172 3459 3512 3528 praecedente
3553 3473 3719 3512 cornu

2159 3565 2242 3608 est
2268 3552 2485 3606 Arietis.
2518 3549 2593 3603 Ea
2613 3566 2677 3604 ex
2711 3547 3123 3603 accuratissima
3147 3544 3420 3616 Tychouis
3464 3545 3720 3599 observa-

2161 3646 2308 3699 tione
2335 3658 2477 3697 auno
2503 3642 2706 3696 Christi
2748 3655 2852 3695 unc
2897 3640 3001 3693 sita
3049 3648 3166 3693 erat
3213 3639 3267 3692 in
3307 3635 3479 3707 gradu
3526 3635 3722 3690 Arietis

2158 3737 2248 3802 27,
2274 3737 2378 3798 56',
2432 3735 2589 3804 cujus
2615 3733 2843 3787 latitudo
2885 3730 3150 3804 graduum
3185 3739 3266 3784 est
3297 3729 3347 3793 7,
3375 3728 3718 3794 8'.Quoniam

2166 3843 2294 3884 vero
2331 3827 2578 3883 stellatus
2620 3825 2770 3879 orbis
2821 3825 2880 3878 in
2932 3821 3315 3893 consequentia
3365 3830 3633 3880 movetur,
3673 3824 3723 3871 et

2162 3921 2324 3973 annis
2351 3919 2570 3972 circiter
2589 3917 2804 3971 duobus
2825 3923 2880 3971 et
2913 3915 3250 3986 septuaginta
3285 3911 3517 3983 gradum
3545 3909 3722 3965 absol-

2161 4013 2239 4066 vit
2292 4026 2482 4073 unum,
2541 4008 2665 4064 inde
2717 4010 2963 4079 sequitur
3005 4015 3130 4063 ante
3175 4007 3381 4075 aliquot
3433 4003 3634 4058 saecula
3670 4002 3719 4055 in

2164 4103 2340 4173 ipsum
2389 4115 2569 4157 vernae
2613 4099 2870 4154 sectionis
2921 4108 3176 4168 punctum
3224 4093 3484 4149 incidisse
3513 4093 3718 4148 stellam

2164 4195 2344 4258 istam,
2386 4207 2450 4246 ac
2477 4207 2667 4247 rursus
2711 4190 3108 4260 antiquioribus
3152 4187 3366 4243 saeculis
3406 4185 3541 4238 illud
3575 4193 3723 4238 ante-

2163 4287 2395 4341 venisse.
2441 4282 2639 4338 Verum
2663 4298 2770 4336 non
2797 4290 2904 4335 tam
2933 4280 3039 4334 loci
3069 4280 3260 4350 ipsius,
3291 4278 3384 4347 qui
3423 4279 3476 4331 in
3502 4277 3721 4331 zodiaoo

2165 4379 2332 4435 stellae
2352 4377 2626 4446 competit,
2656 4375 2860 4445 quique
2889 4372 3190 4426 latitudinis
3224 4371 3434 4424 circqu
3479 4369 3723 4439 designa-

497 4459 600 4512 hac
624 4458 679 4512 in
707 4473 784 4522 re,
814 4474 975 4530 quam
996 4459 1306 4516 Columella:
1328 4461 1398 4515 sit
1421 4461 1586 4528 ﬁdes;
1627 4472 1684 4516 ut
1708 4463 1800 4532 qui
1833 4471 1984 4518 tanto
2006 4472 2058 4518 et

2164 4479 2272 4536 tur,
2298 4484 2458 4539 quam
2491 4467 2830 4522 ascensionis
2855 4466 2997 4521 illius
3038 4466 3270 4534 obliqua:
3305 4461 3554 4517 ducenda
3593 4463 3724 4514 ratio

495 4549 788 4619 antiquior,
828 4560 882 4604 et
929 4551 1121 4604 harum
1177 4567 1359 4607 rerum
1411 4551 1801 4624 intelligentior
1834 4597 1850 4622 ,
1895 4563 1949 4610 et
2001 4557 2053 4610 in

497 4645 932 4694 astronomorum
991 4648 1232 4697 veterum
1280 4643 1515 4699 lectione
1569 4644 1837 4711 detritior,
1891 4663 2056 4717 quam

494 4730 812 4795 Columella,
844 4732 1026 4787 fuerit.
1057 4732 1122 4786 Et
1151 4741 1331 4789 tamen
1349 4735 1513 4804 hujus
1539 4737 1864 4792 auctoritate
1886 4739 2057 4808 pleri-

495 4834 602 4889 que
640 4833 829 4874 omnes
863 4820 1207 4876 adducuntur
1234 4822 1413 4886 hodie,
1446 4835 1503 4878 ut
1527 4826 1920 4896 antiquissimis
1958 4844 2057 4884 sae-

494 4911 632 4964 culis
677 4911 989 4967 existiment
1025 4914 1233 4970 octavis
1281 4916 1524 4985 partibus
1569 4918 1846 4988 signorum
1887 4920 2088 4992 a’qui-'

494 5003 675 5059 noctia
695 5013 748 5059 et
765 5006 997 5060 solstitia
1014 5008 1082 5062 ab
1098 5013 1423 5065 astronomis
1437 5010 1679 5064 mandari
1698 5012 1876 5065 solita.
1901 5011 2056 5078 Quod

494 5109 606 5164 prae
631 5097 840 5151 ueteris
868 5097 1026 5152 enixe
1052 5104 1234 5151 tuetur
1271 5095 1515 5169 Scaliger
1557 5119 1570 5154 :
1609 5101 1715 5153 imo
1744 5102 1966 5156 unicum
2003 5103 2057 5157 id

494 5185 586 5239 ille
609 5184 1014 5240 fundamentum
1048 5187 1098 5242 ei
1135 5187 1393 5242 doctrinae
1432 5189 1722 5252 substruit,
1781 5207 1946 5260 quam
1990 5191 2056 5246 de

493 5273 804 5330 Graecorum
826 5284 1248 5348 ceterorumque
1268 5281 1588 5350 populorum
1625 5281 1782 5338 annis
1813 5284 2056 5353 explica-

493 5368 590 5420 vit.
623 5369 726 5424 Sed
767 5386 942 5442 neque
995 5372 1238 5428 funditus
1267 5375 1574 5444 negaverim
1605 5374 1792 5441 fuisse,
1817 5376 2051 5446 quiante

455 5511 457 5514 .
495 5457 856 5528 Hipparchum
887 5465 1137 5520 cardines
1166 5466 1291 5529 alio,
1322 5482 1484 5536 quam
1515 5469 1569 5522 in
1599 5469 1879 5538 signorum
1900 5470 2054 5524 initia

495 5552 822 5608 contulerint
859 5574 872 5610 :
903 5557 1046 5625 quod
1109 5557 1391 5622 Geminus,
1439 5561 1764 5624 Columella,
1813 5562 2051 5618 Achilles

497 5639 706 5705 Tatius,
726 5646 924 5716 aliique
967 5647 1314 5715 conﬁrmant;
1355 5659 1410 5704 et
1444 5666 1475 5705 a
1506 5641 1653 5705 Iulio
1681 5652 1928 5717 (lissare,
1983 5669 2050 5708 ex

495 5735 768 5786 communi
797 5735 983 5803 utique
1029 5753 1091 5793 ac
1123 5749 1335 5810 recepta
1372 5744 1662 5809 sententia,
1699 5744 1838 5799 idem
1873 5744 1927 5800 in
1961 5761 2057 5802 an-

2163 4571 2267 4626 est,
2303 4572 2363 4616 ut
2388 4577 2550 4632 quam
2585 4561 2640 4615 in
2672 4570 2879 4630 partem
2902 4554 3722 4625 dodecatemoriiaequinoctium

2158 4653 2472 4720 incurrerit,
2496 4651 2766 4708 aestimare
2798 4649 3090 4720 possimus.

2227 4743 2506 4798 Scribebat
2535 4740 2601 4794 ad
2627 4755 2714 4794 me
2729 4738 3053 4795 Godefridus
3082 4736 3432 4800 Vendelinus,
3447 4737 3536 4789 vir
3557 4743 3725 4789 astro-

2156 4837 2352 4890 nomia:
2377 4831 2698 4902 cumprimis
2738 4830 2969 4900 peritus,
3002 4831 3149 4884 circa
3167 4843 3366 4881 annum
3403 4835 3533 4881 ante
3573 4826 3725 4880 Chri-

2157 4926 2226 4980 sti
2261 4940 2424 4980 aeram
2475 4924 2631 4984 1265,
2667 4922 2761 4992 qui
2808 4929 2892 4976 est
2919 4921 3128 4990 periodi
3174 4920 3301 4974 Julii
3343 4920 3506 4981 5450,
3561 4919 3724 4972 videri

2157 5026 2368 5087 tempus
2423 5014 2555 5070 illud
2608 5014 2795 5081 fuisse,
2850 5031 2958 5084 quo
3000 5014 3250 5068 ascensio
3299 5014 3488 5082 primm
3530 5013 3726 5068 Arietis

2157 5111 2324 5167 stellae
2355 5109 2666 5179 quindecim
2687 5107 2946 5178 gradibus
2972 5105 3322 5160 antecedebat
3343 5105 3725 5176 aequinoctium

2156 5215 2402 5256 vernum.
2441 5198 2566 5266 Quo
2606 5199 2769 5254 etiam
2817 5206 3061 5268 tempore
3102 5197 3396 5252 Neomenia
3443 5194 3647 5259 Thuth,
3678 5205 3726 5250 et

2157 5301 2310 5346 ortus
2356 5291 2636 5355 caniculae,
2690 5297 2744 5344 et
2791 5291 3110 5352 solstitium,
3160 5304 3225 5343 ac
3277 5287 3623 5342 novilunium
3675 5288 3724 5339 in

2156 5380 2403 5437 eumdem
2429 5381 2571 5435 diem
2627 5379 2958 5444 inciderunt,
3007 5380 3098 5450 qui
3142 5388 3260 5434 erat
3299 5377 3426 5432 Julii
3481 5377 3722 5447 quintus,

2157 5473 2320 5544 idque
2349 5473 2402 5526 in
2435 5471 2832 5543 Heliopolitano
2877 5478 3057 5526 tractu
3089 5490 3100 5524 :
3134 5467 3279 5540 quod
3311 5469 3375 5523 ad
3408 5469 3723 5524 memoriam

2157 5562 2494 5634 posteritatis
2525 5562 2736 5631 insigne
2765 5562 2977 5616 initium
3007 5560 3156 5616 dedit
3190 5560 3462 5615 Sothiacze
3481 5559 3722 5630 periodo.

2157 5657 2314 5724 cujus
2345 5655 2587 5711 meminit
2613 5654 2860 5711 Clemens
2888 5654 3288 5722 Alexandrinus
3333 5653 3534 5708 Strom.
3565 5653 3609 5713 I,
3638 5650 3722 5706 ubi

2161 5746 2416 5804 trecentis
2439 5744 2798 5816 quadraginta
2829 5745 3070 5816 quinque
3103 5747 3262 5800 annis
3296 5753 3419 5817 post
3448 5742 3725 5816 migratio-
