3948 6264
194 338 330 396 1555

1003 329 1466 388 DlSSERTATlO
1504 329 1592 386 DE
1629 328 1819 389 ORTU
1859 330 1947 387 ET
1986 329 2256 389 OCCASU
2303 325 2632 408 SlDERUM.

3286 327 3426 388 1554

191 467 312 509 nem
346 447 715 505 lsraelitarum
742 463 806 502 ex
835 446 1088 519 Egypto,
1135 449 1420 519 periodum
1458 449 1600 505 hanc
1640 464 1754 506 cm-
1781 456 1829 514 Λ
1855 449 2105 506 cardines
2131 450 2184 504 in
2202 449 2448 506 eamdem
2464 449 3030 506 dodecatcmoriorum
3055 463 3279 506 suorum
3297 466 3428 520 par-

191 543 336 614 pisse
389 539 602 594 scribit.
640 539 716 592 Ita
752 538 805 592 in
838 538 1050 595 Graeco.
1093 540 1163 594 At
1193 541 1464 612 interpres
1497 539 1759 611 quadrin-

191 638 380 702 gentos
424 631 627 700 posuit.
654 629 758 684 Per
786 629 925 684 idem
976 641 1190 702 tempus
1235 642 1351 688 erat
1391 634 1563 702 prima
1605 635 1760 688 stella

190 723 396 779 Arietis
427 723 483 776 in
521 722 692 792 gradu
727 719 965 778 Piscium
1005 719 1091 787 17,
1142 725 1242 789 Μ’,
1295 735 1348 780 et
1385 725 1762 796 mquinoctiale

189 821 452 887 punctum
491 815 847 871 antecedebat
872 816 1130 884 gradibus
1160 817 1243 880 l2,
1263 818 1365 882 «18',
1395 819 1498 873 hoc
1524 828 1605 874 est
1624 826 1762 873 tem-

192 904 420 977 poribus
464 907 937 962 ascensionalibus
964 909 1294 977 quindecim.
1338 908 1616 966 Sane'isto
1643 911 1762 980 ipso

192 1011 334 1050 anno
365 990 596 1065 primam
623 995 824 1052 Arietis
853 1015 918 1053 ex
949 1001 1204 1055 methodo
1236 1010 1424 1056 nostra
1453 1001 1761 1073 deprehen-

191 1089 371 1144 dimus
402 1088 458 1142 in
495 1087 731 1144 Piscium
759 1092 847 1155 17,
885 1092 967 1146 50'
1001 1113 1014 1148 :
1046 1095 1294 1148 ascensio
1325 1103 1471 1150 recta
1500 1095 1761 1165 graduum

189 1179 326 1243 546;
356 1179 576 1247 obliqua
608 1197 735 1235 vero
761 1181 1016 1252 Memphi,
1064 1193 1158 1237 aut
1182 1183 1466 1255 Heliopoli,
1497 1170 1762 1255 graduum

190 1269 324 1332 545,
369 1269 438 1330 6',
491 1271 564 1324 ita
614 1280 672 1325 ut
725 1273 1034 1342 quindecim
1073 1275 1332 1345 gradibus
1378 1277 1761 1347 aequinoctium

191 1361 494 1416 antecedat.
521 1361 866 1418 Novilunium
900 1378 1086 1420 verum
1117 1367 1170 1421 in
1202 1371 1391 1423 eodem
1418 1377 1595 1424 tractu
1624 1385 1767 1425 com-

197 1451 432 1506 missum
472 1453 702 1508 estJulii
740 1448 1217 1521 rv,liora12,‘46'.
1259 1475 1382 1514 cum
1418 1461 1572 1516 locus
1602 1473 1763 1517 verus

190 1542 326 1598 solis
352 1551 503 1599 esset
537 1546 590 1599 in
642 1545 994 1603 Geminorum
1036 1551 1125 1614 29,
1169 1545 1268 1606 19’.
1308 1552 1486 1618 Quare
1517 1557 1763 1623 sequenti

194 1631 299 1711 die,
339 1633 476 1690 liora
505 1635 693 1705 quinta
729 1640 991 1695 matutina
1040 1641 1094 1694 in
1132 1643 1250 1712 ipso
1288 1643 1482 1699 Cancri
1530 1647 1764 1701 solstitio

189 1721 314 1778 fuit.
341 1723 398 1778 In
448 1727 642 1781 eodem
686 1728 886 1784 Cancri
929 1731 1099 1802 gradu
1145 1734 1320 1804 primo
1357 1737 1676 1792 versabatur
1709 1747 1764 1792 et

1859 547 1968 595 tem
2000 540 2309 604 inciderint,
2343 549 2565 610 quotam
2605 540 2661 594 in
2717 541 2891 611 primo
2939 541 3142 598 Arietis
3181 544 3424 614 aequino-

1860 628 2029 684 ctium
2058 645 2282 685 vernum
2311 637 2625 700 occuparat;

1865 739 1901 764 ι’
1933 721 2045 776 Sub
2072 723 2285 776 initium
2319 738 2441 777 aera:
2464 721 2854 791 Nabonassari,
2886 738 3008 779 cum
3033 722 3236 782 Arietis
3267 726 3425 782 stella

1860 812 1916 866 in
1950 811 2189 866 Piscium
2231 813 2402 883 gradu
2455 814 2561 868 sita
2601 823 2746 868 esset
2780 813 2872 878 25,
2923 815 2979 868 in
3022 813 3425 886 HeliOpnlitano

1861 911 2040 958 tractu
2083 905 2302 974 obliqua
2333 903 2434 958 fuit
2478 905 2729 960 ascensio
2773 903 3036 974 graduum
3068 906 3193 971 550,
3221 923 3286 962 ac
3329 908 3426 964 de.

1863 1010 1980 1050 cem
2007 995 2265 1065 gradibus
2288 995 2615 1065 aequinoctio
2647 1002 2765 1050 erat
2793 996 3053 1052 anterior.
3086 998 3211 1068 Cyri
3236 1014 3424 1069 porro,

1863 1101 1928 1142 ac
1965 1085 2209 1142 Thaletis
2252 1086 2474 1150 saeculo,
2520 1086 2575 1139 in
2609 1086 2799 1142 eodem
2848 1089 2978 1151 situ,
3022 1087 3222 1146 Arietis
3269 1092 3429 1146 stella

1861 1177 1972 1249 jam
2024 1179 2088 1234 ad
2122 1176 2361 1235 Piscium
2401 1175 2470 1235 28
2504 1193 2818 1250 progressa,
2865 1183 3115 1237 ascensio
3145 1183 3246 1237 fuit
3287 1185 3428 1239 obli-

1865 1279 1972 1339 qua
1998 1269 2262 1340 graduum
2305 1269 2428 1334 559.,
2461 1276 2625 1338 atque
2662 1272 2716 1324 in
2747 1277 2939 1326 octavo
2968 1271 3136 1341 gradu
3175 1274 3428 1327 commit-

1864 1361 2081 1416 tebatur
2111 1361 2520 1431 aequinoctium.
2551 1359 2674 1415 Hac
2707 1361 2758 1414 in
2801 1362 2969 1417 certis
2999 1361 3277 1431 signorum
3303 1378 3428 1434 par-

1863 1450 2012 1506 tibus
2041 1451 2448 1507 statuendorutn
2481 1451 2765 1504 cardinum
2796 1451 2938 1505 ratio
2960 1451 3252 1506 identidem
3274 1453 3432 1508 adhi-

1864 1543 1980 1598 beri
2027 1543 2223 1612 potuit,
2259 1543 2562 1597 secundum
2605 1558 2668 1598 ea
2703 1558 2826 1614 qua:
2860 1558 2892 1598 e
2939 1541 3106 1598 Sexto
3155 1541 3428 1614 Empirico

1865 1651 1986 1706 cap.
2018 1633 2035 1687 1
2065 1635 2486 1690 declaravimus.

1937 1724 2043 1782 Sed
2092 1742 2201 1782 non
2253 1728 2435 1781 minus
2473 1732 2527 1782 et
2560 1725 2650 1781 illa
2698 1724 2995 1796 probabilis
3043 1734 3166 1793 est,
3211 1742 3331 1796 quae
3361 1740 3430 1782 ex

190 1815 390 1881 Sirius,
425 1818 520 1887 qui
545 1827 658 1874 tum
701 1830 883 1876 ortum
919 1822 1242 1880 matutinum
1287 1842 1408 1882 cum
1435 1822 1551 1884 sole
1596 1828 1763 1886 facie-

1871 1815 2170 1887 liipparcho
2213 1817 2524 1887 colligitur,
2572 1817 2628 1871 in
2676 1832 2783 1887 qua
2843 1819 3124 1872 stellarum
3179 1818 3318 1873 situs
3371 1818 3431 1873 in

191 1906 285 1961 bat
315 1909 493 1978 prima
526 1911 612 1966 die
635 1909 834 1978 Thotb,
869 1931 991 1986 quae
1017 1919 1071 1972 in
1099 1919 1349 1974 eumdem
1385 1920 1575 1976 incidit
1599 1921 1760 1978 diem.

257 2000 378 2056 Non
404 2004 633 2059 dubium
664 2014 749 2062 est
777 2009 909 2078 quin
948 2010 1286 2068 admirabilis
1309 2012 1397 2068 hic
1430 2030 1608 2070 rerum
1631 2030 1766 2085 qua.

190 2101 314 2146 tuor
348 2094 404 2148 in
443 2096 582 2151 idem
615 2105 830 2168 tempus
863 2108 1190 2165 concursus,
1217 2101 1526 2161 Neomeniae
1561 2106 1762 2171 Thoth,

185 2183 331 2240 lunae
372 2187 570 2256 ipsius,
604 2197 759 2244 ortus
789 2191 922 2246 Sirii
954 2204 1007 2248 et
1030 2195 1272 2260 solstitii,
1304 2197 1445 2267 apud
1478 2196 1764 2269 IEgyptios

183 2277 523 2347 singularem
568 2281 1000 2338 observationem
1047 2288 1328 2354 meruerit,
1385 2293 1446 2343 ut
1486 2288 1601 2343 haec
1638 2304 1764 2358 pro-

185 2365 312 2422 inde
337 2370 575 2440 insignis
600 2374 807 2443 epocha
859 2368 1044 2440 fuerit,
1089 2379 1308 2432 tametsi
1353 2381 1498 2433 nulla
1539 2379 1659 2449 ejus
1707 2381 1762 2434 in

181 2461 562 2526 monumentis
589 2473 830 2518 veterum
862 2468 1122 2520 memoria
1165 2470 1424 2538 supersit.
1471 2471 1645 2541 Atque
1672 2471 1764 2527 ille

181 2547 402 2604 demum
437 2568 618 2609 annus
641 2563 768 2610 ante
794 2555 1088 2626 Troianum
1107 2557 1376 2613 eXcidium
1395 2562 1760 2627 centesimus;

178 2647 305 2707 post
331 2643 719 2712 migrationem
747 2661 811 2701 ex
864 2645 1119 2718 Egypto,
1165 2650 1576 2708 ducentesimus
1616 2653 1765 2709 vice-

178 2728 354 2786 simus
407 2735 681 2804 septimus
740 2744 958 2805 putatur
987 2739 1042 2792 in
1092 2748 1280 2794 nostra
1311 2741 1692 2814 Chronologia,
1731 2761 1763 2801 a

180 2835 292 2888 quo
317 2823 446 2890 jure
482 2825 700 2894 quidem
735 2825 986 2883 Sothiaca
1017 2831 1273 2900 periodus
1295 2833 1538 2887 inchoari
1565 2836 1759 2905 potuit.

259 2909 402 2969 llinc
440 2917 574 2972 illud
618 2913 907 2990 Porphyrii
951 2922 1091 2975 libro
1112 2922 1188 2976 De
1230 2934 1382 2977 antro
1421 2927 1765 2995 nympharum

185 3003 328 3060 idem
394 3006 730 3066 Vendelinus
788 3013 1028 3082 exponit,
1095 3029 1219 3068 cum
1278 3017 1352 3069 ait
1401 3016 1686 3088 Egyptios
1735 3035 1766 3073 a

184 3096 420 3166 Cancro,
450 3103 525 3155 uti
572 3099 848 3158 Romanos
904 3119 933 3157 a
981 3105 1337 3175 Capricorno,
1375 3125 1576 3164 annum
1629 3111 1766 3165 inci-

185 3199 349 3254 pere,
379 3199 544 3260 atque
585 3191 653 3246 ab
708 3200 900 3248 exortu
951 3168 1189 3252 Solliios.
1252 3168 1569 3267 Αξίγυπτίοις
1619 3201 1760 3273 ἀρχὴ
1791 3168 1832 3225 C

189 3275 344 3341 ἔτους
375 3280 474 3351 οὐχ
509 3281 810 3352 Ὑδροχόος,
846 3282 921 3346 ὡς
963 3283 1268 3356 Ῥωμαίοις,
1301 3287 1434 3340 ἀλλὰ
1467 3286 1758 3358 Καρκίνος.

187 3365 335 3440 Πρὸς
363 3371 473 3446 γὰρ
499 3371 578 3442 τῷ
607 3373 864 3444 Καρκίνῳ
896 3375 929 3444 ἡ
964 3375 1154 3441 Σῶθις,
1179 3379 1243 3448 ἣν
1276 3379 1451 3442 Κυνὸς
1488 3380 1690 3451 ἀστέρα
1714 3381 1764 3435 οἱ

189 3460 446 3537 Ἕλληνές
492 3485 644 3537 φασι.
679 3469 962 3540 Νουμηνία
997 3472 1040 3524 δ’
1085 3473 1264 3537 αὐτοῖς
1298 3476 1331 3544 ἡ
1381 3475 1605 3539 Σώθεως
1637 3477 1768 3530 ἀνα-

184 3553 330 3627 τολὴ,
391 3560 660 3628 γενέσεως
714 3561 1061 3632 κατάρχουσα
1104 3563 1202 3633 τῆς
1259 3566 1338 3628 εἰς
1389 3561 1478 3619 τὸν
1537 3566 1761 3637 κόσμον.

196 3644 493 3720 «ιᾹῖιεγριὶἰ
525 3667 727 3705 annum
758 3653 1048 3706 ordiuntur
1079 3670 1186 3709 non
1212 3654 1280 3709 ab
1296 3655 1554 3725 Aquario,
1573 3667 1631 3711 ut
1655 3655 1768 3712 Ro-

186 3740 330 3792 mani
355 3759 368 3807 ;
393 3743 489 3798 sed
516 3758 546 3796 a
563 3744 792 3798 Cancro.
807 3743 943 3799 lluic
958 3747 1099 3800 enim
1120 3746 1272 3800 aﬂixa
1290 3746 1582 3815 Sothisest,
1603 3764 1765 3820 quam

187 3824 350 3886 Canis
386 3835 605 3890 stellam
631 3836 803 3892 Graeci
833 3839 1141 3894 nominant.
1161 3838 1452 3896 Estautcm
1477 3841 1612 3910 ipsis
1629 3841 1768 3896 Neo-

188 3923 364 3978 menia
398 3923 636 3984 Sotheos
679 3937 928 3994 exortus,
963 3947 1084 4000 quae
1125 3932 1331 3987 mundo
1372 3923 1766 4004 procreationis

189 4007 400 4071 initium
422 4018 596 4074 dedit.
634 4040 652 4071 ›
690 4019 790 4075 Hic
819 4022 886 4076 de
916 4022 1076 4076 initio
1105 4021 1303 4078 Cancri
1339 4024 1491 4095 loqui
1521 4025 1762 4081 videtur.

189 4097 366 4164 Quare
399 4116 616 4177 tempus
635 4109 764 4164 illud
787 4112 1129 4180 potissimum
1168 4114 1436 4185 intelligit,
1462 4131 1572 4184 quo
1596 4122 1756 4170 ortus

190 4199 462 4256 cosmicus
497 4200 623 4255 Sirii
655 4201 708 4255 in
732 4203 929 4257 Cancri
968 4203 1298 4273 principium
1332 4205 1586 4260 incurrit.
1631 4205 1772 4271 Quo-

191 4285 332 4342 circa
363 4331 377 4355 ,
415 4294 484 4357 si,
529 4302 588 4347 ut
632 4293 828 4350 Sextus
873 4294 1182 4364 Empiricus
1221 4303 1276 4350 et
1328 4295 1637 4352 Macrobius
1671 4297 1770 4352 do-

194 4387 339 4444 cent,
373 4383 814 4440 dodecatemoria
830 4386 1062 4455 primum
1094 4402 1159 4442 ex
1192 4387 1571 4444 observatione
1599 4389 1770 4444 stellaa

1862 1909 2228 1979 aequinoctiali
2258 1910 2343 1965 vel
2366 1910 2750 1980 aequidistante
2765 1911 2974 1966 circulo
2991 1911 3312 1982 designatur
3334 1927 3432 1982 per

1863 2003 2083 2057 coluros
2111 2016 2140 2054 a
2160 2001 2350 2055 mundi
2380 2003 2506 2072 polo
2538 2017 2634 2072 per
2673 2010 2925 2058 centrum
2973 2003 3143 2059 stellae
3172 2003 3430 2072 traiectos

1864 2093 1930 2146 ad
1980 2093 2440 2162 aequinoctialem.
2495 2093 2647 2147 Hanc
2693 2095 2739 2149 si
2795 2094 3097 2164 sequimur,
3151 2093 3430 2164 aliquanto

1863 2183 2028 2240 etiam
2059 2183 2400 2240 commodius
2425 2185 2650 2252 incidet,
2677 2194 2894 2240 utanno
2922 2187 3039 2251 illo,
3075 2200 3235 2256 quem
3265 2200 3432 2256 supra

1864 2275 2210 2330 deﬁnivimus
2272 2283 2351 2331 tot
2404 2292 2588 2332 rerum
2643 2293 2918 2333 concursu
2983 2278 3428 2342 memorabilem,

1862 2369 2245 2440 aequinoctium
2286 2369 2340 2423 in
2383 2380 2536 2439 parte
2571 2369 2638 2424 15
2669 2370 2968 2440 contingat.
3003 2368 3137 2425 Nam
3182 2370 3430 2424 ascensio

1862 2469 2012 2516 recta
2034 2463 2266 2532 partium
2292 2461 2563 2514 invenitur
2596 2461 2719 2526 546,
2744 2476 2886 2515 anno
2908 2460 3112 2530 periodi
3132 2458 3240 2516 Jul.
3264 2461 3428 2526 3l50,

1862 2553 1937 2608 ita
1967 2562 2028 2607 ut
2060 2553 2439 2623 mquinoctium
2469 2555 2690 2624 praecise
2727 2554 2778 2608 in
2811 2555 3039 2625 gradum
3067 2555 3134 2609 i5
3162 2555 3428 2611 incurrat.

1863 2644 2024 2698 Anno
2066 2659 2195 2698 vero
2232 2641 2603 2699 Nabonassari
2649 2645 2826 2714 primo
2869 2641 3077 2713 periodi
3122 2640 3231 2698 Jul.
3264 2643 3427 2708 3967,

1865 2737 2118 2792 ascensio
2167 2743 2316 2790 recta
2367 2736 2602 2804 partium
2655 2742 2772 2789 erat
2814 2734 2937 2801 552,
2981 2733 3098 2801 ΞΔἿ;
3129 2742 3432 2805 octavoque

1865 2827 1994 2882 inde
2025 2827 2192 2897 gradu
2223 2827 2604 2897 aequinoctium
2635 2827 2814 2882 ﬁebat.

1935 2919 2062 2975 Haec
2093 2920 2361 2990 posterior
2387 2919 2674 2975 methodus
2703 2921 2874 2984 priori
2898 2937 3005 2977 non
3032 2929 3102 2978 eo
3128 2921 3303 2979 solum
3330 2934 3434 2976 no-

1865 3012 2013 3067 mine
2042 3011 2381 3081 przel'erenda
2409 3013 2578 3077 venit,
2614 3013 2760 3083 quod
2783 3015 3028 3069 eamdem
3052 3030 3176 3069 cum
3210 3014 3302 3069 illa
3331 3029 3433 3086 op-

1867 3106 2257 3174 portunitatem
2286 3103 2538 3167 atterens,
2583 3103 2688 3160 hoc
2726 3105 2888 3161 habet
2925 3107 3167 3177 insuper,
3204 3117 3263 3160 ut
3299 3104 3435 3177 Hip-

1867 3195 2054 3265 parchi
2087 3203 2460 3265 veterumque,
2512 3207 2579 3248 eo
2625 3205 2797 3261 teste,
2843 3197 3039 3251 rationi
3092 3197 3266 3267 magis
3304 3211 3434 3251 con-

1865 3295 2124 3344 sentanea
2152 3289 2246 3351 sit,
2277 3289 2370 3344 sed
2396 3289 2556 3344 etiam
2590 3289 2736 3360 quod
2766 3288 2896 3344 illud
2928 3287 3166 3350 exhibet,
3200 3297 3259 3342 ut
3283 3287 3431 3342 circa

1863 3377 2232 3435 Nabonassari
2286 3383 2547 3451 epocham
2603 3383 2659 3436 in
2705 3390 2950 3436 octavam
3006 3379 3431 3436 dodecatemorii

1865 3482 2072 3541 partem
2097 3473 2484 3543 aequinoctium
2512 3481 2801 3544 competat.
2832 3469 2960 3528 Haec
2985 3473 3128 3528 enim
3162 3487 3230 3526 ex
3255 3471 3434 3525 omni-

1867 3559 1971 3616 bus
1998 3562 2198 3616 usitata
2238 3563 2473 3617 maxime
2502 3578 2567 3617 ac
2594 3563 2810 3633 longius
2852 3562 2918 3616 ad
2949 3568 3198 3632 posteros
3233 3573 3432 3630 propa-

1868 3662 1990 3724 gata
2017 3653 2232 3708 videtur
2256 3653 2462 3723 Opinio,
2492 3669 2613 3724 quae
2641 3653 2891 3709 cardines
2911 3652 3120 3707 octavis
3149 3651 3432 3722 signorum

1867 3743 2116 3814 partibus
2147 3744 2389 3816 illigabat
2423 3746 2603 3815 :quod
2639 3745 2773 3800 adeo
2800 3744 2900 3799 sub
2946 3741 3230 3798 exordium
3273 3740 3435 3806 nobi-

1865 3836 2090 3892 lissima:
2111 3837 2257 3893 illius
2281 3852 2402 3892 terte
2429 3838 2782 3892 constitutum
2813 3853 2842 3891 a
2873 3835 3138 3892 Chaldteis
3169 3835 3226 3890 in
3257 3832 3436 3905 Baby;

1867 3928 2013 3983 lonia
2047 3922 2218 3985 fuisse
2252 3929 2377 4001 jure
2410 3930 2679 4002 suspicari
2723 3931 2868 3995 licet,
2913 3929 3148 4000 indeque
3177 3927 3245 3983 ad
3275 3933 3436 3983 caste-

1867 4035 1962 4076 I'OS
1995 4035 2269 4077 manasse.

1938 4111 2256 4166 Ammianus
2301 4109 2647 4168 Marcellinus
2692 4111 2830 4166 libro
2855 4108 3042 4178 XXVI,
3084 4109 3178 4166 ubi
3209 4109 3276 4164 de
3307 4107 3438 4164 bis-

1869 4209 2026 4254 sexto
2051 4201 2182 4269 agit,
2207 4199 2448 4258 indicare
2469 4203 2685 4258 videtur
2713 4203 2770 4258 in
2797 4203 3000 4258 Arietis
3021 4200 3262 4259 secunda
3282 4206 3438 4271 parte

1869 4290 2145 4345 cardinem
2182 4299 2436 4347 constare
2463 4309 2530 4349 ex
2565 4301 3008 4348 astronomorum
3041 4299 3284 4347 veterum
3309 4305 3438 4346 sen-

1871 4381 2072 4446 tentia;
2105 4396 2229 4435 nam
2271 4381 2560 4450 Metonem,
2599 4383 3002 4448 Euctemoncm,
3040 4380 3434 4454 Hipparchum,

192 4470 520 4544 cuiuspiam,
552 4485 605 4533 et
630 4478 1052 4534 succedentibus
1077 4479 1463 4535 ascensionum
1502 4480 1762 4551 gradibus
1793 4502 1840 4561 ι)
1868 4480 1923 4528 et
1975 4472 2352 4528 Archimedem
2409 4482 2697 4539 recenset,
2759 4481 2812 4530 et
2865 4489 3067 4530 annum
3135 4480 3438 4561 vertentem

191 4564 439 4629 aequabili
473 4567 765 4636 partitione
789 4569 1089 4624 constituta
1105 4575 1252 4632 sunt,
1280 4570 1358 4623 uti
1389 4572 1568 4641 capite
1586 4571 1764 4642 primo

1871 4562 2134 4632 explicat,
2184 4582 2202 4615 ‹
2231 4571 2290 4617 ut
2335 4565 2501 4620 verbo
2535 4573 2727 4632 tenus,
2783 4565 2830 4620 si
2895 4579 2926 4618 a
2964 4562 3204 4620 secunda
3258 4560 3439 4616 elatus

193 4653 566 4721 meminimus,
607 4658 784 4727 potuit
828 4674 926 4728 per
965 4658 1098 4714 illud
1138 4667 1352 4730 tempus
1388 4661 1454 4716 ab
1492 4659 1764 4733 Egyptiis

193 4739 365 4805 prima
389 4745 482 4802 illa
531 4749 710 4802 notari
749 4750 904 4805 stella
943 4749 1176 4815 'Arietis,
1221 4752 1289 4806 ab
1316 4767 1488 4823 eaque
1520 4767 1768 4824 segmen-

193 4835 370 4890 lorum
425 4840 625 4895 divisio
695 4842 1017 4911 procedere;
1097 4858 1159 4897 ac
1226 4850 1340 4899 tum
1413 4845 1470 4899 in
1528 4843 1767 4899 medium

196 4924 355 4987 primi
389 4929 814 4986 dodecatcmorii
863 4947 1089 4986 vernum
1131 4935 1518 5004 aequinoctium
1562 4934 1769 4990 incide-

197 5023 314 5075 ret:
348 5027 515 5094 quod,
549 5027 717 5084 semel
742 5027 812 5083 ab
853 5028 963 5084 illis
989 5029 1291 5098 decretum,
1324 5031 1392 5086 ad
1429 5033 1636 5104 aliquot
1667 5047 1771 5089 saa-

196 5110 318 5194 fiula
378 5128 732 5191 propagatum
783 5120 971 5186 fuerit,
1007 5121 1181 5178 donec
1222 5121 1566 5194 μετάπτωσις
1603 5126 1771 5181 stella:

201 5191 359 5257 istius
388 5207 444 5262 in
493 5212 889 5282 consequentia
932 5212 1172 5288 discerni
1217 5215 1472 5271 sensibus
1523 5224 1708 5284 posset
1750 5236 1765 5272 :

200 5297 263 5340 ac
285 5290 601 5364 singillatim
622 5302 934 5368 duodecim,
964 5311 1110 5370 octo,
1145 5320 1260 5370 sex,
1289 5313 1594 5377 quatuorve
1625 5314 1770 5363 tem-

201 5382 422 5445 poribus
439 5390 782 5462 ἀναφορικοῖς
793 5396 1182 5464 aequinoctium
1208 5404 1595 5454 anteverteret.
1617 5398 1772 5455 Unde

201 5473 435 5534 varietas
461 5480 550 5534 illa
579 5485 975 5540 sententiarum
1008 5503 1174 5556 super
1211 5488 1500 5544 cardinum
1528 5506 1773 5546 momen-

205 5559 272 5650 tis
325 5580 502 5624 ortum
553 5573 807 5629 habuerit
839 5579 1077 5633 :etenim
1125 5581 1289 5650 primi
1341 5580 1771 5639 dodecatcmorii

205 5648 354 5744 initio
385 5664 701 5730 constituto,
743 5676 940 5724 caetera
988 5648 1250 5743 deinceps
1297 5673 1556 5743 aquabili
1595 5675 1769 5744 parti-

206 5740 347 5803 tione
373 5751 630 5810 distincta
654 5765 781 5812 sunt
806 5776 822 5822 ;
857 5774 921 5813 ex
958 5776 1067 5830 quo
1097 5740 1304 5818 factum
1347 5740 1451 5832 est,
1481 5740 1676 5834 reliqui
1708 5773 1771 5818 ut

476 5850 742 5912 PATROL.
773 5852 892 5914 Gn.
918 5853 1087 5917 XIX.

1867 4653 2068 4711 Arietis
2111 4655 2179 4709 ad
2221 4669 2340 4712 eam
2393 4656 2734 4714 dimensione
2787 4657 3010 4713 redierit
3057 4654 3372 4719 terminata,
3410 4669 3434 4704 ι

1867 4763 2028 4819 quem
2072 4749 2352 4805 cardinem
2386 4752 2633 4821 proxime
2679 4758 2806 4807 ante
2858 4749 3186 4806 nominarat.
3230 4743 3440 4802 Circuli

1870 4840 2011 4912 apud
2045 4842 2303 4913 antiquos
2335 4844 2390 4898 in
2412 4851 2598 4914 partes
2633 4843 2915 4914 sexaginta
2944 4837 3354 4900 dividebantur,
3377 4843 3442 4890 ut

1871 4947 2036 5003 supra
2069 4936 2389 4992 memoravi.
2416 4935 2558 5007 Ergo
2591 4935 2826 5006 singulis
2855 4930 3312 4989 dodecatcmoriis
3335 4928 3441 4982 im—

1871 5034 2073 5094 putata:
2105 5036 2234 5082 sunt
2265 5027 2542 5098 quinque,
2593 5039 2826 5098 quarum
2867 5036 3207 5094 unaquaque
3239 5019 3441 5092 gradus

1871 5116 2168 5174 hodiernos
2214 5119 2448 5176 habebat
2486 5136 2602 5176 sex.
2646 5115 2831 5190 Itaque
2883 5125 3113 5174 octavus
3159 5115 3440 5185 signorum

1871 5209 2072 5279 gradus
2117 5210 2186 5266 ad
2237 5213 2534 5268 secundam
2583 5213 2911 5284 pertinebat.
2948 5209 3062 5264 Hoc
3099 5216 3284 5262 utrum
3334 5203 3444 5260 sibi

1870 5302 2105 5357 voluerit
2139 5305 2482 5368 Ammianus,
2514 5305 2861 5376 cogitandum
2896 5302 3131 5372 amplius
3159 5307 3262 5356 est.

1941 5398 2112 5455 Porro
2140 5395 2368 5452 Metonis
2397 5403 2450 5453 et
2477 5395 2683 5452 Eudoxi
2709 5409 2972 5466 tempore,
3009 5408 3132 5447 cum
3151 5390 3264 5459 jam
3287 5385 3444 5442 stella

1873 5490 2047 5562 prima
2079 5487 2281 5543 Arietis
2308 5485 2547 5542 Piscium
2581 5485 2846 5557 graduum
2875 5483 2967 5549 29,
2997 5495 3172 5551 eoque
3203 5476 3440 5548 amplius

1874 5580 2163 5651 attigisset,
2194 5581 2297 5634 hoc
2339 5587 2422 5634 est
2461 5576 2797 5632 tricesimum
2833 5575 2964 5638 fere,
3000 5570 3252 5628 ascensio
3287 5571 3438 5621 recta

1874 5673 2138 5742 graduum
2185 5679 2306 5727 erat
2344 5671 2450 5728 557
2483 5670 2747 5728 fere-.sic
2798 5675 2860 5722 ut
2909 5667 2964 5720 in
3013 5671 3270 5734 quartum
3317 5655 3448 5712 inde

1873 5765 2100 5837 gradum
2129 5765 2514 5836 aequinoctium
2539 5763 2778 5820 caderet.
2807 5757 3072 5816 Ascensio
3095 5760 3276 5909 augem
3306 5747 3449 5807 obli-

2315 5893 2320 5899 .
2458 5876 2463 5881 -
2565 5885 2580 5896 ,
2951 5902 2959 5904 Ἰ
3128 5851 3158 5909 ι.

2458 5876 2580 5896 -«
2951 5902 2959 5904 ν.
3128 5851 3158 5911 lt
