3948 6264
251 424 380 481 1561

1049 433 1507 496 DlSSEHTATlO
1549 441 1638 498 DE
1683 443 1870 500 ORTU
1911 444 1998 500 ET
2037 445 2304 503 OCCASU
2347 447 2670 508 SIDERUM.

3347 453 3482 512 1569.

251 551 395 601 Stare
416 550 610 608 totum,
632 560 734 601 nec
759 547 929 617 ipsius
953 549 1117 604 ullam
1147 561 1355 621 partem
1384 555 1484 610 sub
1516 563 1661 611 terra
1691 572 1814 614 esse
1843 567 1890 623 Α
1918 560 1984 614 lll
2019 561 2162 633 (pag.
2194 564 2263 618 62
2305 563 2396 620 Gr.
2433 566 2606 637 edin),
2641 565 2833 622 scribit
2863 568 3264 624 observationes
3302 569 3485 635 solsti-

249 636 542 692 conditam.
573 639 735 710 Atqui
764 641 819 695 id
850 641 1046 698 falsum
1079 652 1182 700 est.
1216 645 1472 705 Eudoxus
1503 661 1649 706 certe
1677 653 1820 720 apud

251 723 616 795 Hipparchum
657 730 750 783 lib.
805 730 820 783 Ι
864 733 1007 804 (pag.
1053 734 1107 801 6)
1154 738 1435 792 asserebat
1477 741 1666 810 tropici
1713 744 1822 795 cir-

248 817 358 871 culi
399 818 454 871 in
486 816 694 874 Graecia
749 832 956 892 partem
1008 827 1178 891 illam,
1232 845 1353 898 quae
1404 847 1567 901 supra
1618 841 1819 888 terram

250 909 494 978 emergit,
518 910 736 967 ad.eam
765 930 885 984 qum
914 916 1055 972 infra
1087 926 1282 974 terram
1315 922 1468 986 latet,
1502 939 1622 978 eam
1652 927 1823 980 ratio-

254 1014 374 1052 nem
420 999 638 1064 habere,
686 1021 807 1074 quae
851 1016 938 1062 est
975 1009 1264 1066 duodecim
1312 1013 1380 1067 ad
1433 1022 1659 1085 septem.
1712 1017 1823 1075 Hoc

257 1107 362 1144 non
407 1095 582 1162 potuit
625 1094 881 1160 Eudoxus
932 1104 1112 1156 animo
1159 1105 1464 1174 concipere,
1513 1108 1616 1162 nisi
1659 1110 1822 1165 talem

256 1183 357 1238 sibi
396 1185 618 1255 sphaerae
641 1189 888 1258 positum.
930 1194 1176 1263 lingeret,
1224 1203 1285 1250 ut
1330 1214 1439 1267 quo
1486 1203 1709 1270 propius
1754 1203 1822 1257 ad

252 1276 681 1346 aequinoctialem
733 1282 1030 1346 acceditur,
1081 1301 1145 1339 eo
1197 1289 1370 1358 major
1411 1292 1603 1360 tropici
1649 1294 1822 1349 testivi

253 1381 378 1437 pars
419 1369 523 1424 sub
553 1378 752 1426 terram
784 1374 1168 1444 descenderet;
1219 1381 1398 1435 minor
1431 1391 1610 1438 autem
1645 1401 1824 1440 emer-

252 1469 418 1529 geret,
449 1462 623 1517 donec
655 1479 719 1519 eo
749 1473 965 1520 ventum
999 1479 1162 1535 esset,
1196 1471 1283 1524 ubi
1315 1489 1379 1528 ex
1409 1489 1564 1544 aequo
1587 1475 1824 1532 circulus

253 1553 342 1608 ille
394 1554 464 1609 ab
507 1555 788 1612 horizonte
839 1559 1118 1616 dividitur.
1154 1563 1462 1619 Absurdum
1506 1574 1590 1622 est
1642 1567 1826 1639 itaque

252 1645 580 1712 persuadere
611 1647 734 1713 sibi,
765 1650 848 1703 vel
886 1649 1186 1718 Eudoxum,
1223 1656 1330 1719 vel,
1351 1656 1576 1725 aequalis
1599 1659 1690 1728 qui
1727 1659 1827 1714 fuit

251 1735 392 1805 ejus,
435 1737 723 1804 Melonem,
769 1750 862 1796 aut
901 1744 1065 1798 alium
1097 1747 1409 1814 quemlibet»,
1446 1749 1538 1819 qui
1573 1757 1828 1806 astrono-

254 1829 329 1881 mi
365 1844 564 1886 nomen
594 1839 870 1904 utcunque
903 1843 1165 1905 tueretur,
1194 1839 1328 1894 adeo
1372 1841 1601 1898 stolidos
1630 1841 1822 1908 fuisse,

253 1927 316 1974 ut
350 1929 674 1993 perpetuum
719 1925 772 1979 in
814 1925 1034 1999 Aigypti
1081 1930 1252 1986 limite
1296 1932 1438 1991 diem
1482 1949 1605 1990 esse
1642 1905 1829 1990 crede.
1860 1905 1902 1963 Β

251 2023 404 2077 rent:
445 2031 572 2070 nam
617 2017 814 2088 Syene,
860 2036 980 2090 qua:
1015 2023 1117 2077 sub
1156 2025 1366 2097 tropico
1400 2026 1503 2082 sita
1529 2035 1632 2090 est,
1674 2028 1726 2081 in
1764 2043 1830 2082 eo

251 2113 432 2160 tractu
479 2108 716 2178 ponitur.
763 2109 948 2182 Neque
997 2131 1125 2169 vero
1173 2119 1562 2187 comprehendi
1615 2121 1830 2175 ratione

250 2199 360 2253 ulla
386 2208 584 2271 potest,
623 2204 816 2267 solem,
857 2221 981 2260 cum
1028 2209 1092 2262 ad
1123 2195 1395 2281 tropicum
1432 2214 1699 2282 pervenit,
1736 2230 1830 2285 pe-

249 2302 482 2352 rennem
531 2293 649 2346 sine
691 2303 851 2350 nocte
891 2296 1070 2353 facere
1114 2289 1314 2365 lucem,
1351 2303 1458 2357 nisi
1499 2305 1829 2359 immobilem

250 2379 326 2434 ibi
379 2385 684 2441 consistere
711 2399 964 2456 putemus
995 2407 1008 2444 :
1041 2391 1186 2460 quod
1217 2395 1703 2451 astronomosillos
1735 2413 1831 2451 su-

248 2469 491 2540 spicatos
514 2489 635 2530 esse
655 2475 870 2532 defendi
896 2495 1002 2533 non
1022 2489 1216 2549 potest,
1264 2486 1394 2551 quin
1433 2485 1649 2540 eosdem
1702 2487 1833 2542 veli-

249 2578 372 2618 mus
391 2577 445 2619 et
471 2566 526 2621 in
572 2566 803 2635 Graecia,
833 2579 886 2628 et
907 2572 1002 2637 ibi,
1047 2574 1137 2627 ubi
1182 2586 1357 2640 erant,
1387 2578 1680 2634 arbitratus
1710 2596 1834 2637 esse

254 2655 405 2711 nulla
466 2658 826 2731 interruptum
881 2677 1039 2720 noete
1097 2674 1212 2720 tum
1263 2683 1386 2724 esse
1430 2671 1595 2725 diem.
1632 2671 1833 2738 Quam-

257 2745 466 2813 obrem,
509 2758 567 2803 ut
594 2750 662 2805 de
693 2755 904 2809 caeteris
935 2757 1096 2810 modo
1129 2765 1361 2824 taceam,
1397 2770 1540 2816 certe
1574 2763 1641 2818 de
1677 2764 1834 2820 Cleo-

254 2845 452 2903 strato,
487 2840 714 2910 Metone,
761 2844 1114 2914 Euctemone,
1145 2849 1392 2916 Eudoxo,
1470 2855 1712 2926 adeoque
1740 2873 1834 2912 ve-

253 2929 580 2987 tustioribus
634 2935 798 2990 etiam
850 2939 1268 3004 mathematicis,
1329 2959 1561 3012 quorum
1612 2949 1831 3018 quidem

256 3023 462 3078 mentio
507 3033 704 3092 exstet,
755 3044 916 3084 nemo
971 3033 1078 3086 tale
1127 3033 1445 3103 quidquam,
1483 3037 1589 3094 nisi
1641 3041 1834 3104 absur-

257 3113 504 3180 dissime,
535 3120 776 3188 cogitare
806 3130 1004 3200 potest.

1921 656 1984 710 tii
2017 671 2046 709 a
2080 655 2294 713 Metone
2346 666 2400 713 et
2447 657 2776 714 Euctemone
2824 659 2996 715 factas
3029 660 3097 714 ad
3133 676 3314 716 verum
3351 661 3483 716 solis

1921 748 2312 820 designandum
2347 751 2639 806 circuitum
2667 750 2912 806 utiliores
2950 751 3303 824 Hipparcbeis
3347 753 3506 819 fore,_

1921 839 2026 905 nisi
2071 839 2537 913 ὁλοσχερέστερον,
2589 841 2643 896 id
2691 852 2774 898 est
2816 842 3036 897 rudiore
3067 842 3305 899 Minerva
3352 842 3505 898 deii-..

1921 942 2094 988 neatae
2129 933 2326 1000 forent,
2394 949 2458 988 ac
2489 935 2594 988 nisi
2627 942 2885 1004 prmterea
2917 934 3271 990 solstitiorum
3300 949 3484 990 moro-

1924 1024 2038 1079 sior
2077 1035 2220 1080 esset
2261 1041 2323 1080 ac
2367 1026 2634 1081 difficilior
2670 1027 3085 1082 animadversio.
3144 1025 3274 1092 Quae
3307 1025 3486 1080 Ptole-

1922 1116 2043 1170 maei
2076 1117 2238 1171 verba
2264 1118 2616 1172 vanissimam
2649 1118 2794 1171 illam
2827 1116 3083 1188 Scaligeri
3115 1117 3487 1186 conjecturam

1923 1223 2046 1263 esse
2083 1208 2364 1264 evidenter
2395 1219 2651 1280 arguunt.

1993 1299 2137 1355 Pene
2163 1302 2453 1356 omiseram
2485 1301 2627 1372 quod
2657 1301 2725 1357 ad
2762 1317 2874 1357 rem
2905 1317 3231 1373 magnopere
3260 1307 3511 1372 spectat,

1923 1407 1989 1448 ex
2032 1392 2242 1457 eodem,
2279 1395 2438 1463 cujus
2478 1397 2727 1464 proxime
2780 1394 3150 1460 meminimus,
3180 1393 3492 1464 Hipparcho

1926 1483 2044 1552 (lib.
2078 1484 2119 1548 I,
2155 1499 2276 1554 pag.
2321 1485 2430 1550 18).
2466 1485 2564 1541 Hic
2597 1487 2740 1542 enim
2778 1494 2967 1540 contra
3001 1484 3237 1545 Attalum
3268 1484 3494 1538 demon-a

1926 1582 2065 1629 strat
2107 1575 2540 1645 mquinoctialem
2584 1577 2872 1640 circulum,
2916 1591 2979 1629 ac
3023 1575 3262 1644 tropicos
3313 1573 3502 1626 latitu-..

1927 1665 2053 1720 dine
2081 1681 2268 1722 carere
2291 1683 2357 1722 ex
2386 1668 2640 1737 opinione
2671 1669 3009 1738 priscorum;
3050 1679 3226 1734 neque
3268 1664 3322 1718 in
3373 1662 3495 1716 aliis

1928 1766 2088 1828 atque
2121 1760 2242 1814 aliis
2280 1761 2552 1830 parallelis
2584 1761 2903 1831 aequinoctia
2946 1759 3031 1812 vel
3083 1756 3315 1813 solstitia
3349 1769 3496 1808 com-

1929 1850 2068 1904 mitti
2103 1869 2115 1902 :
2153 1852 2297 1921 quod
2331 1852 2457 1906 inde
2494 1853 2710 1921 probat,
2743 1851 2870 1922 quia
2900 1851 3094 1904 crebro
3125 1854 3381 1903 asserunt
3418 1845 3495 1922 illi

1930 1942 2216 1997 zodiacum
2267 1943 2602 2012 ἐφάπτεσθαι
2645 1942 2754 1996 τῶν
2806 1941 3080 2014 τροπικῶν
3129 1940 3246 1994 καθ’
3294 1939 3352 1992 ἓν
3402 1954 3498 2008 ση-

1933 2037 2104 2104 μεῖον,
2157 2053 2176 2086 ι
2227 2034 2282 2089 in
2327 2050 2434 2090 uno
2472 2043 2673 2105 puncto
2711 2033 2950 2088 circulos
2998 2032 3239 2102 tropicos
3284 2029 3498 2085 contin—

1931 2142 2077 2195 gere.
2135 2145 2154 2178 ι
2200 2125 2282 2181 Ad
2327 2126 2445 2181 hac
2488 2127 2534 2180 si
2589 2125 2930 2180 latitudinem
2975 2125 3236 2179 haberent
3282 2122 3495 2186 circuli,

1931 2218 2338 2289 aequinoctium,
2390 2219 2624 2288 exempli
2666 2232 2852 2281 causa,
2886 2217 3134 2288 pluribus
3165 2214 3356 2270 diebus
3401 2212 3497 2267 lie-

1933 2320 2011 2365 ret
2042 2325 2056 2363 :
2089 2310 2233 2380 quod
2267 2317 2462 2364 sensus
2503 2310 2619 2379 ipse
2654 2308 2952 2379 redarguit.
3002 2307 3134 2362 Nam
3174 2306 3500 2377 aequinoctia

1932 2403 2178 2467 facilius,
2225 2418 2388 2474 quam
2452 2403 2683 2458 solstitia
2740 2402 3130 2457 discernuntur
3182 2399 3373 2454 oculis.
3431 2397 3501 2450 At

1931 2511 2062 2553 vero
2113 2495 2301 2551 eadem
2357 2496 2506 2549 ratio.
2547 2504 2601 2549 et
2645 2495 2713 2549 de
2759 2493 3012 2549 solstitiis
3044 2492 3232 2556 vincit,
3265 2504 3374 2544 uno
3409 2489 3503 2543 illa

1932 2587 2311 2651 tantummodo
2342 2586 2428 2641 die
2459 2586 2703 2658 ἀκριϐῶς
2751 2601 2814 2639 ac
2845 2585 3002 2654 φύσει
3031 2583 3236 2654 peragi,
3270 2581 3516 2654 quodin

1934 2695 2043 2734 uno
2072 2680 2248 2735 solum
2276 2687 2478 2748 puncto
2504 2686 2789 2733 contactus
2818 2677 2912 2731 fiat
2941 2676 3292 2730 circulorum.

2007 2770 2159 2827 Unus
2189 2770 2256 2825 ad
2281 2770 2634 2832 divinationis
2662 2771 2820 2826 istius
2850 2768 3010 2824 ﬁdem
3033 2770 3235 2824 citatur
3259 2781 3290 2821 a
3329 2765 3505 2822 Scali-

1933 2877 2060 2940 gero
2090 2864 2248 2919 testis
2278 2863 2539 2919 Geminus
2569 2883 2583 2918 :
2619 2865 2710 2932 qui
2742 2878 2862 2933 cap.
2897 2863 2914 2917 l
2947 2861 3309 2933 quorumdam
3351 2867 3502 2940 veteo

1935 2969 2055 3005 rum
2097 2954 2404 3023 opinionem
2449 2953 2670 3016 refellit,
2718 2955 2808 3024 qui
2837 2953 3105 3008 Cancrum
3135 2961 3189 3006 et
3211 2951 3503 3022 Capricor-

1935 3057 2064 3096 num
2110 3043 2334 3110 minime
2370 3045 2632 3114 putabant
2675 3058 2798 3098 cum
2840 3043 2950 3098 ullo
2989 3043 3144 3114 signo
3185 3041 3502 3115 conjugari,

1936 3132 2039 3186 hoc
2071 3141 2154 3188 est
2179 3133 2387 3193 nullum
2421 3149 2563 3193 esse.
2591 3135 2736 3206 quod
2769 3135 2958 3190 eodem
2996 3135 3116 3190 loco
3141 3149 3266 3188 cum
3295 3133 3506 3189 utrovis

325 3206 570 3262 Alterum
602 3215 896 3268 commenti
923 3225 1086 3286 caput
1118 3219 1320 3284 minus,
1350 3237 1515 3292 quam
1549 3224 1704 3287 illud,
1750 3225 1832 3279 in-
1860 3245 1900 3302 ο
1934 3225 2142 3277 oriatur
2171 3234 2224 3279 et
2255 3224 2488 3280 occidat.
2523 3224 2634 3279 Hoc
2677 3224 2881 3280 refutat
2924 3223 3205 3288 Geminus,
3246 3224 3373 3295 quia
3421 3238 3508 3279 sea

258 3305 464 3367 cptum,
489 3301 728 3358 validius
759 3314 936 3361 tamen
971 3307 1255 3364 refellitur.
1286 3312 1418 3366 Nam
1458 3315 1503 3368 si
1538 3315 1699 3381 Meto,
1733 3316 1835 3372 Eu-

258 3387 451 3458 d‘oxus,
484 3391 761 3463 Calippus,
790 3403 843 3450 et
865 3397 955 3450 alii
985 3406 1111 3452 ante
1136 3399 1506 3470 Hipparchum
1520 3404 1631 3459 fere
1649 3406 1834 3460 solsti-

258 3482 332 3534 tia
367 3483 421 3537 in
454 3484 683 3555 integris
711 3485 1187 3555 dodecatemoriis,
1215 3508 1322 3547 non
1355 3495 1407 3548 in
1443 3505 1590 3556 certa
1619 3497 1834 3550 illorum

259 3574 525 3638 particula
581 3575 697 3630 fieri
746 3577 1112 3647 censuissent,
1164 3597 1294 3648 non,
1324 3585 1538 3653 opinor,
1583 3586 1673 3638 illa
1718 3587 1834 3655 ipsa

259 3663 494 3719 solstitia
545 3666 712 3720 certis
755 3667 966 3722 dierum
1012 3673 1304 3728 momentis
1353 3688 1381 3725 a
1435 3689 1493 3728 se
1545 3675 1835 3731 observata

258 3756 574 3824 proderent,
617 3766 678 3810 ut
723 3759 882 3822 Meto,
918 3760 1009 3830 qui
1052 3762 1346 3816 solstitium
1379 3763 1472 3817 illo
1500 3765 1588 3818 die
1630 3766 1832 3820 factum

259 3847 666 3913 animadvertit,
701 3850 791 3918 qui
825 3849 970 3905 Junii
1005 3853 1179 3906 nostri
1214 3852 1322 3908 diei
1362 3870 1508 3908 xxvu
1542 3858 1836 3926 responde-

259 3937 351 3992 bat
400 3958 413 3994 :
467 3948 528 3995 ut
584 3939 866 4011 Calippus,
916 3943 1224 4012 cazterique,
1265 3960 1499 4015 quorum
1566 3947 1621 4000 in
1671 3963 1833 4017 para-

259 4033 603 4102 pegmatibus
655 4033 872 4090 decreta
961 4037 1326 4102 notabantur;
1383 4039 1836 4108 quemadmodum

262 4107 402 4188 apud
436 4121 750 4187 Geminum,
780 4133 834 4177 et
874 4125 925 4176 in
962 4123 1235 4180 Ptolemaei
1274 4107 1414 4182 libro
1443 4129 1510 4184 de
1545 4129 1839 4186 inerranti-

263 4209 362 4268 bus
386 4213 578 4268 Graece
605 4229 634 4267 a
659 4215 816 4270 nobis
843 4217 988 4270 edito
1016 4219 1199 4280 videre
1230 4219 1378 4274 licet.
1411 4219 1624 4275 Etenim
1653 4222 1838 4278 solsti-

262 4303 393 4362 tium
424 4304 674 4359 aestivum
706 4304 964 4375 Calippus
994 4307 1047 4360 in
1079 4309 1251 4377 prima
1282 4307 1477 4363 Cancri
1529 4318 1682 4379 parte
1721 4313 1836 4364 col-

263 4393 502 4460 locabat,
535 4396 608 4450 ait
642 4389 901 4452 Geminus
933 4398 1076 4469 (pag.
1108 4400 1231 4469 45);
1264 4400 1552 4456 hibernum
1574 4403 1629 4456 in
1662 4402 1839 4472 prima

261 4484 584 4556 Capricorni
613 4490 847 4558 ponebat
875 4489 1208 4558 Euctemon;
1243 4490 1586 4560 Eudoxus,in
1619 4502 1835 4571 quarta.

1939 3323 2199 3384 queretur
2218 3316 2426 3386 τροπὰς
2453 3319 2507 3371 in
2537 3326 2650 3372 toto
2675 3317 2886 3372 Cancro
2915 3318 3029 3372 ﬁeri
3066 3337 3079 3371 ε
3120 3315 3268 3388 quod
3292 3331 3399 3371 non
3422 3323 3508 3370 est

1940 3409 2045 3474 ita;
2100 3425 2226 3466 nam
2270 3412 2324 3465 in
2361 3403 2723 3470 uno‘tantum
2775 3423 2977 3484 puncto
3048 3413 3190 3484 λόγῳ
3251 3410 3510 3483 θεωρητῷ

1939 3498 2214 3553 accidunt.
2266 3500 2371 3555 Sed
2413 3517 2480 3556 ex
2529 3517 2594 3556 eo
2646 3501 2859 3557 Gemini
2906 3513 3222 3574 argumento
3264 3517 3374 3556 non
3420 3509 3512 3558 est

1939 3605 2300 3660 consequens,
2355 3608 2474 3648 eam
2526 3593 2779 3659 Metonis,
2830 3594 3061 3660 Eudoxi,
3115 3603 3170 3649 et
3223 3596 3275 3650 id
3333 3610 3504 3667 genus

1938 3693 2373 3740 astronomorum
2426 3687 2736 3758 opinionem
2790 3689 2976 3744 fuisse.
3019 3691 3131 3745 lmo
3169 3707 3320 3756 vero,
3362 3693 3512 3762 quod.

1939 3775 2223 3832 Eudoxum
2273 3789 2500 3850 spectat,
2549 3782 2786 3836 alienum
2817 3783 2960 3837 hunc
3001 3781 3171 3840 fuisse
3198 3785 3266 3840 ab
3289 3786 3392 3840 hoc
3420 3803 3510 3841 er-

1938 3885 2080 3936 rore,
2123 3878 2317 3941 praeter
2360 3872 2472 3936 illa,
2521 3889 2642 3942 quae
2689 3874 2851 3944 paulo
2896 3884 3020 3933 ante
3055 3877 3359 3940 retulimus,
3400 3879 3516 3932 alio,

1937 3961 2058 4015 loco
2099 3958 2362 4018 Geminus
2411 3963 2552 4018 idem
2604 3975 2788 4034 aperte
2839 3966 3110 4037 significat
3159 3983 3280 4038 cap.
3333 3968 3394 4022 γι
3443 3969 3524 4024 (1ο

1937 4055 2239 4119 mensibus,
2271 4057 2365 4111 ubi
2403 4059 2718 4128 popularem
2761 4061 3049 4130 quamdam
3083 4062 3392 4131 opinionem
3424 4076 3518 4116 ea.

1939 4145 2101 4216 stigat
2145 4146 2527 4200 arbitrantium
2578 4149 2682 4202 lsia
2725 4149 2868 4219 apud
2897 4149 3185 4222 Egyptios
3214 4151 3267 4204 in
3298 4151 3508 4206 Eudoxi

1939 4237 2252 4308 χειμερινὰς
2293 4238 2500 4312 τροπὰς
2541 4239 2783 4296 incidere
2816 4261 2829 4297 :
2859 4243 3001 4312 quod
3035 4251 3159 4298 ante
3199 4259 3372 4298 annos
3404 4259 3507 4299 cxx

1941 4329 2237 4401 contigisse
2271 4332 2488 4401 probat.
2525 4331 2694 4403 Igitur
2725 4333 2985 4389 Eudoxus
3015 4335 3299 4395 hibernum
3335 4337 3550 4399 solsti--

1939 4419 2076 4478 tium
2107 4435 2218 4474 uno
2247 4421 2432 4491 aliquo
2460 4421 2548 4476 die
2578 4421 3034 4493 circumscripsit.

2012 4513 2187 4583 Atque
2209 4521 2269 4567 ut
2293 4513 2598 4583 antiquiora
2626 4530 2840 4584 quoque
2863 4524 3104 4587 tempora
3127 4516 3525 4587 perstringam,

263 4575 490 4646 Verum,
525 4588 585 4634 ut
614 4580 956 4652 Hipparchus
989 4583 1207 4648 asserit,
1241 4583 1500 4640 Eudoxus
1543 4588 1597 4640 in
1644 4588 1838 4642 mediis

1939 4613 2086 4659 certe
2136 4602 2428 4669 Hesiodus,
2462 4608 2809 4662 astronomiae
2857 4608 3085 4663 scientia
3135 4607 3508 4675 clarissimus,

265 4669 474 4740 signis,
516 4671 622 4726 hoc
668 4681 752 4727 est
796 4674 850 4727 in
899 4675 1070 4745 gradu
1112 4675 1180 4730 ‘15
1222 4676 1474 4740 cardines
1544 4679 1835 4746 statuebat,

265 4761 408 4828 quod
437 4763 618 4833 capite
652 4764 920 4832 superiori
954 4764 1374 4835 disputavimus.
1406 4769 1476 4821 At
1504 4783 1634 4822 vero
1664 4769 1710 4823 si
1745 4785 1841 4839 per

266 4857 438 4908 totum
492 4855 969 4910 dodecatemorion
1023 4858 1319 4913 solstitium
1371 4859 1614 4924 diffundi.
1646 4862 1828 4917 crede-

269 4953 410 5012 rent,
461 4963 570 5001 non
616 4948 749 5001 illud
788 4951 953 5009 certis
991 4951 1368 5006 tantummodo
1411 4952 1602 5008 diebus
1633 4955 1838 5025 illigas-

270 5044 412 5101 sent,
462 5045 592 5106 puta
637 5037 832 5106 primo,
867 5045 1084 5107 quarto,
1130 5039 1211 5093 vel
1249 5046 1443 5094 octavo
1475 5040 1544 5101 ab
1591 5041 1840 5110 ingressu

272 5124 404 5182 solis
442 5126 495 5181 in
539 5128 775 5196 signum.
814 5127 1157 5199 Hipparchus
1184 5130 1280 5185 lib.
1308 5130 1350 5184 ll
1382 5133 1563 5197 docet,
1596 5147 1663 5188 ex
1689 5132 1842 5187 Arati

274 5219 564 5283 sententia,
585 5221 852 5275 committi
884 5223 1179 5278 solstitium
1213 5223 1269 5276 in
1298 5223 1472 5293 prima
1507 5231 1662 5296 parte
1700 5224 1843 5280 Can-

275 5306 376 5372 cri,
425 5325 654 5381 eamque
698 5313 1212 5369 mathematicorum
1263 5323 1530 5376 veterum,
1583 5324 1676 5370 aut
1722 5332 1842 5371 om-

274 5394 448 5462 nium,
501 5406 595 5453 aut
642 5401 870 5469 majoris
917 5404 1087 5472 partis
1137 5403 1448 5474 opinionem
1500 5404 1688 5460 fuisse.
1756 5406 1844 5458 ’Ev

273 5485 445 5556 ταύτῃ
481 5492 546 5559 τῇ
584 5493 756 5561 τροπῇ
799 5492 976 5545 τοίνυν
1000 5493 1096 5563 τὴν
1126 5493 1298 5565 ἀρχὴν
1321 5493 1504 5564 ἐπέχει
1528 5495 1621 5547 τοῦ
1645 5494 1847 5568 Καρκί-

273 5592 384 5630 νου.
421 5581 535 5634 Kal.
574 5583 677 5635 ὑπὸ
710 5585 816 5637 τῶν
852 5585 1091 5656 ἀρχαίων
1120 5587 1177 5639 δὲ
1210 5587 1598 5659 μαθηματικῶν
1630 5589 1858 5647 πάντωνς

278 5671 485 5739 σχεδὸν,
509 5675 542 5748 ἢ
569 5675 677 5728 τῶν
704 5677 967 5732 πλείστων
993 5678 1176 5732 τοῦτον
1201 5679 1291 5732 τὸν
1315 5681 1513 5752 τρόπον
1539 5685 1566 5734 ὁ
1586 5682 1848 5747 ζωδιακὸς

275 5763 474 5833 κύκλος
498 5769 738 5842 διῄρητο.
779 5772 987 5843 Excipit
1015 5773 1318 5835 Eudoxum,
1358 5777 1451 5848 qui
1501 5776 1568 5830 τὰ
1612 5776 1847 5849 τροπικὰ

277 5863 482 5925 δημεῖα
518 5862 657 5918 κατὰ
688 5864 827 5942 μέσα
868 5863 935 5928 τὰ
964 5863 1124 5932 ξὼδια
1151 5865 1346 5938 τίθητι.
1392 5866 1717 5925 Ptolomaeus
1750 5866 1844 5921 lib.

1941 4690 2035 4760 qui
2061 4691 2234 4746 altero
2268 4698 2393 4761 post
2421 4693 2694 4748 excidium
2725 4695 2905 4766 Trojae
2937 4696 3136 4752 saeculo
3168 4696 3369 4760 floruit,
3402 4698 3512 4753 sol-

1943 4781 2150 4842 stitium
2180 4791 2476 4854 utrumque
2513 4801 2858 4856 nequaquam
2886 4787 2939 4845 in
2974 4788 3104 4843 totis
3134 4788 3513 4848 dodecatemo-

1940 4875 2058 4936 riis,
2088 4889 2152 4929 ac
2191 4875 2386 4931 diebus
2415 4877 2635 4933 circiter
2664 4879 2888 4934 tricenis
2933 4881 3219 4952 utrobique
3248 4883 3512 4941 committi
3546 4899 3551 4902 λ

1942 4965 2176 5029 censuit.
2210 4965 2412 5025 Scribit
2441 4969 2584 5032 enim
2632 4969 2724 5030 lib.
2758 4969 2804 5027 ll
2863 4969 3117 5040 Operum,
3149 4978 3273 5041 post
3298 4988 3365 5026 1.x
3396 4972 3512 5028 dies

1944 5074 1975 5116 a
2023 5059 2275 5116 solstitio.
2308 5060 2538 5116 hiberno
2571 5061 2863 5130 Arcturum
2903 5064 3034 5118 oriri
3079 5079 3287 5133 :_quem
3334 5065 3513 5118 locum

1945 5149 2317 5220 expendemus
2343 5159 2564 5221 postea.
2586 5150 2724 5210 Tum
2754 5151 2946 5216 eodem
2981 5153 3514 5227 libro,-quinquage-

1943 5242 2085 5303 simo
2117 5242 2202 5298 die
2234 5251 2356 5313 post
2382 5244 2592 5315 τροπὰς
2629 5245 2844 5302 aestivas
2894 5253 3216 5304 autumnum
3254 5247 3332 5302 ait
3373 5247 3512 5303 inci-

1943 5351 2070 5405 pere
2104 5353 2116 5389 :

2019 5448 2252 5515 Ἤματα
2284 5446 2653 5512 πεντήκοντα
2673 5450 2821 5516 μετὰ
2850 5447 3072 5516 τροπὰς
3107 5449 3354 5515 ἠελίοιο,

2030 5518 2127 5590 ξΕς
2146 5516 2318 5590 τέλος
2348 5519 2634 5590 ἐλθόντος
2662 5519 2859 5587 θέρεος
2883 5519 3253 5588 καματώδεος
3280 5518 3452 5588 ὥρης,

2028 5587 2255 5655 Ὧραῖος
2283 5589 2525 5642 πέλεται
2554 5587 2792 5656 θνητοῖς
2816 5587 3022 5655 πλόος.

2019 5721 2459 5792 Quinquagesimo
2491 5723 2574 5776 die
2603 5732 2717 5790 post
2750 5722 3058 5786 solslitium,

2020 5793 2148 5866 Qum
2184 5794 2435 5866 adﬁnem
2467 5797 2600 5847 venit
2634 5796 2835 5866 a’statis
2869 5793 3134 5847 laboriosa
3181 5803 3500 5866 tempesta;m

2024 5865 2343 5931 Tempestiva
2369 5874 2444 5920 est
2474 5865 2785 5920 mortalibus
2817 5865 3096 5934 navigatio.
