3948 6264
528 415 698 491 ,1565
714 403 723 409 ’

524 586 535 593 ,
630 532 753 587 Haec
777 530 844 587 ad
859 526 1277 584 convincendam
1303 520 1678 592 Scaligerianze
1704 515 1984 591 sententia:
2012 513 2111 567 fal-

548 626 797 685 sitatem,
826 629 880 687 et
916 620 1106 675 idonea
1156 623 1303 680 sunt,
1335 625 1388 669 et
1436 610 1741 677 necessaria
1772 608 2010 685 fuerunt,
2043 621 2111 660 ne

557 715 683 787 quis
708 724 932 779 ,temere
981 706 1295 765 stoliditatis
1334 713 1490 757 tantze
1519 717 1639 756 reos
1665 703 1944 768 perageret
1972 694 2110 748 anti-

519 860 535 869 ,
558 820 697 877 quos
729 805 849 860 illos
877 812 1249 865 astronomos;
1285 795 1583 868 praesertim
1618 792 1902 851 Metonem,
1928 788 2115 865 Eucte-

524 914 797 971 .mqnem,
828 896 1130 957 Eudoxum,
1165 899 1389 947 caatcros
1418 885 1653 957 denique
1690 886 1757 939 ad
1798 881 2111 939 Eratosthe-

520 1044 533 1051 -
562 1006 683 1060 nem
710 998 765 1052 et
795 987 1179 1059 Hipparchum.

1150 1119 1377 1178 CAPUT
1415 1117 1527 1172 Vll.

549 1241 1000 1313 ,Dewcqrdinibus
1050 1246 1274 1311 ueterum
1324 1234 1578 1288 sententia
1608 1224 1791 1313 contra
1842 1220 2113 1313 Geminum

606 1298 860 1384 “He/ar...
891 1306 1420 1384 είςιέιαρηιίῖςενιξνξιίαν
1455 1298 2110 1384 aestimemusMeti?“

519 1404 530 1425 ο
612 1366 1014 1443 Ptolemaei,
1047 1366 1208 1431 Pauli
1251 1374 1618 1433 Alexandrini.
1652 1370 1864 1424 Manilii
1895 1378 1962 1443 et
1985 1366 2116 1443 Fiat
2184 1396 2191 1401 υ

517 1500 531 1510 .
628 1437 751 1517 inici
788 1437 1076 1506 rationibus
1109 1447 1391 1517 explicata.
1427 1443 1569 1497 Mira
1606 1444 1660 1496 in
1690 1443 1771 1495 his
1806 1448 1855 1494 et
1898 1437 2116 1499 Firmici
2186 1490 2193 1497 ,

516 1590 535 1597 _
626 1525 739 1607 loco
767 1520 1108 1575 Itallucinatio
1141 1516 1418 1587 St'aligeri.

622 1636 733 1697 Sed
777 1644 839 1699 ut
881 1643 1123 1692 veterum
1166 1632 1233 1688 de
1276 1630 1591 1687 cardinibus
1632 1625 1900 1684 sententia
1943 1622 2115 1693 magis

515 1772 525 1780 .
559 1730 879 1792 illustretur,
909 1735 1026 1781 tum
1066 1726 1236 1780 multa
1267 1724 1333 1779 ad
1365 1722 1507 1778 idem
1545 1721 1818 1792 negotium
1861 1724 2114 1789 spectan-

518 1856 521 1863 ς
555 1824 650 1887 tia,
698 1836 799 1875 nec
853 1818 1074 1889 indigna
1124 1817 1264 1873 scitu
1303 1815 1480 1872 obiter
1502 1813 1863 1883 explicentur,
1902 1807 2116 1879 Gemini

515 1897 712 1973 .iocus
753 1912 843 1968 ille
891 1908 1201 1965 accuratius
1247 1905 1598 1976 explicandus
1640 1910 1742 1975 est.
1792 1899 2117 1975 Quadrupli-

513 2046 525 2057 .
556 2018 673 2058 cem
716 2001 1003 2071 signorum
1038 1997 1209 2065 τάξιν,
1247 1997 1339 2050 καὶ
1375 1994 1521 2049 θέσιν
1548 2008 1827 2063 exponens
1859 1989 2117 2055 Geminus

518 2154 523 2163 τ
558 2091 704 2161 (pag.
735 2087 810 2160 6),
841 2097 1091 2157 quartam
1124 2074 1668 2159 appellat,eam,‘quae
1696 2080 1836 2138 κατὰ
1862 2080 2119 2149 συζυγίαν

516 2230 525 2239 .
557 2182 793 2251 dicitur;
824 2195 984 2249 quam
1012 2194 1205 2251 eorum
1236 2177 1515 2248 signorum
1546 2190 1669 2231 esse
1699 2175 1877 2237 docet,
1907 2188 2025 2243 quae
2053 2187 2120 2247 ex

558 2272 747 2339 eodem
785 2272 1037 2326 oriuntur
1075 2271 1215 2333 loco,
1257 2279 1311 2324 et
1350 2268 1404 2322 in
1445 2268 1636 2325 eodem
1671 2266 1925 2323 occidunt
1959 2287 1973 2320 :
2006 2264 2120 2323 sive

556 2378 677 2433 quae
707 2354 899 2417 iiSdem
930 2360 1199 2429 parallelis
1229 2359 1602 2424 includuntur,
1635 2367 1695 2415 ut
1733 2364 1862 2411 sunt
1910 2355 2120 2411 Cancer

518 2506 523 2517 ,
557 2460 612 2508 et
649 2450 883 2517 Gemini,
918 2450 1295 2527 Capricornus
1325 2459 1378 2503 et
1418 2449 1764 2521 Sagittarius,
1808 2463 1870 2502 ac
1903 2454 2119 2510 caetera,

516 2592 523 2615 ε
559 2558 680 2613 quae
702 2558 767 2598 ex
799 2558 956 2617 aequo
980 2543 1183 2619 distant
1204 2542 1273 2611 ab
1305 2542 1565 2596 alterutro
1590 2547 1911 2609 punctorum
1940 2536 2126 2593 solsti-

558 2635 793 2713 tialium.
842 2624 900 2711 in
946 2649 1053 2707 quo
1089 2643 1298 2689 veteres
1334 2630 1700 2702 reprehendit,
1730 2630 1822 2699 qui
1851 2630 2120 2684 Cancrum

512 2784 525 2793 _
558 2743 685 2785 cum
729 2728 880 2795 nullo
914 2729 1028 2783 alio
1072 2725 1330 2794 συζυγίαν
1365 2725 1565 2779 habere
1606 2723 1900 2793 putabant;
1948 2736 2122 2790 neque

558 2819 970 2890 Capricornum,
992 2818 1087 2873 sed
1110 2817 1299 2872 ambos
1327 2816 1608 2886 μοναχοὺς,
1631 2821 1683 2870 et
1710 2812 1941 2881 ἀζύγους
1960 2826 2080 2867 esse
2106 2829 2118 2865 :

559 2914 757 2984 quippe
801 2927 926 2967 cum
977 2911 1161 2988 signis
1193 2892 1446 2965 omnibus
1490 2907 1763 2961 borealius
1801 2905 2026 2968 oriatur,
2070 2910 2125 2957 et

558 3004 772 3060 occidat
787 2984 1024 3077 Cancer,
1052 2984 1419 3071 Capricornus
1444 3006 1624 3052 autem
1650 2996 1964 3050 australius.
1989 2994 2123 3048 Nam

513 3154 525 3169 ,
560 3080 770 3153 nullum
801 3103 904 3157 est,
924 3093 1080 3163 quod
1108 3106 1374 3161 peraeque,
1403 3099 1461 3143 ut
1498 3089 1601 3143 ista
1632 3087 1760 3151 duo,
1793 3088 1859 3141 ad
1902 3088 2123 3141 boream

512 3240 517 3245 ,
561 3191 877 3257 austrumve
920 3180 1185 3237 deﬂectat.
1238 3180 1422 3248 Itaque
1477 3178 1689 3233 duobus
1738 3177 1809 3232 iis
1860 3176 2121 3247 exceptis,
2149 3201 2193 3260 ο

563 3275 774 3346 reliqua
803 3279 985 3331 decem
1019 3275 1093 3329 ita
1120 3275 1531 3344 comparabant.

863 3406 1074 3483 Syzygt't
1112 3411 1267 3482 signa
1298 3408 1583 3465 secundum
1618 3417 1832 3463 ueteres.

910 3527 1121 3582 Cancer

908 3596 1111 3666 ἄζυγος

909 3663 1125 3722 Gemini
1322 3672 1392 3724 .et
1531 3663 1643 3720 Leo

910 3739 1124 3794 Taurus
1334 3744 1390 3793 et
1529 3735 1695 3807 Virgo

910 3809 1068 3864 Aries
1341 3816 1395 3862 et
1536 3806 1699 3860 Libra

914 3879 1103 3934 Pisces
1344 3887 1400 3933 et
1542 3876 1803 3945 Scorpius

915 3950 1187 4015 Aquarius
1235 3970 1241 3979 ο
1342 3958 1399 4005 et
1541 3946 1867 4019 Sagittarius

915 4020 1278 4088 Capricornus

848 4170 851 4173 _
890 4160 895 4179 ;
915 4091 1112 4159 ἄζυγος

812 4220 1047 4294 .Syzyga
1075 4222 1226 4291 signa
1254 4216 1542 4275 secundum
1573 4216 1862 4272 Geminum.

916 4334 1133 4389 Gemini
1485 4333 1698 4389 Cancer

919 4405 1136 4476 Taurus
1154 4426 1162 4457 :
1488 4403 1598 4476 Leo

920 4477 1078 4543 Aries
1105 4473 1112 4476 “
1489 4473 1655 4543 Virgo

919 4542 1106 4601 Pisces
1491 4542 1653 4598 Libra

917 4617 1191 4685 Aquarius
1498 4615 1758 4685 Scorpius

919 4683 1286 4755 Capricornus
1499 4683 1846 4755 Sagittarius.

638 4797 701 4854 In
727 4805 959 4868 utroque
987 4798 1378 4868 diagrammate
1404 4800 1697 4856 discrimen
1724 4801 1828 4853 hoc
1858 4799 2099 4853 cernitur
2117 4839 2131 4862 ,

572 4891 717 4969 quod
748 4891 877 4945 illud
907 4899 1148 4946 veterum
1190 4898 1435 4964 syzygias
1467 4893 1605 4947 inter
1635 4909 1696 4947 ea
1728 4894 1879 4961 signa
1911 4898 2133 4951 statuat,

573 4997 693 5052 quae
739 4982 1018 5053 aequaliter
1064 4981 1268 5037 distant
1311 4997 1340 5035 a
1390 4983 1519 5037 totis
1573 4983 1743 5052 signis
1793 4982 2036 5051 tropicis,
2081 4981 2137 5034 in

573 5076 745 5130 altero
791 5074 992 5143 σύζυγα
1034 5078 1187 5145 s‘gna
1223 5075 1500 5145 :equaliter
1533 5091 1561 5128 a
1595 5075 1811 5145 punctis
1856 5074 1993 5144 ipsis
2028 5084 2139 5127 tro-

572 5166 711 5236 picis
753 5166 966 5221 absunt.
1011 5164 1272 5222 Geminus
1320 5167 1574 5237 antiquos
1625 5166 1841 5229 refellit,
1890 5165 2035 5235 quod
2072 5181 2136 5220 ex

574 5273 762 5313 eorum
819 5259 1029 5313 ratione
1081 5273 1425 5329 consequens
1480 5259 1558 5321 lit,
1624 5258 1856 5312 solstitia
1915 5257 1969 5310 in
2026 5263 2139 5310 toto

577 5348 1016 5405 dodecatemorio
1054 5349 1249 5405 Cancri
1290 5351 1624 5421 contingere.
1664 5338 1799 5404 Nam
1831 5365 1955 5404 cum
1985 5332 2139 5420 signa

578 5442 851 5511 comparia
885 5443 1014 5506 sint,
1054 5458 1175 5513 quae
1214 5458 1282 5498 ex
1326 5442 1515 5497 eodem
1561 5443 1680 5497 loco
1715 5451 1870 5497 ortus
1901 5456 2029 5496 suos
2060 5440 2142 5494 fa-

578 5531 749 5596 ciunt,
780 5543 833 5587 et
876 5534 928 5587 in
958 5535 1207 5589 eumdem
1248 5534 1539 5602 occidunt;
1574 5541 1633 5588 ut
1669 5532 1879 5589 Gemini
1929 5548 1993 5586 ac
2032 5531 2141 5586 Leo

580 5619 656 5675 ita
706 5638 765 5678 se
809 5624 1061 5687 habeant,
1108 5641 1333 5682 necesse
1381 5635 1466 5682 est
1510 5625 1750 5696 aequales
1781 5625 1836 5679 in
1886 5623 1996 5679 illis
2021 5639 2143 5680 esse

583 5710 730 5777 dies,
768 5712 874 5767 hoc
902 5724 984 5779 est
1015 5718 1395 5786 parallciorum
1432 5728 1710 5789 segmenta
1745 5734 1911 5791 supra
1962 5719 2141 5774 linito-

583 5817 699 5859 rem
734 5802 920 5857 eadem
955 5824 968 5857 :
1007 5808 1147 5874 quod
1191 5808 1348 5863 aliter
1378 5809 1493 5865 ﬁeri
1527 5809 1735 5881 nequit,
1781 5826 1944 5882 quam
1990 5814 2034 5867 si
2077 5828 2140 5865 ex

1488 402 1618 457 ao
1658 398 1923 456 EUSEBH
1958 396 2351 452 cunomcon
2385 378 2740 449 APPENDIX.

3587 392 3698 450 ηδι

2139 517 2191 575 Α
2213 527 2368 583 aequo
2408 517 2614 579 remota
2639 508 2748 564 sint
2773 521 2803 560 a
2833 504 3113 563 solstitiali
3131 510 3345 573 puncto.
3373 503 3436 556 At
3470 518 3610 559 seeos
3636 523 3703 569 res

2212 606 2406 672 habet;
2436 617 2560 671 nam
2583 601 2929 656 Geminorum
2958 605 3250 652 extremum
3273 606 3353 650 est
3380 596 3540 664 ipsum
3564 600 3702 655 solstiv

2210 697 2340 752 tiale
2394 702 2690 765 punctum;
2744 690 2943 756 Leonis
2988 696 3191 753 autem,
3246 686 3513 754 sexagenis
3560 689 3618 742 ab
3654 706 3702 753 eo

2188 787 2471 859 gradibus
2506 785 2695 855 distat.
2724 782 2958 861 ldipsum
2983 781 3036 835 in
3068 779 3319 837 Libraet,
3341 779 3507 833 Ariete
3542 780 3703 839 clarius

2212 877 2288 932 ait
2310 875 2709 949 ostendirquaa
2739 875 2846 928 duo
2875 886 3069 943 syzyga
3098 869 3394 934 faciebant;
3425 871 3556 939 atqui
3579 868 3705 929 libra

2211 967 2384 1022 multo
2411 981 2572 1036 quam
2602 949 3075 1020 Ariesaustralius
3103 961 3297 1023 oritur,
3323 965 3376 1013 et
3402 959 3597 1013 occidit.
3612 959 3706 1017 Haec

2214 1058 2492 1114 Geminus.
2802 1100 2805 1103 .
2900 1100 2903 1105 .
3030 1094 3053 1103 η.
3126 1104 3133 1111 ,

2190 1190 2193 1199 .
2284 1149 2481 1204 Verum
2515 1148 2670 1219 longe
2703 1146 2887 1207 aliam,
2917 1157 3076 1213 quam
3106 1139 3314 1211 putavit
3340 1136 3592 1203 Geminus,
3616 1140 3702 1208 pri.

2214 1255 2430 1296 scorum
2475 1237 2977 1293 mathematicorum
3026 1233 3292 1299 rationem
3343 1229 3527 1294 fuisse,
3570 1246 3705 1302 neque

2213 1339 2361 1386 recte
2408 1330 2476 1384 ab
2518 1330 2610 1382 illo
2650 1327 3011 1398 reprehensos
3048 1339 3177 1399 esse
3211 1336 3519 1392 persuasum
3554 1320 3706 1395 habeo.

2213 1404 2332 1477 Non
2364 1420 2510 1476 enim
2539 1420 2633 1491 qui
2676 1419 2779 1473 hoc
2812 1416 3129 1473 asserebant
3156 1412 3447 1469 cardinalia
3473 1420 3639 1481 puncta
3666 1415 3707 1483 in

2214 1512 2351 1582 ipsis
2394 1512 2672 1581 signorum
2720 1508 2913 1575 initiis,
2960 1507 3055 1562 sed
3095 1505 3151 1559 in
3191 1503 3404 1566 mediis,
3448 1503 3542 1557 hoc
3574 1511 3641 1558 est
3666 1505 3709 1558 in

2214 1604 2387 1675 gradu
2429 1602 2639 1659 decimo
2685 1602 2876 1672 quinto
2918 1598 3260 1657 collocabant
3302 1614 3316 1650 :
3361 1610 3511 1666 quam
3550 1594 3709 1675 Eudoxi

2188 1670 2388 1769 iuisse
2440 1670 2761 1749 sententiam
2810 1689 3163 1762 Hipparchus.
3202 1685 3500 1761 asserebat,
3541 1683 3597 1737 de
3632 1670 3711 1755 quo

2217 1803 2316 1842 nos
2366 1801 2486 1856 cap.
2538 1783 2606 1839 IV
2641 1783 2817 1839 fusius
2855 1782 3086 1854 egimus.
3124 1778 3303 1847 Atque
3330 1774 3608 1833 ut.Eudoxi
3632 1789 3711 1827 non

2146 1855 2188 1910 Β
2218 1876 2399 1940 fuerit,
2435 1855 2632 1931 eorum
2674 1862 2922 1941 veterum
2954 1879 3100 1926 certe
3134 1868 3272 1935 fuit,
3305 1868 3396 1937 qui
3436 1867 3522 1929 ita,
3558 1874 3606 1919 ut
3638 1865 3712 1929 Ge-

2217 1970 2402 2023 minus
2445 1967 2656 2030 scribit,
2683 1963 2960 2035 comparia
3006 1963 3148 2017 inter
3179 1975 3241 2016 se
3271 1959 3417 2029 signa
3460 1943 3713 2037 composite.

2216 2067 2366 2116 runt.
2417 2057 2530 2112 Hoc
2574 2057 2717 2111 enim
2767 2054 2926 2109 modo
2971 2032 3624 2128 verissimumerit,quod
3658 2044 3713 2103 illi

2217 2161 2430 2208 veteres
2477 2150 2779 2221 putabant,
2837 2161 3033 2219 syzyga
3085 2127 3410 2213 essc’signa
3458 2138 3638 2193 Libram
3676 2144 3716 2193 et

2216 2245 2477 2309 Arietem,
2511 2242 2657 2313 quod
2687 2257 2754 2297 ex
2780 2254 2934 2310 aequo
2957 2239 3228 2294 distarent
3252 2235 3318 2289 ab
3342 2241 3554 2302 utroque
3581 2230 3716 2285 solsti-

2216 2339 2314 2404 tio,
2357 2336 2471 2391 sive
2514 2351 2544 2388 a
2581 2322 2793 2389 decimo
2823 2331 3012 2402 quinto
3040 2327 3217 2400 gradu
3260 2324 3449 2379 Cancri
3492 2329 3539 2377 et
3572 2319 3717 2382 Cauri-

2218 2432 2394 2487 corni.
2446 2430 2583 2485 Tum
2640 2429 2694 2483 id
2742 2442 3082 2499 consequens
3122 2430 3240 2487 est,
3292 2434 3551 2491 perperam
3585 2434 3636 2471 ex
3670 2431 3716 2470 ea

2217 2532 2462 2585 veterum
2486 2522 2763 2594 opinione,
2793 2535 2955 2592 quam
2984 2518 3183 2583 refertﬂ
3205 2514 3557 2595 iomprobatque
3579 2508 3715 2565 Gemi-

2218 2632 2343 2677 nus,
2375 2615 2709 2670 conclusisse
2754 2611 3091 2691 Scaligerum
3122 2608 3219 2679 (In
3244 2606 3452 2670 Manii.,
3481 2619 3585 2674 pag.
3606 2600 3714 2671 157),

2219 2707 2366 2778 quod
2423 2707 2603 2777 capite
2660 2703 3000 2760 antecedenti
3060 2701 3338 2765 diximus;
3397 2696 3583 2767 priscos
3628 2692 3716 2748 illos

2219 2799 2427 2873 τροπὰς
2473 2810 2527 2854 et
2577 2797 2809 2853 solstitia
2854 2795 2910 2850 in
2940 2794 3069 2850 totis
3104 2794 3334 2867 triginta
3363 2790 3607 2863 gradibus,
3637 2799 3716 2855 non

2220 2893 2278 2946 in
2323 2901 2525 2962 puncto
2572 2890 2755 2960 aliquo
2782 2888 2923 2961 λόγῳ
2948 2886 3211 2960 θεωρητῷ
3246 2887 3509 2948 statuisse,
3543 2881 3585 2936 id
3607 2881 3717 2937 enim

2222 2980 2359 3035 falso
2405 2980 2712 3050 suspicatus
2756 2985 2860 3043 est,
2927 2994 3103 3049 neque
3143 2991 3368 3032 causam
3411 2974 3591 3034 habuit,
3643 2984 3718 3025 cur

2222 3071 2326 3126 hoc
2378 3071 2481 3125 sibi
2534 3078 2846 3125 commento
2898 3069 3135 3140 placeret
3173 3069 3331 3132 adeo,
3366 3074 3426 3122 ut
3463 3066 3563 3135 ejus
3591 3061 3719 3118 inscio

2224 3161 2353 3215 tiam
2394 3160 2795 3215 mathematicis
2849 3159 3228 3229 exprobraret.
3274 3158 3459 3212 Mirum
3488 3170 3591 3210 vero
3628 3166 3720 3224 por-

2226 3256 2435 3303 tentum
2484 3249 2588 3302 hoc
2635 3249 2840 3305 erroris
2892 3248 3116 3303 Eudoxo
3178 3252 3250 3302 ab
3303 3249 3481 3302 eodem
3520 3241 3720 3314 impingi.

2225 3341 2334 3396 imo
2382 3350 2658 3395 auctorem
2696 3340 2842 3396 illius
2867 3340 3151 3395 Eudoxum
3195 3343 3389 3396 asseri.
3421 3338 3476 3393 In
3505 3352 3595 3408 quo
3621 3335 3722 3389 mul-

2224 3434 2392 3504 tiplex
2438 3441 2521 3490 est
2573 3433 2891 3505 ἀπροσεξία.
2940 3433 3076 3487 Nam
3119 3434 3165 3490 si
3214 3433 3539 3489 Eudoxusiu
3564 3428 3720 3485 decimt

2226 3523 2417 3593 quinto
2454 3523 2623 3594 gradu
2658 3524 2852 3578 Cancri
2898 3524 3103 3596 τροπὰς
3139 3524 3359 3578 aestivas
3387 3521 3493 3577 ﬁeri
3536 3516 3720 3586 scripsit.

2225 3613 2481 3669 hibernas
2528 3612 2584 3667 in
2635 3613 2957 3684 Capricorni
3004 3616 3224 3671 decimo
3257 3617 3461 3685 quinto,
3496 3610 3723 3678 utrobique

2227 3706 2421 3761 mediis
2467 3706 2521 3760 in
2573 3706 2777 3776 signis,
2822 3706 2987 3777 idque
3033 3706 3210 3777 ipsius
3246 3705 3447 3761 Eudoxi
3476 3698 3725 3760 testimonio

2227 3805 2478 3849 constare
2507 3795 2649 3864 apud
2680 3794 3046 3865 Hipparchum
3079 3803 3238 3865 putat
3256 3795 3515 3865 Scaliger;
3534 3792 3725 3861 quinam,

2228 3885 2478 3945 obsecro,
2501 3896 2922 3942 consentaneum
2954 3896 3057 3951 est,
3077 3887 3130 3941 in
3156 3895 3276 3942 toto
3298 3890 3445 3955 signo
3468 3883 3728 3939 constitutas

2228 3978 2298 4033 ab
2329 3978 2420 4031 illo
2460 3977 2666 4049 τροπὰς
2704 3977 2911 4033 fuisse?
2941 3977 3021 4033 Ad
3060 3963 3173 4032 mea
3206 3980 3254 4034 si
3285 3979 3522 4050 princeps
3550 3975 3611 4028 ita
3635 3986 3728 4026 sen-

2228 4068 2302 4125 sit
2357 4066 2647 4134 Eudoxus,
2698 4085 2805 4123 non
2856 4084 2984 4140 ergo
3031 4068 3257 4133 Metoni,
3306 4084 3368 4123 ac
3409 4064 3729 4124 vetustioribus

2230 4163 2371 4225 aliis,
2405 4162 2497 4232 qui
2536 4163 2818 4216 Eudoxum
2869 4163 3307 4228 antecesserunt,
3341 4162 3441 4217 hoc
3476 4160 3628 4230 ipsum
3665 4166 3729 4205 ve-

2230 4253 2310 4307 nit
2338 4253 2391 4307 in
2420 4265 2654 4307 mentem
2685 4271 2698 4307 :
2731 4254 2874 4323 quod
2898 4261 3076 4308 tamen
3107 4255 3361 4310 universe
3385 4253 3448 4307 de
3473 4246 3731 4317 antiquitate

2230 4346 2378 4401 omni
2411 4353 2614 4401 temere
2647 4348 3036 4417 pronuntiabat
3064 4345 3323 4417 Scaliger.
3348 4344 3588 4399 Eradatur
3610 4337 3731 4407 igitur

2232 4454 2301 4493 ex
2340 4438 2487 4491 omni
2527 4438 2828 4492 litterarum
2863 4437 3123 4493 memoria
3155 4437 3453 4493 foedissima
3495 4436 3585 4488 ista
3619 4427 3732 4483 labes

2162 4542 2207 4597 ι)
2235 4526 2526 4597 opinionis,
2556 4543 2716 4596 quam
2748 4527 2836 4581 ille
2865 4527 3103 4599 ἀκρίτως
3133 4526 3189 4580 in
3227 4526 3498 4580 Eudoxum
3549 4523 3731 4574 cavete-

2239 4637 2328 4678 res
2376 4631 2718 4676 astronomos
2764 4637 2930 4676 ausus
2972 4631 3055 4677 est
3097 4621 3365 4676 conferre.
3406 4617 3502 4672 Sed
3533 4628 3617 4668 nec
3654 4608 3732 4662 Ge.

2240 4714 2375 4768 mini
2408 4715 2694 4786 castigatio
2734 4729 2835 4768 nos
2872 4714 2964 4767 illa
2999 4713 3263 4780 delectet;
3301 4718 3481 4765 contra
3504 4717 3640 4777 quam
3664 4714 3733 4769 p8-

2238 4806 2500 4860 trocinari
2535 4806 2775 4875 antiquis
2806 4805 2914 4861 illis
2943 4821 3107 4876 quam
3149 4804 3310 4859 facile
3344 4811 3627 4873 possumus,
3650 4799 3730 4843 tam

2240 4899 2434 4952 merito
2450 4897 2744 4952 .debemus.

2315 4988 2405 5043 Sic
2444 4991 2498 5043 in
2542 4988 2789 5043 antisciis
2820 4995 3065 5043 veterum
3092 5003 3156 5042 ex
3192 4986 3377 5042 eodem
3412 4982 3548 5036 fonte
3576 4970 3730 5030 erroris

2241 5082 2594 5152 explicandis,
2628 5096 2691 5138 ac
2718 5079 3071 5136 traducendis
3101 5080 3316 5148 impune
3346 5074 3469 5131 lusit
3503 5068 3727 5136 Scaliger.

2239 5190 2359 5246 quae
2385 5173 2600 5246 quidem
2631 5182 2998 5230 consentanee
3025 5171 3092 5227 iis
3122 5186 3238 5241 quae
3270 5184 3366 5240 pro
3390 5163 3614 5235 Opinione
3642 5156 3729 5246 illo-

2238 5281 2362 5321 rum
2389 5263 2739 5325 adduximus,
2762 5263 3027 5319 veriorem
3059 5261 3125 5316 ad
3155 5272 3367 5316 sensum
3392 5241 3730 5307 accommodare

2240 5358 2386 5412 licet.
2427 5355 2582 5422 Quod
2621 5363 2680 5410 ut
2713 5356 2946 5411 breviter
2977 5355 3088 5421 ﬁat,
3129 5352 3287 5424 paulo
3316 5347 3466 5402 altius
3493 5331 3727 5410 repetenda

2242 5463 2332 5502 res
2370 5448 2491 5503 erit.

2310 5538 2390 5593 Ex
2435 5539 2731 5595 vanissima
2768 5539 2876 5592 τῶν
2906 5533 3400 5607 ἀποτελεσματικῶν
3437 5523 3628 5581 ratione.
3653 5511 3723 5607 ti"-

2242 5629 2601 5686 dccatemoria
2651 5632 2859 5686 zodiaci
2904 5632 3083 5686 varias
3124 5629 3260 5683 inter
3299 5640 3357 5678 se
3408 5604 3723 5701 σχέσεις,

2248 5724 2654 5793 σχηματισμοὺς
2700 5723 2923 5785 habent,
2968 5736 3105 5790 quos
3147 5723 3386 5789 aspectus
3419 5708 3559 5793 νυιερ
3586 5706 3718 5793 ΜΨ

2246 5791 2395 5867 nant.
2429 5812 2503 5866 Ex
2525 5791 2742 5883 quibus
2770 5827 2863 5867 eos
2887 5812 3149 5867 duntaxat
3186 5809 3281 5861 hoc
3325 5803 3436 5857 loco
3471 5791 3716 5861 εειῑερωυι,
