3948 6264
270 309 433 369 1565

1107 303 1562 383 DISSEBTATIO
1600 302 1688 357 DE
1722 299 1907 358 ORTU
1939 298 2025 355 ΕΤ
2065 296 2334 355 OCCASU
2374 296 2697 355 SIDERUM.

3377 300 3514 360 ιοοθ

270 432 380 503 qui
412 433 491 489 ad
530 431 804 504 negotium
827 438 1076 487 nostrum
1102 428 1392 499 pertinent,
1425 425 1737 481 auctoribus
1764 425 1861 479 ad-
1890 432 1936 489 Α
1964 421 2084 477 dem
2121 435 2193 476 ex
2217 421 2518 476 borizontis
2552 409 2797 489 partibus
2839 421 3103 484 oriantur,
3132 428 3187 477 et
3232 420 3287 475 in
3320 421 3513 477 iisdem

274 522 485 580 bibitis
528 522 819 578 Ptolemao
861 522 916 577 in
963 519 1259 574 Tetrabiblo
1289 518 1401 588 (lib.
1442 516 1504 588 Ι),
1535 514 1704 571 Paulo
1731 516 1856 572 Ale-

276 614 591 679 xandrino,
646 614 883 675 Manilio,
954 620 1009 667 et
1058 609 1317 665 Firmico.
1373 609 1539 681 Igitur
1584 610 1738 677 signa
1768 615 1860 663 aut

275 715 420 763 sunt
473 710 670 772 οἰκεῖα,
723 723 743 758 r
779 705 1088 773 familiaria,
1121 724 1139 756 ι
1179 705 1294 761 sive
1348 723 1367 756 t
1408 712 1663 775 cognata;
1704 722 1725 755 ο
1765 710 1859 758 aut

273 796 583 861 ἀσύνδετα,
629 816 648 849 ‹
698 797 1066 867 inconjuncta,
1112 816 1131 848 ι
1178 803 1231 850 et
1281 814 1300 846 ι
1351 796 1548 853 aliena.
1601 814 1621 847 ι
1670 793 1858 848 Priora

274 883 576 953 dicuntur,
597 905 718 960 quae
742 890 1124 946 scbcmatismo
1147 889 1348 959 aliquo,
1379 889 1460 959 vel
1479 887 1745 942 οἰκειώσει
1776 887 1857 941 in-

276 988 371 1035 ter
409 997 478 1037 se
511 983 761 1037 devincta
798 988 952 1049 sunt;
990 981 1309 1051 posteriora,
1352 995 1472 1051 quae
1511 980 1717 1035 nullum
1762 978 1860 1034 ha-

274 1074 421 1129 bent
451 1089 523 1131 ex
554 1075 641 1141 iis,
672 1090 812 1146 quos
834 1074 1229 1145 astrologorum
1258 1089 1389 1130 usus
1417 1073 1664 1128 adscivit.
1698 1071 1859 1129 Sche-

273 1166 583 1222 matismus
610 1167 692 1221 vel
720 1175 802 1223 est
830 1164 970 1220 κατὰ
998 1166 1305 1236 διάμετρον,
1334 1172 1393 1219 ιιι
1413 1164 1570 1220 Aries
1588 1171 1643 1219 et
1667 1162 1853 1227 Libra,

272 1257 369 1310 vel
431 1258 575 1312 κατὰ
614 1258 893 1329 τρίγωνον,
926 1258 1010 1313 vel
1047 1258 1189 1311 κατὰ
1220 1257 1575 1329 τετράγωνον,
1598 1256 1681 1311 vel
1717 1255 1856 1311 κατὰ

272 1347 601 1416 ἑξάγωνον,
636 1350 704 1405 de
750 1350 948 1421 quibus
987 1347 1247 1405 Geminus
1289 1363 1409 1419 cap.
1455 1348 1506 1414 Ι,
1545 1356 1601 1404 et
1642 1361 1741 1405 nos
1785 1350 1853 1404 ad

272 1441 546 1496 eumdem
597 1441 651 1494 in
687 1439 842 1496 Notis
873 1439 1117 1511 quaedam
1148 1441 1577 1499 observavimus.
1608 1442 1854 1503 Alterum

270 1544 466 1600 genus
505 1530 848 1598 οἱκειὼσεως,
878 1530 1177 1587 secundum
1204 1534 1347 1603 quod
1391 1533 1548 1604 signa
1591 1535 1698 1590 alia
1729 1545 1856 1591 sunt

272 1621 719 1690 προστάσσοντα,
774 1640 792 1673 ‹
849 1622 1188 1694 imperantia,
1248 1642 1268 1676 ι
1329 1624 1431 1679 alia
1490 1625 1852 1693 ὑπακούοντα,

276 1729 298 1762 ι
349 1711 725 1767 auscultantia
778 1731 792 1767 :
850 1731 869 1763 ι
924 1728 1043 1784 quae
1089 1713 1250 1770 ambo
1301 1717 1579 1771 communi
1633 1717 1855 1777 nomine

1961 509 2230 565 occidant.
2275 509 2449 579 Atque
2500 509 2612 563 haec
2661 515 2788 564 sunt
2835 507 3040 577 σύζυγα
3083 509 3256 581 signa,
3288 524 3408 580 quae
3446 525 3513 565 ex

1958 597 2185 655 Gemino
2219 598 2471 670 superius
2495 600 2904 670 etrplicavimus,
2937 609 2994 654 ut
3023 600 3254 666 Gemini,
3280 602 3511 666 Cancer.

1958 689 2194 753 Taurus,
2223 688 2351 756 Leo,
2382 698 2435 745 et
2473 702 2686 754 caetera,
2722 690 2787 745 de
2827 689 3025 759 quibus
3059 692 3113 745 in
3136 690 3288 748 Notis
3314 694 3382 748 ad
3408 692 3515 749 Ge-

1958 772 2163 835 minum
2199 782 2379 851 aliqua
2408 781 2666 838 diximus.

2001 872 2324 926 οἋσύνδετα
2380 880 2433 926 et
2490 872 3007 944 ἀπηλλοτριωμένα,
3070 875 3404 945 inconjuncta
3459 888 3513 937 et

1958 962 2131 1016 aliena
2171 963 2319 1035 signa
2362 963 2638 1027 dicuntur,
2670 979 2787 1034 quae
2818 966 3020 1022 nullius
3052 966 3418 1022 schematismi
3447 986 3530 1024 ex.

1957 1054 2406 1111 antecedentibus
2438 1055 2557 1110 istis
2592 1054 2903 1110 societatem
2939 1068 3136 1113 coeunt
3163 1058 3413 1114 invicem.
3436 1059 3533 1117 ita.

1956 1144 2297 1200 Ptolemaeus.

2027 1237 2096 1292 At
2143 1237 2396 1295 Manilius
2438 1245 2493 1293 et
2548 1237 2751 1293 Paulus
2797 1238 3193 1296 Alexandrinus
3241 1240 3537 1309 audientia,

1956 1337 2010 1384 et
2057 1328 2293 1384 videntia
2329 1328 2483 1400 signa
2519 1330 2677 1385 aliter
2727 1330 3018 1399 explicant.
3058 1327 3192 1384 Nam
3235 1331 3378 1401 apud
3418 1348 3514 1389 eos

1959 1422 2258 1478 videntium
2310 1423 2460 1493 paria
2492 1430 2743 1477 constant
2789 1423 2855 1477 iis
2896 1423 3066 1491 signis
3101 1438 3219 1493 quae
3251 1438 3317 1478 ex
3359 1439 3514 1495 aequo

1954 1513 2158 1569 distant
2203 1529 2232 1567 a
2266 1513 2394 1570 totis
2423 1513 2590 1584 signis
2615 1514 2833 1584 tropicis
2856 1522 2914 1568 ut
2943 1521 3070 1571 sunt
3101 1514 3330 1580 Gemini,
3369 1514 3511 1589 Leo,

1956 1602 2190 1670 Taurus,
2216 1604 2404 1677 Virgo,
2440 1622 2504 1660 ac
2550 1607 2793 1677 reliqua;
2835 1621 2956 1676 qua:
2983 1606 3253 1676 descripta
3302 1616 3426 1663 sunt
3457 1609 3514 1663 in

1956 1694 2127 1748 altero
2155 1695 2428 1750 schemate
2451 1695 2557 1748 τῶν
2589 1694 2856 1764 συζύγων,
2890 1696 3184 1751 secundum
3208 1704 3437 1761 veteres,
3456 1707 3514 1752 ut

260 1802 615 1871 ἀκουόντων,
654 1822 672 1855 ι
709 1805 1065 1870 audientium,
1107 1824 1126 1858 ι
1175 1805 1380 1865 Paulus
1428 1806 1852 1879 Alexandrinus,
1885 1788 1927 1844 Β
1953 1799 2144 1879 εξθτυςιι
2194 1794 2428 1879 me'j‘em
2474 1786 2865 1879 in'e’l’r91f‘ltus
2893 1794 2974 1842 εει
3007 1785 3288 1842 θθωί¹¹¹¹⁵⁸
3326 1786 3513 1858 Itaque

266 1903 329 1948 et
372 1892 634 1949 Manilius
678 1895 1004 1966 intelligunt.
1031 1895 1272 1952 Tertium
1311 1912 1484 1969 genus
1529 1900 1854 1965 οἰκειώσεως

267 1993 363 2040 est
402 1986 515 2040 τῶν
548 1987 871 2057 βλεπόντων,
907 2004 1028 2045 sese
1056 1998 1247 2045 mutuo
1275 1991 1745 2061 conspicientium.
1781 1992 1854 2051 Ut

266 2078 344 2134 de
377 2078 778 2148 posterioribus
808 2081 892 2136 his
923 2081 1187 2138 ambobus
1215 2096 1394 2153 agam.

345 2167 683 2227 Ptolemaeus
727 2172 1160 2244 προστάσσοντα,
1206 2184 1262 2229 et
1298 2174 1643 2231 ὑπακούοντα
1693 2178 1851 2248 signa

266 2268 468 2327 vocat,
503 2261 574 2318 τὰ
607 2264 726 2317 κατ’
762 2266 882 2334 ἴσην
912 2264 1187 2319 διάστασιν
1210 2265 1320 2318 ἀπὸ
1349 2266 1442 2320 τοῦ
1474 2267 1660 2331 αὐτοῦ,
1690 2269 1723 2339 ἦ
1757 2269 1852 2323 καὶ⁸

265 2354 543 2428 ὁποτέρου
585 2356 692 2409 τῶν
743 2356 1070 2429 ἰσημερινῶν
1104 2359 1345 2430 σημείων
1384 2362 1847 2433 σχηματιζόμενα,

263 2447 362 2502 διὰ
398 2449 464 2502 τὸ
486 2451 543 2502 ὲν
565 2452 676 2513 τοῖς
703 2449 835 2514 ἴσοις
860 2451 1071 2523 χρόνοις
1097 2451 1463 2522 ἀναφέρεσθαι
1482 2455 1575 2509 καὶ
1597 2455 1690 2509 ἐπὶ
1720 2457 1849 2512 ἴσων

267 2539 659 2611 παραλλήλων.
703 2560 722 2594 ι
755 2539 886 2608 Qum
925 2544 1044 2613 pari
1087 2543 1375 2601 intervallo
1418 2546 1489 2602 ab
1535 2545 1724 2603 eodem
1762 2549 1854 2604 vel

264 2637 545 2692 alterutro
574 2647 911 2707 punctorum.
924 2641 1386 2712 aequinoctialium
1406 2643 1687 2710 distantia,
1707 2646 1848 2717 ﬁgu-

265 2736 438 2787 ram,
494 2739 589 2781 seu
639 2734 991 2797 conspectum
1047 2729 1302 2787 habent:
1345 2733 1489 2802 quod
1545 2736 1847 2804 mqualibus

266 2813 615 2884 temporibus
655 2818 921 2884 oriantur,
952 2828 1009 2875 et
1048 2822 1103 2875 in
1139 2822 1438 2892 aequalibus
1479 2826 1776 2895 parallelis.
1818 2846 1841 2879 ι

265 2903 546 2963 Zodiacus
574 2908 813 2964 circulus
841 2911 910 2965 ab
941 2912 1304 2981 aequinoctiali
1338 2913 1591 2969 bifariam
1629 2926 1844 2973 secatur

266 2996 328 3051 in
358 2997 581 3068 punctis
608 3000 1098 3071 aequinoctialibus.
1129 3001 1269 3058 Hinc
1297 3005 1676 3064 semicirculus
1706 3008 1844 3064 alter

265 3089 515 3182 borealis
559 3089 781 3153 dicitur.
833 3092 1041 3150 habens
1087 3094 1242 3164 signa
1285 3096 1524 3153 borealia
1564 3114 1682 3162 sex,
1720 3115 1841 3171 quae
1866 3118 1915 3182 ο

265 3185 403 3234 sunt
439 3177 621 3246 Aries,
663 3181 897 3249 Taurus,
932 3182 1169 3249 Gemini,
1204 3185 1430 3254 Cancer,
1458 3187 1589 3254 Leo,
1633 3189 1836 3262 Virgo;

265 3269 410 3325 alter
443 3272 700 3328 australis
740 3273 963 3329 totidem
1005 3275 1175 3345 signis
1217 3279 1500 3347 praeditus,
1532 3296 1652 3351 qua:
1689 3293 1836 3348 sunt,

262 3359 459 3427 Libra,
486 3361 766 3433 Scorpius,
811 3364 1158 3444 Sagittarius,
1209 3370 1600 3441 Capricornus,
1651 3373 1836 3444 Aqua-

264 3455 409 3522 rius,
460 3453 680 3523 Pisces;
738 3440 1185 3531 borealia.signa
1228 3440 1357 3519 sunt
1401 3440 1838 3535 προστάσσοντα;

263 3541 535 3604 australia
563 3564 692 3605 vero
719 3550 1078 3607 ὑπακούοντα.
1119 3552 1290 3624 Cujus
1323 3555 1404 3610 rei
1428 3570 1651 3612 causam
1683 3555 1842 3612 aﬂ‘ert

262 3639 598 3697 Ptolemaeus
626 3643 770 3712 quod
799 3644 855 3698 in
891 3643 1201 3701 borealibus
1229 3646 1401 3718 signis
1434 3649 1696 3719 paulatim
1721 3650 1841 3708 dies

264 3740 577 3802 augeantur
595 3774 608 3798 ,
651 3734 706 3787 in
735 3735 906 3791 altero
930 3737 1346 3795 contrahantur.
1369 3738 1452 3795 Ob
1478 3740 1534 3795 id
1570 3741 1840 3812 imperare

264 3824 345 3879 illi
366 3824 591 3891 debent,
620 3827 711 3883 isti
739 3843 948 3898 parere,
970 3846 1040 3885 ex
1068 3831 1203 3887 artis
1226 3831 1576 3903 ineptissime
1596 3833 1841 3892 decreto.

264 3912 382 3972 llac
406 3918 621 3974 ratione
649 3920 803 3990 signa
832 3921 924 3976 illa
954 3922 1111 3979 inter.
1126 3939 1187 3979 se
1213 3924 1568 3995 pariabimus.

967 4031 1151 4104 Signa.

267 4141 626 4217 Imperantia.
1436 4150 1839 4211 Auscultantia.

383 4260 546 4319 Aries
1302 4265 1488 4321 Pisces

383 4331 604 4406 Taurus
1302 4335 1580 4406 liquarius

383 4399 600 4475 Gemini
1303 4399 1678 4475 Capricornus

382 4470 597 4544 Cancer
1307 4470 1634 4544 Sagittarius

382 4539 496 4616 Leo
1308 4539 1569 4616 Scorpius

383 4609 550 4683 Virgo
1307 4609 1471 4671 Libra

342 4721 472 4779 Haec
524 4726 667 4780 enim
724 4728 880 4798 signa
926 4737 1055 4784 sunt
1089 4730 1413 4803 ζσανάφορα,
1444 4740 1499 4787 et
1545 4733 1840 4806 ὶσοπαράλευ

268 4814 433 4887 ληλα,
462 4821 606 4887 quod
646 4820 925 4890 aequaliter
954 4819 1161 4876 distent
1192 4822 1261 4876 ab
1297 4823 1562 4878 ambobus
1588 4827 1836 4895 aequino-

270 4907 527 4963 ctialibus
551 4910 790 4977 punctis.
817 4908 1100 4979 Aiquales,
1136 4912 1382 4982 inquam,
1415 4914 1703 4983 parallelos
1730 4915 1833 4970 ba-

272 4996 420 5063 bent,
451 5014 559 5054 non
599 5002 839 5065 eosdem,
871 5010 933 5056 ut
965 5003 1314 5061 Camerarius
1361 5008 1543 5061 vertit.
1592 5006 1649 5061 ld
1688 5008 1837 5065 enim

271 5087 443 5159 signis
479 5091 794 5149 videntibus
827 5095 1104 5161 convenit,
1134 5111 1256 5164 qua;
1283 5113 1313 5150 a
1346 5099 1573 5168 tropicis
1614 5099 1836 5168 punctis

271 5189 337 5230 ex
361 5192 520 5248 aequo
540 5179 746 5237 distant
766 5181 862 5238 :de
889 5184 1090 5253 quibus
1114 5186 1225 5255 agit
1254 5186 1455 5243 ibidem
1488 5180 1835 5245 Ptolemaeus.

344 5260 513 5340 Igitur
555 5273 786 5327 alterum
825 5290 995 5344 genus
1023 5275 1350 5340 οἰκειώσεως
1379 5286 1464 5335 est
1492 5294 1680 5333 eorum
1711 5293 1835 5348 quae

276 5358 556 5430 βλέποντα,
571 5364 819 5435 videntia,
830 5366 1108 5432 dicuntur,
1123 5376 1179 5424 et
1193 5368 1629 5440 ἰσοδυναμοῦντα,
1640 5372 1836 5440 aquati

273 5461 525 5520 potestate
576 5456 822 5524 prardita.
885 5459 1023 5514 Sunt
1071 5473 1251 5517 autem
1297 5463 1585 5533 ejusmodi,
1617 5479 1739 5533 quae
1763 5478 1834 5520 et

274 5555 430 5612 aequo
458 5543 663 5599 distant
693 5547 762 5601 ab
793 5548 1060 5604 alterutro
1082 5551 1307 5606 solstitii
1330 5561 1553 5620 puncto.
1572 5551 1644 5606 Ea
1667 5566 1833 5622 porro

277 5638 465 5688 mutuo
483 5650 543 5690 se
571 5635 756 5691 videre
785 5637 1045 5694 dicuntur
1074 5639 1196 5695 ideo
1217 5642 1362 5710 quod
1396 5650 1450 5695 et
1471 5643 1588 5698 dies
1615 5643 1829 5707 diebus,

275 5724 330 5785 et
354 5732 540 5779 noctes
567 5727 819 5784 noctibus
865 5729 1098 5803 aequales
1127 5729 1363 5794 faciant;
1395 5741 1506 5786 tum
1549 5732 1691 5803 quod
1724 5732 1823 5789 iis-

1954 1877 2166 1932 Cancer
2191 1883 2245 1931 et
2277 1876 2646 1948 Capricornus
2689 1877 2944 1932 ἄϐλεπτοι
2999 1887 3126 1934 sunt
3175 1888 3227 1935 et
3269 1882 3508 1953 μοναχοὶ,

1952 1984 2053 2024 nec
2080 1969 2209 2034 alia,
2243 1971 2337 2025 sed
2365 1985 2425 2025 se
2454 1968 2571 2026 sola
2600 1979 2949 2025 contuentur.

2020 2057 2234 2115 Rursus
2259 2059 2577 2131 imperantia
2609 2059 2760 2129 signa
2789 2068 2844 2114 et
2877 2060 3238 2115 auscultantia
3270 2067 3511 2116 statuunt

1950 2149 2136 2216 iidem,
2161 2166 2282 2221 qua:
2312 2166 2379 2206 ex
2407 2168 2562 2222 aquo
2594 2151 2801 2207 distant
2837 2151 2904 2206 ab
2929 2152 3398 2223 mquinocﬁalibus
3425 2156 3513 2209 inn

1949 2243 2118 2313 tegris
2143 2243 2337 2313 signis,
2361 2242 2433 2296 ita
2464 2251 2522 2297 ut
2553 2243 2736 2314 priora
2760 2243 3028 2309 borealia,
3062 2245 3367 2313 posteriora
3400 2246 3511 2302 sint

1949 2334 2227 2387 australia.
2258 2332 2398 2404 Ergo
2437 2341 2591 2387 extra
2626 2341 2828 2389 sortem
2874 2341 3005 2389 sunt
3029 2331 3187 2388 Aries
3238 2343 3288 2388 et
3321 2333 3510 2402 Libra,

1948 2440 2123 2495 neque
2155 2441 2213 2480 se
2236 2425 2466 2480 invicem
2496 2425 2754 2488 audiunt,
2787 2441 2961 2495 neque
3021 2426 3157 2492 alia;
3192 2426 3285 2480 sed
3323 2427 3511 2481 solita-

1945 2515 2029 2569 ria
2062 2526 2207 2581 sunt,
2236 2532 2301 2575 ac
2326 2517 2618 2589 μονόζωνα,
2636 2525 2828 2572 caetera
2856 2512 3120 2589 ὁμόζωνα.
3143 2514 3215 2570 Ea
3235 2517 3288 2570 in
3311 2516 3511 2571 tabella

1947 2610 2197 2680 sequenti
2226 2609 2352 2665 licet
2388 2610 2607 2666 intueri.

2388 2721 2553 2794 Signa
2582 2723 2788 2779 Manilii
2816 2729 2870 2779 et
2898 2718 3061 2776 Pauli

1944 2787 2267 2860 lmperantia
2452 2787 2476 2794 ⁷
2575 2865 2617 2917 Α
2654 2864 2666 2877 ⁹
3131 2788 3519 2849 Αυεουιειηιίδ..

2624 2880 2732 2917 nes

2624 2880 2732 2919 l‘leS

2574 2935 2775 3004 ἄζυγος

2064 2999 2299 3058 Taurus.
2596 3020 2600 3025 '
2625 2999 2632 3000 ί
2692 2999 2704 3004 ⁷
2989 3010 3172 3068 Pisces

2059 3068 2271 3151 Gemini
2986 3080 3263 3151 Aquarius

2058 3139 2269 3222 Cancer
2988 3139 3379 3222 Capricornus.

2056 3209 2167 3293 £190
2990 3209 3318 3293 Sagittarius

2056 3278 2227 3354 Virgo
2575 3356 2596 3361 _
2621 3357 2652 3361 __
2992 3278 3274 3361 Scorpius.

2574 3356 2735 3411 Libra

2576 3425 2791 3495 ἄζυγος,

2008 3512 2167 3568 Aries
2195 3515 2378 3586 itaque
2407 3514 2709 3586 imperandi
2730 3519 2813 3574 vel
2840 3522 3181 3579 auscultandi
3207 3540 3329 3580 cum
3354 3528 3513 3584 nullo

1941 3606 2331 3659 commercium
2385 3606 2568 3674 habet,
2626 3609 2844 3665 Libram
2895 3620 3075 3669 autem
3134 3616 3296 3683 videt,
3345 3627 3404 3673 ut
3444 3627 3503 3675 et

1938 3692 2178 3750 Arietem
2199 3695 2383 3754 Libra.

1940 3805 2231 3887 Consilium
2248 3809 2357 3887 ipse
2375 3826 2529 3865 suum
2548 3820 2625 3887 est
2642 3812 2791 3887 ᾼνίεσ
2807 3830 2826 3867 :
2844 3824 2901 3869 ut
2920 3816 3152 3886 principe
3168 3817 3380 3887 dignum
3395 3828 3512 3887 est,

1937 3877 2098 3931 Audit
2135 3895 2207 3943 se,
2240 3877 2552 3950 Libramque
2577 3882 2731 3949 videt,

1940 3988 2017 4042 ait
2044 3988 2317 4047 Manilius.
2362 3989 2576 4048 Taurus
2625 3991 2901 4069 Virginem
2936 3996 3103 4065 videt,
3144 4008 3199 4054 et
3252 3999 3499 4058 Piscibus

1938 4078 2204 4150 imperat;
2233 4080 2419 4139 Pisces
2454 4082 2740 4155 Scorpium
2774 4087 2976 4154 vident,
3002 4072 3068 4144 'et
3108 4090 3336 4145 audiunt
3359 4091 3501 4147 Tau-

1940 4185 2083 4239 ntm,
2115 4180 2168 4227 et
2199 4173 2281 4229 sic
2314 4174 2546 4246 reliqua.
2577 4177 2649 4229 At
2687 4176 3038 4249 Demophilus
3071 4182 3499 4253 προστάσσοντα,

1939 4273 1994 4319 et
2023 4265 2366 4320 ὑπακούοντα
2393 4267 2585 4323 eodem
2623 4284 2732 4338 quo
2758 4268 3012 4326 Manilius
3038 4281 3091 4327 et
3110 4271 3313 4328 Paulus
3337 4274 3519 4329 modo.

1938 4354 2278 4421 describens,
2310 4357 2414 4412 hoc
2452 4373 2561 4413 uno
2590 4358 2802 4430 dill‘ert,
2836 4360 2983 4430 quod
3036 4361 3273 4418 Arietem
3327 4364 3499 4435 impen

1864 4451 2151 4507 Drantem
2215 4445 2392 4504 Libra:
2448 4452 2658 4517 statuit,
2692 4458 2765 4524 _et
2824 4451 3047 4508 Libram
3103 4455 3498 4511 auscultantem

1934 4541 2129 4597 Arieti.
2325 4592 2332 4601 ,
2662 4582 2667 4589 .

2004 4628 2184 4686 Julius
2209 4630 2482 4687 Firmicus
2504 4631 2601 4687 lib.
2625 4614 2699 4693 11;
2716 4614 2838 4704 cap.
2857 4632 3070 4701 xxx“,
3085 4635 3321 4690 videntia
3343 4631 3512 4706 signa!

1934 4722 2124 4778 eadem
2174 4739 2299 4778 cum
2328 4723 2700 4807 Ptolemaicis,
2733 4733 2789 4780 et
2829 4725 3077 4796 συζύγοις
3107 4727 3317 4784 Gemini
3343 4727 3511 4795 facit;

1933 4830 2107 4886 eaque
2159 4834 2219 4872 se
2264 4833 2331 4872 ex
2374 4816 2687 4887 Ptolemazo,
2714 4818 3006 4889 Antiocho,
3034 4828 3089 4875 et
3115 4820 3384 4876 Dorotheo
3411 4818 3500 4874 Si-

1934 4907 2103 4963 donio
2154 4906 2464 4967 describere
2513 4908 2823 4978 proﬁtetur,
2852 4918 3032 4979 .atque
3061 4912 3289 4966 antiscia
3321 4910 3497 4965 nomi-

1933 5006 2051 5061 nat,
2074 4997 2334 5053 nimirum
2355 4998 2501 5067 quod
2539 5000 2759 5054 umbras
2790 5015 2855 5056 ex
2880 5015 3037 5071 aequo
3082 5002 3503 5073 respondentes,

1933 5096 1989 5147 et
2043 5088 2273 5154 ἐναλλὰξ
2326 5087 2557 5145 faciant.
2619 5088 2754 5145 Nam
2793 5091 2851 5146 in
2902 5090 3143 5147 Geminis
3188 5101 3241 5146 et
3285 5090 3498 5165 Cancro

1934 5182 2169 5251 aequales
2201 5190 2330 5236 sunt
2369 5191 2582 5247 noctes,
2618 5181 2714 5238 sed
2763 5182 2982 5239 inverso
3021 5185 3212 5245 ordine
3248 5202 3263 5238 ε
3299 5184 3497 5254 quippe

1936 5273 2150 5327 iunium
2179 5274 2344 5329 unius
2365 5273 2459 5328 [ini
2485 5274 2713 5329 alterius
2746 5276 3020 5344 congruit.
3048 5273 3208 5329 Initio
3240 5271 3499 5331 Gemino-

1938 5379 2056 5418 rum
2101 5364 2219 5420 dies
2251 5370 2552 5434 noctesque
2601 5363 2755 5433 paria
2793 5362 3001 5418 faciunt
3032 5378 3154 5418 cum
3184 5362 3397 5427 diebus,
3432 5376 3500 5437 ac

1935 5456 2192 5512 noctibus
2249 5456 2304 5511 in
2365 5456 2473 5509 ﬁne
2517 5454 2738 5510 Cancri.
2774 5454 2853 5509 Ita
2892 5456 3106 5509 initium
3154 5454 3319 5509 Tauri
3370 5468 3497 5511 cum

1936 5550 2043 5606 line
2086 5548 2318 5617 Leonis;
2346 5547 2470 5603 linis
2501 5547 2648 5602 illius
2680 5563 2805 5602 cum
2843 5545 3009 5616 hujus
3036 5546 3191 5601 initio
3219 5544 3499 5600 convenit.

1939 5637 2031 5692 Sic
2081 5639 2300 5693 antiscii
2360 5639 2417 5692 in
2464 5636 2687 5705 sphaera.
2709 5635 2965 5691 dicuntur
2990 5650 3097 5691 non
3130 5635 3308 5689 solum
3351 5630 3500 5705 quod

1941 5732 2163 5788 umbras
2184 5730 2254 5803 in
2282 5731 2528 5787 diversas
2557 5737 2737 5799 partes
2765 5730 2994 5801 iaciant,
3019 5729 3114 5785 scd
3157 5728 3322 5784 etiam
3352 5722 3501 5796 quod
