3948 6264
472 343 612 400 1567

1453 346 1544 400 an
1581 345 1853 403 EUSEBII
1881 348 2280 406 CHRONICON
2317 333 2690 420 APPENDIX.{

3564 349 3701 405 1368

473 455 702 516 alternis
727 465 781 515 et
808 457 1081 514 contrario
1105 458 1264 514 modo
1297 462 1532 532 aequales
1555 462 2040 528 habeant;etenim
2068 474 2114 530 Α
2141 463 2381 518 Arietem
2427 461 2565 518 dixit
2615 477 2722 517 non
2765 462 2949 518 videre
2980 461 3195 518 Libram
3224 474 3442 534 prepter
3479 464 3702 533 interje-

474 550 676 607 antmci
721 550 919 615 nostri,
963 566 1086 606 cum
1113 559 1199 607 est
1228 553 1403 609 hiems
1434 555 1614 620 nobis,
1649 557 1893 611 umbram
1937 557 2034 616 ha-

475 642 605 699 bent
659 641 998 711 breviorem;
1029 658 1130 698 nos
1173 659 1303 699 vero
1334 644 1706 716 longissimam
1743 665 1755 701 :
1789 647 2033 720 vicissim

475 745 678 805 autem,
708 752 832 792 cum
874 745 1121 793 aestatem
1158 739 1443 804 habemus,
1477 742 1684 812 umbrae
1714 749 1843 816 sunt
1877 742 2034 798 nobis

471 827 838 890 brevissimae.
871 828 979 884 illis
1012 829 1361 905 longissimae.
1385 831 1521 886 Tum
1567 833 1877 904 praepositio
1912 832 2034 889 ἀντὶ

473 933 869 989 nonnunquam
921 923 1284 992 aequalitatem
1338 923 1628 996 signiﬁcat,
1660 931 1718 977 ut
1767 923 2030 991 ἀντίθεος,

473 1011 620 1080 quod
653 1013 862 1068 notavit
888 1012 1124 1070 Achilles
1158 1014 1346 1083 Tatius
1377 1017 1444 1071 ad
1476 1016 1627 1071 Arati
1658 1017 2030 1071 Plurnomena.

473 1101 534 1158 In
563 1103 665 1160 hac
693 1104 1047 1160 antisciorum
1082 1108 1312 1173 ratione,
1351 1124 1414 1163 ac
1437 1109 1556 1164 loco
1585 1109 1803 1164 Firmici
1837 1110 2031 1164 imma-

470 1197 617 1249 niter
657 1193 928 1252 aberravit
955 1196 1036 1250 vir
1070 1198 1357 1261 maximus,
1393 1207 1452 1255 ut
1499 1199 1618 1272 ejus
1660 1199 1802 1258 simii
1852 1199 2033 1256 verbis

473 1292 616 1351 utar.
651 1287 744 1357 qui
791 1288 927 1342 nihil
956 1304 1022 1344 ex
1064 1289 1189 1356 isto,
1223 1291 1327 1344 nisi
1361 1289 1564 1346 fastum
1617 1301 1672 1346 et
1702 1291 2032 1369 praecipitem

470 1379 852 1436 conﬁdentiam
873 1382 1162 1451 expressit.
1187 1382 1324 1438 Nam
1360 1384 1413 1438 in
1445 1383 1774 1447 Manilianis,
1806 1383 2033 1439 antiscia

471 1485 532 1526 se
561 1480 798 1532 veterum
830 1470 1096 1528 hactenus
1119 1475 1299 1544 ignota
1327 1475 1560 1544 primum
1597 1475 1837 1530 omnium
1869 1475 2038 1545 expli-

470 1575 628 1627 casse
654 1561 822 1645 jactat
844 1564 918 1638 (p.
947 1563 1047 1618 155
1075 1564 1289 1636 οι159),
1310 1573 1363 1620 et
1394 1567 1803 1630 mathematicos
1823 1583 2032 1633 omnes,

408 1692 410 1694 -
480 1653 628 1722 quod
671 1654 987 1710 nesciebant
1007 1655 1280 1712 docuisse.
1303 1657 1470 1729 Igitur
1497 1661 1728 1716 antiscia
1762 1660 2036 1732 veteribus

471 1744 630 1814 signa
648 1743 739 1800 illa
758 1745 927 1812 fuisse
945 1747 1097 1814 dicit,
1113 1765 1233 1819 quae
1252 1765 1280 1802 a
1298 1751 1516 1821 punctis
1533 1762 1764 1822 quatuor
1781 1751 2034 1808 cardina-

2134 563 2281 628 ctam
2342 563 2566 624 terram.
2597 554 2804 622 Quibus
2853 553 3108 608 nimirum
3166 557 3526 626 signiﬁcabat,
3559 557 3702 613 aliud

2134 661 2258 703 esse
2311 647 2550 719 signum,
2573 646 2719 716 quod
2750 646 2907 702 Aries
2943 645 3109 712 videt,
3139 646 3241 700 hoc
3287 656 3370 701 est
3399 647 3698 717 Virginem.

2141 736 2291 802 Quid
2347 731 2644 793 absurdius
2695 736 3060 803 Scaligeriana
3102 737 3206 791 ista
3246 739 3470 801 ratione,
3503 737 3613 791 dici
3640 740 3704 794 ab

2144 827 2416 901 Antiocho
2446 829 2679 886 Arietem
2707 845 2768 883 ac
2791 829 3006 884 Libram
3035 829 3263 884 antiscia
3296 830 3471 898 signa,
3499 830 3603 884 hoc
3628 841 3704 886 est

2145 919 2407 984 videntia,
2439 927 2498 974 ut
2550 937 2615 976 ex
2664 920 2953 976 Ptolemaeo
3003 920 3312 984 docuimus,
3359 936 3484 990 qua:
3535 936 3595 974 se
3639 922 3705 975 ob

2133 1018 2339 1066 terram
2393 1005 2732 1083 interjectam
2785 1013 2967 1068 videre
3010 1029 3120 1068 non
3165 1013 3434 1084 possunt?
3481 1011 3539 1066 Si
3587 1013 3703 1083 βλέ-

2135 1119 2304 1157 ποντα
2332 1113 2478 1168 sunt,
2505 1104 2815 1173 cujusmodi
2855 1105 2966 1159 sola
2999 1112 3128 1159 sunt
3162 1105 3391 1160 antiscia
3413 1147 3426 1169 ,
3462 1106 3704 1175 profecto

2131 1194 2317 1262 videre
2349 1211 2408 1251 se
2439 1205 2630 1251 mutuo
2662 1195 2878 1252 debent.
2909 1195 3098 1252 Caecus
3129 1196 3422 1251 admodum
3464 1197 3591 1260 fuit,
3624 1199 3705 1252 ni-

2133 1287 2415 1356 miumque
2451 1302 2772 1358 properans,
2789 1303 2911 1342 cum
2931 1287 3077 1343 hunc
3100 1287 3324 1343 Firmici
3355 1289 3539 1344 locum
3565 1291 3705 1361 lege-

2133 1385 2236 1443 ret,
2263 1379 2358 1450 qui
2379 1386 2490 1433 tam
2527 1388 2774 1452 apertum
2801 1380 3111 1436 conﬂictum
3143 1381 3427 1437 sententia:
3455 1398 3570 1438 sua:
3599 1398 3703 1436 non

2134 1471 2537 1526 animadvertit.
2587 1471 2652 1527 Et
2697 1479 2879 1528 tamen
2929 1473 3129 1542 sapius
3170 1471 3238 1528 de
3271 1473 3525 1527 antisciis
3556 1481 3705 1528 vete-

2132 1575 2256 1616 rum
2281 1575 2309 1614 a
2337 1575 2396 1616 se
2427 1561 2662 1633 primum
2691 1563 2975 1632 explicatis
3008 1572 3062 1618 et
3091 1561 3378 1633 patefactis
3406 1563 3708 1634 triumphat

2137 1652 2378 1722 Scaliger
2413 1670 2426 1706 :
2466 1654 2522 1708 in
2547 1654 2747 1724 quibus
2778 1653 2911 1708 nihil
2941 1652 3073 1708 vidit
3109 1654 3350 1708 omnino.

2205 1742 2488 1799 Postremo
2537 1755 2596 1801 ut
2653 1744 2723 1799 ad
2769 1743 2975 1799 Manilii
3033 1755 3086 1800 et
3140 1743 3296 1799 Pauli
3352 1744 3705 1800 Alexandrini

474 1837 622 1909 libus
643 1853 710 1909 ex
738 1854 892 1912 aequo
919 1839 1152 1910 distant;
1174 1842 1278 1896 hoc
1306 1850 1390 1898 est
1416 1853 1522 1898 tam
1555 1845 1849 1911 audientia,
1867 1857 2028 1915 quam
2060 1824 2103 1880 Β
2130 1835 2370 1890 videntia
2399 1844 2452 1891 et
2479 1835 2756 1891 audientia
2791 1835 2947 1906 signa
2972 1836 3158 1891 redeat
3188 1837 3384 1902 oratio,
3410 1837 3706 1892 verisimile

468 1927 733 1984 videntis.
763 1929 934 1985 Porro
991 1947 1114 1986 cum
1167 1933 1328 1988 iidem
1367 1944 1576 1992 veteres
1605 1937 1945 2006 aequinoctia,
1976 1941 2060 1990 et’

468 2016 708 2074 solstitia
729 2020 992 2094 committi
1023 2019 1308 2091 crederent
1331 2023 1385 2076 in
1404 2025 1533 2080 totis
1554 2023 2026 2080 dodecatemoriis.

469 2107 803 2179 tricenisque
833 2109 1112 2186 gradibus,
1147 2112 1272 2184 inde
1315 2112 1610 2178 accidisse,
1637 2122 1696 2168 ut
1717 2127 1770 2168 et
1800 2113 2029 2175 audien:

467 2198 544 2270 tia
570 2200 660 2254 illa
687 2199 947 2266 facerent,
983 2217 1106 2276 quae
1131 2219 1196 2272 ex
1228 2219 1383 2280 aequo
1413 2204 1618 2260 distant
1641 2205 1708 2260 ab
1739 2205 1921 2261 Ariete
1946 2203 2030 2259 vel

465 2287 654 2356 Libra,
687 2298 740 2346 et
786 2291 1044 2358 videntia,
1088 2309 1209 2368 quae
1243 2295 1311 2370 ab
1356 2293 1570 2351 Cancro
1599 2303 1653 2350 et
1694 2295 2030 2367 Capricorno

467 2380 600 2443 totis
635 2397 701 2438 ex
737 2398 893 2455 equo
923 2393 1132 2459 remota
1163 2396 1310 2443 sunt.
1367 2387 1492 2443 Haec
1543 2403 1576 2442 a
1637 2387 1869 2443 veritate
1904 2395 2032 2444 sunt

467 2471 826 2556 alienissima.
879 2474 1100 2550 Falsum
1133 2485 1219 2548 est
1262 2478 1516 2552 antiquos
1572 2479 1800 2533 antiscia
1855 2477 2032 2532 nomi-

465 2579 632 2623 nasse
659 2568 811 2638 signa
844 2568 1109 2640 ulla,quse
1127 2571 1196 2625 ab
1217 2567 1440 2642 integris
1465 2569 1832 2626 cardinalibus
1860 2569 2031 2642 signis

437 2657 663 2727 .aquali
699 2659 877 2729 spatio
922 2661 1213 2726 distarent,
1258 2662 1526 2734 siquidem
1583 2663 1717 2732 ipsis
1753 2663 2030 2732 signorum

466 2745 642 2803 initiis
704 2748 958 2821 cardines
1027 2749 1323 2821 aﬁigerent.
1381 2751 1518 2805 Tum
1573 2751 1628 2805 in
1678 2751 2032 2806 antisciorum

465 2835 736 2891 οἰκειώσει
767 2838 884 2892 sola
914 2849 1115 2910 puncta
1153 2840 1465 2896 solstitialia
1499 2840 1677 2894 locum
1707 2839 2032 2907 habuerunt,

467 2945 580 2988 non
609 2931 1046 3002 aequinoctialia;
1076 2946 1251 3002 neque
1301 2939 1415 2989 tota
1465 2933 1582 3002 ipsa
1628 2931 1824 2985 Cancri
1853 2938 1908 2984 et
1931 2928 2035 2983 Ca-

467 3023 712 3092 pricorni
751 3022 1207 3087 dodecatemoria,
1233 3022 1326 3078 sed
1357 3022 1449 3076 illa
1477 3023 1595 3091 ipsa
1628 3027 1827 3092 puncta
1853 3018 2037 3075 solsti-

467 3113 692 3186 tiorum.
735 3113 954 3187 Nullum
985 3114 1295 3168 vanissimas
1337 3113 1612 3183 opinionis
1651 3121 2027 3191 argumentum

469 3201 619 3263 aliud
663 3200 905 3274 Scaliger
956 3203 1160 3268 attulit,
1200 3203 1306 3257 nisi
1345 3201 1563 3256 Firmici
1599 3203 1776 3256 locum
1805 3202 1921 3271 (lib.
1957 3200 2024 3262 ll.

467 3305 522 3347 c.
556 3289 796 3362 XXXII),
829 3305 992 3365 quem
1047 3291 1282 3360 pessime
1329 3291 1720 3359 interpretatus
1764 3297 1866 3354 est.
1896 3287 2029 3356 Ejus

468 3381 758 3452 scriptoris
791 3384 954 3438 verba
986 3390 1115 3437 sunt
1151 3400 1163 3436 :
1207 3399 1226 3454 ι
1262 3380 1527 3444 Antiscia,
1559 3379 1871 3435 Grzecorum
1902 3384 2032 3432 sunt

467 3474 631 3530 nobis
661 3475 976 3552 magisterio
1023 3473 1241 3533 tradita.
1272 3472 1406 3527 Nolo
1431 3473 1578 3533 enim
1606 3473 1804 3550 aliquis
1853 3472 2033 3543 suspi—

470 3573 644 3645 eetur,
680 3566 825 3637 quod
881 3582 992 3621 non
1049 3566 1121 3622 sit
1167 3566 1309 3638 apud
1343 3565 1560 3622 Gracos
1603 3557 1709 3622 iste
1743 3572 2030 3624 tractatus.

469 3657 608 3713 Nam
636 3660 683 3718 si
704 3655 1030 3718 Ptolemaeus
1045 3659 1248 3714 nullam
1275 3661 1434 3714 aliam
1467 3660 1731 3715 rationem
1763 3661 2030 3732 sequitur,

470 3748 580 3804 nisi
631 3751 1011 3816 antisciorum,
1052 3759 1107 3806 et
1159 3751 1484 3815 Antiochus,
1517 3765 1642 3806 cum
1697 3751 1831 3806 dicit
1889 3750 2033 3821 quod

470 3840 637 3898 Libra
661 3842 898 3898 Arietem
927 3852 1146 3912 propter
1177 3851 1399 3910 terram,
1431 3859 1552 3914 quae
1587 3843 1759 3898 media
1793 3852 1894 3909 est,
1924 3859 2034 3897 non

471 3931 687 3999 videat;
720 3934 873 4002 quasi
909 3949 1004 4004 per
1031 3935 1310 4004 speculum
1343 3937 1564 4007 quidem
1598 3935 1862 3990 rationem
1893 3935 2036 3989 anti-

473 4027 714 4083 sciorum
753 4030 988 4100 attingit.
1033 4051 1052 4084 ι
1088 4030 1319 4102 Subjicit
1349 4031 1437 4086 his
1477 4028 1746 4083 Firmicus
1770 4026 2032 4082 antiscio-

471 4134 598 4174 rum
651 4121 1072 4193 descriptionem
1112 4138 1180 4178 ex
1235 4122 1504 4196 Dorotheo
1543 4120 1788 4194 Sidonio,
1822 4119 2034 4189 qualem

471 4224 577 4267 nos
633 4217 790 4267 antea
845 4208 1207 4285 reddidimus,
1243 4213 1494 4270 videlicet
1529 4213 1583 4268 in
1623 4227 1728 4284 qua
1769 4211 1924 4280 signa
1955 4208 2038 4263 die

473 4306 621 4356 stant
650 4300 931 4372 aequaliter
969 4316 998 4354 a
1039 4303 1257 4371 punctis
1287 4303 1510 4375 tropicis
1540 4321 1553 4356 :
1583 4299 1704 4372 quae
1735 4301 1894 4354 unica
1929 4305 2034 4363 est,

472 4397 530 4446 et
553 4376 840 4446 verissima
867 4391 1008 4448 ratio
1031 4390 1140 4444 τῶν
1171 4391 1485 4455 ἀπισκιων,
1510 4391 1765 4446 vetustati
1796 4388 2033 4458 cognita.

470 4483 542 4537 At
575 4483 819 4554 Scaliger
841 4499 904 4538 ex
930 4483 1038 4538 illis
1071 4482 1293 4537 Firmici
1324 4483 1505 4538 verbis
1542 4483 1746 4554 colligit
1775 4481 2032 4552 primum,

471 4575 542 4628 τὰ
572 4577 981 4646 προστάσσοντα
1019 4584 1243 4640 tantum,
1274 4583 1329 4630 et
1374 4574 1712 4629 ὑπακούοντα
1749 4592 1767 4624 ι
1807 4570 2037 4627 antiscia

472 4667 658 4722 vocari
696 4686 714 4719 ι
753 4683 785 4721 a
842 4665 1075 4744 irmico
1112 4685 1124 4720 ε
1155 4676 1267 4721 tum
1318 4666 1548 4722 antiscia
1595 4665 1844 4720 Antiochi
1901 4662 2037 4718 falso

471 4774 598 4833 cum
627 4757 974 4834 Ptolemaicis
1007 4758 1288 4823 confundi,
1332 4773 1452 4812 cum
1486 4759 1596 4813 sint
1624 4759 1871 4819 diversa;
1909 4771 2034 4810 nam

470 4832 726 4904 Antiochi
753 4832 982 4904 antiscia
1011 4857 1140 4904 sunt
1167 4833 1256 4902 illa
1286 4857 1549 4912 veterum,
1580 4849 1634 4902 in
1661 4849 1859 4918 quibus
1883 4863 2036 4901 com-

471 4943 627 5012 paria
656 4941 812 5011 signa
837 4941 904 4996 ab
925 4941 1153 5011 integris
1185 4926 1641 4996 dodecatemoriis
1665 4939 2036 4995 cardinalibus

469 5048 537 5113 es
563 5026 718 5102 aequo
751 5040 1118 5097 removentur,
1152 5039 1213 5086 ut
1248 5037 1376 5086 sunt
1406 5032 1562 5108 Aries
1605 5039 1660 5087 et
1696 5030 1878 5086 Libra.
1911 5029 2037 5085 Haec

473 5122 740 5200 Scaliger.
787 5122 848 5178 In
878 5125 1077 5194 quibus
1117 5133 1226 5179 tam
1264 5125 1331 5178 ab
1375 5124 1454 5178 rei
1505 5123 1752 5186 veritate,
1805 5137 1969 5192 quam
2003 5137 2035 5176 a

471 5223 656 5274 mente
700 5209 924 5291 Firmici
988 5223 1138 5271 totus
1198 5216 1437 5270 aberrat.
1486 5214 1757 5292 Firmicus
1805 5215 2038 5271 antiscia

472 5308 592 5364 sola
637 5307 728 5362 illa
762 5310 914 5378 signa
951 5308 1223 5380 nominat,
1253 5323 1371 5378 quae
1399 5306 1721 5361 Ptolemaeus
1751 5307 2034 5376 βλέποντα,

473 5408 586 5448 non
618 5383 960 5470 imperantia,
988 5397 1245 5451 nimirum
1269 5390 1331 5452 ea
1361 5397 1782 5466 duntaxat,quzr.
1831 5413 1860 5451 a
1903 5413 2039 5466 pun-

475 5483 580 5537 ctis
629 5485 1010 5541 solstitialibus
1064 5487 1350 5560 aequaliter
1390 5485 1632 5554 distant;
1669 5487 1768 5541 nee
1797 5494 1926 5542 sunt
1951 5487 2037 5541 di-

475 5586 655 5638 versa,
693 5591 814 5644 qua:
856 5575 1160 5631 Antiochus
1190 5577 1491 5641 astruebat,
1529 5577 1597 5631 ab
1622 5565 1876 5632 antisciis
1914 5577 2040 5632 Pto-

477 5661 654 5717 ιιιωωί
696 5675 790 5720 aut
834 5664 1078 5723 Firmici.
1115 5667 1441 5722 Antiochum
1485 5669 1560 5722 ait
1598 5667 1868 5726 Firmicus
1899 5671 2040 5724 anti-

466 5754 720 5828 scioruni
781 5756 1018 5818 obscure
1067 5758 1383 5816 meminisse
1427 5759 1610 5816 verbis
1652 5760 1796 5829 illis,
1840 5761 2039 5832 quibus

2129 1932 2213 1979 est
2269 1924 2410 1979 hanc
2470 1925 2688 1980 illorum
2735 1925 3026 1989 rationem,
3063 1940 3184 1994 quae
3216 1925 3371 1994 paria
3420 1925 3700 1994 signorum

2130 2015 2364 2071 instituit
2394 2015 2688 2086 ejusmodi,
2710 2031 2830 2086 quae
2859 2031 2967 2070 non
3010 2031 3039 2069 a
3064 2016 3282 2086 punctis
3304 2015 3700 2081 cardinalibus,

2129 2107 2223 2162 sed
2267 2107 2349 2176 ab;
2379 2107 2607 2178 integris
2641 2122 2831 2163 eorum
2869 2107 3324 2164 dodecatemoriis
3365 2109 3488 2178 pari
3534 2109 3704 2177 spatio

2128 2196 2354 2270 distant,
2387 2213 2455 2253 ex
2483 2199 2573 2252 illa
2600 2207 2865 2262 veterum,
2889 2213 3052 2268 quam
3081 2214 3246 2268 supra
3269 2198 3691 2262 declaravimus.

2129 2287 2389 2359 opinione
2439 2293 2886 2358 manassefqute
2931 2294 3137 2359 puncta
3162 2286 3350 2367 eadem
3388 2301 3501 2342 non
3532 2287 3704 2344 initiis

2131 2380 2436 2452 signorum,
2478 2379 2574 2436 sed
2613 2379 2810 2436 mediis
2837 2380 2973 2450 ipsis
3004 2379 3353 2449 ascripserat.
3384 2377 3459 2431 Ita
3506 2381 3706 2448 quippe

2131 2480 2244 2527 tam
2298 2472 2624 2542 imperantia
2680 2478 2734 2527 et
2787 2471 3159 2527 auscultantia
3186 2469 3392 2526 distant
3422 2471 3704 2540 aequaliter

2133 2565 2202 2619 ab
2251 2565 2725 2636 mquinoctialibus
2774 2565 3012 2636 punctis,
3043 2579 3206 2635 quam
3257 2578 3288 2617 a
3335 2564 3566 2634 tropicis
3591 2563 3703 2632 βλέ-

2132 2672 2336 2723 ποντα;
2401 2657 2629 2710 antiscia
2656 2671 2782 2710 vero
2812 2656 3081 2710 nominari
3111 2656 3226 2711 sola
3256 2654 3370 2709 haec
3401 2655 3702 2724 posteriora

2132 2748 2352 2804 debent.
2396 2745 2472 2802 De
2522 2747 2676 2802 hisce
2719 2746 2846 2801 vide
2897 2745 3262 2802 Mirandulani
3283 2746 3701 2818 disputationem

2131 2839 2226 2895 lib.
2254 2837 2321 2892 Vl
2348 2847 2541 2896 contra
2571 2838 2758 2893 astrol.
2787 2853 2909 2908 cap.
2943 2836 3060 2892 Xll.

2693 2950 2921 3007 CAPUT
2965 2951 3101 3006 Vill.

2133 3040 2214 3098 De
2237 3042 2603 3114 dignoscendis
2630 3043 2902 3097 stellarum
2935 3045 3138 3098 ortibus
3185 3052 3235 3098 et
3265 3044 3558 3104 occasibus,
3578 3061 3695 3114 quo-

2207 3130 2324 3166 rum
2347 3113 2486 3182 apud
2515 3123 2752 3167 auctores
2787 3116 2981 3168 mentio
3021 3114 3096 3183 ﬁt
3123 3129 3140 3166 :
3180 3129 3294 3183 qua:
3323 3131 3404 3167 res
3435 3117 3584 3167 certis
3612 3132 3695 3168 re-

2196 3185 2419 3254 gulis,“
2449 3184 2696 3254 exeirtptis
2721 3185 3034 3254 instruitur;
3062 3182 3474 3252 Theophrastus,
3513 3184 3694 3246 Varro,

2212 3252 2452 3326 Plinius,
2493 3252 2808 3326 Columella,
2844 3253 3185 3326 Ptolemja'us,
3222 3254 3415 3326 aliique
3453 3254 3532 3306 vel
3581 3256 3700 3307 illu-

2210 3325 2394 3386 strati,
2428 3323 2504 3376 rel
2541 3321 2834 3393 emendati;
2865 3324 2983 3393 qua:
3008 3321 3075 3376 sn
3107 3321 3406 3376 admissura
3447 3334 3700 3393 tempora-

2203 3395 2310 3458 ria,
2340 3404 2388 3447 et
2423 3396 2677 3448 serotina.
2708 3391 2958 3447 Geneseos
2994 3393 3138 3446 locus
3167 3394 3465 3462 exponitur.

2217 3483 2321 3549 Qui
2349 3498 2415 3538 ex
2451 3483 2834 3537 astronomicis
2879 3482 3082 3537 tabulis
3118 3489 3503 3550 computantur
3531 3488 3697 3544 ortus,

2137 3571 2436 3642 obitusque
2491 3571 2791 3636 stellarum,
2839 3570 3029 3640 quales
3082 3568 3137 3623 in
3197 3569 3302 3623 ﬁne
3366 3568 3494 3622 libri
3544 3567 3700 3636 primi

2133 3665 2547 3735 descripsimus,
2573 3664 2609 3718 ii
2639 3665 2748 3718 veri
2780 3674 2926 3730 sunt,
2951 3671 3005 3718 et
3035 3663 3298 3734 ἀκριϐεῖς,
3328 3677 3428 3716 nec
3450 3661 3520 3714 ad
3547 3661 3700 3730 liqui—

2135 3759 2264 3811 dum
2314 3765 2655 3828 apparentes,
2686 3758 2848 3811 etiam
2885 3755 3113 3820 heliaci;
3144 3769 3266 3808 nam
3298 3754 3351 3807 in
3390 3753 3496 3806 hoc
3524 3759 3700 3822 poste-

2134 3847 2266 3902 riori
2314 3863 2508 3917 genere
2560 3848 2647 3916 (de
2701 3847 2910 3902 caeteris
2956 3847 3099 3901 enim
3139 3846 3417 3915 explorata
3454 3859 3544 3898 res
3598 3850 3696 3907 est,

2135 3953 2476 4009 nequaquam
2507 3954 2602 3994 eos
2646 3940 2762 3994 visu
2792 3953 2955 4009 posse
2989 3939 3253 4009 discerni)
3287 3937 3519 3992 extremi
3540 3950 3701 4006 appa-

2135 4032 2351 4087 ritionis
2381 4032 2599 4086 termini
2634 4033 2995 4102 colliguntur;
3030 4031 3131 4084 hoc
3161 4042 3243 4085 est
3265 4036 3539 4084 momenta
3564 4028 3697 4098 ipsa,

2137 4125 2192 4179 in
2227 4126 2427 4214 quibus
2461 4125 2532 4180 ita
2581 4125 2756 4194 primo
2818 4133 3161 4194 postremove
3190 4129 3511 4184 cernuntur,
3542 4130 3600 4174 ut
3625 4120 3701 4172 ci-

2138 4223 2222 4269 tra
2250 4212 2314 4271 ea
2342 4216 2515 4270 videri
2548 4215 2821 4270 desinant.
2859 4213 3226 4280 Quamobrem
3257 4212 3399 4284 quod
3431 4221 3544 4266 tum
3579 4225 3701 4280 pro-

2136 4307 2261 4377 pius
2311 4306 2630 4377 contingunt
2667 4305 3004 4360 horizontem
3028 4345 3042 4369 ,
3072 4314 3126 4359 et
3159 4303 3456 4380 interjectis
3487 4301 3697 4356 nebulis

2146 4415 2210 4472 ac
2228 4379 2520 4468 vaporibus
2553 4397 2869 4468 plerumque
2893 4399 3060 4450 latent
3084 4395 3348 4458 adhuc,et
3380 4393 3698 4448 intuentium

2067 4497 2111 4552 Β
2143 4489 2474 4544 frustrantur
2518 4488 2741 4555 oculos,
2776 4489 2904 4541 hinc
2935 4485 3076 4556 apud
3122 4486 3416 4555 scriptores
3459 4499 3585 4538 raro
3615 4482 3700 4535 illa

2139 4581 2332 4637 eadem
2363 4579 2746 4650 exprimuntur
2797 4586 3060 4647 tempora,
3094 4593 3213 4646 qua:
3259 4575 3565 4630 tabularum
3596 4589 3700 4626 me-

2138 4672 2338 4726 thodus
2371 4671 2618 4737 exhibet;
2651 4670 2743 4726 sed
2777 4671 3053 4739 aliquanto
3092 4677 3234 4732 ante,
3265 4669 3347 4722 vel
3381 4674 3590 4736 postea,
3616 4679 3701 4717 or—

2138 4772 2230 4819 tus
2253 4773 2307 4820 et
2327 4779 2558 4819 occasus
2588 4763 2664 4816 illi
2697 4762 3030 4816 referuntur.
3056 4760 3134 4812 Ac
3167 4767 3294 4814 sunt
3321 4772 3382 4812 ea
3413 4754 3700 4826 repetenda

2138 4857 2422 4918 memoria,
2459 4870 2580 4924 quze
2607 4869 2674 4908 ex
2707 4851 2936 4907 Gemino
2963 4854 3103 4922 (cap.
3131 4850 3223 4914 X1,
3248 4865 3366 4919 pag.
3399 4848 3490 4919 98)
3529 4845 3701 4916 capite

2138 4945 2303 5015 hujus
2323 4945 2443 4998 libri
2469 4944 2632 4999 tertio
2653 4942 3012 5010 tradidimus;
3045 4950 3198 4996 ortus
3227 4949 3563 5008 Occasusque
3590 4951 3700 4989 ma-

2137 5037 2345 5092 tutinos
2404 5051 2582 5100 veros,
2617 5035 2731 5091 sive
2774 5051 2885 5088 non
2936 5042 3279 5105 apparentes,
3317 5030 3526 5100 priores
3580 5039 3700 5081 esse

2139 5127 2502 5198 φαινομένοις,
2539 5126 2590 5181 id
2617 5131 2702 5181 est
2735 5143 2754 5176 ι
2789 5124 3238 5195 ορρονοιιιὶὺυεμ
3264 5127 3454 5176 contra
3481 5131 3700 5187 vesper-

2137 5220 2285 5274 tinos
2317 5207 2636 5287 apparentes
2669 5217 2820 5285 prius
2856 5216 3102 5270 accidere
3130 5228 3290 5283 quam
3321 5225 3480 5266 veros
3512 5228 3525 5262 :
3559 5204 3700 5278 quod

2137 5319 2192 5366 et
2229 5325 2318 5364 res
2376 5311 2492 5378 ipsa
2547 5308 2738 5372 docet,
2769 5314 2821 5361 et
2869 5321 2990 5376 quae
3018 5306 3072 5359 in
3104 5303 3422 5359 laterculum
3470 5297 3700 5368 conjeci—
3730 5364 3734 5372 _

2138 5417 2262 5456 mus
2312 5401 2560 5469 exempla
2589 5399 2984 5454 demonstrant.
3013 5395 3090 5451 lbi
3129 5396 3273 5450 enim
3305 5391 3500 5447 lteliaci
3526 5402 3696 5454 ortus,

2141 5490 2254 5544 sive
2278 5490 2527 5543 matutini
2556 5498 2900 5559 apparentes,
2927 5487 3180 5542 cosmicis
3202 5484 3531 5554 posteriores
3556 5491 3695 5546 sunt,

2138 5592 2194 5638 et
2224 5596 2455 5636 occasus
2487 5581 2700 5645 heliaci,
2720 5582 2832 5635 sive
2859 5585 3184 5650 apparentes
3204 5575 3521 5646 vespertini,
3549 5589 3698 5628 acro-

2139 5671 2371 5742 nychos,
2401 5687 2498 5726 seu
2526 5671 2868 5740 vespertinos
2908 5685 3067 5725 veros
3105 5667 3458 5726 antecedunt.
3489 5665 3624 5720 Tum
3649 5665 3698 5718 in

2142 5762 2472 5836 vespertinis
2503 5763 2713 5820 ortibus
2737 5773 2790 5821 et
2809 5761 3091 5820 matutinis
3115 5759 3423 5825 occasibus,
3449 5774 3477 5812 a
3511 5759 3699 5830 quibus
