3948 6264
495 310 625 367 137i
1479 333 1573 374 Au
1610 320 1874 376 nuScLBII
1904 319 2295 377 CHRONICON
2336 321 2692 378 APPENDIX.
3588 325 3723 380 137?.

494 426 626 484 Item
649 427 717 482 de
746 427 954 484 heliaco
987 438 1040 486 et
1071 440 1369 502 apparente
1395 432 1543 503 loqui
1574 436 1917 504 perspicuum
1949 445 2051 498 est,
2082 443 2129 499 Α
2225 436 2482 508 Polybius
2521 435 2690 497 Iibfl
2733 437 2923 493 scribit
2951 433 3253 490 'Romanos
3305 434 3374 504 inf
3414 435 3653 492 Africam
3692 455 3719 497 ε

492 531 607 575 tum
635 523 782 592 quod
807 531 1130 592 apparentes
1156 526 1360 595 potius,
1393 542 1555 595 quam
1589 542 1748 581 veros
1774 529 1843 581 ab
1869 537 2056 581 aucto-
2163 528 2350 583 Sicilia
2384 529 2666 598 trajecisse
2699 530 2840 583 inter
2870 535 3049 582 ortum
3088 523 3302 583 Orionis
3346 538 3402 583 et
3450 526 3603 593 Sirii,
3638 530 3718 584 in-

490 613 647 668 ribus
681 614 973 669 memorari
1002 616 1261 682 diximus,
1306 626 1421 670 tum
1453 618 1597 687 quod
1632 619 1687 672 in
1720 617 1959 690 Virginis
1986 619 2057 673 27
2159 620 2449 674 commoda
2502 627 2839 691 tempestate.
2893 616 3083 672 Ortum
3133 618 3422 689 utrobique
3472 619 3718 689 intelligit

490 704 713 774 gradum
755 704 994 762 incidere
1028 706 1275 764 videmus
1333 709 1601 763 heliacum
1644 717 1846 775 ortum,
1888 711 1939 764 id
1971 718 2056 766 est
2156 708 2453 764 heliacum.
2483 709 2617 763 Nam
2652 708 2828 765 Sirius
2857 707 3164 763 Lcontonos
3196 723 3313 784 vui,
3356 710 3580 764 ineunte
3616 710 3717 765 Au-

488 811 677 851 verum
708 806 759 852 et
784 797 1105 853 cosmicum.
1136 798 1503 854 Parthenonis
1549 816 1713 870 porro
1758 817 1901 857 xxvu
1937 802 2053 858 dies
2156 810 2340 869 gusto,
2370 798 2536 856 Orion
2577 801 2737 871 paulo
2770 809 2892 869 post
2924 802 3211 856 solstitium
3245 800 3375 855 oriri
3404 801 3713 871 incipiebat.

488 886 546 941 in
564 886 889 944 Kalendario
912 888 982 944 ad
1014 888 1344 960 Septembris
1376 907 1468 945 χχι
1506 892 1833 960 adnotatur;
1875 893 2054 949 Theo-
2153 890 2295 964 Ergo
2322 891 2467 949 Julio
2496 909 2680 949 mense
2707 884 3055 965 navigarunt.
3091 893 3180 948 Sic
3213 892 3483 949 Hesiodus
3528 895 3717 952 messis

489 980 698 1050 phrasti
731 997 862 1038 vero
908 985 1107 1039 saeculo
1131 984 1337 1053 aliquot
1380 992 1505 1039 ante
1533 984 1723 1040 diebus
1751 985 2048 1042 accidebat.

489 1070 732 1144 Denique
772 1074 1219 1131 Boedromionem
1251 1076 1457 1132 scimus
1500 1077 1724 1131 tertium
1771 1078 1841 1132 ab
1868 1078 2052 1133 solsti-

489 1165 603 1218 tiali
656 1181 895 1223 mensem
954 1166 1126 1222 fuisse
1188 1166 1459 1223 lunarem.
1492 1167 1815 1224 Ptolemaeus
1863 1178 2051 1225 noster

487 1264 668 1310 ortum
741 1257 953 1313 confert
1027 1257 1247 1312 Arcturi
1314 1257 1370 1312 in
1424 1273 1551 1312 xxvi
1612 1257 1944 1329 Septembris
1997 1270 2052 1314 et

487 1344 740 1404 Octobris
774 1363 861 1413 ur,
892 1354 1059 1403 recte.

504 1423 515 1437 ‘
553 1435 760 1495 Plinius
775 1438 891 1508 (lib.
912 1438 1098 1507 xvm,
1115 1455 1166 1497 c.
1185 1438 1398 1511 xxvr),
1418 1440 1660 1496 eamdem
1682 1440 1897 1495 Arcturi
1920 1444 2049 1497 stel-

485 1527 591 1583 Iam
622 1529 820 1583 asserit
847 1537 1093 1587 exortum
1126 1534 1494 1602 vespertinum
1529 1530 1707 1588 facere
1737 1548 1813 1587 vu
1845 1533 2047 1589 Kalen-

484 1619 582 1674 das
618 1617 820 1685 Martii,
850 1620 1146 1677 Columella
1178 1638 1308 1678 vero
1341 1638 1396 1677 Ix
1429 1622 1721 1680 Kalendas.
1778 1626 1833 1679 In
1887 1626 2049 1681 later—

483 1710 608 1765 culo
665 1718 857 1768 nostro
915 1715 1257 1785 acronychus
1312 1724 1534 1772 exortus
1592 1715 1814 1771 Arcturi
1868 1716 1928 1772 fit
1986 1718 2044 1773 in

481 1800 653 1870 gradu
684 1800 920 1857 Piscium
971 1804 1059 1870 Η,
1090 1805 1143 1859 id
1188 1814 1273 1861 est
1322 1804 1650 1877 lchthyonos
1691 1823 1802 1873 xw,
1832 1824 1953 1880 quae
1985 1811 2001 1864 i

481 1889 811 1950 Kalendario
858 1892 1037 1950 Martii
1092 1913 1126 1951 v
1181 1897 1455 1952 convenit.
1503 1895 1736 1961 Verum,
1784 1906 1845 1953 ut
1906 1914 2047 1971 saepe

482 1983 688 2039 dictum
728 1991 836 2049 est,
873 1996 1027 2044 ortus
1062 1988 1406 2059 vespertinus
1442 2003 1625 2051 verus,
1658 2004 1819 2061 quem
1861 1992 2048 2047 tabula

481 2077 706 2145 praebet,
736 2079 1008 2148 posterior
1044 2087 1130 2136 est
1178 2080 1481 2151 apparenti.
1528 2079 1654 2136 Ideo
1694 2083 1901 2153 aliquot
1927 2084 2061 2139 dieo'

483 2165 587 2222 bus
619 2177 741 2237 post
771 2183 1028 2227 occasum
1074 2171 1243 2227 solem
1283 2173 1535 2229 exoriens
1574 2174 1727 2229 stella
1758 2184 2049 2244 prOSpecta

482 2266 588 2323 est,
616 2258 790 2316 donec
815 2277 1001 2316 verum
1053 2263 1122 2318 ad
1160 2270 1409 2319 exortum
1443 2266 1769 2335 perveniret.
1813 2266 1884 2320 At
1928 2264 2050 2319 Fir-

480 2350 658 2407 micus
698 2352 792 2407 lib.
838 2351 972 2418 VIII,
1026 2368 1150 2425 cap.
1202 2354 1342 2419 XIV,
1391 2356 1686 2413 Arcturum
1747 2357 1936 2412 scribit
1990 2358 2046 2412 in

448 2446 633 2514 'parte
689 2442 970 2515 Sagittarii
1018 2447 1208 2517 quinta
1261 2455 1440 2503 ortum
1493 2448 1676 2504 facere
1708 2446 1731 2504 :'
1766 2448 1912 2519 quod
1962 2457 2047 2505 est

478 2532 855 2591 falsissimum.
888 2537 1158 2595 Occasum
1192 2540 1562 2611 acronycbum
1611 2540 1812 2596 alicubi
1843 2540 2047 2612 legerat

478 2626 537 2680 in
570 2641 635 2680 ea
663 2635 818 2696 parte
858 2627 976 2685 ﬁeri
1002 2648 1015 2686 :
1046 2645 1146 2701 pro
1173 2646 1281 2701 quo
1313 2632 1686 2702 imprudenter
1714 2639 1892 2687 ortum
1920 2632 2046 2687 red-

476 2716 634 2803 didit.
678 2718 1032 2793 Acronychus
1090 2738 1322 2780 occasus
1367 2722 1582 2781 Juliano
1641 2726 1842 2781 saecqu
1884 2725 2046 2780 fiebat

476 2807 536 2862 in
589 2818 744 2878 parte
793 2809 1071 2881 Sagittarii
1129 2816 1185 2879 4,
1248 2815 1493 2873 heliacus
1548 2825 1729 2872 autem
1780 2818 1837 2872 in
1891 2826 2046 2888 parte

477 2898 692 2970 Scorpii
724 2901 1029 2959 undecima.
1064 2904 1235 2961 Porro
1269 2908 1556 2962 undecima
1586 2908 1703 2973 dies
1729 2907 2044 2979 Scorpionis

476 2992 652 3061 pridie
686 2992 870 3051 Nonas
897 2995 1229 3052 Novembres
1266 2998 1322 3051 in
1361 3007 1551 3053 nostro
1583 2998 1908 3054 Kalendario
1942 3016 2043 3054 no-

476 3089 662 3138 tatur:
699 3085 846 3139 circa
874 3102 1036 3156 quem
1068 3087 1211 3143 diem
1241 3104 1272 3142 a
1304 3087 1481 3143 Plinio
1521 3097 1576 3143 et
1619 3090 1916 3145 Columella
1946 3104 2042 3161 po-
2069 3111 2115 3173 ς

475 3171 647 3237 nitur,
688 3172 793 3228 hoc
820 3184 905 3230 est
933 3176 1121 3247 paucis
1165 3184 1291 3233 ante
1321 3177 1535 3241 diebus,
1569 3185 1629 3231 ut
1671 3194 1737 3232 ex
1767 3177 2040 3234 Kalenda-

476 3262 581 3326 rio,
616 3278 786 3333 quem
826 3280 895 3321 ex
936 3268 1203 3322 ambobus
1242 3276 1297 3323 et
1334 3267 1530 3323 Ovidio
1570 3267 1928 3335 confecimus,
1972 3271 2043 3325 li-

474 3361 624 3423 quet,
650 3357 909 3426 quoniam
937 3373 1205 3429 apparens
1229 3374 1463 3417 occasus
1488 3361 1832 3431 vespertinus
1855 3378 2041 3417 verum

474 3447 768 3503 antecedit.
822 3446 1067 3519 Denique
1120 3451 1417 3506 Columella
1465 3452 1559 3506 lib.
1612 3451 1706 3517 IX,
1745 3468 1867 3522 cap.
1902 3452 2043 3522 XIV,

475 3537 669 3592 scribit
694 3538 984 3595 Arcturum
1006 3542 1138 3595 oriri
1165 3550 1286 3612 post
1302 3543 1814 3614 quinquagesimum
1842 3559 1874 3598 a
1901 3545 2045 3599 cani-

472 3629 597 3683 cula
626 3628 772 3686 diem
802 3647 817 3685 :
849 3630 995 3701 quod
1021 3632 1089 3688 de
1117 3640 1243 3687 ortu
1272 3633 1481 3689 heliaco
1507 3648 1694 3688 verum
1718 3640 1821 3690 est.
1857 3633 2035 3689 Sirius

472 3720 751 3777 oriebatur
779 3722 979 3778 Caesari
1006 3724 1313 3780 Leontonos
1348 3741 1464 3787 vui,
1498 3725 1552 3781 id
1593 3734 1676 3781 est
1714 3724 1942 3797 Augusti
1979 3745 2040 3792 ιι,

473 3808 744 3867 Arcturus
794 3810 1170 3871 Parthenonos
1213 3829 1384 3878 xxvu,
1435 3814 1778 3871 intervallum
1828 3816 2041 3873 dierum

476 3900 874 3972 quinquaginta
900 3902 1223 3959 solidorum.

543 3994 797 4052 Orionem
832 3996 1237 4068 Theophrastus
1258 3999 1333 4052 ait
1353 3999 1485 4053 oriri
1509 4000 1565 4052 ὲν
1598 4001 1740 4071 ἀρχῇ
1771 3999 1871 4070 τῆς
1900 3998 2045 4052 ὀπώ-

474 4104 607 4160 ραςο
641 4087 816 4143 δύνειν
851 4092 909 4144 ὲν
942 4091 1080 4162 ἀρχῇ
1108 4089 1202 4143 τοῦ
1236 4091 1518 4161 χειμῶνος,
1559 4091 1650 4146 ubi
1692 4090 1912 4163 ὀπώραν
1939 4106 2040 4161 pro

473 4179 771 4238 inclinante
796 4182 909 4251 jam
940 4192 1126 4239 aestate
1149 4184 1334 4248 sumit,
1373 4184 1565 4240 diebus
1609 4184 1820 4253 aliquot
1849 4200 1879 4238 a
1910 4198 2042 4239 con-

473 4270 616 4327 fecto
661 4272 1023 4355 solstitia-In
1069 4275 1356 4339 laterculo,
1400 4275 1585 4330 lucida
1622 4275 1777 4346 pedis
1823 4273 2042 4332 Orionis

471 4363 742 4420 lieliacum
788 4374 971 4421 ortum
1026 4364 1156 4421 facit
1194 4365 1518 4425 Carcinonis
1571 4383 1726 4431 xvuu,
1762 4367 1890 4423 Julii
1938 4384 2036 4423 xu.

2156 999 2220 1041 ac
2247 986 2459 1042 triturae
2486 995 2702 1056 tempus
2734 987 3133 1042 circumscribit
3163 984 3384 1041 Orionis
3413 996 3608 1041 exortu
3633 1004 3651 1043 :

2222 1138 2239 1154 .
2281 1140 2296 1153 .
2334 1139 2351 1155 .
2385 1093 2522 1154 Εὗτ’
2556 1098 2632 1152 ἂν
2663 1098 2864 1167 πρῶτα
2896 1098 3055 1168 φανῇ
3086 1098 3268 1168 μένος
3312 1100 3611 1168 Ὠρίωνος·

2150 1226 2157 1271 ;
2222 1253 2236 1265 .
2276 1248 2291 1262 .
2335 1249 2349 1264 .
2387 1208 2520 1265 Cum
2547 1212 2774 1280 primum
2818 1226 3066 1281 apparere
3102 1213 3251 1281 erepit
3291 1212 3454 1267 robur
3482 1210 3712 1269 Orionis.

2217 1317 2420 1375 Leonis
2456 1320 2512 1375 in
2540 1326 2758 1390 pectore
2812 1320 2958 1374 clara
3008 1321 3162 1375 stella
3202 1321 3403 1376 occidit
3438 1338 3586 1377 xxvu
3626 1320 3713 1378 Ja-

2147 1411 2350 1476 nuarii,
2386 1420 2445 1465 ut
2484 1411 2675 1467 scribit
2715 1410 3037 1476 Columella,
3071 1422 3129 1466 ut
3172 1410 3419 1478 Ovidius,
3468 1430 3617 1468 xxiv.
3656 1414 3713 1469 In

2146 1501 2413 1556 laterculo
2438 1512 2630 1557 nostro
2659 1501 2842 1557 eadem
2876 1503 3029 1556 stella
3055 1502 3342 1573 Hydronos
3373 1505 3538 1559 tertio
3564 1520 3714 1560 mane

2146 1592 2367 1657 occidit,
2402 1608 2628 1663 prorsus
2662 1599 2721 1646 ut
2758 1590 2980 1647 Ovidius
3024 1594 3208 1657 refert,
3256 1590 3505 1647 Januarii
3567 1610 3711 1649 xxiv.

2146 1681 2325 1749 Quare
2355 1681 2421 1738 de
2453 1698 2654 1738 occasu
2691 1683 2934 1737 cosmico
2961 1681 3260 1751 capiendus
3298 1689 3403 1738 est.
3446 1684 3516 1736 At
3557 1683 3713 1738 Colu-

2006 1771 2043 1865 ἦ
2073 1785 2116 1840 Β
2142 1771 2300 1828 mella
2325 1771 2521 1829 Leonis
2553 1774 2753 1828 claram
2783 1774 2837 1827 in
2881 1782 3099 1844 pectore
3140 1773 3351 1828 stellam
3392 1774 3600 1842 exoriri
3633 1789 3714 1830 as-

2149 1865 2281 1921 serit
2310 1881 2365 1919 ιχ
2396 1864 2665 1921 Kalendas
2704 1864 2932 1937 Augusti
2969 1873 3024 1920 et
3064 1865 3239 1936 pridie
3266 1863 3451 1921 Nonas
3486 1864 3711 1936 Augusti

2146 1955 2382 2013 Leonem
2420 1958 2553 2013 oriri
2579 1959 2842 2014 medium.
2879 1958 3036 2024 Quod
3062 1958 3128 2014 de
3158 1958 3366 2014 heliaco
3398 1973 3511 2014 non
3544 1968 3711 2028 potest

2148 2048 2357 2118 accipi;
2387 2050 2481 2120 qui
2522 2048 2833 2104 Leontonos
2863 2066 3017 2111 an,
3068 2049 3295 2120 Augusti
3340 2066 3420 2105 χιι
3461 2051 3710 2122 primitus

2146 2141 2397 2209 occoepit,
2430 2142 2496 2196 ad
2522 2156 2708 2196 verum
2745 2148 2798 2194 et
2829 2141 3125 2195 cosmicum
3157 2141 3348 2195 referri
3387 2149 3588 2213 potest.
3619 2143 3710 2194 At-

2146 2230 2237 2299 qui
2284 2229 2492 2287 Plinius
2544 2232 2640 2287 lib.
2675 2229 2877 2297 XVIII,
2918 2247 3039 2304 cap.
3085 2231 3320 2301 XXVIII,
3352 2253 3370 2285 ι
3401 2236 3566 2291 tertio
3608 2232 3714 2288 Ka-

2145 2320 2369 2387 lendas,
2426 2322 2533 2388 ait,
2612 2322 2841 2393 Augusti
2907 2326 3109 2381 mensis
3183 2327 3333 2395 regia
3383 2326 3441 2381 in
3499 2335 3713 2397 pectore

2146 2414 2343 2469 Leonis
2368 2414 2522 2470 stella
2552 2415 2818 2469 matutino
2848 2415 3048 2470 Caesari
3091 2416 3450 2488 immergitur.
3486 2438 3507 2471 ι
3542 2418 3712 2473 Matu-

2144 2504 2317 2559 tinum
2357 2520 2614 2561 occasum
2665 2507 2779 2561 haec
2815 2507 2980 2562 verba
3033 2507 3448 2576 demonstrant,
3508 2511 3601 2582 qui
3659 2510 3711 2567 in

2144 2593 2369 2664 Aquarii
2413 2596 2585 2666 gradu
2616 2598 2800 2661 tertio,
2823 2595 3067 2654 Januarii
3090 2613 3220 2653 xxrv
3244 2600 3463 2655 accidit.
3496 2600 3713 2657 ﬂendo-

2145 2703 2240 2744 sus
2268 2702 2399 2757 ergo
2424 2687 2577 2742 locus
2606 2699 2690 2743 est
2718 2688 2899 2752 Plinii,
2928 2705 2992 2745 ac
3035 2691 3322 2763 legendum
3366 2693 3594 2748 omnino
3633 2705 3712 2751 est

2149 2796 2169 2830 α
2210 2779 2457 2850 emergit,
2493 2798 2511 2830 ι
2539 2780 2622 2835 vel
2650 2798 2668 2831 ι
2723 2782 3037 2852 emergitur,
3074 2800 3093 2833 ι
3132 2784 3183 2837 id
3228 2790 3313 2839 est
3364 2785 3542 2839 oritur
3589 2802 3707 2841 cum

2145 2870 2281 2926 sole.

2229 2962 2488 3020 Geminus
2555 2979 2809 3021 occasum
2876 2965 3074 3024 Leonis
3135 2978 3506 3026 consentanee
3565 2972 3709 3041 ponit

2144 3057 2366 3129 Aquarii
2421 3059 2680 3115 secundo.
2740 3056 3061 3117 Ptolemaeus
3116 3060 3337 3117 Leonici
3400 3064 3704 3120 basiliscum

2145 3149 2392 3206 occidere
2430 3151 2621 3207 scribit
2646 3169 2696 3206 vi
2720 3152 2988 3210 Kalendas
3026 3151 3328 3219 Februarii,
3372 3157 3487 3211 sive
3511 3154 3707 3210 Janua-

2143 3242 2211 3295 rii
2266 3259 2432 3297 xxvu.
2484 3241 2705 3300 Graecus
2765 3253 2942 3299 autem
2994 3261 3022 3298 a
3074 3247 3234 3301 nobis
3287 3247 3473 3302 editus
3527 3250 3711 3303 statuit

2142 3333 2382 3404 ejusdem
2414 3349 2669 3391 occasum
2714 3337 2766 3389 in
2792 3334 3058 3403 Januarii,
3113 3339 3197 3393 vel
3244 3336 3380 3409 Tybi
3429 3355 3586 3407 xxu;
3617 3356 3711 3395 nec

2143 3441 2250 3480 non
2284 3426 2507 3493 Mechir,
2540 3429 2624 3483 vel
2660 3426 2945 3484 Februarii
2992 3445 3065 3484 vt.
3114 3430 3317 3487 Sextus
3346 3429 3555 3487 Mechir
3582 3447 3708 3488 con-

2143 3520 2288 3575 venit
2314 3517 2561 3575 Januarii
2591 3520 2807 3576 ultimo.

2210 3609 2357 3665 Inter
2384 3609 2596 3683 Hyades
2627 3611 2967 3669 lucidissima
2999 3620 3103 3679 est,
3128 3629 3248 3684 qua:
3272 3613 3329 3668 in
3354 3614 3517 3670 oculo
3550 3613 3705 3668 Tauri

2142 3703 2317 3772 posita
2342 3701 2648 3757 Palilicium
2681 3704 2835 3759 sidus
2877 3720 2907 3759 a
2952 3703 3213 3761 Romanis
3263 3715 3512 3761 vocatur.
3546 3704 3708 3760 Occa-

2143 3808 2261 3846 sum
2288 3792 2531 3864 Hyadum
2573 3793 2741 3851 refert
2783 3795 3054 3852 Hesiodus
3094 3798 3150 3851 in
3182 3797 3325 3853 idem
3362 3806 3580 3868 tempus
3605 3813 3706 3867 quo

2140 3881 2385 3941 Pleiades
2410 3893 2463 3941 et
2494 3885 2662 3940 Orion
2698 3887 2991 3953 occidunt;
3025 3888 3186 3958 idque
3243 3889 3479 3943 arationi
3511 3904 3700 3959 oppor-

2143 3985 2333 4030 tunum
2360 3992 2481 4033 esse
2512 3978 2705 4033 scribit
2736 3979 2791 4033 in
2827 3980 3066 4036 secundo
3091 3981 3264 4035 libro:

2496 4128 2509 4159 .
2552 4126 2569 4142 .
2725 4128 2738 4141 .
2781 4090 2977 4159 Αὐτὰρ
3004 4090 3162 4158 ἐπὴν
3184 4090 3259 4158 δὴ

2140 4154 2433 4228 Πληϊάδες
2454 4157 2724 4224 θ”Υάὂες
2754 4176 2835 4221 τε,
2869 4154 3020 4213 τό“τε
3054 4154 3269 4226 σθένοζ
3309 4160 3582 4228 Ὠρίωνος

2141 4227 2411 4280 Δύνωσιν
2440 4266 2455 4291 ,
2486 4230 2601 4281 τότ’
2624 4228 2803 4282 ἔπειτ’
2832 4231 3046 4297 ἀρότου
3061 4227 3438 4300 μεμνημέφίος
3457 4228 3624 4286 εἶναι.

2138 4366 2149 4394 ε
2211 4355 2310 4411 Hic
2355 4373 2610 4414 occasum
2660 4361 2987 4415 matutinum
3026 4361 3140 4417 sive
3167 4362 3467 4417 cosmicum
3501 4362 3697 4433 signiti-

473 4454 582 4510 sed
619 4454 981 4526 Theophrasti
1030 4459 1252 4522 εωευιο,
1298 4465 1354 4514 ει
1402 4458 1631 4515 Athenis
1676 4460 1944 4514 maturius
1986 4460 2038 4514 id
2071 4464 2117 4523 ο
2143 4457 2249 4501 cat.
2280 4445 2414 4501 Nam
2445 4450 2497 4504 in
2532 4451 2795 4506 laterculo
2820 4462 3008 4507 nostro
3046 4452 3347 4508 Palilicium
3376 4470 3535 4509 mane
3566 4456 3701 4510 occi-

472 4546 655 4603 ﬁebat.
687 4545 887 4604 Verum
922 4557 1047 4619 post
1099 4560 1254 4606 ortus
1306 4550 1501 4606 heliaci
1546 4550 1691 4605 diem
1722 4566 1790 4605 ex
1838 4552 2039 4607 tabulis

471 4639 779 4695 confectum
813 4650 1138 4709 apparentes
1171 4640 1332 4696 iidem
1378 4648 1534 4696 ortus
1580 4640 1835 4696 matutini
1888 4656 2041 4712 repe-

471 4741 680 4787 tuntur.
720 4730 909 4802 Itaque
952 4741 1283 4803 propagatus
1332 4732 1422 4787 hic
1467 4740 1620 4787 ortus
1656 4740 1741 4789 est
1772 4748 1942 4803 usque
1971 4733 2039 4787 ad

469 4822 689 4897 ὀπώρας
718 4822 954 4877 initium.
984 4823 1055 4877 At
1078 4825 1378 4879 matutinus
1416 4838 1645 4879 occasus
1672 4823 1915 4893 ejusdem
1954 4824 2039 4878 lu-

471 4914 607 4968 cida:
650 4916 878 4985 contigit
923 4913 1254 4986 Scorpionos
1298 4932 1353 4980 v,
1400 4914 1656 4971 Octobris
1687 4933 1810 4970 xxix
1841 4934 1857 4983 ;
1890 4932 2039 4972 zonae

470 5007 650 5061 media
682 5006 1012 5076 Scorpionos
1035 5023 1110 5062 xu
1146 5008 1370 5071 occidit,
1400 5007 1721 5064 Novembris
1748 5025 1820 5074 v;
1852 5009 2039 5063 humeo

471 5112 566 5152 rus
593 5097 782 5153 dexter
812 5098 1144 5168 Scorpionos
1173 5113 1287 5164 xxi,
1328 5097 1652 5156 Novembris
1695 5115 1802 5153 xw.
1853 5100 2038 5169 Itaque

467 5204 656 5247 verum
676 5203 762 5247 εει
800 5191 1018 5247 ineunte
1046 5192 1224 5247 hieme
1251 5190 1508 5246 Orionem
1553 5190 1840 5247 occidisse.
1890 5191 2036 5246 Con-

470 5283 696 5337 veniunt
722 5291 777 5338 et
821 5299 943 5354 quae
980 5284 1049 5339 de
1093 5282 1312 5340 Orionis
1347 5293 1472 5338 ortu
1518 5283 1588 5338 ab
1633 5281 1845 5346 Ovidio,
1872 5283 2035 5338 Colu-

472 5375 651 5437 mella,
686 5382 740 5430 et
772 5374 950 5431 Plinio
977 5376 1302 5446 produntur,
1333 5383 1395 5431 ut
1424 5391 1552 5431 cum
1589 5391 1781 5430 zonam
1818 5375 2037 5430 Ol‘il'i‘VI

472 5464 741 5522 Kalendas
765 5465 899 5521 Julii
929 5476 1184 5525 asserunt
1224 5467 1450 5524 Ovidius
1496 5474 1553 5523 et
1602 5466 1834 5523 Plinius.
1867 5466 2039 5522 Media

473 5555 673 5626 quippe
718 5559 870 5613 stella
925 5560 1087 5615 baltei
1118 5559 1173 5613 in
1205 5557 1440 5629 Egypto
1476 5558 1815 5615 Carcinonos
1840 5568 2038 5629 quarto

475 5646 679 5702 heliace
709 5650 981 5706 oriebatur
1011 5650 1196 5705 Roma
1230 5666 1341 5705 xvu
1359 5669 1377 5717 ;
1409 5650 1506 5706 sed
1536 5660 1659 5707 ante
1687 5652 1825 5706 hanc
1858 5653 1913 5707 in
1943 5667 2036 5708 eo-

474 5736 595 5790 dem
622 5737 796 5792 balteo
829 5742 996 5796 altera
1025 5744 1324 5812 consurgit.

2140 4542 2219 4597 dit
2247 4542 2302 4596 in
2331 4542 2502 4613 gradu
2526 4546 2559 4599 9
2595 4545 2808 4613 Scorpii
2840 4543 3042 4610 Romae,
3074 4544 3127 4599 id
3159 4555 3243 4600 est
3278 4544 3599 4602 Novembris
3625 4548 3660 4601 2
3683 4590 3697 4611 ,

2139 4648 2249 4704 quo
2275 4632 2362 4687 die
2383 4632 2682 4688 Columella
2712 4633 2877 4688 Tauri
2909 4643 3073 4704 caput
3090 4649 3345 4691 occasum
3372 4636 3552 4693 facere
3572 4637 3702 4692 scri-

2138 4725 2237 4789 bit,
2273 4732 2331 4778 ut
2371 4732 2426 4781 et
2453 4726 2713 4782 Geminus
2766 4742 2833 4782 ex
2878 4725 3123 4798 Calippo.
3153 4729 3223 4781 At
3252 4729 3307 4782 in
3335 4726 3573 4801 Egypto
3597 4747 3704 4784 rna-

2137 4822 2351 4878 tutinus
2377 4838 2606 4880 occasus
2649 4824 2808 4879 ﬁebat
2850 4824 2905 4878 in
2935 4824 3103 4895 gradu
3150 4823 3363 4896 Scorpii
3393 4825 3698 4888 undecimo,

2136 4913 2457 4972 Novembris
2489 4933 2557 4971 IV.
2581 4916 2749 4971 Porro
2773 4918 2915 4972 idem
2940 4917 3237 4972 Columella
3260 4916 3517 4973 Suculam
3551 4933 3702 4972 mane

2139 5006 2385 5062 occidere
2430 5008 2506 5060 ait
2555 5024 2644 5061 xxi
2693 5005 3031 5073 Novembris,
3099 5022 3311 5062 necnon
3378 5006 3699 5077 Bbapsodus

2140 5097 2231 5152 ille
2266 5096 2367 5166 sub
2412 5098 2631 5153 nomine
2672 5098 3004 5155 Ptolemaeis
3038 5097 3276 5153 Leonico
3319 5096 3524 5153 editus.
3572 5097 3703 5150 Nam

2139 5185 2360 5243 Crzecus
2397 5196 2583 5243 noster
2613 5188 2668 5242 in
2700 5188 3043 5252 Novembris,
3074 5188 3159 5243 vel
3194 5188 3365 5260 Athyr
3400 5204 3491 5242 xv:
3534 5187 3700 5244 Sucu-

2138 5278 2313 5333 larum
2340 5287 2521 5333 ortum
2562 5280 2888 5334 matutinum
2933 5280 3177 5350 conjicit.
3215 5279 3372 5351 Apud
3415 5277 3699 5335 Geminum

2138 5368 2386 5441 Hyadum
2431 5386 2663 5427 occasus
2708 5372 2796 5427 die
2839 5370 3171 5443 Scorpionos
3216 5387 3387 5438 xxvu,
3417 5388 3482 5427 ex
3510 5371 3692 5428 Eucte.

2138 5477 2335 5530 mone;
2358 5478 2421 5517 ex
2454 5462 2698 5530 Eudoxo,
2723 5480 2853 5519 xxix
2881 5464 3169 5534 contingit,
3193 5464 3285 5535 qui
3311 5462 3442 5519 Julii
3472 5464 3693 5519 Caesaris

2138 5566 2296 5614 aetate
2315 5558 2716 5629 respondebant
2746 5557 3069 5614 Novembris
3111 5560 3182 5612 ix
3226 5564 3279 5612 et
3323 5573 3477 5624 xxu;
3510 5556 3694 5611 Eucte-

2140 5652 2316 5706 monis
2346 5667 2473 5706 vero
2495 5660 2549 5705 et
2586 5651 2793 5707 Eudoxi
2834 5652 3055 5717 saeculo,
3100 5651 3219 5706 dies
3264 5651 3388 5705 illos
3418 5648 3693 5706 antecede-

2096 5801 2117 5813 ,
2143 5744 2292 5799 bant.
2321 5744 2417 5799 llic
2441 5752 2522 5802 est
2548 5760 2817 5814 apparens
2846 5759 3077 5800 occasus
3106 5743 3404 5800 matutinus
3428 5742 3693 5807 Hyadum,
