3948 6264
242 323 394 379 1573

1054 321 1506 382 DISSERTATIO
1539 324 1626 379 DE
1665 325 1850 381 omn
1890 324 1977 381 ET
2019 326 2283 385 occasu
2326 314 2671 386 smnuuu.‘

3340 321 3486 379 ’1574

215 439 341 510 .qui
375 448 474 498 est
506 443 955 513 vero'posterior.
986 443 1112 500 Ideo
1155 452 1279 515 post
1315 446 1609 501 cosmicum
1644 461 1828 501 verum
1857 448 1904 505 Δ
1935 445 2121 502 Romae
2154 447 2315 503 fiebat
2346 452 2401 502 in
2433 447 2601 518 gradu
2630 443 2947 515 Capricorni
2975 440 3278 502 unaecimo,
3312 440 3363 495 Id
3401 451 3486 497 est

238 530 313 585 ad
365 531 500 587 dies
551 535 755 604 aliquot
802 534 1145 589 extenditur:
1174 534 1623 603 quemadmodum
1673 544 1825 592 ortus

239 625 614 691 vespertinus
647 638 808 678 verus
855 623 1123 693 posterior
1166 630 1249 677 est
1292 624 1695 694 apparentibus,
1732 625 1825 690 qui

230 713 520 783 pluribus
545 715 736 771 diebus
784 722 911 770 ante
933 715 1084 768 illum
1121 730 1262 783 saepe
1300 721 1620 783 repetuntur
1644 713 1699 767 in
1725 712 1828 768 Fa-

240 802 374 857 stis.
431 802 617 859 Verus
670 815 892 860 exortus
957 806 1300 874 vespertinus
1344 803 1574 882 Palilicii
1632 803 1827 859 sideris

237 893 379 950 Julii
427 904 700 968 tempore,
737 896 1063 966 Scorpionos
1091 913 1202 961 xxI,
1235 894 1553 952 Novembris
1580 912 1670 951 xlv
1699 910 1830 950 con-

230 989 513 1059 gruebat,
544 998 667 1060 post
698 1004 884 1046 verum
911 1004 1165 1045 occasum
1207 990 1550 1045 matutinum.
1587 986 1693 1047 Sed
1732 1002 1829 1057 ap-

238 1094 460 1150 parens
523 1090 680 1137 ortus
731 1081 1073 1150 Vespertinus
1120 1080 1456 1152 praecedebat
1497 1098 1512 1134 :
1560 1094 1723 1150 quem
1777 1095 1832 1137 vt

226 1170 614 1241 Novembris,
654 1174 739 1230 vel
779 1174 970 1245 Athyr,
1015 1172 1261 1229 Graecum
1291 1171 1563 1227 Ptolemaei
1610 1183 1833 1241 parape—

237 1258 377 1334 kma
434 1266 695 1321 collocat.
738 1263 1000 1320 Geminus
1044 1272 1224 1319 autem
1264 1264 1511 1335 Zygonos
1556 1276 1691 1326 xxn,
1719 1259 1832 1316 Eu-

240 1355 379 1410 doxi
414 1358 665 1425 saeculo;
698 1355 907 1414 Plinius
936 1357 1030 1413 lib.
1061 1356 1248 1422 XVIII,
1297 1370 1419 1426 cap.
1460 1353 1649 1420 XXXI,
1681 1362 1832 1409 sexto

239 1447 540 1523 Kalendas
585 1448 905 1522 Novembris
954 1448 1184 1506 Suculas
1233 1449 1309 1503 ait
1359 1447 1561 1503 exoriri
1596 1447 1829 1516 vesperi,

238 1537 450 1593 eodem
518 1539 730 1596 scilicet
784 1547 1075 1610 apparente
1124 1547 1267 1596 ortu.
1321 1538 1441 1593 Mox
1483 1553 1612 1593 vero
1658 1536 1832 1607 pridie

228 1628 541 1686 Kalendas
577 1630 908 1687 Novembres
937 1631 1135 1688 Caesari
1156 1631 1287 1686 dicit
1318 1633 1524 1687 exoriri
1556 1644 1681 1685 cum
1717 1628 1833 1685 sole

242 1720 523 1779 Suculas.
555 1722 733 1779 Falso.
791 1724 925 1778 Nam
976 1724 1030 1778 id
1089 1739 1259 1779 verno
1308 1730 1550 1794 tempore
1602 1720 1819 1777 accidit.

1927 538 2168 595 Januarii
2221 557 2298 606 n;
2346 539 2688 594 Alexandriae
2757 534 3007 605 in-gradu
3053 532 3277 602 quinto,
3332 540 3485 588 sexto

1928 631 2151 689 Kalend.
2200 631 2318 687 Jan.
2374 631 2693 685 Ptolemaeus
2751 628 2970 681 Graecus
3026 624 3355 690 Decembris,
3400 636 3485 690 vel

1929 724 2127 779 Climac
2160 740 2331 787 xxvn,
2358 730 2412 778 et
2449 738 2557 779 xxx
2584 720 2832 791 Aquilam
2860 717 3105 773 occidere
3135 717 3208 770 ait
3238 728 3487 785 vespere:

1929 813 2153 871 Gemino
2202 831 2419 884 quoque
2470 813 2697 883 septimo
2746 810 3059 882 Capricorni
3113 808 3251 863 idem
3308 808 3486 862 evenit

1930 915 2148 960 auctore
2193 902 2539 960 Euctemone.
2573 902 2828 957 Eamdem
2859 916 3018 955 mane
3048 899 3180 955 oriri
3225 898 3485 953 vicesimo

1929 1003 2081 1051 sexto
2109 994 2358 1050 Toxonos
2393 993 2657 1050 referebat
2686 990 2962 1046 Eudoxus.
3007 989 3098 1045 Sic
3130 990 3185 1043 in
3223 987 3486 1043 laterculo

1930 1096 2117 1143 nostro
2152 1095 2304 1141 ortus
2348 1085 2493 1140 illius
2534 1084 2775 1139 heliacus
2811 1083 2868 1136 in
2893 1096 3062 1136 xxvnl
3112 1078 3364 1134 Toxonos
3400 1077 3485 1130 in-

1930 1179 2121 1244 currit,
2158 1179 2250 1248 qui
2279 1188 2363 1233 est
2400 1175 2712 1232 Decembris
2757 1190 2872 1229 xxI.
2915 1172 3135 1228 Graecus
3164 1171 3486 1225 Ptolemaeus

1930 1270 2263 1333 Decembris.
2298 1271 2380 1325 vel
2411 1270 2611 1325 Clsmac
2652 1284 2777 1322 xxv.
2820 1265 3142 1336 Bhapsodus
3181 1278 3210 1317 a
3251 1261 3487 1316 Leonico

1930 1364 2107 1420 editus
2151 1362 2406 1417 mendose
2453 1361 2614 1416 habet
2660 1368 2839 1415 ortum
2872 1355 3243 1427 vespertinum
3281 1352 3487 1422 Aquila

1930 1469 1987 1508 χι
2008 1450 2232 1507 Kalend.
2254 1450 2475 1506 Januar.
2497 1449 2597 1505 Hic
2623 1450 2765 1506 enim
2789 1450 2842 1504 in
2862 1446 3030 1520 gradu
3058 1444 3406 1500 Geminorum
3431 1459 3485 1499 lx

1930 1544 2174 1614 contigit,
2208 1541 2353 1597 Junii
2375 1558 2435 1607 ιι,
2476 1542 2564 1596 cui
2603 1549 2658 1596 et
2694 1538 2990 1595 Columella
3022 1544 3075 1592 et
3110 1535 3319 1589 Plinius
3356 1536 3486 1591 asti-

1929 1634 2202 1705 pulantur,
2252 1647 2460 1689 necnon
2490 1631 2734 1698 Ovidius,
2781 1632 2913 1703 quin
2947 1636 3000 1684 et
3028 1627 3315 1698 Rapsodus
3345 1622 3486 1697 ipsc-

1929 1734 2059 1781 met.

226 1811 509 1883 Scripsit
528 1822 622 1869 aut
646 1815 886 1871 scribere
905 1816 1112 1881 debuit,
1135 1834 1153 1867 ι
1177 1828 1302 1871 cum
1330 1783 1444 1870 sole
1468 1813 1769 1870 occidente.
1796 1831 1815 1865 ι
1851 1783 1894 1839 Β
1991 1815 2164 1870 Varro
2193 1814 2285 1869 lib.
2329 1811 2374 1865 II
2414 1812 2487 1867 De
2526 1830 2581 1867 re
2622 1813 2842 1875 rustica,
2878 1825 2996 1880 cap.
3052 1806 3097 1861 lI
3128 1828 3139 1862 :
3180 1827 3198 1859 ι
3249 1805 3485 1876 Tempus

237 1900 574 1958 Palilicium
629 1905 781 1961 sidus
836 1905 978 1961 idem
1033 1904 1243 1962 Plinius
1289 1906 1430 1961 libro
1474 1903 1661 1969 XVIII,
1699 1919 1819 1975 cap.

240 1991 453 2058 XXVI,
485 1996 651 2051 refert
676 1997 923 2052 occidere
962 2012 1186 2066 vespere
1222 2012 1288 2053 ex
1327 1995 1560 2052 Caesaris
1586 1995 1821 2060 calculo,

222 2102 333 2141 τιν.
369 2087 655 2145 Kalendas
685 2088 874 2153 Maias,
916 2088 969 2143 id
1011 2099 1096 2145 est
1138 2089 1366 2145 Crionos
1394 2104 1547 2154 xxvr,
1577 2103 1739 2159 quem
1765 2086 1821 2142 in

242 2176 397 2231 diem
438 2178 689 2236 heliacus
714 2193 942 2234 occasus
985 2179 1132 2233 illius
1169 2194 1237 2234 ex
1272 2180 1478 2235 nostris
1516 2177 1823 2234 ratiociniis

241 2268 472 2324 incidit.
510 2269 839 2335 Ptolemaeus
885 2269 1102 2325 Leonici
1154 2269 1384 2327 Suculas
1430 2271 1503 2326 ait
1544 2285 1824 2341 emergere

242 2359 465 2430 Aprilis
487 2378 560 2416 v1.
581 2360 692 2416 Imo
714 2363 1173 2433 immergebantur
1204 2363 1295 2418 illo
1326 2371 1587 2434 tempore,
1622 2372 1675 2419 et
1701 2370 1824 2434 post

242 2467 518 2523 occasum
571 2456 739 2509 solem
793 2454 1199 2518 condebantur,
1263 2455 1409 2526 quod
1456 2455 1658 2525 Aprilis
1707 2470 1820 2509 xvu

243 2535 538 2611 postremo
567 2543 852 2599 faciebant.
896 2542 1033 2599 Hinc
1077 2544 1217 2614 apud
1263 2545 1509 2600 eumdem
1549 2560 1627 2599 xu
1663 2544 1822 2615 Apri-

242 2632 338 2696 lis,
369 2649 465 2697 xv,
504 2649 589 2687 xw
619 2642 670 2688 et
700 2650 809 2688 xvu
849 2635 1110 2689 occultari
1155 2651 1376 2706 vespere
1409 2637 1682 2691 dicuntur.
1727 2636 1823 2691 Et-

240 2725 400 2779 enim
447 2733 605 2781 ortus
649 2720 876 2781 Palilicii
902 2729 1212 2790 matutinus
1247 2743 1517 2799 apparens
1554 2731 1717 2800 cmpit
1762 2731 1822 2785 in

238 2814 494 2872 Julianis
523 2812 700 2871 Fastis
734 2816 1057 2888 Didymonos
1087 2834 1164 2882 xu,
1189 2818 1339 2873 Junii
1377 2836 1449 2874 ιν.
1479 2820 1630 2876 Unde
1658 2823 1822 2878 casti-

245 2909 472 2977 gandus
506 2916 587 2964 est
624 2907 939 2966 Ptolemaeus
986 2909 1170 2966 Graece
1218 2926 1248 2965 a
1297 2913 1453 2968 nobis
1481 2914 1686 2981 editus;
1727 2917 1819 2985 qui

239 2996 399 3052 Junii
441 3015 503 3052 ιιι
541 3000 775 3054 lucidam
804 3000 1127 3057 Sucularum
1166 3003 1240 3058 ait
1268 3005 1517 3060 occidere
1552 3021 1775 3075 vespere
1802 3047 1818 3072 ,

244 3090 396 3161 quod
427 3098 513 3188 est
542 3091 759 3147 falsum.
784 3093 906 3148 Ideo
935 3096 1113 3149 statim
1143 3093 1289 3150 Junii
1318 3112 1392 3150 vn
1437 3096 1587 3167 ἑῷος.
1622 3098 1818 3168 inquit,
1846 3129 1890 3188 α

245 3181 548 3236 ἐπιτέλλει.
588 3182 706 3238 Non
754 3186 933 3240 minus
980 3188 1328 3256 castigandus
1383 3198 1465 3244 est
1512 3178 1849 3257 Geminus,

247 3272 345 3342 qui
380 3272 677 3327 Tauronos
723 3274 808 3327 die
841 3290 990 3328 xxxn
1036 3277 1189 3345 ponit
1235 3288 1410 3331 ortum
1454 3283 1821 3351 vespertinum

246 3362 528 3435 Hyadum.
587 3361 692 3418 Pro
736 3378 844 3433 quo
890 3366 1188 3421 matutinus
1238 3368 1652 3427 substituendus
1699 3380 1820 3438 est;

249 3472 414 3527 quem
448 3456 780 3526 Didymonos
813 3472 847 3510 v
878 3470 1022 3521 mox,
1066 3455 1290 3511 Eudoxo
1336 3470 1575 3524 auclore,
1611 3462 1818 3516 statuit.

314 3549 622 3620 Capellam,
650 3564 769 3619 quae
792 3560 874 3604 est
915 3550 967 3602 in
1002 3549 1219 3619 Aurigae
1251 3558 1430 3620 tergo,
1472 3553 1659 3607 scribit
1691 3552 1821 3606 Ovi-

249 3641 398 3705 dius,
435 3650 493 3699 et
527 3642 819 3698 Columella
852 3642 1050 3696 exoriri
1100 3642 1357 3698 Kalendis
1397 3643 1571 3702 Maiis.
1614 3643 1823 3700 Plinius

249 3750 345 3787 vm
394 3735 607 3790 mensis
646 3734 911 3804 ejusdem.
954 3732 1068 3788 Hoc
1114 3735 1168 3787 in
1223 3733 1458 3806 [Egypto
1492 3750 1680 3790 verum
1739 3744 1822 3791 est

249 3824 319 3879 de
365 3836 495 3881 ortu
532 3826 772 3891 heliaco,
810 3826 902 3896 qui
953 3827 1006 3880 in
1056 3825 1340 3881 Tauronos
1383 3827 1471 3882 die
1514 3834 1566 3882 ix
1611 3820 1818 3883 incidit.

249 3917 438 3974 Romae
469 3927 677 3982 autem,
708 3918 940 3974 Criouos
966 3936 1098 3981 xvu,
1126 3917 1329 3987 Aprilis
1361 3934 1476 3973 vvu.
1500 3918 1821 3978 Ptolemaeus

248 4016 438 4062 noster
468 4006 651 4061 Martii
686 4025 832 4068 xxrx.
869 4017 923 4063 et
952 4009 1155 4077 Aprilis
1199 4024 1331 4062 xvm
1379 4008 1566 4080 Capra:
1602 4013 1824 4067 matuti-

247 4113 378 4151 num
418 4105 609 4152 ortum
639 4097 874 4154 exhibet.
907 4097 1168 4153 Geminus
1211 4114 1277 4153 ex
1323 4100 1649 4159 Euctemone
1686 4103 1824 4158 Tau-

246 4201 416 4244 τοιιοε.
450 4205 537 4244 ιχ.

315 4278 651 4350 Delphinum
684 4278 908 4337 Ovidius
949 4284 1024 4339 ait
1058 4302 1281 4359 vespere
1312 4289 1444 4344 oriri
1477 4305 1532 4342 ιν
1569 4287 1692 4343 Idus
1727 4287 1823 4343 Ju-

247 4382 372 4424 mas
401 4390 416 4426 ἓ
1280 4382 1286 4395 ⁵

316 4460 532 4543 Να-ςίια
554 4479 718 4543 puppe
747 4465 928 4543 sedens
956 4467 1231 4543 Delphina
1272 4469 1577 4543 videbimus,
1606 4473 1790 4543 inquit,

389 4534 640 4587 Humida
670 4551 788 4587 cum
815 4537 966 4603 pulso
996 4534 1100 4591 nea:
1120 4542 1220 4593 erit
1243 4550 1360 4594 orta
1396 4540 1500 4598 die.

314 4644 691 4701 Consentium
750 4645 962 4703 Plinius
1014 4657 1068 4703 et
1120 4650 1436 4706 Columella.
1475 4651 1817 4707 Laterculum

248 4751 477 4807 quoque
536 4746 786 4792 nostrum
837 4739 1171 4795 adamussim
1234 4743 1503 4798 convenit.
1550 4743 1684 4798 Nam
1736 4747 1817 4799 lu-

253 4826 374 4879 cida
401 4829 596 4882 caudae
627 4828 871 4898 Delphiui
902 4832 1270 4902 acronychum
1298 4841 1546 4887 exortum
1578 4835 1651 4889 ibi
1689 4835 1819 4890 facit

246 4912 592 4985 Didymonos
622 4933 729 4972 xvu
766 4921 1008 4987 praecise,
1033 4922 1123 4990 qui
1152 4930 1236 4977 est
1264 4939 1318 4978 ιν
1349 4924 1474 4979 ldus
1496 4923 1701 4980 Junias.

328 5005 547 5078 Lyram,
576 5024 689 5087 seu
736 5009 1008 5064 fidiculam
1070 5011 1318 5066 occidere
1380 5030 1603 5083 vespere
1658 5016 1820 5071 Colu-

259 5099 419 5152 mella
458 5116 572 5154 xxn
604 5099 875 5167 Januarii,
910 5100 1138 5158 Ovidius
1164 5119 1298 5157 xuu
1328 5106 1699 5174 prodiderunt.
1726 5107 1821 5163 Est

262 5186 352 5243 hic
385 5191 624 5246 heliacus
653 5206 905 5258 occasus,
934 5209 1043 5248 non
1069 5196 1432 5265 acronychus,
1461 5204 1518 5249 ut
1547 5211 1576 5250 ι
1599 5198 1820 5268 quibus-

264 5277 385 5332 dam
417 5289 656 5338 notatur.
696 5282 830 5337 Nam
871 5285 1115 5342 heliacus
1163 5303 1391 5344 occasus
1435 5287 1587 5360 Lyra:
1626 5290 1821 5346 accidit

267 5370 552 5442 llydronos
580 5392 655 5439 vr,
685 5374 928 5431 Januarii
960 5395 1132 5436 xxvu.

332 5464 577 5532 Aquilam
624 5484 677 5521 ιν
718 5468 838 5523 Kal.
866 5469 1154 5527 Ianuarias
1198 5473 1447 5528 occidere
1477 5488 1699 5543 vespere
1723 5488 1819 5527 au-

266 5557 384 5602 ('tor
429 5560 511 5608 est
558 5553 854 5611 Columella
893 5559 985 5614 lib.
1038 5558 1109 5612 XI
1138 5600 1154 5621 ,
1199 5576 1320 5632 cap.
1362 5560 1427 5617 Il.
1476 5560 1684 5616 Plinius
1722 5562 1815 5617 lib.

268 5638 445 5710 XVIII,
493 5661 615 5717 cap.
666 5647 854 5715 XXVI,
904 5652 1064 5707 tertio
1121 5654 1390 5712 Kalendas
1440 5655 1493 5709 in
1544 5658 1721 5711 Attica
1765 5665 1818 5713 et

270 5731 509 5795 ﬁnitimis
546 5738 700 5797 locis.
734 5739 809 5819 De
837 5757 1036 5799 occasu
1087 5746 1292 5803 heliaco
1349 5748 1677 5818 loquuntur;
1724 5750 1816 5820 qui

1922 1908 2186 1978 optimum
2219 1906 2285 1961 ad
2328 1903 2718 1960 admittendum
2752 1903 2839 1974 (de
2885 1902 3079 1956 ovibus
3126 1897 3385 1968 loquitur)
3416 1896 3486 1951 ab

1918 1999 2136 2057 Arcturi
2165 2013 2362 2054 occasu
2393 1996 2462 2051 ad
2491 1997 2699 2066 Aquila:
2728 2009 3005 2050 occasum.
3044 2012 3063 2045 r
3102 1989 3310 2045 Plinius
3348 2003 3485 2059 quo-

1920 2109 2025 2164 que
2046 2093 2145 2147 lib.
2178 2090 2314 2156 VIII,
2337 2105 2388 2146 c.
2413 2088 2599 2144 XLVII
2637 2108 2651 2143 :
2694 2108 2712 2140 ‹
2752 2088 2940 2144 Coitus
2968 2085 3225 2142 omnibus
3274 2083 3342 2137 ab
3380 2082 3483 2134 Ar-

1921 2187 2064 2240 cturi
2092 2199 2312 2248 occasu,
2339 2182 2485 2254 quod
2511 2191 2595 2240 est
2622 2197 2670 2235 a.
2707 2182 2760 2237 d.
2791 2180 3012 2235 tertium
3042 2179 3171 2233 Idus
3198 2175 3384 2240 Maias,
3413 2174 3481 2229 ad

1917 2278 2126 2349 Aquila:
2158 2292 2432 2342 occasum,
2467 2276 2522 2331 id
2550 2283 2635 2330 est
2663 2290 2764 2329 xm
2806 2272 3077 2328 Kalendas
3119 2270 3410 2340 Augustas.
3455 2284 3475 2317 ι

1918 2366 1997 2423 Ita
2022 2369 2278 2439 legendus
2317 2367 2405 2422 hic
2452 2367 2630 2430 locus,
2675 2364 2769 2436 qui
2811 2364 2972 2434 vulgo
3008 2362 3332 2430 depravatus
3374 2364 3477 2411 est.

1918 2458 2231 2531 Intelligunt
2260 2458 2551 2529 utrobique
2581 2456 2883 2512 cosmicum
2924 2467 3176 2508 occasum
3223 2449 3336 2504 sive
3367 2462 3481 2501 ma-

1910 2550 2194 2615 tutinum;
2253 2565 2379 2605 nam
2436 2549 2708 2604 Arcturus
2764 2548 2822 2603 in
2881 2545 3231 2601 Geminorum
3287 2551 3481 2611 quarto

1918 2641 2090 2713 gradu
2122 2640 2418 2717 incipiebat
2453 2641 2724 2704 occidere,
2762 2638 2819 2695 id
2854 2648 2938 2696 est
2977 2637 3100 2691 Maii
3143 2652 3336 2702 xxvul,
3368 2634 3481 2688 Ro-

1919 2750 2051 2796 mae;
2085 2733 2428 2789 Alexandria)
2474 2747 2604 2788 vero
2655 2730 2940 2786 Tauronos
2976 2744 3098 2793 xm,
3140 2727 3195 2782 id
3242 2735 3324 2782 est
3357 2724 3483 2778 Maii

1918 2834 2070 2882 sexto
2096 2824 2325 2893 :Aquila
2361 2840 2516 2879 mane
2546 2823 2675 2879 item
2707 2822 2908 2878 occidit
2938 2820 3121 2874 Romae
3146 2816 3481 2872 Carcinonos

1920 2932 2088 2982 xxvu,
2115 2916 2168 2970 id
2195 2924 2280 2972 est
2319 2932 2397 2970 xu
2439 2914 2710 2969 Kalendas
2755 2916 3049 2985 Augustas.
3103 2910 3216 2965 Hoc
3263 2917 3480 2979 tempus

1921 3009 2235 3063 admissurae
2263 3007 2481 3061 unicum
2510 3007 2703 3062 ovibus
2732 3006 2894 3060 ambo
2922 3005 2999 3058 illi
3031 3004 3297 3059 tribuunt.
3331 3001 3485 3057 Post-

1920 3112 1985 3152 ea
2014 3097 2263 3167 concepti
2300 3096 2425 3166 agni
2471 3096 2697 3150 invalidi
2747 3103 2895 3159 sunt,
2927 3095 3004 3148 ait
3042 3094 3251 3150 Plinius
3286 3112 3302 3149 :
3342 3108 3481 3164 quos

1932 3207 1950 3239 ‹
1996 3188 2191 3244 cordos
2229 3208 2247 3241 ι
2276 3187 2484 3257 antiqui
2520 3188 2806 3243 vocabant.
2834 3185 3034 3241 Verum
3073 3186 3301 3240 alterum
3344 3198 3482 3254 prae-

1925 3290 2071 3338 terea
2126 3290 2339 3352 tempus
2393 3281 2582 3345 fuisse,
2626 3288 2681 3335 et
2728 3279 2948 3350 quidem
2994 3279 3376 3333 nonnullorum
3414 3292 3484 3330 ex

1922 3374 2175 3443 opinione
2205 3373 2567 3438 commodius,
2594 3371 2737 3426 idem
2764 3386 2888 3426 mox
2920 3369 3133 3425 Plinius
3166 3368 3368 3423 indicat
3396 3368 3481 3424 bis

1920 3466 2141 3523 verbis:
2178 3484 2197 3516 ι
2234 3464 2388 3519 Multi
2416 3465 2677 3520 hibernos
2717 3478 2884 3534 agnos
2933 3461 3226 3532 prmferunt
3255 3459 3478 3515 vernis:

1921 3557 2177 3626 quoniam
2208 3556 2379 3626 magis
2408 3555 2626 3610 intersit
2652 3563 2777 3609 ante
2820 3553 3132 3612 solstitium,
3160 3565 3323 3620 quam
3357 3559 3482 3603 ante

1920 3650 2189 3711 brumam,
2222 3646 2405 3701 firmos
2427 3661 2549 3701 esse
2576 3665 2589 3699 :
2622 3644 2909 3712 solumque
2953 3642 3055 3697 hoc
3099 3640 3300 3695 animal
3334 3638 3482 3691 utili-

1920 3746 2003 3794 ter
2029 3738 2221 3793 bruma
2247 3737 2418 3792 nasci.
2456 3754 2475 3788 ι
2510 3734 2773 3806 Virgilius
2818 3733 2862 3786 ll
2899 3730 3084 3802 Georg.
3113 3733 3256 3786 inter
3296 3728 3481 3784 laudes

1920 3828 2085 3885 Italiae
2112 3844 2229 3884 eam
2259 3836 2526 3891 recenset,
2552 3826 2700 3898 quod
2728 3826 2823 3892 ibi,

1989 3944 2083 3999 Bis
2112 3942 2342 4014 gravida
2368 3940 2607 4010 pecudes.

1921 4060 2037 4126 Quo
2066 4058 2287 4113 Servius
2314 4055 2583 4127 pertinere
2609 4052 2742 4108 illud
2775 4051 2965 4107 Bucol.
2994 4048 3039 4105 II
3063 4055 3222 4121 putat
3253 4068 3267 4104 :

1921 4174 1927 4181 ’
1989 4172 2097 4226 Lac
2128 4170 2255 4226 mihi
2287 4186 2389 4224 non
2415 4176 2597 4224 watate
2629 4183 2837 4229 novum,
2885 4181 2989 4219 non
3018 4164 3211 4235 {rigore
3240 4161 3386 4232 deﬁt.

1989 4286 2349 4352 Quamobrem
2388 4284 2619 4340 feturam
2666 4282 2825 4335 aliam
2862 4280 3103 4335 aestivam
3127 4319 3141 4345 ,
3181 4277 3341 4330 aliam
3396 4275 3482 4330 hi-

1920 4380 2142 4437 bernam
2180 4378 2349 4435 fuisse
2374 4377 2688 4446 conjectura
2715 4381 2819 4437 est,
2860 4387 2967 4427 non
2998 4371 3054 4424 in
3086 4369 3236 4424 Italia
3267 4367 3479 4432 solum,

1859 4471 1902 4525 D
1928 4471 2022 4527 sed
2054 4470 2215 4525 etiam
2251 4470 2307 4524 in
2337 4468 2578 4531 Oriente,
2614 4474 2675 4521 ut
2719 4465 2773 4520 in
2810 4463 2966 4536 Syria
2995 4471 3049 4518 et
3074 4458 3477 4531 Mesopotamia.

1923 4563 2195 4618 Geneseos
2232 4577 2354 4632 cap.
2386 4559 2556 4623 XXX,
2580 4559 2644 4613 4i
2677 4566 2730 4614 et
2758 4559 2848 4621 42,
2896 4557 3094 4626 duplex
3137 4554 3251 4608 haec
3279 4550 3482 4606 admis-

1923 4668 2050 4711 sura
2084 4653 2453 4725 significatur:
2482 4665 2713 4721 quarum
2755 4663 2861 4703 una
2915 4646 3259 4716 tempestiva,
3310 4642 3481 4696 altera

1925 4746 2164 4801 serotina
2195 4744 2415 4799 dicitur.
2445 4742 2633 4812 Itaque
2660 4739 2827 4795 Jacob
2854 4738 2910 4793 in
2933 4737 3228 4792 maturiore
3261 4745 3316 4790 et
3349 4742 3481 4788 tern-

1922 4837 2132 4907 pestiva
2162 4835 2527 4891 decorticatas
2554 4849 2621 4889 ex
2651 4840 2806 4903 parte
2844 4831 3025 4901 virgas
3047 4828 3209 4885 alveis
3236 4827 3476 4895 impone-

1922 4928 2034 4990 bat,
2062 4934 2122 4980 ut
2152 4927 2314 4982 varia:
2355 4941 2419 4980 ac
2467 4924 2757 4979 maculosae
2800 4923 3034 4993 pecudes
3083 4923 3475 4981 naScerentur,

1924 5035 2045 5089 que
2069 5019 2122 5072 in
2153 5018 2459 5073 mercedem
2496 5016 2601 5073 sibi
2633 5021 2942 5082 cesserant;
2988 5013 3130 5084 quod
3166 5011 3348 5082 priore
3386 5008 3479 5062 illa

1927 5112 2100 5165 fetura
2122 5109 2420 5165 valentiora
2466 5118 2520 5165 et
2557 5107 2867 5163 robustiora
2891 5120 3087 5176 pecora
3113 5104 3477 5175 gignerentur.

1926 5202 1981 5256 In
2026 5203 2259 5256 serotina
2300 5201 2483 5271 virgas
2510 5214 2619 5255 non
2651 5198 2906 5269 ponebat,
2940 5205 3000 5251 ut
3027 5212 3093 5252 ex
3116 5210 3181 5251 ea
3217 5203 3359 5249 natae
3386 5204 3481 5262 pe-

1924 5291 2110 5355 cudes,
2159 5306 2278 5360 qua:
2326 5290 2711 5347 imbecilliores
2752 5297 2945 5350 erant,
2985 5285 3221 5343 Labanis
3270 5290 3476 5339 essent.

1924 5386 2093 5451 Quem
2150 5384 2215 5438 ad
2272 5383 2452 5437 locum
2499 5380 2858 5454 Hieronymus
2898 5380 2956 5438 in
3009 5378 3214 5433 Tradit.
3263 5384 3316 5432 et
3368 5373 3480 5428 Au-

1923 5476 2175 5546 gustinus
2207 5474 2406 5540 Quwst.
2438 5488 2539 5528 xcv
2564 5474 2618 5527 in
2647 5472 2876 5528 Gen.bis
2904 5471 2959 5526 in
2982 5466 3387 5540 Mesopotamia,
3420 5472 3478 5518 ut

1924 5576 1973 5620 et
2004 5566 2057 5619 in
2093 5565 2263 5627 Italia,
2291 5563 2543 5636 gravidas
2582 5578 2703 5619 esse
2744 5562 2976 5633 pecudes
3020 5564 3291 5616 asserunt.
3321 5574 3340 5607 ι
3373 5553 3479 5610 Na-

1924 5667 2045 5711 tura
2075 5665 2249 5711 aulem
2295 5654 2597 5709 Italicarum
2635 5654 2838 5716 ovium,
2869 5659 2923 5707 et
2950 5647 3346 5721 Mesopotamia:
3370 5661 3476 5699 una

1928 5767 2048 5807 esse
2110 5750 2360 5814 traditur,
2400 5767 2417 5801 ι
2457 5748 2530 5802 ait
2583 5745 2958 5818 Hieronymus.
3014 5742 3118 5799 Sed
3168 5743 3220 5797 in
3276 5738 3478 5796 consti-
