3948 6264
573 361 712 419 1375

1542 365 1633 419 AD
1669 363 1935 421 EUSEBII
1969 363 2352 421 CHRONICON
2393 361 2750 420 APPENDlX'.

3590 370 3717 439 .1576

570 475 771 533 tuenda
822 476 1143 535 admissura:
1190 474 1474 548 utriusque
1538 483 1859 549 tempestate
1921 479 2129 534 variant
2161 483 2203 542 Α
2230 493 2406 533 annus
2430 484 2514 534 est
2546 476 2682 532 dies.
2722 473 2893 545 Cujus
2929 473 3074 530 veris
3115 474 3282 530 instar
3315 483 3394 532 est
3416 492 3579 544 mane,
3600 490 3714 553 quod

573 575 841 624 auctores.
870 567 1006 623 Nam
1045 568 1135 623 alii
1168 570 1544 639 tempestivam
1585 585 1705 626 esse
1752 578 1942 642 putant
1983 586 2123 638 eam,

571 674 693 729 quae
736 675 863 715 vere
912 660 970 715 lit
1010 680 1023 715 :
1063 660 1393 726 serotinum,
1433 663 1822 719 autumnalem.
1860 666 1940 717 Ita
1977 665 2129 720 Aben

572 749 732 817 Ezra,
770 753 969 822 aliique
1003 767 1071 807 ex
1096 750 1356 817 Hebrmis,
1387 767 1524 822 quos
1550 752 1880 816 Munsterus,
1908 754 2125 824 Fagius,

572 837 844 896 Mercerus
892 851 1215 912 sequuntur,
1266 859 1333 899 ex
1365 845 1567 900 nostris
1606 843 1886 901 Perrerius
1926 857 1980 901 et
2008 846 2130 902 Del-

569 932 707 986 rius.
762 932 868 986 Alii
920 940 1111 988 contra
1169 941 1544 1003 tempestivam
1607 936 1962 992 admissuram
2036 953 2131 992 au-

570 1033 781 1089 tumno,
811 1025 1105 1080 serotinam
1136 1040 1260 1081 vere
1294 1025 1493 1081 factam
1533 1027 1882 1083 arbitrantur.
1917 1028 1994 1083 Ita
2025 1027 2132 1085 Va-

570 1116 772 1173 tablus.
796 1116 907 1173 Nec
949 1118 1107 1173 aliter
1132 1126 1354 1175 sanctus
1407 1118 1765 1191 Hieronymus
1809 1122 1864 1176 in
1901 1121 2129 1189 Tradit.,

571 1208 619 1264 si
662 1209 782 1279 ejus
827 1210 988 1265 verba
1026 1210 1311 1281 diligenter
1360 1214 1690 1270 attendimus
1722 1233 1735 1268 :
1770 1233 1789 1265 ‹
1825 1214 1882 1269 Si
1916 1215 2133 1285 quando

570 1316 700 1356 oves
722 1308 782 1356 et
807 1316 982 1372 caprae
1029 1304 1205 1373 primo
1239 1310 1483 1375 tempore
1526 1305 1980 1372 ascendebantur,
2007 1307 2133 1377 quia

569 1394 763 1448 melior
784 1409 987 1450 vernus
1018 1402 1103 1451 est
1136 1394 1300 1461 fetus,
1337 1404 1463 1454 ante
1498 1397 1644 1468 ipsas
1676 1398 1909 1468 ponebat
1934 1399 2133 1470 virgas,

2225 576 2340 623 tum
2388 585 2481 623 aer
2530 573 2858 636 temperatus
2909 566 3018 633 sit;
3073 566 3325 622 meridies
3356 571 3544 627 aestatis
3585 574 3718 632 instar

2225 666 2346 725 est;
2395 665 2656 712 autumno
2702 655 3127 725 pomeridianum
3181 663 3389 727 tempus
3436 658 3590 717 simile
3628 675 3715 735 est;

2226 748 2421 804 hiemis
2450 749 2622 803 instar
2653 747 2831 802 tristis
2855 754 2938 801 est
2979 761 3224 816 vespera,
3257 760 3309 801 e-t
3345 749 3477 822 quod
3512 751 3716 827 deinceps

2230 841 2501 911 sequitur.
2551 860 2569 892 ι

2299 930 2423 985 Haec
2452 937 2672 1000 propter
2714 942 2967 984 occasum
3009 926 3228 981 Arcturi
3287 937 3341 982 et
3372 927 3556 999 Aquilae
3595 939 3717 1005 paulo

2231 1029 2360 1078 sunt
2386 1022 2664 1092 diSputata
2703 1017 2898 1074 fusius.
2928 1017 3005 1071 Ac
3033 1017 3101 1072 de
3132 1018 3369 1072 methodi
3397 1035 3489 1074 usu
3516 1030 3561 1076 et
3579 1039 3718 1080 exem-

2229 1114 2335 1184 plis
2368 1114 2669 1167 hactenus:
2713 1124 2943 1181 quorum
2982 1109 3235 1163 tractatio
3272 1123 3392 1163 cum
3432 1112 3490 1166 ad
3517 1113 3720 1171 imitatio-

2232 1221 2357 1261 nem
2398 1205 2676 1276 proposita
2707 1202 2978 1258 tironibus
3025 1215 3146 1256 esse
3174 1200 3379 1265 debuit,
3411 1209 3512 1257 tum
3543 1220 3719 1275 seque“.

2232 1298 2379 1356 tibus
2405 1298 2460 1353 in
2493 1296 2667 1363 libris,
2697 1309 2762 1351 ac
2791 1291 3257 1366 disputationibus
3289 1292 3437 1347 utilis
3469 1303 3541 1348 est
3564 1294 3719 1357 futura.

2837 1405 3063 1465 CAPUT
3102 1406 3192 1461 IX.

569 1492 630 1538 ut
650 1484 799 1541 varia
835 1486 1050 1542 soboles
1082 1496 1417 1543 nasceretur.
1454 1508 1472 1541 ι
1503 1488 1717 1546 Vernus
1752 1490 1892 1546 fetus
1927 1499 2011 1546 est
2043 1493 2138 1562 qui
2241 1521 2311 1575 De
2353 1530 2472 1576 om,
2507 1528 2555 1575 ει
2596 1516 2785 1575 acc-am
2820 1518 3170 1589 Vergiliarum
3222 1517 3536 1584 “ptimum,
3564 1536 3614 1572 ea
3635 1538 3722 1590 qua,

567 1592 695 1632 vere
738 1579 1008 1633 nascitur.
1047 1578 1202 1635 Hunc
1255 1596 1385 1653 ergo
1434 1582 1611 1637 hieme
1657 1583 1894 1651 ineunte,
1921 1585 2005 1639 vel
2042 1600 2138 1638 au-

566 1677 756 1726 tumno
782 1669 1064 1725 desinente
1093 1672 1238 1742 gigni
1280 1674 1541 1744 oportuit.
1577 1672 1718 1729 Oves
1744 1675 1886 1729 enim
1915 1682 2128 1731 uterum

566 1756 752 1813 ferunt
799 1760 1077 1816 mensibus
1116 1763 1372 1831 quinque,
1404 1765 1490 1817 vel
1525 1763 1716 1819 diebus
1751 1778 1856 1832 cn;
1901 1771 1961 1819 ut
2003 1765 2127 1819 Ari-

2306 1592 2370 1662 ab
2403 1591 2630 1662 antiquis
2659 1585 2937 1662 memoriae:
2954 1597 3073 1662 sunt
3113 1588 3344 1655 prodita.
3389 1585 3574 1662 Virgilii
3596 1585 3654 1643 de
3674 1593 3722 1646 iis

2306 1661 2448 1715 locus
2478 1656 2874 1714 inextricabilis.
2895 1656 3136 1728 Plerique
3160 1664 3396 1712 auctam
3420 1660 3633 1725 explicati
3655 1671 3722 1714 aut

2307 1732 2569 1802 castigati.

568 1850 788 1907 stoteles
833 1859 1023 1907 auctor
1060 1861 1143 1910 est
1185 1855 1277 1909 lib.
1301 1853 1369 1909 v1
1416 1854 1558 1910 Hist.
1595 1858 1781 1922 anim.,
1820 1864 1874 1912 et
1915 1857 2125 1915 Plinius
2154 1838 2198 1895 Β
2295 1842 2573 1913 Praecipua
2612 1840 2756 1912 apud
2810 1841 3063 1911 antiquos
3110 1837 3421 1895 observatio
3461 1838 3553 1894 fuit
3587 1838 3723 1911 Verri

565 1938 689 1994 loco
718 1940 811 1995 cit.

636 2026 708 2083 Ut
735 2028 862 2084 huic
890 2031 1180 2102 posteriori
1211 2031 1492 2089 sententiae
1519 2033 1726 2091 faveam
1756 2036 1935 2107 potius
1963 2053 2125 2109 quam

566 2118 743 2188 alteri,
775 2118 904 2177 facit
942 2121 1074 2177 illud
1104 2123 1400 2194 imprimis,
1441 2127 1584 2195 quod
1619 2146 1636 2178 ι
1670 2130 1983 2198 temporarii
2020 2149 2039 2182 ι
2075 2138 2129 2186 et

571 2229 592 2263 ι
634 2213 855 2267 serotini
895 2231 912 2265 ι
945 2214 1206 2270 vocabula
1252 2217 1387 2271 alias
1436 2217 1492 2271 in
1519 2219 1692 2274 sacris
1732 2220 1927 2277 litteris
1966 2237 2127 2278 usur-

563 2310 763 2372 pentur
812 2303 879 2358 ad
930 2320 1053 2360 eum
1106 2306 1348 2372 modum,
1393 2323 1558 2378 quem
1612 2310 1702 2363 illa
1755 2310 2010 2367 defendit.
2058 2311 2153 2366 Uti

563 2406 691 2446 cum
726 2394 900 2450 imber
928 2397 1291 2466 temporarius
1316 2406 1369 2453 et
1400 2400 1675 2456 serotinus
1709 2401 1906 2457 dicitur
1934 2403 2129 2459 Deute-

564 2500 686 2540 ron.
721 2501 799 2553 ιι,
825 2487 911 2552 id,
955 2486 1120 2543 Hebr.
1379 2499 1521 2556 .‘l‘w,
1551 2493 1704 2557 ὑετὸς
1738 2492 2000 2563 πρώῖμος,
2037 2495 2128 2548 καὶ

560 2575 773 2648 ὔψιμος.
798 2577 966 2645 Quem
995 2580 1062 2634 ad
1096 2580 1274 2636 locum
1318 2581 1385 2636 ll.
1436 2581 1686 2639 Selomoh
1719 2594 1838 2646 m1?
1867 2588 2128 2656 interpre-

563 2672 715 2719 tatur
739 2666 807 2722 de
830 2668 1033 2738 pluvia,
1069 2685 1190 2739 qua:
1217 2677 1337 2738 post
1375 2681 1671 2728 sementem
1700 2674 1897 2729 cadens
1928 2681 2126 2729 terram

561 2764 617 2813 et
649 2765 801 2814 satus
831 2757 1039 2829 irrigat,
1066 2742 1263 2845 ωπρὸω
1289 2776 1416 2816 vero
1441 2761 1508 2817 de
1536 2777 1598 2817 ea
1624 2778 1742 2833 qua:
1768 2762 1871 2818 sub
1897 2779 2126 2819 messem

558 2848 730 2902 venit.
786 2846 886 2903 Cui
931 2855 986 2904 et
1029 2849 1181 2905 Aben
1215 2850 1352 2905 Ezra
1384 2854 1675 2917 consentit,
1708 2868 1923 2908 necnon
1959 2852 2126 2908 David

557 2938 810 2995 Kimhius
870 2940 928 2994 in
968 2956 1084 3008 cap.
1118 2939 1181 2993 II
1213 2939 1373 3009 Joel.,
1429 2957 1568 2997 cam.
1616 2944 1704 3008 24,
1755 2944 1846 2998 ubi
1901 2952 2127 3015 utraque

556 3029 747 3097 pluvia
804 3037 1160 3099 memoratur,
1210 3046 1275 3086 ac
1326 3033 1702 3102 tempestivam
1752 3035 1826 3087 ait
1876 3033 2124 3092 Kimhius

556 3135 750 3175 mense
778 3120 1141 3176 Marcheswan
1171 3122 1416 3178 accidere
1436 3164 1452 3188 ,
1482 3146 1486 3151 ’
1515 3126 1804 3180 serotinam
1842 3128 1895 3183 in
1931 3126 2118 3184 Nisan.

558 3210 849 3266 Chaldaeus
884 3211 1081 3265 ibidem
1112 3213 1402 3267 serotinam
1430 3214 1638 3270 confert
1668 3210 1727 3270 in
1759 3216 1947 3274 Nisan.

608 3297 772 3370 Origo
788 3301 1162 3371 appellationis
1178 3303 1460 3373 utriusque
1476 3304 1693 3375 duplex,
1710 3315 1766 3361 ut
1781 3309 1990 3378 opinor,
2006 3308 2124 3367 fuit.

556 3388 744 3445 Prima
769 3401 823 3445 et
860 3390 1240 3462 antiquissima
1267 3409 1334 3448 ex
1365 3394 1480 3464 ipsa
1500 3410 1678 3450 rerum
1719 3407 1932 3464 natura,
1955 3407 2008 3454 et
2032 3417 2126 3456 ru-

556 3481 824 3536 sticorum
849 3497 1075 3552 operum
1118 3500 1219 3539 usu
1244 3491 1297 3540 et
1318 3486 1698 3543 commoditate
1712 3491 1968 3547 manavit.
1991 3491 2127 3548 Nam

552 3586 623 3628 ea
662 3574 979 3643 tempestiva
1018 3573 1126 3630 dici
1185 3576 1393 3641 solent,
1420 3594 1435 3603 -
1465 3593 1585 3647 quae
1627 3586 1856 3648 mature,
1917 3589 1972 3637 et
2024 3585 2126 3640 sub

556 3665 736 3736 ipsum
770 3666 987 3721 initium
1022 3668 1316 3736 accidunt;
1368 3669 1630 3736 serotina,
1657 3686 1778 3741 quae
1807 3672 2032 3739 tardius,
2072 3681 2127 3729 et

557 3757 663 3814 sub
686 3758 911 3813 exitum.
963 3757 1139 3828 Opera
1194 3759 1372 3816 omnis
1421 3760 1628 3816 rustica
1673 3762 1743 3817 ab
1785 3765 2029 3820 aratione
2071 3772 2126 3821 et

558 3860 801 3908 semente
834 3852 1049 3922 incipit,
1082 3859 1138 3908 et
1168 3851 1486 3909 inmessem
1515 3853 1739 3910 desinit.
1787 3855 1917 3922 Quae
1959 3857 2125 3928 igitur

554 3941 738 4013 pluvia
787 3943 890 3997 sub
946 3943 1122 4011 ipsum
1173 3944 1436 4000 arationis
1487 3961 1552 4000 ac
1601 3949 1859 4005 sementis
1913 3956 2123 4020 tempus

555 4031 744 4097 adluit,
768 4048 831 4087 ea
863 4035 1185 4103 tempestiva
1214 4042 1269 4090 et
1294 4026 1515 4091 matura
1548 4036 1655 4092 dici
1689 4046 1929 4095 meretur
1962 4060 1975 4096 :
2003 4057 2122 4113 qua:

553 4123 715 4193 paulo
745 4133 870 4181 ante
901 4140 1152 4190 messem,
1186 4126 1339 4181 tarda
1364 4134 1419 4182 et
1449 4128 1706 4184 serotina.
1745 4131 1923 4187 Altera
1958 4147 2123 4189 causa

554 4214 624 4269 ab
657 4215 788 4270 anni
828 4217 1007 4273 civilis
1053 4217 1279 4273 exordio
1334 4208 1537 4289 petitur
1583 4240 1597 4276 :
1632 4238 1791 4293 quem
1839 4223 2008 4279 Judaei
2052 4225 2122 4280 ab

2225 1934 2450 1999 'liarum,
2504 1949 2641 2004 quas
2685 1932 2859 1988 ϐταιοί
2918 1931 3181 1994 Πλεῖάδας
3232 1932 3510 1987 dixerunt:
3544 1930 3650 1987 adeo
3679 1942 3722 1987 ut

2234 2025 2303 2081 ab
2329 2026 2436 2081 illis
2464 2023 2661 2079 πλειὼν
2688 2033 2917 2080 vocatus
2942 2023 3014 2078 sit
3044 2038 3246 2085 annus,
3271 2030 3330 2076 ut
3359 2020 3515 2078 refert
3550 2021 3665 2077 Theo
3681 2022 3719 2078 in

2232 2112 2525 2170 Comment.
2571 2113 2641 2168 ad
2678 2114 2920 2168 Aratum.
2967 2111 3293 2183 Lycophron
3341 2120 3483 2170 certe
3523 2112 3722 2178 πλειῶνος

2226 2207 2551 2262 vocabulum
2582 2221 2683 2276 pro
2717 2220 2863 2261 anno
2894 2205 3080 2270 sumit,
3116 2204 3209 2260 his
3239 2204 3453 2261 verbis:

2292 2319 2392 2384 Εἰς
2424 2316 2600 2373 πέντε
2629 2332 2746 2371 που
2783 2314 3078 2382 πελειῶνας
3106 2316 3349 2385 ἱμείρων
3372 2311 3587 2388 λέχους.

2297 2427 2531 2499 Quinque
2562 2427 2767 2482 circiter
2794 2443 2957 2481 annos
2993 2426 3111 2481 lecti
3143 2426 3393 2496 cupidus.

2227 2539 2380 2607 Quod
2423 2548 2477 2595 et
2510 2538 2812 2611 Hesychius
2844 2538 3024 2603 habet,
3068 2539 3175 2593 etsi
3224 2539 3440 2594 alteram
3487 2536 3625 2609 huius
3656 2554 3724 2609 ap-

2226 2629 2534 2700 pellationis
2558 2643 2777 2685 causam
2809 2626 2962 2683 allert
2999 2648 3011 2683 :
3048 2627 3183 2681 Ἀπὺ
3213 2628 3307 2682 τοῦ
3338 2629 3528 2691 πάντας
3548 2629 3628 2698 τῆς
3650 2629 3725 2698 γῆς

2226 2723 2350 2785 τοὺς
2384 2722 2629 2792 καρποὺς
2660 2719 3107 2792 συμπληροῦσθαι
3134 2741 3148 2776 :
3193 2740 3213 2775 ί
3243 2721 3387 2791 quod
3431 2720 3613 2776 fructus
3641 2737 3725 2779 om-

2225 2827 2323 2869 nes
2352 2818 2507 2867 ιρι-τω
2543 2811 2690 2881 pleni
2719 2826 2785 2866 co
2836 2818 3082 2865 vertente
3119 2811 3457 2880 proveniant.
3492 2830 3511 2862 ι
3538 2809 3610 2869 Ea:
3640 2812 3724 2881 sit;

2226 2909 2353 2963 sunt
2380 2899 2436 2954 in
2473 2908 2622 2970 tergo
2648 2898 2834 2964 Tauri,
2869 2914 3097 2954 numero
3125 2915 3246 2963 sex,
3275 2899 3365 2953 aitt
3386 2898 3626 2954 Geminus.
3648 2897 3724 2970 ll;-

2230 2994 2395 3062 ginus
2430 3010 2449 3043 ‹
2484 2991 2626 3046 inter
2654 2990 2955 3046 ﬁnitionem
2997 2992 3248 3061 corporis
3279 2989 3439 3045 Tauri
3483 3000 3530 3046 et
3553 2989 3721 3045 caudam

2224 3083 2423 3138 Arietis
2461 3100 2481 3135 ι
2517 3083 2737 3138 easdem
2791 3083 2975 3149 locat;
3047 3082 3252 3139 Aratus
3297 3094 3460 3155 prope
3509 3082 3721 3139 sinistram

2149 3185 2191 3241 ο
2223 3173 2530 3242 ἐπιγουνίδα
2569 3172 2788 3238 Persei,
2833 3188 2997 3244 quam
3035 3188 3228 3235 vocem
3269 3175 3417 3236 varie
3469 3173 3727 3243 interpretes

2227 3271 2575 3333 acceperunt.

2303 3370 2562 3443 'ATXt_§é
2582 3374 2636 3426 oi
2664 3371 2885 3443 σκαιῆς
2904 3372 3282 3443 ἐπιγουνίδος
3303 3371 3475 3442 ἤλιθα
3495 3369 3649 3426 πᾶσαι

2295 3441 2593 3511 Πληϊάδες
2631 3441 2966 3511 φορέονται.

2227 3555 2418 3613 Cicero
2449 3574 2465 3612 :

2292 3670 2363 3724 At
2391 3677 2598 3739 prapter
2620 3668 2805 3724 (meum
2837 3684 2970 3739 genu
3000 3668 3143 3722 omni
3171 3683 3242 3722 es
3276 3676 3423 3739 parte
3446 3666 3623 3721 locatas

2296 3737 2494 3794 Parva‘
2522 3738 2771 3810 Vergilias
2805 3737 2943 3793 tenui
2979 3754 3096 3792 cum
3128 3739 3244 3792 luce
3282 3737 3488 3793 videbis.

2223 3829 2462 3896 Avienus
2492 3847 2505 3883 :

2295 3941 2541 3997 Pleiades
2574 3941 2786 4010 femoris
2814 3941 3013 4010 pariter
3041 3938 3136 3995 sub
3176 3940 3283 4009 fine
3315 3939 3507 3993 sinistri

2292 4012 2519 4067 Perseus
2551 4011 2814 4082 protollit.

2291 4123 2634 4196 Hipparchus
2671 4124 2766 4179 lib.
2805 4122 2937 4187 lEl;
2962 4123 3031 4177 τὰ
3063 4124 3365 4193 φαινόμενα
3396 4116 3728 4191 negatvicinas

2221 4231 2342 4271 esse
2367 4232 2509 4286 genu
2534 4215 2762 4271 sinistro
2789 4213 2991 4269 Persei.
3020 4214 3212 4285 Itaque
3239 4212 3534 4282 ἐπιγουνίδα
3556 4206 3726 4279 quidam

556 4314 818 4363 autumno
842 4316 896 4364 et
925 4308 1069 4365 Tisri
1098 4312 1543 4381 auspicabantur.
1580 4313 1766 4385 Itaque
1805 4318 2120 4387 tempestiva

2221 4306 2290 4360 ad
2311 4323 2440 4364 crus
2480 4307 2751 4378 integrum
2781 4308 3106 4362 retulerunt.
3147 4306 3288 4362 Vide
3319 4307 3593 4361 Theonem.
3615 4300 3724 4354 Idem

550 4404 704 4452 recte
723 4399 1083 4477 vocabantur,
1106 4417 1226 4471 quae
1250 4402 1472 4458 ineunte
1496 4418 1638 4459 anno
1662 4422 1676 4471 ;
1713 4406 1970 4471 serotina,
2002 4423 2120 4478 quae
2221 4395 2561 4468 Hipparchus
2588 4400 2828 4453 Attalum
2861 4398 3232 4470 reprehendit,
3257 4398 3400 4469 quod
3424 4413 3510 4452 sex
3535 4406 3637 4450 esse
3660 4402 3725 4443 so-

548 4484 853 4543 inclinaute
882 4476 1103 4543 fiebant.
1148 4488 1272 4544 Haec
1305 4490 1353 4545 si
1381 4484 1509 4547 vera
1551 4499 1699 4557 sunt,
1737 4494 1979 4564 profecto
2010 4476 2119 4553 non
2150 4514 2194 4570 ι)
2222 4487 2303 4544 1³5
2332 4488 2550 4549 dixerit.
2581 4503 2703 4543 cum
2739 4489 2850 4543 είηι
2895 4502 3125 4543 numero
3155 4496 3382 4557 septem.
3414 4493 3471 4540 υι
3504 4494 3551 4539 ei
3572 4481 3726 4570 5'3"“

452 4578 453 4581 “
553 4574 663 4629 alio
695 4590 859 4631 sensu
892 4580 1215 4649 tempestiva
1243 4590 1298 4636 et
1338 4584 1582 4638 serotina
1616 4584 1793 4639 fetura
1823 4588 1891 4643 ab
1926 4587 2117 4645 iisdem
2150 4566 2181 4570 ”
2220 4576 2443 4643 cecinit;
2495 4577 2589 4631 sed
2624 4591 2786 4630 unam
2843 4577 3066 4632 minime
3115 4592 3392 4648 apparere.
3431 4571 3578 4628 Addit
3615 4566 3727 4621 Theo

549 4663 751 4724 Iudaeis
784 4678 1045 4739 usurpata
1068 4672 1303 4739 videtur,
1339 4692 1503 4747 quam
1533 4693 1642 4747 quo
1671 4680 1904 4748 pluviam
1942 4682 2121 4751 appel-

550 4757 718 4815 latam
775 4775 840 4816 ac
884 4762 1199 4819 distinctam
1252 4768 1396 4823 inter
1448 4784 1638 4826 omnes
1683 4771 1951 4826 convenit.
1993 4769 2115 4825 Ideo

551 4854 927 4923 tempestivam
957 4856 1320 4914 admissuram
1351 4862 1723 4916 autumnalem
1750 4900 1765 4927 ,
1797 4861 2112 4926 serounam,

546 4962 774 5003 vernam
801 4958 895 5005 aut
926 4952 1165 5008 aestivam
1195 4956 1422 5027 intelligi
1452 4972 1553 5028 par
1574 4965 1677 5013 est.
1728 4974 1731 4977 λ

614 5038 766 5096 Alias
794 5051 992 5109 autem,
1034 5059 1097 5099 ac
1125 5054 1347 5117 propter
1377 5048 1579 5104 diversi
1612 5050 1831 5120 generis
1857 5061 2116 5120 Opportu-

540 5131 749 5189 nitates
781 5135 1187 5204 tempestivum,
1213 5137 1325 5193 sive
1352 5137 1597 5211 πρὼῖμον
1647 5140 1701 5193 id
1741 5138 1848 5193 dici
1877 5146 2110 5209 poterat,

546 5223 692 5295 quod
745 5239 874 5283 vere
921 5227 1161 5297 accidit;
1217 5231 1553 5296 serotinum,
1617 5232 1759 5302 quod
1818 5230 2114 5285 inclinante

545 5316 657 5387 iam
686 5331 851 5384 anno,
872 5319 1136 5390 siquidem
1167 5328 1228 5377 ut
1254 5323 1321 5377 ad
1344 5323 1439 5379 lib.
1470 5323 1515 5377 ll
1544 5324 1736 5396 Odyss.
1767 5324 1867 5379 sub
1899 5323 2111 5377 initium

547 5410 800 5468 observat
828 5411 1400 5486 Eustathius:Mtupdg
1429 5434 1512 5481 τις
1542 5415 1782 5493 ἐνιαυτὸς
1809 5416 2016 5487 ἡμέραο
2044 5408 2113 5487 ἦς

549 5494 637 5555 οἷα
681 5503 779 5573 μὲν
819 5503 979 5577 ἓαρή
1022 5507 1202 5577 πρωῖα
1234 5507 1326 5561 διὰ
1373 5506 1433 5562 τὸ
1472 5506 1771 5578 τηνικαῦτα
1815 5505 2107 5577 εὔκρατον·

552 5589 706 5663 θέρος
731 5595 789 5647 δὲ
812 5590 923 5650 οἷον
948 5598 1010 5651 τὸ
1038 5599 1137 5669 τῆς
1160 5599 1376 5671 ἡμέρας
1406 5600 1567 5671 μέσον
1586 5616 1600 5632 ·
1629 5596 1949 5670 φθινοπώρῳ
1970 5597 2026 5651 δὲ
2044 5596 2114 5650 τὰ

551 5683 679 5754 περὶ
714 5685 890 5758 δείλην
932 5688 1102 5743 ἔοικε·
1149 5689 1413 5761 χειμῶνος
1441 5691 1499 5744 δὲ
1540 5692 1693 5763 δίκην
1737 5687 2110 5761 σκυθρωπάζει

552 5779 622 5858 εὰ
648 5779 782 5851 πρὸς
822 5783 1077 5858 ἑσπέραν,
1129 5788 1221 5842 καὶ
1274 5786 1851 5867 ἐπέκειτναης-Ρρτνμε
1889 5776 2108 5857 quidam
2168 5862 2171 5863 ν

2215 4668 2547 4739 triangulum
2576 4668 2699 4723 illas
2728 4666 2926 4731 facere,
2952 4669 3110 4739 cujus
3131 4668 3280 4724 basis
3314 4667 3379 4720 ad
3407 4673 3571 4720 ortum
3594 4659 3727 4728 respi-

2217 4761 2325 4826 cit;
2350 4775 2524 4830 neque
2561 4774 2759 4830 magno
2794 4761 2972 4829 spatio
3010 4760 3317 4815 contineri:
3354 4758 3539 4828 quippe
3567 4754 3613 4808 in
3639 4752 3726 4804 lon-

2215 4847 2512 4918 gitudinem
2544 4863 2708 4901 unum
2741 4848 2993 4917 gradum,
3026 4849 3081 4903 in
3108 4848 3443 4903 latitudinem
3464 4847 3634 4915 ἥμισυ,
3656 4838 3726 4891 καὶ

2213 4940 2416 5008 ὄγδοον,
2440 4952 2725 5008 occupare,
2750 4938 2852 4993 hoc
2876 4947 2960 4994 est
2992 4940 3354 5009 sexagesimas
3395 4935 3472 4989 37'
3504 4930 3612 5003 1/2.
3634 4927 3716 4981 lla-

2214 5047 2334 5086 rum
2369 5031 2568 5096 media,
2611 5045 2731 5103 qua:
2760 5038 2813 5086 et
2854 5029 3037 5086 lucida
3082 5028 3364 5084 Pleiadum
3405 5023 3605 5083 dicitur,
3634 5032 3727 5072 ma-

2212 5122 2512 5194 gnitudinis
2547 5130 2631 5178 est
2659 5123 2864 5190 tertiae;
2896 5131 3102 5177 caeteras
3133 5121 3356 5191 quintae,
3398 5123 3451 5171 et
3480 5123 3639 5171 sextae.
3663 5107 3721 5161 lla

2213 5233 2335 5272 cum
2375 5216 2585 5287 exigua:
2610 5216 2742 5279 sint,
2773 5228 3089 5285 magnarum
3134 5222 3315 5267 tamen
3358 5220 3530 5264 rerum
3557 5199 3722 5272 signifi

2213 5307 2462 5362 cationes
2489 5306 2694 5362 habere
2723 5306 3106 5362 credebantur.
3132 5304 3353 5359 Cicero:

2214 5416 2316 5472 Ηίε
2352 5427 2527 5472 tenues
2553 5432 2711 5486 parvo
2747 5417 2979 5471 labentes
3013 5414 3202 5467 lumine
3232 5412 3421 5465 lucent.

2212 5488 2284 5541 At
2319 5505 2566 5559 magnum
2585 5504 2771 5542 nomen
2797 5488 2933 5558 signi
2962 5487 3261 5554 clarumque
3288 5487 3514 5536 vocatur.

2281 5598 2414 5654 Nam
2445 5606 2498 5655 et
2529 5600 2760 5665 aestatis,
2796 5606 2958 5669 atque
2985 5596 3180 5650 hiemis
3211 5592 3381 5653 initia,
3406 5594 3458 5644 et
3481 5580 3712 5669 messium.

2214 5699 2377 5762 atque
2403 5693 2709 5746 arationum
2737 5665 2979 5761 tempora
3010 5684 3404 5757 distinguebant
3422 5695 3447 5772 εξ
3463 5677 3535 5733 sic
3555 5680 3604 5743 ut
3627 5665 3715 5772 uul-

2214 5786 2323 5842 lius
2361 5783 2562 5841 sideris
2594 5782 2795 5843 clarior
2823 5781 2963 5852 apud
2997 5788 3265 5851 auctores,
3300 5783 3392 5836 aut
3429 5770 3713 5840 frequentior
