3948 6264
188 357 318 415 1577

950 342 1402 402 DISSERTATIO
1439 341 1526 396 DE
1569 339 1752 398 ORTU
1797 340 1883 395 ET
1914 336 2181 394 OCCASU
2223 334 2546 390 SIDERUM.

3259 333 3395 388 1578

184 461 354 530 exstet
386 466 664 521 memoria.
697 463 806 520 Nos
854 465 917 518 ad
963 479 1057 519 eos
1099 460 1453 518 illustrandos
1479 459 1582 514 hoc
1614 458 1735 512 loco
1764 462 1809 519 Α
1837 457 1997 511 telem
2032 453 2278 524 sequitur
2311 453 2408 507 lib.
2439 450 2509 506 IX
2547 447 2712 511 Hist.,
2733 462 2851 518 cap.
2880 445 2992 511 XL,
3016 450 3104 517 qui
3134 453 3186 501 et
3207 444 3304 500 lib.
3331 444 3394 510 V,

183 565 287 620 duo
321 558 563 632 quaedam
610 558 998 628 explicabimus
1044 576 1056 610 :
1106 557 1337 609 alterum
1389 554 1457 608 de
1492 559 1736 621 tempore

184 636 329 711 ortus
360 652 595 714 illarum,
641 659 692 704 et
723 664 951 704 occasus
987 689 1001 711 ,
1034 647 1261 700 alterum
1293 645 1359 699 de
1399 643 1524 697 anni
1567 641 1735 711 parti~

183 748 346 811 tione,
362 757 522 813 quam
543 741 732 796 iisdem
759 748 966 794 veteres
989 738 1290 808 assignant.
1316 734 1560 789 Totidem
1591 733 1737 787 enim

184 834 356 904 capita
396 837 523 886 sunt
560 830 614 883 in
647 828 879 882 PIiniani
910 825 1288 882 exercitatoris
1319 822 1598 878 incondita
1637 819 1738 874 far-

184 925 385 996 ragine,
416 922 472 975 in
497 936 656 992 quam
685 920 843 990 paqu
872 926 992 988 post
1027 917 1386 987 inquiremus.

251 1015 325 1070 De
364 1020 484 1068 ortu
527 1027 832 1081 occasuque
863 1009 1136 1065 Pleiadum
1173 1007 1286 1060 triti
1334 1012 1480 1072 sunt,
1512 1019 1608 1059 nec
1653 1010 1736 1072 ta-

185 1123 304 1164 men
335 1104 772 1176 praetermittendi
804 1118 993 1158 versus
1019 1098 1234 1155 Hesiodi
1258 1097 1306 1151 Il'
1335 1086 1505 1165 Ἔργ.’

189 1217 505 1285 Πληϊάδων
549 1216 935 1285 Ἀτλαγενέων
957 1208 1466 1285 ἐπιτελλομενάων

194 1278 468 1358 Ἀράξσθτ
494 1278 745 1354 ἀμητοῦ
780 1286 1008 1358 ἀρότριρ
1036 1282 1103 1335 δὲ
1132 1278 1581 1358 δυσσομενᾴων.

195 1348 268 1413 Af
286 1348 359 1423 δή
389 1374 475 1410 τοι
505 1348 723 1423 miserae
750 1348 933 1407 ¹διε-’καὶ
969 1352 1163 1422 ἤματα
1189 1348 1637 1423 ζεσσαράκοντρ.

186 1417 549 1495 Κεκρύραται
568 1443 579 1454 ·
611 1417 778 1495 adiit;-
809 1424 875 1476 δὲ
898 1417 1332 1495 περὶπλομένου
1359 1417 1634 1495 ἐνίας)τοῦ

188 1486 516 1560 Φαίῖθωῖοται,
544 1486 815 1561 ταπρῶὲα
846 1486 1319 1562 χαρὰσσομένοιο
1361 1486 1633 1556 σιδήρου.

195 1606 504 1662 Pleiadibus
535 1607 746 1660 Atlante
771 1607 908 1658 natis
941 1602 1224 1658 orientibus

195 1677 372 1745 Incipe
395 1693 640 1740 messem;
677 1677 963 1728 arationem
997 1691 1111 1728 vero
1138 1673 1508 1727 occidentibus.

194 1748 324 1811 Quae
355 1747 562 1816 quidem
609 1757 780 1799 noctes
807 1756 854 1798 et
883 1747 991 1797 dies
1021 1745 1374 1816 quadraginta

1837 561 1960 616 cap.
2001 543 2142 598 XXII
2185 543 2289 597 mel
2331 549 2496 610 negat
2537 539 2651 593 fieri
2687 547 2809 591 ante
2839 535 3198 606 Vergiliarum
3239 550 3398 590 exor-

1839 647 1974 693 tum.
2024 634 2130 689 Sed
2178 649 2277 688 cur
2319 631 2586 686 Pleiadem
2629 628 2923 684 occidendo
2966 627 3170 682 Piscem
3209 626 3284 680 ait
3314 627 3398 681 fu—

1836 723 1998 795 gere?
2042 723 2286 789 Servius,
2335 738 2397 776 ac
2435 720 2654 789 reliqui,
2696 734 2835 789 quos
2871 718 3003 780 vidi,
3049 719 3396 787 interpretes,

1839 816 2129 872 australem
2159 815 2369 870 Piscem
2401 814 2724 882 intelligunt,
2755 811 2911 880 cujus
2942 809 2996 862 in
3027 825 3088 864 os
3125 810 3400 878 Aquarius

1838 921 2032 977 aquam
2074 904 2338 969 infundit;
2374 904 2517 958 unde
2544 910 2595 957 et
2641 916 2876 970 aquosus
2908 899 3129 954 dicitur.
3164 899 3263 953 Hic
3305 916 3401 953 au-

1839 1006 1950 1054 tem
1982 1013 2046 1051 eo
2077 1009 2316 1067 tempore
2343 998 2534 1061 oritur,
2570 1009 2677 1064 quo
2709 991 2950 1048 Pleiades
2988 991 3266 1047 occidunt.
3307 993 3402 1045 At-

1847 1089 1943 1160 qui
1979 1089 2177 1143 falsum
2215 1088 2359 1142 istud
2403 1095 2505 1143 est.
2537 1085 2668 1139 Nam
2702 1100 2810 1154 quo
2837 1091 3110 1138 memento
3136 1083 3307 1138 Pleias
3346 1083 3402 1137 in

1839 1196 2038 1235 occasu
2067 1181 2329 1233 matutino
2361 1180 2462 1233 sita
2491 1187 2573 1232 est
2603 1179 2656 1230 in
2689 1177 2988 1230 elevatione
3015 1175 3146 1243 poli,
3173 1174 3273 1228 sub
3296 1189 3404 1243 qua

1839 1284 1995 1343 poeta
2045 1271 2298 1340 scripsit,
2345 1286 2408 1325 os
2455 1269 2628 1323 Piscis
2659 1265 2912 1322 australis
2953 1281 3140 1334 parum
3185 1267 3338 1319 abest
3371 1279 3404 1317 a

1839 1364 2135 1420 meridiano
2159 1363 2436 1424 inferiori;
2463 1377 2632 1430 eoque
2663 1361 2768 1416 situ
2795 1360 3038 1430 proxime
3063 1357 3403 1426 perfunctum
3445 1347 3454 1358 ’

1839 1463 1941 1518 est,
1995 1469 2154 1523 quem
2202 1451 2524 1505 Ptolemaeus
2572 1450 2804 1518 appellat
2854 1447 2985 1517 ἑῷον
3028 1443 3404 1514 προμεσουρά-

1841 1561 2006 1615 νημα.
2039 1542 2228 1597 (Sceleri
2262 1553 2478 1610 ququ
2513 1539 2690 1610 pisces
2733 1547 2859 1593 ante
2889 1536 3155 1605 Vergilias
3199 1542 3400 1591 ortum,

1841 1645 1895 1690 et
1917 1651 2171 1691 occasum
2203 1634 2426 1688 faciunt.
2449 1632 2574 1688 Ideo
2604 1630 2950 1702 quaerendum
2974 1637 3076 1693 est,
3101 1640 3210 1694 quo
3236 1632 3401 1678 sensu

1841 1725 2020 1782 Pleias
2051 1727 2251 1797 piscem
2285 1725 2495 1794 fugiens
2525 1722 2774 1777 occidere
2816 1719 3028 1774 dicatur
3071 1733 3099 1770 a
3139 1714 3401 1784 .Virgilio;

197 1800 537 1890 Occullantur
559 1832 811 1890 {rursum
842 1830 959 1868 vero
980 1800 1419 1890 circumrolvenw
1447 1827 1499 1866 se
1539 1827 1674 1864 anno
1773 1800 1818 1860 Β
1845 1818 1989 1890 quod
2036 1818 2141 1873 nisi
2187 1816 2254 1872 de
2296 1816 2535 1870 instante
2584 1815 2761 1869 sidere
2802 1812 2982 1880 aliquo
3011 1806 3260 1876 usurpari
3297 1819 3406 1858 non

199 1887 486 1954 Apparent,
510 1886 736 1954 primum
775 1896 832 1937 ut
874 1885 1080 1937 acuitur
1110 1883 1327 1953 ferrum.

259 1997 360 2051 Hic
389 1998 712 2052 matutinum
749 2004 928 2051 ortum
980 1994 1319 2066 φαινόμενον,
1371 1994 1482 2048 sive
1525 1992 1748 2064 ἡλιακὸν

191 2089 511 2160 signiﬁcari,
539 2104 602 2144 ac
629 2088 774 2141 δύσιν
809 2086 968 2158 ἑῴαν,
1003 2088 1114 2142 sive
1143 2100 1397 2140 occasum
1430 2085 1747 2150 eosmicum,

195 2197 264 2236 ne
295 2182 450 2250 pueri
495 2181 708 2251 quidem
745 2181 1013 2234 nesciunt.
1073 2173 1290 2233 Hesiodi
1334 2177 1530 2232 saeculo
1594 2177 1749 2233 ortus

189 2273 280 2328 ille
307 2273 657 2343 contingebat
685 2272 738 2325 in
769 2271 966 2324 Tauro.
999 2269 1176 2325 Stellae
1204 2277 1332 2325 sunt
1359 2269 1602 2341 Vergiliae
1631 2267 1751 2340 plu-

188 2379 316 2419 res:
361 2380 470 2419 una
500 2373 584 2420 est
617 2381 681 2418 ex
723 2365 788 2419 iis
830 2363 1060 2417 lucidior
1094 2363 1325 2430 caeteris,
1364 2362 1753 2433 magnitudinis

189 2455 382 2510 tertias.
435 2455 515 2509 Ea
566 2464 802 2524 tempore
858 2454 1079 2509 Hesiodi
1117 2455 1397 2508 occidebat
1445 2454 1650 2509 heliace
1699 2453 1755 2508 in

191 2550 359 2618 gradu
390 2548 593 2603 Arietis
627 2547 679 2610 4,
708 2547 788 2612 8';
813 2547 1085 2601 oriebatur
1113 2548 1165 2600 in
1193 2544 1358 2600 Tauri
1378 2547 1544 2617 gradu
1570 2547 1655 2610 11,
1679 2547 1754 2601 4¹.

194 2639 263 2691 At
301 2640 476 2708 prima
512 2640 668 2695 stella
697 2655 889 2694 versus
912 2638 1248 2694 occidentem
1289 2655 1542 2694 occasum
1583 2639 1756 2695 helia-

195 2744 320 2782 cum
355 2728 584 2784 faciebat
620 2729 675 2782 in
711 2732 882 2799 gradu
925 2728 1146 2792 Arietis,
1182 2728 1238 2794 0,
1279 2727 1382 2782 δι’.
1412 2727 1757 2782 Intervallum

196 2820 339 2875 inter
379 2836 634 2875 occasum
678 2822 865 2891 prima:
911 2819 1212 2885 Pleiadum,
1264 2827 1317 2875 et
1348 2826 1529 2875 ortum
1567 2820 1760 2876 lucidas

199 2912 402 2981 gradus
430 2912 519 2965 40.
553 2911 743 2968 Merito
775 2913 953 2981 itaque
992 2913 1186 2967 diebus
1229 2913 1492 2967 abscondi
1523 2915 1760 2984 quadra-

200 3006 347 3072 ginta
386 3001 651 3073 Vergilias
679 3005 823 3058 canit
855 3003 1136 3059 llesiodus.
1165 3001 1257 3057 Sol
1285 3004 1338 3057 in
1369 3003 1602 3057 Arietem
1631 3018 1760 3058 vero

203 3103 353 3148 motu
387 3097 600 3150 subibat
626 3094 844 3150 Hesiodi
885 3102 1127 3164 tempore
1167 3094 1344 3148 Martii
1370 3109 1519 3149 xxxt.
1552 3093 1759 3164 Quippe

204 3201 344 3240 anno
389 3186 512 3242 Per.
554 3184 663 3240 Jul.
708 3186 846 3240 ’5714
891 3201 1053 3240 verus
1093 3185 1246 3240 locus
1288 3184 1431 3239 Solis
1462 3185 1516 3239 in
1561 3185 1760 3240 Arietis

205 3278 358 3331 initio
398 3280 499 3333 fuit
527 3280 753 3333 Athenis
791 3277 969 3331 Martii
1009 3293 1161 3343 xxxr,
1204 3277 1340 3330 hora
1371 3285 1494 3347 post
1529 3278 1762 3333 mediam

208 3379 420 3424 noctem
453 3371 506 3432 1,
545 3370 650 3425 24'.
679 3369 864 3437 Itaque
890 3369 1132 3422 Taurum
1175 3368 1578 3439 ingrediebatur
1604 3368 1765 3438 Apri-

209 3460 272 3514 lis
306 3477 433 3517 κει.
462 3460 587 3514 Maii
627 3459 853 3529 proinde
880 3473 935 3511 ιι
969 3458 1058 3512 die
1099 3457 1280 3512 lucida
1312 3455 1592 3510 Pleiadum
1622 3456 1766 3509 orie-

210 3550 386 3608 batur.
415 3551 621 3605 Ultima
651 3564 779 3629 vero
801 3547 1078 3604 Pleiadum
1112 3548 1178 3602 ad
1213 3549 1475 3603 orientem
1503 3544 1628 3599 Maii
1656 3561 1764 3611 xvr,

210 3658 313 3712 quo
333 3650 578 3714 tempore
611 3644 804 3700 messis
841 3643 1135 3713 incipiebat
1167 3644 1223 3696 in
1256 3643 1488 3697 Gracia.

277 3734 520 3792 Occasus
547 3735 856 3792 earumdem
883 3735 1177 3790 matutinus
1212 3735 1267 3788 in
1290 3734 1462 3789 Libra!
1499 3733 1565 3787 19
1601 3730 1767 3804 gradu

212 3826 386 3893 ﬁebat,
436 3827 536 3884 sed
579 3825 848 3899 ἀληθινὸς,
891 3841 992 3881 nec
1039 3826 1402 3897 aspectabilis.
1447 3825 1572 3880 Ideo
1624 3824 1772 3878 circa

213 3911 423 3974 initium
455 3917 667 3990 Scorpii
700 3917 1079 3981 ὲπικατάδυσις
1109 3917 1402 3990 φαινομένη
1431 3916 1648 3981 accidit,
1685 3916 1771 3970 in-

215 4016 369 4064 eunte
396 4009 708 4064 Novembri.
741 4008 874 4063 Nam
913 4008 1299 4078 aequinoctium
1337 4007 1648 4061 autumnale
1679 4021 1774 4075 per

216 4098 353 4154 idem
388 4109 602 4170 tempus
643 4100 828 4155 incidit
858 4101 913 4154 in
937 4099 1192 4154 Octobris
1221 4098 1458 4153 initium.
1501 4097 1641 4152 Tum
1676 4098 1777 4168 igi-

217 4198 303 4245 tur
350 4193 635 4256 arationis,
682 4208 745 4247 ac
789 4193 1015 4248 sationis
1073 4199 1283 4263 tempus
1334 4191 1578 4263 appetit,
1630 4189 1775 4262 quod

222 4278 476 4354 Virgilius
507 4286 590 4341 his
617 4285 865 4340 versibus
906 4285 1177 4354 expressit
1204 4302 1217 4337 :

221 4395 348 4450 Ante
375 4397 470 4451 tibi
507 4397 630 4452 an?
661 4396 954 4451 Atlantides
985 4397 1394 4460 abscondantur,

222 4462 516 4537 (gnosiaque
545 4467 777 4521 ardentis
809 4467 1019 4521 decedat
1049 4467 1202 4520 stella
1230 4465 1468 4533 Coronae,

226 4531 406 4590 Debita
427 4531 583 4607 quam
608 4537 764 4590 sulcis
792 4539 1086 4592 committas
1116 4537 1335 4602 semina,
1359 4531 1463 4590 etc.

293 4668 488 4735 Eoum,
523 4671 575 4725 id
606 4681 688 4727 est
722 4674 1041 4726 matutinum
1072 4687 1324 4728 occasum
1348 4670 1615 4741 intelligit,
1646 4687 1774 4736 non,

226 4765 284 4811 ut
322 4756 545 4815 Servius
574 4767 746 4830 putat,
783 4762 1068 4823 lieliacum,
1109 4762 1200 4831 qui
1228 4769 1281 4814 et
1314 4761 1561 4830 imperite
1594 4760 1782 4830 Vergi-

229 4845 328 4903 lias
355 4852 429 4904 ait
473 4868 492 4902 c
524 4844 814 4907 Novembri
848 4867 1035 4906 mense
1067 4855 1308 4923 incipere
1351 4868 1459 4906 non
1507 4853 1716 4908 videri:
1757 4871 1775 4904 ι

229 4942 379 5007 quasi
415 4943 470 4994 in
497 4940 720 5012 Scorpio
751 4943 866 4996 sitae
894 4939 1061 4997 radiis
1096 4945 1228 4998 solis
1259 4944 1642 4998 obscurentur.

304 5029 374 5085 De
415 5031 603 5088 eodem
635 5041 758 5086 ortu
799 5041 852 5087 et
893 5048 1092 5087 occasu
1133 5032 1394 5103 Virgilius
1435 5048 1650 5102 quoque
1683 5033 1778 5087 lib.

235 5117 299 5172 IV
331 5120 514 5194 Georg.
539 5119 800 5187 meminit,
822 5122 913 5178 ubi
948 5122 1015 5180 de
1039 5123 1244 5194 duplici
1276 5125 1451 5180 mellis
1476 5123 1780 5178 vindemia:

237 5230 329 5304 _B:is
356 5235 594 5303 gravidos
626 5246 812 5304 cogunt
845 5236 1022 5304 fetus:
1062 5235 1166 5288 duo
1199 5243 1430 5303 tempora
1461 5234 1679 5287 messis:

242 5300 463 5373 Taygete
489 5307 648 5359 simul
675 5300 730 5358 os
763 5300 916 5358 terris
946 5305 1171 5359 ostendit
1203 5300 1474 5358 honestum

242 5369 440 5443 Pleias,
473 5384 520 5427 et
561 5375 754 5430 Oceani
776 5385 972 5440 spretos
1003 5375 1128 5443 pede
1156 5374 1377 5440 reppulit
1410 5387 1608 5426 amnes.

243 5441 344 5514 Aut
376 5444 561 5514 eadem,
586 5445 731 5498 sidus
759 5446 959 5514 fugiens
991 5441 1077 5496 ubi
1112 5444 1280 5497 Piscis
1303 5445 1486 5514 aquosi

245 5508 467 5566 Tristior
492 5513 730 5568 hibernas
759 5508 886 5568 ctilo
912 5514 1176 5567 descendit
1210 5515 1263 5566 in
1293 5508 1482 5567 undas.

308 5601 406 5657 llic
437 5605 545 5659 duo
577 5614 814 5675 tempora
849 5605 1022 5660 mellis
1060 5605 1294 5660 metendi
1330 5602 1626 5660 describit:
1659 5602 1791 5656 alte-

246 5704 358 5748 rum
393 5706 518 5765 post
542 5707 716 5752 ortum
747 5695 1041 5759 Pleiadum,
1065 5711 1231 5750 verno
1261 5705 1530 5764 tempore;
1561 5693 1790 5747 alterum

247 5792 522 5856 autumno,
552 5795 670 5859 post
693 5801 943 5844 occasum
974 5787 1294 5842 matutinum
1322 5802 1334 5839 :
1367 5786 1420 5840 in
1445 5801 1554 5856 quo
1579 5784 1790 5840 Aristo-

1848 1910 2004 1966 solet.
2043 1908 2132 1963 Sic
2168 1907 2310 1961 enim
2339 1917 2490 1962 recte
2512 1905 2743 1970 Quintus
2784 1903 3012 1956 Calaber
3049 1899 3145 1952 lib.
3187 1896 3225 1948 V
3266 1895 3406 1948 hanc

1847 2000 2090 2056 eamdem
2150 1997 2423 2053 Pleiadem
2490 1996 2742 2052 Orionem
2803 1993 3098 2064 fugientem
3154 1988 3406 2043 occidere

1851 2092 2037 2148 scribit
2075 2109 2088 2144 :

1853 2270 1870 2286 .
1898 2230 1953 2285 .⁹.
1983 2271 1996 2284 .
2019 2267 2036 2280 .
2064 2270 2076 2283 .
2109 2230 2141 2282 ὁ
2165 2226 2216 2280 δ’
2237 2225 2326 2294 ἄρ’
2360 2225 2452 2294 ἤτε
2483 2225 2731 2278 λαίλαπι
2761 2217 2892 2294 ἴσος

1852 2297 2188 2369 Σμερδαλέῃ
2220 2287 2548 2369 σέυγέρῇσι-
2571 2293 2867 2361 καταιγίσι
2892 2287 3204 2369 ρεϐρςρυίῃ
3225 2302 3238 2314 ·

1855 2359 1987 2424 Ἥέὲ
2017 2359 2186 2437 φέρεξ
2209 2359 2473 2437 magna
2491 2365 2659 2437 τέρας
2690 2359 2973 2437 σερυεροῖο⁵
2983 2359 3208 2437 φᾴᾷοεο,

1854 2425 2231 2506 Πληϊὲιςέὖτ’
2256 2425 2587 2506 ᾀκάξιὶαντός
2610 2425 2672 2498 ἐξ
2711 2425 3000 2506 Diceae-oi?
3024 2425 3240 2506 ,ῥέεθρα

1855 2497 2015 2563 Δύεὶ9’
2042 2497 2526 2562 ὖποπτώσσῦυσα
2553 2497 2910 2569 περικλυτὸν
2939 2497 3198 2566 Ὠρίωνα.

1924 2620 2057 2675 Nam
2087 2619 2334 2675 Pleiades
2367 2633 2560 2672 occasu
2599 2613 2865 2668 matutino
2895 2611 3147 2664 Orionem
3192 2615 3409 2661 antece-

1857 2713 2012 2768 dunt.
2043 2713 2108 2766 At
2159 2711 2223 2766 de
2271 2710 2528 2781 piscibus,
2581 2706 2878 2776 praesertim
2925 2702 2991 2757 de
3036 2699 3282 2764 australi,
3317 2699 3411 2769 qui

1858 2807 2071 2862 dicatur
2101 2801 2352 2873 equidem
2379 2815 2487 2854 non
2518 2798 2694 2852 video.

1926 2896 2280 2966 Vergiliarum
2305 2898 2482 2944 ortum
2511 2887 2706 2951 Varro,
2723 2883 3041 2947 Columella,
3065 2880 3272 2934 Plinius
3298 2877 3416 2932 alii¢

1859 3007 1967 3063 que
1990 2988 2260 3051 scribunt,
2291 2993 2414 3054 post
2442 2983 2556 3036 dies
2588 2993 2734 3042 XLIV,
2775 2977 2858 3030 vel
2890 2989 3054 3028 xum
3081 2973 3148 3026 ab
3174 2969 3415 3039 acquino-

1860 3059 1970 3139 ctio
1991 3094 2156 3134 verno
2185 3077 2513 3145 contingere.
2546 3071 2716 3124 Varro
2744 3069 2880 3124 libro
2910 3066 2949 3131 I,
2982 3065 3154 3140 capite
3175 3059 3411 3121 XXVIII.

1860 3174 1978 3229 dies
2002 3185 2123 3226 xttv
2152 3167 2422 3240 przelinit;
2451 3164 2626 3219 caueri
2661 3170 2780 3214 octo
2812 3166 2864 3212 et
2892 3155 3285 3228 quadraginta;
3312 3151 3420 3205 Co-

1866 3264 2081 3320 lumella
2113 3263 2252 3316 libro
2282 3256 2373 3323 IX,
2417 3256 2587 3325 capite
2627 3249 2744 3304 XIV
2791 3250 2901 3320 (qui
2950 3257 3129 3302 tamen
3159 3245 3293 3299 libro
3323 3241 3414 3305 XI,

1864 3355 2038 3424 capite
2062 3351 2124 3417 II,
2157 3349 2326 3404 Nonis
2352 3346 2496 3408 Maii,
2529 3344 2581 3398 id
2614 3349 2696 3396 est
2725 3356 2848 3395 thv
2876 3340 2964 3394 die
3005 3339 3073 3392 ab
3096 3335 3418 3405 aequinoctio

1864 3445 2076 3500 easdem
2135 3441 2265 3495 oriri
2319 3435 2586 3506 scripsit);
2636 3433 2840 3487 Plinius
2888 3431 2981 3484 lib.
3038 3425 3238 3490 XVIII,
3295 3439 3414 3494 cap.

1865 3529 2032 3584 XXV.
2066 3527 2178 3580 Hoc
2215 3527 2330 3580 sive
2373 3525 2441 3580 de
2469 3525 2593 3592 sola
2635 3521 2912 3577 Pleiadum
2956 3515 3416 3588 splendidissima,

1866 3618 2208 3684 maximaQue
2240 3614 2486 3683 capiatur
2514 3654 2528 3679 ,
2572 3613 2685 3666 sive
2722 3610 2789 3664 de
2830 3617 2943 3662 toto
2987 3606 3303 3670 asterismo;
3330 3617 3422 3658 ve-

1868 3723 1988 3762 rum
2014 3723 2122 3761 non
2151 3712 2254 3760 est.
2288 3703 2417 3757 Nam
2443 3704 2585 3776 illius
2614 3709 2768 3756 ortus
2793 3700 3035 3753 hcliacus
3064 3695 3247 3749 Romae
3277 3693 3422 3748 acci-

1870 3798 2031 3852 debat
2063 3795 2118 3848 in
2149 3794 2336 3848 ultima
2363 3794 2514 3861 parte
2540 3791 2723 3854 Tauri,
2754 3788 3110 3858 sexagesimo,
3139 3792 3191 3840 et
3217 3799 3283 3838 eo
3314 3797 3424 3837 am-

1870 3889 2013 3959 plius
2041 3887 2125 3940 die
2165 3886 2233 3940 ab
2257 3885 2503 3954 ingressu
2535 3884 2588 3937 in
2617 3883 2885 3937 Arietem:
2917 3881 3020 3934 hoc
3064 3887 3148 3933 est
3176 3877 3263 3931 die
3296 3873 3422 3929 Maii

1872 3995 1964 4034 xx.
1997 3977 2091 4032 Sin
2115 3976 2181 4031 de
2204 3983 2318 4030 toto
2354 3976 2637 4031 asterismo
2663 3973 2716 4027 id
2742 3970 3144 4041 intelligendum
3173 3975 3277 4031 est,
3300 3964 3426 4020 Ver-

1873 4070 2122 4140 giliarum
2174 4066 2266 4120 illa
2321 4065 2495 4128 stella,
2544 4080 2664 4134 qua:
2711 4079 2776 4117 ex
2835 4060 3193 4116 lucidioribus
3249 4056 3424 4110 tribus

1875 4162 2107 4214 maxime
2138 4158 2206 4212 ad
2239 4159 2502 4212 orientem
2537 4157 2786 4227 pertinet,
2822 4168 2962 4206 anno
3004 4151 3180 4221 primo
3212 4147 3425 4202 Juliano

1876 4253 2150 4307 oriebatur
2177 4251 2382 4304 heliace
2411 4249 2467 4302 in
2512 4248 2678 4318 gradu
2725 4246 3072 4299 Geminorum
3104 4242 3157 4304 5,
3205 4241 3306 4294 hoc
3343 4244 3430 4296 est

1878 4344 2068 4399 diebus
2101 4342 2170 4395 ab
2203 4339 2529 4410 aequinoctio
2573 4338 2802 4406 amplius
2850 4334 3126 4403 sexaginta
3166 4332 3424 4400 quinque.

1881 4431 1994 4487 Hoc
2021 4447 2148 4487 vero
2172 4430 2396 4485 Metonis
2432 4429 2628 4483 szeculo
2654 4428 2709 4482 in
2741 4443 2803 4481 ea
2837 4425 3102 4496 positione
3130 4423 3276 4484 cadi,
3309 4434 3429 4490 qua:

1877 4532 1963 4579 est
1988 4521 2234 4583 Athenis,
2287 4519 2532 4588 contigit.
2583 4517 2714 4572 Nam
2766 4515 2972 4587 periodi
3012 4513 3237 4567 Iuliana?
3287 4526 3430 4565 anno

1879 4613 2036 4676 49.83,
2062 4613 2152 4682 qui
2179 4613 2456 4682 proximus
2478 4619 2560 4665 est
2582 4611 2647 4664 ab
2675 4625 2739 4664 eo
2793 4624 2900 4678 quo
2926 4607 3102 4661 Meton
3137 4604 3430 4658 solstitium

1879 4705 2221 4766 observabat,
2247 4711 2398 4757 ortus
2421 4703 2660 4757 heliacus
2703 4700 2892 4755 lucida:
2920 4697 3196 4753 Pleiadum
3241 4695 3433 4749 incidit

1881 4797 1936 4850 in
1970 4795 2134 4849 Tauri
2163 4793 2384 4862 gradum
2415 4793 2501 4857 18,
2524 4793 2630 4857 ιϐ’,
2663 4793 2752 4861 qui
2783 4792 2838 4844 in
2861 4790 2982 4843 Maii
3011 4806 3080 4842 xv
3107 4788 3248 4842 diem
3273 4783 3438 4838 circi-

1882 4894 1967 4942 ter
2013 4885 2211 4940 saaculo
2255 4885 2346 4938 ilio
2397 4884 2744 4954 congruebat.
2778 4881 3181 4951 Equinoctium
3209 4889 3435 4932 vernum

1883 4977 2231 5031 commissum
2271 4982 2354 5029 est
2383 4989 2524 5028 anno
2567 4990 2724 5043 quem
2765 4972 3023 5036 diximus,
3056 4969 3234 5022 Martii
3261 4981 3434 5028 xxvu,

1883 5065 2017 5119 hora
2057 5063 2112 5127 0,
2154 5064 2235 5118 28'
2283 5063 2526 5117 Athenis.
2579 5061 2853 5132 Ingressus
2895 5060 2948 5114 in
2999 5057 3243 5111 Taurum
3301 5069 3436 5107 vero

1884 5161 2034 5208 motu
2074 5154 2326 5208 convenit
2371 5152 2572 5221 Aprilis
2597 5168 2744 5214 xxvi,
2771 5151 2905 5204 hora
2936 5149 3022 5213 18,
3049 5146 3152 5202 56'.
3199 5146 3277 5198 Ita
3315 5157 3438 5212 gra-

1887 5243 2014 5299 dum
2044 5243 2208 5297 Tauri
2244 5244 2327 5306 18,
2360 5243 2442 5297 48’
2477 5244 2649 5296 tenuit
2672 5242 2752 5297 sol
2775 5257 2837 5295 ea
2869 5247 3026 5294 nocte
3055 5237 3290 5299 circiter,
3319 5249 3441 5302 quae

1890 5335 2032 5389 inter
2058 5349 2148 5387 XIV
2177 5342 2231 5387 et
2263 5351 2329 5387 xv
2359 5333 2481 5387 Maii
2525 5333 2850 5396 intercessit,
2895 5331 2996 5386 hoc
3025 5335 3110 5384 est
3157 5329 3245 5382 die
3271 5339 3438 5380 vaut

1889 5435 2011 5496 post
2040 5425 2444 5493 aequinoctium.
3185 5431 3190 5436 '

1958 5513 2040 5566 Ad
2087 5514 2188 5567 hoc
2229 5523 2439 5584 tempus
2481 5513 2820 5569 intervallum
2865 5512 2968 5566 hoc
3016 5510 3224 5564 dierum
3274 5517 3441 5558 vaut

1891 5605 2275 5672 aequinoctium
2340 5606 2481 5665 inter
2529 5613 2583 5660 et
2620 5614 2794 5659 ortum
2839 5602 3164 5656 matutinum
3206 5596 3460 5650 Pleiadis‘

1891 5695 2083 5750 referri
2111 5695 2300 5750 debet:
2334 5712 2438 5750 non
2464 5695 2531 5748 ad
2565 5694 2835 5749 Julianum
2865 5694 3141 5754 saeculum,
3165 5703 3351 5758 neque
3377 5686 3442 5739 ad

1896 5783 2294 5862 situmnRonue,
2324 5785 2414 5839 sed
2439 5783 2674 5839 Gracche.
2704 5783 2835 5838 Cum
2861 5791 3034 5837 autem
3071 5775 3443 5836 celeb:~rrima,
