3948 6264
549 356 574 411 I
585 354 687 411 579

1540 347 1633 401 AD
1667 346 1933 403 EUSEBII
1968 345 2357 403 CHRONICON
2397 344 2755 402 APPENDIX.

3629 347 3766 405 ιιςω

545 484 599 531 et
626 473 825 540 ubique
846 479 1137 542 propagata
1162 468 1396 524 Metonis
1427 469 1900 525 euneadecaeteris
1927 476 2092 532 esset,
2124 470 2172 529 Α
2200 466 2367 522 Tauri
2411 476 2565 525 sexta
2602 476 2756 539 parte
2803 470 3056 525 oriuntur
3092 466 3354 523 Pleiades.
3386 485 3405 517 ι
3442 462 3584 535 (Etsi
3621 464 3765 520 aliud

547 580 611 619 ac
644 577 990 634 parapegma,
1036 577 1101 616 ex
1148 574 1320 630 eoque
1369 567 1670 629 temporum
1701 561 1843 614 ratio
1880 561 2106 614 ducere—-

544 662 654 719 tur,
690 670 809 726 quae
840 654 917 709 ad
938 654 1362 724 navigationem,
1394 652 1810 721 agriculturam,
1857 659 1910 706 et
1940 652 1989 705 id
2022 666 2107 721 ge-

544 764 649 802 nus
679 749 785 802 alia
818 747 1170 818 gubernanda
1205 744 1488 800 transferri
1527 744 1688 811 solet;
1725 744 1913 815 perdiu
1943 760 2009 799 ex
2043 745 2108 798 il-

544 841 653 894 lius
694 839 1011 909 praescripto
1054 846 1268 891 ortuum
1309 843 1362 891 et
1398 851 1686 890 occasuum
1718 836 1773 889 in
1813 837 2006 898 stellis,
2041 850 2104 890 ac

541 940 921 1001 tempestatum
962 931 1135 1000 spatia
1177 928 1405 983 dimensi
1430 934 1554 982 sunt
1591 944 1604 979 :
1647 928 1896 997 quamvis
1938 942 2103 981 accu-

540 1025 769 1077 ratiores
794 1022 1192 1091 insequentium
1215 1026 1650 1072 astronomorum
1678 1018 1871 1072 calculi
1918 1018 2104 1090 paula-

539 1115 635 1165 tim
669 1112 783 1166 hzec
810 1127 930 1166 esse
955 1118 1159 1164 mutata
1183 1109 1599 1176 convincerent;
1639 1109 1731 1164 sed
1758 1110 1900 1179 quod
1936 1110 2101 1165 semel

539 1201 788 1271 populari
826 1216 948 1263 usu,
984 1213 1046 1252 ac
1082 1199 1297 1268 publice
1337 1200 1626 1263 sancitum,
1674 1199 2015 1265 inveteravit,
2049 1200 2101 1255 id

544 1291 917 1361 imperitorum
966 1305 1031 1343 ac
1076 1290 1407 1344 rusticorum
1459 1292 1759 1359 prmsertim
1789 1308 1856 1347 ex
1904 1292 2099 1348 animis

537 1382 696 1436 evelli
720 1389 878 1450 atque
907 1382 1220 1450 extorqueri
1252 1379 1465 1435 difﬁcile
1491 1387 1689 1450 potest.

608 1470 681 1525 De
734 1472 835 1525 hoc
885 1472 1113 1526 Metonis
1148 1487 1311 1534 anno.
1367 1488 1430 1527 ac
1478 1480 1853 1559 pprapegmate
1901 1474 1968 1528 ad
2021 1474 2096 1539 id,

536 1563 679 1632 quod
705 1565 965 1631 diximus,
1007 1565 1250 1636 apposite
1290 1563 1485 1621 Festus
1522 1566 1762 1621 Avienus
1804 1566 1857 1620 in
1885 1570 2096 1623 Arateis

534 1655 608 1710 ita
640 1657 859 1726 scripsit
889 1674 904 1713 τ

602 1791 759 1846 Illius
787 1792 856 1846 ad
884 1810 1126 1847 numeros
1158 1794 1369 1863 prolixa
1398 1784 1645 1851 deémnia
1681 1811 1894 1850 rursum
1962 1802 1970 1811 '

604 1864 874 1932 Adjecisse
895 1862 1071 1918 Meton
1104 1863 1359 1931 Cecropea
1380 1865 1581 1919 dicitur
1608 1876 1720 1919 arte
1743 1882 1761 1919 :

604 1932 904 2002 Inseditque
933 1935 1149 1997 animis,
1175 1936 1335 1987 tenuit
1370 1951 1477 1988 rem
1511 1934 1714 1989 Grarcia
1740 1937 1905 1990 solers

609 2002 882 2068 Protinus,
912 2016 958 2058 et
986 2006 1164 2075 longos
1188 2007 1617 2077 inventumqnisit
1642 2006 1697 2059 in
1725 2023 1912 2061 annos.

604 2117 963 2183 Quamobrem
996 2117 1209 2172 tametsi
1244 2118 1313 2173 ab
1341 2119 1672 2189 Hipparcho,
1709 2129 1761 2174 et
1790 2120 1911 2175 aliis
1941 2119 2096 2175 dein-

533 2224 663 2280 ceps
687 2226 867 2265 rerum
901 2211 1204 2266 caelestium
1233 2210 1442 2280 peritis,
1477 2213 1647 2265 multa
1676 2212 1730 2266 in
1764 2214 2097 2269 astronomia

532 2315 597 2356 ac
635 2307 1015 2371 tempestatum
1066 2302 1449 2358 distributione
1501 2310 1831 2359 commutata
1874 2303 2100 2360 innova-

534 2401 696 2462 taque
718 2392 850 2458 sint,
880 2394 1037 2449 haesit
1070 2404 1248 2449 tamen
1278 2411 1441 2465 penes
1488 2398 1699 2468 vulgus,
1727 2398 1856 2451 etin
1881 2400 2097 2454 rustica:

531 2484 613 2540 rei
650 2486 947 2555 praesertim
987 2487 1475 2553 administratione,
1497 2498 1654 2545 vetus
1689 2490 1779 2544 illa
1818 2500 1873 2546 et
1929 2490 2097 2547 Meto-

530 2577 655 2630 nica
682 2578 857 2631 ratio:
884 2586 942 2631 ut
977 2578 1032 2632 in
1056 2579 1149 2633 Iib.
1180 2576 1271 2641 IX,
1305 2594 1427 2648 cap.
1453 2578 1567 2635 XIV
1594 2579 1896 2636 Columella
1928 2591 2095 2638 testa-

531 2673 642 2720 tur.
692 2666 813 2732 Quo
855 2683 921 2722 ex
965 2683 1161 2739 genere
1209 2666 1560 2739 Vergiliarum
1589 2672 1678 2728 ille
1716 2688 1836 2728 esse
1881 2673 2095 2728 videtur

525 2766 680 2816 ortus
702 2758 912 2813 dierum
949 2770 1068 2828 post
1098 2762 1479 2829 aequinoctium
1513 2771 1636 2819 octo
1662 2771 1715 2817 et
1741 2764 2093 2837 quadraginta

526 2851 707 2921 spatio
758 2849 1035 2906 deﬁnitus.
1087 2851 1243 2916 Quod
1288 2869 1412 2907 cum
1465 2852 1531 2907 ad
1560 2853 1751 2908 Atticae
1796 2854 1983 2920 situm,
2012 2856 2093 2910 uti

524 2940 733 2994 dictum
785 2948 888 3003 est,
938 2940 1168 2996 Metonis
1218 2950 1377 2997 aetate
1434 2943 1745 3013 pertineret,
1781 2956 1980 3002 temere
2024 2947 2093 3003 ad

524 3029 688 3084 Italia:
733 3032 996 3100 positum,
1041 3040 1363 3101 aetatemque
1408 3048 1562 3087 suam
1602 3031 1835 3089 Romani
1878 3042 2093 3095 traxere

2206 566 2291 613 est
2331 558 2462 612 oriri
2494 558 2548 612 in
2573 567 2724 614 sexta
2753 567 2907 629 parte
2937 558 3126 622 Tauri,
3152 557 3300 612 aliud
3327 554 3575 610 Taurum
3601 552 3766 611 Pleia-

2205 647 2303 703 das
2344 657 2496 704 sexta
2537 655 2687 718 parte
2726 650 2810 703 sui
2854 649 3088 704 tollere:
3123 647 3230 701 hoc
3260 646 3405 701 enim
3458 654 3567 705 est.
3616 654 3763 700 sexta

2203 746 2357 809 parte
2414 739 2575 809 signi,
2622 740 2716 811 qui
2773 747 2903 794 sunt
2958 737 3163 809 gradus
3219 753 3272 792 ν.
3329 734 3435 791 Sed
3495 734 3763 792 Firmicus

2204 842 2416 886 sextum
2454 831 2681 901 gradum
2728 829 3021 900 concepit.)
3070 828 3180 883 Nec
3222 828 3378 882 aliter
3418 827 3763 897 intelligenda

2204 930 2332 976 sunt
2361 922 2595 978 obscura
2620 921 2780 977 Plinii
2810 923 2973 976 verba
2999 920 3179 983 Iib.II,
3204 935 3327 989 cap.
3354 918 3541 972 XLVII
3566 939 3580 973 :
3616 937 3634 969 ι
3664 916 3765 972 Da-

2202 1022 2291 1069 tus
2320 1022 2403 1069 est
2439 1021 2617 1069 autem
2657 1014 2786 1068 huic
2829 1012 3112 1083 (Favonio)
3141 1022 3364 1067 exortus
3403 1010 3762 1081 Vergiliarum

2203 1105 2259 1158 in
2291 1104 2517 1160 totidem
2564 1106 2811 1175 partibus
2844 1104 3027 1168 Tauri,
3060 1120 3153 1160 ser
3196 1102 3389 1160 diebus
3428 1111 3557 1158 ante
3600 1102 3763 1157 Maias

2200 1198 2346 1256 Idus.
2406 1218 2424 1250 ι
2471 1197 2575 1252 Ubi
2619 1199 2843 1254 totidem
2889 1206 3074 1267 partes
3108 1212 3230 1253 esse
3275 1198 3432 1261 dicit,
3462 1206 3599 1266 quot
3640 1205 3765 1253 sunt

2200 1290 2315 1346 dies
2346 1297 2469 1346 ante
2512 1289 2681 1345 Maias
2723 1290 2868 1346 Idus.
2913 1289 2983 1343 Ut
3020 1306 3208 1345 verum
3264 1298 3347 1346 est
3396 1288 3618 1344 Ilesiodi
3662 1304 3761 1345 sa-

2200 1386 2321 1438 culo
2353 1387 2407 1439 in
2448 1383 2656 1439 Bmotia
2687 1383 2921 1438 lucidam
2954 1381 3230 1438 Pleiadum
3270 1381 3494 1436 circiter
3539 1396 3591 1437 vt
3639 1383 3763 1437 Idus

2199 1476 2368 1530 Maias
2395 1483 2575 1530 ortum
2605 1476 2873 1530 heliacum
2905 1474 3121 1537 fecisse,
3160 1488 3267 1529 non
3296 1481 3480 1528 tamen
3527 1472 3583 1526 in
3614 1481 3764 1541 parte

2198 1575 2349 1623 sexta
2381 1565 2567 1632 Tauri,
2599 1568 2691 1622 sed
2736 1567 2791 1620 in
2819 1582 2894 1629 χι.
2930 1567 3013 1622 vel
3045 1582 3152 1633 xu;
3186 1566 3261 1620 ita
3297 1565 3493 1621 falsum
3535 1572 3622 1621 est
3663 1564 3762 1620 hoc

2196 1660 2354 1715 Plinii
2415 1662 2615 1717 szeculo
2667 1660 2969 1731 contigisse
3021 1660 3077 1714 in
3126 1660 3311 1723 Italia,
3370 1658 3621 1722 Graecia,
3683 1660 3761 1713 vel

2201 1752 2451 1825 Egypto.
2488 1753 2578 1808 Sic
2603 1754 2806 1825 passim
2839 1753 2908 1808 ab
2938 1753 3250 1808 auctoribus
3278 1750 3563 1806 incondite
3591 1750 3680 1806 his
3699 1750 3761 1805 de

2200 1847 2359 1902 rebus
2392 1846 2559 1899 multa
2596 1844 2871 1911 dicuntur,
2906 1861 3025 1916 qua:
3054 1845 3118 1899 ad
3158 1844 3472 1899 methodum
3520 1855 3755 1899 nostram

2198 1937 2454 2008 exigenda
2491 1946 2637 1993 sunt.
2683 1938 2840 2009 Apud
2880 1937 3165 1993 Geminum
3210 1937 3387 1992 Pleias
3441 1935 3755 1992 Euctemoni

2197 2030 2373 2084 oritur
2408 2043 2506 2082 xm
2530 2030 2619 2084 die
2661 2027 2966 2095 Tauronos,
3000 2045 3031 2083 a
3063 2045 3170 2099 quo
3217 2040 3271 2083 et
3309 2028 3521 2084 aestatis
3549 2027 3756 2082 initium

2195 2119 2413 2190 petitur.
2441 2118 2510 2172 At
2531 2119 2753 2174 Eudoxo
2780 2119 3023 2175 Pleiades
3062 2130 3238 2174 ortum
3272 2117 3479 2173 faciunt
3506 2118 3598 2173 die
3626 2132 3756 2171 nn.

2195 2212 2305 2269 Nos
2334 2213 2560 2268 Athenis
2593 2211 2825 2267 Metonis
2869 2222 3114 2282 tempore
3152 2222 3330 2265 ortum
3372 2210 3648 2263 heliacum
3682 2208 3757 2263 lu-

2195 2306 2328 2363 cidte
2352 2304 2705 2376 Vergiliarum
2740 2304 3047 2360 invenimus
3075 2304 3129 2358 in
3153 2304 3323 2374 gradu
3352 2300 3524 2356 Tauri
3556 2300 3645 2365 19,
3677 2299 3756 2355 ul.

2194 2398 2339 2453 tiniae
2366 2412 2492 2452 vero
2520 2394 2757 2452 Pleiadis
2786 2396 2839 2450 in
2864 2395 3035 2467 gradu
3064 2396 3155 2460 24,
3197 2395 3301 2451 53'.
3334 2393 3484 2449 Inter
3514 2380 3619 2449 has
3650 2408 3758 2447 am-

2193 2489 2291 2543 bas
2318 2488 2494 2543 media
2522 2496 2607 2544 est
2637 2488 2907 2560 posterior
2923 2487 3233 2544 observatio
3257 2487 3492 2543 Gemini.
3511 2484 3574 2540 In
3598 2487 3753 2552 libro,

2192 2584 2283 2652 qui
2330 2581 2619 2637 Ptolema‘o
2648 2581 2949 2652 inscriptus
2974 2589 3076 2643 est,
3111 2582 3178 2636 de
3208 2581 3583 2637 inerrantibus
3629 2581 3754 2636 $ch-

2194 2674 2281 2741 lis,
2317 2672 2679 2746 Vergiliarum
2712 2681 2936 2728 exortus
2968 2674 3186 2742 ponitur
3229 2673 3432 2743 Aprilis
3482 2688 3524 2736 l,
3578 2680 3695 2725 tum
3726 2688 3753 2725 ι

2194 2767 2467 2823 Kalendas
2523 2766 2711 2829 Maias,
2764 2765 2866 2820 hoc
2934 2774 3016 2821 est
3066 2782 3180 2819 xxn
3244 2764 3439 2835 April.,
3482 2774 3596 2818 tum
3648 2763 3754 2821 No-

2191 2861 2278 2917 nis
2311 2860 2478 2928 ‘Maii,
2522 2867 2576 2916 et
2623 2876 2674 2913 tv
2726 2858 2851 2914 ldus
2910 2868 2965 2915 et
3012 2874 3070 2913 ιιι
3132 2856 3401 2916 Kalendas
3458 2854 3626 2911 Junii.
3680 2857 3751 2911 Ita

2195 2969 2346 3008 more
2380 2968 2480 3009 suo
2512 2953 2750 3023 scriptor
2784 2951 2873 3007 ille
2911 2951 3107 3021 partim
3139 2950 3293 3014 falsa,
3328 2951 3527 3021 partim
3561 2951 3751 3006 alienis

2190 3046 2331 3101 facta
2382 3046 2718 3117 temporibus
2774 3044 2831 3100 in
2868 3045 3110 3100 eamdem
3156 3043 3444 3116 Myconum
3492 3044 3744 3098 inferciit.

526 3123 843 3218 scriptores.
884 3122 1028 3178 Pene
1076 3122 1327 3178 Ovidium
1372 3127 1846 3196 praetermiseram.
1892 3131 1984 3200 qui
2032 3132 2087 3186 in
2115 3161 2157 3218 α
2195 3136 2348 3206 (Nam
2388 3138 2444 3193 in
2488 3135 2676 3194 Graeco
2722 3138 2892 3202 nulla,
2950 3145 3007 3192 ut
3068 3137 3122 3191 in
3171 3137 3324 3193 Notis
3375 3137 3746 3197 observamus,

525 3208 706 3267 Fastis
750 3212 1030 3268 Pleiadum
1066 3226 1244 3269 ortum
1274 3214 1331 3269 in
1372 3232 1427 3270 ιιι
1474 3215 1600 3271 Idus
1638 3216 1807 3274 Maias
1837 3222 2080 3293 conjicit,

523 3304 617 3374 qui
651 3313 735 3361 est
759 3322 855 3360 xm
886 3306 1024 3372 dies,
1048 3314 1100 3362 et
1127 3308 1194 3362 ab
1224 3309 1547 3385 aequinoctio
1575 3311 2080 3384 quinquagesimus,

523 3396 593 3451 ab
627 3396 873 3466 ingressu
904 3412 1068 3469 porro
1098 3400 1151 3453 in
1181 3400 1445 3462 Arietem,
1478 3416 1638 3471 quem
1668 3404 1756 3458 ille
1785 3420 1854 3459 xv
1884 3404 2081 3460 Kalen-

521 3487 624 3543 das
654 3490 863 3559 Apriles
888 3490 1096 3558 statuit,
1121 3493 1598 3565 quinquagesimus
1620 3496 1904 3566 septimus.
1931 3498 2081 3555 Theo

521 3580 580 3635 in
605 3580 821 3636 Arateis
848 3583 1264 3640 Commentariis
1296 3583 1542 3644 Pleiadas
1582 3589 1715 3642 oriri
1748 3590 1948 3646 asserit
1975 3608 2080 3646 xxv

519 3673 726 3729 mensis
752 3671 1070 3729 Phanuuthi
1091 3695 1103 3730 :
1126 3677 1217 3746 qui
1242 3678 1296 3732 in
1323 3694 1393 3733 xx
1416 3677 1555 3734 diem
1579 3679 1782 3751 Aprilis
1803 3683 1967 3748 cadit,
1989 3686 2079 3739 ὅτε

520 3764 613 3816 καὶ
648 3764 743 3817 τοῦ
787 3764 1017 3838 θερίζειν
1056 3770 1244 3840 καιρὸς
1282 3771 1338 3822 ὲν
1377 3770 1651 3840 Αἰγύπτῳ.
1687 3771 1849 3828 Addit
1887 3776 2078 3835 diebus

518 3864 641 3925 post
671 3858 1052 3926 aequinoctium
1086 3862 1472 3932 quinquaginta
1498 3863 1713 3920 duobus
1753 3865 1803 3920 id
1836 3866 1949 3922 ﬁeri
1974 3907 1989 3933 ,
2013 3884 2079 3925 ac

518 3958 633 4005 tum
654 3953 822 4007 solem
847 3954 902 4007 in
932 3953 1098 4010 Tauri
1123 3965 1274 4027 parte
1299 3974 1416 4015 esse
1441 3976 1576 4016 xvn.
1624 3960 1735 4017 Nos
1763 3962 1829 4018 ad
1850 3964 2079 4021 Alexam

517 4044 649 4099 driae
698 4047 860 4101 situm
917 4046 1153 4105 Theonis
1204 4067 1339 4117 aevo,
1400 4053 1503 4107 hoc
1548 4063 1631 4110 est
1682 4072 1826 4110 anno
1872 4056 2077 4115 Christi

516 4149 703 4202 θροις,
740 4147 921 4195 ortum
970 4141 1235 4197 heliacum
1282 4145 1475 4201 lucidas
1509 4145 1785 4201 Pleiadum
1829 4150 2076 4206 animad-

515 4232 778 4285 vertimus
813 4232 867 4286 in
903 4233 1070 4303 gradu
1105 4233 1267 4290 Tauri
1316 4253 1439 4292 xxv.
1484 4237 1892 4308 Equinoctiuin
1943 4249 2073 4299 tunc

514 4332 633 4377 erat
668 4324 722 4379 in
764 4324 941 4380 Martii
981 4343 1109 4381 m:
1142 4343 1173 4382 a
1201 4345 1309 4398 quo
1341 4331 1513 4399 putati
1544 4332 1662 4387 dies
1705 4350 1775 4386 LII
1818 4333 2073 4391 desinunt

514 4414 569 4468 in
607 4434 640 4470 ν
686 4416 808 4472 ldus
858 4417 1044 4484 Maias,
1072 4420 1124 4475 id
1170 4431 1253 4477 est
1285 4423 1338 4476 in
1368 4439 1421 4476 ιιι
1454 4422 1601 4490 Maii,
1642 4424 1830 4495 Epipr
1857 4443 1967 4482 xw.
2000 4431 2072 4482 At

2186 3233 2465 3289 Pleiadum
2524 3233 2785 3304 mentio.)
2842 3232 2997 3299 Quod
3065 3240 3244 3287 autem
3304 3232 3439 3287 oriri
3495 3231 3748 3286 Kalendis

2180 3326 2458 3397 Aprilibus
2481 3328 2575 3390 ait,
2607 3327 3086 3383 hallucinationem
3120 3342 3240 3382 esse
3262 3326 3343 3381 vel
3375 3327 3636 3389 auctoris,
3666 3326 3743 3378 vel

2182 3418 2493 3488 interpretis
2533 3427 2787 3489 apparet;
2835 3434 2959 3475 nam
3006 3419 3167 3474 tertio
3196 3426 3320 3488 post
3362 3417 3450 3473 die
3494 3433 3743 3473 occasum

2179 3510 2298 3581 ejus
2332 3512 2513 3582 posuit
2545 3531 2557 3566 :
2589 3512 2682 3582 qui
2714 3513 2904 3583 utique
2926 3520 3105 3567 ortum
3137 3512 3428 3566 antecedit.

2248 3602 2323 3659 De
2367 3619 2567 3660 occasu
2617 3603 2898 3660 Pleiadum
2933 3620 3043 3660 non
3076 3606 3253 3659 minor
3295 3614 3381 3660 est
3413 3606 3735 3673 scriptorum

2177 3695 2445 3763 varietas;
2490 3696 2816 3751 matutinum
2859 3696 3003 3751 enim
3049 3695 3140 3749 alii
3184 3694 3375 3749 diebus
3413 3711 3577 3749 XLVIII
3622 3700 3739 3763 post

2180 3788 2561 3858 aequinoctium
2611 3788 2920 3843 autumnale
2968 3785 3249 3841 definiunt.
3292 3785 3367 3839 Ita
3400 3784 3541 3840 Plin.
3579 3786 3611 3838 Ι.
3647 3782 3736 3852 ιι,

2177 3897 2224 3936 c.
2266 3878 2405 3947 XVI,
2440 3880 2531 3935 ubi
2579 3887 2633 3935 et
2678 3880 2820 3935 diem
2882 3878 3113 3949 praeﬂuit
3159 3878 3284 3934 ldus
3331 3872 3652 3933 Novembris
3706 3892 3736 3932 a

2181 3986 2289 4043 quo
2319 3978 2463 4027 retro
2491 3970 2662 4040 putati
2695 3971 2811 4026 dies
2848 3985 3015 4025 XLVIII
3052 3970 3309 4026 desinunt
3334 3971 3388 4024 in
3437 3985 3587 4022 uvn
3639 3966 3732 4023 Se-

2175 4064 2455 4133 ptembrls.
2488 4061 2666 4128 Quare
2696 4070 2818 4132 post
2838 4062 3223 4132 aequinoctium
3259 4060 3560 4131 Sosigenis,
3593 4059 3732 4130 quod

2173 4156 2230 4210 in
2270 4170 2396 4209 ιχιί
2432 4154 2765 4226 Septembris
2804 4153 3013 4211 Plinius
3054 4154 3307 4219 contulit,
3354 4155 3471 4208 dies
3518 4154 3594 4207 illi
3634 4169 3730 4223 pu-

2174 4246 2327 4301 tandi
2356 4254 2503 4301 sunt.
2529 4248 2597 4301 At
2618 4246 2759 4301 idem
2782 4245 2990 4301 Plinius
3020 4246 3113 4301 lib.
3146 4245 3210 4312 II,
3240 4261 3359 4316 cap.
3384 4244 3591 4305 XLVII,
3614 4254 3729 4316 post

2171 4337 2550 4407 aequinoctium
2577 4338 2903 4392 autummale
2928 4338 3119 4393 diebus
3143 4355 3266 4391 xuv
3293 4337 3541 4393 occidere
3568 4336 3729 4391 Pleia-

2170 4430 2269 4484 das
2297 4430 2406 4494 ait,
2438 4430 2601 4499 idque
2650 4446 2711 4484 ιιι
2752 4429 2875 4485 Idus
2907 4428 3225 4486 Novembris
3261 4430 3392 4484 ﬁeri.
3426 4428 3544 4485 IIoc
3574 4428 3726 4485 modo

512 4522 632 4577 quae
665 4508 719 4563 in
750 4517 990 4565 extrema
1010 4513 1231 4581 cuspide
1269 4525 1350 4568 est
1379 4515 1445 4569 ad
1480 4517 1765 4584 orientem,
1796 4517 2066 4573 heliacum
2098 4500 2142 4558 θ
2168 4522 2554 4591 aequinoctium
2589 4532 2849 4593 congruet
2880 4521 3214 4591 Septembris
3246 4538 3438 4584 xxvlu,
3463 4522 3551 4576 vel
3579 4536 3721 4576 uix.
3747 4572 3753 4596 ς

511 4608 691 4657 ortum
716 4602 904 4657 habuit
934 4604 989 4659 in
1019 4605 1187 4677 gradu
1235 4605 1400 4661 Tauri
1432 4609 1521 4675 29,
1551 4610 1651 4677 ὅδ’,
1697 4610 1822 4665 Maii
1847 4613 2068 4667 circiter

509 4707 641 4745 xvtt.
672 4692 856 4763 Itaque
891 4711 1000 4750 non
1039 4696 1104 4750 de
1136 4698 1360 4762 heliaco,
1395 4699 1488 4753 sed
1527 4700 1596 4755 de
1626 4703 1864 4757 cosmico
1891 4704 2069 4774 loqui-

511 4793 619 4838 tur.
661 4782 871 4841 Rursus
906 4787 1123 4843 IIesiodi
1167 4792 1363 4845 saeculo
1409 4790 1462 4845 in
1495 4791 1700 4847 Boeotia
1729 4795 1918 4850 eadem
1951 4796 2066 4851 haec

510 4875 579 4928 ad
628 4877 891 4933 orientem
935 4890 1205 4949 postrema
1252 4881 1528 4937 Pleiadum
1575 4894 1754 4940 ortum
1798 4888 2064 4943 heliacum

508 4967 740 5023 faciebat
772 4971 824 5024 in
848 4972 1017 5042 gradu
1040 4972 1203 5027 Tauri
1231 4975 1314 5037 I7,
1338 4976 1439 5030 hoc
1468 4985 1549 5031 est
1582 4978 1634 5031 in
1664 4978 1749 5041 I6,
1781 4979 1823 5031 7'
1850 4995 1863 5030 :
1901 4988 2065 5049 atque

506 5062 579 5116 ita
610 5059 847 5119 Theonis
877 5067 1038 5121 verba
1071 5069 1329 5138 capienda
1360 5080 1486 5126 sunt
1517 5072 1569 5126 in
1613 5073 1701 5126 illa
1731 5074 2062 5130 scholiorum

505 5155 774 5221 miscella,
812 5174 931 5227 qua:
963 5176 1136 5230 neque
1177 5169 1439 5232 tempora,
1472 5180 1648 5234 neque
1686 5167 1848 5221 situm
1885 5168 2063 5238 regio-

505 5259 633 5299 num
664 5245 969 5318 distinguit,
998 5252 1275 5321 }siquidem
1320 5255 1385 5309 ad
1438 5254 1701 5310 heliacum
1733 5258 2058 5327 pertineant.

572 5336 823 5421 Manilius
873 5341 966 5397 lib.
1004 5341 1069 5409 V,
1102 5343 1359 5417 Vergilias
1386 5350 1516 5404 oriri
1567 5352 1757 5409 scribit
1809 5353 1861 5405 in
1911 5364 2059 5407 sexta

502 5439 652 5498 parte
667 5430 851 5500 Tauri;
871 5437 950 5491 sic
966 5439 1108 5492 enim
1128 5439 1267 5494 illius
1288 5443 1447 5497 verba
1467 5444 1865 5515 interpretanda
1889 5455 2018 5500 sunt
2043 5462 2057 5500 :

571 5555 775 5633 Taurus
806 5561 860 5613 in
893 5560 1136 5617 adversos
1157 5579 1379 5633 prwceps
1403 5576 1458 5620 ut
1490 5568 1699 5622 tollitur
1727 5580 1873 5623 ortus

570 5622 732 5705 $5an
746 5641 899 5705 parte
928 5634 1010 5705 sui
1033 5622 1281 5689 certantes
1311 5622 1439 5691 iuris
1469 5638 1535 5690 ad
1571 5656 1735 5692 auras

572 5694 812 5750 Pleiades
842 5700 1005 5755 ducit.

497 5782 599 5838 Cui
629 5786 921 5841 assentitur
964 5788 1228 5848 Firmicus
1257 5794 1374 5869 _Iib.
1418 5794 1547 5863 VIII,
1580 5813 1701 5870 cap.
1732 5798 1820 5854 VII
1851 5819 1862 5855 :
1922 5820 1940 5854 ι
1990 5801 2050 5859 In
2079 5865 2107 5880 η

2166 4615 2328 4683 Atqui
2358 4614 2499 4669 idem
2539 4616 2702 4669 etiam
2738 4615 2931 4685 repetit
2959 4629 3078 4683 cap.
3116 4612 3259 4667 XXV
3299 4614 3423 4668 libri
3449 4612 3633 4673 XVIII.
3661 4628 3721 4667 ex

2165 4706 2393 4762 Caesaris
2419 4707 2754 4777 praescripto.
2782 4706 3076 4761 Columella
3104 4706 3198 4761 lib.
3221 4703 3308 4768 IX,
3339 4721 3461 4775 cap.
3499 4704 3638 4768 XIV,
3658 4706 3722 4758 ab

2164 4799 2490 4869 aequinoctio
2554 4799 2748 4852 diebus
2814 4814 2879 4850 ιιι.
2932 4798 3180 4853 occidere
3233 4795 3484 4853 Pleiadas
3541 4796 3716 4851 refert.

2165 4887 2336 4943 Varro
2371 4890 2465 4944 lib.
2516 4886 2555 4945 l.
2603 4903 2723 4957 cap.
2766 4885 3004 4954 XXVIII,
3041 4887 3236 4944 diebus
3278 4904 3448 4942 χχχιι.
3484 4888 3568 4942 Ad
3615 4888 3718 4941 haec

2164 4980 2372 5038 Plinius
2406 4982 2497 5035 lib.
2533 4980 2719 5045 XVIII,
2753 4997 2873 5052 cap.
2910 4980 3075 5049 XXV,
3108 4997 3363 5038 occasum
3398 4982 3714 5036 matutinum

2164 5072 2443 5128 Pleiadum
2492 5089 2559 5127 ex
2609 5073 2847 5129 Ilesiodo
2898 5074 3124 5129 tradidit
3173 5074 3284 5128 fieri
3321 5089 3445 5128 cum
3480 5073 3714 5143 aequino-

2163 5167 2329 5220 ctium
2375 5168 2619 5221 autumni
2668 5166 3065 5222 conficeretur:
3110 5183 3173 5222 ex
3209 5165 3432 5221 Thalete
3466 5181 3596 5221 vero
3636 5164 3713 5218 die

2165 5275 2288 5321 xxv,
2323 5258 2725 5315 Anaximandro
2760 5264 2903 5323 sm,
2937 5259 3265 5314 Euctemone
3292 5273 3479 5312 XLVIII.

2232 5348 2307 5403 Ex
2337 5351 2423 5406 his
2453 5351 2706 5406 omnibus
2746 5351 2886 5407 Julio
2930 5350 3130 5406 Caesari
3180 5349 3415 5404 maxime
3461 5346 3709 5402 Varronis

2162 5439 2251 5494 illa
2291 5443 2556 5496 sententia
2585 5442 2854 5512 congruit,
2883 5444 2928 5497 si
2951 5442 3018 5497 de
3049 5458 3244 5497 occasu
3271 5441 3543 5495 matutino
3572 5453 3705 5498 vero.

2160 5544 2266 5583 non
2300 5539 2591 5599 apparente
2624 5546 2806 5587 sermo
2839 5532 2932 5587 sit.
2980 5530 3136 5585 Hunc
3169 5532 3313 5585 enim
3362 5527 3707 5600 deprehendi-

2160 5637 2282 5676 mus
2316 5624 2368 5675 in
2406 5624 2575 5693 gradu
2611 5622 2820 5694 Scorpii
2864 5622 2917 5687 5,
2974 5624 3074 5679 17⁸.
3129 5622 3219 5678 Sic
3263 5623 3427 5677 etiam
3480 5619 3703 5675 Thaletis

2159 5717 2423 5780 tempore,
2464 5712 2565 5767 hoc
2596 5719 2676 5768 est
2704 5728 2848 5768 anno
2878 5712 3340 5783 periodixlulianae
3362 5710 3521 5776 4H3,
3552 5723 3701 5764 ocea-

2159 5819 2251 5860 sus
2286 5805 2429 5859 idem
2473 5806 2773 5862 matutinus
2798 5820 2961 5861 verus
2992 5807 3045 5860 in
3078 5803 3304 5877 gradum
3340 5800 3517 5882 Libra:
3548 5792 3710 5875 XXIV.
