3948 6264
236 388 361 444 1581
804 368 808 371 ⁷
1033 368 1489 430 DlSSERTATlO
1530 367 1617 422 DE
1651 364 1841 422 OBTU
1880 362 1968 418 ET
2005 360 2275 419 OCCASU
2313 360 2661 427 SIDERUM._
3320 360 3459 421 1582

234 501 525 576 competit:
568 499 714 571 quod
752 505 835 554 est
881 496 1161 551 eximium.
1213 492 1437 558 Verum,
1480 498 1540 544 ut
1583 504 1648 544 ex
1690 485 1796 541 Ge-
1824 494 1865 548 Α
1894 484 2015 547 σίας
2062 482 2270 552 potius,
2320 495 2486 551 quam
2539 479 2608 535 ad
2650 485 2874 535 exactos
2917 489 3074 535 ortus
3121 494 3458 550 occasusque

235 571 379 655 mino
409 604 462 649 et
496 592 785 647 Ptolemaeo
834 603 997 659 supra
1028 587 1453 641 demonstratum
1491 589 1593 645 est,
1626 587 1779 634 ortus
1885 582 2191 645 respectum
2227 572 2518 627 habuerint
2559 571 2930 626 mathematici
2979 578 3192 629 veteres
3238 572 3294 626 in
3339 573 3458 627 suis

237 687 591 760 acronychus,
624 694 677 740 et
713 698 941 738 occasus
983 678 1280 733 matutinus
1314 689 1471 730 verus
1510 673 1578 727 ab
1618 684 1785 741 appa-
1886 665 2384 739 parapegmatibus,
2431 673 2750 733 argumento
2798 674 2903 729 est,
2955 665 3121 734 quod,
3169 672 3231 718 ut
3291 663 3459 721 refert

235 757 473 838 rentibus
503 779 835 847 discrepant.
878 774 1154 840 Quantum
1191 785 1320 823 vero
1352 768 1493 820 inter
1524 772 1786 833 utrosque
1886 759 2037 814 Theo
2082 758 2137 813 in
2182 757 2416 822 Arateis,
2458 763 2843 827 parapegmata
2884 770 2983 810 sua
3021 757 3234 827 publice
3266 772 3461 828 propo-

236 875 441 929 dierum
496 869 840 937 interjectum
897 867 986 930 sit,
1038 878 1069 916 a
1120 860 1356 922 nemine,
1390 856 1534 927 quod
1594 854 1784 917 sciam,
1887 852 2091 907 nebant
2140 865 2267 904 cum
2312 848 2595 919 praesagiis
2627 856 3033 918 tempestatum,
3067 857 3376 913 ventorum,
3407 858 3461 904 et

236 965 559 1035 explicatum
592 968 675 1016 est
704 979 717 1017 :
752 960 1014 1013 interesse
1049 962 1225 1009 autem
1257 952 1480 1020 aliquot,
1510 956 1619 1000 tam
1650 944 1789 999 ratio
1890 945 1944 999 id
1978 957 2148 1014 genus
2187 942 2437 1005 aliorum,
2470 956 2590 1011 quae
2631 955 2771 993 anno
2810 948 2923 995 toto
2958 939 3144 993 futura
3179 942 3464 1009 praescive-

237 1030 372 1130 ipsa,
407 1070 569 1127 quam
593 1051 926 1123 experientia
961 1046 1256 1103 convincit.
1287 1042 1555 1109 Quocirca
1592 1037 1793 1091 Anaxi-
1890 1042 2032 1091 rant.
2073 1032 2255 1089 Verba
2289 1032 2529 1087 Theonis
2575 1031 2739 1102 digna
2787 1040 2932 1095 sunt,
2976 1046 3097 1101 quae
3146 1030 3236 1085 hic
3292 1033 3465 1086 ascri-

237 1120 459 1205 mander
487 1120 874 1214 de'apparente
904 1139 1182 1194 Pleiadum
1214 1149 1447 1199 occasu,
1493 1130 1689 1185 Thales
1725 1128 1794 1182 de

1922 1132 2091 1180 lantur
2114 1140 2128 1175 :
2160 1124 2224 1177 Oi
2253 1122 2311 1176 δὲ
2338 1122 2473 1192 μετὰ
2499 1122 2731 1176 Μέτωνα
2758 1122 3078 1192 ἀστρονόμοι
3105 1121 3199 1175 καὶ
3234 1120 3465 1183 πίνακας

236 1255 363 1294 vero
390 1239 681 1307 capiendus
714 1243 816 1290 est.
867 1234 924 1287 in
956 1229 1192 1286 Hesiodo
1224 1227 1363 1281 ratio
1407 1239 1516 1279 non
1557 1227 1790 1278 constat.

1922 1233 1957 1271 ,ν
1984 1218 2103 1279 ταῖς
2133 1215 2349 1268 πόλεσιν
2378 1213 2577 1284 ἔθηκαν
2611 1213 2738 1284 περὶ
2774 1212 2881 1266 τῶν
2916 1213 3009 1265 τοῦ
3055 1212 3203 1284 ἡλίου
3239 1229 3468 1285 περιφο-

235 1327 368 1384 Nam
396 1329 573 1383 lucida
604 1326 882 1381 Pleiadum
912 1323 1033 1392 ejus
1057 1320 1254 1376 saeculo
1278 1328 1537 1372 occasum
1574 1312 1798 1367 matuti-

1922 1307 2004 1360 νῶν
2054 1305 2164 1358 τῶν
2213 1304 2879 1377 ὲννεακαιδεκαετηρίδων,
2937 1304 3016 1357 ὅτι
3073 1304 3192 1357 καθ’
3242 1303 3506 1380 ἕκαστον,

237 1441 365 1480 ιιιιιιι
408 1425 599 1479 habuit
631 1423 685 1477 in
712 1419 881 1491 gradu
920 1391 1094 1471 Libra:
1117 1414 1206 1479 18,
1233 1412 1335 1467 47'.
1384 1408 1501 1463 Non
1532 1408 1665 1463 levis
1687 1405 1798 1461 for-

1927 1397 2139 1451 νιαυτὸν
2164 1395 2369 1449 τοιόσδε
2419 1395 2570 1449 ἔσται.
2615 1394 2838 1465 χειμὼν,
2870 1394 2963 1447 καὶ
2992 1393 3189 1447 τοιόνδε
3217 1393 3334 1465 ἔαρ,
3375 1391 3469 1446 καὶ

236 1524 387 1571 tasse
410 1514 648 1585 suspicio
691 1523 794 1575 est,
829 1509 1064 1563 Plinium
1103 1522 1201 1576 per
1242 1502 1663 1574 imprudentiam
1706 1514 1801 1554 oc-

1922 1488 2095 1541 :0t6v8e
2133 1486 2309 1558 θέρος,
2356 1487 2447 1540 καὶ
2493 1485 2696 1540 τοιόνδε
2749 1485 3107 1556 φθινόπωρον,
3138 1485 3235 1538 καὶ
3278 1484 3468 1537 τοιοίδε

236 1622 421 1662 casum
453 1604 773 1658 matutinum
797 1615 896 1669 pro
924 1598 1135 1653 heliaco
1167 1593 1487 1663 sumpsisse.
1524 1588 1625 1644 Hic
1655 1589 1802 1644 enim

1922 1582 2116 1650 ἱνεμοι·
2152 1579 2247 1632 καὶ
2286 1577 2455 1632 πολλὰ
2494 1578 2629 1648 πρὸς
2677 1576 2958 1646 βιωφελείς
2992 1575 3182 1647 χρείας
3222 1578 3332 1638 τοῖς
3378 1576 3472 1628 ἀνα

236 1696 455 1752 Hesiodi
483 1695 681 1750 sacculo
706 1688 1095 1764 propemodum
1120 1687 1175 1741 in
1203 1683 1587 1755 aequinoctium
1614 1683 1801 1735 incur-
1900 1670 2158 1744 θρώποιςο
2196 1669 2321 1725 Ηωε
2354 1678 2533 1725 autem
2566 1668 2746 1724 omnia
2794 1684 2905 1723 non
2946 1670 3000 1722 in
3046 1669 3180 1738 ipsis
3221 1675 3473 1722 astrono-

238 1787 326 1841 rit.
367 1785 647 1856 Siquidem
691 1798 723 1838 e
765 1778 1127 1835 lucidioribus
1161 1776 1361 1839 tribus,
1389 1788 1511 1843 quae
1552 1772 1618 1827 ad
1666 1770 1804 1827 occi-

1903 1764 2171 1823 micorum
2204 1770 2422 1817 ortuum
2450 1761 2536 1815 vel
2582 1775 2876 1816 occasuum
2914 1758 3233 1825 momentis,
3260 1759 3353 1815 sed
3383 1758 3476 1812 ali-

238 1847 462 1935 denteni
485 1877 679 1949 vergit,
714 1889 972 1931 occasum
1005 1871 1273 1927 heliacum
1294 1867 1527 1923 faciebat
1553 1866 1607 1920 in
1632 1864 1803 1935 gradu
1832 1847 1877 1907 Β
1903 1855 2123 1927 quando
2153 1860 2299 1918 ante,
2333 1852 2415 1907 vel
2448 1858 2571 1922 post
2602 1850 2881 1906 observari
2921 1850 3118 1906 solent.
3164 1860 3179 1871 '

238 1969 438 2024 Arietis
486 1967 683 2037 primo,
722 1964 777 2018 id
806 1971 892 2019 est
915 1965 970 2025 υ,
1016 1961 1132 2027 51¹;
1170 1958 1450 2014 orientalis
1479 1958 1535 2012 in
1579 1956 1803 2028 cuspide

240 2065 343 2119 sita
370 2063 426 2115 in
454 2059 623 2132 gradu
650 2059 706 2123 2,
743 2059 845 2122 13',
892 2053 1335 2126 splendidissima
1378 2051 1620 2105 omnium
1656 2051 1712 2104 in
1743 2050 1799 2114 4,

236 2154 303 2209 8'.
347 2152 484 2207 Vide
532 2166 695 2222 quam
744 2150 885 2203 belle
940 2148 1007 2201 ad
1059 2147 1203 2199 hunc
1248 2143 1469 2199 modum
1518 2141 1805 2196 ratiocinia

237 2254 558 2316 congruant.
587 2242 721 2296 Nam
753 2243 820 2296 de
844 2255 1043 2295 occasu
1083 2238 1351 2293 matutino
1386 2235 1677 2290 falsissima
1714 2247 1805 2289 res

235 2347 340 2392 est.
377 2336 611 2391 Metonis
642 2349 805 2406 porro
851 2344 1110 2402 tempore,
1153 2329 1397 2398 adeoque
1432 2326 1803 2406 Euctemonis,

236 2443 470 2485 occasus
502 2400 802 2481 matulinus
835 2400 997 2480 verus
1023 2421 1260 2477 Pleiadis
1283 2420 1340 2474 in
1376 2418 1554 2474 Librae
1592 2418 1684 2481 Q7,
1725 2400 1808 2471 Μ’

234 2522 494 2576 convenit
529 2538 541 2573 ;
585 2519 651 2575 ad
685 2519 829 2589 quod
878 2516 1039 2587 spatii
1071 2514 1277 2585 aliquid
1324 2515 1545 2567 accedat
1593 2516 1809 2580 oportet

236 2614 305 2668 ad
337 2628 513 2682 usque
547 2612 890 2683 φαινόμενον,
921 2607 1080 2675 cujus
1102 2605 1274 2660 etiam
1304 2603 1619 2675 apparentis
1649 2614 1810 2655 occa-

238 2719 337 2759 sus
370 2702 570 2772 gradus
599 2700 765 2770 aliqui
788 2706 935 2754 sunt.
958 2696 1093 2751 Nam
1123 2695 1409 2767 paulatim,
1445 2692 1536 2746 ubi
1567 2690 1811 2761 longius-

238 2792 360 2845 cule
390 2792 459 2845 ab
488 2789 738 2860 opposita
777 2788 901 2843 cceli
930 2787 1149 2856 regione
1196 2784 1279 2840 sol
1311 2782 1650 2847 discesserit,
1699 2790 1808 2834 tam

241 2882 299 2934 in
334 2888 479 2945 ortu,
508 2893 670 2949 quam
700 2877 757 2933 in
798 2891 998 2932 occasu
1038 2876 1194 2931 stella
1222 2873 1596 2944 conspicitur;
1647 2869 1811 2940 idque

240 2970 498 3026 continue
523 2971 581 3023 lit
623 2968 816 3025 diebus
844 2968 1069 3038 aliquot.
1087 2964 1348 3021 Geminus
1369 2964 1515 3020 enim
1545 2960 1719 3031 capite
1740 2957 1811 3013 XI

240 3062 434 3118 scribit
470 3075 628 3116 veros
676 3070 831 3115 ortus
881 3067 937 3114 et
987 3072 1217 3113 occasus
1257 3056 1554 3110 matutinos
1600 3053 1811 3123 priores

241 3169 365 3209 esse
407 3151 826 3224 apparentibus;
879 3151 935 3205 in
983 3150 1314 3219 vespertinis
1358 3155 1551 3203 contra
1597 3144 1810 3216 priores

245 3259 368 3299 esse
403 3244 546 3298 veris
582 3248 922 3311 apparentes.
970 3238 1139 3310 Igitur
1176 3245 1502 3310 apparentes
1549 3242 1726 3295 ortus.
1757 3241 1812 3288 et

244 3348 474 3389 occasus
508 3330 783 3394 matutini,
809 3344 945 3398 quas
975 3328 1147 3383 Graeci
1174 3327 1564 3399 προανατολὰς,
1598 3333 1650 3381 et
1682 3341 1813 3394 προ-

244 3423 567 3484 καταδύσεις
609 3420 748 3491 ἑῴας
771 3419 1103 3489 φαινομένας
1134 3420 1418 3473 nominant
1439 3456 1454 3481 ,
1495 3415 1693 3485 saepius
1725 3429 1813 3468 re-

247 3517 397 3586 petiti
440 3529 599 3569 veros
632 3517 955 3582 sequuntur,
987 3508 1228 3580 quandiu
1270 3506 1532 3561 mediocri
1578 3503 1815 3560 intersti-

245 3612 323 3663 tio
356 3609 492 3666 solis
529 3615 710 3661 ortum
746 3601 946 3660 cadens
978 3600 1065 3656 vel
1102 3600 1284 3654 oriens
1330 3597 1483 3654 stella
1515 3594 1811 3666 praevertit.

249 3701 339 3756 Sic
382 3702 547 3756 etiam
583 3705 709 3753 ante
757 3694 1125 3765 veSpertinum
1172 3697 1355 3743 ortum
1409 3686 1709 3749 stellarum,
1759 3690 1814 3738 et

246 3807 510 3849 occasum
580 3786 827 3861 ἀληθινὸν
880 3786 1015 3841 ﬁunt
1080 3789 1408 3853 apparentes
1469 3777 1810 3848 complures;

248 3884 425 3956 quoad
474 3878 896 3950 mod-icospatio
928 3874 1210 3933 conditum
1230 3873 1406 3929 soiem
1430 3878 1568 3929 ortu.
1582 3885 1705 3936 suo,
1730 3868 1815 3924 vel

250 3993 447 4033 occasu
483 3976 637 4031 stella
657 3971 1050 4053 consequitur.

317 4070 452 4137 Quae
481 4071 700 4124 demum
729 4063 1013 4121 varietatis
1042 4062 1189 4117 illius
1217 4059 1399 4116 all'erri
1424 4072 1588 4112 causa
1612 4063 1813 4127 potest,

250 4179 412 4233 quam
446 4164 610 4225 etiam
641 4159 816 4214 aetatis
855 4159 1001 4213 inter
1033 4153 1299 4226 ejusdem,
1333 4165 1397 4205 ac
1442 4148 1682 4219 regionis
1722 4162 1818 4200 auo

252 4263 431 4311 ctores
461 4254 778 4324 plerumque
807 4248 1083 4303 cernimus
1108 4264 1121 4301 :
1158 4244 1286 4299 dum
1330 4242 1471 4297 alius
1495 4240 1814 4302 orientibus,

252 4345 641 4402 cadentibusve
676 4342 848 4397 stellis
877 4339 983 4394 alia
1015 4334 1320 4410 praescribit
1347 4342 1613 4402 tempora,
1649 4330 1818 4385 diem-

253 4453 357 4508 que
376 4434 652 4497 diﬁundit,
680 4442 739 4488 ut
779 4432 846 4487 ab
878 4432 946 4486 iis
986 4426 1258 4491 terminis,
1301 4438 1441 4495 quos
1468 4438 1535 4478 ex
1574 4429 1819 4477 astrono-

1970 1947 2243 2003 Geminus'
2260 1945 2315 1999 in
2343 1950 2726 2015 parapegmate
2751 1941 2914 1997 refert
2940 1957 3006 1997 ex
3027 1940 3237 2011 Calippi
3268 1939 3477 1995 deseri.

1901 2040 2088 2111 ptione
2117 2036 2383 2108 Vergilias
2432 2036 2682 2089 occidere
2732 2034 2787 2087 in
2834 2040 2987 2103 parte
3031 2031 3243 2102 Scorpii
3278 2030 3360 2086 i6.
3404 2031 3474 2084 At

1903 2130 2125 2186 Eudoxo
2175 2130 2232 2183 in
2271 2127 2370 2194 19;
2415 2125 2733 2180 Euctemoni
2770 2138 2900 2179 vero
2944 2124 2998 2177 in
3045 2123 3132 2187 15,
3182 2139 3305 2178 cum
3351 2131 3476 2178 ante

1905 2218 2243 2275 Democritus
2286 2218 2343 2271 in
2391 2217 2425 2270 4
2471 2215 2775 2271 statuisset.
2806 2212 2968 2267 Liber
3005 2212 3071 2268 de
3119 2212 3476 2268 inerrantium

1906 2311 2420 2384 signiﬁcationibus,
2448 2308 2543 2379 qui
2574 2306 2865 2361 Ptolemaeo
2899 2304 3175 2370 tribuitur,
3207 2303 3477 2376 Vergilia-

1906 2419 2028 2459 rum
2067 2402 2286 2458 occasui
2316 2400 2584 2455 matutino
2617 2399 2802 2469 plures
2843 2397 3069 2453 ascribit
3100 2396 3239 2464 dies,
3282 2409 3479 2466 nempe

1912 2495 2167 2550 Octobris
2215 2509 2329 2560 xxx,
2380 2507 2538 2558 χχιιι,
2590 2504 2762 2556 xxvii,
2807 2488 3077 2544 Kalendas
3121 2486 3477 2556 Novembres,

1907 2588 2049 2643 diem
2077 2587 2321 2657 ejusdem
2355 2602 2451 2650 vn,
2476 2599 2535 2640 ιι
2564 2593 2616 2640 et
2646 2599 2766 2648 xm,
2799 2583 2893 2652 qui
2919 2596 3149 2637 occasus
3182 2579 3478 2651 superiori-

1907 2678 2011 2735 bus
2058 2679 2165 2735 illis
2210 2694 2241 2733 a
2272 2676 2501 2734 Gemino
2549 2676 2869 2730 memoratis
2906 2686 3346 2731 astronomorum
3383 2674 3479 2730 de-

1908 2773 2075 2826 cretis
2128 2769 2533 2826 accommodari
2584 2773 2836 2839 possunt,
2882 2768 2957 2822 ita
2985 2777 3044 2822 ut
3084 2783 3195 2822 non
3248 2779 3480 2822 occasus

1908 2864 2058 2929 veri,
2090 2863 2186 2919 sed
2220 2869 2545 2934 apparentes
2592 2859 2967 2929 intelligantur
3005 2875 3070 2916 eo
3114 2859 3276 2915 modo
3319 2872 3479 2930 quem

1910 2957 2153 3030 proxime
2190 2954 2598 3025 proposuimus.

1983 3047 2125 3103 Sane
2143 3045 2270 3101 Julii
2298 3045 2532 3101 Caesaris
2559 3052 2716 3100 aetate
2745 3058 2908 3100 verus
2933 3055 3163 3097 occasus
3180 3039 3480 3095 matutinus

1912 3141 2192 3197 Pleiadum
2243 3137 2417 3193 ﬁebat‘
2452 3140 2509 3193 in
2561 3144 2757 3209 quarta
2807 3144 2960 3207 parte
2994 3133 3228 3204 Scorpii.
3269 3133 3353 3187 Ab
3376 3132 3481 3187 hoc

1916 3239 2158 3300 tempore
2217 3226 2522 3297 interjectis
2572 3226 2768 3282 diebus
2825 3224 3036 3290 decem,
3088 3230 3181 3277 aut
3218 3229 3480 3294 quatuor-

1915 3321 2110 3385 decim,
2164 3320 2442 3389 continget
2488 3333 2760 3389 apparens
2806 3333 3035 3374 occasus
3072 3315 3160 3370 die
3191 3315 3260 3371 ab
3309 3314 3481 3386 arqui-

1916 3414 2099 3467 noctio
2147 3425 2294 3476 κων,
2331 3410 2417 3465 vel
2455 3424 2666 3477 aut".
2729 3410 2972 3474 Quorum
3024 3417 3337 3478 utrumque,
3388 3406 3481 3462 sed

1918 3500 2053 3558 illud
2075 3503 2308 3558 maxime
2338 3501 2587 3572 Sosigeni
2619 3516 2682 3556 ac
2712 3500 2859 3557 Julio
2891 3501 3092 3556 Caesari
3129 3500 3429 3569 imputatur
3449 3511 3480 3552 a

1915 3596 2114 3651 Plinio.

1992 3688 2104 3743 Sub
2126 3687 2267 3744 idem
2309 3696 2522 3757 tempus
2565 3686 2836 3754 autumni,
2875 3695 3001 3741 ante
3030 3683 3359 3739 matutinum
3397 3698 3480 3739 oc-

1918 3797 2124 3847 casum,
2175 3779 2457 3836 Pleiadum
2503 3780 2851 3850 vespertiuus
2902 3787 3058 3833 ortus
3104 3776 3352 3833 accidit:
3392 3776 3480 3831 cui

1918 3874 2136 3945 quidem
2163 3873 2367 3929 diversi
2398 3871 2539 3943 apud
2565 3872 2853 3927 Geminum
2881 3880 2934 3926 et
2967 3869 3312 3925 Ptolemaeum
3345 3883 3481 3940 pra:-

1921 3963 2096 4020 stituti
2134 3971 2262 4019 sunt
2301 3962 2438 4018 dies.
2493 3960 2755 4017 Geminus
2808 3960 2884 4014 ait
2937 3959 3317 4013 Euctemouem
3361 3958 3418 4013 in
3448 3958 3482 4013 5

1919 4058 2095 4113 Librae
2118 4065 2272 4126 parte
2310 4055 2589 4118 statuisse,
2622 4051 2906 4106 Eudoxum
2936 4051 2992 4105 in
3022 4050 3108 4105 10.
3150 4047 3304 4115 Quod
3331 4057 3391 4104 ut
3414 4048 3482 4106 de

1919 4148 2155 4222 ἀληθινῷ
2198 4147 2482 4217 capiatur,
2538 4143 2767 4214 contigit
2814 4141 3035 4201 llcsiodi
3081 4139 3303 4197 szeculo.
3343 4138 3483 4195 Tum

1920 4244 2064 4299 enim
2105 4243 2159 4294 in
2207 4239 2383 4294 Librae
2427 4237 2494 4292 10
2535 4243 2689 4307 parte
2732 4234 3050 4307 ἀκρονύχως
3076 4231 3394 4287 oriebantur
3425 4230 3483 4287 in

1920 4333 2127 4390 Graecia
2184 4329 2435 4401 Vergiliae
2462 4347 2476 4381 :
2505 4327 2749 4382 Thaletis
2794 4334 2976 4381 autem
3024 4330 3269 4393 tempore
3301 4321 3356 4376 in
3391 4321 3479 4387 16,

1921 4423 2110 4479 eodem
2141 4422 2196 4475 in
2230 4423 2339 4475 situ
2392 4417 2652 4487 regionis.
2684 4418 2755 4469 At
2786 4412 2997 4471 Metone
3030 4413 3270 4478 vivente,
3306 4412 3362 4466 in
3390 4411 3480 4476 19,

252 4502 407 4585 micis
440 4525 645 4597 regulis
675 4522 1066 4595 triangulorum
1095 4535 1217 4591 ope,
1254 4532 1318 4572 ac
1340 4512 1594 4571 methodo
1619 4513 1817 4568 consti-
1848 4533 1892 4589 ι)
1920 4511 2048 4567 Julii
2085 4511 2319 4579 denique
2362 4506 2597 4563 Caesaris
2634 4521 2746 4560 aevo
2780 4507 2833 4558 in
2875 4503 2966 4559 25.
3012 4502 3190 4573 Atque
3232 4502 3315 4557 lite
3357 4507 3483 4555 sunt

251 4620 481 4683 luimus,
528 4616 835 4687 plusculum
881 4613 1154 4669 interdum
1197 4608 1455 4665 recedere
1503 4605 1815 4660 videantur.

255 4711 310 4765 Id
355 4728 420 4767 eo
454 4709 513 4763 ﬁt
538 4708 682 4780 quod
712 4708 1005 4778 scriptores
1034 4705 1132 4770 illi,
1168 4703 1264 4774 qui
1306 4714 1489 4757 rerum
1531 4698 1615 4753 vel
1642 4702 1820 4768 gesta-

255 4814 377 4853 rum
417 4797 759 4862 memoriam,
788 4801 873 4851 vel
911 4793 1218 4849 communis
1244 4790 1313 4845 ad
1352 4804 1512 4845 usum
1547 4788 1671 4843 vitae
1693 4801 1819 4856 spe-

256 4891 523 4945 ctantium
560 4889 941 4943 tractationem
975 4887 1290 4949 instituunt,
1318 4881 1564 4954 populari
1591 4879 1817 4941 trutina,

257 4990 311 5035 et
346 4996 628 5045 sensuum,
657 4979 912 5049 vulgique
934 4977 1144 5047 judicio
1176 4984 1230 5031 et
1278 4974 1662 5035 tesumatione,
1713 4985 1820 5025 non

258 5072 466 5137 limata,
497 5081 551 5127 et
571 5070 755 5126 subtili
783 5070 997 5125 ratione
1029 5068 1134 5123 ista
1161 5068 1499 5124 describunt.
1535 5062 1717 5130 Quare
1752 5077 1818 5116 ex

259 5178 324 5217 eo
346 5162 495 5217 omni
535 5171 803 5231 tempore,
848 5161 991 5230 quod
1038 5159 1277 5214 siderum
1313 5165 1470 5212 ortus
1507 5163 1561 5211 et
1588 5168 1820 5210 occasus

262 5254 506 5324 ἀκριϐεῖς
545 5254 804 5310 mediocri
846 5253 1024 5322 spatio
1070 5250 1158 5305 vel
1200 5249 1498 5303 matutinos
1547 5246 1817 5317 sequitur,

261 5348 346 5401 vel
384 5346 652 5401 antecedit
694 5345 1070 5414 vespertinos;
1119 5341 1210 5396 alii
1254 5341 1392 5395 alios
1431 5340 1638 5411 eligunt
1678 5337 1817 5402 dies,

261 5440 461 5511 quibus
488 5439 618 5493 oriri
642 5438 845 5498 stellas.
876 5438 959 5491 vel
984 5435 1233 5491 occidere
1272 5434 1650 5504 pronuntiant,
1683 5446 1822 5500 prae-

263 5530 452 5585 sertim
478 5545 601 5585 cum
631 5529 990 5602 ἐπισημασίαι
1019 5524 1474 5592 vehementiores,
1503 5531 1556 5578 et
1579 5523 1819 5592 insignes

263 5620 407 5676 aeris
439 5622 765 5677 mutationes
799 5621 1044 5675 incidunt
1082 5638 1094 5672 :
1140 5630 1261 5688 quae
1308 5616 1470 5670 certis
1518 5615 1625 5669 illis
1675 5613 1819 5669 side-

264 5711 419 5766 ribus
481 5730 545 5770 ει
614 5714 835 5783 antiqua
896 5721 949 5767 et
1006 5726 1035 5765 a
1092 5710 1394 5781 majoribus
1440 5708 1638 5762 tradita
1700 5707 1820 5776 opi-

264 5802 429 5859 nione
451 5806 615 5862 tribui
638 5806 900 5862 solebant.
924 5804 1078 5870 Quod
1107 5802 1173 5858 ad
1203 5803 1448 5870 eﬂ‘ectus,
1476 5810 1529 5858 et
1551 5803 1818 5871 ἐπισημα-

1921 4603 2184 4675 ἀληθιναὶ,
2216 4610 2268 4657 et
2295 4599 2582 4670 ἀκρόνυχοι
2607 4596 2880 4663 ὲπιτολαί,
2922 4610 3059 4666 quas
3082 4594 3264 4664 utique
3282 4607 3483 4664 praere-

1920 4695 2054 4750 dunt
2089 4702 2434 4765 apparentes.
2470 4692 2558 4747 Eae.
2589 4707 2752 4763 porro
2783 4691 3030 4760 repetitis
3057 4689 3249 4744 diebus
3286 4684 3483 4756 saepius
3537 4701 3540 4703 λ

1921 4786 2226 4841 incurrunt.
2280 4785 2357 4839 Ex
2411 4785 2611 4855 quibus
2655 4792 2805 4840 certa
2841 4784 2945 4838 sibi
2977 4781 3210 4852 quisque
3238 4788 3483 4849 tempora

1921 4879 2185 4948 sumpsit,
2219 4877 2418 4946 quibus
2448 4877 2580 4931 oriri
2613 4875 2857 4931 Pleiadas
2881 4874 3044 4945 paulo
3072 4880 3198 4944 post
3225 4884 3483 4927 occasum

1922 4971 2092 5025 solem
2121 4969 2346 5024 diceret.

1992 5065 2048 5119 In
2069 5063 2344 5119 Ptolemzei
2404 5064 2587 5119 libello
2627 5062 2820 5118 Latino
2845 5061 3098 5117 Octobris
3120 5059 3396 5124 Kalendis,
3427 5067 3482 5115 et

1922 5156 2163 5213 secundo
2214 5156 2321 5220 die,
2357 5172 2502 5211 nono
2525 5171 2588 5209 ac
2619 5154 2942 5209 duodecimo
2967 5195 2981 5221 ,
3022 5154 3162 5208 idem
3207 5152 3296 5208 ille
3329 5161 3482 5208 ortus

1922 5251 2231 5304 adnotatur.
2280 5247 2465 5304 Potest
2516 5248 2587 5303 de
2611 5255 2735 5303 ortu
2770 5261 2901 5302 vero
2940 5247 3018 5301 ita
3045 5246 3332 5317 scripsisse
3358 5243 3482 5299 libri

1921 5341 2085 5411 hujus
2116 5350 2308 5395 auctor
2330 5381 2345 5403 ,
2376 5341 2466 5411 qui
2511 5340 2720 5411 putavit
2757 5340 2811 5394 in
2836 5338 3052 5394 Libram
3085 5337 3289 5408 ingredi
3315 5339 3483 5393 solem

1920 5434 2006 5489 die
2039 5432 2372 5503 Septembris
2401 5449 2486 5486 xix
2518 5452 2530 5487 :
2564 5449 2594 5487 a
2625 5448 2732 5503 quo
2773 5430 3025 5487 Kalendae
3062 5430 3310 5487 Octobris
3337 5430 3485 5486 deci-

1919 5543 2042 5583 mus
2063 5527 2255 5581 tertius
2284 5526 2400 5580 dies
2428 5533 2511 5580 est
2530 5565 2545 5591 ,
2578 5540 2759 5580 nonus
2780 5540 2907 5581 vero
2933 5524 3224 5579 vicesimus
3247 5523 3480 5593 primus,

1920 5616 2271 5672 duodecimus
2337 5625 2562 5687 quartus
2599 5623 2655 5670 et
2698 5615 3014 5670 vicesimus.
3043 5613 3145 5680 Qui
3174 5621 3483 5684 postremus

1919 5710 2060 5763 ortui
2108 5707 2322 5763 Juliano
2357 5708 2662 5779 acronycho
2693 5706 2966 5771 convenit,
3017 5705 3198 5759 caeteri
3254 5704 3483 5760 Metonis

1920 5798 2256 5869 aliorumque
2279 5797 2478 5854 saeculo
2500 5797 2789 5868 quadrant.
2810 5794 2933 5850 Haec
2968 5809 3033 5850 ex
3064 5795 3303 5849 auctoris
3337 5793 3482 5847 illius
