3948 6264
458 337 596 396 1585

1474 334 1564 388 A'D
1601 332 1867 388 EUSEBII
1895 328 2289 389 CHRONICON
2329 326 2702 384 APPENDIX.

3560 326 3698 385 1384

454 451 592 506 falsa
617 449 973 519 persuasione
993 447 1060 503 de
1092 449 1346 520 ingressu
1382 449 1515 502 solis
1552 449 1608 502 in
1638 446 2026 504 dodecatemo-
2055 456 2103 513 Α
2131 445 2332 501 coelum
2376 451 2478 518 est,
2506 443 2779 498 horizonti
2827 439 3046 513 ἀτμὼδη
3084 440 3369 512 quemdam
3400 454 3581 495 aerem
3612 440 3698 495 in-

454 543 539 592 ria
561 547 752 592 octavo
774 547 898 593 ante
922 537 1178 593 cardines
1195 538 1299 592 die
1340 537 1483 591 haud
1515 537 1751 593 absurde
1779 539 2028 608 suspica-

454 648 621 686 mur:
654 632 896 699 alioquin
950 631 1016 684 ad
1068 629 1395 700 φαινομένην
1441 629 1693 701 ἐπιτολὴν
1727 631 2027 701 ἀκρόνυχον

454 719 651 775 referri
693 728 972 788 poterunt.

525 810 785 878 Sequitur
839 808 1184 878 vespertinus
1243 823 1482 863 occasus
1524 806 1825 874 Pleiadum,
1867 826 2027 880 quem

458 898 718 955 Geminus
755 899 1146 954 Euctemonem
1199 900 1272 952 ait
1313 899 1367 952 in
1401 900 1467 954 10
1515 908 1668 975 parte
1703 902 1899 974 Arietis
1933 919 2031 974 po-v

466 1009 596 1047 nere
620 1011 634 1058 ;
661 991 942 1046 Eudoxum
971 1000 1024 1046 et
1056 991 1420 1044 Democritum
1449 991 1503 1044 in
1528 992 1613 1046 15.
1647 991 1758 1062 Ego
1790 993 2031 1049 Thaletis

455 1091 698 1153 tempore
747 1097 1009 1137 occasum
1070 1081 1388 1137 earumdem
1447 1082 1719 1138 heliacum
1763 1086 2034 1140 accidisse

459 1173 738 1243 comperio
766 1175 819 1226 in
852 1181 1003 1243 parte
1019 1173 1222 1226 Arietis
1253 1173 1346 1237 l0;
1378 1171 1609 1227 Metonis
1633 1181 1814 1246 autem
1843 1176 1896 1228 in
1930 1177 2029 1230 l5:

458 1264 602 1334 quod
625 1263 1019 1333 satisquadrat.
1035 1263 1282 1318 Addebat
1300 1263 1636 1320 Democritus
1658 1267 1823 1322 latere
1839 1267 2036 1322 deinde

459 1360 604 1407 totos
631 1353 746 1407 dies
776 1367 842 1405 xi.
872 1370 884 1404 :
911 1351 1054 1420 quod
1087 1350 1308 1406 IIcsiodi
1344 1359 1587 1422 tempore
1629 1370 1818 1408 verum
1867 1355 2036 1411 fuisse

459 1441 979 1496 demonstravimus.
1035 1439 1344 1506 Quinetiam
1393 1439 1636 1498 Thaletis
1667 1451 1914 1511 tempore
1939 1461 2034 1499 oc-

461 1546 624 1586 casus
658 1531 900 1585 heliacus
929 1531 982 1584 in
1007 1530 1208 1585 Arietis
1252 1531 1317 1584 IO
1341 1571 1356 1595 ,
1400 1543 1553 1588 ortus
1586 1532 1821 1588 in’Tauri
1845 1536 1909 1588 {6
1945 1537 2039 1590 tie-

462 1621 965 1677 bat:intervallum
1031 1622 1246 1675 dierum
1301 1637 1396 1676 scx
1453 1631 1506 1678 et
1555 1625 1797 1696 triginta.
1833 1625 2037 1681 Verum

463 1714 570 1768 hoc
607 1714 662 1768 in
729 1729 838 1768 una
866 1712 1226 1784 Vergiliarum
1273 1717 1455 1772 lucida
1489 1719 1717 1788 contigit
1755 1737 1767 1773 :
1798 1734 1922 1772 nam
1953 1720 2039 1774 ul-

461 1794 596 1860 tima
640 1805 709 1860 ad
750 1806 1014 1862 orientem
1048 1817 1284 1876 quatuor
1313 1809 1398 1862 vel
1431 1810 1672 1880 quinque
1701 1811 1893 1866 diebus
1914 1820 2038 1881 post

464 1897 609 1950 illam
641 1904 818 1950 ortum
852 1897 1120 1951 heliacum
1151 1898 1362 1964 habuit,
1401 1907 1461 1952 ut
1500 1900 1567 1954 de
1596 1908 1712 1954 toto
1749 1903 2037 1958 asterismo

462 1987 810 2043 verissimum
843 1987 936 2051 sit,
966 1989 1192 2044 latuisse
1221 1989 1339 2044 dies
1372 1990 1614 2045 totidem.
1647 1991 1879 2047 Metonis
1913 2009 2038 2050 ecce

465 2088 708 2149 tempore
730 2079 920 2134 lucidae
953 2077 1234 2133 Pleiadum
1281 2094 1513 2136 occasus
1553 2081 1797 2138 heliacus
1840 2084 2036 2140 incidit

465 2169 522 2224 in
547 2169 773 2240 gradum
816 2169 1019 2224 Arietis
1046 2170 1134 2232 I5,
1158 2177 1312 2225 ortus
1346 2178 1634 2240 postremae
1674 2173 1742 2227 ad
1773 2176 2037 2232 orientem

466 2261 708 2317 heliacus
739 2263 792 2316 in
824 2262 1048 2332 gradum
1080 2261 1244 2317 Tauri
1285 2263 1358 2318 25
1397 2283 1409 2317 :
1445 2265 1789 2320 intervallum
1827 2269 2038 2324 dierum

465 2365 598 2406 xui.
658 2349 749 2406 Sic
804 2352 859 2404 in
913 2366 1018 2404 una
1065 2351 1245 2406 lucida
1289 2351 1656 2423 Vergiliarum
1693 2357 1878 2414 Romae
1907 2359 2036 2414 Julii

466 2446 698 2501 Caesaris
756 2456 997 2517 tempore
1038 2447 1273 2517 idipsum
1323 2450 1566 2519 reperies
1601 2466 1765 2506 :nam
1807 2470 2038 2512 occasus

467 2537 710 2593 heliacus
759 2537 814 2592 in
872 2539 1041 2608 gradu
1089 2539 1291 2596 Arietis
1332 2541 1420 2607 I8,
1455 2550 1609 2597 ortus
1663 2545 1717 2598 in
1765 2544 1930 2600 Tauri
1969 2549 2039 2603 '50

468 2629 654 2686 factus
682 2639 802 2685 est:
834 2630 1131 2685 discrimen
1181 2631 1391 2686 dierum
1425 2649 1556 2689 χιιι.
1600 2634 1872 2692 Ptolemaei
1906 2639 2040 2694 liber

472 2721 704 2777 Latinus
737 2712 941 2792 Aprilis
979 2738 1038 2775 ιιι
1071 2723 1298 2777 ascribit
1341 2739 1598 2780 occasum
1670 2730 2039 2798 vespertinum

468 2805 834 2883 Vergiliarum
870 2813 1002 2882 :qui
1061 2813 1178 2869 dies
1205 2824 1288 2869 est
1334 2814 1578 2871 decimus
1622 2833 1798 2872 nonus
1839 2835 1868 2872 a
1903 2818 2040 2875 falso

469 2917 631 2971 quem
690 2903 899 2971 putavit
964 2902 1163 2958 Arietis
1220 2902 1490 2972 ingressu.
1559 2903 1784 2961 Ovidius
1841 2909 2040 2978 Aprilis

471 2990 711 3047 secundo
772 2992 987 3062 posuit:
1022 2993 1114 3061 qui
1141 3001 1194 3047 et
1237 2994 1436 3050 Arietis
1468 2995 1684 3050 initium
1723 2999 1934 3053 confert
1981 3001 2038 3054 in

447 3097 543 3152 lxv
579 3077 848 3136 Kalendas
885 3083 1096 3176 Apriles
1136 3099 1306 3176 aquo
1345 3085 1616 3142 secundus
1649 3086 1848 3157 Aprilis
1895 3088 2040 3144 deci-
2069 3120 2111 3176 ς

472 3188 596 3227 mus
629 3181 815 3227 sextus
875 3179 960 3227 est
1004 3173 1141 3228 dies.
1173 3173 1297 3228 Haec
1342 3191 1448 3229 non
1483 3177 1622 3232 male
1665 3194 1787 3232 cum
1837 3195 2039 3235 occasu

473 3259 666 3318 lucida
694 3261 973 3317 Pleiadum
1008 3265 1378 3321 astronomico
1420 3261 1789 3325 consentiunt.
1836 3270 2041 3329 Exinde

471 3368 548 3406 xu
582 3351 782 3422 Aprilis
821 3351 1184 3424 Vergiliarum
1235 3357 1504 3427 reliqhum
1549 3358 1802 3415 Occidere
1827 3362 2037 3420 scribit.

473 3441 650 3496 Etiam
674 3443 774 3497 hoc
811 3453 1196 3506 consentanee,
1232 3445 1422 3516 utjam
1452 3445 1707 3501 diximus.

543 3533 613 3586 At
665 3531 872 3589 Plinius
932 3533 1027 3587 lib.
1085 3531 1270 3598 XVIII,
1317 3550 1437 3604 cap.
1483 3530 1678 3600 XXVI,
1704 3537 1864 3591 tertio
1890 3535 2034 3593 Non.

472 3623 676 3694 Aprilis
727 3625 782 3678 in
841 3626 1021 3678 Attica
1074 3627 1287 3696 vesperi
1329 3627 1594 3681 occultari
1625 3626 1891 3698 Vergilias
1942 3631 2038 3693 ait,

475 3716 694 3769 easdem
727 3717 990 3785 postridie
1019 3716 1073 3770 in
1098 3715 1337 3783 Bmotia;
1369 3717 1568 3773 Caesari
1597 3729 1776 3774 autem
1802 3727 1855 3774 et
1879 3720 2042 3776 Chal-

476 3807 609 3861 daeis
636 3807 824 3862 Nonis.
856 3809 1194 3864 Columnella
1227 3810 1319 3863 lib.
1365 3807 1453 3876 IX,
1481 3826 1601 3880 cap.
1633 3811 1692 3874 ll,
1726 3819 1930 3866 octavo
1960 3812 2038 3868 Id.

475 3898 680 3966 Aprilis
706 3899 797 3966 qui
831 3898 949 3953 dies
972 3905 1055 3954 est
1100 3909 1310 3966 sextus,
1339 3899 1602 3971 Vergilias
1634 3917 1858 3971 vespere
1879 3905 2041 3959 celari

477 3989 641 4055 dicit;
675 3989 888 4043 decimo
917 4007 1043 4046 vero
1073 3989 1340 4048 Kalendas
1372 3991 1542 4050 Maias
1569 4007 1693 4047 cum
1724 3994 1838 4049 sole
1863 3997 1992 4050 oriri
2023 4015 2038 4051 :

477 4097 637 4152 quem
668 4089 849 4136 ortum
881 4085 1178 4138 cosmicum
1212 4093 1430 4139 vocant.

547 4167 827 4225 Postremo
855 4187 955 4227 nec
980 4173 1110 4226 illud
1139 4173 1240 4228 hoc
1263 4175 1317 4228 in
1341 4175 1555 4244 negotio
1586 4176 2042 4232 contemnendum

477 4259 727 4315 videtur:
754 4261 859 4317 diei
908 4263 1234 4335 principium
1283 4281 1392 4320 non
1424 4267 1491 4322 ab
1526 4268 1644 4336 ipso
1669 4276 1877 4322 tantum
1911 4269 2042 4324 solis

479 4357 691 4417 exortu,
721 4349 816 4406 sed
845 4351 914 4405 ab
937 4367 1134 4406 aurora
1163 4353 1278 4422 ipsa
1297 4393 1312 4419 ,
1351 4355 1436 4410 vel
1471 4355 1906 4412 increbrescente
1935 4373 2044 4412 ma-

2131 539 2334 593 cubarc
2363 537 2432 592 ad
2465 536 2804 590 altitudinem
2851 533 3089 604 partium
3117 531 3340 587 circiter
3379 531 3468 597 I7,
3491 539 3588 585 aut
3612 531 3698 596 18,

2129 629 2358 684 densum
2414 628 2572 692 adeo,
2608 635 2668 680 ut
2699 641 2794 696 per
2823 627 2974 680 illum
2999 625 3234 694 majores
3260 625 3428 680 stella
3456 640 3570 680 non
3593 631 3702 678 tra-

2129 719 2382 781 luceant,
2444 717 2551 770 nisi
2591 731 2755 786 supra
2812 715 3152 770 horizontem
3194 714 3453 784 gradibus
3498 713 3702 783 aliquot

2131 808 2478 874 exstiterint;
2514 805 2762 860 Pleiades
2793 820 2922 860 vero
2967 806 3023 859 in
3066 804 3185 874 ipso
3235 803 3408 874 gradu
3449 801 3520 857 Π
3566 817 3704 873 saepe

2131 903 2456 960 delitescant
2487 920 2500 955 :
2530 901 2675 972 quod
2733 907 2995 955 autumno
3043 914 3155 954 non
3193 899 3366 953 semel
3421 913 3483 952 se
3516 898 3704 952 obser-

2131 1011 2290 1050 vasse
2302 994 2607 1049 conlirmat.
2632 994 2712 1047 Ex
2734 1007 2844 1062 quo
2869 1006 3007 1046 nova
3027 989 3261 1061 quadam
3297 989 3516 1044 ratione
3547 988 3702 1053 oriri,

2132 1087 2218 1142 vel
2249 1086 2499 1141 occidere
2542 1079 2698 1141 stella
2750 1085 2970 1149 dicitur,
3015 1082 3233 1152 quando
3265 1097 3334 1137 ex
3374 1082 3475 1136 illo
3508 1097 3706 1150 vapore

2135 1179 2386 1249 primitus
2412 1178 2658 1248 emergit,
2696 1184 2789 1231 aut
2816 1177 2872 1230 in
2897 1192 3019 1230 cum
3052 1175 3328 1229 conditur.
3362 1173 3463 1228 His
3484 1189 3552 1228 ex
3574 1188 3706 1227 cau-

2137 1271 2215 1326 sis
2246 1271 2581 1340 scriptorum
2617 1271 2708 1322 illa
2728 1268 2962 1322 varietas
2985 1267 3039 1320 in
3057 1265 3396 1337 designanda
3427 1265 3706 1320 stellarum

2139 1371 2287 1426 ortu,
2321 1376 2628 1431 occasuque
2665 1361 2882 1430 petitur.
2910 1357 3045 1412 Nam
3074 1357 3140 1412 ad
3170 1357 3360 1427 viginti
3389 1355 3513 1410 dies
3541 1369 3711 1425 usque

2136 1458 2261 1522 post
2304 1466 2485 1516 veros,
2541 1457 2863 1520 apparentes
2893 1449 2982 1504 isti
3015 1455 3169 1503 ortus
3216 1446 3710 1516 immersionesque

2137 1544 2484 1616 contingunt.

2746 1652 2975 1710 CAPUT
3018 1652 3087 1708 Χ.

2068 1785 2112 1843 Β
2140 1749 2216 1804 De
2247 1749 2497 1819 bipartita
2533 1748 2658 1802 anni
2712 1749 2957 1843 sectiofe,
2982 1763 3165 1843 ﬂuam
3199 1744 3444 1816 Vergiliis
3478 1746 3714 1818 plerique

2797 1817 3056 1870 tribuunt.

2208 1911 2451 1967 lllustres
2480 1911 2536 1965 in
2565 1911 2704 1966 coelo
2728 1908 2997 1979 Vergilias
3022 1924 3085 1963 ea
3114 1917 3202 1964 res
3235 1907 3592 1978 potissimum
3642 1909 3712 1963 fe-

2140 2005 2233 2070 cit,
2269 2004 2413 2074 quod
2436 2018 2621 2058 earum
2655 2001 3040 2056 observatione
3078 2015 3288 2055 annuas
3331 2008 3708 2070 tempestates,

2139 2106 2254 2152 tum
2301 2096 2495 2150 messis
2547 2109 2610 2148 ac
2643 2092 2900 2149 sementis
2931 2099 3174 2162 tempora
3211 2084 3553 2164 distinguere
3575 2108 3716 2146 moro

2138 2188 2274 2242 tales
2303 2185 2573 2256 quondam
2595 2184 2851 2239 solerent.
2871 2181 3080 2236 Etenim
3109 2179 3408 2238 matutinus
3423 2180 3708 2235 Pleiadum

2138 2285 2325 2342 ortus,
2357 2287 2411 2333 et
2440 2277 2681 2346 ἐπιτολὴ,
2732 2290 2892 2346 quem
2949 2274 3214 2329 heliacum
3248 2283 3469 2339 vocant,
3507 2276 3716 2330 astatis

2140 2385 2204 2424 ac
2252 2370 2448 2425 messis
2501 2369 2714 2424 initium
2747 2367 2946 2435 dabat;
2979 2382 3208 2423 occasus
3247 2373 3374 2422 vero
3406 2366 3715 2420 matutinus

2140 2461 2339 2516 hiemis
2363 2468 2523 2530 atque
2573 2459 2852 2515 sementis.
2887 2457 2966 2511 Ita
3012 2458 3265 2513 bifariam
3300 2456 3715 2528 quodammodo

2139 2555 2520 2628 partiebantur
2544 2567 2767 2606 annum.
2801 2550 2980 2607 Testis
2997 2562 3080 2606 est
3110 2550 3374 2606 Ilcsiodus
3401 2550 3711 2619 antiquitus

2141 2647 2194 2702 id
2231 2646 2288 2700 in
2321 2646 2528 2701 Graecia
2578 2644 2781 2698 factum
2808 2659 2930 2699 esse
2955 2629 3205 2698 versibus
3243 2643 3332 2711 iis,
3359 2656 3504 2713 quos
3535 2641 3713 2712 capite

2141 2740 2412 2811 superiori
2447 2739 2750 2794 retulimus.
2783 2735 2917 2791 Tum
2943 2737 3200 2806 deinceps
3233 2736 3511 2791 innumeri
3540 2735 3712 2790 Graeci

2142 2848 2206 2888 ac
2246 2831 2426 2886 Latini
2477 2831 2698 2902 scriptis
2756 2829 2898 2884 idem
2958 2828 3265 2904 prodidere.
3303 2829 3486 2894 Quare
3536 2828 3713 2885 Theo.

2142 2924 2400 2994 phrastus
2427 2924 2566 2978 libro
2593 2923 2668 2976 De
2691 2922 2855 2992 signis
2888 2920 3185 2990 pluviarum
3208 2919 3477 2990 Vergilias
3509 2936 3710 2974 annum

2143 3014 2394 3070 bifariam
2447 3013 2638 3083 partiri
2699 3012 2888 3068 scribit
2935 3010 3020 3065 bis
3069 3010 3250 3064 verbis
3291 3028 3304 3064 :
3347 3009 3710 3080 Δεχοτομεῖδὲ

2143 3107 2231 3158 τὸν
2255 3105 2349 3173 μὲν
2371 3104 2610 3156 ἐνιαυτὸν
2629 3102 2828 3165 Πλειὰς
2859 3118 2918 3154 τε
2948 3101 3179 3171 δυομένη
3203 3100 3296 3152 καὶ
3321 3100 3704 3154 ἀνατέλλουσα·

2141 3197 2248 3250 ἀπὸ
2275 3196 2382 3266 γὰρ
2401 3195 2604 3258 δύσεως
2644 3195 2804 3266 μέχρι
2835 3193 3100 3263 ἀνατολῆς
3131 3193 3191 3245 τὸ
3216 3193 3388 3263 ἥμισυ
3418 3190 3512 3245 τοῦ
3533 3194 3713 3244 ἐνιαυ-

2139 3288 2237 3343 τοῦ
2289 3291 2454 3342 ἐστιν.
2486 3307 2504 3340 ‹
2547 3287 2748 3344 Secant
2795 3302 2992 3340 annum
3042 3287 3299 3355 bipartito
3349 3283 3714 3355 Vergiliarum

2142 3389 2368 3437 exortus
2401 3390 2454 3435 et
2481 3395 2734 3436 occasus.
2771 3378 2856 3433 Ab
2885 3393 3083 3434 occasu
3111 3377 3255 3432 enim
3287 3377 3506 3431 illarum
3537 3389 3716 3446 usque

2142 3473 2211 3527 ad
2235 3481 2508 3536 exortum,
2547 3471 2672 3525 anni
2729 3469 3016 3524 dimidium
3061 3477 3162 3524 est.
3203 3487 3222 3520 ι
3260 3465 3414 3533 Quod
3455 3468 3640 3535 ipsum
3667 3471 3718 3520 et

2141 3563 2316 3619 Varro
2369 3561 2728 3632 sequiturlib.
2771 3560 2792 3614 I
2831 3560 2905 3612 De
2938 3576 2992 3613 re
3031 3566 3191 3625 rust.,
3222 3572 3346 3626 cap.
3384 3555 3639 3622 XXVIII;
3667 3563 3718 3609 et

2141 3655 2342 3710 diserte
2388 3653 2596 3708 Plinius
2631 3653 2724 3706 lib.
2761 3651 2952 3718 XVIII,
3009 3666 3129 3720 cap.
3163 3648 3357 3712 XXIX,
3390 3647 3486 3703 ubi
3524 3647 3718 3717 Vergi-

2143 3747 2246 3802 lias
2295 3765 2314 3798 ι
2359 3753 2550 3802 exortu
2604 3760 2704 3799 suo
2759 3750 3002 3798 aestatem
3071 3741 3309 3810 incipere
3351 3740 3459 3806 ait,
3513 3753 3717 3794 occasu

2142 3839 2397 3902 hiemem,
2457 3836 2704 3892 semestri
2765 3833 2942 3905 spatio
2981 3833 3124 3887 intra
3167 3849 3226 3888 se
3271 3847 3501 3895 messes,
3527 3833 3717 3886 vinde-

2144 3929 2409 3997 miasque,
2471 3935 2524 3982 ct
2566 3926 2808 3981 omnium
2857 3927 3228 3980 maturitatem
3289 3925 3630 3994 complexas.
3691 3940 3710 3972 ι

2149 4023 2351 4076 Aratus
2380 4036 2510 4076 vero
2545 4039 2560 4074 :

2142 4137 2212 4203 Αἱ
2227 4133 2340 4203 μὲν
2356 4134 2509 4202 ὅμως
2539 4133 2729 4203 ὀλίγαι
2756 4132 2852 4185 καὶ
2871 4129 3154 4203 ἀφεγγέες
3171 4147 3185 4161 ο
3217 4131 3362 4203 ἀλλ’»
3383 4126 3713 4196 (impacta!

2141 4201 2288 4271 Ἷὲιρι,
2320 4201 2415 4257 καὶ
2441 4202 2709 4270 ἑσπέριαι
2730 4219 2742 4232 ’
2777 4203 2925 4267 Ζεὺς
2949 4202 2998 4254 δ’
3038 4203 3225 4266 αἴτιος
3247 4201 3645 4271 εἰλίσσᾳνται,

2148 4268 2244 4340 '0};
2265 4275 2441 4342 σφίσι
2473 4273 2569 4326 καὶ
2591 4268 2816 4339 θέρεος,
2840 4273 2932 4324 καὶ
2967 4273 3244 4342 χείματος
3268 4268 3629 4342 ἀρχρμένοιο

2143 4340 2468 4413 Σημαῖνειν
2493 4342 2841 4406 ἐκέλευσεν,
2866 4341 3264 4410 ἐπερχομένου
3286 4340 3330 4392 τ’
3365 4340 3626 4406 ἀρότοιο.

479 4446 653 4498 tutino
675 4448 998 4516 crepusculo
1017 4449 1352 4517 p0pulariter
1382 4451 1554 4520 accipi
1591 4470 1602 4504 :
1633 4452 1793 4508 finem
1825 4468 2042 4523 quoque
2073 4458 2118 4513 D
2143 4437 2334 4491 Cicero
2360 4454 2374 4490 ε

477 4535 612 4589 alias
634 4535 701 4589 ab
725 4551 922 4590 occasu
943 4539 1094 4599 solis.
1123 4539 1258 4593 alias
1287 4540 1354 4594 ab
1397 4540 1665 4595 lucidiore
1699 4546 2042 4612 crepusculo.

480 4624 571 4679 Sic
598 4626 812 4682 Orionis
853 4629 1249 4700 προκατάδυσιν
1295 4631 1436 4702 ἑῴαν
1484 4632 1685 4689 Aratus
1731 4635 2042 4706 descripsit,

459 4715 539 4773 ἰιι
565 4720 784 4790 exponit
813 4719 961 4775 Theo
995 4740 1007 4774 :

654 4876 675 4907 ,ξ
746 4875 764 4890 .
841 4879 853 4890 .
931 4841 964 4891 ὁ
991 4838 1058 4890 δὲ
1098 4837 1298 4891 δύεται
1326 4839 1469 4907 ἠῶθι
1498 4839 1607 4907 πρὸ

665 4905 894 4972 Ἀθρόος
935 4909 1157 4976 Ὠρίων.
1171 4949 1205 4962 ..
1219 4949 1231 4962 .

477 5015 718 5068 τουτέστι
748 5018 852 5088 πρὸ
885 5019 980 5089 τῆς
1006 5019 1155 5088 ὴοῦς,
1196 5038 1214 5071 ι
1256 5029 1381 5076 ante
1419 5037 1694 5078 auroram.
1733 5042 1752 5074 ›
1787 5021 1946 5088 Hinc,
1985 5033 2048 5080 ut

476 5106 624 5176 quod
679 5123 905 5178 quaeque
951 5111 1106 5164 stella
1149 5112 1473 5166 alterutrum
1520 5115 1775 5183 praecedit
1831 5115 2044 5169 initium

477 5195 704 5250 ﬁnemve
761 5199 1026 5268 sequitur,
1082 5202 1152 5252 ita
1188 5199 1306 5269 ejus
1355 5202 1582 5257 orientis
1615 5203 1699 5257 vel
1743 5203 2044 5259 occidentis

477 5285 690 5343 diversa
720 5290 894 5360 spatia
919 5291 1178 5345 constitui
1215 5293 1481 5348 solebant.

545 5375 810 5435 Praeterea
844 5381 1028 5436 docuit
1060 5400 1162 5438 nos
1206 5382 1532 5440 Godefridus
1565 5383 1924 5450 Vendclinus,
1957 5386 2042 5440 vir

479 5468 535 5522 in
565 5471 649 5525 his
664 5472 969 5541 disciplinis
1001 5475 1246 5542 apprime
1282 5475 1474 5530 doctus
1521 5491 1585 5530 ac
1607 5477 1910 5531 caelestium
1946 5478 2044 5530 ob-

481 5563 845 5616 scrvationum
880 5581 980 5618 usu
1011 5565 1266 5630 detritus,
1306 5567 1745 5622 animadversum
1773 5584 1801 5621 a
1833 5584 1890 5623 se
1917 5584 2042 5637 par-

481 5647 578 5699 tim
631 5650 684 5704 in
733 5653 1056 5709 Massiliensi
1110 5658 1410 5726 provincia,
1462 5661 1660 5728 partim
1713 5659 1765 5712 in
1829 5659 2038 5730 Belgio,

481 5738 684 5795 astivis
734 5742 923 5800 diebus
945 5754 996 5800 ct
1035 5756 1315 5812 autumno,
1351 5764 1471 5803 cum
1516 5764 1770 5806 serenum
1809 5751 2041 5805 maxime

2220 4532 2290 4582 At
2321 4543 2563 4596 magnum
2594 4543 2777 4580 nomen
2799 4527 2952 4596 signi.
2980 4525 3280 4592 clarumque
3309 4531 3546 4596 vocatur,

2229 4595 2526 4665 Propterea,
2563 4598 2697 4665 quod
2721 4607 2768 4650 et
2791 4595 2986 4650 wStatis
3016 4596 3305 4663 primordia
3327 4595 3551 4657 clarent,

2219 4659 2286 4720 Et
2319 4659 2434 4735 post
2468 4659 2666 4721 hiberni
2697 4659 3036 4734 prwpandens
3087 4667 3330 4732 temporis
3365 4675 3512 4735 ortus

2219 4733 2494 4803 Admonet,
2522 4748 2579 4790 ut
2603 4733 2844 4790 mandant
2873 4735 3120 4789 mortales
3151 4735 3347 4788 semina
3374 4733 3552 4788 terris.

2220 4851 2328 4907 Sed
2366 4851 2634 4906 matutino
2681 4850 2735 4906 id
2756 4858 2878 4905 ortu
2903 4859 2958 4905 et
2988 4864 3186 4904 occasu
3215 4846 3391 4902 facere
3418 4844 3710 4915 Vergilias.

2149 4945 2350 5001 Aratus
2407 4945 2627 5011 cecinit,
2682 4960 2791 5000 non
2845 4945 3101 5015 exprimit
3148 4943 3357 4997 Cicero.
3393 4941 3464 4993 At
3514 4936 3710 4993 Festus

2147 5037 2384 5094 Avienus
2412 5037 2516 5094 hoc
2559 5037 3004 5108 interpretatione
3032 5049 3132 5091 sua
3160 5031 3427 5090 reddidit:

2290 5192 2304 5206 .
2383 5192 2397 5206 .
2476 5193 2491 5207 .
2567 5194 2581 5206 .
2659 5151 2802 5205 Nam
2830 5152 2877 5205 si
2903 5167 2956 5204 se
2983 5150 3186 5220 gurgite
3211 5147 3401 5220 toltunt

2225 5223 2490 5294 Yergiliw,
2521 5239 2710 5294 eurvqs
2740 5223 2793 5275 in
2813 5222 2952 5294 ﬂava
2980 5217 3188 5274 novalia
3215 5217 3375 5294 [alces

2215 5290 2470 5347 Exercere
2496 5293 2625 5346 dies.
2649 5292 2709 5346 Si
2724 5291 2946 5344 condunt
2975 5305 3179 5358 (equore
3208 5290 3454 5356 ﬂammas
3480 5321 3496 5343 ,

2219 5363 2480 5418 Tellurem
2509 5378 2686 5432 presso
2709 5361 3039 5431 proscindere
3063 5358 3262 5426 tempus
3294 5364 3498 5408 aratro.

2214 5473 2340 5530 Haec
2381 5475 2508 5529 anni
2535 5476 2792 5545 bipartita
2823 5472 3140 5529 distributio
3173 5466 3456 5525 commode
3488 5471 3540 5519 et
3568 5461 3707 5513 πλα-

2143 5567 2320 5630 τυκῶς
2365 5567 2678 5637 accipienda
2708 5575 2809 5628 est,
2847 5581 2956 5618 non
2994 5564 3219 5633 praecise
3258 5574 3320 5613 ac
3363 5555 3552 5625 rigide.
3583 5551 3706 5602 Non

2145 5661 2289 5714 enim
2325 5668 2516 5715 exacte
2551 5674 2792 5713 annuum
2827 5658 3061 5726 spatium
3092 5655 3308 5710 illarum
3341 5657 3486 5713 ortu,
3517 5651 3567 5698 et
3611 5655 3704 5694 oe-

2145 5765 2275 5805 casu
2300 5749 2546 5805 bifariam
2581 5750 2863 5806 dividitur.
2894 5747 3047 5814 Quod
3068 5763 3132 5803 ex
3165 5745 3488 5816 Hippocrate
3519 5727 3702 5802 colligi
