3948 6264
219 401 361 455 1383

994 377 1454 439 DISSERTA'I‘IO
1494 376 1582 430 DE
1621 371 1806 428 ORTU
1852 368 1938 423 ET
1977 367 2242 423 OCCASU
2286 362 2607 420 SIDEBUM.

3307 353 3441 436 4336

216 526 403 589 potest
432 538 442 570 :
469 512 626 583 cujus
653 515 738 564 est
776 503 1009 561 eximius
1046 501 1148 554 hac
1181 498 1246 552 de
1276 513 1335 551 re
1364 497 1518 550 locus
1547 493 1688 547 libro
1708 489 1774 542 III
1807 490 1852 546 A
1950 487 2108 541 Anno
2136 481 2598 589 deniquedqliano
2622 479 2818 589 primo,
2845 479 2932 589 spl
2955 477 3018 589 in:
3035 475 3292 589 .Gc‘minos
3315 491 3445 589 vero

218 585 362 676 ᾖερὶ
389 606 637 671 suum
668 599 763 670 qui
807 594 1119 652 necessario
1164 591 1254 644 hic
1286 585 1630 642 adnotandus
1675 593 1780 640 est.

224 699 332 753 Τδν
383 698 478 768 μὲν
531 690 771 748 ἐνιαυτὸν
826 690 881 751 ὲς
934 686 1172 754 τέσσαρα
1220 681 1386 752 μέρεα
1426 677 1782 768 διαιρέονσιν·

224 762 648 857 ειπερ-μάλιστα
688 776 1041 849 γινώσκουσιν
1068 775 1117 826 οἱ
1153 769 1333 824 πολλοί
1359 786 1371 798 '
1409 767 1668 838 χειμῶνα,
1693 762 1786 837 ἦρ,

228 881 410 952 Θέρος,
457 876 810 946 φθινόπωρον.
853 871 964 923 Καὶ
1010 866 1248 939 χειμῶνα
1292 863 1388 934 μὲν
1439 862 1545 916 ἀπὸ
1600 860 1794 952 Πλειᾶ-

223 951 331 1024 δων
363 967 541 1030 δύσιος
574 965 699 1036 ἄχρι
738 961 1026 1034 ἰσημερίης
1053 955 1302 1028 ὲαρινῆςο
1335 953 1432 1025 ἔαρ
1455 953 1512 1005 δὲ
1538 951 1644 1004 ἀπὸ
1676 953 1794 1020 ἰση-

231 1062 430 1133 μερίης
467 1061 625 1131 μέχρι
664 1054 986 1128 Ἀρκτούρου
1025 1048 1308 1118 ἐπιτολῆς·
1352 1045 1691 1116 φθινόπωρον
1738 1040 1796 1133 es

229 1131 342 1206 ἀπὸ
372 1131 699 1222 Ἀρκτούρου
725 1145 886 1216 μέχρι
914 1139 1183 1194 Πλειάδων
1213 1136 1414 1199 δύσιος.
1447 1154 1466 1186 ι
1497 1133 1711 1187 Annum
1743 1131 1798 1184 in

234 1253 422 1313 partes
465 1249 694 1309 quatuor
739 1233 989 1289 dividunt
1024 1247 1041 1285 :
1097 1243 1235 1298 quas
1277 1226 1521 1298 plerique
1570 1223 1800 1278 maxime

231 1333 599 1404 dignoscunt,
646 1328 898 1387 hiemem,
956 1335 1081 1384 ver,
1121 1327 1401 1384 testatem,
1456 1321 1796 1369 autumnum.

236 1426 305 1478 Et
367 1424 597 1478 hiemem
623 1419 841 1491 quidem
891 1417 958 1471 ab
980 1429 1180 1470 occasu
1223 1411 1581 1483 Vergiliarum
1629 1423 1803 1479 usque

236 1514 306 1568 ad
356 1509 742 1582 aequinoctium
780 1521 1040 1566 vernum;
1086 1519 1180 1558 ver
1223 1509 1402 1556 autem
1454 1500 1523 1554 ab
1556 1498 1802 1568 aequino-

235 1606 352 1660 ctio
404 1619 573 1659 verno
621 1614 795 1670 usque
851 1598 918 1652 ad
956 1605 1135 1652 ortum
1199 1593 1590 1663 Vergiliarum;
1639 1596 1806 1644 aesta-

238 1708 353 1752 tem
417 1709 446 1748 a
486 1692 847 1764 Vergiliarum
900 1697 1024 1744 ortu
1089 1686 1156 1741 ad
1197 1695 1376 1741 ortum
1419 1678 1808 1758 Arcturi;'au-

239 1796 495 1840 tumnum
520 1799 647 1838 vero
669 1783 738 1837 ab
752 1785 982 1834 Arcturo
1003 1779 1066 1832 ad
1093 1792 1348 1833 occasum
1363 1774 1745 1846 Vergiliarum.
1781 1790 1801 1825 ι

240 1882 304 1933 In
367 1879 470 1933 hac
517 1876 644 1930 anni
692 1872 1091 1944 quadripartita
1152 1869 1422 1924 divisione
1493 1882 1604 1921 non
1684 1871 1812 1920 sunt

239 1972 476 2043 aequalia
508 1975 808 2038 segmenta,
842 1966 936 2020 sed
979 1965 1139 2030 longe
1169 1961 1343 2031 major
1371 1959 1576 2015 aestatis
1615 1967 1668 2012 et
1698 1957 1814 2012 hie.

243 2063 352 2116 mis
386 2069 471 2115 est
518 2057 733 2120 modus,
761 2071 924 2126 quam
965 2055 1107 2109 veris
1144 2063 1198 2109 et
1243 2051 1522 2116 autumni;
1577 2050 1665 2103 cui
1698 2047 1814 2103 dies

245 2151 398 2205 haud
433 2150 665 2228 amplius
721 2147 1081 2218 quadraginta
1136 2143 1420 2198 ﬁniuntur.
1473 2139 1817 2212 Hippocratis

247 2240 480 2303 saeculo,
509 2241 609 2293 hoc
639 2245 724 2293 est
757 2237 1008 2298 Metonis,
1063 2233 1299 2290 Pleiadis
1332 2240 1486 2288 ortus
1516 2231 1818 2285 matutinus

251 2343 310 2389 et
371 2331 616 2386 heliacus
664 2329 894 2399 contigit
948 2327 1004 2382 in
1056 2325 1223 2381 Tauri
1269 2336 1419 2396 parte
1464 2323 1548 2387 19,
1603 2319 1820 2375 Arcturi

246 2431 410 2480 ortus
439 2423 494 2476 in
514 2419 753 2488 Virginis
771 2419 842 2474 25
860 2417 1237 2486 :iutervallum
1257 2416 1535 2485 signorum
1565 2420 1820 2482 quatuor,

250 2512 522 2584 graduum
547 2510 598 2564 6.
633 2507 866 2563 Tantum
912 2507 1099 2562 aestivo
1149 2515 1424 2576 segmento
1467 2503 1823 2573 Hippocrates

250 2602 516 2660 emetitur
541 2618 557 2668 ;
586 2606 642 2654 at
669 2615 838 2654 verno
859 2597 1088 2668 tempori
1113 2597 1230 2651 dies
1254 2610 1360 2649 non
1394 2595 1626 2664 amplius
1656 2609 1749 2648 sex
1771 2600 1826 2648 et

253 2693 481 2762 triginta
504 2696 839 2759 competunt.
873 2685 1085 2742 Rursus
1120 2700 1351 2739 occasus
1381 2683 1730 2753 vespertinus
1761 2695 1826 2736 ac

253 2799 424 2839 verus
446 2780 722 2835 Pleiadum
757 2780 917 2833 liebat
943 2778 996 2831 in
1020 2776 1189 2848 gradu
1211 2775 1388 2830 Librae
1421 2775 1511 2830 28.
1545 2773 1730 2844 Itaque
1759 2774 1828 2828 ab

255 2882 385 2930 ortu
444 2873 660 2926 Arcturi
704 2871 771 2925 ad
828 2885 1086 2925 occasum
1139 2867 1418 2923 Pleiadum
1454 2867 1657 2937 gradus
1702 2874 1830 2920 sunt

257 2968 486 3021 omnino
534 2966 622 3020 55.
667 2963 910 3033 Denique
938 2963 1006 3016 ab
1045 2975 1247 3018 occasu
1290 2959 1525 3015 Pleiadis
1562 2960 1628 3013 ad
1670 2957 1833 3026 aequi-

258 3060 513 3114 noctium
540 3072 768 3110 vernum
815 3063 1050 3125 quatuor
1087 3053 1202 3108 fere
1254 3053 1536 3122 signorum
1589 3049 1833 3104 intersti-

263 3151 405 3204 tium
445 3156 548 3204 est.
573 3150 750 3218 Atque
786 3155 843 3200 ut
896 3155 1246 3216 apparentem
1288 3159 1544 3200 occasum
1575 3140 1834 3214 Vergilia-

262 3255 386 3294 rum
429 3255 539 3292 non
572 3253 757 3292 verum
797 3237 1172 3300 adhibeamus,
1195 3236 1341 3289 haud
1372 3235 1602 3288 multum
1632 3234 1699 3287 de
1728 3236 1832 3288 hoc

263 3331 494 3387 hiberno
541 3330 826 3383 intervallo
873 3329 1179 3403 detractum
1222 3326 1408 3382 fuerit.
1455 3325 1615 3380 Tales
1668 3326 1834 3394 igitur

264 3423 398 3476 anni
441 3419 738 3475 divisiones
764 3418 935 3488 magis
967 3419 1034 3472 ad
1073 3433 1320 3480 sensum,
1356 3424 1409 3470 et
1433 3417 1576 3470 aeris
1603 3417 1837 3483 caelique

264 3511 700 3576 vicissitudines,
770 3526 934 3580 quam
996 3509 1063 3562 ad
1112 3509 1517 3579 proportionem
1557 3507 1837 3576 aequalita-

265 3613 490 3674 temque
547 3603 784 3674 partinm
844 3602 1107 3654 institutae
1160 3608 1311 3656 sunt.
1356 3598 1511 3664 Quod
1554 3607 1614 3651 ut
1647 3598 1702 3651 in
1731 3612 1838 3650 uno

266 3695 636 3766 Vergiliarmn
693 3695 872 3750 sidere
935 3694 1007 3747 ita
1049 3708 1171 3748 esse
1227 3698 1594 3747 monstremus
1632 3707 1645 3743 :
1686 3698 1839 3744 ortus

265 3801 459 3838 earum
487 3785 728 3839 heliacus
751 3781 996 3838 'Metonis
1027 3798 1140 3837 aevo
1161 3783 1215 3836 in
1245 3781 1408 3836 Tauri
1442 3781 1666 3851 gradum
1699 3781 1840 3833 inci-

267 3875 436 3930 debat
462 3875 556 3941 19;
587 3888 818 3930 occasus
850 3873 904 3926 in
928 3872 1100 3927 Librae
1126 3873 1196 3927 28
1231 3892 1244 3927 :
1288 3873 1630 3926 intervallum
1654 3872 1840 3941 signo-

272 3982 392 4020 I'UIII
422 3982 474 4031 v,
519 3965 782 4036 graduum
809 3966 879 4030 9;
904 3965 974 4019 ab
996 3980 1194 4019 occasu
1238 3965 1306 4018 ad
1335 3974 1536 4028 ortum,
1560 3965 1839 4034 signorum

271 4076 346 4126 vi,
379 4058 651 4130 graduum
699 4057 788 4111 ‘21.
814 4056 966 4122 Quod
995 4057 1040 4110 si
1081 4057 1197 4112 dies
1229 4057 1542 4127 interjectos
1573 4057 1844 4112 aestimare

272 4151 533 4212 velimus,
557 4164 678 4202 cum
714 4148 941 4203 Metonis
957 4153 1197 4217 tempore
1220 4163 1379 4203 verus
1403 4148 1534 4201 solis
1565 4147 1844 4217 ingressus

275 4242 332 4296 in
387 4240 633 4295 Taurum
672 4241 901 4296 Athenis
958 4240 1244 4310 contigerit
1291 4239 1494 4309 Aprilis
1553 4237 1639 4293 die
1690 4253 1842 4302 xxvr,
1875 4233 1911 4268 '-

279 4333 422 4389 hora
450 4333 540 4398 17,
568 4333 650 4388 57'
675 4352 686 4386 :
716 4333 771 4386 in
811 4331 1027 4387 Libram
1059 4341 1238 4387 autem
1274 4347 1401 4386 vero
1425 4339 1577 4385 motu
1617 4330 1848 4386 subierit

281 4422 627 4495 Septembris
677 4440 871 4490 xxvm,
928 4425 1058 4479 hora
1100 4423 1191 4488 20,
1234 4422 1355 4489 10';
1405 4422 1646 4477 heliacus
1683 4437 1846 4491 porro

1889 591 2038 634 motu
2071 579 2239 634 subiit
2270 575 2394 629 Maii
2420 574 2508 628 die
2537 588 2685 638 xxiv.
2707 571 2843 624 hora
2875 570 2962 634 11,
2988 570 3090 633 δι’,
3112 568 3319 634 Romae,
3352 570 3444 623 ubi

1890 673 2046 726 initio
2066 670 2414 726 Geminorum
2444 676 2596 721 ortus
2613 664 2854 720 heliacus
2883 661 3243 733 Vergiliarum
3272 661 3447 715 factus

1891 775 1995 822 est.
2051 765 2118 819 At
2174 762 2459 832 Scorpium
2489 761 2609 814 iniit
2641 757 2893 812 Octobris
2932 772 3056 820 xxv,
3083 756 3216 809 hora
3246 755 3299 821 5,
3323 755 3403 810 55'
3433 774 3446 808 :

1893 859 2052 928 cujus
2078 858 2277 928 gradus
2315 861 2562 924 quartus,
2594 853 2655 906 in
2701 866 2858 921 quem
2893 849 3192 903 matutinus
3225 862 3454 901 occasus

1896 951 2168 1017 convenit,
2224 949 2456 1003 incurrit
2505 948 2561 1001 in
2607 944 2858 1000 Octobris
2907 959 3102 998 xxvnt.
3151 941 3454 998 Discrimen

1897 1045 2184 1112 utriusque
2213 1043 2330 1095 dies
2354 1055 2516 1101 CLvn,
2549 1039 2690 1108 quod
2734 1054 2762 1090 a
2810 1037 3035 1091 dimidio
3086 1050 3233 1089 anno
3291 1035 3457 1087 dislat

1899 1133 2090 1189 diebus
2119 1147 2244 1185 xxv:
2270 1129 2401 1184 fere.
2431 1127 2558 1182 Ilaec
2584 1127 2851 1182 intervalli
2877 1125 3132 1195 paulatim
3163 1124 3457 1178 crescentis

1899 1226 2134 1280 varietas
2163 1239 2229 1277 ex
2249 1219 2560 1291 aequinoctii
2583 1218 2977 1277 antecessione.
3002 1231 3102 1271 nec
3118 1232 3224 1270 non
3256 1224 3461 1270 octava:

1903 1318 2146 1386 sphaerae,
2182 1328 2306 1367 cum
2351 1312 2526 1366 stellis
2555 1311 2610 1364 in
2649 1310 3038 1378 consequentia
3061 1307 3459 1378 progressione,

1903 1415 2016 1460 tum
2049 1403 2235 1474 apogei
2261 1402 2392 1458 solis
2429 1400 2730 1455 mutatione
2758 1400 3023 1453 nascitur.

2509 1539 2737 1595 CAPUT
2775 1537 2867 1593 XI.

1912 1637 1985 1692 De
2004 1634 2273 1692 Caniculae
2321 1645 2442 1688 ortu
2495 1644 2544 1687 et
2600 1648 2788 1686 occasu
2835 1640 3063 1684 ueterum
3113 1629 3230 1682 loca
3263 1629 3467 1682 multa:

2079 1708 2301 1776 itemque
2337 1705 2401 1759 de
2443 1704 2706 1774 Procyne,
2741 1702 3016 1771 diligenter
3048 1715 3292 1764 expensa.

1839 1823 1884 1878 B
1981 1820 2225 1875 Alterum
2250 1825 2375 1889 post
2400 1815 2670 1888 Vergilias
2699 1816 2871 1879 sidus,
2898 1815 2954 1868 in
2978 1829 3085 1883 quo
3112 1821 3164 1868 et
3187 1827 3344 1867 usum
3371 1827 3470 1865 ex-

1914 1911 2188 1981 periemur
2241 1909 2480 1964 methodi
2537 1915 2771 1973 nostrae;
2823 1915 2877 1962 et
2927 1907 3257 1976 scriptorum
3304 1903 3371 1958 de
3409 1917 3474 1958 eo

1916 2004 2036 2057 loca
2065 2003 2226 2072 paulo
2275 1999 2644 2070 expendemus
2685 1996 3030 2059 accuratius,
3075 1995 3337 2051 Canicula
3367 2002 3474 2058 est,

1917 2109 2082 2164 quam
2117 2091 2287 2147 Graeci
2337 2091 2544 2163 Σείριον
2577 2090 2888 2160 appellant:
2919 2088 3064 2159 quod
3092 2102 3290 2142 nomen
3313 2087 3478 2140 latius

1920 2185 2062 2256 apud
2091 2185 2346 2254 antiquos
2373 2182 2703 2247 extenditur,
2737 2196 2862 2236 nam
2892 2188 2948 2236 et
2981 2180 3150 2236 solem
3189 2177 3480 2249 aliquando

1921 2274 2210 2348 signiﬁcat.
2247 2273 2316 2330 Ut
2348 2273 2492 2344 apud
2514 2272 2810 2328 Hesiodum
2829 2270 2870 2326 II
2906 2272 3086 2341 ’Epr.,
3112 2270 3207 2325 ubi
3234 2267 3480 2324 autumni

1923 2377 2136 2438 tempus
2173 2366 2247 2420 ita
2283 2364 2578 2420 describit:

2493 2498 2575 2566 Δὴ
2599 2497 2706 2568 γὰρ
2732 2497 2865 2550 τότε
2891 2497 3119 2568 Σείριος
3151 2496 3348 2568 ἀστὴρ

1925 2572 2108 2628 nam
2130 2571 2283 2638 ὑπὲρ
2307 2568 2577 2638 κεφαλῆς
2605 2567 2998 2638 κηριτέὴςφέων
3023 2567 3348 2635 ἀνθρώπων

1932 2646 2196 2713 Ἔρχεται
2212 2635 2476 2710 ἥμάτὶος
2499 2639 2709 2692 πλεῖον
2733 2637 2799 2691 δέ
2827 2635 2892 2692 τε
2914 2639 3134 2703 νυκτὸς
3154 2635 3415 2707 ἐπαυρεῖ.

2073 2818 2086 2830 .
2167 2817 2179 2829 .
2259 2816 2273 2829 .
2353 2816 2366 2829 .
2446 2774 2888 2830 Namtuncsolis
2919 2775 3076 2828 stella

1898 2844 1904 2851 ’
1933 2846 2162 2901 Paulum
2191 2861 2350 2914 supra
2374 2856 2529 2913 caput
2553 2846 2663 2914 fato
2685 2845 3029 2900 obnoxiorum
3051 2845 3317 2898 hominum

1943 2919 2092 2971 Venit
2125 2917 2357 2971 interdiu
2389 2933 2408 2971 :
2437 2917 2555 2986 plus
2582 2925 2756 2969 autem
2785 2916 2846 2969 de
2877 2924 3024 2970 nocte
3057 2915 3270 2970 obtinet.

2004 3050 2332 3123 Interpretes
2362 3065 2554 3105 onmes
2586 3049 2640 3102 in
2680 3048 2735 3103 id
2782 3049 3150 3114 consentiunt,
3179 3047 3379 3103 Sirium
3407 3048 3496 3103 hic

1858 3175 1902 3234 α
1935 3160 2058 3200 esse
2107 3144 2300 3208 solem,
2333 3141 2424 3196 διὰ
2453 3141 2516 3194 τὸ
2560 3141 2838 3212 σειριάειν,
2893 3141 3040 3211 quod
3091 3148 3175 3196 est
3215 3139 3447 3212 λάμπειν
3481 3157 3496 3195 :

1939 3251 2117 3306 neque
2175 3235 2332 3290 aliter
2371 3239 2475 3289 hoc
2515 3234 2637 3288 loco
2683 3232 3026 3305 interpretari
3074 3234 3272 3303 possis,
3309 3239 3500 3287 contra

1939 3344 2103 3398 quam
2130 3327 2212 3379 vir
2257 3325 2449 3380 doctus
2491 3325 2840 3379 existimavit.
2889 3324 3006 3379 Non
3038 3325 3180 3380 enim
3208 3325 3501 3395 parallelus

1942 3434 2101 3487 quem
2127 3417 2389 3470 Canicula
2413 3415 2695 3481 describit,
2724 3416 3009 3486 inmqualia
3031 3426 3308 3486 segmenta
3337 3433 3504 3488 supra

1943 3518 2145 3563 terram
2174 3510 2355 3574 habet,
2395 3507 2645 3580 infraque
2699 3508 2932 3563 diversis
2973 3509 3029 3563 in
3059 3509 3189 3564 anni
3213 3518 3503 3580 tempesta-

1945 3605 2092 3656 tibus
2125 3602 2299 3672 :quod
2317 3602 2384 3656 de
2407 3600 2549 3654 Sirio
2562 3608 2719 3670 poeta
2741 3601 2908 3657 canit.
2930 3600 3253 3672 Hesychius,
3277 3602 3502 3674 Σείριος,

1945 3695 1972 3746 ὁ
1996 3692 2164 3763 ἥλιος,
2198 3693 2293 3746 καὶ
2319 3693 2346 3744 ὁ
2369 3689 2462 3744 τοῦ
2499 3691 2673 3754 Κυνὸς
2705 3692 2899 3763 ἀστήρ.
2925 3691 3070 3746 Idem
3092 3691 3159 3745 ab
3181 3691 3506 3746 Archilocho

1946 3798 2044 3854 pro
2075 3783 2188 3838 sole
2223 3801 2236 3836 :
2261 3783 2328 3837 ab
2347 3783 2506 3853 Ibyco
2533 3798 2630 3852 pro
2651 3783 2814 3838 astris
2837 3783 3091 3839 omnibus
3115 3785 3370 3855 usurpari
3411 3784 3510 3839 do—

1947 3883 2052 3929 cet.
2084 3873 2241 3928 IIunc
2283 3873 2525 3945 IEgyptii
2573 3873 2767 3928 Sothin
2829 3875 3170 3944 appellavere
3219 3874 3317 3932 (ait
3363 3876 3509 3932 Orus

1948 3965 2140 4035 Apollo
2172 3966 2265 4020 lib.
2300 3964 2342 4029 I,
2374 3981 2494 4034 cap.
2527 3963 2613 4036 III)
2637 3965 2725 4020 cui
2755 3976 2808 4021 et
2843 3965 3204 4036 principatum
3237 3977 3510 4022 astrorum

1950 4058 2292 4112 tribuerunt:
2313 4063 2367 4112 et
2392 4073 2459 4112 ex
2489 4058 2609 4126 ejus
2629 4064 2749 4112 ortu
2776 4056 2842 4112 de
2861 4059 2995 4112 anni
3026 4059 3196 4112 totius
3213 4065 3358 4112 statu
3383 4073 3514 4112 con-

1949 4150 2215 4221 jecturam
2275 4164 2470 4220 capere
2523 4150 2789 4206 solebant.
2839 4149 2972 4204 Nam
3010 4168 3028 4202 ‹
3068 4150 3232 4220 hujus
3290 4150 3513 4206 ell‘ectus

1953 4241 2274 4312 amplissimi
2326 4242 2384 4297 in
2413 4250 2559 4297 terra
2608 4242 2942 4305 sentiuntur,
2982 4263 3002 4294 ι
3031 4251 3090 4297 ιιι
3129 4244 3370 4313 loquitur
3400 4244 3512 4298 Pli-

1953 4334 2080 4388 nius
2110 4334 2225 4405 (lih.
2255 4330 2320 4399 II,
2350 4348 2470 4403 cap.
2505 4331 2618 4402 XL)
2645 4350 2661 4399 ;
2692 4334 2964 4404 praecipue
3000 4349 3150 4399 vero,
3179 4335 3325 4406 quod
3369 4335 3516 4390 illius

1956 4434 2148 4480 exortu
2177 4425 2310 4482 solis
2339 4440 2569 4495 vapores
2618 4426 2842 4480 accendi
2883 4435 3160 4496 putantur.
3191 4445 3212 4479 ι
3259 4427 3518 4483 Sentiunt
3547 4444 3554 4448 '

275 4514 522 4571 Pleiadis
545 4525 702 4572 ortus
731 4517 784 4570 in
809 4516 932 4570 Maii
965 4533 1032 4570 xv
1070 4515 1246 4582 diem;
1282 4531 1511 4570 occasus
1549 4516 1848 4570 matutinus
1872 4525 1926 4587 D
1953 4520 2007 4576 id
2033 4518 2225 4582 maria,
2269 4525 2322 4573 et
2367 4526 2546 4582 term,
2590 4537 2609 4570 ι
2641 4524 2700 4572 ιιι
2725 4518 2865 4572 idem
2896 4519 3090 4588 inquit,
3117 4537 3137 4570 ‹
3179 4521 3362 4575 multa:
3390 4535 3520 4575 vero

281 4609 338 4663 in
407 4606 658 4665 Octobris
717 4625 844 4664 xxvr
906 4607 1164 4664 ceciderit
1224 4628 1238 4662 :
1293 4608 1639 4662 intervallum
1711 4607 1855 4662 inter

285 4711 606 4772 utrumque,
658 4701 871 4757 dierum
915 4711 1001 4757 est
1058 4717 1211 4757 Cva.
1245 4701 1404 4768 Quod
1443 4701 1596 4755 abest
1629 4701 1696 4756 ab
1727 4702 1857 4754 anni

285 4795 540 4860 dimidio,
571 4795 675 4849 hoc
733 4804 816 4849 est
847 4794 1038 4850 diebus
1069 4809 1308 4858 cuxxn,
1349 4793 1500 4848 horis
1548 4793 1634 4858 18,
1665 4793 1857 4850 diebus

287 4887 405 4944 fere
435 4904 566 4943 xvu.

361 4980 456 5035 Sic
502 4979 721 5035 IIesiodi
749 4986 990 5048 tempore
1019 4993 1163 5032 anno
1186 4979 1392 5048 periodi
1436 4979 1664 5035 Iuliana:
1698 4979 1855 5045 3714,

289 5072 553 5142 quoniam
612 5071 996 5142 aequinoctium
1064 5085 1288 5125 vernmn
1350 5072 1577 5144 ἀκριϐὲς
1634 5073 1861 5142 contigit

295 5163 479 5218 Martii
537 5178 690 5230 xxxi,
728 5163 864 5216 hora
894 5163 947 5227 1,
990 5162 1074 5216 24'
1119 5162 1347 5217 Athenis
1381 5180 1392 5214 :
1421 5165 1700 5234 ingressus
1730 5165 1860 5218 item

296 5253 352 5309 in
398 5252 640 5309 Taurum
695 5268 858 5309 verus
896 5251 1022 5308 Maii
1060 5269 1098 5316 ι,
1125 5252 1258 5307 hora
1286 5253 1340 5316 4,
1386 5253 1487 5308 18'.
1522 5253 1654 5308 Item
1687 5253 1857 5322 aequi-

296 5348 539 5402 noctium
565 5347 877 5400 autumnale
905 5344 1158 5400 Octobris
1183 5361 1244 5412 Il,
1287 5345 1422 5400 hora
1457 5347 1657 5416 17,.35'
1692 5347 1861 5402 Athe-

298 5441 420 5507 nis;
454 5441 796 5496 intervallum
848 5441 991 5494 inter
1020 5438 1144 5493 Maii
1181 5455 1214 5493 ιι
1252 5439 1418 5502 diem,
1455 5440 1510 5493 in
1545 5456 1707 5511 quem
1737 5454 1862 5511 grac-

297 5532 402 5587 dus
422 5531 587 5585 Tauri
612 5532 697 5597 11,
715 5543 766 5586 et
788 5532 1030 5586 heliacus
1051 5539 1212 5589 ortus.
1225 5529 1584 5603 Vergiliarum
1609 5534 1858 5594 cadebat,

300 5630 355 5675 et
396 5638 464 5676 xx
493 5622 767 5684 Octobris,
794 5622 882 5675 cui
911 5619 1112 5691 gradus
1129 5619 1298 5676 Libra:
1326 5622 1410 5687 19,
1443 5631 1604 5693 atque
1627 5638 1860 5678 occasus

302 5715 610 5771 earumdem
635 5716 876 5771 heliacus
903 5717 1279 5786 competebat;
1311 5715 1519 5770 dierum
1549 5725 1633 5772 est
1668 5731 1855 5771 cum.

300 5807 452 5872 Quod
479 5813 630 5882 longe
653 5810 804 5866 abest
829 5809 896 5862 ab
912 5809 1039 5862 anni
1063 5810 1306 5873 dimidio,
1327 5825 1517 5882 nempe
1547 5811 1738 5867 diebus
1769 5827 1857 5866 xx.

735 5909 1000 5970 Parant.
1044 5907 1159 5970 Gn.
1210 5907 1380 5970 XIX.

1957 4620 2010 4668 et
2033 4611 2180 4667 ferae.
2200 4609 2386 4681 Neque
2414 4620 2498 4665 est
2521 4610 2698 4665 minor
2721 4611 2772 4665 ei
2795 4613 3091 4675 veneratio,
3119 4628 3281 4682 quam
3311 4611 3521 4668 descri-

1958 4709 2067 4778 ptis
2093 4707 2148 4761 in
2185 4706 2317 4761 deos
2363 4706 2552 4761 stellis.
2591 4726 2610 4758 ι
2645 4705 2714 4758 At
2743 4703 3006 4759 Geminus
3044 4719 3166 4773 cap.
3205 4700 3322 4756 XIV
3359 4703 3522 4774 longa

1958 4808 2012 4855 et
2063 4798 2278 4854 erudita
2343 4797 2714 4867 disputatione
2786 4797 3062 4866 vulgarem
3118 4795 3264 4850 hunc
3322 4795 3522 4850 refellit

1959 4906 2234 4958 errorem,
2289 4897 2415 4943 ortu
2459 4889 2656 4944 sideris
2693 4887 2878 4952 ullius,
2935 4893 3028 4941 aut
3078 4902 3276 4941 occasu
3322 4887 3523 4940 mutari

1960 4992 2170 5038 naturae
2220 4989 2422 5039 statum
2459 4980 2821 5050 opinantium.
2868 4978 2987 5035 Non
3036 4981 3178 5035 enim
3233 4979 3441 5048 majore
3471 4978 3524 5033 vi

1961 5077 2086 5131 aliis
2115 5075 2234 5129 aliae
2261 5073 2501 5144 praedita:
2535 5081 2664 5128 sunt
2713 5073 2884 5128 stellae
2910 5093 2922 5128 :
2957 5087 3056 5127 nec
3083 5080 3294 5135 exortu,
3324 5072 3404 5126 vel
3425 5085 3525 5126 oc-

1962 5183 2096 5223 casu
2134 5181 2234 5221 suo
2263 5172 2618 5236 tempestates
2663 5165 2802 5220 ullas
2829 5165 3067 5220 excitare
3097 5164 3347 5233 putanda:
3375 5171 3523 5218 sunt.

1965 5256 2072 5312 Sed
2102 5271 2270 5327 penes
2303 5255 2472 5311 solem
2498 5271 2665 5310 causa
2681 5263 2766 5310 est
2793 5255 3232 5310 vicissitudinum
3259 5258 3524 5308 istarum:

1962 5365 2194 5420 quarum
2218 5350 2272 5403 in
2306 5358 2549 5419 tempora
2581 5364 2706 5403 cum
2731 5349 3025 5418 insignium
3059 5346 3418 5418 quorumdam
3448 5347 3532 5401 si-

1964 5443 2154 5497 derum
2173 5449 2418 5505 exortus,
2442 5442 2524 5496 vel
2551 5455 2782 5495 occasus
2811 5440 3186 5502 incurrerent,
3223 5439 3337 5492 haec
3381 5439 3531 5492 velut

1965 5535 2139 5603 signa,
2173 5532 2281 5588 illis
2325 5531 2581 5588 natandis
2619 5547 2684 5586 ac
2716 5531 3068 5601 designandis
3123 5531 3366 5585 adhiberi
3413 5531 3532 5600 pla-

1965 5628 2097 5680 cuit.
2128 5627 2305 5696 Atque
2340 5627 2444 5681 hoc
2462 5625 2524 5678 in
2550 5631 2673 5679 ortu
2697 5624 2971 5679 Caniculae
2999 5630 3300 5693 pmsertnn
3331 5623 3530 5679 astruit

1965 5717 2246 5781 Geminus,
2265 5717 2357 5787 qui
2387 5733 2510 5772 cum
2541 5718 2597 5770 in
2619 5733 2736 5770 eam
2767 5717 2894 5770 anni
2919 5723 3290 5785 tempestatem
3314 5715 3528 5768 incum-

1967 5811 2138 5875 heret,
2190 5810 2245 5864 in
2290 5824 2414 5884 qua;
2449 5809 2820 5865 vehementior
2857 5818 3022 5864 aestus
3057 5807 3312 5870 exsistit,
3365 5805 3530 5873 hujus

3218 5902 3295 5963 Us
