3948 6264
554 323 686 382 1-5.ςῖ

1527 319 1616 372 AD
1655 317 1918 372 EUSEBII
1959 315 2352 371 CIIRONICON
2400 316 2764 375 APPENDIX.

3616 330 3730 382 I388

553 453 784 508 primum
815 435 1156 508 signiﬁcandi
1183 451 1384 493 munus
1407 479 1421 502 ,
1461 448 1583 507 post
1607 435 1872 491 etiiciendi
1901 449 2119 505 quoque
2147 441 2194 495 Α
2223 433 2432 488 heliaco
2466 435 2534 488 ad
2565 436 2862 490 cosmicum
2897 445 3076 490 ortum
3111 435 3400 492 transitum
3437 417 3574 496 fecit.
3598 443 3730 497 Anno

544 530 666 581 “vim
723 543 785 579 ca
801 542 1053 596 isamque
1082 527 1360 596 popularis
1388 527 1464 580 illi
1489 541 1792 581 consensus
1841 525 2111 580 att‘ribuit.

550 619 632 674 Ad
658 613 710 672 id
741 634 865 673 vero
889 619 1226 688 probandum
1257 634 1379 674 cum
1412 620 1515 672 alia
1549 619 1767 672 adhibet
1796 627 2114 688 argumenta

551 712 727 766 media
753 726 821 764 ex
849 709 1192 780 philosophia
1230 711 1570 780 deprompta,
1617 719 1729 763 tum
1777 710 1880 763 hoc
1920 725 2111 773 unum,

548 802 696 872 quod
742 810 797 856 et
855 817 1020 855 sensu
1071 801 1190 872 ipso
1213 800 1575 863 discernitur,
1611 809 1665 854 et
1704 799 1770 853 ad
1804 799 2111 852 institutum

549 904 796 946 nostrqu
831 891 986 946 valde
1029 892 1286 961 pertinet.
1343 889 1475 944 Nam
1521 893 1566 945 si
1607 891 1806 945 orienti
1841 888 2111 943 Caniculae

549 981 944 1036 incrementum
997 979 1127 1035 illud
1183 979 1417 1042 ardoris,
1478 990 1736 1049 tanquam
1789 977 2112 1044 causaani-

546 1075 821 1127 buendum
864 1072 1040 1138 foret;
1076 1081 1190 1126 tum
1242 1073 1294 1126 id
1337 1072 1474 1127 eIIici
1531 1074 1766 1128 maxime
1809 1079 2106 1143 oporteret,

547 1166 767 1235 quando
795 1181 920 1220 cum
957 1167 1069 1221 sole
1095 1164 1385 1232 conjuncta
1414 1173 1594 1219 ortum
1624 1182 1748 1220 cum
1791 1167 1908 1236 ipso
1941 1165 2106 1232 facit;

548 1271 710 1325 quam
745 1254 1004 1324 ἀνατολὴν
1041 1255 1256 1323 proprie
1317 1255 1502 1308 vocari
1543 1271 1707 1324 supra
1746 1255 2003 1310 diximus.
2040 1257 2110 1310 At

547 1361 636 1400 res
689 1362 848 1401 secus
879 1361 936 1400 se
987 1345 1168 1400 habet.
1195 1344 1312 1399 Non
1341 1347 1484 1400 enim
1533 1347 1588 1400 in
1631 1355 1752 1402 ortu
1796 1348 1909 1411 illo,
1947 1363 2107 1417 quem

547 1453 648 1492 nos
703 1436 962 1506 κοσμικὸν
1021 1438 1294 1506 appellare
1320 1437 1600 1491 solemus:
1631 1438 1725 1492 sed
1766 1439 1821 1491 in
1873 1437 2104 1500 heliaco,

546 1533 660 1584 sive
713 1527 933 1598 ἐπιτολῇ
977 1529 1268 1583 vehemens
1289 1529 1438 1583 calor
1463 1528 1714 1594 eﬁicitur;
1765 1544 1866 1584 nec
1915 1529 2104 1583 eodem

544 1620 745 1688 ubique
800 1628 1077 1688 tempore;
1133 1621 1226 1675 sed
1273 1621 1400 1675 alibi
1446 1621 1640 1686 citius,
1679 1621 1807 1674 alibi
1853 1621 2102 1676 tardius:

541 1726 728 1786 pra-eo
751 1727 813 1768 ac
839 1711 1124 1776 maturius,
1149 1721 1240 1766 aut
1274 1713 1448 1768 serius
1489 1714 1620 1767 solis
1645 1713 1909 1782 explicata
1939 1713 2104 1768 radiis

2222 525 2398 594 primo
2420 520 2658 592 Juliano,
2693 534 2845 582 ortus
2877 527 3147 581 cosmicus
3172 527 3307 582 'Sirii
3337 526 3511 583 Romae
3537 535 3729 602 contigit

2224 615 2279 670 in
2304 616 2474 686 gradu
2503 612 2701 671 Cancri
2745 618 2835 682 22,
2862 618 2944 672 48'
2975 636 2988 684 ;
3020 617 3148 673 Julii
3177 619 3396 673 circiter
3429 635 3540 685 xvi;
3585 620 3726 677 helia-

2221 725 2318 764 cus
2349 709 2402 763 in
2430 710 2600 780 gradu
2627 705 2828 766 Leonis
2859 711 2910 774 7,
2949 711 3029 766 45'
3055 729 3070 778 ;
3105 711 3334 782 Augusti
3378 710 3484 768 fere
3507 715 3726 772 secundo.

2219 803 2379 856 Anno
2426 803 2644 858 labente
2684 817 2898 857 locxxx
2931 801 3156 868 Christi,
3208 812 3363 858 ortus
3413 807 3657 860 cosmicus
3684 806 3727 861 in

2218 892 2445 962 gradum
2492 891 2689 947 Leonis
2727 892 2779 957 7,
2814 892 2917 960 16’;
2958 892 3212 948 Heliacus
3259 894 3314 946 in
3349 890 3534 948 Leonis
3557 893 3634 960 20,
3664 896 3728 949 30'

2222 982 2475 1043 incurrit,
2516 980 2746 1050 Augusti
2783 981 3003 1036 circiter
3028 982 3115 1039 12.
3161 981 3351 1052 Itaque
3380 983 3725 1038 canicularium

2217 1072 2426 1127 dierum
2459 1072 2673 1126 initium
2706 1073 2774 1126 ab
2802 1081 2926 1126 ortu
2965 1073 3177 1128 heliaco
3207 1072 3434 1128 descivit
3470 1113 3484 1136 ,
3529 1089 3583 1129 ac
3610 1090 3723 1128 sem.

2215 1181 2312 1235 per
2339 1166 2552 1236 longius
2573 1165 2769 1221 deinde
2797 1167 3028 1222 recedet.
3064 1165 3216 1221 Hanc
3246 1166 3576 1237 μετάπτωσιν
3604 1169 3725 1223 orbis

2217 1256 2415 1312 stellati
2445 1257 2642 1326 prisca
2674 1265 2804 1312 aetas
2831 1256 3113 1327 ignorabat
3146 1277 3158 1310 :
3191 1257 3421 1328 ideoque
3461 1257 3726 1328 designatos

2215 1350 2380 1404 semel
2422 1365 2452 1402 a
2485 1350 2785 1418 majoribus
2817 1351 2934 1406 suis
2970 1360 3124 1405 ortus
3153 1366 3490 1420 occasusque
3513 1359 3727 1406 constan-

2215 1449 2296 1496 ter
2325 1442 2616 1508 tenebant;
2648 1459 2713 1497 ac
2746 1454 2860 1497 tum
2906 1442 3146 1502 heliacos
3175 1459 3299 1497 cum
3333 1442 3586 1506 ,cosmicis
3627 1459 3720 1514 pro-

2215 1536 2422 1588 miscue
2471 1535 2777 1600 habebant,
2823 1542 2938 1590 tum
2981 1537 3073 1606 qui
3126 1544 3406 1591 certorum
3442 1543 3586 1589 erant
3606 1533 3727 1590 loco-

2213 1640 2333 1677 rum
2361 1625 2591 1695 proprii,
2624 1625 2774 1679 nullo
2804 1625 3117 1681 discrimine
3165 1627 3234 1681 ad
3291 1626 3425 1681 alios
3465 1640 3727 1680 accommo-

2213 1712 2436 1768 dabant.
2467 1713 2548 1769 Ad
2579 1714 2692 1769 haec
2718 1713 2829 1770 fere
2866 1717 3043 1786 capita
3067 1717 3307 1771 varietas
3336 1716 3509 1769 omnis
3553 1717 3633 1770 illa
3660 1729 3725 1771 re-

543 1808 805 1863 Canicula
837 1803 1137 1876 consurgit.
1171 1803 1242 1858 Ut
1295 1806 1351 1858 in
1394 1805 1585 1859 Rhodo
1638 1815 1759 1874 post
1793 1806 2028 1860 tricenos
2076 1820 2106 1858 a
2137 1798 2180 1851 Β
2209 1802 2350 1858 ferre
2385 1813 2584 1874 potest,
2623 1821 2743 1876 quae
2772 1805 2915 1876 apud
2946 1811 3202 1876 antiquos
3251 1806 3537 1876 scriptores
3565 1805 3652 1861 hoc
3684 1808 3726 1862 in

543 1903 779 1958 solstitio
795 1904 912 1957 dies
932 1901 1141 1966 oritur;
1167 1897 1291 1954 aliis
1326 1899 1378 1952 in
1411 1898 1546 1952 locis
1569 1905 1691 1965 post
1719 1897 2101 1966 quadraginta,

544 1997 671 2050 alibi
711 2003 834 2066 post
885 1992 1299 2063 quinquaginta.
1357 1991 1433 2044 Ex
1475 2007 1583 2061 quo
1633 1997 2100 2059 parapegmatum,

542 2087 741 2164 inquit,
770 2087 984 2140 vacillat
1012 2084 1180 2140 ﬁdes:
1215 2098 1445 2153 quorum
1495 2089 1748 2136 auctores
1790 2082 1842 2134 in
1871 2095 2105 2151 pronum

536 2165 745 2234 tiandi's
789 2194 856 2231 ex
906 2186 1030 2232 ortu
1063 2176 1301 2232 siderum
1335 2183 1388 2230 et
1421 2189 1620 2229 occasu
1666 2173 2106 2244 tempestatibus,

539 2267 1089 2338 ηυδε-»ἐπισημασίας
1143 2273 1358 2328 vocant,
1412 2279 1523 2318 non
1575 2272 1692 2319 arte
1744 2281 1808 2318 ac
1850 2262 2104 2318 methodo

543 2366 714 2422 certa,
746 2358 840 2413 sed
873 2358 1253 2414 observatione
1276 2372 1340 2411 ac
1385 2356 1689 2426 longissimi
1718 2356 1977 2424 temporis
2009 2371 2105 2410 ex-

541 2450 805 2520 perientia
829 2450 1095 2505 nituntur.
1130 2448 1281 2503 Hanc
1309 2447 1520 2503 Gemini
1569 2448 1834 2503 rationem
1868 2448 2102 2516 primum

542 2543 780 2597 nominis
813 2541 986 2612 ipsius
1013 2543 1220 2596 notatio
1252 2540 1554 2596 conﬁrmat.
1588 2536 1796 2610 Quippe
1820 2539 1926 2592 vim
1958 2536 2100 2592 illam

541 2643 926 2704 tempestatum
959 2633 1322 2705 impultricem
1363 2640 1522 2702 atque
1545 2632 1704 2701 ipsos
1740 2630 2102 2686 mutationum

541 2726 764 2782 effectus
784 2725 957 2781 Graeci
984 2725 1082 2790 τὰς
1133 2725 1520 2796 ἐπισημασίας,
1554 2723 1733 2777 Latini
1769 2743 1787 2774 ι
1827 2721 2103 2792 signiﬁca-

540 2817 720 2871 tiones
767 2835 786 2868 ι
833 2817 1138 2882 nominant;
1196 2824 1256 2869 ut
1293 2815 1394 2869 hoc
1438 2814 1770 2884 intelligatur
1818 2811 1871 2866 in
1931 2812 2103 2867 stellis

539 2908 755 2962 illarum
795 2907 997 2961 indicia
1028 2923 1135 2961 non
1182 2923 1378 2962 causas
1419 2907 1573 2960 initio
1595 2907 1925 2960 constitutas
1958 2919 2100 2958 esse.

539 2999 678 3052 Tum
701 2999 879 3054 octavi
899 2999 1069 3064 orbis,
1099 3007 1152 3051 ct
1184 2999 1497 3052 merentium
1538 2997 1592 3050 in
1619 3012 1684 3051 eo
1714 2996 1951 3051 siderum
1976 3011 2103 3065 pro—

523 3093 751 3161 gressio
802 3106 1019 3146 omnem
1075 3105 1137 3143 ex
1167 3090 1447 3143 doctorum
1473 3089 1669 3142 animis
1707 3087 2096 3140 dubitationem

529 3183 784 3236 sustulit.
812 3180 944 3234 Nam
998 3194 1117 3250 qua:
1155 3181 1335 3233 sidera
1365 3180 1526 3234 certis
1556 3187 1711 3232 antea
1755 3178 1878 3232 οωιί
1910 3180 2100 3232 statio-

542 3272 703 3327 nibus
729 3286 794 3326 ac
818 3271 1152 3340 temporibus
1179 3268 1331 3324 aIIixa
1353 3269 1732 3334 credebantur,
1754 3284 1816 3324 ea
1845 3269 2102 3339 paulatim

523 3358 718 3417 locum
769 3363 1030 3416 mutando
1059 3363 1214 3416 ﬁdem
1244 3359 1573 3424 fefellerunt,
1608 3376 1707 3415 nec
1735 3361 1790 3415 in
1822 3377 1916 3416 eas
1940 3361 2104 3416 hodie

523 3459 887 3522 tempestates
929 3452 1194 3516 incidunt,
1235 3451 1434 3522 quibus
1470 3452 1554 3506 vel
1596 3451 1987 3524 signiﬁcandis,
2019 3455 2104 3508 vel

526 3544 940 3601 commovendis
976 3545 1252 3600 attributae
1273 3545 1618 3601 videbantur.

607 3632 920 3692 Caniculam
938 3645 1060 3691 ortu
1089 3653 1190 3691 suo
1205 3637 1423 3691 aestivos
1451 3637 1662 3692 calores
1689 3635 1972 3691 intendere
1992 3651 2102 3690 non

538 3730 714 3784 solum
736 3729 946 3797 antiqui
979 3744 1298 3799 persuasum
1332 3728 1626 3789 habebant,
1661 3727 1755 3784 sed
1793 3729 2102 3782 mortalium

527 3817 699 3875 'hodie
731 3822 973 3875 omnium
1023 3836 1148 3885 usu,
1191 3829 1245 3874 et
1291 3821 1566 3874 communi
1604 3835 1854 3874 sermone
1886 3835 2104 3892 percre-

537 3914 676 3967 buit.
701 3911 837 3966 Cum
885 3919 1064 3966 autem
1108 3912 1308 3984 duplex
1337 3916 1408 3965 sit
1451 3921 1605 3968 ortus
1639 3911 1899 3978 siderum,
1934 3927 2102 3982 appa-

530 4017 688 4071 rens,
722 4005 838 4059 sive
891 4003 1176 4071 heliacus;
1213 4010 1266 4057 et
1289 4019 1470 4064 verus.
1503 4004 1596 4074 qui
1638 4011 1690 4058 et
1723 4002 1995 4058 cosmicus
2021 4002 2104 4056 di-

535 4097 681 4150 citur
711 4113 724 4148 :
762 4102 911 4150 tanta
963 4096 1053 4148 illa
1109 4096 1192 4150 vis
1213 4102 1381 4151 aestus
1423 4097 1676 4166 augendi,
1701 4111 1764 4150 ac
1784 4105 2101 4149 caeterorum

536 4185 964 4250 etliciendorum,
995 4185 1226 4251 heliaco,
1247 4202 1358 4240 non
1386 4187 1627 4241 cosmico
1653 4182 1927 4257 quondam
1957 4185 2101 4240 ortui

536 4280 789 4349 imputari
834 4279 1062 4342 solebat,
1113 4287 1172 4332 ut
1191 4294 1255 4334 ex
1297 4278 1522 4334 Gemino
1552 4279 1713 4348 paulo
1751 4284 1876 4332 ante
1900 4276 2104 4333 refere-

535 4371 730 4426 bamus
758 4387 771 4423 :
802 4371 946 4441 quod
975 4378 1028 4425 et
1053 4374 1349 4440 scriptores
1380 4371 1471 4424 alii
1500 4385 1602 4423 nos
1635 4370 1864 4435 docent;
1901 4368 1993 4438 qui
2033 4382 2100 4421 ex

2212 1897 2428 1966 negotio
2465 1897 2695 1969 insignis
2721 1900 2982 1954 occurrit.

2278 1985 2470 2044 Ortum
2501 1988 2627 2045 Sirii
2647 1992 2892 2061 plerique
2925 1991 2980 2046 in
3007 1990 3060 2046 id
3091 1997 3428 2046 momentum
3464 1988 3721 2052 conferunt,

2205 2095 2315 2150 quo
2353 2079 2435 2135 sol
2471 2080 2705 2136 Leonem
2751 2081 3074 2152 ingreditur.
3119 2080 3388 2146 Quoniam
3424 2095 3548 2135 vero
3578 2081 3722 2135 solsti-

2205 2173 2278 2224 tia
2294 2179 2346 2226 et
2365 2171 2688 2241 azquinoctia
2715 2173 2770 2226 in
2792 2174 2997 2228 octavis
3018 2174 3284 2228 committi
3300 2173 3570 2244 signorum
3591 2171 3723 2242 parti-

2200 2260 2308 2317 bus
2361 2264 2599 2334 vulgaris
2629 2273 2746 2318 erat
2787 2266 2993 2336 opinio,
3034 2265 3162 2321 hinc
3197 2265 3420 2320 totidem
3455 2274 3572 2318 ante
3596 2279 3719 2319 veros

2207 2355 2488 2425 ingressus
2528 2355 2722 2412 diebus
2771 2358 2924 2411 initia
2992 2357 3551 2412 dodecatemoriorum
3602 2363 3722 2410 ante-

2205 2455 2504 2501 verterunt.
2539 2445 2846 2501 Solstitium
2879 2447 3008 2502 Julii
3041 2447 3278 2504 Caesaris
3306 2447 3454 2502 Junii
3482 2454 3654 2517 quarto
3678 2455 3718 2501 et

2205 2537 2467 2593 vicesimo
2487 2539 2575 2594 die
2601 2538 2834 2594 deﬁxum
2869 2549 3004 2594 erat.
3028 2538 3198 2610 Igitur
3222 2557 3292 2594 xv
3324 2537 3579 2594 Kalendas
3603 2533 3719 2600 Julii,

2205 2633 2318 2687 sive
2346 2625 2492 2686 Junii
2536 2647 2669 2698 xvii,
2701 2633 2754 2687 in
2785 2633 3054 2686 Cancrum
3089 2632 3171 2687 sol
3217 2633 3429 2703 ingredi
3461 2632 3717 2701 putabatur.

2206 2725 2262 2778 In
2287 2723 2523 2781 Leonem
2560 2741 2688 2780 vero
2713 2734 2839 2796 post
2870 2741 3033 2780 unum
3066 2733 3120 2780 et
3150 2726 3378 2795 triginta
3404 2724 3536 2788 dies,
3559 2740 3616 2776 xv
3639 2717 3719 2775 lia-

2206 2816 2394 2871 lendas
2452 2815 2703 2886 Augusti.
2769 2815 2979 2870 Plinius
3028 2816 3168 2869 libro
3214 2815 3278 2880 II,
3336 2816 3509 2885 capite
3555 2811 3715 2871 XLVII.

2212 2925 2229 2955 ι
2261 2904 2662 2959 Ardentissimo
2703 2906 2910 2961 mstatis
2951 2915 3193 2974 tempore
3218 2907 3464 2962 exoritur
3498 2904 3717 2959 Canicula:

2207 2998 2382 3061 sidus,
2411 2997 2526 3052 sole
2554 2998 2782 3067 primam
2815 3005 3018 3068 partem
3045 2998 3246 3054 Leonis
3275 3000 3623 3070 ingrediente:
3646 2996 3713 3064 qui

2207 3088 2324 3140 dies
2379 3103 2448 3141 xv
2478 3095 2602 3141 ante
2640 3088 2870 3156 Augusti
2930 3087 3222 3144 Kalendas.
3260 3105 3281 3140 ι
3337 3087 3501 3142 Libro
3548 3097 3711 3155 quoque

2207 3175 2345 3229 XVII
2366 3217 2381 3240 ,
2430 3177 2605 3246 capite
2636 3172 2866 3240 XXVIII,
2899 3185 3020 3247 post
3045 3179 3340 3233 solstitium
3374 3178 3503 3232 oriri
3528 3177 3711 3232 Canicu-

2205 3267 2309 3320 lam
2345 3269 2421 3322 ait
2462 3269 2550 3322 die
2583 3284 2737 3323 xxut.
2794 3267 2850 3323 Si
2891 3285 2987 3324 vtn
3032 3269 3306 3324 Kalendas
3337 3267 3465 3323 Julii
3497 3270 3549 3323 ﬁt
3577 3265 3715 3323 solsti-

2204 3361 2362 3428 tium,
2400 3360 2677 3433 ingressus
2700 3363 2755 3415 in
2801 3362 3067 3417 Cancrum
3099 3380 3184 3417 xvi
3232 3363 3501 3419 Kalendas
3543 3359 3713 3419 accidit,

2204 3454 2297 3524 qui
2328 3461 2412 3509 est
2431 3451 2558 3507 Julii
2585 3470 2695 3508 xvn
2725 3450 2861 3508 dies.
2896 3453 3066 3507 Varro
3091 3455 3232 3509 libro
3257 3454 3300 3520 I,
3335 3456 3506 3526 capite
3526 3446 3712 3508 XXVIII.

2207 3559 2235 3597 a
2272 3544 2508 3598 solstitio
2525 3543 2590 3597 ad
2613 3551 2859 3598 exortum
2882 3542 3153 3598 Canicula:
3177 3545 3300 3600 dies
3329 3551 3564 3599 numerat
3588 3553 3714 3601 xm;

2203 3632 2502 3688 Columella
2554 3634 2692 3688 libro
2723 3628 2813 3698 IX,
2844 3635 3020 3704 capite
3049 3623 3187 3700 XIV,
3215 3638 3336 3692 dies
3369 3652 3503 3702 xxx;
3552 3633 3646 3698 alii,
3671 3640 3713 3684 ut

2203 3725 2476 3783 Palladius
2509 3729 2647 3782 libro
2675 3727 2781 3795 VII,
2809 3729 2891 3782 tit.
2921 3727 3011 3795 IX,
3033 3728 3353 3794 Caniculam
3382 3746 3470 3784 xrv
3494 3726 3714 3783 Kalendas

2204 3821 2430 3889 Augusti
2455 3821 2586 3874 oriri
2611 3821 2868 3874 tradunt:
2893 3822 2985 3890 qui
3009 3829 3092 3876 est
3116 3837 3211 3874 xix
3243 3819 3375 3875 Julii
3404 3821 3516 3876 dies
3545 3837 3557 3872 :
3589 3831 3712 3887 quem

2201 3919 2254 3966 et
2281 3909 2600 3967 Ptolemaeus
2629 3911 2814 3967 Grazce
2839 3927 2869 3966 a
2900 3912 3058 3967 nobis
3091 3912 3273 3967 editus
3317 3913 3456 3967 inter
3490 3911 3610 3964 alios
3629 3922 3713 3960 me-

2204 4011 2402 4056 morat.
2425 4001 2558 4056 Nam
2595 4011 2650 4058 et
2681 4002 2874 4073 Epiphi
2909 4020 3022 4065 xxx,
3067 4004 3117 4056 id
3147 4011 3232 4056 est
3267 4001 3398 4056 Julii
3422 4016 3508 4064 xv,
3535 4005 3583 4054 et
3619 3994 3705 4064 Epi-

2205 4091 2295 4159 plti
2346 4108 2468 4155 xxv,
2508 4094 2600 4163 qui
2624 4100 2706 4148 cst
2733 4092 2862 4146 Julii
2895 4109 3008 4158 nx,
3035 4101 3089 4147 et
3114 4092 3307 4163 Epiphi
3336 4108 3498 4154 xxvii,
3521 4087 3629 4142 Julii
3645 4099 3712 4139 ut

2203 4183 2356 4252 ponit
2392 4195 2570 4238 ortum
2595 4183 2870 4238 Caniculae
2895 4203 2907 4238 :
2937 4199 3044 4254 quo
3077 4184 3164 4238 die
3185 4185 3518 4240 Censorinus
3543 4189 3714 4250 quoque

2204 4271 2261 4326 in
2290 4269 2525 4344 Egypto
2565 4274 2698 4328 oriri
2728 4273 2916 4329 scribit
2937 4289 3060 4345 cap.
3094 4273 3233 4328 XXI.

2273 4365 2350 4419 Ac
2402 4367 2576 4435 major
2601 4381 2747 4438 pars,
2796 4375 2854 4420 ut
2902 4367 3038 4430 dixi,
3071 4365 3352 4431 Veterum,
3394 4365 3484 4436 qui
3513 4373 3619 4434 post
3643 4374 3714 4413 an-

537 4463 763 4518 orientis
811 4462 1086 4518 Caniculae
1127 4469 1417 4532 prospectu
1489 4460 1793 4514 futurorum
1840 4460 2098 4531 pra=sagia
2132 4467 2176 4522 ο
2203 4456 2618 4513 numJulianum
2635 4463 2912 4516 conditum
2935 4453 3715 4530 scripserunt,ortumCanicule

536 4555 642 4622 peti
678 4555 836 4609 solita
856 4555 1250 4609 demonstrant.
1286 4551 1375 4606 Sic
1402 4547 1666 4606 Homerus
1696 4548 1859 4606 Iliad.
1892 4567 1946 4616 x,
1976 4548 2103 4606 Sirii

537 4645 855 4701 describens
884 4656 1061 4700 ortum
1095 4663 1110 4700 :

538 4782 646 4845 Ὅς
658 4782 739 4847 ῥά
766 4781 814 4833 τ’
842 4780 1072 4846 ὀπώρης
1099 4775 1256 4832 εἶσιν
1273 4796 1286 4808 ο
1313 4777 1576 4847 ἀρίζηλοι
1609 4777 1676 4831 δὲ
1701 4781 1756 4832 οἱ
1779 4778 1953 4848 αὐγαὶ

538 4846 849 4903 Φαίὸροντίιι
871 4850 1152 4903 πολλοῖσι
1169 4849 1294 4917 μετ’
1310 4846 1569 4916 ἇοντρασι
1595 4848 1812 4914 νυκτὸς
1836 4846 2096 4918 ἀμολγῷ·

537 4922 650 4972 "nr
670 4939 730 4973 τε
752 4922 878 4972 κύν’
928 4921 1206 4988 Ὠρίωνος
1229 4919 1550 4986 ἐπίκλησιν
1579 4919 1904 4972 καλέουσιν
1929 4937 1941 4950 ⁸

535 4992 954 5059 Λαμπρότατος
986 4987 1115 5058 ίμὲν
1151 4987 1235 5041 ὅδ’
1283 4989 1432 5054 ἐστὶ,
1492 4989 1680 5043 κακὸν
1741 4988 1807 5129 δεῖ
1840 5002 1904 5112 ἒξ
1937 4987 2103 5057 σῆμα

1811 5076 1840 5112 τ
1907 5077 2098 5113 warm.

1811 5076 1982 5113 τετυκ
1989 5077 2098 5113 ται.

613 5191 891 5247 IIeliacum
931 5201 1111 5246 ortum
1143 5191 1417 5262 intelligit,
1463 5206 1555 5261 qui
1594 5197 1781 5245 testate
1815 5191 2100 5247 desinente

537 5281 614 5343 ﬁt,
645 5298 806 5352 quam
835 5282 1054 5354 ὀπώραν
1086 5291 1265 5344 vocat,
1297 5292 1537 5336 extrema
1588 5291 1747 5336 nocte
1767 5323 1779 5346 ,
1837 5293 1897 5337 ut
1951 5291 2100 5337 recte

537 5369 858 5428 Eustathius
889 5375 1130 5443 exponit.
1192 5373 1514 5443 Quanquam
1567 5373 1714 5427 Theo
1766 5372 1834 5426 ad
1874 5375 2098 5428 Aratum

537 5463 782 5532 ingentes
819 5464 942 5517 illos
987 5474 1152 5518 aistus
1203 5464 1345 5517 ortui
1385 5463 1625 5518 cosmico
1669 5463 1885 5518 videtur
1924 5466 2098 5520 ascri-

538 5553 682 5605 Iit-re.
735 5555 896 5624 Atqui
958 5555 1198 5623 longiore
1256 5556 1512 5624 deinceps
1555 5569 1823 5608 annorum
1882 5557 2098 5611 evoluto

542 5647 735 5710 spatio,
773 5654 1058 5716 postquam
1093 5649 1244 5701 sidus
1287 5647 1414 5699 illud
1451 5648 1529 5708 εἰς
1575 5648 1643 5700 τὰ
1693 5646 1929 5716 ἑπόμενα
1973 5664 2096 5716 pro-

537 5734 871 5792 gressionem
908 5737 1118 5797 habuit.
1149 5737 2002 5821 siccandam-iaomnis‘utanifeste
2028 5741 2095 5794 ab

2207 4547 2381 4616 primo
2399 4549 2451 4603 in
2463 4545 2698 4606 Leonem
2722 4552 2990 4623 ingressui
3007 4552 3140 4606 solis
3159 4551 3458 4622 assignant;
3483 4559 3536 4601 ut
3561 4545 3711 4603 Varro,

2207 4646 2264 4692 ut
2283 4636 2602 4706 Columella,
2621 4650 2678 4695 ut
2701 4637 3000 4705 Palladius,
3018 4647 3076 4693 ut
3095 4638 3365 4699 Manilius,
3383 4645 3440 4690 ut
3468 4635 3711 4690 Firmicus.

2205 4743 2268 4782 ac
2302 4731 2484 4786 caateri
2527 4751 2541 4786 :
2587 4734 2681 4803 qui
2728 4732 2885 4802 quasi
2930 4747 3026 4801 per
3062 4746 3257 4785 manus
3306 4729 3553 4783 traditam
3605 4726 3711 4778 hanc

2203 4821 2516 4891 opinionem
2543 4825 2776 4894 posteris
2809 4823 3170 4880 tradiderunt.
3201 4821 3258 4876 In
3287 4837 3396 4892 quo
3438 4819 3712 4874 recentiores

2202 4916 2403 4986 quique
2444 4917 2734 4988 plurimum
2771 4919 2891 4976 falsi
2919 4927 3065 4976 sunt.
3119 4917 3252 4972 Nam
3285 4931 3457 4986 neque
3490 4911 3605 4967 Julii
3639 4919 3712 4961 ste-

2203 5007 2350 5072 culo,
2405 5022 2580 5078 neque
2619 5006 3002 5075 Constantini;
3041 5024 3148 5078 quo
3183 5006 3470 5069 Firmicus,
3503 5018 3560 5056 ac
3588 4997 3712 5068 Ρ³¹¹ἶ⁰

2201 5109 2341 5168 post,
2379 5108 2439 5154 ut
2479 5101 2840 5171 quorumdam
2885 5111 2966 5157 est
2993 5101 3198 5169 opinio,
3233 5098 3481 5154 Manilius
3525 5087 3707 5146 ﬂoruit;

2200 5195 2353 5244 ortus
2382 5190 2624 5244 heliacus
2658 5189 2807 5254 Sirii,
2837 5193 2904 5248 de
2930 5205 3038 5259 quo
3066 5190 3154 5244 isti
3205 5190 3515 5256 loquuntur,
3549 5183 3594 5232 in
3629 5174 3709 5244 pri-

2201 5298 2342 5335 mam
2390 5291 2596 5353 partem
2628 5284 2846 5339 -Leonis
2900 5281 3081 5337 Romae
3112 5283 3320 5338 incidit.
3371 5277 3566 5332 Etenim
3602 5280 3708 5321 anno

2201 5373 2376 5441 primo
2406 5373 2622 5429 Juliano
2676 5377 2910 5430 cosmicc
2962 5374 3240 5428 oriebatur
3277 5368 3529 5426 Canicula
3567 5362 3708 5413 Itoni:

2200 5479 2322 5517 cum
2360 5464 2532 5534 gradu
2567 5465 2762 5520 Cancri
2791 5465 2882 5529 22,
2911 5465 3030 5530 48⁷,
3062 5466 3265 5519 heliace
3287 5477 3409 5516 cum
3441 5454 3593 5529 gradu
3615 5449 3707 5501 Leo-

2201 5555 2286 5609 nis
2309 5552 2362 5619 7,
2398 5553 2511 5610 43'.
2539 5557 2609 5608 At
2659 5556 2712 5608 in
2745 5555 2936 5610 Rhodo
2980 5555 3168 5610 eodem
3191 5552 3392 5609 sacculo
3419 5557 3563 5605 ortus
3595 5540 3704 5608 ejus-

2198 5648 2319 5700 dem
2363 5647 2638 5701 cosmicus
2677 5647 2731 5700 in
2779 5646 2975 5700 Cancri
3020 5646 3244 5716 gradum
3296 5643 3381 5705 I6,
3413 5640 3537 5702 48';
3566 5627 3703 5686 Helia-

2200 5755 2305 5824 (διιεῖ⁷
2338 5740 2392 5794 in
2424 5739 2620 5796 Leonis
2653 5739 2954 5830 t‘cadebat.
2987 5738 3143 5807 Quod
3172 5739 3280 5793 illic
3309 5743 3461 5791 aetate
3483 5743 3572 5785 sua
3601 5733 3701 5775 con-
