3948 6264
521 293 655 349 1591

1532 292 1622 346 ΑΙ)
1663 292 1937 347 EUSEBII
1958 291 2360 349 CIIRONICON
2392 293 2755 349 APPENDI'X.

3564 299 3675 355 Π)θῖ

518 411 682 467 Plinii
720 409 906 472 verba,
942 411 1069 481 quia
1094 410 1356 466 mendosa
1391 419 1539 475 sunt,
1572 412 1875 483 castigandi
1912 429 2076 468 causa
2107 419 2150 474 Α
2216 433 2234 464 ‹
2275 413 2381 469 Per
2440 414 2571 469 illud
2650 422 2865 485 tempus
2938 413 3116 469 solum
3201 427 3399 469 summa
3444 386 3672 484 spicarum

522 503 855 558 referemus.
913 501 1112 558 Narrat
1166 502 1418 557 instituta
1462 501 1747 573 Robigalia
1797 519 1850 560 a.
1903 505 1957 559 d.
2009 522 2084 561 vn

523 593 752 650 Kalend.
799 593 924 650 Mai.
976 613 989 649 :
1050 612 1069 645 ι
1111 592 1267 660 Quod
1320 602 1446 665 post
1483 596 1600 650 dies
1644 596 1981 667 undeviginti
2016 597 2085 650 ab

522 685 852 755 aquinoctio
892 700 1089 749 verno,
1135 699 1232 755 per
1280 684 1334 738 id
1383 686 1734 755 quatriduum
1786 688 1934 740 varia
1963 702 2088 756 gen-

526 778 659 832 tium
681 777 1063 834 observatione
1091 779 1147 831 in
1173 794 1226 832 ιν
1249 776 1482 833 Kalend.
1517 777 1644 833 Maii
1669 778 1833 834 Canis
1861 779 2081 845 occidit,

527 870 683 925 sidus
715 880 770 924 et
798 885 895 939 per
926 884 986 925 se
1012 868 1326 930 vehemens,
1362 877 1415 923 et
1458 869 1546 924 cui
1579 870 1941 940 praoccitlere
1981 869 2082 924 Ca-

525 961 765 1015 niculam
811 975 1037 1016 necesse
1063 961 1166 1016 sit.
1202 978 1222 1011 i
1269 960 1313 1013 A
1355 976 1431 1014 vu
1491 960 1763 1017 Kalendas
1799 961 1971 1016 Maias
2017 960 2083 1014 ad

527 1066 579 1106 Iv
611 1059 782 1106 totum
805 1051 907 1107 hoc
927 1052 1274 1122 quatriduum
1302 1051 1550 1123 frugibus
1576 1053 1939 1107 decretorium
1965 1068 2086 1108 esse

524 1144 697 1200 dicit:
721 1152 775 1199 et
799 1145 868 1199 ab
896 1138 1223 1214 aequinoctio
1253 1159 1421 1200 verno
1444 1144 1560 1201 dies
1590 1152 1839 1199 numerat
1861 1143 2086 1199 undevi-

523 1238 679 1308 giuti.
695 1236 1102 1307 Equinoctium
1121 1252 1345 1291 vernum
1364 1235 1580 1291 aPlinio
1602 1237 1882 1294 confertur
1908 1239 1962 1292 in
1989 1253 2083 1291 vm

514 1327 695 1398 April,
711 1326 992 1387 Kalendas.
1014 1343 1044 1379 a
1062 1342 1169 1396 quo
1189 1328 1464 1383 secundus
1478 1336 1531 1382 et
1545 1329 1853 1385 tricesimus
1868 1328 1982 1384 dies
2003 1336 2086 1385 est

521 1436 576 1474 vi
603 1418 869 1473 Kalendas
900 1417 1087 1474 Maias.
1125 1417 1435 1488 Legendum
1472 1419 1656 1490 itaque
1690 1422 1881 1476 fuerit:
1914 1440 1933 1472 ι
1963 1429 2085 1491 post

520 1511 641 1566 dies
690 1526 856 1565 unum
887 1519 942 1566 et
974 1511 1218 1580 triginta.
1253 1531 1271 1563 ι
1320 1510 1465 1567 Idem
1500 1511 1712 1567 Plinius
1737 1530 1804 1568 ex
1841 1511 2086 1569 Varrone

518 1601 689 1658 refert
734 1617 989 1658 occasum
1024 1601 1298 1657 Canicula
1349 1602 1405 1657 in
1457 1602 1724 1658 decimam
1768 1602 1931 1659 Tauri
1961 1620 2086 1675 par-

510 1702 651 1750 tem.
689 1692 844 1760 Quod
897 1694 1045 1749 illius
1110 1695 1294 1749 saculi
1351 1694 1594 1765 opinioni
1649 1686 1920 1767 congruit,
1963 1713 2085 1768 qua

2186 507 2363 575 capita
2434 513 2781 577 gravantur;
2830 512 2884 559 et
2965 518 3076 574 pra
3144 503 3414 574 frugibus,
3466 522 3524 561 ac
3584 523 3675 565 me-

2185 599 2332 653 tendi
2366 598 2680 653 maturitate
2727 598 3099 663 inclinantur;
3146 604 3392 667 tanquam
3432 598 3492 652 ad
3517 613 3568 653 se
3595 600 3674 655 fal-

2183 705 2300 744 cem
2346 690 2595 745 invitent.
2624 708 2663 747 ,ι
2706 688 2831 760 Agit
2885 696 3062 743 autem
3097 686 3163 743 de
3207 686 3433 742 Sabbato
3467 689 3673 745 deutero-

2183 788 2378 850 proto;
2411 778 2556 849 quod
2607 794 2730 835 esse
2770 778 2910 833 idem
2936 775 3213 832 existimat
3241 790 3302 829 ac
3330 774 3538 844 primam
3577 791 3674 849 azy-

2184 886 2397 925 morum
2435 869 2600 925 diem.
2639 868 2821 935 Quane
2848 884 2915 923 ex
2951 867 3071 937 ejus
3098 866 3413 922 auctoritate
3439 866 3605 937 liquet,
3633 868 3675 923 in

2185 960 2442 1033 Egypto,
2490 970 2577 1025 et,
2632 961 2782 1033 quod
2844 968 2953 1015 tam
3021 961 3201 1030 reipsa
3250 972 3562 1029 consequens
3594 972 3675 1026 est,

2185 1070 2346 1126 quam
2375 1055 2445 1110 ab
2490 1054 2677 1111 eodem
2720 1054 3098 1119 concluditur;
3126 1053 3307 1112 .etiam
3340 1053 3392 1106 in
3420 1052 3676 1120 Palastina,

2184 1155 2428 1202 maturas
2455 1162 2553 1218 per
2580 1147 2722 1202 idem
2769 1153 2982 1216 tempus
3011 1151 3221 1215 segetes
3251 1144 3315 1197 ad
3339 1159 3546 1198 messem
3572 1145 3676 1199 fuis-

2184 1251 2261 1291 se.
2318 1234 2457 1291 Sunt
2511 1237 2656 1291 enim
2702 1236 2866 1291 ambo
2906 1235 2984 1289 illi
3033 1242 3244 1290 tractus
3283 1234 3383 1290 sub
3405 1235 3569 1289 eadem
3594 1237 3678 1306 poli

2184 1331 2473 1384 altitudine
2501 1330 2616 1387 siti.

2253 1419 2377 1474 Hac
2396 1435 2520 1474 cum
2539 1420 2593 1474 in
2611 1417 3190 1474 Animadversionibus
3209 1414 3571 1486 Epiphanianis
3584 1428 3680 1473 ante

2176 1508 2391 1580 eliquot
2443 1525 2617 1566 annos
2668 1511 3041 1565 observasscm
3098 1508 3202 1580 (Ad
3270 1508 3410 1561 har.
3457 1507 3598 1573 XXX,
3635 1525 3679 1565 ιι.

2181 1600 2397 1672 XXXI),
2426 1604 2540 1656 visa
2572 1618 2682 1658 non
2718 1603 2920 1658 nemini
2960 1600 3199 1657 absurda
3245 1615 3330 1656 res
3358 1607 3437 1655 est
3457 1642 3470 1665 ,
3495 1601 3574 1670 qui
3601 1601 3681 1656 fal-

2183 1708 2300 1748 sam
2329 1694 2639 1766 Opinionem
2664 1710 2786 1751 esse
2807 1703 3050 1750 nostram
3082 1695 3294 1763 putavit
3324 1709 3476 1763 super
3490 1691 3682 1749 Sabbato

517 1787 828 1858 ingressum
866 1787 921 1850 iu
944 1786 1380 1843 dodecatemoria
1414 1798 1609 1843 octavo
1657 1797 1783 1846 ante
1824 1791 2082 1847 cardines
2115 1787 2161 1847 Β
2184 1787 2586 1857 deuteroproto.
2636 1786 2791 1854 Quod
2822 1802 2947 1842 cum
2978 1786 3257 1857 Scaligero
3282 1786 3409 1841 illud
3443 1802 3551 1842 esse
3575 1784 3683 1843 Sab-

508 1879 610 1934 die
639 1880 1079 1950 reprasentabat.
1114 1877 1186 1933 Ut
1224 1880 1389 1948 igitur
1410 1882 1464 1934 in
1501 1880 1740 1935 Taurum
1772 1882 1963 1939 subeat
1997 1885 2079 1937 sol

518 1989 616 2028 xm
644 1972 913 2028 Kalendas
945 1971 1134 2037 Maias,
1185 1973 1397 2027 decima
1445 1989 1572 2044 pars
1623 1975 1744 2045 ejus
1797 1977 1851 2031 in
1888 1994 1941 2032 tv
1974 1977 2081 2032 Ka-

506 2065 711 2121 lendas
740 2066 944 2120 incidet
977 2080 994 2119 :
1026 2081 1135 2134 quo
1171 2065 1258 2121 die
1296 2064 1622 2125 Ptolemaus
1668 2067 1856 2125 Grace
1899 2083 1929 2123 a
1980 2086 2082 2125 no-

518 2158 604 2214 bis
636 2158 883 2226 vulgatus
922 2172 1180 2212 occasum
1211 2157 1377 2213 Canis
1404 2158 1704 2216 adnotavit.
1737 2160 1959 2216 Tabula
1991 2177 2082 2216 no-

519 2256 648 2302 stra
696 2247 965 2302 heliacum
1003 2261 1259 2303 occasum
1318 2248 1446 2304 Sirii
1495 2250 1730 2305 reddunt
1782 2250 1973 2308 Roma
2026 2253 2081 2308 in

517 2342 686 2412 gradu
711 2339 874 2394 Tauri
918 2340 974 2406 5,
1007 2340 1069 2395 31
1085 2346 1120 2396 '.
1161 2339 1334 2407 Quem
1368 2341 1449 2396 sol
1500 2342 1683 2397 adibat
1721 2340 1852 2398 Julii
1898 2345 2082 2400 Casa-

517 2434 597 2488 ris
631 2440 794 2487 atate
824 2431 987 2486 tertio
1038 2431 1259 2486 circiter
1306 2430 1581 2488 Kalendas
1620 2432 1811 2488 Maias.
1871 2433 2082 2492 Plinius

508 2524 771 2595 vero,qui
800 2539 874 2578 vn
902 2522 1171 2579 Kalendas
1211 2523 1511 2593 adnotavit,
1540 2541 1608 2581 ex
1643 2526 2082 2592 ὲπικαταδύσεως

504 2617 845 2688 φαινομένης
896 2616 1107 2671 ratione
1160 2616 1445 2670 conciliari
1483 2624 1682 2686 potest.
1740 2617 1874 2672 Nam
1937 2621 2083 2676 illius

506 2707 725 2762 laxiora
747 2708 922 2763 solent
945 2722 1067 2762 esse
1090 2707 1282 2778 spatia,
1300 2716 1359 2763 ut
1378 2721 1543 2780 supra
1565 2708 2078 2768 demonstravimus.

500 2797 778 2855 ‘Geminus
825 2798 902 2852 ait
945 2797 1146 2853 Canem
1185 2799 1510 2855 Euctemoni
1561 2799 1617 2854 in
1657 2803 1884 2856 secundi
1915 2800 2113 2857 Tauri‘

506 2897 692 2961 parte,
745 2889 970 2945 Eudoxo
1003 2890 1061 2944 in
1093 2899 1284 2961 quarta
1313 2891 1499 2946 celari.

1095 3001 1324 3058 CAPUT
1375 3002 1489 3059 XII.

510 3116 592 3171 “De
619 3126 845 3187 tempore
864 3117 1048 3187 messis
1070 3118 1123 3171 in
1152 3115 1380 3187 Egyplo
1410 3127 1459 3171 et
1486 3117 1780 3173 Palwstina
1816 3134 1882 3172 ex
1926 3134 2078 3171 occa-

585 3185 729 3242 sione
748 3197 892 3241 ortus
918 3185 1197 3257 Pleiadum
1219 3185 1238 3250 ;
1265 3185 1330 3240 ac
1356 3186 1420 3241 de
1433 3187 1662 3242 Sabbato
1687 3189 2077 3257 deuteroproto,‘

584 3257 737 3325 cujus
788 3257 928 3310 ratio
982 3257 1038 3309 in
1095 3255 1476 3325 Epiphanianis
1525 3255 2078 3313 Animadversionibus

574 3327 785 3382 ’tradita
830 3326 1162 3398 defenditur,
1207 3336 1490 3398 contraque
1530 3345 1671 3398 eam
1717 3329 1921 3398 objecta
1969 3330 2079 3383 sol-

582 3407 794 3452 uuntur.
838 3396 1049 3451 Primus
1098 3398 1291 3450 mensis
1336 3396 1413 3451 ab'
1439 3397 1674 3453 Hebrmis
1705 3396 1785 3452 ad‘
1826 3415 2080 3453 novarum

574 3469 795 3540 frugum
822 3476 1021 3540 tempus
1049 3466 1499 3540 accommodatus.
1538 3466 1828 3540 aturt'tas
1865 3469 2079 3540 frugum

482 3598 491 3608 .
576 3539 793 3605 duplex.
827 3536 1003 3590 Marci
1045 3537 1378 3608 evangelista:
1410 3537 1555 3592 locus
1584 3536 1949 3596 illustratur.‘

583 3647 777 3702 Mirum
812 3647 1163 3718 quibusdam,
1193 3663 1295 3703 nec
1330 3650 1467 3705 satis
1491 3647 1752 3705 credibile
1773 3653 1947 3705 visum
1973 3660 2078 3716 est,

512 3739 657 3811 quod
682 3754 748 3794 ex
783 3738 1006 3807 Hesiodi
1057 3746 1113 3793 et
1148 3736 1382 3794 aliorum
1427 3739 1783 3810 antiquorum
1817 3741 2081 3796 testiﬁca-

514 3832 659 3885 tione
705 3838 941 3893 constat,
979 3830 1083 3886 sub
1110 3842 1359 3885 exortum
1390 3830 1754 3902 Vergiliarum
1786 3836 2076 3904 tempesti-

513 3936 633 3975 vam
666 3921 721 3975 in
747 3919 955 3977 Gracia
996 3936 1230 3991 messem
1270 3921 1462 3978 fuisse.
1496 3922 1633 3978 Nam
1672 3920 1887 3979 illarum
1926 3934 2079 3983 ortus

511 4013 759 4069 Ileliaeus
809 4015 865 4068 in
895 4028 1040 4068 anno
1076 4011 1296 4069 Iuliano
1324 4015 1501 4085 primo
1553 4015 1741 4072 Roma
1788 4017 1968 4075 factus
1995 4026 2076 4075 es’

511 4104 799 4161 Tauronos
838 4118 1031 4173 xxvm,
1057 4107 1152 4177 qui
1188 4107 1242 4160 in
1274 4107 1397 4161 Maii
1428 4123 1519 4162 ιιι
1550 4109 1695 4164 diem
1727 4110 1990 4177 cadebat;
2023 4112 2078 4166 in

513 4196 748 4270 Egypto
778 4213 931 4261 vero,
962 4195 1254 4254 Tauronos
1285 4214 1400 4264 xxi,
1439 4198 1567 4255 Maii
1610 4216 1722 4257 xiv.
1763 4202 1835 4256 At
1857 4200 2080 4259 Hesiodi

511 4297 754 4358 tempore
796 4290 1064 4345 maturius
1118 4291 1297 4344 adhuc
1348 4298 1505 4346 ortus
1543 4291 1633 4347 ille
1666 4291 1849 4348 fiebat.
1885 4292 1991 4349 Sed
2023 4301 2081 4347 ut

511 4380 580 4435 de
611 4379 820 4435 Graecia
852 4380 1034 4444 modo,
1064 4388 1119 4435 et
1151 4380 1305 4436 Italia
1338 4383 1476 4437 nihil
1497 4383 1675 4439 dicam
1699 4424 1716 4450 ,
1760 4385 1817 4439 in
1844 4384 2079 4457 Egypto

512 4488 645 4529 sane
696 4488 761 4528 ac
806 4472 1094 4530 Palastina
1126 4474 1287 4544 longe
1339 4483 1466 4531 ante
1504 4475 1779 4530 heliacum
1811 4474 2072 4546 Vergilia-
2104 4477 2157 4539 Β

512 4579 633 4620 rum
663 4570 911 4619 exortum
963 4579 1198 4619 messem
1246 4564 1694 4635 auspicabantur.
1748 4564 1884 4620 Nam
1927 4566 2070 4622 Tbet

514 4654 571 4710 in
595 4654 1002 4710 commentariis
1027 4652 1095 4709 ad
1119 4655 1342 4709 Aratum
1369 4656 1524 4711 testis
1543 4664 1648 4721 est,
1675 4656 1882 4713 mensis
1907 4656 2052 4713 Phar

512 4744 686 4801 muthi
714 4760 822 4799 xxv
862 4743 972 4808 die,
1011 4745 1105 4814 qui
1136 4743 1340 4814 Aprilis
1382 4760 1456 4799 xx
1488 4746 1809 4816 respondet,
1845 4748 2073 4803 orienti-

514 4836 616 4890 bus
641 4833 895 4904 Vergiliis
920 4834 1116 4889 messis
1137 4835 1194 4888 in
1226 4833 1461 4906 Egypto
1485 4842 1702 4907 tempus
1731 4852 1872 4894 esse.
1905 4836 1982 4911 Et
2010 4839 2080 4894 de

513 4929 755 4983 cosmico
776 4943 873 4983 seu
901 4943 1051 4994 vero,
1077 4944 1188 4983 non
1229 4930 1439 4985 heliaco
1465 4939 1661 4987 exortu
1693 4932 1958 5003 loquitur,
1982 4934 2073 5003 qui

512 5017 752 5074 Theonis
797 5021 999 5075 saculo
1046 5020 1194 5076 circa
1228 5022 1363 5079 illud
1409 5031 1623 5094 tempus
1651 5025 1870 5080 accidit.
1921 5025 2073 5092 Quod

513 5127 578 5166 ne
626 5111 752 5182 quis
805 5128 1003 5170 vanum
1044 5115 1338 5179 existimet,
1370 5115 1687 5187 Egyptium
1723 5119 1952 5173 alterum
1997 5120 2062 5174 ci-

512 5203 640 5257 tabo
696 5203 877 5273 priore
931 5202 1025 5258 iIlo
1083 5206 1257 5277 magis
1322 5208 1486 5262 etiam
1529 5208 1787 5264 idoneum
1837 5216 2072 5277 testem;

511 5288 854 5351 S.Isidorum
881 5283 1353 5365 Pelusiotam,qui
1385 5296 1482 5352 lib.
1514 5296 1602 5361 Ill,
1633 5299 1791 5369 epist.
1814 5300 1915 5355 110
1939 5302 2077 5355 scri-

513 5379 592 5475 bit
624 5381 728 5437 sub
746 5382 811 5475 .id
840 5391 1077 5454 tempus,
1110 5400 1223 5475 quo
1248 5386 1421 5442 Judai
1456 5387 1665 5445 Pascha
1698 5392 2072 5456 celebrabant,

513 5466 694 5552 spicas
739 5466 853 5536 jam
885 5478 1131 5525 maturas
1159 5473 1227 5526 ad
1248 5489 1480 5530 messem
1505 5478 1699 5533 videri.
1760 5481 1847 5533 Ἐν
1881 5482 2076 5552 ἐκείνῳ

512 5551 619 5615 γὰρ
652 5554 732 5624 τῷ
761 5559 938 5628 καιρῷ
963 5561 1108 5630 μόνῳ
1148 5563 1554 5635 καρηϐαροῦσιν
1577 5568 1627 5619 οἱ
1661 5568 1948 5638 ἀστάχυες,
1980 5551 2071 5623 nat

513 5644 786 5697 κέκλινται
815 5649 919 5701 ὑπὸ
964 5651 1057 5702 τοῦ
1105 5653 1338 5721 καρποῦ,
1379 5657 1470 5707 καὶ
1509 5656 1608 5725 τῆς
1674 5658 1808 5728 πρὸς
1867 5659 2070 5730 ἄμητοιν

513 5733 679 5805 ὧρας,
719 5736 878 5789 οἱονεὶ
920 5740 1014 5811 τὴν
1069 5741 1340 5813 δρεπάνην
1372 5746 1455 5813 ἐφ’
1490 5748 1715 5812 ἑαυτοὺς
1749 5748 2068 5819 ςκαλοῦντες.

2182 1878 2371 1932 batum
2401 1878 2765 1945 ostendimus,
2803 1879 2949 1950 quod
2983 1878 3221 1950 primum
3252 1888 3334 1934 est
3362 1879 3461 1933 ἀπὸ
3488 1881 3573 1950 τῆς
3594 1880 3683 1935 δευ-

2180 1972 2344 2042 τέρας
2373 1972 2468 2026 τοῦ
2503 1974 2712 2044 Πάσχα,
2748 1975 2804 2029 in
2834 1987 2941 2044 qua
2981 1972 3293 2043 manipulus
3323 1988 3562 2027 novarum
3600 1974 3684 2029 fru-

2181 2081 2308 2136 gum
2339 2066 2523 2121 otferri
2570 2076 2951 2122 consueverat.
2992 2063 3111 2131 Quo
3147 2065 3313 2121 etiam
3368 2066 3417 2119 in
3464 2068 3569 2120 loco
3591 2083 3685 2122 sen-

2182 2157 2406 2213 tentiam
2464 2157 2613 2212 illam
2674 2158 3080 2227 redarguimus,
3132 2173 3260 2228 qua
3307 2156 3576 2213 Sabbatum
3622 2174 3688 2214 se-

2180 2246 2394 2302 cundo-
2417 2248 2650 2318 primum
2702 2248 2824 2303 ideo
2878 2247 3244 2303 Pentecosten
3289 2262 3407 2302 esse
3456 2246 3686 2310 malebat,

2180 2336 2438 2407 quoniam
2471 2347 2697 2392 matura
2726 2345 2858 2391 tunc
2886 2345 3043 2392 erant
3070 2336 3262 2406 spica,
3294 2342 3352 2389 ut
3386 2349 3473 2392 eas
3503 2335 3687 2404 apostoli

2184 2429 2423 2484 Sabbato
2448 2429 2542 2484 illo
2569 2428 2956 2486 confricarent.
3009 2427 3124 2485 Sub
3156 2428 3374 2484 initium
3403 2436 3563 2483 autem
3590 2443 3688 2497 azy-

2180 2536 2393 2576 morum
2441 2529 2667 2577 matura
2715 2537 2837 2579 esse
2874 2538 2983 2578 non
3014 2529 3272 2593 poterant
3310 2520 3686 2593 quandoquidem

2182 2614 2638 2685 quinquagesimo
2683 2613 2812 2671 inde
2853 2614 2942 2670 die
2970 2614 3077 2670 falx
3115 2617 3352 2686 primum
3407 2614 3685 2668 mittebatur.

2184 2706 2307 2761 IIac
2360 2722 2469 2761 non
2528 2706 2664 2761 falsa
2692 2709 2866 2763 solum
2901 2723 3059 2772 esse,
3115 2708 3217 2763 sed
3262 2708 3421 2762 etiam
3467 2705 3688 2761 contraria

2184 2797 2480 2867 Scriptura
2534 2796 3052 2852 demonstravimus.
3105 2794 3281 2867 Negat
3330 2809 3455 2850 vero
3502 2794 3687 2862 scriptor

2184 2891 2273 2945 ille
2326 2905 2590 2959 nuperus,
2638 2896 2691 2945 et
2723 2888 3038 2943 damnatam
3087 2888 3205 2943 illic
3255 2902 3287 2941 a
3339 2886 3487 2941 nobis
3516 2891 3688 2941 senten-

2182 2981 2308 3034 tiam
2341 2980 2482 3036 tueri
2538 2981 2735 3052 pergit,
2798 2995 2863 3036 ac
2924 2979 3112 3035 mirari
3148 2994 3212 3034 se
3246 2978 3399 3042 dicit,
3426 2992 3532 3032 eam
3574 2975 3687 3028 velut

2184 3073 2482 3142 Scriptura
2531 3072 2867 3127 contrariam
2899 3087 3021 3128 esse
3069 3070 3352 3141 rejectam.
3384 3068 3479 3124 Cui
3517 3066 3685 3138 quidem

2106 3148 2149 3207 (ἶ
2183 3166 2264 3221 sic
2302 3166 2404 3220 hoc
2445 3165 2568 3220 loco
2617 3165 2951 3221 satisfaciam
2977 3203 2991 3229 ,
3030 3173 3089 3218 ut
3118 3164 3189 3219 de
3238 3163 3433 3218 messis
3479 3168 3686 3229 tempore,

2181 3256 2328 3328 quod
2367 3270 2662 3326 coeperam,
2700 3256 2914 3327 plenius
2936 3263 3100 3324 atque
3138 3255 3367 3311 u‘berius
3396 3252 3640 3323 explicem.

2249 3349 2420 3420 Igitur
2445 3350 2537 3419 qui
2571 3358 2793 3420 propter
2818 3349 3001 3402 vulsas
3049 3346 3115 3401 ab
3151 3346 3418 3416 apostolis
3449 3351 3499 3399 et
3531 3338 3692 3395 confri-

2180 3453 2334 3500 catas
2381 3451 2591 3512 segetes
2638 3443 2908 3513 negabant
2960 3440 3261 3494 Sabbatum
3326 3438 3690 3504 deuteroproton

2180 3549 2352 3589 unum
2391 3533 2698 3603 quempiam
2755 3547 2822 3587 ex
2870 3544 3184 3601 azymorum
3236 3543 3359 3584 esse
3405 3526 3608 3590 diebus;
3651 3522 3692 3574 in

2179 3623 2328 3695 quod
2379 3624 2628 3694 plerique
2672 3621 3043 3685 consentiunt,
3095 3634 3181 3685 ea,
3222 3633 3385 3688 quam
3415 3612 3695 3687 oppugnavi-

2180 3732 2326 3781 mus,
2352 3716 2569 3771 ratione
2612 3714 2955 3780 nitebantur;
3004 3712 3153 3783 quod
3196 3727 3268 3765 xv
3302 3711 3390 3764 die
3425 3708 3588 3767 Nisan,
3625 3712 3695 3755 aut

2182 3824 2253 3861 xx
2289 3806 2468 3861 Martii
2506 3814 2734 3861 matura
2764 3820 2885 3861 esse
2914 3804 3081 3875 spica
3107 3818 3220 3857 non
3249 3809 3509 3873 poterant.
3549 3817 3565 3849 ι
3591 3794 3694 3850 Nam

2181 3896 2419 3960 festum,
2492 3895 2790 3966 inquiunt,
2881 3894 3288 3965 primitivorum
3373 3888 3696 3947 celebrabatur

2179 3988 2637 4059 quinquagesimo
2666 3988 2753 4043 die
2800 3994 2925 4058 post
2955 3985 3167 4043 Pascha
3199 4006 3214 4042 :
3250 3984 3603 4041 celebrabatur
3624 3992 3697 4031 au-

2179 4089 2288 4135 tem
2320 4082 2480 4135 simul
2515 4088 2678 4150 atque
2732 4082 2907 4150 prima
2938 4078 3046 4132 falx
3095 4079 3153 4132 in
3205 4092 3439 4133 messem
3494 4070 3697 4129 mitteba-

2180 4179 2288 4225 tur.
2333 4171 2449 4226 Non
2480 4185 2611 4241 ergo
2641 4176 2895 4240 poterant
2936 4170 2991 4224 in
3035 4167 3177 4224 festo
3210 4180 3536 4240 azymorum,
3566 4161 3611 4217 id
3634 4167 3699 4213 est

2180 4263 2568 4333 quinquaginta
2615 4269 2741 4317 ante
2771 4261 2982 4329 diebus,
3015 4269 3228 4331 segetes
3268 4275 3391 4316 esse
3446 4262 3694 4311 matura.»

2181 4356 2379 4409 Contra
2411 4356 2551 4409 hanc
2584 4370 2651 4410 ex
2690 4355 2868 4424 capite
2897 4352 3071 4409 Levit.
3120 4350 3316 4415 XXIII,
3346 4351 3382 4405 2
3427 4346 3559 4405 istud
3582 4343 3701 4412 objeo

2181 4448 2411 4503 cimus:
2465 4462 2732 4502 novarum
2804 4445 3025 4517 frugum
3095 4444 3436 4516 manipulum
3483 4434 3700 4511 postridie

2184 4539 2371 4610 prima
2416 4552 2729 4610 azymorum
2758 4537 3000 4591 oblatum
3041 4534 3243 4603 fuisse;
3295 4531 3516 4605 proinde
3561 4536 3701 4584 matu-

2185 4647 2275 4687 ras
2301 4632 2412 4701 jam
2442 4631 2615 4688 fuisse
2641 4638 2870 4701 segetes.
2902 4630 3093 4699 .Neque
3129 4644 3265 4684 vero
3296 4621 3702 4697 quinquagesimo

2182 4733 2307 4795 post
2344 4724 2434 4779 die
2462 4738 2632 4779 novas
2660 4723 2846 4795 fruges
2871 4764 2887 4790 ,
2929 4722 3026 4779 sed
3061 4738 3129 4778 ex
3168 4722 3326 4776 novis
3362 4716 3596 4789 frugibus
3621 4711 3703 4783 pri;

2177 4817 2457 4878 mitiarum
2487 4832 2658 4887 panes
2690 4822 3107 4886 reprasentatos
3146 4830 3291 4870 esse.

2249 4906 2320 4963 At
2374 4922 2565 4963 recens
2605 4907 2696 4962 ille
2739 4906 2977 4978 scriptor
3026 4907 3317 4962 adversum
3366 4918 3464 4960 nos
3506 4895 3700 4967 excipit.

2181 5015 2293 5055 non
2326 5002 2509 5071 spicas
2535 5008 2808 5066 maturas,
2846 5000 2943 5057 sed
2979 5000 3158 5054 adhuc
3200 5000 3474 5055 virentes:
3510 5007 3600 5048 nec
3630 5001 3703 5042 eas

2181 5091 2449 5156 triticeas,
2497 5090 2593 5147 sed
2642 5091 2994 5152 hordeaceas,
3022 5090 3231 5144 oblatas
3261 5103 3402 5143 esse.
3464 5103 3484 5136 α
3535 5080 3701 5148 Quare.

2168 5185 2381 5253 .nquit,
2445 5183 2489 5240 si
2532 5183 2724 5239 diebus
2770 5198 3084 5255 azymorum
3128 5182 3294 5253 spica
3358 5179 3547 5234 messis
3599 5173 3702 5226 bor-

2182 5274 2415 5338 deacea,
2447 5288 2568 5343 qua
2615 5281 2748 5328 tunc
2788 5272 3186 5339 offerebantur,
3240 5271 3421 5325 adhuc
3460 5265 3700 5323 virebant.

2166 5365 2387 5435 .optime
2449 5363 2718 5425 infertur,
2792 5365 3071 5429 triticum,
3129 5363 3275 5434 quod
3330 5362 3506 5418 serius
3554 5363 3699 5410 matu—

2165 5456 2369 5519 treécit,
2416 5456 2657 5515 nondum
2704 5465 2835 5512 tunc
2890 5457 3150 5528 temporis
3190 5454 3437 5526 potuisse
3467 5464 3579 5506 esse
3612 5458 3700 5499 ma-

2168 5553 2384 5600 turum.
2422 5564 2442 5598 ι

2176 5708 2177 5711 η
2206 5643 2215 5652 ’
2251 5660 2451 5716 Verum
2485 5676 2594 5716 non
2626 5663 2956 5720 hordeaceas
2986 5665 3159 5721 solum
3188 5703 3204 5728 ,
3247 5663 3343 5719 sed
3385 5661 3539 5717 etiam
3590 5651 3699 5709 triti-

2169 5768 2304 5837 ,ςεξεξ
2319 5768 2534 5836 suasa-*2
2558 5755 2686 5836 ab.
2700 5772 3012 5837 εεκιιηρευιιξ
3034 5767 3284 5839 .tsszeus.
3304 5763 3536 5832 malum
3565 5748 3699 5804 ίυιθτ·

3004 5900 3030 5939 1
