3948 6264
1579 205 1610 228 κ

294 343 429 401 I395

1097 343 1548 401 DISSERTATIO
1588 344 1676 400 DE
1716 343 1903 400 ORTU
1944 344 2031 398 ET
2062 344 2330 401 OCC'ASU
2376 345 2699 404 SIDERUM‘.

3400 353 3536 408 131M

289 455 416 510 dum
451 455 644 521 fuisse,
680 457 723 513 si
755 456 1053 528 Scriptura:
1098 458 1256 513 Iidem
1299 460 1588 524 habemus,
1634 476 1859 516 necesse
1888 466 1932 521 Α
1960 476 2069 530 quo
2112 476 2308 530 passus
2342 471 2426 516 est
2451 463 2724 524 Christus,
2753 477 2936 518 mense
2986 466 3201 535 integro
3241 461 3406 522 cititis
3432 469 3535 521 I‘a-

285 555 371 602 est
424 547 666 603 credere.
713 549 848 603 Nam
881 548 1104 603 Levitici
1151 549 1316 604 XXIII
1385 551 1436 605 id
1479 567 1587 606 non
1624 552 1861 607 obscure

287 636 549 690 declarat.
584 637 681 692 Ubi
718 647 1006 708 postquam
1038 648 1308 693 commate
1336 642 1400 695 I0
1433 644 1687 713 praecepit
1715 642 1861 715 Moy-

287 745 400 792 ses,
430 739 488 784 ut
521 741 642 801 post
677 733 984 787 demessam
1013 741 1251 802 segetem
1297 734 1572 803 spicarum
1605 737 1859 804 utanipu-

289 821 394 882 los,
427 831 479 875 ct
510 824 780 892 primitias
807 823 1087 890 offerrent,
1125 823 1347 893 subiicit
1376 841 1516 880 com.
1561 826 1628 880 I5
1661 845 1674 880 :
1707 845 1724 878 ι
1756 825 1861 880 Pa-

291 929 438 975 nem,
484 922 536 968 et
567 915 862 984 polentam,
898 923 953 969 et
994 917 1172 985 pultes
1205 931 1312 969 non
1340 917 1640 972 comedetis
1671 934 1739 973 ex
1775 934 1862 973 se-

290 1013 432 1074 gete,
466 1021 638 1074 usque
669 1007 735 1060 ad
770 1008 914 1070 diem
963 1022 1069 1077 qua
1121 1007 1360 1064 offeratis
1394 1025 1458 1062 ex
1505 1025 1569 1064 ea
1607 1009 1718 1065 Deo
1767 1027 1863 1066 ve-

291 1107 429 1152 stro.
468 1117 486 1151 »
523 1098 579 1153 Si
620 1116 900 1170 nunquam
961 1109 1207 1158 maturae.
1254 1103 1418 1156 etiam
1452 1101 1517 1155 ad
1551 1102 1860 1158 confrican-

289 1189 442 1256 dum,
481 1201 691 1258 segetes
738 1202 894 1247 erant
948 1209 1264 1264 azymorum
1321 1203 1602 1264 tempore,
1659 1196 1866 1250 frustra

289 1281 358 1334 de
390 1281 641 1350 pauificio
659 1295 962 1348 caveretur,
991 1301 1058 1339 ne
1089 1293 1216 1341 ante
1247 1287 1487 1340 oblatum
1512 1285 1675 1342 Omer
1706 1289 1866 1358 panis

290 1386 358 1424 ex
411 1373 565 1427 novis
602 1372 847 1444 frugibus
892 1376 1060 1430 fieret.
1116 1375 1301 1448 Itaque
1356 1387 1680 1449 argumento
1730 1381 1863 1435 illud

290 1472 396 1524 est.
425 1464 593 1518 etiam
628 1466 874 1520 triticum
907 1467 1204 1537 aliquando
1234 1479 1505 1523 maturum
1540 1471 1730 1526 fuisse.
1755 1472 1862 1526 Sed

289 1569 508 1607 omnem
570 1557 930 1624 pervicaciam
991 1559 1233 1615 retundit
1283 1561 1441 1615 adita:
1488 1561 1556 1616 ab
1605 1563 1864 1615 Israelitis

293 1642 616 1710 Palaestina},
677 1662 741 1702 ac
783 1650 1090 1705 transmissi
1146 1649 1404 1707 Iordanis
1449 1653 1696 1718 historia,
1747 1669 1867 1723 qua:

289 1730 457 1788 Iosue
492 1750 615 1805 cap.
653 1733 720 1788 lll
751 1745 805 1792 et
843 1739 1202 1808 sequentibus
1236 1742 1572 1797 continetur.

365 1868 727 1927 Transierunt
779 1874 924 1929 enim
977 1867 1272 1931 Iordanem
1340 1884 1583 1946 tempore
1647 1879 1862 1933 messis.

296 1981 322 2012 ι
353 1961 607 2020 Iordanis
663 1973 841 2020 autem
898 1967 1098 2037 (inquit
1145 1983 1290 2022 vers.
1337 1967 1534 2038 capitis
1577 1968 1744 2039 tertii)
1784 1971 1862 2028 ri-

295 2068 396 2121 pas
449 2055 584 2108 alvei
632 2055 714 2109 sui
767 2066 1006 2126 tempore
1059 2061 1266 2114 messis
1291 2059 1630 2128 impleverat.
1670 2079 1688 2111 ι
1747 2060 1865 2127 Quo

293 2143 622 2197 transmisso
669 2144 982 2199 circumcisi
1013 2155 1161 2208 sunt,
1207 2154 1262 2200 et
1295 2148 1614 2218 aliquandiu
1660 2149 1864 2204 substi-

295 2239 510 2295 terunt,
558 2233 750 2288 donec
781 2235 1002 2288 vulnera
1056 2245 1417 2302 sanarentur;
1459 2237 1604 2308 (cap.
1675 2237 1757 2302 V,
1809 2238 1865 2307 8)

293 2332 480 2394 postea
514 2322 720 2378 Pascha
747 2325 1108 2387 celebrarunt,
1137 2345 1152 2376 ι
1174 2336 1367 2396 quarta
1385 2328 1594 2382 decima
1613 2328 1700 2382 die
1717 2344 1868 2383 meu-

294 2414 372 2466 sis
402 2412 468 2465 ad
510 2429 816 2482 vesperam.
855 2435 873 2466 ι
913 2414 1066 2470 llaud
1109 2416 1272 2472 dubie
1301 2434 1367 2472 ex
1413 2417 1580 2473 Mosis
1618 2423 1866 2488 praescri-

295 2512 388 2574 pto
415 2545 430 2569 ,
462 2505 708 2575 adeoque
742 2523 928 2562 mense
959 2509 1154 2578 primo.
1207 2509 1368 2568 Addit
1413 2511 1633 2566 eosdem
1682 2527 1865 2568 come-

294 2597 442 2651 disse
477 2597 543 2651 de
583 2599 830 2668 frugibus
880 2600 1141 2669 postridie
1189 2615 1410 2671 azymos
1459 2619 1628 2672 panes
1673 2612 1728 2658 et
1771 2620 1867 2674 po-

294 2687 526 2754 lentam;
580 2705 644 2743 ac
702 2698 816 2744 tum
870 2707 1070 2745 manna
1117 2693 1406 2756 defecisse,
1455 2711 1580 2748 cum
1631 2698 1864 2766 primum

297 2778 541 2847 frugibus
579 2781 736 2834 novis
792 2781 1112 2838 Chananaaae
1173 2785 1320 2838 vesci
1375 2795 1680 2855 coeperunt.
1731 2786 1864 2854 Quis

300 2876 368 2917 εξ
418 2878 484 2917 eo
522 2879 632 2918 non
677 2865 844 2928 videt,
902 2885 1011 2922 non
1044 2869 1204 2922 modo
1234 2877 1475 2925 maturas
1494 2872 1569 2925 'ad
1603 2873 1863 2927 vellican-

295 2952 422 3006 dum
449 2963 655 3024 segetes
694 2971 880 3011 mense
914 2959 1088 3027 primo
1117 2958 1308 3024 fuisse,
1351 2961 1445 3016 sed
1470 2963 1633 3016 etiam
1660 2965 1727 3017 ad
1766 2979 1862 3033 pa-

296 3060 418 3098 nem
453 3060 514 3099 ex
548 3047 656 3101 illis
709 3045 1059 3102 faciendum?
1098 3050 1252 3106 Adde
1295 3053 1500 3107 mensis
1540 3053 1713 3123 ipsius
1762 3070 1862 3109 vo-

294 3135 570 3199 cabulum,
608 3138 753 3207 quod
796 3139 938 3193 Abib
988 3149 1274 3210 propterea
1329 3142 1536 3198 dictum
1587 3153 1690 3208 est,
1749 3137 1932 3202 siveC

292 3243 579 3292 novorum,
615 3230 685 3283 ob
715 3245 883 3285 novas
930 3233 1117 3300 utique
1159 3232 1365 3304 fruges.
1417 3233 1570 3288 Adde
1619 3233 1861 3293 Theonis

291 3326 347 3373 et
395 3319 586 3373 lsidori
632 3317 923 3375 Pelusiotae
976 3322 1093 3375 loca
1126 3322 1239 3387 illa,
1296 3339 1416 3393 quae
1468 3324 1626 3412 initio
1667 3325 1862 3395 capitis

291 3411 639 3478 adduximus,
687 3427 754 3466 ει
805 3413 1002 3481 quibus
1037 3421 1282 3482 apparet,
1343 3411 1558 3470 tamin
1599 3415 1857 3487 Aﬁgypto,

289 3516 458 3570 quam
490 3503 543 3555 in
578 3500 867 3556 Palaestina
896 3504 1093 3558 messis
1127 3512 1256 3557 tunc
1283 3506 1516 3573 cepisse
1553 3513 1790 3576 tempus.

365 3631 434 3688 Ut
489 3642 669 3688 autem
719 3649 806 3690 res
851 3635 1156 3691 illustretur
1203 3638 1415 3706 magis,
1467 3639 1576 3693 duo
1616 3641 1862 3710 quaedam

287 3721 646 3789 proponenda
697 3732 844 3776 sunt.
888 3723 1154 3788 Alterum,
1189 3741 1429 3782 mensem
1462 3728 1720 3812 primum,
1765 3747 1862 3785 seu

287 3825 596 3876 novorum,
646 3814 872 3869 minime
924 3817 1066 3884 apud
1133 3814 1350 3873 Iudaeos
1398 3829 1610 3875 veteres
1661 3829 1863 3876 statum

287 3901 482 3968 fuisse,
509 3918 573 3957 ac
603 3913 753 3960 certo
777 3914 1018 3976 tempore
1047 3907 1301 3962 defixum.
1331 3909 1690 3980 Namjdocent
1742 3929 1862 3967 ma-

286 3993 471 4065 gistri,
522 4011 646 4049 cum
700 3997 950 4066 pluribus
980 4000 1104 4055 aliis
1148 4000 1215 4055 de
1248 4003 1430 4057 causis
1464 3999 1694 4072 proferri
1726 4019 1861 4059 con-

288 4087 540 4142 sucvisse
567 4103 808 4143 mensem
840 4090 991 4144 illum
1013 4133 1027 4158 ,
1071 4098 1131 4146 et
1168 4092 1582 4149 intercalatione
1638 4096 1861 4151 submo-

287 4179 445 4243 veri;
480 4187 590 4233 tum
636 4180 705 4233 ob
731 4180 917 4251 fruges
948 4199 1121 4239 novas
1163 4184 1405 4239 nondum
1448 4186 1684 4242 adultas.
1742 4185 1860 4253 Qua

287 4269 360 4324 de
389 4285 446 4324 re
485 4269 606 4325 fuse
637 4271 817 4340 agitur
861 4275 915 4325 in
949 4271 1286 4330 Talmudieis
1325 4273 1582 4345 Digestis,
1633 4284 1686 4329 et
1715 4277 1858 4345 apud

288 4362 359 4418 Β.
405 4361 607 4417 Mosem
648 4363 1036 4420 Maimoniden.
1097 4365 1235 4419 Tum
1278 4367 1428 4422 Aben
1471 4367 1606 4422 Ezra
1637 4370 1692 4422 in
1736 4385 1855 4438 cap.

1961 551 2094 606 scha
2119 552 2450 606 celebratum
2481 563 2585 609 est.

2031 642 2297 696 Praeterea
2339 643 2620 697 sciendum
2669 653 2778 708 est,
2829 645 3164 700 maturitatis
3195 647 3249 701 in
3283 645 3531 718 frugibus

1959 734 2190 803 gradum
2217 750 2340 788 esse
2380 735 2671 803 duplicem.
2702 739 2808 789 Aut
2841 737 2987 791 enim
3013 749 3222 792 matura
3248 755 3403 810 seges
3447 752 3534 796 est

1961 825 2029 877 ad
2056 824 2246 879 falcem
2277 845 2296 880 :-
2333 827 2477 896 quod
2509 835 2726 896 tempus
2771 827 2986 884 Marcus
3016 834 3350 901 evangelista
3405 851 3529 905 cap.

1963 914 2051 979 IV,
2088 915 2158 969 ἓξ)
2202 916 2456 971 obscuris
2517 918 2694 972 verbis
2725 917 2950 981 indicat,
2993 933 3112 987 quae
3144 921 3318 974 obiter
3363 922 3534 990 eXpIi-

1962 1007 2136 1062 canda
2187 1015 2348 1062 sunt:
2376 1008 2546 1060 Ὅταν
2591 1007 2648 1060 δὲ
2696 1007 2922 1078 παραδῷ
2973 1011 3001 1061 ὁ
3035 1008 3265 1080 καρπὸς,
3332 1010 3534 1074 εὐθέως

1961 1099 2276 1154 ἀποστέλλει
2300 1099 2360 1152 τὸ
2385 1099 2668 1170 δρέπανον.
2715 1097 2886 1168 Vulgo
2928 1101 3007 1154 sic
3034 1101 3329 1171 accipiunt,
3377 1104 3534 1171 quasi

1966 1191 2213 1262 παραδῷ.
2261 1193 2354 1254 sit,
2413 1209 2430 1242 ι
2473 1191 2773 1260 prodiderit
2806 1207 2882 1251 se.
2921 1211 2937 1243 ι
2987 1200 3042 1246 et
3065 1173 3320 1248 absolute
3348 1210 3535 1248 suma-

1965 1291 2096 1337 tur:
2147 1281 2290 1352 quod
2337 1289 2420 1336 est
2455 1281 2996 1339 inusitatunLMaIim
3045 1284 3124 1337 sic
3167 1284 3533 1354 interpretari,

1970 1392 1988 1425 ι
2027 1391 2149 1428 ευιιι
2201 1374 2548 1445 permiserint
2617 1373 2833 1441 fruges,
2880 1393 2896 1424 ι
2955 1374 3008 1427 id
3059 1383 3164 1439 est,
3219 1390 3342 1430 cum
3378 1377 3535 1446 plena

1968 1463 2288 1518 maturitate
2333 1478 2602 1518 messores
2649 1463 2882 1516 invitare
2935 1464 3220 1534 cmperint.
3271 1462 3536 1533 Vulgatus

1967 1555 2240 1625 interpres
2274 1569 2382 1608 non
2415 1563 2524 1608 tam
2559 1555 2720 1609 verba
2753 1570 2914 1623 quam
2955 1555 3282 1609 sententiam
3315 1571 3538 1624 expres-

1965 1648 2056 1701 sit.
2090 1644 2476 1714 Conjecturam
2531 1655 2776 1701 nostram
2818 1647 3042 1716 adjuvat
3071 1645 3533 1717 Theophylactus,

1965 1736 2057 1806 qui
2090 1736 2169 1791 sic
2197 1737 2443 1806 exponit,
2477 1743 2570 1790 aut
2593 1737 2756 1807 legit:
2787 1737 2919 1794 ὅταν
2936 1736 2992 1788 δὲ
3021 1734 3245 1806 παραδῷ
3268 1735 3330 1787 τὸ
3361 1735 3534 1804 Θέρος.

1966 1825 2142 1892 Quod,
2180 1829 2292 1882 nisi
2321 1836 2379 1880 ut
2410 1841 2511 1882 nos
2548 1826 2800 1893 fecimus,
2829 1827 3104 1896 explicare
3136 1840 3397 1898 nequeas.
3430 1825 3539 1881 Aut

1967 1919 2132 1988 igitur
2163 1919 2318 1988 plena
2353 1919 2409 1972 in
2460 1917 2710 1988 frugibus
2756 1919 3042 1972 maturitas
3086 1918 3192 1973 ista
3224 1926 3534 1988 spectatur;

1965 2022 2059 2062 aut
2093 2009 2269 2064 adhuc
2296 2009 2486 2065 viridis
2519 2017 2602 2065 est
2630 2019 2734 2064 tam
2765 2010 2915 2080 spica
2938 2025 3099 2080 quam
3126 2025 3309 2065 semen
3336 2010 3532 2079 ipsum.

1965 2099 2038 2152 ita
2068 2107 2248 2153 tamen
2278 2106 2336 2152 ut
2364 2099 2482 2154 esui
2521 2107 2808 2169 utrumque
2841 2100 2913 2154 sit
2948 2108 3154 2169 aptum,
3186 2114 3250 2154 ac
3293 2100 3535 2154 vellicari

1965 2191 2338 2261 destringique
2386 2193 2578 2262 possit.
2635 2193 2745 2246 Imo
2803 2195 3027 2247 suavius
3077 2201 3164 2247 εει
3221 2208 3321 2248 εειι
3352 2192 3538 2247 virens

1967 2283 2164 2346 adhuc,
2195 2292 2249 2339 et
2272 2285 2434 2338 molle
2464 2285 2728 2348 triticum,
2758 2301 2919 2353 quam
2962 2284 3254 2348 torridum,
3284 2293 3337 2339 et
3367 2284 3534 2338 messi

1966 2375 2295 2444 proximum.
2335 2377 2391 2428 In
2427 2373 2665 2430 Sabbato
2721 2377 2811 2429 illo
2863 2376 3271 2445 deutemproto,
3328 2375 3396 2430 de
3424 2391 3554 2446 quo.

1967 2481 2145 2521 sermo
2172 2465 2328 2521 nobis
2355 2473 2460 2532 est,
2485 2475 2710 2520 matura:
2739 2481 2846 2520 non
2895 2465 2962 2519 ad
2991 2481 3143 2520 csum
3168 2474 3396 2527 tantum,
3437 2465 3532 2518 sed

1966 2555 2033 2608 ad
2067 2571 2298 2611 messem
2325 2571 2542 2624 quoque
2565 2563 2775 2624 segetes
2809 2554 3046 2610 fuerunt.
3079 2553 3210 2608 Erat
3240 2555 3383 2609 enim
3415 2555 3546 2610 dies.

1965 2647 2172 2716 Aprilis
2192 2663 2345 2701 XXIII.
2377 2647 2513 2702 Aliis
2545 2647 2899 2716 temporibus,
2941 2645 3161 2716 quando
3200 2645 3408 2700 Pascha
3449 2647 3531 2698 ci-

1965 2737 2073 2791 tius
2112 2737 2414 2800 accidebat,
2453 2735 2786 2791 hordeaceus
2839 2737 3149 2804 manipulus
3183 2735 3529 2799 offerebatur,

1966 2839 2059 2881 aut
2107 2827 2362 2882 viridium
2403 2827 2580 2882 adhuc
2615 2828 2786 2882 tritici
2814 2828 3106 2897 spicarum.
3150 2825 3338 2882 Utrius
3365 2843 3530 2899 gene-

1964 2921 2042 2975 ris
2082 2921 2251 2990 spicis
2305 2927 2579 2974 constaret
2629 2918 2794 2974 Omer
2839 2921 3124 2989 Scriptura
3174 2934 3283 2972 non
3323 2918 3528 2972 definit.

1964 3010 2229 3078 Quocirca
2286 3011 2448 3080 justa:
2486 3011 2783 3080 suspicioni
2805 3011 2959 3066 locus
2985 3019 3087 3074 est,
3119 3011 3424 3080 promiscue
3455 3010 3533 3062 al.

1967 3111 2234 3156 terutrum
2277 3099 2461 3155 oﬂerri
2503 3099 2584 3154 fas
2617 3097 2806 3162 fuisse,
2845 3109 3004 3168 prout
3045 3098 3306 3152 utriusvis
3352 3104 3530 3150 matu-

1963 3194 2098 3248 ritas
2143 3194 2199 3247 in
2256 3193 2556 3263 legitimum
2613 3192 2754 3247 diem
2807 3190 3111 3245 incidisset.
3164 3188 3298 3243 Nam
3354 3204 3529 3258 neque

1963 3285 2144 3354 plena,
2178 3292 2232 3338 et
2265 3283 2332 3338 ad
2361 3299 2592 3338 messem
2627 3283 2818 3338 idonea
2847 3281 3136 3336 maturitas
3167 3281 3529 3350 exspectaba-

1964 3385 2074 3439 tur,
2133 3389 2310 3445 neque
2358 3382 2540 3428 tamen
2578 3373 2783 3428 lactens
2811 3371 2990 3425 adhuc
3036 3385 3222 3426 semen
3271 3369 3336 3422 ad
3369 3367 3532 3422 Omer

1961 3466 2339 3527 adhibebatur,
2369 3466 2462 3520 sed
2498 3466 2690 3520 saltem
2723 3463 2914 3518 viride.
2961 3461 3032 3515 At
3071 3477 3194 3514 eum
3244 3461 3406 3530 paulo
3447 3460 3526 3512 ci-

1963 3558 2071 3612 tius
2093 3557 2302 3611 Pascha
2333 3557 2690 3626 contingeret,
2723 3569 2884 3624 quam
2925 3552 2992 3606 ad
3025 3552 3354 3607 oblationem
3388 3552 3531 3605 triti-

1962 3661 2092 3700 ceus
2133 3645 2428 3700 fasciculus
2459 3647 2768 3714 comparari
2806 3650 3008 3712 posset,
3058 3642 3386 3697 succidanea
3412 3649 3532 3696 erat

1963 3736 2157 3792 messis
2182 3737 2508 3801 hordeacea,
2541 3746 2727 3806 utpote
2759 3735 3074 3806 praecocior.

1960 3867 1976 3883 .
2029 3825 2312 3880 Postremo
2339 3842 2446 3880 non
2476 3825 2691 3880 videtur
2717 3822 3068 3878 interdictum
3107 3822 3212 3876 ulla
3267 3821 3384 3892 lege
3429 3820 3529 3876 Ju-

1960 3916 2113 3983 daais,
2142 3933 2212 3973 ne
2258 3927 2382 3972 ante
2413 3917 2657 3971 oblatum
2703 3915 3043 3985 manipulum
3087 3928 3319 3968 messem
3377 3913 3526 3968 fare-

1961 4019 2102 4073 rent,
2128 4011 2291 4064 etiam
2337 4009 2717 4063 hordeaceam.
2751 4007 2864 4060 Imo
2893 4015 3016 4059 ante
3047 4003 3242 4059 factam
3273 4022 3413 4071 esse,
3445 4007 3526 4058 Io-

1959 4117 2058 4157 cus
2101 4103 2192 4157 ille
2239 4101 2463 4157 Levitici
2495 4098 2679 4166 XXIII,
2717 4097 2800 4162 I0,
2843 4097 3226 4153 demonstrat:
3265 4096 3397 4154 Cum
3444 4099 3528 4150 in-

1959 4195 2124 4266 gressi
2156 4195 2363 4265 fueritis
2392 4204 2608 4261 terram,
2637 4210 2792 4264 quam
2821 4210 2913 4263 ego
2947 4191 3082 4250 dabo
3103 4189 3268 4253 vobis,
3308 4200 3356 4244 et
3389 4207 3525 4243 mes-

1960 4287 2174 4346 sueritis
2230 4294 2471 4356 segetem,
2509 4285 2684 4354 feretis
2731 4282 3031 4352 manipulos
3082 4283 3370 4350 spicarum,
3416 4289 3520 4334 etc.

1961 4379 2115 4444 Quod
2149 4389 2330 4433 tamen
2375 4393 2486 4432 non
2523 4384 2810 4447 perpetuo,
2867 4375 2962 4430 sed
3009 4373 3278 4428 interdum
3303 4373 3522 4436 accidit,

287 4450 387 4506 ΧΠ
427 4451 595 4507 Εκοάί
644 4456 891 4524 Pluribus
941 4457 1078 4512 idem
1126 4457 1380 4526 explicat:
1433 4459 1526 4513 ubi
1581 4459 1722 4514 ίηῑθν
1753 4461 1858 4514 alia
1889 4473 1934 4526 D
1963 4471 2259 4527 secundum
2312 4487 2371 4526 ca
2425 4486 2546 4542 qua:
2597 4471 2758 4540 paqu
2807 4477 2934 4524 ante
2981 4469 3239 4523 diximus.
3288 4466 3432 4522 Idem
3473 4477 3526 4521 et

287 4545 504 4610 scribit,
555 4547 793 4602 nihil'de
842 4550 1019 4606 lunari
1070 4564 1255 4604 mense
1287 4551 1355 4604 ab
1383 4551 1691 4623 legislatore
1728 4567 1859 4607 cau-

288 4648 404 4703 tum
457 4654 619 4704 esse;
659 4641 752 4693 sed
782 4641 884 4695 hoc
923 4658 1089 4695 unum
1131 4644 1473 4713 praecepisse,
1520 4652 1579 4698 ut
1641 4645 1694 4698 in
1739 4645 1857 4715 ipso

290 4743 555 4781 novarum
587 4728 802 4798 frugum
844 4746 1030 4784 mense
1059 4729 1269 4786 Pascha
1310 4733 1670 4788 celebrarent.
1712 4733 1872 4799 Quo-.

288 4820 436 4874 circa
474 4836 573 4891 pro
601 4837 666 4876 eo
708 4829 871 4890 atque
904 4821 1090 4891 fruges
1139 4825 1302 4878 citius
1354 4833 1448 4878 aut
1490 4826 1698 4880 tardius
1736 4842 1857 4881 cre-

288 4913 534 4977 vissent,
568 4914 640 4967 ita
672 4915 852 4968 serius
879 4914 1103 4968 ociusve
1147 4917 1382 4984 primum
1417 4918 1540 4973 illos
1590 4918 1857 4973 indixisse

289 5019 530 5060 mensem
552 5046 566 5069 ,
602 5021 666 5061 ac
695 5023 1084 5076 nonnunquam
1122 5024 1294 5063 annos
1328 5009 1685 5065 intercalares
1717 5011 1864 5068 duos

289 5096 658 5150 continuasse.
693 5097 836 5152 Sane
890 5098 1032 5166 quod
1070 5098 1135 5150 ad
1197 5115 1320 5153 eum
1373 5116 1575 5155 annum
1623 5110 1855 5172 spectat,

291 5187 348 5240 in
379 5202 537 5255 quem
580 5186 877 5243 Sabbatum
926 5189 1060 5244 illud
1117 5190 1566 5260 deuteroproton,
1619 5206 1731 5261 quo
1787 5192 1860 5249 de

289 5278 488 5348 agitur,
521 5279 732 5344 incidit,
784 5281 876 5349 qui
915 5281 1017 5335 fuit
1057 5281 1334 5353 κηρύξεως
1367 5285 1600 5352 primus,
1630 5300 1855 5340 neome-

289 5368 381 5421 nia
409 5366 692 5423 Paschalis
719 5368 921 5438 Aprilis
947 5385 984 5423 ιι
1021 5371 1321 5440 contigisse
1338 5373 1572 5435 videtur,
1605 5374 1736 5429 feria
1756 5392 1852 5441 vn,

291 5458 466 5531 prima
521 5459 636 5514 dies
671 5475 981 5531 azymorum
1017 5463 1218 5531 Aprilis
1255 5480 1365 5526 xw,
1416 5464 1543 5519 feria
1588 5483 1686 5521 vu.
1745 5469 1852 5521 Ita-

291 5567 397 5621 que
428 5551 724 5605 Sabbatum
767 5554 1188 5624 deuteroproton
1225 5557 1278 5609 in
1319 5573 1448 5611 χχιιι
1479 5559 1619 5612 diem
1650 5561 1853 5629 Aprilis

293 5641 544 5705 incurrit,
579 5644 668 5712 qui
700 5653 926 5712 quartus
955 5653 1038 5708 est
1067 5647 1134 5701 ab
1173 5663 1236 5700 eo
1279 5664 1438 5717 quem
1491 5648 1847 5720 Vergiliarum

293 5750 342 5790 οι
358 5737 462 5802 tui,
490 5743 548 5790 et
584 5735 735 5791 initio
771 5738 963 5792 messis
982 5736 1128 5795 Theo
1160 5741 1406 5805 praetinit.
1439 5741 1502 5798 At
1533 5757 1674 5800 anno
1709 5744 1848 5803 inso.

1959 4564 2026 4619 de
2070 4563 2393 4619 Pentecoste
2422 4563 2582 4618 debet
2637 4578 2760 4618 esse
2801 4562 3102 4632 judicium;
3138 4561 3288 4614 nullo
3327 4575 3526 4628 praece-

1960 4664 2052 4725 pto
2076 4656 2299 4709 vetitum
2337 4652 2538 4708 Iudaeis
2568 4668 2710 4718 esse,
2740 4668 2806 4705 ne
2831 4657 2957 4704 ante
2995 4648 3193 4703 festum
3219 4644 3321 4703 hoc
3355 4649 3526 4718 frugi-
3599 4669 3601 4671 ί

1958 4745 2060 4800 bus
2094 4746 2249 4800 novis
2289 4760 2350 4798 ac
2384 4744 2615 4814 panibus
2639 4759 2704 4798 ex
2732 4743 2816 4798 his
2846 4739 3113 4796 confectis
3143 4751 3516 4804 vescerentur;

1959 4835 2118 4906 quod
2157 4833 2430 4904 opinionis
2476 4833 2716 4887 fautores
2755 4830 3044 4885 contraria:
3093 4840 3354 4884 sumunt:
3393 4829 3525 4898 quin

1961 4927 2148 4998 potius
2183 4926 2235 4979 id
2268 4932 2428 4980 antea
2463 4923 2545 4980 fas
2582 4924 2768 4989 fuisse,
2800 4923 3041 4977 declarat
3065 4921 3295 4976 historia
3327 4921 3525 4990 capitis

1958 5018 2104 5074 tertii
2160 5029 2212 5072 et
2270 5017 2446 5086 quinti
2501 5015 2701 5079 Iosue,
2761 5030 2922 5083 quam
2980 5013 3289 5068 citavimus.
3339 5012 3526 5081 Neque

1957 5108 2339 5180 primitiarum,
2390 5107 2712 5160 vocabulqu
2773 5105 2826 5158 id
2897 5111 3156 5174 perpetuo
3209 5104 3520 5174 significat,

1957 5197 2101 5270 quod
2139 5197 2380 5253 onmium
2405 5198 2635 5266 primum
2669 5202 2771 5259 est,
2811 5204 2864 5248 et
2898 5201 3022 5249 ante
3049 5194 3195 5264 quod
3229 5194 3434 5247 nullum
3467 5195 3520 5246 in

1957 5302 2060 5341 usu
2119 5285 2262 5350 fuit;
2315 5284 2412 5340 sed
2465 5283 2736 5341 interdum
2798 5284 3123 5352 simpliciter
3169 5300 3268 5353 pro
3328 5299 3521 5352 quaws

1956 5372 2252 5432 oblatione,
2280 5371 2361 5424 vel
2383 5385 2439 5423 re
2470 5369 2536 5422 ad
2560 5371 2820 5422 honorem
2840 5367 2932 5422 Dei
2953 5369 3189 5438 seposita
3209 5384 3272 5420 ac
3297 5369 3518 5429 selecta,

1957 5462 2384 5528 utExod.XXV,
2412 5463 2537 5529 2,et
2568 5459 2784 5524 XXXV,
2803 5461 2835 5515 5
2861 5469 2907 5515 ct
2930 5461 2992 5512 2|
3021 5477 3036 5524 ;
3077 5459 3298 5513 Numer.
3324 5458 3518 5522 XXXI,

1955 5536 2042 5613 29.
2098 5555 2278 5622 Quare
2315 5554 2530 5609 tametsi
2587 5553 2844 5623 primilivi
2903 5567 3070 5622 panes
3117 5551 3170 5603 in
3204 5550 3522 5604 Pentecoste

1955 5649 2120 5703 oblati
2180 5646 2408 5709 fuerint,
2450 5645 2670 5698 minime
2717 5660 2779 5698 ex
2817 5660 2881 5697 eo
2925 5643 3170 5710 sequitur
3197 5657 3367 5696 novas
3397 5651 3521 5694 ante

1956 5743 2058 5798 hoc
2094 5749 2308 5798 temnus
2350 5737 2531 5799 fruges
2582 5753 2688 5792 nou
2723 5737 2966 5796 attigisse
3001 5733 3236 5790 Iudaeos.
3279 5733 3430 5792 Ouod
3466 5733 3520 5785 in
