  <div class='ocr_page' id='page_1' title='image "/cluster/home/n/w/nwhite01/storage/ocr_20150623/19/mdp.39015061293422/703.png"; bbox 0 0 3948 6264; ppageno 0'>
   <div class='ocr_carea' id='block_1_1' title="bbox 403 286 543 342">
    <p class='ocr_par' dir='ltr' id='par_1_1' title="bbox 403 286 543 342">
     <span class='ocr_line' id='line_1_1' title="bbox 403 286 543 342; baseline 0 0"><span class='ocrx_word' id='word_1_1' title='bbox 403 286 543 342; x_wconf 71' lang='grc'>1595</span> 
     </span>
    </p>
   </div>
   <div class='ocr_carea' id='block_1_2' title="bbox 1381 285 2602 345">
    <p class='ocr_par' dir='ltr' id='par_1_2' title="bbox 1381 285 2602 345">
     <span class='ocr_line' id='line_1_2' title="bbox 1381 285 2602 345; baseline 0.004 -5"><span class='ocrx_word' id='word_1_2' title='bbox 1381 287 1470 340; x_wconf 83' lang='lat' dir='ltr'><strong>AD</strong></span> <span class='ocrx_word' id='word_1_3' title='bbox 1514 285 1774 341; x_wconf 81' lang='lat' dir='ltr'><strong>EUSEBll</strong></span> <span class='ocrx_word' id='word_1_4' title='bbox 1814 285 2206 342; x_wconf 79' lang='lat' dir='ltr'><strong>CIIBONICON</strong></span> <span class='ocrx_word' id='word_1_5' title='bbox 2241 286 2602 345; x_wconf 64' lang='lat' dir='ltr'><strong>APPE’NDIX.</strong></span> 
     </span>
    </p>
   </div>
   <div class='ocr_carea' id='block_1_3' title="bbox 2333 195 2364 216">
    <p class='ocr_par' dir='ltr' id='par_1_3' title="bbox 2333 195 2364 216">
     <span class='ocr_line' id='line_1_3' title="bbox 2333 195 2364 216; baseline 0 -6"><span class='ocrx_word' id='word_1_6' title='bbox 2333 195 2364 216; x_wconf 75' lang='grc' dir='ltr'><strong>,ο</strong></span> 
     </span>
    </p>
   </div>
   <div class='ocr_carea' id='block_1_4' title="bbox 3494 296 3631 352">
    <p class='ocr_par' dir='ltr' id='par_1_4' title="bbox 3494 296 3631 352">
     <span class='ocr_line' id='line_1_4' title="bbox 3494 296 3631 352; baseline -0.015 -2"><span class='ocrx_word' id='word_1_7' title='bbox 3494 296 3631 352; x_wconf 77' lang='grc'><strong>1596</strong></span> 
     </span>
    </p>
   </div>
   <div class='ocr_carea' id='block_1_5' title="bbox 401 398 3629 475">
    <p class='ocr_par' dir='ltr' id='par_1_5' title="bbox 401 398 3629 475">
     <span class='ocr_line' id='line_1_5' title="bbox 401 398 3629 475; baseline 0.002 -20"><span class='ocrx_word' id='word_1_8' title='bbox 401 398 820 455; x_wconf 76' lang='lat' dir='ltr'><strong>Commentariis</strong></span> <span class='ocrx_word' id='word_1_9' title='bbox 855 399 970 454; x_wconf 90' lang='lat' dir='ltr'><strong>suis</strong></span> <span class='ocrx_word' id='word_1_10' title='bbox 996 399 1208 454; x_wconf 87' lang='lat' dir='ltr'><strong>erudite</strong></span> <span class='ocrx_word' id='word_1_11' title='bbox 1233 399 1550 457; x_wconf 81' lang='lat' dir='ltr'><strong>Bonfrerius</strong></span> <span class='ocrx_word' id='word_1_12' title='bbox 1577 413 1763 458; x_wconf 89' lang='lat' dir='ltr'><strong>noster</strong></span> <span class='ocrx_word' id='word_1_13' title='bbox 1785 405 1967 460; x_wconf 91' lang='lat' dir='ltr'><strong>obser-</strong></span> <span class='ocrx_word' id='word_1_14' title='bbox 1993 409 2036 463; x_wconf 86' lang='lat' dir='ltr'><strong>A</strong></span> <span class='ocrx_word' id='word_1_15' title='bbox 2065 403 2373 468; x_wconf 80' lang='lat' dir='ltr'><strong>oll‘erretur,</strong></span> <span class='ocrx_word' id='word_1_16' title='bbox 2396 403 2615 474; x_wconf 81' lang='lat' dir='ltr'><strong>quando</strong></span> <span class='ocrx_word' id='word_1_17' title='bbox 2651 401 2825 458; x_wconf 90' lang='lat' dir='ltr'><strong>serius</strong></span> <span class='ocrx_word' id='word_1_18' title='bbox 2853 401 3063 458; x_wconf 82' lang='lat' dir='ltr'><strong>Pascha</strong></span> <span class='ocrx_word' id='word_1_19' title='bbox 3098 403 3458 475; x_wconf 82' lang='lat' dir='ltr'><strong>contingeret.</strong></span> <span class='ocrx_word' id='word_1_20' title='bbox 3489 407 3629 465; x_wconf 88' lang='lat' dir='ltr'><strong>Idem</strong></span> 
     </span>
    </p>
   </div>
   <div class='ocr_carea' id='block_1_6' title="bbox 400 487 1964 559">
    <p class='ocr_par' dir='ltr' id='par_1_6' title="bbox 400 487 1964 559">
     <span class='ocr_line' id='line_1_6' title="bbox 400 487 1964 559; baseline 0.002 -16"><span class='ocrx_word' id='word_1_21' title='bbox 400 497 490 543; x_wconf 89' lang='lat' dir='ltr'><strong>vat</strong></span> <span class='ocrx_word' id='word_1_22' title='bbox 525 509 538 544; x_wconf 89' lang='lat'><strong>:</strong></span> <span class='ocrx_word' id='word_1_23' title='bbox 573 491 660 543; x_wconf 94' lang='lat' dir='ltr'><strong>cui</strong></span> <span class='ocrx_word' id='word_1_24' title='bbox 713 487 886 554; x_wconf 92' lang='lat' dir='ltr'><strong>idem,</strong></span> <span class='ocrx_word' id='word_1_25' title='bbox 946 489 1091 559; x_wconf 90' lang='lat' dir='ltr'><strong>quod</strong></span> <span class='ocrx_word' id='word_1_26' title='bbox 1147 490 1201 543; x_wconf 92' lang='lat' dir='ltr'><strong>in</strong></span> <span class='ocrx_word' id='word_1_27' title='bbox 1246 499 1480 554; x_wconf 79' lang='lat' dir='ltr'><strong>mentem</strong></span> <span class='ocrx_word' id='word_1_28' title='bbox 1531 493 1665 546; x_wconf 89' lang='lat' dir='ltr'><strong>mihi</strong></span> <span class='ocrx_word' id='word_1_29' title='bbox 1722 502 1964 557; x_wconf 80' lang='lat' dir='ltr'><strong>venerat,</strong></span> 
     </span>
    </p>
   </div>
   <div class='ocr_carea' id='block_1_7' title="bbox 400 580 1759 652">
    <p class='ocr_par' dir='ltr' id='par_1_7' title="bbox 400 580 1759 652">
     <span class='ocr_line' id='line_1_7' title="bbox 400 580 1759 652; baseline 0.004 -19"><span class='ocrx_word' id='word_1_30' title='bbox 400 580 672 650; x_wconf 84' lang='lat' dir='ltr'><strong>placuisse</strong></span> <span class='ocrx_word' id='word_1_31' title='bbox 702 580 874 648; x_wconf 92' lang='lat' dir='ltr'><strong>prius,</strong></span> <span class='ocrx_word' id='word_1_32' title='bbox 910 581 1146 636; x_wconf 78' lang='lat' dir='ltr'><strong>maximo</strong></span> <span class='ocrx_word' id='word_1_33' title='bbox 1180 598 1297 636; x_wconf 90' lang='lat' dir='ltr'><strong>sum</strong></span> <span class='ocrx_word' id='word_1_34' title='bbox 1327 598 1490 652; x_wconf 90' lang='lat' dir='ltr'><strong>opere</strong></span> <span class='ocrx_word' id='word_1_35' title='bbox 1518 584 1759 652; x_wconf 81' lang='lat' dir='ltr'><strong>gavisus.</strong></span> 
     </span>
    </p>
   </div>
   <div class='ocr_carea' id='block_1_8' title="bbox 471 671 1965 740">
    <p class='ocr_par' dir='ltr' id='par_1_8' title="bbox 471 671 1965 740">
     <span class='ocr_line' id='line_1_8' title="bbox 471 671 1965 740; baseline 0.003 -16"><span class='ocrx_word' id='word_1_36' title='bbox 471 671 607 724; x_wconf 89' lang='lat' dir='ltr'><strong>Hinc</strong></span> <span class='ocrx_word' id='word_1_37' title='bbox 638 671 748 731; x_wconf 87' lang='lat' dir='ltr'><strong>illa,</strong></span> <span class='ocrx_word' id='word_1_38' title='bbox 786 687 904 740; x_wconf 74' lang='lat' dir='ltr'><strong>quae</strong></span> <span class='ocrx_word' id='word_1_39' title='bbox 932 681 1123 726; x_wconf 86' lang='lat' dir='ltr'><strong>contra</strong></span> <span class='ocrx_word' id='word_1_40' title='bbox 1177 689 1276 728; x_wconf 91' lang='lat' dir='ltr'><strong>nos</strong></span> <span class='ocrx_word' id='word_1_41' title='bbox 1312 675 1474 726; x_wconf 90' lang='lat' dir='ltr'><strong>allata</strong></span> <span class='ocrx_word' id='word_1_42' title='bbox 1525 687 1674 740; x_wconf 88' lang='lat' dir='ltr'><strong>sunt,</strong></span> <span class='ocrx_word' id='word_1_43' title='bbox 1710 675 1965 730; x_wconf 91' lang='lat' dir='ltr'><strong>universa</strong></span> 
     </span>
    </p>
   </div>
   <div class='ocr_carea' id='block_1_9' title="bbox 401 763 1968 837">
    <p class='ocr_par' dir='ltr' id='par_1_9' title="bbox 401 763 1968 837">
     <span class='ocr_line' id='line_1_9' title="bbox 401 763 1968 837; baseline 0.004 -21"><span class='ocrx_word' id='word_1_44' title='bbox 401 764 705 816; x_wconf 83' lang='lat' dir='ltr'><strong>solvuntur.</strong></span> <span class='ocrx_word' id='word_1_45' title='bbox 737 763 795 815; x_wconf 87' lang='lat' dir='ltr'><strong>Si</strong></span> <span class='ocrx_word' id='word_1_46' title='bbox 827 778 920 830; x_wconf 92' lang='lat' dir='ltr'><strong>per</strong></span> <span class='ocrx_word' id='word_1_47' title='bbox 956 779 1267 832; x_wconf 78' lang='lat' dir='ltr'><strong>azymorum</strong></span> <span class='ocrx_word' id='word_1_48' title='bbox 1302 766 1440 828; x_wconf 90' lang='lat' dir='ltr'><strong>dies,</strong></span> <span class='ocrx_word' id='word_1_49' title='bbox 1493 766 1770 836; x_wconf 73' lang='lat' dir='ltr'><strong>inquiunt,</strong></span> <span class='ocrx_word' id='word_1_50' title='bbox 1803 767 1968 837; x_wconf 71' lang='lat' dir='ltr'><strong>spicae</strong></span> 
     </span>
    </p>
   </div>
   <div class='ocr_carea' id='block_1_10' title="bbox 399 852 1965 920">
    <p class='ocr_par' dir='ltr' id='par_1_10' title="bbox 399 852 1965 920">
     <span class='ocr_line' id='line_1_10' title="bbox 399 852 1965 920; baseline 0.004 -14"><span class='ocrx_word' id='word_1_51' title='bbox 399 853 596 908; x_wconf 81' lang='lat' dir='ltr'><strong>messis</strong></span> <span class='ocrx_word' id='word_1_52' title='bbox 624 852 936 907; x_wconf 74' lang='lat' dir='ltr'><strong>hordeaceae</strong></span> <span class='ocrx_word' id='word_1_53' title='bbox 969 854 1145 907; x_wconf 85' lang='lat' dir='ltr'><strong>adhuc</strong></span> <span class='ocrx_word' id='word_1_54' title='bbox 1168 855 1436 920; x_wconf 88' lang='lat' dir='ltr'><strong>virehant,</strong></span> <span class='ocrx_word' id='word_1_55' title='bbox 1458 856 1695 910; x_wconf 81' lang='lat' dir='ltr'><strong>triticum</strong></span> <span class='ocrx_word' id='word_1_56' title='bbox 1726 859 1965 912; x_wconf 90' lang='lat' dir='ltr'><strong>nondum</strong></span> 
     </span>
    </p>
   </div>
   <div class='ocr_carea' id='block_1_11' title="bbox 400 946 1967 1020">
    <p class='ocr_par' dir='ltr' id='par_1_11' title="bbox 400 946 1967 1020">
     <span class='ocr_line' id='line_1_11' title="bbox 400 946 1967 1020; baseline 0.004 -23"><span class='ocrx_word' id='word_1_57' title='bbox 400 956 672 998; x_wconf 87' lang='lat' dir='ltr'><strong>maturum</strong></span> <span class='ocrx_word' id='word_1_58' title='bbox 700 961 822 1001; x_wconf 90' lang='lat' dir='ltr'><strong>esse</strong></span> <span class='ocrx_word' id='word_1_59' title='bbox 860 947 1054 1016; x_wconf 89' lang='lat' dir='ltr'><strong>potuit.</strong></span> <span class='ocrx_word' id='word_1_60' title='bbox 1083 946 1498 1016; x_wconf 85' lang='lat' dir='ltr'><strong>Respondemus</strong></span> <span class='ocrx_word' id='word_1_61' title='bbox 1527 989 1540 1012; x_wconf 95' lang='lat'><strong>,</strong></span> <span class='ocrx_word' id='word_1_62' title='bbox 1579 950 1817 1004; x_wconf 82' lang='lat' dir='ltr'><strong>virentes</strong></span> <span class='ocrx_word' id='word_1_63' title='bbox 1855 950 1967 1020; x_wconf 83' lang='lat' dir='ltr'><strong>spi-</strong></span> 
     </span>
    </p>
   </div>
   <div class='ocr_carea' id='block_1_12' title="bbox 399 1039 1962 1111">
    <p class='ocr_par' dir='ltr' id='par_1_12' title="bbox 399 1039 1962 1111">
     <span class='ocr_line' id='line_1_12' title="bbox 399 1039 1962 1111; baseline 0.004 -21"><span class='ocrx_word' id='word_1_64' title='bbox 399 1054 492 1092; x_wconf 91' lang='lat' dir='ltr'><strong>cas</strong></span> <span class='ocrx_word' id='word_1_65' title='bbox 516 1039 603 1093; x_wconf 90' lang='lat' dir='ltr'><strong>hic</strong></span> <span class='ocrx_word' id='word_1_66' title='bbox 633 1039 773 1093; x_wconf 90' lang='lat' dir='ltr'><strong>sumi</strong></span> <span class='ocrx_word' id='word_1_67' title='bbox 807 1054 905 1108; x_wconf 86' lang='lat' dir='ltr'><strong>pro</strong></span> <span class='ocrx_word' id='word_1_68' title='bbox 938 1039 1269 1103; x_wconf 86' lang='lat' dir='ltr'><strong>recentibus,</strong></span> <span class='ocrx_word' id='word_1_69' title='bbox 1293 1055 1400 1093; x_wconf 90' lang='lat' dir='ltr'><strong>non</strong></span> <span class='ocrx_word' id='word_1_70' title='bbox 1433 1042 1648 1111; x_wconf 89' lang='lat' dir='ltr'><strong>penitus</strong></span> <span class='ocrx_word' id='word_1_71' title='bbox 1677 1041 1962 1106; x_wconf 89' lang='lat' dir='ltr'><strong>viridibus,</strong></span> 
     </span>
    </p>
   </div>
   <div class='ocr_carea' id='block_1_13' title="bbox 398 1128 1967 1198">
    <p class='ocr_par' dir='ltr' id='par_1_13' title="bbox 398 1128 1967 1198">
     <span class='ocr_line' id='line_1_13' title="bbox 398 1128 1967 1198; baseline 0.008 -16"><span class='ocrx_word' id='word_1_72' title='bbox 398 1137 452 1182; x_wconf 90' lang='lat' dir='ltr'><strong>et</strong></span> <span class='ocrx_word' id='word_1_73' title='bbox 482 1128 807 1185; x_wconf 85' lang='lat' dir='ltr'><strong>immaturis.</strong></span> <span class='ocrx_word' id='word_1_74' title='bbox 844 1129 976 1184; x_wconf 77' lang='lat' dir='ltr'><strong>Nam</strong></span> <span class='ocrx_word' id='word_1_75' title='bbox 1001 1130 1264 1187; x_wconf 86' lang='lat' dir='ltr'><strong>Ilebraice</strong></span> <span class='ocrx_word' id='word_1_76' title='bbox 1291 1140 1374 1186; x_wconf 86' lang='lat' dir='ltr'><strong>est</strong></span> <span class='ocrx_word' id='word_1_77' title='bbox 1397 1131 1568 1187; x_wconf 90' lang='lat' dir='ltr'><strong>Levit.</strong></span> <span class='ocrx_word' id='word_1_78' title='bbox 1602 1148 1662 1195; x_wconf 85' lang='lat' dir='ltr'><strong>ll,</strong></span> <span class='ocrx_word' id='word_1_79' title='bbox 1698 1134 1785 1198; x_wconf 75' lang='lat' dir='ltr'><strong>M,</strong></span> <span class='ocrx_word' id='word_1_80' title='bbox 1829 1143 1967 1194; x_wconf 65' lang='lat' dir='ltr'><strong>aus</strong></span> 
     </span>
    </p>
   </div>
   <div class='ocr_carea' id='block_1_14' title="bbox 399 1201 1964 1300">
    <p class='ocr_par' dir='ltr' id='par_1_14' title="bbox 399 1201 1964 1300">
     <span class='ocr_line' id='line_1_14' title="bbox 399 1201 1964 1300; baseline 0.002 -27"><span class='ocrx_word' id='word_1_81' title='bbox 399 1201 512 1300; x_wconf 53' lang='grc' dir='ltr'><strong>’ἦρ</strong></span> <span class='ocrx_word' id='word_1_82' title='bbox 569 1221 714 1288; x_wconf 79' lang='lat' dir='ltr'><strong>spica</strong></span> <span class='ocrx_word' id='word_1_83' title='bbox 758 1237 972 1284; x_wconf 83' lang='lat' dir='ltr'><strong>recens,</strong></span> <span class='ocrx_word' id='word_1_84' title='bbox 1027 1233 1192 1284; x_wconf 84' lang='lat' dir='ltr'><strong>tosta,</strong></span> <span class='ocrx_word' id='word_1_85' title='bbox 1245 1231 1298 1277; x_wconf 91' lang='lat' dir='ltr'><strong>et</strong></span> <span class='ocrx_word' id='word_1_86' title='bbox 1353 1207 1506 1300; x_wconf 47' lang='grc' dir='ltr'><strong>ἦγε-η)</strong></span> <span class='ocrx_word' id='word_1_87' title='bbox 1567 1234 1676 1282; x_wconf 61' lang='lat' dir='ltr'><strong>an:</strong></span> <span class='ocrx_word' id='word_1_88' title='bbox 1731 1226 1964 1277; x_wconf 75' lang='lat' dir='ltr'><strong>triticum</strong></span> 
     </span>
    </p>
   </div>
   <div class='ocr_carea' id='block_1_15' title="bbox 398 1312 1965 1384">
    <p class='ocr_par' dir='ltr' id='par_1_15' title="bbox 398 1312 1965 1384">
     <span class='ocr_line' id='line_1_15' title="bbox 398 1312 1965 1384; baseline 0.006 -24"><span class='ocrx_word' id='word_1_89' title='bbox 398 1319 669 1364; x_wconf 82' lang='lat' dir='ltr'><strong>contusum</strong></span> <span class='ocrx_word' id='word_1_90' title='bbox 704 1313 860 1379; x_wconf 73' lang='lat' dir='ltr'><strong>spica:</strong></span> <span class='ocrx_word' id='word_1_91' title='bbox 888 1313 1072 1379; x_wconf 77' lang='lat' dir='ltr'><strong>plenw.</strong></span> <span class='ocrx_word' id='word_1_92' title='bbox 1124 1315 1198 1366; x_wconf 88' lang='lat' dir='ltr'><strong>lta</strong></span> <span class='ocrx_word' id='word_1_93' title='bbox 1233 1312 1299 1366; x_wconf 87' lang='lat' dir='ltr'><strong>lV</strong></span> <span class='ocrx_word' id='word_1_94' title='bbox 1343 1313 1473 1384; x_wconf 81' lang='lat' dir='ltr'><strong>Reg.</strong></span> <span class='ocrx_word' id='word_1_95' title='bbox 1510 1332 1578 1378; x_wconf 84' lang='lat' dir='ltr'><strong>IV,</strong></span> <span class='ocrx_word' id='word_1_96' title='bbox 1613 1315 1700 1370; x_wconf 67' lang='grc'><strong>42.</strong></span> <span class='ocrx_word' id='word_1_97' title='bbox 1755 1315 1965 1370; x_wconf 85' lang='lat' dir='ltr'><strong>Carmel</strong></span> 
     </span>
    </p>
   </div>
   <div class='ocr_carea' id='block_1_16' title="bbox 398 1401 1965 1475">
    <p class='ocr_par' dir='ltr' id='par_1_16' title="bbox 398 1401 1965 1475">
     <span class='ocr_line' id='line_1_16' title="bbox 398 1401 1965 1475; baseline 0.008 -24"><span class='ocrx_word' id='word_1_98' title='bbox 398 1401 717 1467; x_wconf 77' lang='lat' dir='ltr'><strong>frumentum</strong></span> <span class='ocrx_word' id='word_1_99' title='bbox 761 1420 947 1457; x_wconf 84' lang='lat' dir='ltr'><strong>novum</strong></span> <span class='ocrx_word' id='word_1_100' title='bbox 977 1405 1138 1460; x_wconf 86' lang='lat' dir='ltr'><strong>vertit</strong></span> <span class='ocrx_word' id='word_1_101' title='bbox 1187 1407 1473 1475; x_wconf 84' lang='lat' dir='ltr'><strong>interpres.</strong></span> <span class='ocrx_word' id='word_1_102' title='bbox 1509 1406 1618 1460; x_wconf 83' lang='lat' dir='ltr'><strong>Nec</strong></span> <span class='ocrx_word' id='word_1_103' title='bbox 1659 1415 1741 1462; x_wconf 91' lang='lat' dir='ltr'><strong>cst</strong></span> <span class='ocrx_word' id='word_1_104' title='bbox 1769 1408 1965 1463; x_wconf 85' lang='lat' dir='ltr'><strong>absur—</strong></span> 
     </span>
    </p>
   </div>
   <div class='ocr_carea' id='block_1_17' title="bbox 396 1492 1965 1567">
    <p class='ocr_par' dir='ltr' id='par_1_17' title="bbox 396 1492 1965 1567">
     <span class='ocr_line' id='line_1_17' title="bbox 396 1492 1965 1567; baseline 0.005 -25"><span class='ocrx_word' id='word_1_105' title='bbox 396 1492 548 1556; x_wconf 87' lang='lat' dir='ltr'><strong>dum,</strong></span> <span class='ocrx_word' id='word_1_106' title='bbox 590 1508 696 1562; x_wconf 88' lang='lat' dir='ltr'><strong>quo</strong></span> <span class='ocrx_word' id='word_1_107' title='bbox 727 1500 969 1563; x_wconf 91' lang='lat' dir='ltr'><strong>tempore</strong></span> <span class='ocrx_word' id='word_1_108' title='bbox 998 1497 1218 1550; x_wconf 89' lang='lat' dir='ltr'><strong>metitur</strong></span> <span class='ocrx_word' id='word_1_109' title='bbox 1254 1496 1538 1559; x_wconf 87' lang='lat' dir='ltr'><strong>hordeum,</strong></span> <span class='ocrx_word' id='word_1_110' title='bbox 1587 1498 1829 1553; x_wconf 87' lang='lat' dir='ltr'><strong>triticeas</strong></span> <span class='ocrx_word' id='word_1_111' title='bbox 1855 1499 1965 1567; x_wconf 91' lang='lat' dir='ltr'><strong>spi-</strong></span> 
     </span>
    </p>
   </div>
   <div class='ocr_carea' id='block_1_18' title="bbox 397 1584 1962 1652">
    <p class='ocr_par' dir='ltr' id='par_1_18' title="bbox 397 1584 1962 1652">
     <span class='ocr_line' id='line_1_18' title="bbox 397 1584 1962 1652; baseline 0.004 -17"><span class='ocrx_word' id='word_1_112' title='bbox 397 1598 511 1644; x_wconf 83' lang='lat' dir='ltr'><strong>cas,</strong></span> <span class='ocrx_word' id='word_1_113' title='bbox 540 1584 585 1640; x_wconf 92' lang='lat' dir='ltr'><strong>si</strong></span> <span class='ocrx_word' id='word_1_114' title='bbox 614 1584 792 1640; x_wconf 89' lang='lat' dir='ltr'><strong>minus</strong></span> <span class='ocrx_word' id='word_1_115' title='bbox 826 1587 892 1640; x_wconf 90' lang='lat' dir='ltr'><strong>ad</strong></span> <span class='ocrx_word' id='word_1_116' title='bbox 924 1602 1178 1652; x_wconf 85' lang='lat' dir='ltr'><strong>messem,</strong></span> <span class='ocrx_word' id='word_1_117' title='bbox 1216 1596 1363 1642; x_wconf 87' lang='lat' dir='ltr'><strong>certe</strong></span> <span class='ocrx_word' id='word_1_118' title='bbox 1390 1589 1456 1642; x_wconf 88' lang='lat' dir='ltr'><strong>ad</strong></span> <span class='ocrx_word' id='word_1_119' title='bbox 1488 1587 1820 1643; x_wconf 89' lang='lat' dir='ltr'><strong>vescendum</strong></span> <span class='ocrx_word' id='word_1_120' title='bbox 1851 1603 1962 1641; x_wconf 89' lang='lat' dir='ltr'><strong>ma-</strong></span> 
     </span>
    </p>
   </div>
   <div class='ocr_carea' id='block_1_19' title="bbox 396 1681 719 1731">
    <p class='ocr_par' dir='ltr' id='par_1_19' title="bbox 396 1681 719 1731">
     <span class='ocr_line' id='line_1_19' title="bbox 396 1681 719 1731; baseline 0.006 -4"><span class='ocrx_word' id='word_1_121' title='bbox 396 1681 548 1729; x_wconf 87' lang='lat' dir='ltr'><strong>turas</strong></span> <span class='ocrx_word' id='word_1_122' title='bbox 581 1692 719 1731; x_wconf 85' lang='lat' dir='ltr'><strong>esse.</strong></span> 
     </span>
    </p>
   </div>
   <div class='ocr_carea' id='block_1_20' title="bbox 2070 492 3630 568">
    <p class='ocr_par' dir='ltr' id='par_1_20' title="bbox 2070 492 3630 568">
     <span class='ocr_line' id='line_1_20' title="bbox 2070 492 3630 568; baseline 0.004 -20"><span class='ocrx_word' id='word_1_123' title='bbox 2070 510 2234 564; x_wconf 90' lang='lat' dir='ltr'><strong>porro</strong></span> <span class='ocrx_word' id='word_1_124' title='bbox 2289 493 2533 564; x_wconf 88' lang='lat' dir='ltr'><strong>subjicit,</strong></span> <span class='ocrx_word' id='word_1_125' title='bbox 2575 494 2643 548; x_wconf 84' lang='lat' dir='ltr'><strong>ab</strong></span> <span class='ocrx_word' id='word_1_126' title='bbox 2689 492 2870 548; x_wconf 87' lang='lat' dir='ltr'><strong>oblato</strong></span> <span class='ocrx_word' id='word_1_127' title='bbox 2909 495 3188 564; x_wconf 86' lang='lat' dir='ltr'><strong>manipulo</strong></span> <span class='ocrx_word' id='word_1_128' title='bbox 3212 496 3424 564; x_wconf 88' lang='lat' dir='ltr'><strong>publice</strong></span> <span class='ocrx_word' id='word_1_129' title='bbox 3453 501 3630 568; x_wconf 79' lang='lat' dir='ltr'><strong>priva-</strong></span> 
     </span>
    </p>
   </div>
   <div class='ocr_carea' id='block_1_21' title="bbox 2068 582 3633 660">
    <p class='ocr_par' dir='ltr' id='par_1_21' title="bbox 2068 582 3633 660">
     <span class='ocr_line' id='line_1_21' title="bbox 2068 582 3633 660; baseline 0.004 -24"><span class='ocrx_word' id='word_1_130' title='bbox 2068 585 2274 654; x_wconf 87' lang='lat' dir='ltr'><strong>timque</strong></span> <span class='ocrx_word' id='word_1_131' title='bbox 2318 592 2519 639; x_wconf 86' lang='lat' dir='ltr'><strong>metere</strong></span> <span class='ocrx_word' id='word_1_132' title='bbox 2578 582 2798 639; x_wconf 89' lang='lat' dir='ltr'><strong>licuisse</strong></span> <span class='ocrx_word' id='word_1_133' title='bbox 2837 603 2850 636; x_wconf 88' lang='lat'><strong>:</strong></span> <span class='ocrx_word' id='word_1_134' title='bbox 2889 583 2982 636; x_wconf 73' lang='grc' dir='ltr'><strong>καὶ</strong></span> <span class='ocrx_word' id='word_1_135' title='bbox 3020 584 3140 636; x_wconf 83' lang='grc' dir='ltr'>τότε</span> <span class='ocrx_word' id='word_1_136' title='bbox 3185 584 3367 638; x_wconf 75' lang='grc' dir='ltr'>λοιπὸν</span> <span class='ocrx_word' id='word_1_137' title='bbox 3401 586 3633 660; x_wconf 71' lang='grc' dir='ltr'><strong>δημοσίᾳ.</strong></span> 
     </span>
    </p>
   </div>
   <div class='ocr_carea' id='block_1_22' title="bbox 2068 673 3632 745">
    <p class='ocr_par' dir='ltr' id='par_1_22' title="bbox 2068 673 3632 745">
     <span class='ocr_line' id='line_1_22' title="bbox 2068 673 3632 745; baseline 0.004 -18"><span class='ocrx_word' id='word_1_138' title='bbox 2068 674 2241 742; x_wconf 74' lang='grc' dir='ltr'><strong>ἔξεστι</strong></span> <span class='ocrx_word' id='word_1_139' title='bbox 2271 677 2423 739; x_wconf 82' lang='grc' dir='ltr'><strong>πᾶσι,</strong></span> <span class='ocrx_word' id='word_1_140' title='bbox 2461 676 2554 728; x_wconf 71' lang='grc' dir='ltr'>καὶ</span> <span class='ocrx_word' id='word_1_141' title='bbox 2585 675 2692 745; x_wconf 75' lang='grc' dir='ltr'>ἰδίᾳ</span> <span class='ocrx_word' id='word_1_142' title='bbox 2715 673 2946 744; x_wconf 75' lang='grc' dir='ltr'>θερίζειν</span> <span class='ocrx_word' id='word_1_143' title='bbox 2967 713 2982 739; x_wconf 94' lang='grc'><strong>,</strong></span> <span class='ocrx_word' id='word_1_144' title='bbox 3007 677 3163 745; x_wconf 89' lang='lat' dir='ltr'><strong>quasi</strong></span> <span class='ocrx_word' id='word_1_145' title='bbox 3197 675 3250 729; x_wconf 92' lang='lat' dir='ltr'><strong>id</strong></span> <span class='ocrx_word' id='word_1_146' title='bbox 3283 684 3409 732; x_wconf 86' lang='lat' dir='ltr'><strong>ante</strong></span> <span class='ocrx_word' id='word_1_147' title='bbox 3437 693 3546 733; x_wconf 92' lang='lat' dir='ltr'><strong>non</strong></span> <span class='ocrx_word' id='word_1_148' title='bbox 3575 681 3632 734; x_wconf 84' lang='lat' dir='ltr'><strong>li-</strong></span> 
     </span>
    </p>
   </div>
   <div class='ocr_carea' id='block_1_23' title="bbox 2069 765 3634 835">
    <p class='ocr_par' dir='ltr' id='par_1_23' title="bbox 2069 765 3634 835">
     <span class='ocr_line' id='line_1_23' title="bbox 2069 765 3634 835; baseline 0.004 -17"><span class='ocrx_word' id='word_1_149' title='bbox 2069 766 2264 820; x_wconf 91' lang='lat' dir='ltr'><strong>cuerit.</strong></span> <span class='ocrx_word' id='word_1_150' title='bbox 2299 765 2403 820; x_wconf 86' lang='lat' dir='ltr'><strong>Sed</strong></span> <span class='ocrx_word' id='word_1_151' title='bbox 2433 765 2596 835; x_wconf 85' lang='lat' dir='ltr'><strong>hujus</strong></span> <span class='ocrx_word' id='word_1_152' title='bbox 2627 766 2704 819; x_wconf 90' lang='lat' dir='ltr'><strong>rei</strong></span> <span class='ocrx_word' id='word_1_153' title='bbox 2739 765 2948 819; x_wconf 92' lang='lat' dir='ltr'><strong>nullum</strong></span> <span class='ocrx_word' id='word_1_154' title='bbox 2981 767 3035 818; x_wconf 89' lang='lat' dir='ltr'><strong>in</strong></span> <span class='ocrx_word' id='word_1_155' title='bbox 3068 765 3242 820; x_wconf 88' lang='lat' dir='ltr'><strong>sacris</strong></span> <span class='ocrx_word' id='word_1_156' title='bbox 3269 765 3422 823; x_wconf 89' lang='lat' dir='ltr'><strong>libris</strong></span> <span class='ocrx_word' id='word_1_157' title='bbox 3454 777 3634 824; x_wconf 80' lang='lat' dir='ltr'><strong>exstat</strong></span> 
     </span>
    </p>
   </div>
   <div class='ocr_carea' id='block_1_24' title="bbox 2068 855 3637 928">
    <p class='ocr_par' dir='ltr' id='par_1_24' title="bbox 2068 855 3637 928">
     <span class='ocr_line' id='line_1_24' title="bbox 2068 855 3637 928; baseline 0.003 -16"><span class='ocrx_word' id='word_1_158' title='bbox 2068 858 2442 914; x_wconf 86' lang='lat' dir='ltr'><strong>interdictum.</strong></span> <span class='ocrx_word' id='word_1_159' title='bbox 2470 857 2580 913; x_wconf 81' lang='lat' dir='ltr'><strong>Nos</strong></span> <span class='ocrx_word' id='word_1_160' title='bbox 2611 865 2792 911; x_wconf 89' lang='lat' dir='ltr'><strong>autem</strong></span> <span class='ocrx_word' id='word_1_161' title='bbox 2816 856 2883 911; x_wconf 92' lang='lat' dir='ltr'><strong>de</strong></span> <span class='ocrx_word' id='word_1_162' title='bbox 2922 857 3120 928; x_wconf 91' lang='lat' dir='ltr'><strong>priscis</strong></span> <span class='ocrx_word' id='word_1_163' title='bbox 3147 855 3460 914; x_wconf 68' lang='lat' dir='ltr'><strong>Iudaeorum</strong></span> <span class='ocrx_word' id='word_1_164' title='bbox 3501 868 3637 916; x_wconf 85' lang='lat' dir='ltr'><strong>tem-</strong></span> 
     </span>
    </p>
   </div>
   <div class='ocr_carea' id='block_1_25' title="bbox 2069 949 3630 1021">
    <p class='ocr_par' dir='ltr' id='par_1_25' title="bbox 2069 949 3630 1021">
     <span class='ocr_line' id='line_1_25' title="bbox 2069 949 3630 1021; baseline 0.002 -16"><span class='ocrx_word' id='word_1_165' title='bbox 2069 952 2316 1021; x_wconf 90' lang='lat' dir='ltr'><strong>poribus,</strong></span> <span class='ocrx_word' id='word_1_166' title='bbox 2341 967 2450 1005; x_wconf 91' lang='lat' dir='ltr'><strong>non</strong></span> <span class='ocrx_word' id='word_1_167' title='bbox 2474 950 2693 1021; x_wconf 83' lang='lat' dir='ltr'><strong>Josephi</strong></span> <span class='ocrx_word' id='word_1_168' title='bbox 2737 958 2896 1004; x_wconf 76' lang='lat' dir='ltr'><strong>actate</strong></span> <span class='ocrx_word' id='word_1_169' title='bbox 2917 949 3209 1019; x_wconf 91' lang='lat' dir='ltr'><strong>loquimur.</strong></span> <span class='ocrx_word' id='word_1_170' title='bbox 3255 950 3417 1021; x_wconf 86' lang='lat' dir='ltr'><strong>Atqui</strong></span> <span class='ocrx_word' id='word_1_171' title='bbox 3436 953 3520 1007; x_wconf 88' lang='lat' dir='ltr'><strong>vel</strong></span> <span class='ocrx_word' id='word_1_172' title='bbox 3567 971 3630 1008; x_wconf 81' lang='lat' dir='ltr'><strong>ex</strong></span> 
     </span>
    </p>
   </div>
   <div class='ocr_carea' id='block_1_26' title="bbox 2068 1041 3635 1115">
    <p class='ocr_par' dir='ltr' id='par_1_26' title="bbox 2068 1041 3635 1115">
     <span class='ocr_line' id='line_1_26' title="bbox 2068 1041 3635 1115; baseline 0.002 -19"><span class='ocrx_word' id='word_1_173' title='bbox 2068 1043 2172 1098; x_wconf 91' lang='lat' dir='ltr'><strong>hoc</strong></span> <span class='ocrx_word' id='word_1_174' title='bbox 2201 1044 2320 1115; x_wconf 91' lang='lat' dir='ltr'><strong>ipso</strong></span> <span class='ocrx_word' id='word_1_175' title='bbox 2369 1043 2612 1112; x_wconf 89' lang='lat' dir='ltr'><strong>ejusdem</strong></span> <span class='ocrx_word' id='word_1_176' title='bbox 2659 1041 2907 1098; x_wconf 88' lang='lat' dir='ltr'><strong>historici</strong></span> <span class='ocrx_word' id='word_1_177' title='bbox 2949 1043 3067 1096; x_wconf 88' lang='lat' dir='ltr'><strong>loco</strong></span> <span class='ocrx_word' id='word_1_178' title='bbox 3095 1042 3322 1096; x_wconf 86' lang='lat' dir='ltr'><strong>evidens</strong></span> <span class='ocrx_word' id='word_1_179' title='bbox 3375 1052 3480 1102; x_wconf 88' lang='lat' dir='ltr'><strong>est.</strong></span> <span class='ocrx_word' id='word_1_180' title='bbox 3533 1047 3635 1100; x_wconf 89' lang='lat' dir='ltr'><strong>sub</strong></span> 
     </span>
    </p>
   </div>
   <div class='ocr_carea' id='block_1_27' title="bbox 2066 1136 3636 1209">
    <p class='ocr_par' dir='ltr' id='par_1_27' title="bbox 2066 1136 3636 1209">
     <span class='ocr_line' id='line_1_27' title="bbox 2066 1136 3636 1209; baseline 0.003 -19"><span class='ocrx_word' id='word_1_181' title='bbox 2066 1136 2276 1192; x_wconf 86' lang='lat' dir='ltr'><strong>Pascha</strong></span> <span class='ocrx_word' id='word_1_182' title='bbox 2315 1153 2546 1193; x_wconf 89' lang='lat' dir='ltr'><strong>messem</strong></span> <span class='ocrx_word' id='word_1_183' title='bbox 2591 1139 2645 1191; x_wconf 93' lang='lat' dir='ltr'><strong>in</strong></span> <span class='ocrx_word' id='word_1_184' title='bbox 2666 1136 2878 1207; x_wconf 63' lang='lat' dir='ltr'><strong>L.ludaea</strong></span> <span class='ocrx_word' id='word_1_185' title='bbox 2928 1148 3200 1206; x_wconf 88' lang='lat' dir='ltr'><strong>peractam</strong></span> <span class='ocrx_word' id='word_1_186' title='bbox 3236 1160 3249 1192; x_wconf 82' lang='lat'><strong>;</strong></span> <span class='ocrx_word' id='word_1_187' title='bbox 3289 1139 3438 1209; x_wconf 92' lang='lat' dir='ltr'><strong>quod</strong></span> <span class='ocrx_word' id='word_1_188' title='bbox 3477 1141 3636 1196; x_wconf 90' lang='lat' dir='ltr'><strong>nobis</strong></span> 
     </span>
    </p>
   </div>
   <div class='ocr_carea' id='block_1_28' title="bbox 2067 1229 3635 1300">
    <p class='ocr_par' dir='ltr' id='par_1_28' title="bbox 2067 1229 3635 1300">
     <span class='ocr_line' id='line_1_28' title="bbox 2067 1229 3635 1300; baseline 0.003 -16"><span class='ocrx_word' id='word_1_189' title='bbox 2067 1231 2202 1286; x_wconf 87' lang='lat' dir='ltr'><strong>satis</strong></span> <span class='ocrx_word' id='word_1_190' title='bbox 2235 1238 2342 1287; x_wconf 90' lang='lat' dir='ltr'><strong>est.</strong></span> <span class='ocrx_word' id='word_1_191' title='bbox 2371 1229 2529 1295; x_wconf 88' lang='lat' dir='ltr'><strong>Nam,</strong></span> <span class='ocrx_word' id='word_1_192' title='bbox 2566 1231 2613 1285; x_wconf 91' lang='lat' dir='ltr'><strong>si</strong></span> <span class='ocrx_word' id='word_1_193' title='bbox 2643 1238 2767 1300; x_wconf 93' lang='lat' dir='ltr'><strong>post</strong></span> <span class='ocrx_word' id='word_1_194' title='bbox 2797 1229 3086 1284; x_wconf 89' lang='lat' dir='ltr'><strong>delibatam</strong></span> <span class='ocrx_word' id='word_1_195' title='bbox 3141 1232 3415 1287; x_wconf 89' lang='lat' dir='ltr'><strong>oblatione</strong></span> <span class='ocrx_word' id='word_1_196' title='bbox 3460 1233 3635 1288; x_wconf 90' lang='lat' dir='ltr'><strong>mani-</strong></span> 
     </span>
    </p>
   </div>
   <div class='ocr_carea' id='block_1_29' title="bbox 2066 1322 3633 1394">
    <p class='ocr_par' dir='ltr' id='par_1_29' title="bbox 2066 1322 3633 1394">
     <span class='ocr_line' id='line_1_29' title="bbox 2066 1322 3633 1394; baseline 0.003 -19"><span class='ocrx_word' id='word_1_197' title='bbox 2066 1323 2178 1392; x_wconf 92' lang='lat' dir='ltr'><strong>puli</strong></span> <span class='ocrx_word' id='word_1_198' title='bbox 2208 1332 2463 1394; x_wconf 83' lang='lat' dir='ltr'><strong>segetem,</strong></span> <span class='ocrx_word' id='word_1_199' title='bbox 2495 1331 2697 1377; x_wconf 86' lang='lat' dir='ltr'><strong>metere</strong></span> <span class='ocrx_word' id='word_1_200' title='bbox 2730 1322 2813 1378; x_wconf 81' lang='lat' dir='ltr'><strong>fas</strong></span> <span class='ocrx_word' id='word_1_201' title='bbox 2853 1323 2989 1388; x_wconf 79' lang='lat' dir='ltr'><strong>fuit,</strong></span> <span class='ocrx_word' id='word_1_202' title='bbox 3020 1339 3149 1394; x_wconf 91' lang='lat' dir='ltr'><strong>ergo</strong></span> <span class='ocrx_word' id='word_1_203' title='bbox 3173 1333 3401 1380; x_wconf 59' lang='lat' dir='ltr'><strong>matura</strong></span> <span class='ocrx_word' id='word_1_204' title='bbox 3425 1325 3538 1394; x_wconf 88' lang='lat' dir='ltr'><strong>jam</strong></span> <span class='ocrx_word' id='word_1_205' title='bbox 3567 1327 3633 1380; x_wconf 89' lang='lat' dir='ltr'><strong>ad</strong></span> 
     </span>
    </p>
   </div>
   <div class='ocr_carea' id='block_1_30' title="bbox 2065 1416 3635 1486">
    <p class='ocr_par' dir='ltr' id='par_1_30' title="bbox 2065 1416 3635 1486">
     <span class='ocr_line' id='line_1_30' title="bbox 2065 1416 3635 1486; baseline 0.002 -16"><span class='ocrx_word' id='word_1_206' title='bbox 2065 1417 2298 1470; x_wconf 85' lang='lat' dir='ltr'><strong>inessem</strong></span> <span class='ocrx_word' id='word_1_207' title='bbox 2344 1421 2500 1470; x_wconf 88' lang='lat' dir='ltr'><strong>erant</strong></span> <span class='ocrx_word' id='word_1_208' title='bbox 2539 1424 2771 1486; x_wconf 83' lang='lat' dir='ltr'><strong>segetes,</strong></span> <span class='ocrx_word' id='word_1_209' title='bbox 2797 1417 2958 1469; x_wconf 89' lang='lat' dir='ltr'><strong>etiam</strong></span> <span class='ocrx_word' id='word_1_210' title='bbox 2990 1416 3236 1480; x_wconf 59' lang='lat' dir='ltr'><strong>triticea,</strong></span> <span class='ocrx_word' id='word_1_211' title='bbox 3298 1427 3463 1486; x_wconf 88' lang='lat' dir='ltr'><strong>atque</strong></span> <span class='ocrx_word' id='word_1_212' title='bbox 3514 1419 3635 1473; x_wconf 72' lang='lat' dir='ltr'><strong>ista:</strong></span> 
     </span>
    </p>
   </div>
   <div class='ocr_carea' id='block_1_31' title="bbox 2067 1505 3634 1580">
    <p class='ocr_par' dir='ltr' id='par_1_31' title="bbox 2067 1505 3634 1580">
     <span class='ocr_line' id='line_1_31' title="bbox 2067 1505 3634 1580; baseline 0.003 -20"><span class='ocrx_word' id='word_1_213' title='bbox 2067 1505 2259 1562; x_wconf 86' lang='lat' dir='ltr'><strong>saltem</strong></span> <span class='ocrx_word' id='word_1_214' title='bbox 2303 1506 2369 1560; x_wconf 88' lang='lat' dir='ltr'><strong>ad</strong></span> <span class='ocrx_word' id='word_1_215' title='bbox 2423 1521 2600 1560; x_wconf 90' lang='lat' dir='ltr'><strong>esum.</strong></span> <span class='ocrx_word' id='word_1_216' title='bbox 2659 1505 2810 1562; x_wconf 86' lang='lat' dir='ltr'><strong>Unde</strong></span> <span class='ocrx_word' id='word_1_217' title='bbox 2858 1505 3155 1562; x_wconf 86' lang='lat' dir='ltr'><strong>Sahbatum</strong></span> <span class='ocrx_word' id='word_1_218' title='bbox 3204 1509 3634 1580; x_wconf 90' lang='lat' dir='ltr'><strong>deuteroproton</strong></span> 
     </span>
    </p>
   </div>
   <div class='ocr_carea' id='block_1_32' title="bbox 2067 1596 3634 1672">
    <p class='ocr_par' dir='ltr' id='par_1_32' title="bbox 2067 1596 3634 1672">
     <span class='ocr_line' id='line_1_32' title="bbox 2067 1596 3634 1672; baseline 0.004 -22"><span class='ocrx_word' id='word_1_219' title='bbox 2067 1596 2299 1664; x_wconf 89' lang='lat' dir='ltr'><strong>septimo</strong></span> <span class='ocrx_word' id='word_1_220' title='bbox 2329 1596 2398 1650; x_wconf 90' lang='lat' dir='ltr'><strong>ab</strong></span> <span class='ocrx_word' id='word_1_221' title='bbox 2431 1597 2706 1652; x_wconf 89' lang='lat' dir='ltr'><strong>oblatione</strong></span> <span class='ocrx_word' id='word_1_222' title='bbox 2736 1599 2997 1668; x_wconf 91' lang='lat' dir='ltr'><strong>manipuli</strong></span> <span class='ocrx_word' id='word_1_223' title='bbox 3043 1599 3130 1655; x_wconf 90' lang='lat' dir='ltr'><strong>die</strong></span> <span class='ocrx_word' id='word_1_224' title='bbox 3173 1601 3489 1672; x_wconf 85' lang='lat' dir='ltr'><strong>contigisse,</strong></span> <span class='ocrx_word' id='word_1_225' title='bbox 3534 1604 3634 1656; x_wconf 81' lang='lat' dir='ltr'><strong>mi-</strong></span> 
     </span>
    </p>
   </div>
   <div class='ocr_carea' id='block_1_33' title="bbox 2066 1687 3638 1763">
    <p class='ocr_par' dir='ltr' id='par_1_33' title="bbox 2066 1687 3638 1763">
     <span class='ocr_line' id='line_1_33' title="bbox 2066 1687 3638 1763; baseline 0.006 -23"><span class='ocrx_word' id='word_1_226' title='bbox 2066 1688 2211 1742; x_wconf 91' lang='lat' dir='ltr'><strong>nime</strong></span> <span class='ocrx_word' id='word_1_227' title='bbox 2234 1703 2300 1740; x_wconf 78' lang='lat' dir='ltr'><strong>ex</strong></span> <span class='ocrx_word' id='word_1_228' title='bbox 2322 1703 2388 1742; x_wconf 93' lang='lat' dir='ltr'><strong>eo</strong></span> <span class='ocrx_word' id='word_1_229' title='bbox 2418 1687 2476 1745; x_wconf 87' lang='lat' dir='ltr'><strong>lit</strong></span> <span class='ocrx_word' id='word_1_230' title='bbox 2503 1689 2823 1754; x_wconf 89' lang='lat' dir='ltr'><strong>absurdum,</strong></span> <span class='ocrx_word' id='word_1_231' title='bbox 2856 1689 3002 1760; x_wconf 90' lang='lat' dir='ltr'><strong>quod</strong></span> <span class='ocrx_word' id='word_1_232' title='bbox 3031 1698 3148 1745; x_wconf 89' lang='lat' dir='ltr'><strong>tum</strong></span> <span class='ocrx_word' id='word_1_233' title='bbox 3177 1691 3417 1749; x_wconf 89' lang='lat' dir='ltr'><strong>virentes</strong></span> <span class='ocrx_word' id='word_1_234' title='bbox 3447 1694 3638 1763; x_wconf 83' lang='lat' dir='ltr'><strong>spicas</strong></span> 
     </span>
    </p>
   </div>
   <div class='ocr_carea' id='block_1_34' title="bbox 464 1745 3636 1863">
    <p class='ocr_par' dir='ltr' id='par_1_34' title="bbox 464 1745 3636 1863">
     <span class='ocr_line' id='line_1_34' title="bbox 464 1745 3636 1863; baseline 0.006 -43"><span class='ocrx_word' id='word_1_235' title='bbox 464 1764 734 1836; x_wconf 81' lang='lat' dir='ltr'><strong>Josephus</strong></span> <span class='ocrx_word' id='word_1_236' title='bbox 781 1769 817 1821; x_wconf 95' lang='lat' dir='ltr'><strong>l.</strong></span> <span class='ocrx_word' id='word_1_237' title='bbox 863 1767 931 1823; x_wconf 91' lang='lat' dir='ltr'><strong>Ill</strong></span> <span class='ocrx_word' id='word_1_238' title='bbox 971 1769 1144 1840; x_wconf 90' lang='lat' dir='ltr'><strong>0rig.,</strong></span> <span class='ocrx_word' id='word_1_239' title='bbox 1170 1785 1289 1840; x_wconf 90' lang='lat' dir='ltr'><strong>cap.</strong></span> <span class='ocrx_word' id='word_1_240' title='bbox 1331 1769 1378 1822; x_wconf 79' lang='grc' dir='ltr'>Χ</span> <span class='ocrx_word' id='word_1_241' title='bbox 1409 1772 1610 1826; x_wconf 90' lang='lat' dir='ltr'><strong>sentire</strong></span> <span class='ocrx_word' id='word_1_242' title='bbox 1649 1772 1862 1828; x_wconf 89' lang='lat' dir='ltr'><strong>videtur</strong></span> <span class='ocrx_word' id='word_1_243' title='bbox 1896 1791 1960 1829; x_wconf 85' lang='lat' dir='ltr'><strong>ex</strong></span> <span class='ocrx_word' id='word_1_244' title='bbox 1997 1745 2038 1798; x_wconf 77' lang='grc' dir='ltr'><strong>Β</strong></span> <span class='ocrx_word' id='word_1_245' title='bbox 2068 1779 2321 1834; x_wconf 90' lang='lat' dir='ltr'><strong>manibus</strong></span> <span class='ocrx_word' id='word_1_246' title='bbox 2376 1780 2494 1834; x_wconf 93' lang='lat' dir='ltr'><strong>suis</strong></span> <span class='ocrx_word' id='word_1_247' title='bbox 2543 1781 2776 1863; x_wconf 82' lang='lat' dir='ltr'><strong>apostoli</strong></span> <span class='ocrx_word' id='word_1_248' title='bbox 2831 1745 3204 1839; x_wconf 74' lang='lat' dir='ltr'><strong>defricarent:</strong></span> <span class='ocrx_word' id='word_1_249' title='bbox 3259 1786 3405 1855; x_wconf 91' lang='lat' dir='ltr'><strong>quod</strong></span> <span class='ocrx_word' id='word_1_250' title='bbox 3439 1745 3636 1840; x_wconf 67' lang='lat' dir='ltr'><strong>contra</strong></span> 
     </span>
    </p>
   </div>
   <div class='ocr_carea' id='block_1_35' title="bbox 397 1856 1962 1932">
    <p class='ocr_par' dir='ltr' id='par_1_35' title="bbox 397 1856 1962 1932">
     <span class='ocr_line' id='line_1_35' title="bbox 397 1856 1962 1932; baseline 0.008 -24"><span class='ocrx_word' id='word_1_251' title='bbox 397 1856 697 1913; x_wconf 86' lang='lat' dir='ltr'><strong>hordeacea</strong></span> <span class='ocrx_word' id='word_1_252' title='bbox 729 1876 906 1916; x_wconf 91' lang='lat' dir='ltr'><strong>messe</strong></span> <span class='ocrx_word' id='word_1_253' title='bbox 957 1861 1319 1932; x_wconf 86' lang='lat' dir='ltr'><strong>primitiarum</strong></span> <span class='ocrx_word' id='word_1_254' title='bbox 1357 1863 1598 1916; x_wconf 89' lang='lat' dir='ltr'><strong>oblatum</strong></span> <span class='ocrx_word' id='word_1_255' title='bbox 1631 1879 1754 1918; x_wconf 88' lang='lat' dir='ltr'><strong>esse</strong></span> <span class='ocrx_word' id='word_1_256' title='bbox 1789 1867 1962 1920; x_wconf 91' lang='lat' dir='ltr'><strong>mani-</strong></span> 
     </span>
    </p>
   </div>
   <div class='ocr_carea' id='block_1_36' title="bbox 397 1949 1962 2029">
    <p class='ocr_par' dir='ltr' id='par_1_36' title="bbox 397 1949 1962 2029">
     <span class='ocr_line' id='line_1_36' title="bbox 397 1949 1962 2029; baseline 0.007 -26"><span class='ocrx_word' id='word_1_257' title='bbox 397 1949 605 2019; x_wconf 88' lang='lat' dir='ltr'><strong>pulum.</strong></span> <span class='ocrx_word' id='word_1_258' title='bbox 634 1949 739 2006; x_wconf 88' lang='lat' dir='ltr'><strong>Sed</strong></span> <span class='ocrx_word' id='word_1_259' title='bbox 772 1953 905 2007; x_wconf 88' lang='lat' dir='ltr'><strong>nihil</strong></span> <span class='ocrx_word' id='word_1_260' title='bbox 937 1953 1041 2008; x_wconf 91' lang='lat' dir='ltr'><strong>hoc</strong></span> <span class='ocrx_word' id='word_1_261' title='bbox 1069 1953 1248 2009; x_wconf 90' lang='lat' dir='ltr'><strong>obstat</strong></span> <span class='ocrx_word' id='word_1_262' title='bbox 1291 1954 1423 2028; x_wconf 91' lang='lat' dir='ltr'><strong>quin</strong></span> <span class='ocrx_word' id='word_1_263' title='bbox 1457 1970 1524 2013; x_wconf 76' lang='lat' dir='ltr'><strong>ex</strong></span> <span class='ocrx_word' id='word_1_264' title='bbox 1558 1954 1680 2010; x_wconf 89' lang='lat' dir='ltr'><strong>aliis</strong></span> <span class='ocrx_word' id='word_1_265' title='bbox 1714 1955 1962 2029; x_wconf 77' lang='lat' dir='ltr'><strong>frugibus</strong></span> 
     </span>
    </p>
   </div>
   <div class='ocr_carea' id='block_1_37' title="bbox 2066 1869 3638 1945">
    <p class='ocr_par' dir='ltr' id='par_1_37' title="bbox 2066 1869 3638 1945">
     <span class='ocr_line' id='line_1_37' title="bbox 2066 1869 3638 1945; baseline 0.006 -23"><span class='ocrx_word' id='word_1_266' title='bbox 2066 1869 2547 1939; x_wconf 87' lang='lat' dir='ltr'><strong>reprehensionem</strong></span> <span class='ocrx_word' id='word_1_267' title='bbox 2595 1887 2856 1942; x_wconf 90' lang='lat' dir='ltr'><strong>nuperam</strong></span> <span class='ocrx_word' id='word_1_268' title='bbox 2909 1875 3246 1945; x_wconf 90' lang='lat' dir='ltr'><strong>propositum</strong></span> <span class='ocrx_word' id='word_1_269' title='bbox 3295 1883 3411 1931; x_wconf 86' lang='lat' dir='ltr'><strong>erat</strong></span> <span class='ocrx_word' id='word_1_270' title='bbox 3451 1884 3638 1931; x_wconf 88' lang='lat' dir='ltr'><strong>osten-</strong></span> 
     </span>
    </p>
   </div>
   <div class='ocr_carea' id='block_1_38' title="bbox 2066 1959 2212 2015">
    <p class='ocr_par' dir='ltr' id='par_1_38' title="bbox 2066 1959 2212 2015">
     <span class='ocr_line' id='line_1_38' title="bbox 2066 1959 2212 2015; baseline 0.007 -1"><span class='ocrx_word' id='word_1_271' title='bbox 2066 1959 2212 2015; x_wconf 91' lang='lat' dir='ltr'><strong>dere.</strong></span> 
     </span>
    </p>
   </div>
   <div class='ocr_carea' id='block_1_39' title="bbox 406 2117 3622 2170">
    <p class='ocr_par' dir='ltr' id='par_1_39' title="bbox 406 2117 3622 2170">
     <span class='ocr_line' id='line_1_39' title="bbox 406 2117 3622 2170; baseline -0.01 10"><span class='ocrx_word' id='word_1_272' title='bbox 406 2117 3622 2170; x_wconf 57' lang='lat'><strong>~——-—-—-——.————-—-——————-—————____.__</strong></span> 
     </span>
    </p>
   </div>
   <div class='ocr_carea' id='block_1_40' title="bbox 573 2289 3450 2444">
    <p class='ocr_par' dir='ltr' id='par_1_40' title="bbox 573 2289 3450 2444">
     <span class='ocr_line' id='line_1_40' title="bbox 573 2289 3450 2444; baseline 0.009 -26"><span class='ocrx_word' id='word_1_273' title='bbox 573 2289 770 2418; x_wconf 91' lang='lat' dir='ltr'><strong>DE</strong></span> <span class='ocrx_word' id='word_1_274' title='bbox 868 2289 1777 2423; x_wconf 57' lang='lat' dir='ltr'><strong>GRXECORUM</strong></span> <span class='ocrx_word' id='word_1_275' title='bbox 1871 2297 2280 2428; x_wconf 64' lang='lat' dir='ltr'><strong>fERIS</strong></span> <span class='ocrx_word' id='word_1_276' title='bbox 2381 2302 2572 2435; x_wconf 88' lang='lat' dir='ltr'><strong>AC</strong></span> <span class='ocrx_word' id='word_1_277' title='bbox 2659 2308 3450 2444; x_wconf 86' lang='lat' dir='ltr'><strong>COMPUTIS</strong></span> 
     </span>
    </p>
   </div>
   <div class='ocr_carea' id='block_1_41' title="bbox 1094 2535 2440 2646">
    <p class='ocr_par' dir='ltr' id='par_1_41' title="bbox 1094 2535 2440 2646">
     <span class='ocr_line' id='line_1_41' title="bbox 1094 2535 2440 2646; baseline 0.006 -12"><span class='ocrx_word' id='word_1_278' title='bbox 1094 2535 1099 2542; x_wconf 66' lang='grc'><em>’</em></span> <span class='ocrx_word' id='word_1_279' title='bbox 1320 2631 1326 2636; x_wconf 86' lang='grc'><strong>,</strong></span> <span class='ocrx_word' id='word_1_280' title='bbox 1612 2546 2440 2646; x_wconf 83' lang='lat' dir='ltr'><strong>DISSERTATIO.</strong></span> 
     </span>
    </p>
   </div>
   <div class='ocr_carea' id='block_1_42' title="bbox 1191 2721 2841 2800">
    <p class='ocr_par' dir='ltr' id='par_1_42' title="bbox 1191 2721 2841 2800">
     <span class='ocr_line' id='line_1_42' title="bbox 1191 2721 2841 2800; baseline 0.007 -23"><span class='ocrx_word' id='word_1_281' title='bbox 1191 2727 1477 2795; x_wconf 78' lang='lat' dir='ltr'><strong>(Dionysius</strong></span> <span class='ocrx_word' id='word_1_282' title='bbox 1517 2725 1772 2785; x_wconf 58' lang='lat' dir='ltr'><strong>Pennus,</strong></span> <span class='ocrx_word' id='word_1_283' title='bbox 1800 2724 1868 2774; x_wconf 79' lang='lat' dir='ltr'><strong>De</strong></span> <span class='ocrx_word' id='word_1_284' title='bbox 1900 2721 2121 2773; x_wconf 71' lang='lat' dir='ltr'><strong>doctrina</strong></span> <span class='ocrx_word' id='word_1_285' title='bbox 2151 2731 2436 2795; x_wconf 86' lang='lat' dir='ltr'><strong>temporum,</strong></span> <span class='ocrx_word' id='word_1_286' title='bbox 2459 2738 2495 2782; x_wconf 79' lang='grc' dir='ltr'><strong>ι.</strong></span> <span class='ocrx_word' id='word_1_287' title='bbox 2521 2733 2607 2797; x_wconf 87' lang='grc'><strong>111,</strong></span> <span class='ocrx_word' id='word_1_288' title='bbox 2631 2750 2680 2800; x_wconf 90' lang='lat' dir='ltr'><strong>p.</strong></span> <span class='ocrx_word' id='word_1_289' title='bbox 2709 2736 2841 2800; x_wconf 79' lang='grc'><strong>155.)</strong></span> 
     </span>
    </p>
   </div>
   <div class='ocr_carea' id='block_1_43' title="bbox 968 2945 1380 3006">
    <p class='ocr_par' dir='ltr' id='par_1_43' title="bbox 968 2945 1380 3006">
     <span class='ocr_line' id='line_1_43' title="bbox 968 2945 1380 3006; baseline 0.005 -2"><span class='ocrx_word' id='word_1_290' title='bbox 968 2945 1271 3004; x_wconf 83' lang='lat' dir='ltr'><strong>CAPUT</strong></span> <span class='ocrx_word' id='word_1_291' title='bbox 1321 2949 1380 3006; x_wconf 89' lang='grc'><strong>1.</strong></span> 
     </span>
    </p>
   </div>
   <div class='ocr_carea' id='block_1_44' title="bbox 395 3057 1956 3130">
    <p class='ocr_par' dir='ltr' id='par_1_44' title="bbox 395 3057 1956 3130">
     <span class='ocr_line' id='line_1_44' title="bbox 395 3057 1956 3130; baseline -0.001 -15"><span class='ocrx_word' id='word_1_292' title='bbox 395 3059 472 3115; x_wconf 65' lang='lat' dir='ltr'><strong>Ds</strong></span> <span class='ocrx_word' id='word_1_293' title='bbox 499 3060 696 3130; x_wconf 75' lang='lat' dir='ltr'><strong>triplici</strong></span> <span class='ocrx_word' id='word_1_294' title='bbox 727 3057 1027 3130; x_wconf 73' lang='lat' dir='ltr'><strong>ercorum</strong></span> <span class='ocrx_word' id='word_1_295' title='bbox 1074 3077 1206 3130; x_wconf 77' lang='lat' dir='ltr'><strong>wra,</strong></span> <span class='ocrx_word' id='word_1_296' title='bbox 1241 3077 1356 3129; x_wconf 74' lang='lat' dir='ltr'><strong>qua:</strong></span> <span class='ocrx_word' id='word_1_297' title='bbox 1392 3059 1460 3113; x_wconf 85' lang='lat' dir='ltr'><strong>ad</strong></span> <span class='ocrx_word' id='word_1_298' title='bbox 1506 3060 1956 3130; x_wconf 29' lang='lat' dir='ltr'><strong>duasAredigitur.</strong></span> 
     </span>
    </p>
   </div>
   <div class='ocr_carea' id='block_1_45' title="bbox 2136 2947 3634 3029">
    <p class='ocr_par' dir='ltr' id='par_1_45' title="bbox 2136 2947 3634 3029">
     <span class='ocr_line' id='line_1_45' title="bbox 2136 2947 3634 3029; baseline 0.011 -29"><span class='ocrx_word' id='word_1_299' title='bbox 2136 2947 2346 3004; x_wconf 88' lang='lat' dir='ltr'><strong>Etenim</strong></span> <span class='ocrx_word' id='word_1_300' title='bbox 2379 2960 2783 3022; x_wconf 85' lang='lat' dir='ltr'><strong>computorum,</strong></span> <span class='ocrx_word' id='word_1_301' title='bbox 2819 2957 2933 3012; x_wconf 90' lang='lat' dir='ltr'><strong>sive</strong></span> <span class='ocrx_word' id='word_1_302' title='bbox 2965 2956 3073 3008; x_wconf 82' lang='grc' dir='ltr'><strong>τῶν</strong></span> <span class='ocrx_word' id='word_1_303' title='bbox 3105 2959 3321 3029; x_wconf 81' lang='grc' dir='ltr'><strong>ὀμάδων</strong></span> <span class='ocrx_word' id='word_1_304' title='bbox 3352 2962 3634 3016; x_wconf 89' lang='lat' dir='ltr'><strong>annalium</strong></span> 
     </span>
    </p>
   </div>
   <div class='ocr_carea' id='block_1_46' title="bbox 2065 3039 3626 3116">
    <p class='ocr_par' dir='ltr' id='par_1_46' title="bbox 2065 3039 3626 3116">
     <span class='ocr_line' id='line_1_46' title="bbox 2065 3039 3626 3116; baseline 0.008 -24"><span class='ocrx_word' id='word_1_305' title='bbox 2065 3039 2354 3098; x_wconf 86' lang='lat' dir='ltr'><strong>diversitas</strong></span> <span class='ocrx_word' id='word_1_306' title='bbox 2397 3044 2450 3096; x_wconf 92' lang='lat' dir='ltr'><strong>in</strong></span> <span class='ocrx_word' id='word_1_307' title='bbox 2504 3060 2568 3099; x_wconf 88' lang='lat' dir='ltr'><strong>eo</strong></span> <span class='ocrx_word' id='word_1_308' title='bbox 2613 3048 2855 3116; x_wconf 91' lang='lat' dir='ltr'><strong>ponitur,</strong></span> <span class='ocrx_word' id='word_1_309' title='bbox 2891 3056 2949 3103; x_wconf 93' lang='lat' dir='ltr'><strong>ut</strong></span> <span class='ocrx_word' id='word_1_310' title='bbox 2979 3049 3031 3102; x_wconf 90' lang='lat' dir='ltr'><strong>in</strong></span> <span class='ocrx_word' id='word_1_311' title='bbox 3078 3066 3244 3104; x_wconf 88' lang='lat' dir='ltr'><strong>unum</strong></span> <span class='ocrx_word' id='word_1_312' title='bbox 3290 3058 3343 3105; x_wconf 89' lang='lat' dir='ltr'><strong>et</strong></span> <span class='ocrx_word' id='word_1_313' title='bbox 3383 3054 3626 3107; x_wconf 88' lang='lat' dir='ltr'><strong>eumdem</strong></span> 
     </span>
    </p>
   </div>
   <div class='ocr_carea' id='block_1_47' title="bbox 471 3108 3628 3210">
    <p class='ocr_par' dir='ltr' id='par_1_47' title="bbox 471 3108 3628 3210">
     <span class='ocr_line' id='line_1_47' title="bbox 471 3108 3628 3210; baseline 0.004 -29"><span class='ocrx_word' id='word_1_314' title='bbox 471 3108 788 3210; x_wconf 38' lang='grc' dir='ltr'><strong>Αἰθίδᾳ-αἰαῖ,</strong></span> <span class='ocrx_word' id='word_1_315' title='bbox 843 3129 1147 3210; x_wconf 49' lang='lat' dir='ltr'><strong>Pauodmj”</strong></span> <span class='ocrx_word' id='word_1_316' title='bbox 1181 3108 1563 3210; x_wconf 43' lang='lat' dir='ltr'><strong>C/tjronotogiq...</strong></span> <span class='ocrx_word' id='word_1_317' title='bbox 1615 3108 1908 3193; x_wconf 50' lang='lat' dir='ltr'><strong>Maxinams,</strong></span> <span class='ocrx_word' id='word_1_318' title='bbox 1989 3108 2033 3165; x_wconf 65' lang='grc' dir='ltr'><strong>(ἶ</strong></span> <span class='ocrx_word' id='word_1_319' title='bbox 2065 3144 2288 3196; x_wconf 87' lang='lat' dir='ltr'><strong>annum,</strong></span> <span class='ocrx_word' id='word_1_320' title='bbox 2318 3147 2418 3187; x_wconf 86' lang='lat' dir='ltr'><strong>ceu</strong></span> <span class='ocrx_word' id='word_1_321' title='bbox 2457 3149 2800 3192; x_wconf 90' lang='lat' dir='ltr'><strong>communem</strong></span> <span class='ocrx_word' id='word_1_322' title='bbox 2833 3141 3144 3205; x_wconf 89' lang='lat' dir='ltr'><strong>terminum,</strong></span> <span class='ocrx_word' id='word_1_323' title='bbox 3189 3141 3442 3210; x_wconf 89' lang='lat' dir='ltr'><strong>dispares</strong></span> <span class='ocrx_word' id='word_1_324' title='bbox 3483 3159 3628 3196; x_wconf 85' lang='lat' dir='ltr'><strong>sum-</strong></span> 
     </span>
    </p>
   </div>
   <div class='ocr_carea' id='block_1_48' title="bbox 466 3197 1961 3270">
    <p class='ocr_par' dir='ltr' id='par_1_48' title="bbox 466 3197 1961 3270">
     <span class='ocr_line' id='line_1_48' title="bbox 466 3197 1961 3270; baseline 0 -18"><span class='ocrx_word' id='word_1_325' title='bbox 466 3197 712 3267; x_wconf 74' lang='lat' dir='ltr'><strong>Seorgius</strong></span> <span class='ocrx_word' id='word_1_326' title='bbox 751 3197 1046 3269; x_wconf 80' lang='lat' dir='ltr'><strong>Syncellus,</strong></span> <span class='ocrx_word' id='word_1_327' title='bbox 1085 3197 1660 3270; x_wconf 54' lang='lat' dir='ltr'><strong>TIteop/tanes,&#39;aliique</strong></span> <span class='ocrx_word' id='word_1_328' title='bbox 1690 3208 1961 3253; x_wconf 86' lang='lat' dir='ltr'><strong>notantur.</strong></span> 
     </span>
    </p>
   </div>
   <div class='ocr_carea' id='block_1_49' title="bbox 466 3313 1964 3386">
    <p class='ocr_par' dir='ltr' id='par_1_49' title="bbox 466 3313 1964 3386">
     <span class='ocr_line' id='line_1_49' title="bbox 466 3313 1964 3386; baseline 0.003 -19"><span class='ocrx_word' id='word_1_329' title='bbox 466 3313 775 3367; x_wconf 47' lang='lat' dir='ltr'><strong>Graecorum</strong></span> <span class='ocrx_word' id='word_1_330' title='bbox 828 3322 1133 3384; x_wconf 88' lang='lat' dir='ltr'><strong>computos,</strong></span> <span class='ocrx_word' id='word_1_331' title='bbox 1184 3331 1431 3384; x_wconf 65' lang='lat' dir='ltr'><strong>aer-asque</strong></span> <span class='ocrx_word' id='word_1_332' title='bbox 1486 3315 1786 3386; x_wconf 63' lang='lat' dir='ltr'><strong>praecipuas</strong></span> <span class='ocrx_word' id='word_1_333' title='bbox 1842 3331 1964 3372; x_wconf 87' lang='lat' dir='ltr'><strong>esse</strong></span> 
     </span>
    </p>
   </div>
   <div class='ocr_carea' id='block_1_50' title="bbox 398 3405 1960 3468">
    <p class='ocr_par' dir='ltr' id='par_1_50' title="bbox 398 3405 1960 3468">
     <span class='ocr_line' id='line_1_50' title="bbox 398 3405 1960 3468; baseline 0.004 -12"><span class='ocrx_word' id='word_1_334' title='bbox 398 3412 530 3468; x_wconf 86' lang='lat' dir='ltr'><strong>tres,</strong></span> <span class='ocrx_word' id='word_1_335' title='bbox 565 3405 704 3459; x_wconf 92' lang='lat' dir='ltr'><strong>inter</strong></span> <span class='ocrx_word' id='word_1_336' title='bbox 731 3405 976 3459; x_wconf 91' lang='lat' dir='ltr'><strong>eruditos</strong></span> <span class='ocrx_word' id='word_1_337' title='bbox 1025 3408 1298 3462; x_wconf 84' lang='lat' dir='ltr'><strong>convenit.</strong></span> <span class='ocrx_word' id='word_1_338' title='bbox 1320 3407 1454 3460; x_wconf 86' lang='lat' dir='ltr'><strong>Nam</strong></span> <span class='ocrx_word' id='word_1_339' title='bbox 1503 3408 1664 3461; x_wconf 89' lang='lat' dir='ltr'><strong>aliam</strong></span> <span class='ocrx_word' id='word_1_340' title='bbox 1715 3422 1837 3462; x_wconf 91' lang='lat' dir='ltr'><strong>esse</strong></span> <span class='ocrx_word' id='word_1_341' title='bbox 1881 3408 1960 3462; x_wconf 59' lang='lat' dir='ltr'><strong>dio</strong></span> 
     </span>
    </p>
   </div>
   <div class='ocr_carea' id='block_1_51' title="bbox 397 3497 1962 3567">
    <p class='ocr_par' dir='ltr' id='par_1_51' title="bbox 397 3497 1962 3567">
     <span class='ocr_line' id='line_1_51' title="bbox 397 3497 1962 3567; baseline 0.001 -18"><span class='ocrx_word' id='word_1_342' title='bbox 397 3503 547 3557; x_wconf 91' lang='lat' dir='ltr'><strong>cunt,</strong></span> <span class='ocrx_word' id='word_1_343' title='bbox 584 3512 707 3567; x_wconf 75' lang='lat' dir='ltr'><strong>quae</strong></span> <span class='ocrx_word' id='word_1_344' title='bbox 744 3497 812 3551; x_wconf 88' lang='lat' dir='ltr'><strong>ab</strong></span> <span class='ocrx_word' id='word_1_345' title='bbox 849 3497 1004 3552; x_wconf 92' lang='lat' dir='ltr'><strong>initio</strong></span> <span class='ocrx_word' id='word_1_346' title='bbox 1052 3513 1238 3552; x_wconf 83' lang='lat' dir='ltr'><strong>rerum</strong></span> <span class='ocrx_word' id='word_1_347' title='bbox 1283 3499 1351 3553; x_wconf 89' lang='lat' dir='ltr'><strong>ad</strong></span> <span class='ocrx_word' id='word_1_348' title='bbox 1403 3497 1610 3553; x_wconf 88' lang='lat' dir='ltr'><strong>Christi</strong></span> <span class='ocrx_word' id='word_1_349' title='bbox 1650 3498 1707 3552; x_wconf 89' lang='lat' dir='ltr'><strong>in</strong></span> <span class='ocrx_word' id='word_1_350' title='bbox 1747 3505 1962 3554; x_wconf 89' lang='lat' dir='ltr'><strong>uterum</strong></span> 
     </span>
    </p>
   </div>
   <div class='ocr_carea' id='block_1_52' title="bbox 398 3585 1963 3658">
    <p class='ocr_par' dir='ltr' id='par_1_52' title="bbox 398 3585 1963 3658">
     <span class='ocr_line' id='line_1_52' title="bbox 398 3585 1963 3658; baseline 0.002 -21"><span class='ocrx_word' id='word_1_351' title='bbox 398 3585 636 3656; x_wconf 81' lang='lat' dir='ltr'><strong>Virginis</strong></span> <span class='ocrx_word' id='word_1_352' title='bbox 681 3587 994 3653; x_wconf 84' lang='lat' dir='ltr'><strong>adventum,</strong></span> <span class='ocrx_word' id='word_1_353' title='bbox 1043 3597 1136 3642; x_wconf 88' lang='lat' dir='ltr'><strong>aut</strong></span> <span class='ocrx_word' id='word_1_354' title='bbox 1185 3589 1416 3642; x_wconf 88' lang='lat' dir='ltr'><strong>natalem</strong></span> <span class='ocrx_word' id='word_1_355' title='bbox 1463 3603 1634 3643; x_wconf 90' lang='lat' dir='ltr'><strong>annos</strong></span> <span class='ocrx_word' id='word_1_356' title='bbox 1683 3595 1963 3658; x_wconf 85' lang='lat' dir='ltr'><strong>computat</strong></span> 
     </span>
    </p>
   </div>
   <div class='ocr_carea' id='block_1_53' title="bbox 396 3678 1961 3749">
    <p class='ocr_par' dir='ltr' id='par_1_53' title="bbox 396 3678 1961 3749">
     <span class='ocr_line' id='line_1_53' title="bbox 396 3678 1961 3749; baseline 0.001 -17"><span class='ocrx_word' id='word_1_357' title='bbox 396 3678 557 3741; x_wconf 60' lang='lat'><strong>5495,</strong></span> <span class='ocrx_word' id='word_1_358' title='bbox 614 3680 794 3745; x_wconf 86' lang='lat' dir='ltr'><strong>aliam,</strong></span> <span class='ocrx_word' id='word_1_359' title='bbox 853 3695 972 3749; x_wconf 82' lang='lat' dir='ltr'><strong>quae</strong></span> <span class='ocrx_word' id='word_1_360' title='bbox 1019 3694 1192 3734; x_wconf 89' lang='lat' dir='ltr'><strong>annos</strong></span> <span class='ocrx_word' id='word_1_361' title='bbox 1239 3687 1491 3734; x_wconf 90' lang='lat' dir='ltr'><strong>numerat</strong></span> <span class='ocrx_word' id='word_1_362' title='bbox 1540 3679 1700 3745; x_wconf 76' lang='lat'><strong>5501,</strong></span> <span class='ocrx_word' id='word_1_363' title='bbox 1745 3682 1961 3735; x_wconf 86' lang='lat' dir='ltr'><strong>tertiam</strong></span> 
     </span>
    </p>
   </div>
   <div class='ocr_carea' id='block_1_54' title="bbox 398 3770 1963 3842">
    <p class='ocr_par' dir='ltr' id='par_1_54' title="bbox 398 3770 1963 3842">
     <span class='ocr_line' id='line_1_54' title="bbox 398 3770 1963 3842; baseline 0.001 -18"><span class='ocrx_word' id='word_1_364' title='bbox 398 3786 518 3842; x_wconf 83' lang='lat' dir='ltr'><strong>quae</strong></span> <span class='ocrx_word' id='word_1_365' title='bbox 548 3770 686 3824; x_wconf 82' lang='lat'><strong>5509</strong></span> <span class='ocrx_word' id='word_1_366' title='bbox 717 3771 1022 3826; x_wconf 87' lang='lat' dir='ltr'><strong>constituit.</strong></span> <span class='ocrx_word' id='word_1_367' title='bbox 1067 3770 1305 3825; x_wconf 89' lang='lat' dir='ltr'><strong>Primam</strong></span> <span class='ocrx_word' id='word_1_368' title='bbox 1336 3771 1729 3826; x_wconf 86' lang='lat' dir='ltr'><strong>Antiochenam</strong></span> <span class='ocrx_word' id='word_1_369' title='bbox 1778 3771 1963 3842; x_wconf 84' lang='lat' dir='ltr'><strong>appel-</strong></span> 
     </span>
    </p>
   </div>
   <div class='ocr_carea' id='block_1_55' title="bbox 399 3862 1964 3932">
    <p class='ocr_par' dir='ltr' id='par_1_55' title="bbox 399 3862 1964 3932">
     <span class='ocr_line' id='line_1_55' title="bbox 399 3862 1964 3932; baseline 0.003 -19"><span class='ocrx_word' id='word_1_370' title='bbox 399 3863 512 3914; x_wconf 89' lang='lat' dir='ltr'><strong>lant</strong></span> <span class='ocrx_word' id='word_1_371' title='bbox 545 3862 731 3931; x_wconf 92' lang='lat' dir='ltr'><strong>aliqui,</strong></span> <span class='ocrx_word' id='word_1_372' title='bbox 760 3863 1053 3917; x_wconf 80' lang='lat' dir='ltr'><strong>secundam</strong></span> <span class='ocrx_word' id='word_1_373' title='bbox 1085 3862 1471 3932; x_wconf 66' lang='lat' dir='ltr'><strong>Aﬁthiopicam,</strong></span> <span class='ocrx_word' id='word_1_374' title='bbox 1500 3863 1712 3917; x_wconf 88' lang='lat' dir='ltr'><strong>tertiam</strong></span> <span class='ocrx_word' id='word_1_375' title='bbox 1732 3863 1964 3918; x_wconf 79' lang='lat' dir='ltr'><strong>Alexan-</strong></span> 
     </span>
    </p>
   </div>
   <div class='ocr_carea' id='block_1_56' title="bbox 397 3951 1962 4026">
    <p class='ocr_par' dir='ltr' id='par_1_56' title="bbox 397 3951 1962 4026">
     <span class='ocr_line' id='line_1_56' title="bbox 397 3951 1962 4026; baseline 0.003 -22"><span class='ocrx_word' id='word_1_376' title='bbox 397 3952 630 4007; x_wconf 89' lang='lat' dir='ltr'><strong>drinam.</strong></span> <span class='ocrx_word' id='word_1_377' title='bbox 698 3951 939 4023; x_wconf 82' lang='lat' dir='ltr'><strong>Scaliger</strong></span> <span class='ocrx_word' id='word_1_378' title='bbox 987 3953 1055 4007; x_wconf 88' lang='lat' dir='ltr'><strong>ad</strong></span> <span class='ocrx_word' id='word_1_379' title='bbox 1121 3952 1394 4024; x_wconf 82' lang='lat' dir='ltr'><strong>Excerpta</strong></span> <span class='ocrx_word' id='word_1_380' title='bbox 1463 3953 1680 4008; x_wconf 81' lang='lat' dir='ltr'><strong>Maximi</strong></span> <span class='ocrx_word' id='word_1_381' title='bbox 1731 3955 1962 4026; x_wconf 88' lang='lat' dir='ltr'><strong>primam</strong></span> 
     </span>
    </p>
   </div>
   <div class='ocr_carea' id='block_1_57' title="bbox 399 4041 1960 4112">
    <p class='ocr_par' dir='ltr' id='par_1_57' title="bbox 399 4041 1960 4112">
     <span class='ocr_line' id='line_1_57' title="bbox 399 4041 1960 4112; baseline 0.002 -20"><span class='ocrx_word' id='word_1_382' title='bbox 399 4042 641 4094; x_wconf 88' lang='lat' dir='ltr'><strong>nominat</strong></span> <span class='ocrx_word' id='word_1_383' title='bbox 669 4041 937 4105; x_wconf 89' lang='lat' dir='ltr'><strong>lunarem,</strong></span> <span class='ocrx_word' id='word_1_384' title='bbox 971 4043 1202 4096; x_wconf 82' lang='lat' dir='ltr'><strong>mediam</strong></span> <span class='ocrx_word' id='word_1_385' title='bbox 1245 4042 1587 4107; x_wconf 87' lang='lat' dir='ltr'><strong>orientalem,</strong></span> <span class='ocrx_word' id='word_1_386' title='bbox 1633 4051 1960 4112; x_wconf 89' lang='lat' dir='ltr'><strong>postremam</strong></span> 
     </span>
    </p>
   </div>
   <div class='ocr_carea' id='block_1_58' title="bbox 399 4132 1963 4207">
    <p class='ocr_par' dir='ltr' id='par_1_58' title="bbox 399 4132 1963 4207">
     <span class='ocr_line' id='line_1_58' title="bbox 399 4132 1963 4207; baseline 0.005 -27"><span class='ocrx_word' id='word_1_387' title='bbox 399 4132 707 4201; x_wconf 80' lang='lat' dir='ltr'><strong>paschalem</strong></span> <span class='ocrx_word' id='word_1_388' title='bbox 737 4152 750 4187; x_wconf 89' lang='lat'><strong>:</strong></span> <span class='ocrx_word' id='word_1_389' title='bbox 789 4149 1020 4203; x_wconf 89' lang='lat' dir='ltr'><strong>quarum</strong></span> <span class='ocrx_word' id='word_1_390' title='bbox 1059 4135 1480 4203; x_wconf 88' lang='lat' dir='ltr'><strong>appellationum</strong></span> <span class='ocrx_word' id='word_1_391' title='bbox 1509 4135 1748 4204; x_wconf 80' lang='lat' dir='ltr'><strong>origines</strong></span> <span class='ocrx_word' id='word_1_392' title='bbox 1775 4136 1963 4207; x_wconf 89' lang='lat' dir='ltr'><strong>dispu-</strong></span> 
     </span>
    </p>
   </div>
   <div class='ocr_carea' id='block_1_59' title="bbox 396 4209 1961 4293">
    <p class='ocr_par' dir='ltr' id='par_1_59' title="bbox 396 4209 1961 4293">
     <span class='ocr_line' id='line_1_59' title="bbox 396 4209 1961 4293; baseline 0.003 -19"><span class='ocrx_word' id='word_1_393' title='bbox 396 4230 476 4275; x_wconf 81' lang='lat' dir='ltr'><strong>tat</strong></span> <span class='ocrx_word' id='word_1_394' title='bbox 526 4224 684 4277; x_wconf 86' lang='lat' dir='ltr'><strong>initio</strong></span> <span class='ocrx_word' id='word_1_395' title='bbox 721 4223 845 4278; x_wconf 88' lang='lat' dir='ltr'><strong>libri</strong></span> <span class='ocrx_word' id='word_1_396' title='bbox 891 4222 936 4278; x_wconf 71' lang='grc' dir='ltr'><strong>γ</strong></span> <span class='ocrx_word' id='word_1_397' title='bbox 977 4223 1053 4279; x_wconf 86' lang='lat' dir='ltr'><strong>De</strong></span> <span class='ocrx_word' id='word_1_398' title='bbox 1103 4209 1460 4278; x_wconf 47' lang='lat' dir='ltr'><strong>enuntiatione</strong></span> <span class='ocrx_word' id='word_1_399' title='bbox 1505 4234 1812 4293; x_wconf 87' lang='lat' dir='ltr'><strong>temporum.</strong></span> <span class='ocrx_word' id='word_1_400' title='bbox 1856 4225 1961 4280; x_wconf 88' lang='lat' dir='ltr'><strong>Sed</strong></span> 
     </span>
    </p>
   </div>
   <div class='ocr_carea' id='block_1_60' title="bbox 395 4314 1960 4385">
    <p class='ocr_par' dir='ltr' id='par_1_60' title="bbox 395 4314 1960 4385">
     <span class='ocr_line' id='line_1_60' title="bbox 395 4314 1960 4385; baseline 0.002 -20"><span class='ocrx_word' id='word_1_401' title='bbox 395 4328 490 4365; x_wconf 88' lang='lat' dir='ltr'><strong>eas</strong></span> <span class='ocrx_word' id='word_1_402' title='bbox 536 4327 565 4365; x_wconf 89' lang='lat' dir='ltr'><strong>a</strong></span> <span class='ocrx_word' id='word_1_403' title='bbox 609 4314 766 4368; x_wconf 91' lang='lat' dir='ltr'><strong>nobis</strong></span> <span class='ocrx_word' id='word_1_404' title='bbox 795 4314 1110 4368; x_wconf 84' lang='lat' dir='ltr'><strong>confutatas</strong></span> <span class='ocrx_word' id='word_1_405' title='bbox 1155 4314 1358 4378; x_wconf 90' lang='lat' dir='ltr'><strong>habes,</strong></span> <span class='ocrx_word' id='word_1_406' title='bbox 1394 4315 1720 4385; x_wconf 88' lang='lat' dir='ltr'><strong>penitusque</strong></span> <span class='ocrx_word' id='word_1_407' title='bbox 1769 4316 1960 4369; x_wconf 79' lang='lat' dir='ltr'><strong>convi-</strong></span> 
     </span>
    </p>
   </div>
   <div class='ocr_carea' id='block_1_61' title="bbox 2064 3219 3631 3300">
    <p class='ocr_par' dir='ltr' id='par_1_61' title="bbox 2064 3219 3631 3300">
     <span class='ocr_line' id='line_1_61' title="bbox 2064 3219 3631 3300; baseline 0.008 -28"><span class='ocrx_word' id='word_1_408' title='bbox 2064 3234 2166 3273; x_wconf 75' lang='lat' dir='ltr'><strong>ma:</strong></span> <span class='ocrx_word' id='word_1_409' title='bbox 2197 3219 2468 3279; x_wconf 86' lang='lat' dir='ltr'><strong>desinant.</strong></span> <span class='ocrx_word' id='word_1_410' title='bbox 2490 3224 2645 3290; x_wconf 83' lang='lat' dir='ltr'><strong>Quod</strong></span> <span class='ocrx_word' id='word_1_411' title='bbox 2686 3228 2732 3282; x_wconf 92' lang='lat' dir='ltr'><strong>si</strong></span> <span class='ocrx_word' id='word_1_412' title='bbox 2769 3229 2890 3284; x_wconf 91' lang='lat' dir='ltr'><strong>aliis</strong></span> <span class='ocrx_word' id='word_1_413' title='bbox 2920 3239 3081 3300; x_wconf 88' lang='lat' dir='ltr'><strong>atque</strong></span> <span class='ocrx_word' id='word_1_414' title='bbox 3122 3231 3244 3286; x_wconf 88' lang='lat' dir='ltr'><strong>aliis</strong></span> <span class='ocrx_word' id='word_1_415' title='bbox 3275 3231 3438 3286; x_wconf 85' lang='lat' dir='ltr'><strong>annis</strong></span> <span class='ocrx_word' id='word_1_416' title='bbox 3471 3233 3631 3286; x_wconf 80' lang='lat' dir='ltr'><strong>iidem</strong></span> 
     </span>
    </p>
   </div>
   <div class='ocr_carea' id='block_1_62' title="bbox 2065 3310 3636 3388">
    <p class='ocr_par' dir='ltr' id='par_1_62' title="bbox 2065 3310 3636 3388">
     <span class='ocr_line' id='line_1_62' title="bbox 2065 3310 3636 3388; baseline 0.004 -25"><span class='ocrx_word' id='word_1_417' title='bbox 2065 3310 2436 3367; x_wconf 91' lang='lat' dir='ltr'><strong>inscribantur</strong></span> <span class='ocrx_word' id='word_1_418' title='bbox 2475 3314 2642 3380; x_wconf 91' lang='lat' dir='ltr'><strong>tituli,</strong></span> <span class='ocrx_word' id='word_1_419' title='bbox 2689 3331 2799 3370; x_wconf 89' lang='lat' dir='ltr'><strong>non</strong></span> <span class='ocrx_word' id='word_1_420' title='bbox 2852 3317 3012 3373; x_wconf 87' lang='lat' dir='ltr'><strong>debet</strong></span> <span class='ocrx_word' id='word_1_421' title='bbox 3054 3328 3340 3388; x_wconf 82' lang='lat' dir='ltr'><strong>prepterea</strong></span> <span class='ocrx_word' id='word_1_422' title='bbox 3381 3320 3636 3374; x_wconf 77' lang='lat' dir='ltr'><strong>diversus</strong></span> 
     </span>
    </p>
   </div>
   <div class='ocr_carea' id='block_1_63' title="bbox 2065 3402 3636 3480">
    <p class='ocr_par' dir='ltr' id='par_1_63' title="bbox 2065 3402 3636 3480">
     <span class='ocr_line' id='line_1_63' title="bbox 2065 3402 3636 3480; baseline 0.007 -27"><span class='ocrx_word' id='word_1_423' title='bbox 2065 3402 2326 3471; x_wconf 87' lang='lat' dir='ltr'><strong>appellari</strong></span> <span class='ocrx_word' id='word_1_424' title='bbox 2358 3414 2683 3474; x_wconf 90' lang='lat' dir='ltr'><strong>computus;</strong></span> <span class='ocrx_word' id='word_1_425' title='bbox 2714 3409 2858 3478; x_wconf 88' lang='lat' dir='ltr'><strong>quod</strong></span> <span class='ocrx_word' id='word_1_426' title='bbox 2893 3410 2958 3463; x_wconf 84' lang='lat' dir='ltr'><strong>ad</strong></span> <span class='ocrx_word' id='word_1_427' title='bbox 3005 3409 3419 3480; x_wconf 83' lang='lat' dir='ltr'><strong>longinquiores</strong></span> <span class='ocrx_word' id='word_1_428' title='bbox 3461 3426 3636 3464; x_wconf 90' lang='lat' dir='ltr'><strong>annos</strong></span> 
     </span>
    </p>
   </div>
   <div class='ocr_carea' id='block_1_64' title="bbox 2065 3493 3640 3571">
    <p class='ocr_par' dir='ltr' id='par_1_64' title="bbox 2065 3493 3640 3571">
     <span class='ocr_line' id='line_1_64' title="bbox 2065 3493 3640 3571; baseline 0.004 -25"><span class='ocrx_word' id='word_1_429' title='bbox 2065 3493 2241 3563; x_wconf 89' lang='lat' dir='ltr'><strong>major</strong></span> <span class='ocrx_word' id='word_1_430' title='bbox 2268 3511 2569 3561; x_wconf 88' lang='lat' dir='ltr'><strong>numerus;</strong></span> <span class='ocrx_word' id='word_1_431' title='bbox 2601 3499 2781 3552; x_wconf 88' lang='lat' dir='ltr'><strong>minor</strong></span> <span class='ocrx_word' id='word_1_432' title='bbox 2813 3507 2996 3554; x_wconf 89' lang='lat' dir='ltr'><strong>autem</strong></span> <span class='ocrx_word' id='word_1_433' title='bbox 3022 3501 3088 3554; x_wconf 89' lang='lat' dir='ltr'><strong>ad</strong></span> <span class='ocrx_word' id='word_1_434' title='bbox 3121 3502 3539 3571; x_wconf 86' lang='lat' dir='ltr'><strong>propinquiores</strong></span> <span class='ocrx_word' id='word_1_435' title='bbox 3568 3502 3640 3553; x_wconf 83' lang='lat' dir='ltr'><strong>ah</strong></span> 
     </span>
    </p>
   </div>
   <div class='ocr_carea' id='block_1_65' title="bbox 2065 3585 3635 3662">
    <p class='ocr_par' dir='ltr' id='par_1_65' title="bbox 2065 3585 3635 3662">
     <span class='ocr_line' id='line_1_65' title="bbox 2065 3585 3635 3662; baseline 0.004 -23"><span class='ocrx_word' id='word_1_436' title='bbox 2065 3585 2251 3640; x_wconf 90' lang='lat' dir='ltr'><strong>eodem</strong></span> <span class='ocrx_word' id='word_1_437' title='bbox 2286 3588 2462 3657; x_wconf 90' lang='lat' dir='ltr'><strong>capite</strong></span> <span class='ocrx_word' id='word_1_438' title='bbox 2507 3589 2704 3645; x_wconf 87' lang='lat' dir='ltr'><strong>ductus</strong></span> <span class='ocrx_word' id='word_1_439' title='bbox 2744 3593 3072 3647; x_wconf 82' lang='lat' dir='ltr'><strong>extenditur.</strong></span> <span class='ocrx_word' id='word_1_440' title='bbox 3114 3591 3184 3647; x_wconf 87' lang='lat' dir='ltr'><strong>Ut</strong></span> <span class='ocrx_word' id='word_1_441' title='bbox 3211 3595 3353 3647; x_wconf 88' lang='lat' dir='ltr'><strong>enim</strong></span> <span class='ocrx_word' id='word_1_442' title='bbox 3387 3593 3635 3662; x_wconf 80' lang='lat' dir='ltr'><strong>exemplo</strong></span> 
     </span>
    </p>
   </div>
   <div class='ocr_carea' id='block_1_66' title="bbox 2065 3677 3638 3748">
    <p class='ocr_par' dir='ltr' id='par_1_66' title="bbox 2065 3677 3638 3748">
     <span class='ocr_line' id='line_1_66' title="bbox 2065 3677 3638 3748; baseline 0.004 -16"><span class='ocrx_word' id='word_1_443' title='bbox 2065 3677 2157 3732; x_wconf 86' lang='lat' dir='ltr'><strong>ﬁat</strong></span> <span class='ocrx_word' id='word_1_444' title='bbox 2183 3678 2328 3748; x_wconf 91' lang='lat' dir='ltr'><strong>quod</strong></span> <span class='ocrx_word' id='word_1_445' title='bbox 2363 3680 2486 3735; x_wconf 90' lang='lat' dir='ltr'><strong>dico</strong></span> <span class='ocrx_word' id='word_1_446' title='bbox 2508 3682 2728 3745; x_wconf 90' lang='lat' dir='ltr'><strong>clarius,</strong></span> <span class='ocrx_word' id='word_1_447' title='bbox 2759 3692 3010 3738; x_wconf 91' lang='lat' dir='ltr'><strong>sumatur</strong></span> <span class='ocrx_word' id='word_1_448' title='bbox 3040 3684 3107 3738; x_wconf 93' lang='lat' dir='ltr'><strong>ab</strong></span> <span class='ocrx_word' id='word_1_449' title='bbox 3137 3685 3268 3739; x_wconf 84' lang='lat' dir='ltr'><strong>orbe</strong></span> <span class='ocrx_word' id='word_1_450' title='bbox 3306 3685 3530 3738; x_wconf 87' lang='lat' dir='ltr'><strong>condito</strong></span> <span class='ocrx_word' id='word_1_451' title='bbox 3567 3683 3638 3738; x_wconf 87' lang='lat' dir='ltr'><strong>ad</strong></span> 
     </span>
    </p>
   </div>
   <div class='ocr_carea' id='block_1_67' title="bbox 2065 3773 3634 3845">
    <p class='ocr_par' dir='ltr' id='par_1_67' title="bbox 2065 3773 3634 3845">
     <span class='ocr_line' id='line_1_67' title="bbox 2065 3773 3634 3845; baseline 0.003 -21"><span class='ocrx_word' id='word_1_452' title='bbox 2065 3786 2266 3826; x_wconf 87' lang='lat' dir='ltr'><strong>annum</strong></span> <span class='ocrx_word' id='word_1_453' title='bbox 2337 3788 2458 3828; x_wconf 65' lang='lat' dir='ltr'><strong>uerae</strong></span> <span class='ocrx_word' id='word_1_454' title='bbox 2524 3773 2848 3830; x_wconf 72' lang='lat' dir='ltr'><strong>Christiana:</strong></span> <span class='ocrx_word' id='word_1_455' title='bbox 2904 3776 3136 3845; x_wconf 92' lang='lat' dir='ltr'><strong>primum</strong></span> <span class='ocrx_word' id='word_1_456' title='bbox 3197 3785 3381 3830; x_wconf 90' lang='lat' dir='ltr'><strong>certus</strong></span> <span class='ocrx_word' id='word_1_457' title='bbox 3436 3775 3634 3845; x_wconf 88' lang='lat' dir='ltr'><strong>aliquis</strong></span> 
     </span>
    </p>
   </div>
   <div class='ocr_carea' id='block_1_68' title="bbox 2065 3865 3633 3934">
    <p class='ocr_par' dir='ltr' id='par_1_68' title="bbox 2065 3865 3633 3934">
     <span class='ocr_line' id='line_1_68' title="bbox 2065 3865 3633 3934; baseline 0.002 -18"><span class='ocrx_word' id='word_1_458' title='bbox 2065 3873 2375 3934; x_wconf 83' lang='lat' dir='ltr'><strong>computus,</strong></span> <span class='ocrx_word' id='word_1_459' title='bbox 2407 3865 2550 3919; x_wconf 89' lang='lat' dir='ltr'><strong>velut</strong></span> <span class='ocrx_word' id='word_1_460' title='bbox 2587 3865 2676 3919; x_wconf 91' lang='lat' dir='ltr'><strong>ille</strong></span> <span class='ocrx_word' id='word_1_461' title='bbox 2711 3875 2897 3920; x_wconf 89' lang='lat' dir='ltr'><strong>noster</strong></span> <span class='ocrx_word' id='word_1_462' title='bbox 2926 3881 3193 3920; x_wconf 89' lang='lat' dir='ltr'><strong>annorum</strong></span> <span class='ocrx_word' id='word_1_463' title='bbox 3237 3866 3397 3929; x_wconf 86' lang='lat'><strong>5985,</strong></span> <span class='ocrx_word' id='word_1_464' title='bbox 3444 3866 3500 3919; x_wconf 87' lang='lat' dir='ltr'><strong>in</strong></span> <span class='ocrx_word' id='word_1_465' title='bbox 3543 3882 3633 3920; x_wconf 89' lang='lat' dir='ltr'><strong>eo-</strong></span> 
     </span>
    </p>
   </div>
   <div class='ocr_carea' id='block_1_69' title="bbox 2063 3955 3630 4027">
    <p class='ocr_par' dir='ltr' id='par_1_69' title="bbox 2063 3955 3630 4027">
     <span class='ocr_line' id='line_1_69' title="bbox 2063 3955 3630 4027; baseline 0.003 -20"><span class='ocrx_word' id='word_1_466' title='bbox 2063 3971 2170 4023; x_wconf 86' lang='lat' dir='ltr'><strong>que</strong></span> <span class='ocrx_word' id='word_1_467' title='bbox 2199 3955 2432 4011; x_wconf 90' lang='lat' dir='ltr'><strong>diversis</strong></span> <span class='ocrx_word' id='word_1_468' title='bbox 2455 3957 2611 4013; x_wconf 86' lang='lat' dir='ltr'><strong>annis</strong></span> <span class='ocrx_word' id='word_1_469' title='bbox 2639 3957 2825 4012; x_wconf 90' lang='lat' dir='ltr'><strong>eadem</strong></span> <span class='ocrx_word' id='word_1_470' title='bbox 2852 3958 3087 4027; x_wconf 85' lang='lat' dir='ltr'><strong>illigetur</strong></span> <span class='ocrx_word' id='word_1_471' title='bbox 3114 3958 3341 4027; x_wconf 89' lang='lat' dir='ltr'><strong>epocha,</strong></span> <span class='ocrx_word' id='word_1_472' title='bbox 3373 3957 3630 4011; x_wconf 90' lang='lat' dir='ltr'><strong>nimirum</strong></span> 
     </span>
    </p>
   </div>
   <div class='ocr_carea' id='block_1_70' title="bbox 2067 4045 3629 4116">
    <p class='ocr_par' dir='ltr' id='par_1_70' title="bbox 2067 4045 3629 4116">
     <span class='ocr_line' id='line_1_70' title="bbox 2067 4045 3629 4116; baseline -0.001 -16"><span class='ocrx_word' id='word_1_473' title='bbox 2067 4045 2230 4101; x_wconf 90' lang='lat' dir='ltr'><strong>Urbis</strong></span> <span class='ocrx_word' id='word_1_474' title='bbox 2256 4047 2526 4103; x_wconf 70' lang='lat' dir='ltr'><strong>conditm:</strong></span> <span class='ocrx_word' id='word_1_475' title='bbox 2561 4062 2722 4116; x_wconf 90' lang='lat' dir='ltr'><strong>quam</strong></span> <span class='ocrx_word' id='word_1_476' title='bbox 2754 4047 2894 4102; x_wconf 89' lang='lat' dir='ltr'><strong>alius</strong></span> <span class='ocrx_word' id='word_1_477' title='bbox 2928 4047 2980 4101; x_wconf 90' lang='lat' dir='ltr'><strong>in</strong></span> <span class='ocrx_word' id='word_1_478' title='bbox 3014 4062 3078 4102; x_wconf 93' lang='lat' dir='ltr'><strong>eo</strong></span> <span class='ocrx_word' id='word_1_479' title='bbox 3102 4063 3246 4101; x_wconf 88' lang='lat' dir='ltr'><strong>anno</strong></span> <span class='ocrx_word' id='word_1_480' title='bbox 3288 4047 3508 4116; x_wconf 82' lang='lat' dir='ltr'><strong>deligat,</strong></span> <span class='ocrx_word' id='word_1_481' title='bbox 3538 4047 3629 4116; x_wconf 88' lang='lat' dir='ltr'><strong>qui</strong></span> 
     </span>
    </p>
   </div>
   <div class='ocr_carea' id='block_1_71' title="bbox 2064 4139 3630 4201">
    <p class='ocr_par' dir='ltr' id='par_1_71' title="bbox 2064 4139 3630 4201">
     <span class='ocr_line' id='line_1_71' title="bbox 2064 4139 3630 4201; baseline -0.003 -8"><span class='ocrx_word' id='word_1_482' title='bbox 2064 4149 2144 4194; x_wconf 89' lang='lat' dir='ltr'><strong>est</strong></span> <span class='ocrx_word' id='word_1_483' title='bbox 2168 4145 2293 4193; x_wconf 86' lang='lat' dir='ltr'><strong>ante</strong></span> <span class='ocrx_word' id='word_1_484' title='bbox 2318 4155 2481 4193; x_wconf 69' lang='lat' dir='ltr'><strong>teram</strong></span> <span class='ocrx_word' id='word_1_485' title='bbox 2507 4139 2874 4194; x_wconf 89' lang='lat' dir='ltr'><strong>Christianam</strong></span> <span class='ocrx_word' id='word_1_486' title='bbox 2913 4139 3033 4201; x_wconf 70' lang='grc'><strong>754,</strong></span> <span class='ocrx_word' id='word_1_487' title='bbox 3069 4140 3205 4194; x_wconf 85' lang='lat' dir='ltr'><strong>alter</strong></span> <span class='ocrx_word' id='word_1_488' title='bbox 3239 4139 3499 4193; x_wconf 86' lang='lat' dir='ltr'><strong>tredecim</strong></span> <span class='ocrx_word' id='word_1_489' title='bbox 3536 4154 3630 4190; x_wconf 86' lang='lat' dir='ltr'><strong>an-</strong></span> 
     </span>
    </p>
   </div>
   <div class='ocr_carea' id='block_1_72' title="bbox 2063 4231 3628 4301">
    <p class='ocr_par' dir='ltr' id='par_1_72' title="bbox 2063 4231 3628 4301">
     <span class='ocr_line' id='line_1_72' title="bbox 2063 4231 3628 4301; baseline -0.001 -17"><span class='ocrx_word' id='word_1_490' title='bbox 2063 4231 2150 4286; x_wconf 91' lang='lat' dir='ltr'><strong>nis</strong></span> <span class='ocrx_word' id='word_1_491' title='bbox 2175 4238 2395 4301; x_wconf 91' lang='lat' dir='ltr'><strong>postea;</strong></span> <span class='ocrx_word' id='word_1_492' title='bbox 2430 4231 2722 4293; x_wconf 89' lang='lat' dir='ltr'><strong>Pictorem,</strong></span> <span class='ocrx_word' id='word_1_493' title='bbox 2757 4239 2847 4284; x_wconf 90' lang='lat' dir='ltr'><strong>aut</strong></span> <span class='ocrx_word' id='word_1_494' title='bbox 2884 4231 3071 4287; x_wconf 86' lang='lat' dir='ltr'><strong>nescio</strong></span> <span class='ocrx_word' id='word_1_495' title='bbox 3101 4247 3261 4301; x_wconf 88' lang='lat' dir='ltr'><strong>quem</strong></span> <span class='ocrx_word' id='word_1_496' title='bbox 3293 4231 3525 4285; x_wconf 88' lang='lat' dir='ltr'><strong>alterum</strong></span> <span class='ocrx_word' id='word_1_497' title='bbox 3565 4245 3628 4284; x_wconf 74' lang='lat' dir='ltr'><strong>ex</strong></span> 
     </span>
    </p>
   </div>
   <div class='ocr_carea' id='block_1_73' title="bbox 2063 4321 3631 4392">
    <p class='ocr_par' dir='ltr' id='par_1_73' title="bbox 2063 4321 3631 4392">
     <span class='ocr_line' id='line_1_73' title="bbox 2063 4321 3631 4392; baseline -0.001 -17"><span class='ocrx_word' id='word_1_498' title='bbox 2063 4322 2336 4378; x_wconf 88' lang='lat' dir='ltr'><strong>veteribus</strong></span> <span class='ocrx_word' id='word_1_499' title='bbox 2364 4330 2638 4377; x_wconf 88' lang='lat' dir='ltr'><strong>auctorem</strong></span> <span class='ocrx_word' id='word_1_500' title='bbox 2673 4329 2920 4388; x_wconf 89' lang='lat' dir='ltr'><strong>secutus,</strong></span> <span class='ocrx_word' id='word_1_501' title='bbox 2955 4329 3083 4392; x_wconf 91' lang='lat' dir='ltr'><strong>puta</strong></span> <span class='ocrx_word' id='word_1_502' title='bbox 3108 4323 3162 4377; x_wconf 89' lang='lat' dir='ltr'><strong>in</strong></span> <span class='ocrx_word' id='word_1_503' title='bbox 3191 4337 3255 4377; x_wconf 90' lang='lat' dir='ltr'><strong>eo</strong></span> <span class='ocrx_word' id='word_1_504' title='bbox 3285 4321 3379 4389; x_wconf 87' lang='lat' dir='ltr'><strong>qui</strong></span> <span class='ocrx_word' id='word_1_505' title='bbox 3410 4321 3482 4376; x_wconf 84' lang='lat' dir='ltr'><strong>sit</strong></span> <span class='ocrx_word' id='word_1_506' title='bbox 3511 4329 3631 4374; x_wconf 88' lang='lat' dir='ltr'><strong>ante</strong></span> 
     </span>
    </p>
   </div>
   <div class='ocr_carea' id='block_1_74' title="bbox 396 4403 3629 4494">
    <p class='ocr_par' dir='ltr' id='par_1_74' title="bbox 396 4403 3629 4494">
     <span class='ocr_line' id='line_1_74' title="bbox 396 4403 3629 4494; baseline 0.001 -32"><span class='ocrx_word' id='word_1_507' title='bbox 396 4409 514 4455; x_wconf 75' lang='lat' dir='ltr'><strong>etas</strong></span> <span class='ocrx_word' id='word_1_508' title='bbox 557 4403 613 4456; x_wconf 88' lang='lat' dir='ltr'><strong>in</strong></span> <span class='ocrx_word' id='word_1_509' title='bbox 660 4418 804 4457; x_wconf 87' lang='lat' dir='ltr'><strong>nono</strong></span> <span class='ocrx_word' id='word_1_510' title='bbox 837 4403 912 4457; x_wconf 88' lang='lat' dir='ltr'><strong>De</strong></span> <span class='ocrx_word' id='word_1_511' title='bbox 949 4404 1189 4458; x_wconf 78' lang='lat' dir='ltr'><strong>doctrina</strong></span> <span class='ocrx_word' id='word_1_512' title='bbox 1235 4417 1525 4474; x_wconf 76' lang='lat' dir='ltr'><strong>temporum</strong></span> <span class='ocrx_word' id='word_1_513' title='bbox 1553 4407 1732 4477; x_wconf 81' lang='lat' dir='ltr'><strong>capite</strong></span> <span class='ocrx_word' id='word_1_514' title='bbox 1774 4406 1840 4474; x_wconf 86' lang='lat' dir='ltr'><strong>V,</strong></span> <span class='ocrx_word' id='word_1_515' title='bbox 1869 4406 1960 4460; x_wconf 89' lang='lat' dir='ltr'><strong>ubi</strong></span> <span class='ocrx_word' id='word_1_516' title='bbox 1993 4439 2039 4494; x_wconf 69' lang='grc' dir='ltr'><strong>η</strong></span> <span class='ocrx_word' id='word_1_517' title='bbox 2065 4414 2345 4469; x_wconf 78' lang='lat' dir='ltr'><strong>Christum</strong></span> <span class='ocrx_word' id='word_1_518' title='bbox 2378 4415 2500 4469; x_wconf 74' lang='lat'><strong>74:5.</strong></span> <span class='ocrx_word' id='word_1_519' title='bbox 2535 4413 2655 4469; x_wconf 90' lang='lat' dir='ltr'><strong>Duo</strong></span> <span class='ocrx_word' id='word_1_520' title='bbox 2690 4416 2856 4486; x_wconf 77' lang='lat' dir='ltr'><strong>igitur</strong></span> <span class='ocrx_word' id='word_1_521' title='bbox 2890 4415 2968 4469; x_wconf 89' lang='lat' dir='ltr'><strong>illi</strong></span> <span class='ocrx_word' id='word_1_522' title='bbox 3003 4415 3057 4468; x_wconf 90' lang='lat' dir='ltr'><strong>in</strong></span> <span class='ocrx_word' id='word_1_523' title='bbox 3107 4415 3294 4470; x_wconf 86' lang='lat' dir='ltr'><strong>eadem</strong></span> <span class='ocrx_word' id='word_1_524' title='bbox 3337 4413 3405 4467; x_wconf 87' lang='lat' dir='ltr'><strong>ad</strong></span> <span class='ocrx_word' id='word_1_525' title='bbox 3450 4423 3629 4467; x_wconf 84' lang='lat' dir='ltr'><strong>ortum</strong></span> 
     </span>
    </p>
   </div>
   <div class='ocr_carea' id='block_1_75' title="bbox 397 4495 1960 4568">
    <p class='ocr_par' dir='ltr' id='par_1_75' title="bbox 397 4495 1960 4568">
     <span class='ocr_line' id='line_1_75' title="bbox 397 4495 1960 4568; baseline 0.004 -22"><span class='ocrx_word' id='word_1_526' title='bbox 397 4495 529 4547; x_wconf 89' lang='lat' dir='ltr'><strong>nihil</strong></span> <span class='ocrx_word' id='word_1_527' title='bbox 581 4495 634 4548; x_wconf 92' lang='lat' dir='ltr'><strong>in</strong></span> <span class='ocrx_word' id='word_1_528' title='bbox 673 4497 944 4566; x_wconf 90' lang='lat' dir='ltr'><strong>computis</strong></span> <span class='ocrx_word' id='word_1_529' title='bbox 987 4497 1107 4552; x_wconf 92' lang='lat' dir='ltr'><strong>istis</strong></span> <span class='ocrx_word' id='word_1_530' title='bbox 1148 4497 1350 4552; x_wconf 91' lang='lat' dir='ltr'><strong>vidisse</strong></span> <span class='ocrx_word' id='word_1_531' title='bbox 1374 4537 1388 4560; x_wconf 90' lang='lat'><strong>,</strong></span> <span class='ocrx_word' id='word_1_532' title='bbox 1444 4513 1620 4568; x_wconf 90' lang='lat' dir='ltr'><strong>neque</strong></span> <span class='ocrx_word' id='word_1_533' title='bbox 1657 4499 1786 4568; x_wconf 91' lang='lat' dir='ltr'><strong>quid</strong></span> <span class='ocrx_word' id='word_1_534' title='bbox 1819 4501 1960 4553; x_wconf 86' lang='lat' dir='ltr'><strong>scri-</strong></span> 
     </span>
    </p>
   </div>
   <div class='ocr_carea' id='block_1_76' title="bbox 398 4587 1962 4659">
    <p class='ocr_par' dir='ltr' id='par_1_76' title="bbox 398 4587 1962 4659">
     <span class='ocr_line' id='line_1_76' title="bbox 398 4587 1962 4659; baseline 0.004 -21"><span class='ocrx_word' id='word_1_535' title='bbox 398 4588 548 4640; x_wconf 84' lang='lat' dir='ltr'><strong>beret</strong></span> <span class='ocrx_word' id='word_1_536' title='bbox 580 4587 916 4644; x_wconf 77' lang='lat' dir='ltr'><strong>intellexisse</strong></span> <span class='ocrx_word' id='word_1_537' title='bbox 952 4589 1227 4644; x_wconf 90' lang='lat' dir='ltr'><strong>hominem</strong></span> <span class='ocrx_word' id='word_1_538' title='bbox 1260 4591 1576 4659; x_wconf 90' lang='lat' dir='ltr'><strong>plenissime</strong></span> <span class='ocrx_word' id='word_1_539' title='bbox 1619 4591 1962 4647; x_wconf 87' lang='lat' dir='ltr'><strong>demonstra-</strong></span> 
     </span>
    </p>
   </div>
   <div class='ocr_carea' id='block_1_77' title="bbox 396 4679 1961 4753">
    <p class='ocr_par' dir='ltr' id='par_1_77' title="bbox 396 4679 1961 4753">
     <span class='ocr_line' id='line_1_77' title="bbox 396 4679 1961 4753; baseline 0.004 -23"><span class='ocrx_word' id='word_1_540' title='bbox 396 4679 607 4747; x_wconf 79' lang='lat' dir='ltr'><strong>vimus;</strong></span> <span class='ocrx_word' id='word_1_541' title='bbox 633 4695 696 4735; x_wconf 91' lang='lat' dir='ltr'><strong>ac</strong></span> <span class='ocrx_word' id='word_1_542' title='bbox 729 4683 898 4735; x_wconf 88' lang='lat' dir='ltr'><strong>multa</strong></span> <span class='ocrx_word' id='word_1_543' title='bbox 925 4681 981 4736; x_wconf 90' lang='lat' dir='ltr'><strong>in</strong></span> <span class='ocrx_word' id='word_1_544' title='bbox 1007 4696 1124 4736; x_wconf 90' lang='lat' dir='ltr'><strong>eam</strong></span> <span class='ocrx_word' id='word_1_545' title='bbox 1147 4697 1260 4735; x_wconf 89' lang='lat' dir='ltr'><strong>rem</strong></span> <span class='ocrx_word' id='word_1_546' title='bbox 1292 4684 1668 4752; x_wconf 76' lang='lat' dir='ltr'><strong>congessimus</strong></span> <span class='ocrx_word' id='word_1_547' title='bbox 1700 4690 1752 4737; x_wconf 89' lang='lat' dir='ltr'><strong>et</strong></span> <span class='ocrx_word' id='word_1_548' title='bbox 1776 4685 1961 4753; x_wconf 87' lang='lat' dir='ltr'><strong>ignota</strong></span> 
     </span>
    </p>
   </div>
   <div class='ocr_carea' id='block_1_78' title="bbox 395 4773 1961 4844">
    <p class='ocr_par' dir='ltr' id='par_1_78' title="bbox 395 4773 1961 4844">
     <span class='ocr_line' id='line_1_78' title="bbox 395 4773 1961 4844; baseline 0.005 -21"><span class='ocrx_word' id='word_1_549' title='bbox 395 4773 558 4842; x_wconf 84' lang='lat' dir='ltr'><strong>vulgo</strong></span> <span class='ocrx_word' id='word_1_550' title='bbox 608 4781 663 4828; x_wconf 92' lang='lat' dir='ltr'><strong>et</strong></span> <span class='ocrx_word' id='word_1_551' title='bbox 710 4774 852 4828; x_wconf 90' lang='lat' dir='ltr'><strong>scitu</strong></span> <span class='ocrx_word' id='word_1_552' title='bbox 892 4774 1244 4844; x_wconf 89' lang='lat' dir='ltr'><strong>dignissima;</strong></span> <span class='ocrx_word' id='word_1_553' title='bbox 1283 4784 1336 4829; x_wconf 92' lang='lat' dir='ltr'><strong>et</strong></span> <span class='ocrx_word' id='word_1_554' title='bbox 1373 4774 1439 4830; x_wconf 86' lang='lat' dir='ltr'><strong>ad</strong></span> <span class='ocrx_word' id='word_1_555' title='bbox 1490 4774 1565 4840; x_wconf 91' lang='lat' dir='ltr'><strong>id,</strong></span> <span class='ocrx_word' id='word_1_556' title='bbox 1612 4775 1759 4844; x_wconf 89' lang='lat' dir='ltr'><strong>quod</strong></span> <span class='ocrx_word' id='word_1_557' title='bbox 1799 4777 1961 4831; x_wconf 89' lang='lat' dir='ltr'><strong>modo</strong></span> 
     </span>
    </p>
   </div>
   <div class='ocr_carea' id='block_1_79' title="bbox 395 4864 1961 4936">
    <p class='ocr_par' dir='ltr' id='par_1_79' title="bbox 395 4864 1961 4936">
     <span class='ocr_line' id='line_1_79' title="bbox 395 4864 1961 4936; baseline 0.004 -21"><span class='ocrx_word' id='word_1_558' title='bbox 395 4864 595 4932; x_wconf 86' lang='lat' dir='ltr'><strong>agitur,</strong></span> <span class='ocrx_word' id='word_1_559' title='bbox 633 4865 877 4935; x_wconf 91' lang='lat' dir='ltr'><strong>apprime</strong></span> <span class='ocrx_word' id='word_1_560' title='bbox 917 4867 1263 4932; x_wconf 90' lang='lat' dir='ltr'><strong>necessaria;</strong></span> <span class='ocrx_word' id='word_1_561' title='bbox 1293 4882 1414 4936; x_wconf 73' lang='lat' dir='ltr'><strong>qua:</strong></span> <span class='ocrx_word' id='word_1_562' title='bbox 1452 4865 1675 4921; x_wconf 88' lang='lat' dir='ltr'><strong>minime</strong></span> <span class='ocrx_word' id='word_1_563' title='bbox 1703 4866 1805 4922; x_wconf 88' lang='lat' dir='ltr'><strong>hoc</strong></span> <span class='ocrx_word' id='word_1_564' title='bbox 1838 4867 1961 4922; x_wconf 86' lang='lat' dir='ltr'><strong>loco</strong></span> 
     </span>
    </p>
   </div>
   <div class='ocr_carea' id='block_1_80' title="bbox 394 4957 1959 5025">
    <p class='ocr_par' dir='ltr' id='par_1_80' title="bbox 394 4957 1959 5025">
     <span class='ocr_line' id='line_1_80' title="bbox 394 4957 1959 5025; baseline 0.004 -18"><span class='ocrx_word' id='word_1_565' title='bbox 394 4957 683 5022; x_wconf 87' lang='lat' dir='ltr'><strong>repetenda</strong></span> <span class='ocrx_word' id='word_1_566' title='bbox 719 4966 866 5012; x_wconf 90' lang='lat' dir='ltr'><strong>sunt.</strong></span> <span class='ocrx_word' id='word_1_567' title='bbox 895 4957 1013 5011; x_wconf 78' lang='lat' dir='ltr'><strong>Non</strong></span> <span class='ocrx_word' id='word_1_568' title='bbox 1066 4972 1238 5025; x_wconf 86' lang='lat' dir='ltr'><strong>pauca</strong></span> <span class='ocrx_word' id='word_1_569' title='bbox 1284 4967 1468 5014; x_wconf 87' lang='lat' dir='ltr'><strong>tamen</strong></span> <span class='ocrx_word' id='word_1_570' title='bbox 1508 4960 1619 5013; x_wconf 89' lang='lat' dir='ltr'><strong>illic</strong></span> <span class='ocrx_word' id='word_1_571' title='bbox 1673 4958 1959 5015; x_wconf 87' lang='lat' dir='ltr'><strong>omisimus</strong></span> 
     </span>
    </p>
   </div>
   <div class='ocr_carea' id='block_1_81' title="bbox 398 5048 1959 5123">
    <p class='ocr_par' dir='ltr' id='par_1_81' title="bbox 398 5048 1959 5123">
     <span class='ocr_line' id='line_1_81' title="bbox 398 5048 1959 5123; baseline 0.004 -24"><span class='ocrx_word' id='word_1_572' title='bbox 398 5048 614 5116; x_wconf 82' lang='lat' dir='ltr'><strong>propria</strong></span> <span class='ocrx_word' id='word_1_573' title='bbox 663 5050 837 5119; x_wconf 87' lang='lat' dir='ltr'><strong>magis</strong></span> <span class='ocrx_word' id='word_1_574' title='bbox 869 5050 1106 5104; x_wconf 87' lang='lat' dir='ltr'><strong>instituti</strong></span> <span class='ocrx_word' id='word_1_575' title='bbox 1135 5050 1316 5120; x_wconf 89' lang='lat' dir='ltr'><strong>hujus,</strong></span> <span class='ocrx_word' id='word_1_576' title='bbox 1352 5061 1404 5106; x_wconf 90' lang='lat' dir='ltr'><strong>et</strong></span> <span class='ocrx_word' id='word_1_577' title='bbox 1441 5053 1715 5123; x_wconf 82' lang='lat' dir='ltr'><strong>paschalis</strong></span> <span class='ocrx_word' id='word_1_578' title='bbox 1740 5053 1959 5107; x_wconf 81' lang='lat' dir='ltr'><strong>Graeco-</strong></span> 
     </span>
    </p>
   </div>
   <div class='ocr_carea' id='block_1_82' title="bbox 395 5140 1959 5209">
    <p class='ocr_par' dir='ltr' id='par_1_82' title="bbox 395 5140 1959 5209">
     <span class='ocr_line' id='line_1_82' title="bbox 395 5140 1959 5209; baseline 0.004 -19"><span class='ocrx_word' id='word_1_579' title='bbox 395 5154 515 5191; x_wconf 93' lang='lat' dir='ltr'><strong>rum</strong></span> <span class='ocrx_word' id='word_1_580' title='bbox 555 5140 820 5205; x_wconf 92' lang='lat' dir='ltr'><strong>methodi,</strong></span> <span class='ocrx_word' id='word_1_581' title='bbox 850 5156 1013 5209; x_wconf 89' lang='lat' dir='ltr'><strong>quam</strong></span> <span class='ocrx_word' id='word_1_582' title='bbox 1043 5141 1111 5195; x_wconf 84' lang='lat' dir='ltr'><strong>ad</strong></span> <span class='ocrx_word' id='word_1_583' title='bbox 1140 5142 1493 5198; x_wconf 86' lang='lat' dir='ltr'><strong>illustrandos</strong></span> <span class='ocrx_word' id='word_1_584' title='bbox 1523 5143 1759 5206; x_wconf 81' lang='lat' dir='ltr'><strong>Maximi,</strong></span> <span class='ocrx_word' id='word_1_585' title='bbox 1788 5142 1959 5199; x_wconf 87' lang='lat' dir='ltr'><strong>lsaaci</strong></span> 
     </span>
    </p>
   </div>
   <div class='ocr_carea' id='block_1_83' title="bbox 391 5231 1956 5305">
    <p class='ocr_par' dir='ltr' id='par_1_83' title="bbox 391 5231 1956 5305">
     <span class='ocr_line' id='line_1_83' title="bbox 391 5231 1956 5305; baseline 0.006 -22"><span class='ocrx_word' id='word_1_586' title='bbox 391 5231 735 5302; x_wconf 81' lang='lat' dir='ltr'><strong>aliorumque</strong></span> <span class='ocrx_word' id='word_1_587' title='bbox 763 5242 1072 5305; x_wconf 88' lang='lat' dir='ltr'><strong>computos,</strong></span> <span class='ocrx_word' id='word_1_588' title='bbox 1094 5234 1188 5304; x_wconf 89' lang='lat' dir='ltr'><strong>qui</strong></span> <span class='ocrx_word' id='word_1_589' title='bbox 1217 5234 1606 5290; x_wconf 89' lang='lat' dir='ltr'><strong>inAuctarinm</strong></span> <span class='ocrx_word' id='word_1_590' title='bbox 1634 5238 1787 5292; x_wconf 90' lang='lat' dir='ltr'><strong>relati</strong></span> <span class='ocrx_word' id='word_1_591' title='bbox 1809 5243 1956 5292; x_wconf 91' lang='lat' dir='ltr'><strong>sunt.</strong></span> 
     </span>
    </p>
   </div>
   <div class='ocr_carea' id='block_1_84' title="bbox 395 5322 1962 5397">
    <p class='ocr_par' dir='ltr' id='par_1_84' title="bbox 395 5322 1962 5397">
     <span class='ocr_line' id='line_1_84' title="bbox 395 5322 1962 5397; baseline 0.006 -26"><span class='ocrx_word' id='word_1_592' title='bbox 395 5322 752 5375; x_wconf 85' lang='lat' dir='ltr'><strong>enarrandam</strong></span> <span class='ocrx_word' id='word_1_593' title='bbox 804 5325 1171 5393; x_wconf 90' lang='lat' dir='ltr'><strong>suscepimus,</strong></span> <span class='ocrx_word' id='word_1_594' title='bbox 1240 5325 1396 5394; x_wconf 90' lang='lat' dir='ltr'><strong>cujus</strong></span> <span class='ocrx_word' id='word_1_595' title='bbox 1455 5325 1669 5380; x_wconf 91' lang='lat' dir='ltr'><strong>initium</strong></span> <span class='ocrx_word' id='word_1_596' title='bbox 1723 5325 1962 5397; x_wconf 84' lang='lat' dir='ltr'><strong>disputa-</strong></span> 
     </span>
    </p>
   </div>
   <div class='ocr_carea' id='block_1_85' title="bbox 323 5411 1960 5487">
    <p class='ocr_par' dir='ltr' id='par_1_85' title="bbox 323 5411 1960 5487">
     <span class='ocr_line' id='line_1_85' title="bbox 323 5411 1960 5487; baseline 0.005 -24"><span class='ocrx_word' id='word_1_597' title='bbox 323 5430 326 5432; x_wconf 57' lang='grc'>’</span> <span class='ocrx_word' id='word_1_598' title='bbox 397 5411 560 5467; x_wconf 87' lang='lat' dir='ltr'><strong>tionis</strong></span> <span class='ocrx_word' id='word_1_599' title='bbox 593 5415 660 5468; x_wconf 93' lang='lat' dir='ltr'><strong>ab</strong></span> <span class='ocrx_word' id='word_1_600' title='bbox 688 5430 796 5470; x_wconf 83' lang='lat' dir='ltr'><strong>aera</strong></span> <span class='ocrx_word' id='word_1_601' title='bbox 825 5415 915 5470; x_wconf 88' lang='lat' dir='ltr'><strong>illa</strong></span> <span class='ocrx_word' id='word_1_602' title='bbox 948 5416 1170 5486; x_wconf 90' lang='lat' dir='ltr'><strong>triplici,</strong></span> <span class='ocrx_word' id='word_1_603' title='bbox 1219 5425 1273 5471; x_wconf 92' lang='lat' dir='ltr'><strong>et</strong></span> <span class='ocrx_word' id='word_1_604' title='bbox 1315 5417 1592 5472; x_wconf 89' lang='lat' dir='ltr'><strong>communi</strong></span> <span class='ocrx_word' id='word_1_605' title='bbox 1631 5418 1698 5473; x_wconf 92' lang='lat' dir='ltr'><strong>de</strong></span> <span class='ocrx_word' id='word_1_606' title='bbox 1752 5418 1819 5472; x_wconf 93' lang='lat' dir='ltr'><strong>iis</strong></span> <span class='ocrx_word' id='word_1_607' title='bbox 1845 5418 1960 5487; x_wconf 89' lang='lat' dir='ltr'><strong>opi-</strong></span> 
     </span>
    </p>
   </div>
   <div class='ocr_carea' id='block_1_86' title="bbox 395 5507 1958 5577">
    <p class='ocr_par' dir='ltr' id='par_1_86' title="bbox 395 5507 1958 5577">
     <span class='ocr_line' id='line_1_86' title="bbox 395 5507 1958 5577; baseline 0.006 -22"><span class='ocrx_word' id='word_1_608' title='bbox 395 5507 558 5559; x_wconf 90' lang='lat' dir='ltr'><strong>nione</strong></span> <span class='ocrx_word' id='word_1_609' title='bbox 589 5507 894 5574; x_wconf 91' lang='lat' dir='ltr'><strong>doctorum,</strong></span> <span class='ocrx_word' id='word_1_610' title='bbox 931 5518 1092 5577; x_wconf 88' lang='lat' dir='ltr'><strong>atque</strong></span> <span class='ocrx_word' id='word_1_611' title='bbox 1127 5523 1314 5563; x_wconf 88' lang='lat' dir='ltr'><strong>errore</strong></span> <span class='ocrx_word' id='word_1_612' title='bbox 1351 5509 1601 5576; x_wconf 87' lang='lat' dir='ltr'><strong>ducetur,</strong></span> <span class='ocrx_word' id='word_1_613' title='bbox 1633 5516 1691 5565; x_wconf 91' lang='lat' dir='ltr'><strong>ut</strong></span> <span class='ocrx_word' id='word_1_614' title='bbox 1740 5509 1808 5563; x_wconf 86' lang='lat' dir='ltr'><strong>ab</strong></span> <span class='ocrx_word' id='word_1_615' title='bbox 1850 5510 1958 5564; x_wconf 88' lang='lat' dir='ltr'><strong>illis</strong></span> 
     </span>
    </p>
   </div>
   <div class='ocr_carea' id='block_1_87' title="bbox 395 5595 1955 5670">
    <p class='ocr_par' dir='ltr' id='par_1_87' title="bbox 395 5595 1955 5670">
     <span class='ocr_line' id='line_1_87' title="bbox 395 5595 1955 5670; baseline 0.008 -21"><span class='ocrx_word' id='word_1_616' title='bbox 395 5595 599 5650; x_wconf 80' lang='lat' dir='ltr'><strong>trustra</strong></span> <span class='ocrx_word' id='word_1_617' title='bbox 650 5601 942 5654; x_wconf 88' lang='lat' dir='ltr'><strong>doceamus</strong></span> <span class='ocrx_word' id='word_1_618' title='bbox 991 5608 1102 5655; x_wconf 91' lang='lat' dir='ltr'><strong>tres</strong></span> <span class='ocrx_word' id='word_1_619' title='bbox 1147 5616 1270 5655; x_wconf 88' lang='lat' dir='ltr'><strong>esse</strong></span> <span class='ocrx_word' id='word_1_620' title='bbox 1323 5600 1613 5659; x_wconf 89' lang='lat' dir='ltr'><strong>distinctas</strong></span> <span class='ocrx_word' id='word_1_621' title='bbox 1661 5602 1955 5670; x_wconf 87' lang='lat' dir='ltr'><strong>hactenus,</strong></span> 
     </span>
    </p>
   </div>
   <div class='ocr_carea' id='block_1_88' title="bbox 396 5689 1458 5748">
    <p class='ocr_par' dir='ltr' id='par_1_88' title="bbox 396 5689 1458 5748">
     <span class='ocr_line' id='line_1_88' title="bbox 396 5689 1458 5748; baseline 0.004 -4"><span class='ocrx_word' id='word_1_622' title='bbox 396 5704 521 5745; x_wconf 86' lang='lat' dir='ltr'><strong>cum</strong></span> <span class='ocrx_word' id='word_1_623' title='bbox 555 5689 662 5742; x_wconf 75' lang='lat' dir='ltr'><strong>sint</strong></span> <span class='ocrx_word' id='word_1_624' title='bbox 697 5706 883 5745; x_wconf 88' lang='lat' dir='ltr'><strong>revera</strong></span> <span class='ocrx_word' id='word_1_625' title='bbox 914 5692 1292 5746; x_wconf 89' lang='lat' dir='ltr'><strong>tantummodo</strong></span> <span class='ocrx_word' id='word_1_626' title='bbox 1319 5693 1458 5748; x_wconf 74' lang='lat' dir='ltr'><strong>duze.</strong></span> 
     </span>
    </p>
   </div>
   <div class='ocr_carea' id='block_1_89' title="bbox 2064 4504 3630 4573">
    <p class='ocr_par' dir='ltr' id='par_1_89' title="bbox 2064 4504 3630 4573">
     <span class='ocr_line' id='line_1_89' title="bbox 2064 4504 3630 4573; baseline -0.003 -13"><span class='ocrx_word' id='word_1_627' title='bbox 2064 4505 2268 4561; x_wconf 89' lang='lat' dir='ltr'><strong>Christi</strong></span> <span class='ocrx_word' id='word_1_628' title='bbox 2298 4521 2510 4560; x_wconf 87' lang='lat' dir='ltr'><strong>summa</strong></span> <span class='ocrx_word' id='word_1_629' title='bbox 2529 4509 2955 4573; x_wconf 88' lang='lat' dir='ltr'><strong>consentientes,</strong></span> <span class='ocrx_word' id='word_1_630' title='bbox 2992 4508 3046 4560; x_wconf 88' lang='lat' dir='ltr'><strong>in</strong></span> <span class='ocrx_word' id='word_1_631' title='bbox 3073 4507 3231 4560; x_wconf 89' lang='lat' dir='ltr'><strong>annis</strong></span> <span class='ocrx_word' id='word_1_632' title='bbox 3257 4516 3436 4558; x_wconf 89' lang='lat' dir='ltr'><strong>autem</strong></span> <span class='ocrx_word' id='word_1_633' title='bbox 3455 4504 3630 4557; x_wconf 83' lang='lat' dir='ltr'><strong>diver-</strong></span> 
     </span>
    </p>
   </div>
   <div class='ocr_carea' id='block_1_90' title="bbox 2065 4594 3630 4666">
    <p class='ocr_par' dir='ltr' id='par_1_90' title="bbox 2065 4594 3630 4666">
     <span class='ocr_line' id='line_1_90' title="bbox 2065 4594 3630 4666; baseline -0.003 -15"><span class='ocrx_word' id='word_1_634' title='bbox 2065 4597 2143 4652; x_wconf 89' lang='lat' dir='ltr'><strong>sis</strong></span> <span class='ocrx_word' id='word_1_635' title='bbox 2191 4597 2434 4666; x_wconf 88' lang='lat' dir='ltr'><strong>ejusdem</strong></span> <span class='ocrx_word' id='word_1_636' title='bbox 2491 4599 2711 4666; x_wconf 71' lang='lat' dir='ltr'><strong>epochze</strong></span> <span class='ocrx_word' id='word_1_637' title='bbox 2764 4598 3135 4665; x_wconf 86' lang='lat' dir='ltr'><strong>dissidentes;</strong></span> <span class='ocrx_word' id='word_1_638' title='bbox 3172 4598 3252 4651; x_wconf 89' lang='lat' dir='ltr'><strong>sic</strong></span> <span class='ocrx_word' id='word_1_639' title='bbox 3283 4604 3342 4650; x_wconf 92' lang='lat' dir='ltr'><strong>ut</strong></span> <span class='ocrx_word' id='word_1_640' title='bbox 3384 4595 3532 4664; x_wconf 91' lang='lat' dir='ltr'><strong>prior</strong></span> <span class='ocrx_word' id='word_1_641' title='bbox 3565 4594 3630 4647; x_wconf 88' lang='lat' dir='ltr'><strong>ab</strong></span> 
     </span>
    </p>
   </div>
   <div class='ocr_carea' id='block_1_91' title="bbox 2064 4688 3631 4745">
    <p class='ocr_par' dir='ltr' id='par_1_91' title="bbox 2064 4688 3631 4745">
     <span class='ocr_line' id='line_1_91' title="bbox 2064 4688 3631 4745; baseline -0.006 0"><span class='ocrx_word' id='word_1_642' title='bbox 2064 4690 2252 4745; x_wconf 91' lang='lat' dir='ltr'><strong>eodem</strong></span> <span class='ocrx_word' id='word_1_643' title='bbox 2297 4689 2484 4744; x_wconf 88' lang='lat' dir='ltr'><strong>mundi</strong></span> <span class='ocrx_word' id='word_1_644' title='bbox 2526 4689 2685 4744; x_wconf 89' lang='lat' dir='ltr'><strong>i&#39;nitio</strong></span> <span class='ocrx_word' id='word_1_645' title='bbox 2716 4689 2783 4742; x_wconf 91' lang='lat' dir='ltr'><strong>ad</strong></span> <span class='ocrx_word' id='word_1_646' title='bbox 2813 4688 3016 4744; x_wconf 87' lang='lat' dir='ltr'><strong>Urbem</strong></span> <span class='ocrx_word' id='word_1_647' title='bbox 3064 4688 3338 4745; x_wconf 89' lang='lat' dir='ltr'><strong>conditam</strong></span> <span class='ocrx_word' id='word_1_648' title='bbox 3385 4691 3631 4741; x_wconf 89' lang='lat' dir='ltr'><strong>numeret</strong></span> 
     </span>
    </p>
   </div>
   <div class='ocr_carea' id='block_1_92' title="bbox 2064 4779 3629 4850">
    <p class='ocr_par' dir='ltr' id='par_1_92' title="bbox 2064 4779 3629 4850">
     <span class='ocr_line' id='line_1_92' title="bbox 2064 4779 3629 4850; baseline -0.004 -14"><span class='ocrx_word' id='word_1_649' title='bbox 2064 4798 2237 4840; x_wconf 89' lang='lat' dir='ltr'><strong>annos</strong></span> <span class='ocrx_word' id='word_1_650' title='bbox 2267 4782 2427 4846; x_wconf 69' lang='lat'><strong>5250,</strong></span> <span class='ocrx_word' id='word_1_651' title='bbox 2459 4783 2616 4846; x_wconf 88' lang='lat' dir='ltr'><strong>alter,</strong></span> <span class='ocrx_word' id='word_1_652' title='bbox 2649 4797 2822 4837; x_wconf 88' lang='lat' dir='ltr'><strong>annos</strong></span> <span class='ocrx_word' id='word_1_653' title='bbox 2849 4782 3010 4846; x_wconf 52' lang='lat'><strong>52.15,</strong></span> <span class='ocrx_word' id='word_1_654' title='bbox 3041 4798 3145 4836; x_wconf 92' lang='lat' dir='ltr'><strong>non</strong></span> <span class='ocrx_word' id='word_1_655' title='bbox 3171 4782 3359 4850; x_wconf 85' lang='lat' dir='ltr'><strong>utique</strong></span> <span class='ocrx_word' id='word_1_656' title='bbox 3382 4779 3629 4833; x_wconf 83' lang='lat' dir='ltr'><strong>diversos</strong></span> 
     </span>
    </p>
   </div>
   <div class='ocr_carea' id='block_1_93' title="bbox 2065 4868 3628 4943">
    <p class='ocr_par' dir='ltr' id='par_1_93' title="bbox 2065 4868 3628 4943">
     <span class='ocr_line' id='line_1_93' title="bbox 2065 4868 3628 4943; baseline -0.004 -15"><span class='ocrx_word' id='word_1_657' title='bbox 2065 4875 2132 4930; x_wconf 88' lang='lat' dir='ltr'><strong>ab</strong></span> <span class='ocrx_word' id='word_1_658' title='bbox 2188 4874 2394 4928; x_wconf 86' lang='lat' dir='ltr'><strong>Adamo</strong></span> <span class='ocrx_word' id='word_1_659' title='bbox 2442 4882 2726 4943; x_wconf 91' lang='lat' dir='ltr'><strong>computos</strong></span> <span class='ocrx_word' id='word_1_660' title='bbox 2789 4874 3075 4929; x_wconf 87' lang='lat' dir='ltr'><strong>instituere</strong></span> <span class='ocrx_word' id='word_1_661' title='bbox 3137 4873 3434 4928; x_wconf 90' lang='lat' dir='ltr'><strong>dicuntur:</strong></span> <span class='ocrx_word' id='word_1_662' title='bbox 3487 4868 3628 4940; x_wconf 90' lang='lat' dir='ltr'><strong>quod</strong></span> 
     </span>
    </p>
   </div>
   <div class='ocr_carea' id='block_1_94' title="bbox 2061 4959 3624 5030">
    <p class='ocr_par' dir='ltr' id='par_1_94' title="bbox 2061 4959 3624 5030">
     <span class='ocr_line' id='line_1_94' title="bbox 2061 4959 3624 5030; baseline -0.005 -10"><span class='ocrx_word' id='word_1_663' title='bbox 2061 4973 2177 5024; x_wconf 92' lang='lat' dir='ltr'><strong>tum</strong></span> <span class='ocrx_word' id='word_1_664' title='bbox 2209 4966 2426 5021; x_wconf 90' lang='lat' dir='ltr'><strong>demum</strong></span> <span class='ocrx_word' id='word_1_665' title='bbox 2455 4965 2714 5030; x_wconf 86' lang='lat' dir='ltr'><strong>facerent,</strong></span> <span class='ocrx_word' id='word_1_666' title='bbox 2760 4963 2807 5019; x_wconf 90' lang='lat' dir='ltr'><strong>si</strong></span> <span class='ocrx_word' id='word_1_667' title='bbox 2855 4964 2923 5017; x_wconf 89' lang='lat' dir='ltr'><strong>ad</strong></span> <span class='ocrx_word' id='word_1_668' title='bbox 2970 4963 3218 5019; x_wconf 87' lang='lat' dir='ltr'><strong>eumdem</strong></span> <span class='ocrx_word' id='word_1_669' title='bbox 3266 4976 3492 5024; x_wconf 83' lang='lat' dir='ltr'><strong>annum,</strong></span> <span class='ocrx_word' id='word_1_670' title='bbox 3536 4959 3624 5028; x_wconf 93' lang='lat' dir='ltr'><strong>qui</strong></span> 
     </span>
    </p>
   </div>
   <div class='ocr_carea' id='block_1_95' title="bbox 2063 5051 3628 5126">
    <p class='ocr_par' dir='ltr' id='par_1_95' title="bbox 2063 5051 3628 5126">
     <span class='ocr_line' id='line_1_95' title="bbox 2063 5051 3628 5126; baseline -0.008 -11"><span class='ocrx_word' id='word_1_671' title='bbox 2063 5059 2134 5116; x_wconf 91' lang='lat' dir='ltr'><strong>sit</strong></span> <span class='ocrx_word' id='word_1_672' title='bbox 2161 5067 2286 5114; x_wconf 89' lang='lat' dir='ltr'><strong>ante</strong></span> <span class='ocrx_word' id='word_1_673' title='bbox 2324 5059 2691 5113; x_wconf 85' lang='lat' dir='ltr'><strong>Christianam</strong></span> <span class='ocrx_word' id='word_1_674' title='bbox 2735 5073 2898 5113; x_wconf 62' lang='lat' dir='ltr'><strong>seram</strong></span> <span class='ocrx_word' id='word_1_675' title='bbox 2946 5056 3070 5123; x_wconf 71' lang='lat'><strong>7&#39;54,</strong></span> <span class='ocrx_word' id='word_1_676' title='bbox 3106 5054 3314 5126; x_wconf 88' lang='lat' dir='ltr'><strong>periodi</strong></span> <span class='ocrx_word' id='word_1_677' title='bbox 3355 5068 3486 5108; x_wconf 87' lang='lat' dir='ltr'><strong>vero</strong></span> <span class='ocrx_word' id='word_1_678' title='bbox 3534 5051 3628 5105; x_wconf 81' lang='lat' dir='ltr'><strong>Ju-</strong></span> 
     </span>
    </p>
   </div>
   <div class='ocr_carea' id='block_1_96' title="bbox 2060 5142 3623 5214">
    <p class='ocr_par' dir='ltr' id='par_1_96' title="bbox 2060 5142 3623 5214">
     <span class='ocr_line' id='line_1_96' title="bbox 2060 5142 3623 5214; baseline -0.003 -10"><span class='ocrx_word' id='word_1_679' title='bbox 2060 5150 2219 5207; x_wconf 68' lang='lat' dir='ltr'><strong>lianae</strong></span> <span class='ocrx_word' id='word_1_680' title='bbox 2237 5149 2396 5214; x_wconf 85' lang='lat'><strong>5960,</strong></span> <span class='ocrx_word' id='word_1_681' title='bbox 2424 5149 2561 5202; x_wconf 88' lang='lat' dir='ltr'><strong>alter</strong></span> <span class='ocrx_word' id='word_1_682' title='bbox 2586 5149 2655 5203; x_wconf 90' lang='lat' dir='ltr'><strong>ab</strong></span> <span class='ocrx_word' id='word_1_683' title='bbox 2687 5147 2891 5202; x_wconf 86' lang='lat' dir='ltr'><strong>Adamo</strong></span> <span class='ocrx_word' id='word_1_684' title='bbox 2917 5153 3229 5201; x_wconf 87' lang='lat' dir='ltr'><strong>numeraret</strong></span> <span class='ocrx_word' id='word_1_685' title='bbox 3264 5159 3436 5198; x_wconf 89' lang='lat' dir='ltr'><strong>annos</strong></span> <span class='ocrx_word' id='word_1_686' title='bbox 3468 5142 3623 5199; x_wconf 69' lang='lat'><strong>5250.</strong></span> 
     </span>
    </p>
   </div>
   <div class='ocr_carea' id='block_1_97' title="bbox 2062 5234 3624 5316">
    <p class='ocr_par' dir='ltr' id='par_1_97' title="bbox 2062 5234 3624 5316">
     <span class='ocr_line' id='line_1_97' title="bbox 2062 5234 3624 5316; baseline -0.007 -20"><span class='ocrx_word' id='word_1_687' title='bbox 2062 5242 2196 5297; x_wconf 88' lang='lat' dir='ltr'><strong>alter</strong></span> <span class='ocrx_word' id='word_1_688' title='bbox 2225 5241 2406 5306; x_wconf 65' lang='lat'><strong>5245;</strong></span> <span class='ocrx_word' id='word_1_689' title='bbox 2449 5250 2504 5294; x_wconf 90' lang='lat' dir='ltr'><strong>et</strong></span> <span class='ocrx_word' id='word_1_690' title='bbox 2536 5240 2680 5309; x_wconf 91' lang='lat' dir='ltr'><strong>quod</strong></span> <span class='ocrx_word' id='word_1_691' title='bbox 2715 5255 3057 5316; x_wconf 79' lang='lat' dir='ltr'><strong>consequens</strong></span> <span class='ocrx_word' id='word_1_692' title='bbox 3091 5246 3196 5303; x_wconf 88' lang='lat' dir='ltr'><strong>est,</strong></span> <span class='ocrx_word' id='word_1_693' title='bbox 3231 5238 3319 5292; x_wconf 92' lang='lat' dir='ltr'><strong>ille</strong></span> <span class='ocrx_word' id='word_1_694' title='bbox 3365 5235 3433 5291; x_wconf 90' lang='lat' dir='ltr'><strong>ad</strong></span> <span class='ocrx_word' id='word_1_695' title='bbox 3471 5234 3624 5291; x_wconf 85' lang='lat' dir='ltr'><strong>Chri-</strong></span> 
     </span>
    </p>
   </div>
   <div class='ocr_carea' id='block_1_98' title="bbox 2061 5329 2907 5395">
    <p class='ocr_par' dir='ltr' id='par_1_98' title="bbox 2061 5329 2907 5395">
     <span class='ocr_line' id='line_1_98' title="bbox 2061 5329 2907 5395; baseline -0.004 -7"><span class='ocrx_word' id='word_1_696' title='bbox 2061 5340 2204 5388; x_wconf 86' lang='lat' dir='ltr'><strong>stum</strong></span> <span class='ocrx_word' id='word_1_697' title='bbox 2239 5345 2411 5386; x_wconf 85' lang='lat' dir='ltr'><strong>annos</strong></span> <span class='ocrx_word' id='word_1_698' title='bbox 2430 5330 2589 5395; x_wconf 88' lang='lat'><strong>5985,</strong></span> <span class='ocrx_word' id='word_1_699' title='bbox 2618 5331 2719 5385; x_wconf 91' lang='lat' dir='ltr'><strong>iste</strong></span> <span class='ocrx_word' id='word_1_700' title='bbox 2747 5329 2907 5385; x_wconf 83' lang='lat'><strong>5996.</strong></span> 
     </span>
    </p>
   </div>
   <div class='ocr_carea' id='block_1_99' title="bbox 2135 5421 3628 5492">
    <p class='ocr_par' dir='ltr' id='par_1_99' title="bbox 2135 5421 3628 5492">
     <span class='ocr_line' id='line_1_99' title="bbox 2135 5421 3628 5492; baseline -0.001 -15"><span class='ocrx_word' id='word_1_701' title='bbox 2135 5422 2225 5477; x_wconf 91' lang='lat' dir='ltr'><strong>Sic</strong></span> <span class='ocrx_word' id='word_1_702' title='bbox 2248 5422 2415 5492; x_wconf 83' lang='lat' dir='ltr'><strong>igitur</strong></span> <span class='ocrx_word' id='word_1_703' title='bbox 2437 5431 2550 5476; x_wconf 87' lang='lat' dir='ltr'><strong>tres</strong></span> <span class='ocrx_word' id='word_1_704' title='bbox 2586 5421 2710 5478; x_wconf 89' lang='lat' dir='ltr'><strong>illos</strong></span> <span class='ocrx_word' id='word_1_705' title='bbox 2740 5423 3049 5478; x_wconf 72' lang='lat' dir='ltr'><strong>Graecorum</strong></span> <span class='ocrx_word' id='word_1_706' title='bbox 3079 5430 3384 5491; x_wconf 87' lang='lat' dir='ltr'><strong>computos,</strong></span> <span class='ocrx_word' id='word_1_707' title='bbox 3418 5429 3477 5474; x_wconf 91' lang='lat' dir='ltr'><strong>ut</strong></span> <span class='ocrx_word' id='word_1_708' title='bbox 3505 5435 3534 5476; x_wconf 87' lang='lat' dir='ltr'><strong>a</strong></span> <span class='ocrx_word' id='word_1_709' title='bbox 3572 5435 3628 5476; x_wconf 82' lang='lat' dir='ltr'><strong>se</strong></span> 
     </span>
    </p>
   </div>
   <div class='ocr_carea' id='block_1_100' title="bbox 2061 5511 3628 5583">
    <p class='ocr_par' dir='ltr' id='par_1_100' title="bbox 2061 5511 3628 5583">
     <span class='ocr_line' id='line_1_100' title="bbox 2061 5511 3628 5583; baseline -0.004 -13"><span class='ocrx_word' id='word_1_710' title='bbox 2061 5515 2308 5570; x_wconf 90' lang='lat' dir='ltr'><strong>distincti</strong></span> <span class='ocrx_word' id='word_1_711' title='bbox 2364 5515 2594 5570; x_wconf 91' lang='lat' dir='ltr'><strong>invicem</strong></span> <span class='ocrx_word' id='word_1_712' title='bbox 2656 5514 2968 5583; x_wconf 89' lang='lat' dir='ltr'><strong>diversique</strong></span> <span class='ocrx_word' id='word_1_713' title='bbox 3019 5514 3164 5578; x_wconf 92' lang='lat' dir='ltr'><strong>sint,</strong></span> <span class='ocrx_word' id='word_1_714' title='bbox 3205 5514 3260 5566; x_wconf 90' lang='lat' dir='ltr'><strong>in</strong></span> <span class='ocrx_word' id='word_1_715' title='bbox 3317 5528 3484 5567; x_wconf 90' lang='lat' dir='ltr'><strong>unum</strong></span> <span class='ocrx_word' id='word_1_716' title='bbox 3533 5511 3628 5564; x_wconf 87' lang='lat' dir='ltr'><strong>ali-</strong></span> 
     </span>
    </p>
   </div>
   <div class='ocr_carea' id='block_1_101' title="bbox 2062 5604 3626 5676">
    <p class='ocr_par' dir='ltr' id='par_1_101' title="bbox 2062 5604 3626 5676">
     <span class='ocr_line' id='line_1_101' title="bbox 2062 5604 3626 5676; baseline -0.002 -16"><span class='ocrx_word' id='word_1_717' title='bbox 2062 5621 2222 5676; x_wconf 91' lang='lat' dir='ltr'><strong>quem</strong></span> <span class='ocrx_word' id='word_1_718' title='bbox 2272 5606 2588 5674; x_wconf 89' lang='lat' dir='ltr'><strong>conspirare</strong></span> <span class='ocrx_word' id='word_1_719' title='bbox 2643 5604 2932 5658; x_wconf 88' lang='lat' dir='ltr'><strong>terminum</strong></span> <span class='ocrx_word' id='word_1_720' title='bbox 2983 5613 3220 5674; x_wconf 89' lang='lat' dir='ltr'><strong>oportet,</strong></span> <span class='ocrx_word' id='word_1_721' title='bbox 3281 5604 3346 5658; x_wconf 91' lang='lat' dir='ltr'><strong>ad</strong></span> <span class='ocrx_word' id='word_1_722' title='bbox 3399 5618 3626 5670; x_wconf 78' lang='lat' dir='ltr'><strong>eumque</strong></span> 
     </span>
    </p>
   </div>
   <div class='ocr_carea' id='block_1_102' title="bbox 2061 5682 3628 5764">
    <p class='ocr_par' dir='ltr' id='par_1_102' title="bbox 2061 5682 3628 5764">
     <span class='ocr_line' id='line_1_102' title="bbox 2061 5682 3628 5764; baseline -0.003 -11"><span class='ocrx_word' id='word_1_723' title='bbox 2061 5713 2170 5754; x_wconf 86' lang='lat' dir='ltr'><strong>non</strong></span> <span class='ocrx_word' id='word_1_724' title='bbox 2203 5696 2390 5752; x_wconf 87' lang='lat' dir='ltr'><strong>eodem</strong></span> <span class='ocrx_word' id='word_1_725' title='bbox 2438 5712 2467 5750; x_wconf 92' lang='lat' dir='ltr'><strong>a</strong></span> <span class='ocrx_word' id='word_1_726' title='bbox 2514 5695 2691 5764; x_wconf 89' lang='lat' dir='ltr'><strong>capite</strong></span> <span class='ocrx_word' id='word_1_727' title='bbox 2735 5706 2786 5751; x_wconf 87' lang='lat' dir='ltr'><strong>et</strong></span> <span class='ocrx_word' id='word_1_728' title='bbox 2823 5696 3046 5752; x_wconf 81' lang='lat' dir='ltr'><strong>exordio</strong></span> <span class='ocrx_word' id='word_1_729' title='bbox 3084 5693 3434 5752; x_wconf 75' lang='lat' dir='ltr'><strong>descendere.</strong></span> <span class='ocrx_word' id='word_1_730' title='bbox 3483 5682 3628 5749; x_wconf 58' lang='lat' dir='ltr'><strong>Tali;</strong></span> 
     </span>
    </p>
   </div>
  </div>
