3948 6264
287 356 311 413 1
324 357 419 412 597

1262 348 1712 405 DiSSERTATIO
1750 346 1840 402 DE
1872 345 2280 403 GRAECORUM
2320 347 2523 404 ERIS.

3371 349 3506 406 1508

285 483 366 530 est
409 480 588 528 autem
635 470 1032 526 lncarnationis
1087 484 1262 524 annus
1292 469 1557 525 natalisve
1601 468 1842 533 Christi;
1872 471 1920 527 Α
1946 466 2152 520 Adamo
2199 483 2307 522 aera
2361 467 2694 537 perducitur,
2741 467 2989 524 eumdem
3030 483 3150 524 esse
3191 483 3314 522 cum
3365 482 3507 522 armo

283 565 350 620 ad
418 578 578 634 quem
643 561 976 631 singulorum
1029 573 1236 615 summa
1283 567 1634 631 propagatur.
1687 558 1844 613 Hunc

283 660 531 714 eumdem
583 656 760 712 tribus
808 655 916 710 illis
963 655 1088 710 aeris
1135 654 1494 708 constitutum
1533 670 1656 710 esse
1698 654 1842 709 docti

283 749 362 804 illi
403 748 664 818 suspicati
713 754 859 812 sunt,
897 745 992 816 qui
1027 759 1120 800 eas
1143 760 1173 798 a
1200 761 1258 799 se
1280 757 1471 798 mutuo
1499 751 1842 815 separarunt.

284 838 392 895 Sed
422 854 529 893 non
553 838 626 892 ita
654 853 712 894 se
753 853 842 892 res
877 837 1056 892 habet.
1085 834 1219 890 Nam
1251 852 1316 891 ex
1340 837 1515 892 tribus
1546 837 1666 890 duae
1694 845 1841 900 sunt,

284 946 403 1001 quae
449 930 677 986 diversis
727 929 884 984 annis
939 929 1035 1000 τὴν
1081 927 1486 999 ἐνανορώπησιν
1545 930 1842 998 assignant,

281 1023 533 1078 videlicet
559 1022 672 1086 illa,
705 1037 832 1091 qu:e-
847 1035 1018 1074 annos
1048 1021 1206 1085 5495,
1228 1028 1281 1074 et
1312 1036 1430 1090 quze
1453 1019 1584 1075 5501
1617 1019 1842 1090 colligit.

283 1112 455 1170 Unius
514 1127 644 1184 ergo
689 1111 942 1181 computi
976 1126 1202 1167 summae
1242 1111 1360 1166 ista:
1409 1110 1529 1165 duae
1568 1118 1719 1176 sunt,
1751 1110 1842 1179 qui

282 1222 409 1261 cum
435 1205 599 1261 tertio
633 1220 901 1259 annorum
929 1203 1070 1260 5509
1109 1204 1340 1258 natalem
1364 1203 1610 1259 eumdem
1639 1203 1844 1260 Christi

283 1297 542 1368 respicit,
565 1305 619 1352 et
648 1297 717 1350 ab
747 1297 838 1350 illo
871 1301 1154 1365 propterea
1180 1295 1304 1364 jure
1330 1295 1703 1364 distinguitur.

351 1387 507 1453 Quod
545 1401 652 1441 non
675 1388 922 1441 eumdem
963 1387 1017 1439 in
1051 1400 1251 1440 annum
1282 1385 1714 1439 incarnationem
1742 1383 1846 1438 Do-

281 1478 424 1533 mini
454 1477 762 1541 confcrant,
795 1478 889 1546 qui
915 1477 982 1531 ad
1012 1491 1130 1532 eam
1169 1485 1461 1531 numerant
1491 1491 1663 1531 annos
1685 1477 1843 1543 5495',

281 1578 336 1625 et
363 1573 454 1640 qui
483 1570 651 1636 5501;
684 1569 752 1624 iis
800 1585 866 1624 ex
896 1569 1212 1626 auctoribus
1251 1577 1490 1633 constat,
1521 1570 1614 1640 qui
1639 1570 1845 1624 utrius-

283 1674 391 1730 que
462 1660 542 1714 vel
621 1661 954 1725 inventores,
1033 1643 1116 1715 vel
1181 1659 1419 1716 fautores
1500 1663 1841 1716 exstiterunt.

282 1751 528 1806 Priorem
579 1759 893 1821 computum
963 1749 1254 1806 Panodoro
1314 1752 1530 1807 cuidam
1597 1751 1845 1806 inscribit

282 1843 550 1913 Georgius
604 1842 891 1912 Syncellus
923 1843 1194 1898 monacho
1244 1843 1460 1898 erudlto
1502 1849 1560 1896 et
1597 1842 1839 1912 antiquo.

282 1932 434 1988 Vixit
459 1934 603 1990 enim
634 1935 870 1989 Arcadio
895 1934 1219 2006 imperante,
1249 1945 1304 1990 et
1341 1934 1407 1990 ad
1437 1941 1644 1990 exactae
1680 1935 1844 1989 chro»

282 2025 516 2095 nologiaa
559 2025 847 2081 scientiam
892 2041 1054 2080 usum
1101 2026 1326 2096 insuper
1369 2027 1551 2081 attulit
1592 2034 1844 2082 astronoo

284 2117 550 2171 micarum
578 2130 795 2182 rerum;
861 2116 1022 2186 cujus
1070 2117 1126 2171 in
1162 2114 1380 2187 Georgii
1418 2116 1487 2172 de
1530 2117 1623 2171 illo
1656 2131 1848 2171 narra-

281 2208 453 2271 tione,
511 2221 676 2278 quam
743 2207 994 2277 sequenti
1047 2209 1226 2278 capite
1291 2222 1678 2279 proponemus,
1736 2224 1852 2263 non-

282 2297 681 2353 obscura‘sane
711 2298 940 2368 vestigia
972 2307 1286 2368 supersunt.
1316 2297 1492 2369 Atque
1520 2300 1613 2354 hic
1645 2316 1854 2354 annum

281 2404 406 2444 eum
463 2389 660 2446 Christi
707 2389 1166 2462 ὲναίνθρωπήσεως
1221 2406 1446 2446 summae
1490 2407 1604 2447 suae
1640 2394 1852 2461 praesti-

280 2483 419 2548 tuit;
451 2498 481 2535 a
513 2483 894 2553 quovulgaris
929 2497 1037 2536 aera
1059 2493 1244 2538 nostra
1274 2481 1671 2552 proﬁciscitur:
1703 2483 1849 2553 quod

283 2589 408 2627 cum
461 2575 517 2628 in
576 2576 670 2628 lib.
728 2573 806 2628 IX.
846 2574 1213 2629 Dte-doctrina
1256 2585 1561 2644 temporum,
1629 2590 1750 2646 cap.
1787 2577 1849 2641 ν,

279 2667 633 2721 observatum
662 2667 1000 2737 jam-fuerit,
1049 2669 1262 2738 plenius
1307 2667 1409 2722 hoc
1461 2669 1582 2723 loco
1622 2668 1851 2725 demon—

286 2760 573 2814 strabitur.
609 2760 830 2822 Scribit,
852 2759 1116 2830 Georgius
1162 2776 1362 2815 annum
1395 2763 1588 2818 mortis
1618 2761 1852 2818 Alexan—

279 2853 365 2906 dri
396 2853 570 2923 Magni
611 2868 641 2906 a
687 2869 795 2922 quo
839 2852 1014 2906 Thoth
1053 2851 1286 2922 Philippi
1332 2853 1530 2907 Aridazi
1582 2855 1849 2923 procedit,

280 2947 336 2998 in
368 2959 474 2997 aera
507 2943 936 2997 Panodori-esse
963 2944 1030 2997 ab
1061 2943 1271 2998 Adamo
1303 2944 1465 3007 5l70,
1495 2960 1698 3000 annum
1721 2948 1852 3000 item

279 3034 475 3088 mortis
507 3033 832 3103 CleOpatrae,
867 3035 981 3088 sive
1037 3034 1273 3104 primum
1313 3036 1855 3108 Actiacum,'nume-

281 3124 391 3177 rari
438 3124 608 3192 5465;
644 3140 674 3178 a
710 3139 820 3194 quo
847 3125 1107 3196 deinceps
1139 3125 1205 3179 ad
1233 3126 1465 3198 Augusti
1513 3129 1719 3183 obitum
1758 3146 1849 3200 pu-
1874 3152 1918 3214 ο

281 3224 469 3270 tantur
497 3217 625 3269 anni
653 3216 722 3270 45
743 3236 770 3269 :»
789 3217 868 3270 sic
897 3225 1118 3272 utauno
1145 3218 1394 3286 ejusdem
1427 3235 1549 3274 aera:
1574 3220 1715 3276 5506
1745 3223 1851 3276 Au-

281 3315 480 3376 gustus
527 3305 856 3372 excesserit;
902 3320 1024 3360 cum
1066 3321 1210 3360 anno
1231 3307 1370 3362 5495
1399 3307 1653 3365 Christus
1687 3309 1851 3365 adve-

279 3399 477 3454 nisset.
509 3395 588 3448 Ex
609 3396 677 3450 iis
701 3397 843 3450 inter
870 3409 931 3450 se
956 3397 1285 3466 comparatis
1303 3399 1397 3460 ita,
1421 3400 1566 3468 quod
1600 3401 1850 3456 volumus

281 3486 546 3541 efﬁcitur.
598 3486 757 3548 Anno
811 3484 1025 3538 decimo
1085 3492 1280 3553 quarto
1336 3502 1462 3541 serae
1529 3488 1852 3543 Christiath

283 3587 535 3632 mortuus
569 3584 653 3631 est
679 3577 994 3646 Augustus;
1036 3575 1242 3643 periodi
1271 3574 1499 3631 Juliante
1519 3577 1679 3640 4727,
1709 3580 1862 3633 utin

282 3668 428 3722 libro
459 3665 529 3721 De
557 3666 800 3720 doctrina
835 3675 1125 3735 temporum
1155 3664 1246 3729 XI,
1281 3681 1400 3738 cap.
1439 3665 1528 3730 Vl,
1565 3667 1850 3737 probatum

282 3767 392 3816 est.
429 3758 498 3813 Ut
528 3759 690 3830 igitur
716 3758 974 3813 detractis
1005 3758 1162 3812 annis
1194 3774 1284 3812 xtv
1310 3759 1376 3812 de
1420 3757 1560 3811 4727
1599 3758 1850 3814 residuus

283 3859 372 3907 est
403 3851 472 3914 is,
521 3850 577 3903 in
605 3865 767 3919 quem
797 3849 1037 3918 vulgaris
1078 3848 1284 3903 Christi
1324 3849 1524 3904 natalis
1564 3850 1848 3918 competit:

282 3954 336 3998 et
358 3942 764 4012 sequenti47l4
780 3943 988 4012 primus
1011 3957 1133 3998 serae
1157 3941 1732 4014 Chnistianaeincipit;
1761 3942 1864 3997 cui

283 4034 724 4088 lncarnationem
743 4032 1054 4090 etNatalem
1077 4035 1421 4104 computistae
1441 4044 1713 4090 nostrates
1727 4051 1850 4090 cum

282 4125 491 4181 Graecis
513 4126 823 4180 afﬁxerunt:
857 4127 937 4180 sic
953 4126 1023 4180 de
1045 4140 1189 4180 anno
1210 4124 1483 4191 Panodori
1506 4125 1645 4180 5506
1679 4125 1863 4180 detra~.

281 4219 391 4271 ctis
415 4233 526 4281 xrv,
543 4217 768 4272 exsistet
791 4232 966 4272 annus
983 4216 1121 4270 5485
1141 4234 1159 4283 ;-
1177 4217 1265 4272 cui
1286 4216 1384 4288 τὴν
1402 4217 1649 4288 γέννησιν
1668 4216 1854 4271 Salva-

281 4307 426 4362 toris
442 4306 760 4362 Panodorus
775 4309 1045 4363 attribuit.
1068 4309 1282 4362 Rursus
1305 4309 1609 4362 Alexander
1628 4307 1853 4376 Magnus

285 4398 448 4467 periit
477 4413 620 4452 anno
655 4399 864 4469 periodi
893 4397 1126 4452 Iuliana:
1161 4397 1328 4462 4590,
1365 4399 1458 4467 qui
1509 4407 1593 4452 est
1639 4405 1854 4452 trecen-

1946 557 2122 627 primo
2180 557 2530 630 Dionysiano.
2593 557 2770 613 Doceo
2817 559 2928 629 jam
2984 560 3140 614 annis
3181 565 3304 613 octo
3330 573 3507 612 remo-

1945 653 2062 700 tum
2093 647 2162 702 ab
2191 662 2255 701 eo
2281 649 2511 702 alterum
2531 664 2673 715 esse,
2705 649 2800 718 qui
2839 649 3131 719 quinquies
3161 648 3507 703 millesimum

1943 737 2439 807 quingentesimum
2507 740 2739 808 primum
2815 754 3016 792 annum
3093 747 3323 810 occupat
3387 754 3510 793 mra:

1944 827 2182 893 Maximi,
2225 844 2288 883 ac
2319 828 2686 897 Theophanis,
2743 841 2794 884 et
2846 829 3058 900 Georgii
3112 829 3370 901 Syncelli.
3416 829 3509 885 Et-

1944 920 2108 983 enim,
2145 920 2290 990 quod
2323 921 2419 976 lib.
2465 920 2534 976 IX
2576 923 2651 992 (p.
2685 921 2738 990 5)
2785 921 2858 975 De
2915 921 3158 975 doctrina
3197 933 3504 991 temporum,

1944 1013 2380 1069 animadversum
2438 1021 2542 1079 est,
2595 1015 2874 1070 character
2928 1029 3192 1069 annorum
3257 1015 3504 1078 istorum,

1946 1120 2054 1175 quo
2083 1105 2468 1161 discernuntur
2498 1120 2531 1159 a
2575 1106 2757 1168 nobis,
2803 1107 3030 1166 indictio
3079 1115 3179 1171 est,
3206 1122 3366 1176 quam
3411 1122 3508 1165 no.-

1946 1195 2154 1250 biscum
2181 1196 2256 1249 illi
2288 1211 2633 1252 communem
2661 1197 2930 1261 obtinent,
2956 1207 3069 1254 tum
3114 1197 3270 1262 feria,
3310 1199 3391 1252 vel
3427 1199 3509 1251 lu-

1945 1289 2094 1341 naris
2125 1293 2257 1341 aetas
2284 1288 2449 1340 certis
2480 1287 2673 1342 diebus
2701 1288 2987 1341 attributa.
3021 1286 3156 1353 Quae.
3178 1288 3222 1343 si
3254 1288 3512 1344 adbibere

1946 1378 2214 1440 velimus,
2261 1378 2474 1434 id-csse
2524 1394 2736 1441 verum,
2784 1379 2929 1447 qttod
2967 1378 3104 1444 dixi,
3152 1381 3508 1452 reperiemus.

1945 1469 2061 1524 Duo
2092 1478 2218 1525 sunt
2266 1486 2376 1540 prae
2419 1473 2629 1527 czeteris
2677 1481 2954 1536 auctores,
2995 1472 3092 1542 qui
3128 1455 3512 1534 aera'utuntur

1945 1562 2068 1627 ista,
2114 1562 2381 1620 Maximus
2433 1573 2488 1618 et
2538 1562 2918 1640 Theophanes.
2975 1562 3179 1618 Horum
3247 1564 3396 1635 prior
3457 1567 3512 1624 in
3605 1564 3611 1569 ’

1944 1654 2118 1730 prima
2174 1664 2328 1724 parte
2365 1654 2628 1734 computi,
2664 1639 2786 1726 cap.
2825 1654 3053 1722 XXXII,
3087 1657 3514 1727 evangelismum

1945 1746 2117 1801 beatae
2146 1745 2407 1816 Virginis,
2445 1749 2559 1803 sive
2605 1745 3061 1817 Inoarnationem,
3106 1749 3365 1806 incidisse
3400 1749 3516 1803 vult

1948 1851 2092 1892 anno
2119 1837 2306 1891 mundi
2341 1837 2506 1902 5501,
2532 1840 2684 1908 cyclo
2711 1840 2844 1894 solis
2874 1856 2996 1904 xm,
3031 1841 3183 1900 lunae
3205 1855 3260 1905 x,
3288 1839 3420 1896 feria
3453 1856 3512 1906 ιι,

1946 1929 2190 1984 Natalem
2225 1939 2406 1985 autem
2430 1915 2631 1987 Christi
2672 1932 2860 1986 eodem
2902 1947 3070 1998 anno,
3095 1931 3236 1998 feria
3265 1948 3335 1986 IV.
3370 1932 3516 1998 Quo-

1949 2023 2094 2075 niam
2147 2022 2310 2093 igitur
2368 2023 2796 2094 Εὑαγγελισμὺς,
2843 2040 3006 2100 quam
3051 2025 3515 2079 Annuntiationcm

1947 2111 2136 2168 Latina
2153 2123 2308 2177 vocat
2332 2114 2593 2178 Ecclesia,
2621 2122 2731 2174 tam
2759 2129 2789 2172 a
2813 2113 3015 2174 Graecis
3036 2131 3198 2185 quam
3230 2131 3261 2171 a
3289 2117 3513 2182 nostris,

1949 2205 2130 2259 Martii
2154 2222 2260 2267 xxv
2287 2205 2527 2276 ponitur,
2559 2220 2784 2261 necesse
2814 2214 2898 2260 est
2924 2204 3311 2261 Dominicalem
3344 2205 3515 2262 fuisse

1948 2297 2187 2352 litteram
2230 2296 2289 2354 Ε.
2320 2281 2491 2356 Addit
2527 2311 2652 2366 cap.
2695 2295 2913 2350 XXXIII
2951 2297 3300 2352 indictionem
3343 2297 3516 2353 fuisse

1950 2399 2081 2443 tunc
2134 2406 2234 2452 χιι,
2283 2391 2459 2459 capite
2507 2405 2671 2460 porro
2720 2387 2938 2443 XXXIV
2987 2391 3367 2464 χρηματισμὸν
3413 2391 3515 2447 Za-

1950 2481 2149 2536 charias
2179 2481 2485 2551 Septembri
2515 2499 2661 2536 xxvtt
2688 2482 2776 2537 die
2808 2485 3104 2555 contigisse
3137 2493 3348 2549 narrat,
3379 2485 3515 2540 feria

1951 2589 2003 2636 v,
2036 2573 2190 2643 cyclo
2220 2574 2351 2628 solis
2381 2590 2475 2637 χιι,
2514 2575 2654 2628 lunae
2685 2590 2757 2630 ιχ.
2794 2574 3028 2632 Proinde
3055 2577 3236 2632 littera
3271 2576 3525 2630 Domini».

1951 2665 2086 2721 calis
2117 2673 2232 2722 erat
2262 2665 2327 2720 G.
2358 2666 2490 2722 Item
2520 2678 2708 2722 natum
2748 2685 2869 2724 esse
2901 2667 3159 2725 Joannem
3187 2668 3334 2729 Jun'ii
3365 2686 3516 2732 xxiv,

1952 2757 2088 2813 feria
2133 2775 2191 2823 ιι,
2220 2773 2412 2828 nempe
2441 2758 2622 2814 littera
2657 2759 2978 2814 Domitzicali
3018 2759 3078 2821 Ε.
3114 2759 3191 2812 Ex
3231 2767 3310 2813 tot
3347 2774 3517 2812 anno-

1953 2851 2538 2924 ruchharacterismis
2560 2852 2816 2918 efﬁcitur,
2850 2852 3123 2906 Zachariae
3137 2869 3238 2923 χρη
3249 2851 3518 2922 ματισμδν

1952 2948 2006 2994 ct
2033 2948 2353 3010 conceptum
2405 2939 2650 2999 Joannis.
2687 2942 2884 2998 cadere
2925 2944 2981 2997 in
3035 2957 3239 2997 annum
3303 2944 3515 3013 periodi

1952 3031 2180 3086 Julianae
2209 3032 2367 3098 4721,
2399 3032 2492 3106 qui
2530 3043 2612 3087 est
2641 3049 2764 3087 aera:
2791 3035 3098 3088 communis
3129 3043 3376 3098 octavus,
3409 3050 3525 3104 quo

1956 3119 2130 3173 littera
2165 3119 2266 3173 fuit
2299 3119 2342 3174 G
2375 3132 2496 3190 post
2527 3120 2803 3178 Martium.
2850 3122 3289 3178 lncarnationem
3335 3133 3515 3179 autem

1949 3209 2302 3286 Natalemque
2333 3212 2559 3276 Christi,
2592 3222 2644 3268 et
2675 3224 2799 3272 ante
2828 3215 2974 3270 hunc
3009 3215 3257 3282 Joannis,
3311 3215 3366 3270 in
3417 3232 3518 3270 an-

1951 3316 2081 3354 num
2107 3299 2267 3366 4722,
2299 3317 2420 3355 aera:
2469 3302 2799 3360 Christiana:
2858 3320 3086 3370 nonum,
3129 3307 3223 3374 qui
3282 3306 3518 3362 litteram

1951 3393 2140 3446 habuit
2172 3392 2234 3447 F.
2272 3392 2363 3447 Sic
2393 3397 2551 3450 annis
2579 3404 2702 3450 octo
2734 3395 2942 3451 tardior
2969 3403 3053 3451 est
3086 3397 3285 3451 natalis
3330 3397 3528 3462 Domi:

1951 3486 2108 3538 nicus
2164 3483 2221 3537 in
2269 3484 2373 3538 hac
2431 3500 2563 3549 tera,
2621 3502 2786 3557 quam
2836 3488 2890 3541 in
2934 3489 3230 3544 communi.
3276 3488 3532 3557 Idipsum.

1952 3576 2342 3639 ἀποδεικτικῶς
2370 3592 2585 3653 quoque
2613 3580 2888 3650 colligitur
2908 3597 2975 3636 ex
3006 3579 3370 3650 cap..XXXlll
3403 3595 3522 3650 par-

1950 3667 2022 3721 tis
2057 3667 2246 3736 prima:
2275 3669 2515 3738 computi
2556 3669 2796 3734 Maximi.
2837 3672 3049 3743 Quippe
3084 3672 3317 3742 Augusti
3349 3672 3522 3743 impc-

1951 3758 2018 3812 rii
2051 3761 2350 3815 secundum
2381 3777 2584 3816 annum
2617 3765 2692 3820 ait
2720 3779 2840 3822 esse
2864 3765 3249 3831 mundi'6460,
3283 3782 3390 3838 quo
3419 3767 3520 3820 fuit

1953 3850 2141 3906 indict.
2178 3853 2590 3918 t,incarnatum
2615 3869 2745 3911 vero
2780 3871 2904 3912 esse
2927 3857 3206 3916 Christum
3236 3873 3379 3912 anno
3403 3858 3518 3911 Au-

1951 3942 2096 4013 gusti
2118 3946 2266 4010 xuti,
2293 3943 2484 4001 indict.
2513 3962 2609 4002 ut.
2644 3946 2720 4002 Ex
2747 3964 2858 4022 quo
2885 3965 3227 4021 consequens
3259 3959 3344 4005 est
3376 3965 3529 4004 anno

1951 4033 2081 4088 Julii
2129 4050 2204 4090 xtt
2254 4038 2462 4112 periodi
2499 4037 2726 4094 Iuliana:
2758 4041 2898 4097 4680
2945 4042 3176 4112 Augusti
3228 4043 3519 4112 imperium

1953 4127 2167 4192 iniisse,
2195 4137 2249 4184 et
2279 4144 2484 4189 annum
2524 4130 2653 4186 Julii
2692 4149 2809 4198 xm,
2851 4135 3058 4204 periodi
3101 4134 3332 4190 Julianae
3381 4133 3537 4191 468i.

1955 4222 2254 4278 secundum
2284 4236 2406 4276 esse
2427 4223 2779 4279 monarchiae.
2805 4224 3046 4295 lntellige
3077 4227 3344 4280 labentem
3370 4233 3520 4282 utro:

1954 4310 2138 4382 bique.
2199 4311 2416 4377 Etenim
2476 4318 2708 4388 Augusti
2754 4333 2927 4377 annos
2989 4332 3020 4370 a
3083 4316 3259 4371 Thoth
3305 4317 3520 4385 incipit.

1955 4401 2191 4458 Proinde
2242 4406 2454 4476 primus
2513 4405 2689 4461 Thoth
2745 4423 2937 4463 revera
2996 4407 3190 4462 incidit
3232 4407 3286 4460 in
3319 4421 3540 4465 annum.

287 4489 518 4544 tesimus
541 4490 836 4544 vicesimus
867 4499 1098 4559 quartus
1118 4495 1244 4543 ante
1271 4488 1847 4544 Christianam-teram.
1882 4494 2083 4551 D‘Julii
2117 4512 2199 4562 ιιι,
2249 4497 2459 4566 periodi
2502 4497 2735 4554 Iuliana;
2771 4499 2903 4561 4711
2931 4519 2944 4553 ;
2973 4508 3028 4552 at
3056 4514 3123 4553 ex
3162 4497 3378 4552 Maximi
3405 4498 3520 4550 cal-

285 4579 474 4646 Quare
507 4581 647 4633 sicut
677 4579 877 4635 additis
900 4580 1004 4635 524
1042 4581 1108 4635 ad
1147 4580 1309 4644 4589';
1345 4580 1635 4634 conﬁcitur
1673 4595 1850 4636 annus

289 4669 491 4724 natalis
517 4672 831 4725 communis.
865 4672 923 4725 in
966 4669 1182 4726 Juliana
1223 4671 1446 4741 periodo
1474 4671 1632 4738 4745,
1665 4672 1745 4726 sic
1786 4670 1866 4725 ad~

289 4777 496 4816 annum
525 4761 667 4818 5169
692 4763 893 4818 additis
925 4764 1050 4827 524,
1098 4763 1383 4833 consurgit
1430 4777 1606 4818 annus
1650 4763 1705 4816 in
1745 4778 1873 4818 tera.

287 4850 564 4907 Panodori
593 4853 752 4918 5495,
781 4855 874 4924 qui
904 4854 1397 4909 Alexandrinorum
1422 4854 1672 4924 populari
1702 4869 1854 4910 exor-

290 4946 384 5000 dio
412 4946 577 5016 coepit
607 4947 676 5001 ab
709 4946 955 5016 Augusto
983 4955 1214 5001 exeunte
1237 4947 1363 5000 anni
1392 4946 1553 5008 4715,
1588 4946 1863 5001 ecclesia-.

292 5035 432 5089 stica
478 5050 608 5090 vero
647 5035 1039 5090 consuetudine
1059 5049 1090 5088 a
1119 5051 1250 5091 vere
1273 5036 1400 5090 anni
1426 5036 1585 5089 4714.
1610 5035 1856 5106 Denique

293 5126 502 5194 primus
539 5141 715 5182 annus
746 5126 1025 5190 Actiacus,
1072 5128 1186 5182 sive
1213 5127 1408 5183 mortis
1439 5129 1765 5198 Cleopatra,
1797 5132 1854 5184 in

289 5215 507 5269 Juliana
531 5217 752 5285 periodo
782 5226 862 5272 est
889 5217 1051 5282 4684,
1077 5216 1143 5270 ad
1173 5232 1332 5287 quem
1358 5217 1600 5286 adjuncti
1630 5219 1760 5274 anni
1784 5220 1855 5274 45

291 5308 548 5362 desinunt
583 5309 638 5361 in
667 5324 866 5362 annum
883 5308 1043 5374 4727,
1066 5324 1175 5379 quo
1195 5310 1474 5381 August-us
1494 5311 1605 5366 fato
1633 5312 1853 5370 functus

293 5407 397 5452 est.
443 5397 643 5453 Eodem
687 5400 848 5453 modo
893 5401 940 5457 si
986 5401 1055 5454 45
1091 5401 1320 5470 adjicias
1356 5404 1424 5458 ad
1461 5405 1621 5470 5465,
1655 5406 1854 5463 conﬁet

295 5490 350 5541 in
379 5489 646 5544 Panodori
677 5499 934 5561 computo
957 5507 1134 5548 annus
1165 5493 1324 5558 5506,
1351 5511 1459 5564 quo
1492 5497 1622 5552 item
1662 5515 1856 5555 exces-

296 5581 368 5632 sit
394 5579 672 5650 Augustus
702 5601 714 5636 :
753 5582 847 5638 sed
881 5584 1066 5640 exiens
1094 5592 1320 5655 uterque
1342 5601 1519 5643 annus
1549 5590 1851 5655 habendus,

296 5679 556 5740 sequente
593 5672 730 5727 5507
761 5683 814 5727 et
855 5674 1011 5730 5464.
1058 5675 1328 5743 Quocirca
1364 5680 1501 5734 nihil
1539 5689 1626 5737 est
1651 5685 1855 5739 certius

295 5777 454 5830 quam
490 5762 884 5821 incarnationis
927 5782 1155 5835 annum,
1195 5771 1246 5824 in
1291 5787 1448 5840 quem
1484 5772 1752 5830 Panodori
1783 5777 1852 5831 ab

1958 4588 2082 4642 culo
2121 4588 2352 4658 contigit
2397 4604 2543 4646 anno
2584 4589 2713 4644 Julii
2749 4607 2822 4655 xi,
2850 4589 3056 4660 periodi
3085 4589 3314 4644 Juliantc
3357 4588 3519 4648 4679.

1960 4677 2112 4733 Unde
2141 4693 2284 4732 anno
2326 4679 2458 4733 468i
2519 4680 2574 4734 in
2628 4695 2795 4734 cursu
2844 4688 2962 4734 erat
3017 4681 3196 4735 adhuc
3249 4679 3526 4737 secundus

1956 4770 2186 4841 Augusti
2219 4785 2342 4824 cum
2375 4771 2671 4831 indictione
2693 4789 2730 4826 ι.
2758 4771 2908 4828 Adde
2937 4785 3109 4826 annos
3133 4787 3218 4825 xu
3244 4771 3480 4841 reliquos
3506 4785 3522 4834 ;

1957 4862 2199 4917 incurret
2242 4863 2682 4934 annusAugusti
2723 4879 2875 4927 um,
2907 4879 3015 4935 quo
3069 4865 3387 4918 incarnatus
3439 4872 3524 4916 est

1957 4953 2232 5019 Christus,
2272 4956 2327 5009 in
2373 4971 2575 5011 annum
2605 4955 2882 5011 Julianum
2917 4972 3025 5020 ιιν,
3055 4957 3264 5028 periodi
3296 4955 3526 5011 Juliana:

1956 5048 2118 5115 4722,
2150 5049 2225 5102 ita
2260 5056 2319 5102 ut
2347 5065 2491 5104 anno
2531 5049 2748 5106 Juliano
2792 5053 2885 5105 uti
2924 5067 2959 5111 a_
2987 5051 3166 5108 Thoth
3217 5051 3419 5114 inierit,
3471 5053 3528 5102 ct

1957 5138 2156 5194 Martio
2216 5154 2403 5197 mense
2431 5142 2770 5211 insequentis
2801 5143 2929 5196 anni
2972 5141 3225 5201 tenuerit.
3254 5140 3417 5195 Vides
3465 5146 3525 5192 ut

1958 5228 2118 5284 annis
2173 5236 2296 5284 octo
2327 5230 2595 5286 tardiores
2650 5233 2770 5286 sint
2811 5231 3033 5307 epocha:
3078 5245 3269 5288 omnes
3320 5230 3376 5283 in
3417 5229 3524 5284 isto

1957 5327 2238 5390 computo.
2288 5319 2422 5374 Nam
2454 5321 2632 5376 Thoth
2676 5322 2944 5391 Augustei.
2973 5321 3186 5390 imperii
3225 5327 3308 5375 est
3346 5334 3524 5373 annus

1956 5411 2143 5468 Julius
2163 5416 2242 5478 tti,
2281 5429 2308 5466 a
2345 5413 2581 5468 Maximo
2615 5429 2744 5469 vero
2774 5414 2829 5467 ﬁt
2864 5429 2938 5467 χι.
2975 5411 3174 5466 Eadem
3194 5420 3247 5466 et
3281 5411 3334 5463 in
3366 5409 3526 5463 Nice-

1956 5505 2112 5573 pltori
2162 5504 2433 5560 Chronico
2495 5505 2830 5576 perturbatio
2887 5511 2992 5569 est,
3045 5505 3138 5572 qui
3192 5519 3316 5556 cum
3381 5518 3525 5555 anno

1958 5595 2332 5661 Adami550l,
2370 5597 2583 5666 imperii
2606 5596 2838 5667 Augusti
2872 5611 3004 5657 xui,
3054 5602 3220 5664 ponat
3268 5595 3527 5648 lncarna-

1956 5688 2156 5742 tionem
2203 5687 2444 5755 Domini;
2493 5688 2846 5743 nihilominus
2908 5702 3108 5741 annum
3161 5685 3390 5740 Nicena:
3435 5701 3526 5752 sy-

1962 5779 2089 5834 nodi
2143 5788 2394 5834 numerat
2447 5779 2513 5835 ab
2561 5778 2937 5835 lncarnatione
2990 5794 3242 5834 cccxvnt.
3300 5786 3352 5831 ct
3402 5785 3560 5834 octO.
