3948 6264
456 272 592 328 1599

1437 260 1522 315 AI)
1565 261 1829 316 EUSEBII
1867 250 2259 316 CHRONIGON
2303 245 2663 305 APPENDIX.

3532 232 3676 291 {300'

455 393 615 447 annis
640 388 821 444 minus
860 385 1012 441 dicit.
1057 383 1170 440 Nos
1217 384 1272 438 in
1328 399 1472 438 nono
1501 384 1579 439 De
1617 384 1859 439 doctrina
1888 395 2017 440 tem-
2042 391 2092 445 Α
2117 394 2240 434 esse
2265 375 2456 429 volunt
2493 367 2652 431 5777,
2683 357 3076 416 Incarnationis
3098 353 3243 419 277;
3272 349 3508 447 atqui‘ex
3549 351 3654 447 illo-

454 498 660 552 parum,
680 493 800 549 cap.
842 474 930 539 IV,
958 476 1097 530 duos
1124 475 1244 529 illos
1268 488 1443 530 annos
1473 475 1874 548 χρηματισμοῦ.
1916 476 2017 531 Za-

455 571 657 627 chariae
730 577 784 625 et
854 566 1249 622 Incarnationis
1323 582 1353 620 a
1426 565 1660 621 Maximo
1718 574 2014 638 conceptos

457 663 743 717 retulimus
791 661 847 715 in
905 658 1046 714 4710
1106 665 1161 714 et
1207 656 1340 711 4711
1396 656 1604 727 periodi
1639 655 1888 726 Julianaa,
1920 658 2016 728 qui

458 754 649 809 iisdem
681 749 1113 805 Dominicalibus
1145 747 1341 803 litteris
1372 748 1742 804 instruuntur.
1774 747 1884 804 Sed
1932 748 2017 804 in-

456 843 624 897 dictio
679 840 797 905 XII,
844 854 1008 910 quam
1056 838 1225 892 natali
1251 836 1460 893 Christi
1494 837 1765 894 Maximus
1797 854 2017 894 accum-

458 934 659 998 modat,
685 946 886 986 annum
920 929 1112 985 suadet
1140 928 1301 995 4722,
1335 944 1445 999 quo
1501 927 1750 985 Romana
1790 929 2017 986 indictio

455 1031 574 1079 erat
611 1024 666 1077 in
710 1037 875 1078 cursu
916 1037 992 1075 xu
1026 1036 1054 1073 a
1084 1018 1367 1088 Januario,
1399 1019 1484 1075 vel
1535 1034 1567 1073 a
1595 1017 1812 1086 Martio,
1855 1018 2018 1090 Apri-

455 1117 581 1182 live,
630 1123 691 1171 ut
737 1123 891 1186 putat
935 1113 1222 1168 Maximus.
1267 1110 1358 1167 Sic
1395 1111 1453 1166 in
1495 1111 1766 1182 baptismo
1812 1110 2017 1168 Christi

456 1224 521 1263 ac
558 1208 813 1278 passione
846 1205 993 1260 Iabes
1039 1202 1226 1258 eadem
1277 1201 1517 1271 computi
1551 1201 1812 1265 cernitur,
1847 1201 2018 1271 siqui-

458 1299 578 1355 dem
615 1314 735 1370 cap.
794 1294 989 1351 XXXII
1033 1294 1365 1365 baptizatum
1411 1308 1442 1347 a
1482 1292 1694 1348 Joanne
1737 1292 2019 1348 Christum

458 1396 723 1444 memorat
764 1402 907 1441 anno
944 1386 1105 1450 5550,
1145 1385 1282 1441 feria
1313 1400 1392 1441 ιιι.
1431 1384 1575 1455 Ergo
1607 1385 1787 1439 littera
1833 1382 2018 1438 Domi-

458 1484 571 1536 nic.
604 1480 666 1547 D,
701 1477 928 1548 adjectis
961 1492 1091 1531 xxix
1117 1477 1184 1532 ad
1219 1491 1342 1532 eum
1367 1490 1593 1542 annum,
1624 1489 1733 1545 quo
1763 1475 2019 1529 incarna-

458 1580 549 1625 tus
583 1575 688 1625 cst.
724 1567 880 1623 Unde
902 1572 987 1623 est
1016 1565 1108 1621 hic
1143 1580 1319 1620 annus
1342 1564 1549 1636 periodi
1583 1563 1813 1618 Julianae
1855 1563 2017 1629 4752,

457 1677 565 1732 quo
596 1660 663 1715 ad
693 1674 919 1713 vernum
977 1670 1151 1727 usque
1207 1670 1450 1712 mensem
1506 1654 1790 1709 labebatur
1841 1668 2017 1708 annus

457 1721 673 1818 Maximi
698 1751 837 1809 5550
870 1755 924 1805 et
961 1721 1092 1805 5551
1134 1748 1258 1803 inde
1293 1747 1580 1803 successit.
1626 1745 1762 1800 Item
1802 1746 2017 1827 passio-
2048 1721 2092 1780 Β

460 1862 581 1901 nem
619 1843 825 1900 Christi
864 1840 1090 1912 conjicit
1117 1841 1176 1896 in
1224 1854 1426 1894 annum
1456 1837 1620 1901 5554,
1643 1851 1707 1892 ac
1740 1836 1885 1893 diem
1913 1834 2019 1890 Pa-

458 1952 739 1997 rasceves:
788 1952 908 2006 qua:
936 1934 1151 2006 quidem
1185 1932 1364 1987 Martii
1405 1946 1541 1985 χχιιι
1577 1928 1827 1999 contigit,
1861 1934 1921 1983 ut
1953 1944 2020 1983 ex

459 2023 691 2095 Georgio
737 2039 862 2078 mox
913 2023 1254 2095 probabitur,
1283 2021 1467 2075 littera
1508 2019 1774 2074 Dominic.
1822 2016 2022 2073 G.Ita-

458 2130 566 2185 que
593 2130 768 2172 annus
806 2113 910 2168 fuit
939 2114 1148 2185 periodi
1180 2112 1408 2168 Juliante
1434 2111 1597 2167 4755.
1645 2109 1778 2177 Quae
1806 2108 2024 2164 Graeco-

460 2221 580 2261 rum
608 2209 875 2262 sententia
903 2222 1014 2261 non
1046 2206 1218 2276 magis
1248 2205 1456 2275 reliqua
1489 2204 1556 2258 ab
1588 2202 1838 2270 historia,
1860 2216 2021 2273 quam

461 2298 528 2352 ab
551 2297 857 2369 evangelica
887 2298 1200 2354 narratione
1224 2297 1516 2367 discrepat.
1553 2294 1688 2349 Nam
1721 2294 1923 2349 Tiberii
1954 2310 2024 2348 xv

407 2379 414 2385 ’
462 2388 574 2444 fere
602 2389 907 2459 baptizatus
935 2397 1020 2444 est
1054 2388 1336 2454 Christus;
1371 2394 1426 2441 et
1456 2384 1646 2441 eodem
1685 2385 2019 2454 imperante,

460 2481 645 2545 tertio,
671 2488 935 2549 quartove
969 2493 1111 2532 anno
1141 2488 1327 2549 postea
1350 2493 1548 2548 passus
1576 2496 1589 2530 :
1620 2482 1675 2530 at
1710 2491 1776 2531 ex
1804 2475 2022 2531 Maximi

461 2580 716 2642 computo
746 2571 1013 2641 sequitur,
1040 2570 1170 2626 Caio
1209 2570 1509 2641 imperante
1541 2575 1595 2624 et
1627 2568 1746 2639 ejus
1776 2583 1920 2622 anno
1940 2583 2026 2623 se-

463 2664 640 2718 cundo
665 2663 732 2717 ad
757 2663 1091 2735 baptismum
1123 2661 1351 2717 Joannis
1383 2663 1683 2719 accessisse
1735 2662 2022 2718 Dominum

462 2764 517 2811 et
560 2772 781 2826 passum
835 2772 956 2812 csse
986 2755 1201 2814 Claudii
1249 2755 1526 2811 secundo:
1574 2771 1695 2827 quae
1743 2764 1872 2812 sunt
1931 2754 2027 2809 ab-

465 2848 810 2902 surdissima.

535 2936 804 3009 Georgius
853 2935 1140 3008 Syncellus
1184 2936 1241 2991 in
1300 2936 1486 2993 eadem
1547 2945 1632 2992 est
1685 2953 1849 2992 causa
1900 2953 2027 2992 cum

2115 482 2236 523 rum
2267 468 2450 518 mente
2503 459 2553 513 is
2596 467 2719 510 esse
2760 450 2920 505 debet
2961 461 3082 502 atrae
3148 450 3357 500 nostra;
3404 440 3525 496 285.
3576 441 3654 500 Sic

2115 556 2474 627 Theophanes
2518 542 2863 604 Constantini
2911 539 3125 595 obitum
3174 534 3347 590 refert
3392 532 3447 586 in
3474 546 3654 588 annum

2114 643 2488 708 mundi5829,
2515 633 2908 694 Incarnationis
2931 631 3069 686 529:
3131 641 3300 698 quem
3347 634 3546 681 certum
3585 637 3655 681 est

2115 755 2236 797 εγω
2263 732 2568 793 communis
2601 743 2744 784 anno
2770 725 2874 780 557
2914 720 3202 777 incidisse.
3238 717 3449 771 Rursus
3475 714 3651 769 Valen-

2115 832 2311 888 tiniani
2341 812 2622 885 exordium
2667 818 2879 877 confert
2933 816 2988 870 in
3042 827 3255 868 annum
3304 807 3488 863 mundi
3537 808 3656 864 5857

2115 930 2435 986 exeuntem;
2469 922 2727 986 sequente
2751 924 2873 963 mox
2901 905 3060 970 5858,
3096 901 3366 975 quoniam
3393 897 3656 953 Februario

2116 1022 2331 1069 creatus
2360 1018 2445 1065 est
2476 1008 2804 1076 imperator;
2840 997 3043 1055 Christi
3076 1005 3263 1051 autem
3286 999 3551 1062 computat
3569 992 3657 1047 557

2116 1103 2301 1161 itidem
2331 1104 2642 1157 exeuntem.
2678 1092 2981 1148 Discrimen
3015 1099 3293 1141 annorum
3346 1081 3398 1145 7,
3428 1084 3657 1151 quemad-

2116 1195 2336 1251 modum
2378 1199 2433 1248 et
2472 1191 2527 1244 in
2573 1199 2719 1242 anno
2751 1180 2966 1240 concilii
2994 1174 3497 1240 Chalcedonensis,
3533 1176 3657 1244 quod

2119 1300 2265 1342 anno
2295 1282 2487 1339 mundi
2532 1278 2692 1343 5944,
2740 1273 3041 1330 indictione
3069 1287 3103 1326 γ
3140 1268 3477 1325 celebratum
3500 1264 3655 1333 docet,

2118 1393 2262 1435 anno
2292 1373 2496 1433 Christi
2536 1371 2664 1426 444.
2696 1368 2856 1438 Atqui
2890 1379 3036 1419 anno
3068 1362 3171 1417 451
3224 1376 3350 1416 aera:
3378 1368 3564 1416 nostra:
3587 1370 3658 1416 est

2118 1470 2384 1533 habitum,
2416 1465 2496 1522 sic
2531 1477 2643 1518 uno
2672 1457 2943 1515 interdum
2968 1468 3115 1509 anno
3152 1451 3225 1507 ab
3258 1451 3501 1504 instituta
3521 1449 3658 1504 chro-

2117 1558 2339 1629 nologia
2369 1552 2729 1622 Theophanes
2759 1548 3012 1602 aberrat:
3047 1556 3112 1597 ac
3158 1546 3371 1610 septem
3419 1553 3655 1593 annorum

2118 1644 2496 1706 tantummodo
2529 1641 2826 1698 discrimen
2859 1635 3023 1701 facit;
3054 1647 3184 1689 cum
3220 1637 3349 1685 octo
3369 1644 3488 1684 esse
3512 1643 3658 1685 anno-

2119 1757 2239 1796 rum
2267 1741 2516 1809 oporteat
2536 1748 2604 1788 ex
2631 1731 2778 1787 illius
2798 1724 3101 1782 ratiociniis
3126 1742 3139 1776 :
3169 1721 3331 1791 cujus
3355 1720 3488 1776 ratio
3502 1735 3562 1775 ex
3584 1722 3658 1787 iis,

2119 1848 2239 1906 quas
2278 1832 2345 1886 de
2379 1841 2647 1883 annorum
2688 1822 2861 1878 initiis
2893 1821 2950 1876 in
2986 1831 3135 1874 anno
3171 1814 3394 1872 Juliano
3421 1814 3658 1878 dicentur,

2121 1933 2396 1995 utcunque
2421 1917 2713 1976 constabit.

2189 2038 2271 2095 Ex
2317 2035 2403 2092 bis
2428 2032 2683 2088 omnibus
2711 2027 2859 2100 quod
2907 2026 3064 2081 initio
3101 2022 3394 2095 posuimus
3441 2019 3659 2083 edicitur,

2122 2132 2286 2187 trium
2323 2140 2555 2184 terarum
2584 2122 2720 2178 duas
2747 2118 3194 2175 lncarnationem
3224 2111 3431 2170 Christi
3460 2112 3660 2166 diversis

2122 2220 2280 2274 annis
2323 2216 2617 2287 aitingere;
2650 2227 2715 2267 ac
2747 2210 2971 2282 prioris,
3001 2221 3122 2277 quae
3152 2205 3293 2261 5501
3353 2210 3522 2275 putat,
3553 2201 3662 2256 ulti-

2122 2326 2272 2366 mum
2298 2307 2593 2365 convenire
2612 2302 2820 2360 Chrisﬁ
2866 2314 3011 2355 anno
3040 2313 3233 2364 nono;
3268 2295 3493 2350 alterius
3532 2307 3661 2354 vero,

2122 2418 2244 2473 quae
2266 2400 2407 2457 5495
2430 2403 2698 2461 numerat,
2730 2407 2876 2448 anno
2903 2393 3077 2463 primo
3101 2409 3115 2445 :
3140 2391 3397 2458 adeoque
3420 2403 3521 2441 non
3547 2386 3664 2442 duos

2124 2494 2351 2549 annales
2407 2499 2725 2560 computos;
2769 2484 2867 2541 sed
2919 2500 3086 2539 unum
3132 2491 3194 2537 et
3249 2480 3491 2537 eumdem
3542 2493 3659 2532 esse.

2125 2587 2340 2643 Etenim
2397 2597 2605 2639 annum
2655 2576 2982 2634 Christianae
3042 2574 3126 2629 vel
3188 2571 3521 2642 Dionysiana:
3562 2582 3665 2622 rem

2126 2680 2361 2750 primum
2389 2682 2622 2743 uterque
2651 2674 2940 2740 computus
2962 2665 3104 2722 5495
3128 2670 3390 2719 numerat
3414 2680 3427 2716 :
3456 2676 3547 2715 nec
3573 2676 3661 2713 non

2126 2785 2332 2825 annum
2397 2765 2645 2836 ejusdem
2709 2775 2833 2817 terte
2886 2772 3091 2814 nonum
3159 2763 3397 2824 uterque
3455 2760 3664 2806 recenset

2126 2863 2284 2918 5501.
2320 2858 2530 2928 Quippe
2560 2856 2629 2911 de
2661 2867 2806 2907 anno
2831 2858 3085 2907 currente
3114 2846 3309 2902 mundi
3339 2845 3405 2899 ad
3446 2844 3661 2898 Incarnao

2129 2952 2295 3007 tionis
2321 2964 2527 3004 annum
2549 2941 2950 3013 assequendum
2985 2940 3204 3010 priores
3232 2952 3407 2993 annos
3438 2934 3560 2990 5500
3583 2933 3657 2986 dc-

466 3026 720 3082 Masimo.
754 3025 888 3080 Nam
937 3033 992 3082 et
1045 3041 1269 3095 passum
1318 3042 1440 3083 esse
1473 3027 1587 3081 vult
1616 3027 1893 3081 Christum
1928 3044 2025 3081 xui
2056 3062 2101 3123 Ο
2136 3043 2400 3104 trahunt;
2438 3036 2778 3108 posteriores
2820 3031 2980 3095 5492,
3015 3046 3083 3086 ex
3119 3044 3236 3100 quo
3292 3027 3464 3095 major
3507 3023 3651 3091 hujus.

466 3117 680 3181 Martii,
747 3117 1116 3181 resurrexisse
1176 3133 1306 3173 vero
1382 3135 1509 3182 xxv,
1570 3120 1747 3175 aetatis
1815 3121 2029 3190 expleto

469 3222 665 3271 χχχιιι,
695 3222 838 3262 anno
864 3208 934 3263 ab
954 3207 1162 3264 Adamo
1191 3208 1475 3264 desinente
1513 3210 1672 3275 5555,
1724 3218 1779 3266 et
1813 3211 2032 3268 ineunte

469 3299 609 3354 5554
664 3314 732 3354 cx
780 3314 831 3357 a.
886 3298 940 3353 d.
984 3315 1078 3352 vm
1119 3299 1349 3354 Kalend.
1404 3299 1574 3370 April.
1628 3302 1890 3357 Praeterea
1932 3317 2031 3357 an-

469 3404 598 3443 num
620 3388 813 3444 mortis
835 3388 1128 3444 Alexandri
1165 3388 1341 3461 Magni
1364 3400 1615 3444 numerat
1644 3392 1833 3446 mundi
1868 3391 2028 3454 5170,

471 3480 635 3550 idque
663 3480 719 3535 in
743 3481 999 3536 confesso
1026 3481 1100 3535 ait
1128 3486 1269 3553 apud
1310 3498 1500 3538 omnes
1528 3498 1671 3539 esse.
1704 3483 1772 3537 At
1802 3483 2032 3554 Augusti

471 3571 802 3627 monarchia:
849 3573 1103 3643 primum,
1151 3589 1270 3643 qua:
1308 3588 1450 3630 anno
1484 3581 1606 3644 post
1632 3582 1864 3630 mortem
1905 3574 2033 3630 Julii

471 3662 644 3717 altero
701 3665 888 3731 etrapit,
938 3678 1059 3718 esse
1098 3662 1268 3729 5458;
1318 3663 1563 3733 ejusdem
1624 3678 1754 3718 vero
1803 3673 2033 3718 mortem

470 3755 768 3824 contigisse
795 3755 938 3809 inter
980 3755 1117 3810 5514
1143 3761 1195 3810 et
1243 3755 1403 3818 5515,
1437 3771 1561 3810 cum
1598 3754 1849 3811 Christus
1870 3770 2037 3824 prope

474 3846 745 3900 decimum
778 3847 1028 3917 quintum
1079 3849 1256 3902 aetatis
1299 3863 1500 3902 annum
1541 3854 1744 3919 ageret.
1774 3846 2038 3903 Interval-

476 3938 586 3994 lum
639 3937 709 3992 ab
760 3952 903 3991 anno
952 3937 1091 3993 5170
1124 3939 1178 3992 ἰιι
1224 3954 1385 4008 quem
1418 3938 1598 3994 Thoth
1640 3937 1875 4009 Philippi
1905 3954 2038 3994 con-

474 4028 639 4096 gruit,
668 4028 734 4082 ad
763 4028 902 4083 5458
927 4030 1255 4084 monarchiae
1283 4030 1536 4101 Augusti,
1570 4038 1699 4085 sunt
1729 4031 1855 4084 anni
1890 4029 1995 4085 288
2020 4049 2035 4097 ;

475 4137 615 4191 quos
650 4121 697 4175 si
727 4120 1009 4178 addideris
1045 4122 1113 4176 ad
1155 4139 1359 4177 annum
1388 4123 1596 4192 periodi
1619 4120 1848 4178 Julianae
1875 4123 2035 4188 4590,

475 4228 583 4281 quo
617 4219 863 4269 mortuus
902 4222 986 4269 est
1024 4213 1329 4270 Alexander
1362 4214 1609 4284 Magnus,
1641 4213 1837 4273 conﬁet
1865 4230 2040 4270 annus

472 4305 634 4369 4678,
671 4305 765 4375 qui
790 4314 875 4360 est
915 4317 1137 4368 octavus
1181 4317 1303 4377 post
1348 4315 1574 4361 mortem
1599 4304 1729 4361 Julii
1761 4305 2037 4363 Caesaris:

476 4413 597 4468 quae.
630 4412 774 4452 anno
807 4398 947 4457 4670
974 4399 1165 4454 incidit

549 4490 761 4546 Rursus
785 4491 1128 4547 intervallum
1158 4492 1225 4545 ab
1255 4507 1397 4547 anno
1421 4492 1558 4546 5458
1605 4490 1672 4545 ad
1700 4490 1861 4557 55I5,
1894 4506 2043 4547 mor—

477 4587 550 4638 tis
594 4582 847 4654 Augusti,
887 4583 1017 4637 anni
1056 4583 1168 4650 57;
1200 4598 1338 4653 quos
1377 4584 1422 4638 si
1471 4584 1538 4637 ad
1574 4598 1776 4637 annum
1830 4585 2042 4655 periodi

484 4673 706 4728 Iuliana:
740 4672 881 4733 4678
910 4672 1159 4743 adjicias,
1190 4674 1416 4728 exsistet
1433 4690 1608 4730 annus
1635 4675 1843 4745 periodi
1867 4673 2040 4730 Julia-

478 4779 563 4817 ιω)
617 4763 776 4825 4755,
832 4779 941 4834 quo
1004 4779 1263 4819 excessus
1298 4763 1526 4836 Augusti
1577 4766 1822 4836 conligit.
1879 4766 2045 4836 Atqui

481 4856 734 4911 convenit
754 4856 900 4911 hunc
946 4870 1089 4911 anno
1128 4857 1335 4926 periodi
1368 4857 1598 4914 Juliana:
1647 4858 1786 4912 4727
1818 4857 2040 4912 obiisse.

481 4948 652 5017 Igitur
679 4948 836 5002 anuis
859 4954 982 5002 octo
1015 4962 1195 5001 veram
1215 4949 1472 5017 epocham
1500 4959 1744 5001 moratur
1759 4947 2044 5016 Georgius.

554 5039 692 5094 Hinc
721 5040 853 5093 illud
885 5039 1106 5106 accidit,
1135 5048 1193 5092 ut
1232 5040 1290 5093 in
1326 5042 1612 5095 annalibus
1651 5039 1867 5110 Georgii
1902 5037 2044 5110 Syn-

484 5130 628 5196 ceIIi,
679 5138 735 5184 et
778 5129 873 5199 qui
902 5129 1022 5199 ejus
1070 5130 1410 5185 continuavit
1455 5145 1615 5200 opus,
1656 5128 2043 5201 TheOphanis;

487 5237 586 5277 nec
631 5236 741 5276 non
780 5221 943 5292 hujus
995 5222 1308 5293 interpretis
1357 5222 1629 5288 Miscellaz,
1669 5223 1796 5279 anni
1845 5222 2048 5278 Christi

486 5324 609 5367 octo
642 5314 825 5369 minus
865 5313 1149 5384 colligant,
1200 5331 1365 5384 quam
1414 5330 1522 5369 aera
1555 5316 1900 5371 communis:
1946 5331 2049 5372 nec

485 5414 641 5460 auter
692 5405 969 5478 Maximus,
992 5407 1247 5461 instituit.
1279 5406 1378 5461 Hic
1408 5409 1554 5462 enim
1578 5406 1815 5463 Heraclii
1843 5424 2048 5467 annum

486 5512 614 5553 xxxi
647 5513 769 5551 cum
802 5514 947 5553 anno
977 5499 1175 5554 Christi
1213 5499 1317 5553 655
1341 5499 1617 5569 componit
1647 5499 1703 5553 in
1727 5515 1871 5553 anno
1897 5515 2050 5554 com-

487 5587 667 5643 munis
704 5604 824 5643 aera:
857 5590 950 5643 641
977 5634 992 5655 ,
1024 5599 1083 5643 ut
1119 5591 1279 5660 paulo
1329 5600 1449 5660 post
1490 5590 1724 5645 dicetur.
1781 5590 2048 5659 Georgius

487 5684 541 5732 et
580 5674 937 5745 TlieOpbanes
989 5696 1187 5734 annum
1234 5683 1406 5752 primu
1454 5704 1460 5729 ι
1498 5680 1816 5735 Diocletiani
1862 5682 2048 5737 mundi

2128 3148 2293 3203 quam
2356 3131 2526 3193 illius,
2595 3126 2843 3181 calculus
2905 3122 3158 3179 efﬁcitur.
3223 3119 3417 3174 Annus
3467 3111 3656 3203 exempii

2129 3202 2297 3280 causa
2334 3219 2524 3275 mundi
2562 3215 2707 3288 apud
2738 3214 3031 3271 Maximum
3060 3212 3205 3267 5155
3243 3206 3494 3265 detractis
3530 3202 3659 3262 5500.

2130 3316 2234 3370 erit
2278 3313 2347 3367 ab
2396 3308 2780 3365 Incarnatione
2808 3306 2934 3363 655.
2969 3303 3235 3359 Deductis
3258 3315 3385 3357 vero
3412 3296 3553 3360 5492,
3582 3310 3663 3363 pu-

2131 3405 2336 3460 tabitur
2374 3402 2500 3465 641,
2540 3401 2608 3455 ad
2670 3414 2833 3470 quem
2892 3412 3082 3452 revera
3143 3395 3414 3449 Maximus
3438 3396 3660 3462 perpetuo

2132 3505 2440 3568 respectum
2470 3492 2686 3548 habuit.
2722 3490 2911 3562 Itaque
2941 3491 2996 3544 in
3042 3488 3206 3543 annis
3258 3484 3441 3541 mundi
3468 3496 3663 3537 consen-

2134 3589 2277 3643 tiunt
2304 3586 2465 3640 ambo
2494 3582 2757 3653 computi,
2788 3584 2842 3636 in
2871 3582 3031 3637 annis
3060 3577 3458 3637 Incarnationis
3483 3572 3663 3627 dissen-

2133 3678 2294 3731 tiunt.
2319 3674 2439 3729 Non
2495 3673 2695 3729 debent
2729 3671 2896 3742 igitur
2936 3668 3123 3724 mundi
3154 3683 3281 3724 tera:
3328 3665 3410 3720 vel
3438 3656 3662 3730 computi.

2134 3769 2345 3825 censeri
2375 3769 2516 3834 duo;
2549 3765 2644 3823 sed
2672 3779 2815 3821 unus
2844 3763 3138 3828 duntaxat;
3165 3761 3328 3830 cujus
3362 3755 3427 3811 ad
3455 3754 3663 3808 diversos

2136 3876 2309 3919 annos
2355 3858 2558 3914 Christi
2599 3853 3004 3928 ὲνανθρώπησις
3033 3852 3311 3922 alligatur.
3357 3850 3523 3915 Quare
3567 3843 3664 3898 due

2135 3964 2372 4018 tantum,
2408 3951 2551 4021 quod
2581 3948 2916 4009 dicebamus,
2941 3944 3228 4015 praecipua:
3257 3949 3383 3998 sunt
3413 3952 3523 3994 aera:
3545 3933 3666 3990 Gno-

2138 4061 2347 4109 corum,
2379 4057 2570 4112 nempe
2605 4055 2735 4104 una,
2769 4039 2928 4109 cujus
2957 4038 3013 4092 in
3051 4052 3257 4092 annum
3304 4032 3440 4089 5495
3488 4028 3664 4100 primus

2140 4150 2316 4189 annus
2349 4147 2472 4188 :erae
2510 4130 2868 4201 Dionysiante,
2921 4128 3004 4183 vel
3047 4123 3357 4182 communis
3407 4114 3660 4186 congruit:

2138 4227 2404 4291 etaltera.
2439 4237 2560 4292 qua;
2607 4220 2859 4276 eumdem
2889 4232 3090 4272 annum
3148 4221 3400 4273 numerat
3452 4209 3515 4262 ab
3557 4204 3664 4260 orbe

2142 4316 2362 4373 condito
2392 4313 2552 4370 5509.
2576 4311 2885 4366 Postcriorc
2906 4309 3007 4362 hac
3032 4305 3258 4361 Isaacus
3276 4300 3556 4358 monachus
3578 4293 3662 4349 uti-

2071 4403 2116 4459 Ι)
2146 4419 2267 4477 tur;
2297 4408 2391 4479 qui
2448 4421 2568 4476 cap.
2618 4402 2686 4459 III
2716 4401 2956 4473 computi
2983 4416 3187 4456 annum
3218 4396 3403 4453 mundi
3428 4391 3549 4447 6881
3583 4403 3663 4479 ιιιιέ

2144 4477 2330 4559 meratr
2364 4514 2510 4561 eum,
2564 4496 2656 4567 qui
2706 4494 3066 4565 aSeptembri
3118 4493 3284 4562 cmpit
3334 4487 3455 4544 anni
3492 4477 3661 4539 Christi

2147 4592 2307 4655 4.572,
2340 4604 2451 4660 quo
2482 4602 2626 4643 anno
2675 4584 2928 4641 Octobris
2957 4600 3110 4650 xxvi,
3165 4582 3298 4639 feria
3343 4595 3400 4634 ut
3440 4571 3660 4641 contigit;

2144 4681 2369 4755 proinde
2390 4680 2570 4734 littera
2587 4677 2626 4733 C
2651 4676 2770 4737 fuit,
2786 4691 2849 4730 ac
2867 4676 3123 4730 nimirum
3142 4689 3316 4730 annus
3334 4660 3657 4755 Christii572.

2145 4753 2390 4843 bemptis
2420 4768 2560 4825 5508
2587 4768 2654 4823 de
2681 4768 2841 4830 6881,
2877 4766 3069 4835 reliqui
3101 4773 3231 4843 sunt
3272 4762 3421 4824 I575,
3449 4753 3659 4830 quando-

2145 4862 2364 4933 quidem
2418 4874 2596 4914 annus
2651 4857 2961 4912 Graecorum
3019 4855 3154 4910 6881
3205 4853 3394 4924 majori
3423 4849 3500 4906 sui
3531 4851 3656 4916 parte

2147 4967 2271 5007 cum
2305 4951 2442 5005 I575
2464 4949 2668 5005 Christi
2689 4948 2999 5013 concurrit;
3029 4954 3122 5000 aut
3142 4961 3172 5000 a
3202 4958 3365 5002 verno
3392 4953 3557 4995 mense
3577 4950 3657 4987 an-

2146 5043 2204 5098 ni
2256 5042 2500 5110 ejusdem
2539 5055 2602 5096 ex
2652 5039 2927 5094 communi
2955 5038 3212 5093 methodo
3254 5037 3455 5092 illorum
3483 5023 3655 5094 incipr

2148 5134 2228 5199 uti
2255 5150 2381 5188 mox
2408 5133 2708 5189 ostendam.
2728 5131 2992 5186 Praeterea
3018 5127 3161 5184 Gaza
3181 5130 3314 5184 libro
3328 5125 3393 5179 Dc
3416 5117 3656 5175 mensibus.

2148 5239 2250 5293 cap
2279 5222 2423 5291 XXI,
2456 5236 2657 5276 annum
2687 5219 2893 5274 Christi
2922 5216 3286 5271 Romanorum
3316 5200 3652 5293 calculo

2150 5285 2233 5368 ait
2253 5330 2283 5368 a
2314 5285 2518 5369 Graecis
2546 5311 2724 5383 putari
2758 5309 2946 5364 mundi
2976 5307 3136 5362 6978.
3170 5305 3329 5360 Deme
3358 5312 3514 5354 annos

2148 5413 2360 5461 restant
2412 5381 2570 5459 I470.
2604 5401 2870 5468 Quocirca
2905 5415 3052 5461 cum,
3093 5406 3153 5451 ut
3191 5395 3343 5450 initio
3375 5385 3548 5458 capitis
3574 5381 3653 5432 hu-

2146 5498 2238 5569 jus
2287 5497 2644 5559 ostendimus,
2696 5492 2895 5548 diversi
2945 5491 3020 5545 illi
3067 5487 3303 5558 computi
3352 5480 3650 5537 censeantur.

2151 5590 2243 5662 qui
2277 5591 2340 5644 ad
2370 5589 2617 5644 eumdem
2652 5603 2854 5642 annum
2878 5600 2999 5642 sera:
3026 5594 3226 5638 nostra
3258 5579 3480 5636 diversas
3511 5576 3649 5662 anna:

2154 5698 2270 5736 rum
2321 5695 2565 5735 summas
2607 5679 2897 5749 colligunt;
2940 5675 3047 5729 duo
3100 5679 3247 5738 sunt,
3286 5683 3384 5723 non
3431 5672 3543 5719 tres.
3588 5650 3645 5704 ¹¹¹¹
