3948 6264
258 367 278 414 1
291 369 380 414 MM

254 587 371 626 mus
406 585 609 624 annum
641 585 786 632 eum,
818 569 907 637 qui
944 569 1152 638 primus
1180 575 1263 621 est
1307 583 1428 621 aara:
1461 578 1680 631 nostrai,
1713 583 1812 620 nu-

253 668 423 715 merat
472 659 540 713 ab
575 658 784 712 Adamo
811 656 984 724 5495;
1016 657 1284 727 posterior
1310 656 1470 720 5509,
1505 671 1604 711 nec
1630 658 1814 727 plures

253 751 560 806 Graecorum
590 749 796 818 antiqui
828 748 1164 816 computista:
1192 757 1520 802 memorant:
1547 747 1636 817 qui
1669 746 1815 816 prio-

252 856 360 894 rem
389 847 586 894 vocant
633 839 774 892 κατά
804 837 1215 908 Ἀλεξανδρέας,
1252 854 1352 894 nos
1393 824 1812 894 Alexandrinam

251 929 608 999 appellemus;
631 927 985 998 posteriorem
1016 926 1156 980 κατὰ
1197 928 1522 999 Ῥωμαίους,
1547 943 1646 982 nos
1671 928 1816 982 Con:

251 1018 815 1089 stantinopolitanam,
852 1032 882 1070 a
915 1031 1056 1071 nova
1111 1016 1284 1071 Roma
1334 1020 1697 1073 nominemus.
1735 1017 1814 1072 lta

252 1112 606 1182 Theophanes
639 1126 744 1164 non
770 1124 878 1163 uno
905 1109 1045 1162 loco.
1069 1107 1138 1160 At
1166 1107 1415 1179 Scaliger
1450 1123 1618 1163 novas
1649 1125 1814 1179 quas-

250 1202 371 1254 dam
412 1203 488 1254 uti
523 1201 762 1255 rationes
793 1213 1026 1253 aararum
1077 1198 1324 1261 istarum,
1370 1200 1452 1253 sic
1496 1199 1814 1268 appellatio-

251 1306 345 1344 nes
389 1290 736 1358 cxcogitavit,
775 1297 1036 1357 utrasque
1067 1297 1245 1342 autem
1276 1287 1502 1353 alienas,
1533 1295 1587 1342 et
1617 1288 1813 1342 absur-

249 1383 366 1444 das,
399 1396 534 1450 quas
556 1380 650 1435 lib.
687 1379 754 1432 IX
782 1378 1112 1434 Dedoctrina
1143 1389 1451 1448 temporum,
1485 1394 1606 1449 cap.
1633 1377 1696 1444 V,
1727 1395 1813 1434 re-

251 1471 506 1537 fellimus,
557 1486 620 1525 ac
669 1470 736 1525 de
766 1471 834 1525 iis
874 1470 1036 1541 paulo
1065 1478 1188 1539 post
1211 1470 1406 1525 iterum
1424 1484 1667 1540 agemus.
1693 1467 1812 1522 Erit

247 1561 336 1629 qui
370 1561 436 1614 ad
471 1561 592 1614 illas
619 1559 756 1614 duas
785 1561 1002 1614 tertiam
1025 1567 1179 1628 putet
1227 1559 1654 1630 adiungendam,
1689 1573 1810 1629 quae

245 1667 446 1704 annum
471 1651 886 1716 lncarnationis,
913 1659 967 1706 et
990 1651 1188 1706 natalis
1209 1657 1489 1720 computat
1517 1651 1586 1704 ab
1602 1649 1810 1704 Adamo

245 1742 402 1805 5507,
429 1737 592 1812 quam
617 1741 878 1796 adhibent
920 1749 1173 1797 auctores
1214 1741 1420 1810 aliqui,
1473 1747 1532 1795 ut
1573 1740 1808 1794 Alexan-

1231 355 1686 411 DlSSER'l'A'l'lO
1723 343 1813 409 DE
1845 355 2257 440 cumcouuu
2295 355 2500 411 Attus.

255 483 561 534 Graecorum
596 471 870 545 computi;
907 491 1139 546 quorum
1185 476 1354 545 prior,
1398 483 1452 531 et
1497 475 1814 544 antiquissi-
1839 480 1890 536 Α

3345 357 3479 414 “0‘3

2524 469 2755 526 CAPUT
2800 469 2859 528 ll.

1915 609 1992 664 De
2022 619 2264 678 computo
2294 609 2477 662 annali
2505 621 2752 668 veterum.
2796 611 3050 678 imprimis
3083 609 3324 678 Africani
3371 627 3480 664 me-

1989 680 2133 732 t/iodi
2185 681 2404 732 vinculis
2445 680 2634 732 soluto.
2683 679 2931 746 Ejusdem
2971 681 3214 747 Africani
3253 679 3480 734 Chroni-

1983 767 2101 804 cum
2131 765 2257 817 opus
2287 751 2612 802 illustratur.
2639 749 2814 803 Pharii
2851 751 3104 805 obscurus
3139 750 3282 805 locus
3311 750 3479 819 expli-

1984 831 2157 874 catur.
2196 819 2338 875 Cesti
2367 819 2629 888 Africani.

1984 931 2208 987 Veteres
2239 932 2293 986 in
2338 929 2546 986 Graecia
2574 930 2871 988 Christiani
2905 931 2961 986 in
2988 931 3145 987 annis
3176 931 3243 985 ab
3271 932 3478 986 Adamo

1913 1025 2170 1094 putandis
2215 1025 2352 1088 sola,
2382 1039 2503 1093 quae
2550 1023 2605 1076 in
2641 1023 2815 1079 sacris
2864 1023 3018 1078 libris
3043 1030 3280 1086 exstant,
3311 1023 3478 1077 inter-

1912 1118 2053 1172 valla
2084 1117 2438 1186 spectabant;
2485 1130 2586 1170 nec
2624 1115 2848 1170 annales
2875 1125 3160 1185 computos
3207 1129 3336 1170 suos
3366 1114 3474 1168 ulla

1913 1207 2224 1277 paschalem
2281 1205 2349 1260 ad
2407 1203 2722 1260 methodum
2775 1204 2976 1275 σχέσει,
3007 1205 3090 1258 vel
3118 1204 3350 1258 artilicio
3376 1207 3477 1257 im-

1911 1300 2142 1370 plicatos
2189 1298 2502 1359 habebant:
2541 1299 2608 1352 ad
2638 1297 2782 1369 quod
2835 1296 3094 1366 deinceps
3138 1311 3478 1366 consequen-

1911 1392 2045 1445 tium
2077 1391 2198 1446 illos
2230 1399 2532 1460 temporum
2569 1390 2818 1445 formavit
2851 1387 3144 1443 industria.
3210 1386 3278 1443 Ut
3311 1388 3477 1457 igitur

1909 1483 2144 1554 quisque
2177 1484 2428 1554 pluribus
2461 1491 2556 1536 aut
2587 1481 2937 1552 paucioribus
2981 1479 3141 1535 annis
3180 1479 3355 1550 spatia
3383 1479 3475 1531 illa

1910 1573 2258 1638 terminabat,
2295 1573 2369 1626 ita
2420 1572 2658 1640 majores
2699 1571 3008 1625 minoresve
3040 1584 3282 1624 summas
3320 1568 3477 1621 adhi-

1909 1663 2089 1726 bebat,
2123 1677 2230 1732 qua
2280 1661 2348 1716 de
2394 1661 2714 1732 Opinionum
2761 1660 3024 1713 varietate
3055 1657 3261 1713 dictum
3305 1657 3475 1712 estin

1912 1769 2058 1808 nono
2086 1753 2163 1806 De
2180 1753 2422 1806 doctrina
2452 1762 2764 1821 temporum,
2794 1765 2914 1819 cap.
2952 1747 3016 1801 ll.

242 1816 452 1886 drinum
490 1833 808 1896 chronicon;
857 1847 967 1886 uno
995 1834 1178 1888 minus
1210 1831 1492 1887 Cedrenus
1531 1829 1807 1902 (pag.l44)

1981 1842 2127 1897 Inter
2170 1843 2269 1897 has
2303 1842 2536 1898 celebris
2555 1816 2659 1896 illa
2699 1838 2802 1894 fuit
2851 1816 3094 1892 Africani
3141 1835 3372 1906 antiqui,
3423 1843 3476 1890 et

241 1929 334 1998 qui
363 1941 506 1980 anno
536 1927 674 1981 5506
699 1927 752 1980 id
783 1941 906 1981 esse
941 1924 1144 1979 factum
1177 1925 1396 1987 asserit,
1441 1930 1496 1978 et
1527 1924 1620 1992 qui
1667 1939 1811 1978 anno

240 2021 381 2077 5500
430 2029 608 2074 ortum
651 2021 898 2077 Christi:
946 2022 1257 2091 passionem
1302 2021 1460 2092 έ5555
1504 2022 1809 2092 assignant,

237 2123 426 2162 errare
447 2106 749 2162 contendit.
786 2106 890 2162 Sed
929 2107 1069 2161 hanc
1100 2123 1264 2162 teram
1297 2108 1365 2162 ab
1399 2107 1513 2172 illa,
1559 2124 1680 2178 qua:
1727 2116 1810 2164 est

234 2200 431 2265 lsaaci,
496 2201 807 2272 discrepare
861 2217 971 2256 non
1034 2202 1287 2267 arbitror,
1347 2202 1442 2257 sed
1501 2203 1555 2256 in
1617 2203 1809 2257 eodem

233 2305 498 2364 computo
525 2295 798 2350 diversum
825 2309 1025 2348 annum
1049 2293 1417 2372 lncarnationi
1444 2295 1806 2364 praestituere,

232 2397 360 2455 puta
397 2387 624 2442 biennio
648 2401 812 2441 ieram
843 2401 1185 2441 communem
1209 2393 1565 2441 antevertere.

303 2546 417 2602 Etsi
479 2548 546 2602 de
587 2548 873 2602 amborum
930 2548 1149 2602 illorum
1195 2548 1468 2602 sententia
1503 2547 1639 2602 nihil
1668 2548 1808 2602 certi

227 2637 499 2706 consequi
579 2652 905 2706 possumus,
985 2643 1275 2706 propterea
1333 2638 1478 2707 quod
1560 2638 1809 2707 imperite

226 2727 416 2781 omnia
452 2728 807 2798 permiscent,
840 2735 894 2782 et
919 2741 1015 2782 eos
1037 2727 1501 2782 characterismos
1527 2727 1806 2792 adhibent,

231 2818 324 2886 qui
401 2818 692 2872 conciliari
766 2819 1001 2873 invicem
1057 2828 1356 2890 nequeunt.
1425 2818 1498 2872 De
1561 2817 1810 2873 Chronici

236 2909 592 2964 Alexandrini
621 2909 740 2962 labe
771 2909 976 2962 dictum
1014 2917 1099 2963 est
1131 2911 1185 2962 in
1218 2907 1312 2962 Xll
1343 2907 1419 2961 De
1449 2907 1588 2962 doct.
1625 2918 1806 2977 temp.,

233 3017 356 3069 cap.
385 2999 453 3054 ιν
479 3021 492 3056 :
520 3000 800 3056 Cedrenus
826 3000 988 3070 paulo
1023 3001 1197 3069 magis
1225 3016 1459 3062 concors
1485 3010 1566 3055 est
1597 3016 1804 3055 secum.

234 3091 430 3145 Natum
475 3099 752 3146 asseverat
784 3092 1061 3147 Christum
1093 3107 1240 3146 anno
1273 3092 1466 3146 mundi
1498 3091 1662 3156 5506,
1699 3090 1804 3145 De-

232 3183 437 3242 cembr.
472 3200 597 3246 xxv,
629 3182 764 3238 feria
796 3198 870 3238 IV.
917 3183 1043 3238 Fuit
1086 3199 1215 3256 ergo
1263 3185 1443 3238 littera
1494 3182 1556 3248 F,
1602 3193 1656 3239 et
1683 3198 1805 3238 esse

232 3280 414 3341 potest
446 3287 624 3326 annus
668 3272 877 3342 periodi
921 3272 1152 3327 Iuliana:
1183 3273 1346 3338 47H,
1401 3272 1623 3328 biennio
1679 3279 1807 3328 ante

240 3380 589 3421 communem
635 3379 820 3418 seram.
856 3362 1052 3418 Postea
1088 3365 1422 3433 baptizatum
1468 3380 1590 3420 esse
1639 3364 1806 3418 refert

232 3457 533 3511 indictione
568 3452 610 3518 1,
646 3469 791 3507 anno
826 3454 1016 3508 mundi
1071 3455 1230 3518 5556,
1267 3454 1512 3508 Januarii
1550 3471 1621 3520 vi,
1673 3453 1806 3507 feria

233 3563 305 3612 νς
338 3545 444 3600 fuit
478 3559 606 3615 ergo
637 3545 815 3598 littera
852 3543 913 3608 Β,
934 3552 988 3599 et
1021 3544 1122 3598 hac
1149 3546 1360 3598 ratione
1389 3559 1567 3598 annus
1599 3543 1806 3612 periodi

227 3636 461 3692 Iuliana:
491 3636 664 3702 474:2;
714 3636 804 3689 sed
839 3636 1065 3690 indictio
1114 3645 1243 3689 tunc
1286 3643 1404 3689 erat
1434 3652 1463 3687 a
1498 3633 1806 3703 Septembri

228 3737 279 3780 et
311 3726 579 3780 Januario
612 3742 669 3780 ιι.
709 3724 906 3780 Verum
940 3735 999 3780 ut
1027 3741 1056 3780 a
1086 3741 1252 3781 verno
1284 3741 1470 3781 mense
1497 3725 1677 3794 putari
1723 3728 1806 3778 in-

227 3819 418 3887 cipiat,
478 3817 651 3885 prima
705 3817 761 3870 in
810 3833 913 3872 usu
969 3825 1085 3871 erat
1138 3813 1500 3881 Januar.'vt;
1557 3812 1804 3882 sequenti

228 3928 374 3965 anno
431 3911 604 3975 5057,
661 3911 738 3963 ait
797 3910 978 3964 lunam
1011 3909 1274 3964 decimam
1311 3919 1558 3979 quartam
1629 3905 1804 3960 Martii

229 4021 405 4067 xxvii,
469 4003 601 4057 feria
646 4019 741 4056 vn.
792 4001 915 4056 Fuit
960 4017 1090 4072 ergo
1122 4002 1303 4056 littera
1340 4001 1402 4066 ϐ,
1435 4001 1620 4071 cyclus
1663 3999 1804 4052 luna:

228 4111 283 4156 x,
316 4111 381 4150 ac
413 4092 642 4164 proinde
669 4093 897 4148 Julianaa
925 4073 1132 4163 periodi
1169 4107 1345 4147 annus
1377 4091 1536 4152 4741,
1571 4091 1680 4145 ἄνω
1715 4106 1806 4142 που

227 4188 444 4257 ταμῶν,
491 4184 635 4254 quod
668 4185 842 4238 aiunt.
889 4186 1106 4238 Annum
1155 4184 1414 4254 denique,
1469 4197 1580 4253 quo
1607 4195 1802 4253 passus

228 4287 310 4332 est
339 4278 620 4342 Christus,
653 4277 730 4330 ait
772 4291 895 4332 esse
925 4277 1087 4341 5559,
1118 4292 1228 4347 quo
1262 4276 1442 4330 Martii
1477 4290 1636 4339 xxnl,
1671 4273 1803 4328 feria

229 4386 281 4420 vi
316 4367 459 4432 fuit;
503 4378 555 4422 et
588 4369 798 4422 decima
841 4375 1034 4438 quarta
1086 4368 1266 4423 Martii
1318 4385 1464 4434 xxxv,
1516 4365 1650 4422 feria
1703 4381 1799 4420 vn.

230 4453 359 4506 Erat
395 4470 526 4524 ergo
571 4455 751 4509 littera
809 4453 874 4521 G,
921 4457 1106 4526 cyclus
1135 4473 1265 4512 vero
1319 4457 1460 4510 luna:
1506 4471 1601 4509 xm
1634 4474 1648 4510 ε
1682 4471 1800 4524 quae

229 4556 546 4618 congruunt
600 4546 656 4600 in
703 4562 905 4602 annum
948 4549 1153 4618 periodi
1202 4548 1431 4603 Juliante
1474 4549 1616 4604 4744
1651 4567 1662 4602 :
1696 4564 1804 4620 quo

230 4654 429 4693 revera
461 4653 658 4706 passus
709 4648 794 4694 est
839 4654 907 4693 ex
960 4639 1249 4709 Epiphanii
1285 4649 1338 4694 et
1382 4641 1613 4694 aliorum
1658 4647 1808 4694 vete-

232 4744 353 4781 rum
411 4727 665 4797 Opinione
715 4729 990 4785 Christus.
1047 4730 1411 4796 Quamobrem
1469 4730 1807 4785 lncarnatioo

233 4837 356 4875 nem
387 4819 599 4874 Domini
622 4821 903 4876 Cedrenus
927 4823 1164 4881 triennio
1194 4834 1318 4877 ante
1347 4823 1620 4892 vulgarem
1643 4837 1805 4875 aaram

235 4913 450 4983 posuit;
488 4913 797 4982 passionem
827 4923 1030 4977 autem,
1065 4930 1207 4968 anno
1235 4915 1353 4984 ejus
1377 4916 1479 4968 lem
1513 4929 1634 4967 terre
1657 4929 1804 4966 xxxi.

239 5005 394 5058 lude
427 5020 533 5058 non
567 5015 651 5060 est
693 5007 912 5070 mirum,
949 5021 1152 5059 annum
1187 5007 1336 5060 illum
1384 5005 1805 5070 lncarnationis,

235 5096 378 5150 5506
409 5097 476 5149 ab
505 5097 598 5149 illo
628 5098 806 5166 ρειαί
841 5098 894 5152 in
928 5113 1036 5152 aera
1065 5097 1694 5166 Constantinopolitana.
1749 5095 1805 5148 Si

233 5194 382 5248 enim
412 5201 523 5247 tres
556 5209 730 5248 annos
762 5193 1010 5262 adiicias,
1044 5194 1134 5248 fiet
1163 5209 1336 5247 annus
1371 5193 1510 5246 5509
1537 5193 1807 5247 Constan-

235 5284 668 5352 tinopolitanus;
701 5281 930 5337 Juliana:
966 5282 1173 5352 periodi
1201 5282 1361 5344 4714,
1395 5283 1486 5352 qui
1521 5290 1604 5337 est
1642 5281 1805 5351 ipsis-

237 5377 412 5428 simus
443 5390 565 5428 acra:
617 5375 945 5430 communis.
1003 5373 1120 5426 Non
1179 5382 1261 5427 est
1311 5373 1474 5443 igitur
1518 5380 1806 5442 computus

236 5464 413 5530 alius;
448 5465 540 5520 sed
570 5465 813 5534 ejusdem
842 5466 1080 5534 computi
1127 5480 1299 5520 annos
1347 5465 1593 5522 diversos
1623 5467 1806 5521 Incar—

236 5555 446 5609 nationi
492 5557 764 5626 praeliniit.
816 5556 893 5610 Ex
942 5557 1024 5610 his
1072 5556 1231 5611 facile
1279 5565 1361 5613 est
1411 5557 1629 5612 odorari
1688 5574 1807 5627 qua:

239 5656 624 5718 computorum
677 5648 906 5704 istorum
959 5651 1110 5720 origo
1147 5649 1353 5705 fuerit:
1387 5651 1533 5721 quod
1588 5652 1640 5706 in
1690 5667 1804 5722 seq.

241 5756 362 5809 cap.
400 5741 784 5795 declarabitur.

1909 1932 2110 1988 eruditi
2139 1931 2479 2001 chronologi,
2511 1929 2605 2000 qui
2643 1927 2918 1982 Christum
2953 1942 3095 1981 anno
3127 1925 3311 1980 mundi
3339 1921 3472 1980 5501

1909 2025 2251 2080 incarnatum
2285 2039 2406 2078 esse
2427 2063 2441 2087 ,
2494 2037 2716 2092 passum
2747 2035 2877 2075 vero
2926 2017 3288 2086 555l,'a:tatis
3313 2016 3478 2070 trice-

1911 2116 2051 2170 simo
2104 2115 2279 2186 primo
2331 2115 2555 2168 circiter
2595 2112 2873 2168 asseruit:
2919 2117 2973 2166 et
3011 2111 3274 2180 originem
3330 2109 3478 2164 dedit

1910 2223 2032 2262 arra:
2085 2207 2186 2269 illi,
2245 2222 2407 2276 quam
2447 2205 2872 2260 Alexandrinam
2911 2202 3171 2272 appellari
3216 2201 3474 2258 diximus.

1910 2297 2080 2364 Quem
2112 2299 2258 2353 illius
2289 2305 2604 2367 computum
2655 2297 2799 2351 nacti
2845 2295 3072 2366 posteri,
3109 2280 3349 2348 auctoris
3390 2293 3476 2350 sui
3545 2295 3552 2304 “

1912 2389 2322 2459 cbronologiam
2363 2388 2782 2459 interpolarunt,
2813 2401 2876 2439 ac
2910 2385 3213 2442 foedissime
3255 2393 3478 2440 contur-

1910 2481 2125 2538 barunt.
2159 2479 2291 2534 Nam
2330 2480 2518 2535 decem
2545 2479 2766 2533 circiter
2799 2476 2958 2532 annis
2983 2477 3050 2531 ab
3079 2478 3202 2548 ejus
3229 2477 3438 2547 epocba
3458 2516 3474 2543 ,

1908 2589 1938 2627 a
1972 2572 2297 2643 Dionysiana
2346 2583 2525 2625 autem
2568 2577 2714 2632 octo,
2774 2568 2978 2624 Christi
3026 2568 3242 2623 Domini
3295 2568 3479 2622 lucar-

1909 2663 2184 2716 nationem
2227 2662 2633 2716 abstraxerunt.
2666 2658 2722 2713 Id
2755 2675 2861 2729 qua
2894 2659 3108 2713 ratione
3135 2659 3206 2713 sit
3231 2657 3434 2712 factum
3459 2697 3474 2722 ,

1908 2762 1962 2809 ct
1987 2771 2106 2823 qua:
2136 2754 2350 2807 sincera
2384 2753 2530 2806 illius
2561 2752 2748 2822 opinio
2786 2750 2974 2814 fuerit,
3004 2750 3337 2819 investigare
3368 2765 3476 2803 non

1907 2848 2033 2909 erit,
2083 2846 2300 2916 Opinor,
2351 2845 2629 2898 alienum:
2677 2844 2786 2897 imo
2842 2857 2973 2896 vero
3023 2842 3366 2897 Grmcanicas
3409 2841 3478 2894 ad

1905 2951 2042 2990 teras
2082 2934 2461 3004 intelligendas
2505 2933 2800 3002 plurimum
2843 2932 2991 2989 illius
3020 2933 3300 3002 inquisitio
3330 2933 3479 2987 utili-

1907 3029 2035 3082 tatis
2068 3027 2279 3080 aﬂ'eret.

1980 3113 2182 3168 Scribit
2211 3114 2570 3187 Hieronymus
2596 3115 2649 3168 in
2687 3126 2848 3184 caput
2878 3132 2933 3169 IX
2963 3113 3226 3178 Danielis,
3261 3113 3478 3167 Africa-—

1908 3222 2037 3262 num
2077 3207 2423 3262 existimasse
2466 3206 2673 3262 Christi
2726 3205 2942 3259 Domini
2992 3205 3301 3276 passionem
3336 3219 3480 3258 anno

1908 3298 2098 3368 quinto
2122 3298 2336 3352 decimo
2377 3297 2579 3354 Tiberii
2615 3296 2851 3353 Ctesaris
2880 3296 3150 3352 accidisse
3185 3316 3197 3351 :
3227 3312 3384 3365 quem
3410 3296 3479 3349 ab

1906 3389 2041 3444 orbe
2069 3390 2290 3444 condito
2324 3389 2456 3444 5551
2495 3405 2838 3452 numerasse,
2874 3390 3050 3446 aetatis
3079 3389 3280 3444 Christi
3315 3390 3479 3445 trice-

1907 3480 2104 3536 simum
2156 3480 2388 3548 primum
2445 3479 2685 3543 circiter,
2719 3477 2987 3548 Georgius
3019 3478 3302 3549 Syncellus
3337 3478 3479 3533 aliir-

1907 3577 2038 3648 mat.
2093 3569 2320 3626 Photius
2353 3587 2482 3626 vero
2526 3589 2656 3625 num
2704 3571 2923 3626 XXXIV
2963 3571 3132 3627 refert
3161 3572 3478 3628 Africanum

1905 3677 2044 3731 opus
2087 3663 2410 3717 historicum
2458 3663 2699 3718 edidisse
2731 3663 2968 3718 divisum
3015 3664 3070 3717 in
3105 3664 3274 3718 libros
3317 3665 3482 3732 quin-

1905 3769 2042 3823 que;
2067 3753 2268 3824 quibus
2291 3761 2532 3822 tempora
2563 3753 2746 3808 omnia
2775 3754 3094 3822 complexus
3119 3763 3222 3818 est,
3250 3769 3279 3807 a
3303 3754 3479 3824 prima

1905 3862 2086 3902 rerum
2116 3846 2326 3916 origine
2363 3847 2430 3899 ad
2454 3844 2658 3899 Christi
2690 3846 3012 3916 παρουσίαν,
3043 3845 3146 3899 hoc
3178 3854 3263 3902 est
3295 3844 3479 3900 lucar—

1904 3939 2205 3999 nationem,
2239 3939 2373 3992 nihil
2408 3949 2466 3991 ut
2497 3954 2676 3992 rerum
2719 3939 3153 3994 necessariarum
3183 3941 3476 4006 omitteret,

1905 4030 2220 4085 summatim
2269 4037 2468 4083 cuncta
2503 4029 2872 4098 perscribens.
2915 4029 3044 4084 Inde
3071 4044 3199 4084 vero
3242 4029 3309 4083 ad
3354 4029 3471 4082 Ma-

1904 4121 2046 4175 crini
2080 4121 2366 4190 imperium
2401 4121 2607 4191 reliqua
2638 4121 3049 4191 perstrinxisse,
3083 4128 3246 4190 atque
3286 4121 3389 4174 hoc
3421 4120 3475 4174 in

1903 4227 2070 4282 opere
2113 4217 2370 4264 testatum
2418 4225 2477 4266 se
2524 4226 2698 4264 annos
2749 4210 2819 4263 ab
2861 4210 3068 4263 Adamo
3116 4207 3476 4277 comprehen-

1905 4303 2052 4359 disse
2083 4301 2244 4356 5725.
2278 4300 2422 4355 Idem
2455 4309 2688 4355 testatur
2716 4307 2769 4355 et
2799 4298 3065 4370 Georgius
3099 4298 3384 4371 Syncellns
3419 4300 3475 4354 in

1903 4395 2189 4464 Excerptis
2221 4392 2484 4463 Scaligeri
2517 4394 2661 4464 (-pag.
2695 4393 2809 4456 59),
2858 4394 2950 4448 ubi
2992 4409 3058 4447 ex
3104 4393 3362 4446 Alricano
3390 4406 3478 4445 re-

1837 4493 1879 4548 D
1909 4487 2014 4543 fert
2049 4487 2116 4540 ad
2150 4483 2510 4558 Olympiadem
2547 4501 2720 4556 usque
2744 4500 2840 4539 ccc
2878 4485 3171 4538 archontas
3205 4484 3274 4538 ab
3311 4483 3477 4537 Athe—

1909 4578 2198 4634 niensibus
2222 4577 2499 4634 numerari
2537 4576 2662 4641 905,
2695 4593 2724 4630 a
2761 4575 3014 4643 Creonte,
3043 4577 3134 4646 qui
3175 4574 3479 4647 Olympiade

1911 4687 2008 4726 xix
2056 4668 2308 4741 praefuit;
2357 4679 2690 4738 postremum
2741 4685 2869 4723 vero
2903 4668 3070 4723 fuisse
3112 4666 3384 4721 Philinum
3415 4683 3476 4720 ea

1913 4773 2076 4828 quam
2116 4758 2230 4812 dixi
2260 4757 2586 4828 Olympiade,
2623 4759 2943 4813 consulibus
2978 4756 3145 4811 Grato
3180 4757 3478 4812 Sabiniano

1907 4858 1960 4903 et
1989 4848 2355 4917 Seleuco;qui
2382 4864 2412 4901 a
2435 4848 2602 4902 Bruto
2625 4853 2878 4905 consules
2913 4849 3062 4904 fuere
3085 4849 3208 4902 7‘25.
3244 4848 3473 4903 Demum

1908 4939 2089 5008 colligi
2115 4943 2259 5009 (pag.
2291 4939 2378 5005 57)
2402 4955 2573 4993 annos
2601 4939 2739 4993 5725
2762 4940 2827 4994 ad
2855 4940 3073 4994 tertium
3099 4955 3320 5000 annum,
3360 4940 3478 4990 Ἀν-

1908 5029 2151 5093 τωνίνου,
2185 5030 2279 5081 καὶ
2322 5027 2612 5097 Λύγέντου.
2645 5027 2884 5081 Marcum
2916 5029 3250 5080 Antoninum
3281 5026 3473 5094 Alaga-

1908 5121 2094 5175 balum
2137 5121 2410 5190 intelligit.
2445 5119 2500 5173 In
2547 5119 2738 5174 iisdem
2775 5119 3162 5189 Scaligerianis
3205 5117 3476 5186 excerptis

1908 5213 2276 5284 fragmentum
2308 5213 2553 5265 Africani
2584 5212 2778 5281 lcgitur
2810 5211 2877 5266 de
2904 5209 3303 5282 olympiadibus
3327 5208 3472 5277 (pag.

1909 5306 2034 5375 517)
2062 5325 2076 5361 :
2108 5305 2161 5358 in
2195 5320 2306 5374 quo
2339 5305 2482 5374 apud
2519 5304 2880 5358 Athenienses
2902 5303 2956 5356 in
2984 5302 3352 5373 olympiadum
3381 5301 3476 5380 de:

1910 5399 2208 5469 scriptione
2256 5397 2599 5451 Stadionicas
2652 5399 2728 5449 ait
2767 5395 3074 5466 percenseri
3123 5393 3247 5454 248,
3299 5406 3475 5472 annos

1911 5491 2036 5546 989.
2098 5490 2202 5546 Sed
2257 5491 2311 5544 in
2382 5488 2755 5559 Ὀλυμπιάδων
2806 5489 3092 5556 ἀναγραφῇ
3146 5485 3309 5539 etiam
3365 5481 3473 5537 249

1910 5580 2235 5652 olympiadis
2290 5579 2660 5634 Stadionicam
2721 5588 2967 5633 recenset
3000 5575 3259 5646 Scaliger.
3313 5573 3368 5628 Si
3405 5575 3473 5630 de

1911 5672 2070 5726 annis
2109 5672 2175 5724 ab
2208 5671 2414 5724 Adamn
2437 5670 2576 5724 57:25
2609 5669 2828 5724 auferas
2861 5669 3032 5731 5500,
3073 5667 3274 5722 residui
3310 5672 3470 5719 erunt

1911 5765 2016 5821 223
2047 5765 2114 5818 ab
2143 5761 2522 5818 lncarnatione
2559 5761 2767 5818 Domini
2805 5759 3100 5816 secundum
3127 5757 3448 5814 Africanum
