3948 6264
473 314 610 369 1405

1495 325 1584 380 AD
1625 326 1897 386 EUSEBII
1935 325 2329 391 CHRONICON
2373 335 2726 393 APPENDIX.

3575 343 3714 403 1101

473 431 579 488 Sed
626 447 802 490 annus
834 436 1032 492 tertius
1084 438 1366 510 Alagabalt
1417 458 1541 499 teras
1589 451 1898 506 communis
1954 463 2039 508 est
2066 466 2112 521 Α
2142 471 2306 525 porro
2359 455 2602 512 Geminis
2657 455 2870 513 duobus
2931 472 3070 515 coss.
3131 473 3276 514 anno
3338 457 3548 517 Tiberii
3609 479 3712 522 xv:

469 527 595 588 221,
632 529 685 580 in
725 543 885 597 quem
941 537 996 582 et
1039 529 1146 585 250
1192 534 1460 604 olympias
1502 537 1758 597 incurrit.
1817 544 2041 600 Biennio

399 663 405 682 ,
469 617 654 688 itaque
685 616 1067 688 Dionysianam
1098 623 1359 690 epocbam
1407 631 1696 686 antevertit
1723 633 2036 702 Africanus,

469 718 523 764 et
574 707 1010 767 lnrarnationem
1058 709 1276 772 Domini-
1321 719 1548 773 contulit
1589 722 1646 775 in
1704 738 1902 780 annum
1943 743 2038 796 pe-

469 801 608 856 riodi
635 800 865 856 Julianae
895 803 1059 857 4742.
1096 805 1249 871 Quod
1280 808 1503 880 insuper
1532 828 1599 868 ex
1634 830 1777 872 anno
1819 817 2041 876 Passio-

471 893 560 949 nis
608 893 677 948 ab
719 893 907 950 eodem
943 895 1204 953 Africano
1240 902 1540 958 constituto
1568 907 1859 979 colligitur.
1906 910 2066 980 Nam,

472 985 518 1038 si
550 985 761 1041 decimo
807 988 1266 1059 quinto.Tiberii,
1314 1009 1509 1066 nempe
1549 995 1791 1056 Geminis
1829 1003 2043 1060 duobus

471 1091 618 1134 coss.
680 1093 873 1147 passus
919 1088 1004 1136 est
1062 1086 1205 1151 (qua:
1259 1083 1361 1137 fuit
1392 1087 1747 1155 plurimorum
1789 1101 2032 1149 veterum

473 1169 787 1237 sententia),
814 1179 868 1225 et
899 1171 946 1226 is
977 1185 1154 1227 annus
1181 1175 1368 1234 mundi
1399 1177 1532 1232 5551
1565 1180 1632 1234 ab
1657 1180 1918 1239 Africano
1941 1203 2046 1240 nu-

471 1269 718 1316 meratus
763 1268 868 1328 est,
905 1276 1030 1316 cum
1078 1261 1515 1323 lncarnationem
1564 1287 1709 1328 anno
1761 1275 1894 1330 5501
1947 1279 2047 1332 tri-

473 1353 702 1419 buisset,
757 1362 816 1409 ut
845 1363 1034 1410 auctor
1061 1365 1146 1411 est
1174 1355 1438 1429 Georgius
1469 1360 1752 1433 Syncellus
1783 1386 1798 1422 :
1831 1383 1956 1422 cum
1989 1369 2045 1425 in

473 1459 678 1499 annum
732 1461 854 1501 serae
903 1448 1226 1508 Christianae
1271 1450 1361 1516 29,
1401 1454 1515 1509 sive
1561 1458 1768 1525 periodi
1818 1458 2046 1518 Julianat

472 1536 615 1591 4742
651 1540 972 1594 consulatus
1021 1538 1374 1596 Geminorum
1431 1556 1741 1618 competat;
1796 1551 2045 1610 deductis

473 1628 635 1682 annis
663 1629 733 1683 50
772 1631 840 1685 de
881 1630 1045 1698 4742,
1094 1634 1338 1704 reliquus
1375 1636 1482 1692 erit
1512 1636 1908 1698 lncarnationis
1943 1660 2044 1698 an-

473 1737 578 1776 nus
624 1721 765 1775 4712
808 1721 861 1777 in
909 1721 1124 1778 Iuliana
1171 1726 1415 1795 periodo.
1450 1728 1651 1785 Verum
1697 1734 1841 1802 apud
1881 1733 2047 1792 Euse-

473 1813 623 1867 bium
674 1829 770 1868 vut
821 1814 896 1870 De
957 1816 1244 1874 demnstr.
1296 1819 1441 1890 (pag.
1471 1834 1477 1850 ί
1511 1821 1638 1894 245)
1682 1821 2045 1894 fragmentum

477 1905 628 1960 aliud
652 1908 894 1964 occurrit
920 1909 1162 1966 Africani
1195 1912 1263 1968 de
1289 1911 1552 1972 Passione
1577 1914 1812 1987 Domini,
1861 1927 1916 1976 et
1941 1920 2046 1977 Da-

476 1992 636 2048 nielis
667 1993 1097 2056 hebdomadibus
1114 2017 1130 2068 ;
1147 2001 1204 2056 in
1225 2016 1334 2072 quo
1354 2005 1538 2072 passio
1571 2007 1860 2078 conjicitur
1880 2011 1935 2066 in
1953 2027 2045 2068 an-

481 2099 612 2138 num
657 2088 955 2142 secundum
981 2089 1307 2162 olympiadis
1331 2094 1459 2161 202,
1494 2096 1694 2153 Tiberii
1731 2117 1843 2157 xvr.

543 2175 700 2232 Hunc
753 2178 938 2248 ipsum.
976 2181 1220 2240 Africani
1270 2186 1450 2242 locum
1499 2205 1638 2260 pene
1694 2191 1763 2246 ad
1819 2194 2041 2250 verbum

471 2266 764 2337 exscripsit
793 2267 1159 2341 Hieronymus
1206 2273 1264 2328 in
1299 2275 1740 2334 Commentariis
1765 2281 1832 2336 ad
1882 2290 2043 2352 caput

469 2358 544 2412 IX
591 2358 848 2429 Danielis,
877 2369 932 2417 et
982 2371 1162 2419 tamen
1200 2365 1474 2426 decimum
1530 2370 1777 2440 quintum
1839 2371 2042 2429 Tiberii

471 2454 686 2523 posuit;
713 2470 843 2520 non,
889 2464 951 2510 ut
995 2467 1080 2513 est
1126 2460 1180 2513 in
1223 2457 1436 2526 Graeco,
1488 2461 1761 2518 decimum
1801 2473 2038 2520 sextum.

470 2544 795 2616 Quanquam
833 2548 941 2603 nisi
971 2551 1304 2620 olympiadis
1347 2567 1524 2608 annus
1554 2555 1846 2624 appositus,
1875 2564 2038 2622 esset,

469 2639 768 2694 conciliare
818 2639 924 2694 ista
959 2640 1120 2696 facile
1154 2658 1465 2712 possemus,
1501 2646 1705 2717 quippe
1749 2662 1928 2703 annus
1970 2665 2040 2704 xv

467 2729 701 2799 Tiberii,
746 2732 793 2786 si
837 2733 905 2788 ab
941 2734 1188 2805 Augusto
1223 2751 1410 2792 mense
1446 2746 1687 2807 putetur,
1732 2755 1842 2810 quo
1871 2741 2041 2812 impe-

468 2836 594 2878 rare
628 2824 828 2894 ccepit;
869 2825 994 2878 iniit
1043 2841 1191 2880 anno
1222 2826 1429 2883 Christi
1456 2829 1548 2895 28,
1595 2841 1792 2900 quarto
1825 2833 2040 2889 labente

468 2912 798 2982 Olympiadis
851 2913 979 2978 201,
1039 2923 1094 2970 ει
1149 2915 1217 2970 ad
1268 2916 1575 2988 Augustum
1633 2938 1872 2978 mensem
1910 2925 2036 2978 anni

466 3002 670 3058 Christi
697 3004 766 3057 29
798 3008 1151 3062 continuatus
1186 3015 1288 3074 est,
1327 3026 1436 3079 quo
1458 3012 1566 3066 duo
1600 3012 1808 3068 Gemini
1839 3031 2038 3072 consu-

465 3092 545 3148 les
593 3106 770 3150 erant.
814 3097 895 3151 Ita
944 3114 1016 3153 xv
1048 3098 1254 3154 Tiberii
1289 3117 1486 3170 passus
1531 3106 1638 3159 erit
1678 3106 1954 3171 Christus,
1988 3111 2035 3164 si

467 3183 552 3238 his
580 3187 907 3243 consulibus
937 3191 1223 3246 acciderit.
1255 3190 1359 3247 Sin.
1379 3202 1483 3261 est,
1511 3205 1570 3249 ut
1598 3196 2034 3255 Christianorum

465 3279 738 3339 veterum,
786 3277 1129 3347 aliorumque
1181 3297 1355 3347 more,
1401 3299 1574 3341 annos
1628 3286 1834 3343 Tiberii
1871 3305 1903 3344 a
1932 3290 2037 3346 Pa-

466 3364 642 3418 schali
669 3382 860 3423 mense
892 3371 1244 3427 antecedente
1275 3376 1504 3445 coeperit
1540 3378 1868 3450 Africanus;
1897 3383 2036 3438 idem

467 3472 648 3515 annus
683 3477 772 3516 xvi
822 3461 1025 3518 Tiberii
1063 3469 1272 3521 censeri
1306 3469 1502 3538 potuit.
1552 3468 1658 3525 Sed
1700 3486 1824 3526 cum
1863 3474 2037 3545 olym-

468 3549 647 3618 piadis
698 3553 804 3608 202
861 3570 1040 3612 annus
1089 3559 1362 3618 secundus
1421 3561 1711 3619 inchoatus
1769 3566 1840 3620 sit
1895 3583 2037 3623 anno

463 3639 667 3696 Christi
709 3644 800 3708 50,
853 3655 908 3700 et
955 3646 1021 3702 ad
1052 3658 1295 3705 astatem
1343 3667 1520 3723 usque
1565 3657 1845 3724 sequentis
1905 3659 2034 3713 anni

465 3742 798 3804 propagatus
841 3735 1042 3804 fuerit;
1092 3755 1319 3798 necesse
1347 3752 1431 3798 est
1460 3759 1604 3799 anno
1634 3760 1756 3800 aera:
1791 3762 2035 3803 commu-

462 3823 549 3877 nis
579 3823 668 3889 50,
704 3825 788 3880 vel
824 3826 887 3881 51
928 3843 1150 3896 passum
1182 3831 1290 3886 dici
1329 3833 1396 3888 ab
1427 3834 1687 3892 Africano
1719 3836 2032 3908 Christum;

463 3922 623 3982 prout
650 3928 856 3968 annum
898 3915 1101 3972 Tiberii
1132 3937 1246 3985 xvt,
1277 3931 1372 3977 aut
1399 3925 1668 3994 labentem
1700 3927 2030 3994 adhibuerit,

2146 545 2333 600 mundi
2375 547 2515 603 5550
2568 556 2820 611 exeunte,
2856 564 3014 618 quem
3070 549 3202 604 5551
3263 551 3432 620 Aprili
3493 551 3716 608 circiter

2143 637 2391 706 excepit;
2441 652 2670 707 passum
2722 639 2955 708 denique
3005 655 3149 695 anno
3197 641 3385 695 mundi
3427 641 3717 699 desinente

2144 727 2304 792 5551,
2353 739 2618 798 sequente
2665 729 2803 784 5552
2845 745 2874 783 a
2917 729 3202 796 Paschate,
3244 733 3328 786 vel
3360 731 3534 802 Aprili
3586 735 3717 787 anni

2144 817 2349 874 Christi
2398 822 2704 876 communis
2748 821 2838 887 50,
2871 822 3074 879 Tiberii
3125 838 3237 888 xvt,
3287 831 3342 878 et
3388 825 3717 895 Olympiadis

2143 921 2249 961 ccn
2300 923 2442 963 anno
2491 910 2732 964 secundo
2780 911 3019 965 nondum
3063 912 3132 966 ab
3173 911 3378 967 aestivis
3426 913 3714 971 mensibus

2144 998 2434 1068 inchoato;
2475 1001 2568 1055 sed
2598 1001 2739 1055 κατὰ
2782 1001 3046 1073 πρόληψιν
3087 1019 3116 1058 a
3157 1001 3438 1069 Januario,
3478 1015 3575 1060 aut
3606 1006 3714 1061 aiio

2144 1091 2400 1161 quopiam
2444 1094 2600 1149 initio
2631 1095 2907 1165 popularis
2936 1095 3086 1159 anni,
3120 1111 3229 1166 quo
3258 1112 3393 1152 usus
3434 1107 3521 1152 est
3568 1097 3714 1151 Afri-

2145 1197 2336 1237 canus.
2382 1182 2596 1241 Scimus
2625 1187 2769 1242 enim
2804 1187 3140 1259 olympiadas
3181 1203 3600 1258 nonnunquam,
3634 1199 3711 1255 et,

2145 1277 2289 1346 quod
2333 1291 2676 1348 consequens
2707 1288 2812 1347 est,
2845 1280 3158 1351 olympiacae
3206 1281 3576 1337 tetraeteridis
3621 1297 3714 1336 an

2145 1383 2247 1425 nos
2276 1385 2387 1425 non
2416 1370 2485 1424 ab
2516 1371 2635 1442 ipso
2677 1381 2916 1442 tempore
2943 1388 3196 1444 agonum,
3234 1375 3328 1428 sed
3373 1389 3404 1428 a
3457 1375 3715 1444 populari

2146 1460 2423 1516 civitatum
2456 1477 2680 1517 suarum
2728 1463 2950 1518 exordio
2983 1479 3014 1518 a
3066 1465 3340 1537 plerisque
3384 1469 3663 1520 numerari
3695 1487 3707 1522 :

2146 1552 2222 1606 ita
2250 1560 2313 1607 ut
2339 1555 2391 1608 in
2425 1569 2691 1609 annorum
2717 1556 2897 1611 exitus
2920 1556 3033 1610 ludi
3058 1557 3159 1626 ipsi
3193 1566 3610 1612 concurrerent.
3637 1555 3715 1614 lta

2148 1658 2324 1701 annus
2373 1647 2564 1702 mundi
2593 1647 2754 1713 5725,
2804 1648 2920 1704 sive
2949 1649 3016 1703 ab
3043 1647 3423 1706 lncarnatione
3451 1649 3584 1716 225,
3615 1653 3717 1707 erit

2149 1733 2456 1790 communis
2485 1749 2607 1790 aerea
2633 1735 2758 1798 221,
2788 1743 2841 1790 ει
2867 1736 3144 1807 Alagabali
3175 1738 3391 1794 tertius.

2078 1801 2120 1856 Β
2217 1821 2605 1894 Quocircaqui
2635 1824 2951 1880 Africanum
2972 1801 3223 1882 referunt
3254 1830 3580 1899 passionem
3608 1829 3713 1887 Do-

2144 1911 2278 1965 mini
2331 1924 2474 1971 anno
2531 1914 2724 1968 Adami
2768 1913 2942 1980 5551,
2991 1915 3393 1974 lncarnationis
3436 1919 3502 1974 51
3558 1923 3712 1988 attri-

2144 1999 2351 2067 huisse,
2379 2002 2446 2057 de
2467 2004 2626 2059 annis
2648 2003 3026 2062 desinentibus
3061 2006 3362 2078 intelligere
3385 2009 3710 2068 debuerunt.

2142 2087 2277 2144 Nam
2307 2091 2637 2159 baptismum
2681 2094 2750 2149 ab
2799 2110 2865 2150 eo
2910 2096 3168 2152 collatum
3199 2114 3320 2155 esse
3358 2101 3415 2155 in
3450 2104 3713 2158 consula-

2143 2191 2260 2236 tum
2321 2181 2670 2240 Geminorum
2721 2186 3022 2266 verisimile
3033 2195 3064 2256 ξε
3080 2197 3196 2258 εει;
3246 2205 3372 2247 cum
3439 2208 3512 2249 ex
3566 2193 3716 2251 Luca

2142 2283 2355 2330 constet
2383 2289 2528 2330 anno
2576 2293 2646 2331 xv
2691 2276 2896 2334 Tiberii
2928 2280 3076 2336 istud
3102 2283 3385 2352 evenisse;
3421 2291 3524 2339 aut
3550 2285 3622 2350 si,
3657 2295 3715 2340 ut

2141 2363 2498 2435 Epiphanius,
2531 2377 2587 2423 et
2630 2369 2718 2424 alii
2748 2371 2990 2440 quidam,
3031 2370 3320 2429 Novembri
3357 2391 3570 2443 mense,
3606 2393 3714 2436 non

2142 2465 2298 2512 sexto
2315 2456 2579 2526 Januarii,
2607 2460 2671 2515 ad
2696 2461 3024 2532 baptismum
3050 2466 3267 2522 venisse
3288 2467 3541 2535 credidit,
3569 2485 3712 2525 anno

2141 2549 2450 2604 communis
2477 2565 2598 2605 terae
2629 2567 2840 2620 xxvm;
2884 2563 3031 2609 certe
3080 2556 3209 2610 hinc
3265 2558 3332 2611 ad
3389 2560 3710 2629 passionem

2141 2641 2350 2697 solidus
2379 2657 2557 2699 annus
2588 2644 2942 2715 interpositus
2970 2655 3232 2712 est,-cum
3276 2666 3480 2705 annum
3514 2655 3708 2709 saltem

2140 2746 2309 2786 unum
2336 2735 2401 2803 τῇ
2445 2734 2668 2806 κηρύξει
2699 2735 2989 2792 Africanus
3028 2739 3394 2808 imputaverit.
3433 2742 3629 2813 Atqui,
3663 2746 3706 2800 si

2139 2824 2459 2879 consulibus
2501 2825 2635 2895 ipsis
2666 2825 2906 2884 Geminis
2948 2829 3143 2886 Martio
3175 2848 3366 2900 mense
3391 2851 3592 2906 passus
3631 2839 3708 2894 fo-

2139 2922 2242 2977 ret,
2265 2924 2376 2970 tres
2405 2916 2474 2970 ab
2503 2915 2790 2984 Januario,
2812 2921 2896 2975 vel
2927 2936 2955 2975 a
2985 2921 3274 2979 Novembri
3303 2929 3550 2998 quinque
3580 2931 3709 2986 dun-

2138 3011 2288 3060 taxat
2317 3021 2533 3064 menses
2559 3007 2762 3067 Christi
2792 3013 3106 3082 prazdicatio
3135 3024 3362 3073 teneret.
3391 3019 3546 3088 Quod
3567 3024 3706 3079 Afri-

2139 3109 2336 3150 canum
2373 3100 2612 3156 sensisse
2641 3117 2749 3156 non
2782 3105 3037 3161 arbitror.

2211 3187 2454 3246 Sed-duo
2484 3201 2612 3247 sunt
2655 3195 2712 3249 in
2757 3196 2850 3251 illo
2883 3197 3123 3255 Africani
3164 3203 3400 3270 calculo,
3434 3223 3594 3276 quem
3639 3226 3705 3266 ex

2134 3279 2329 3337 Photio
2394 3293 2450 3339 et
2516 3285 2750 3358 Georgio
2818 3292 3140 3359 retulimus,
3227 3297 3706 3358 animadversione

2135 3372 2340 3444 digna:
2375 3376 2607 3432 alterum
2648 3380 2795 3450 quod
2843 3379 3071 3440 Photi‘us
3124 3386 3334 3452 scribit,
3383 3389 3703 3448 Africanum

2135 3464 2200 3517 ad
2232 3464 2458 3521 Macrini
2483 3469 2767 3538 imperium
2802 3487 2939 3542 opus
2968 3489 3128 3529 suum
3158 3477 3504 3547 perduxisse,
3537 3499 3705 3539 anno-

2134 3569 2254 3608 rum
2282 3555 2420 3611 5725
2446 3556 2726 3614 historiam
2750 3563 3126 3633 complexum;
3159 3568 3482 3625 mendosum
3510 3575 3701 3639 videri,

2135 3662 2199 3703 ac
2235 3664 2333 3719 pro
2370 3651 2650 3722 Μακρίνου
2703 3653 2989 3723 legendum
3028 3656 3100 3712 Μ.
3144 3660 3484 3719 Ἀντωνίνου.
3523 3665 3703 3732 Quan-

2133 3757 2294 3811 quam
2324 3751 2378 3798 et
2423 3745 2568 3799 aliud
2600 3746 2957 3815 occurrebat;
3005 3749 3324 3808 Africanum
3361 3755 3702 3816 Stadionicas

2133 3849 2240 3888 non
2297 3835 2438 3888 ultra
2482 3836 2841 3907 Olympiadem
2887 3839 2994 3894 248
3043 3841 3098 3895 in
3129 3844 3368 3900 archivis
3396 3847 3700 3906 Athenien-

2132 3925 2274 3979 sium
2319 3924 2614 3989 invenisse,
2646 3943 2767 3998 quae
2811 3928 3079 4000 Olympias
3123 3932 3190 3986 ad
3243 3949 3444 3991 annum
3497 3937 3700 3995 Christi

462 4007 560 4052 aut
591 4015 619 4052 a
650 3999 904 4058 Paschali
949 4021 1136 4062 mense
1165 4014 1525 4079 ριιεενειιιει-ίι,
1564 3993 1628 4070 εἰ
1655 4033 1800 4073 anno
1833 4017 2033 4091 many-
2129 4016 2254 4083 217,
2285 4024 2338 4072 ει
2365 4017 2593 4073 Macrini
2623 3993 2908 4095 imperium
2937 4024 3278 4094 extenditur;
3307 4035 3488 4085 tamen
3519 4047 3699 4088 reru

463 4089 620 4143 siano
668 4091 738 4146 50
767 4090 1047 4148 Christum
1090 4099 1262 4153 voluit
1303 4117 1425 4158 esse
1465 4119 1726 4173 passum,
1775 4089 2032 4164 lncarna-
2129 4115 2401 4178 gestarum
2441 4093 2762 4166 memoriam
2809 4114 2874 4168 ad
2931 4130 3105 4172 annos
3151 4128 3410 4188 prazterea
3461 4125 3702 4193 quinque

461 4177 660 4232 tionem
695 4195 919 4238 necesse
940 4193 1024 4240 εει
1051 4185 1122 4240 ab
1149 4189 1341 4244 eodem
1373 4190 1605 4248 locatam
1643 4211 1766 4252 esse
1802 4199 1858 4252 in
1884 4214 2030 4256 anno
2126 4177 2478 4272 propagasse,
2507 4203 2560 4258 id
2593 4213 2676 4260 est
2703 4207 2775 4260 ad
2799 4222 3000 4262 annum
3033 4210 3237 4267 Christi
3269 4213 3364 4266 22l
3399 4233 3424 4280 ;-
3445 4215 3694 4270 Photimn

459 4271 667 4338 periodi
712 4269 945 4330 Ju’lianae
990 4276 1151 4344 4715,
1190 4295 1301 4335 uno
1346 4297 1490 4337 anno
1520 4293 1647 4340 ante
1684 4302 2028 4347 communem
2129 4269 2255 4347 vero
2275 4293 2524 4348 eumdem
2553 4294 2799 4352 historiae
2824 4301 3115 4354 terminum
3144 4310 3385 4372 putasse,
3409 4307 3503 4375 qui
3527 4308 3696 4378 olym-

458 4375 646 4424 aeram,
697 4371 756 4416 ut
792 4363 1060 4436 hodieque
1104 4370 1348 4437 ponitur.
1385 4371 1480 4427 Sin
1529 4389 1674 4431 anno
1720 4377 1926 4435 Christi
1959 4382 2022 4436 51

2128 4385 2466 4454 pionicarum
2499 4395 2634 4442 erat.
2669 4387 2803 4445 Vide
2832 4407 2952 4461 qum
2984 4392 3076 4446 Xll
3109 4393 3185 4448 De.
3222 4394 3466 4450 doctrina
3499 4407 3694 4468 tempo-

458 4454 768 4522 passionem
810 4459 1139 4529 assignavit,
1181 4461 1398 4519 Tiberio
1445 4483 1478 4520 v
1525 4476 1578 4522 et
1623 4468 1829 4539 Sejano-
1853 4487 2025 4540 coss.,
2059 4495 2104 4552 ι)
2132 4494 2269 4540 rum,
2302 4495 2423 4550 cap.
2457 4479 2549 4534 XL
2576 4482 2834 4539 diximus.

459 4540 620 4607 plane
650 4551 708 4595 ut
741 4541 1100 4615 Epiphanius,
1132 4549 1332 4620 aliique
1359 4561 1576 4610 veteres
1596 4559 1845 4614 arbitrati
1878 4573 2025 4630 sunt,

459 4629 767 4688 Incarnatio
800 4648 1064 4707 congruet
1120 4639 1179 4694 in
1225 4656 1428 4698 annum
1457 4647 1693 4716 primum
1721 4666 1844 4706 atra:
1870 4654 2028 4708 Chri-

458 4722 676 4790 stianae;
707 4725 896 4781 itidem
926 4736 983 4782 ut
1011 4728 1324 4798 Panodoro,
1357 4751 1422 4790 ac
1454 4737 1660 4794 Grazcis
1685 4741 2025 4816 tLatinisque

457 4816 801 4883 computistis
849 4818 1122 4887 placuisse
1167 4825 1439 4880 novimus.
1500 4827 1607 4882 Sed
1659 4830 1763 4886 hac
1813 4836 2026 4893 ratione

456 4919 632 4960 annus
665 4908 850 4962 mundi
878 4909 1018 4965 5725
1043 4953 1058 4978 ,
1115 4914 1210 4983 qui
1239 4917 1308 4970 ab
1341 4916 1716 4977 lncarnatione
1757 4923 1918 4979 debet
1957 4942 2022 4982 ex

454 4995 695 5053 Africani
725 5001 938 5055 calculo
964 5017 1088 5059 esse
1114 5004 1239 5071 225,
1269 5009 1372 5062 erit
1402 5013 1708 5068 communis
1739 5031 1861 5070 mra:
1885 5017 2018 5085 225;

455 5103 564 5156 quo
592 5104 794 5144 annum
834 5092 1048 5161 imperii
1081 5099 1381 5153 secundum
1415 5101 1721 5159 Alexander
1747 5105 2022 5164 ﬂammea:

457 5178 598 5236 ﬁlius
658 5181 982 5242 inchoavit:
1030 5202 1152 5242 cum
1205 5198 1386 5245 tamen
1438 5194 1695 5249 Antonini
1738 5197 2020 5268 Alagabali

456 5274 672 5326 tertium
725 5276 985 5335 incidisse
1028 5281 1083 5336 in
1131 5297 1334 5337 annum
1373 5284 1525 5339 illum
1580 5289 1766 5344 mundi
1817 5289 2022 5349 diserte

457 5364 739 5433 scripserit
761 5368 1072 5427 Africanus.

530 5458 665 5526 Mea,
699 5471 760 5516 ut
800 5463 854 5517 in
887 5467 1110 5536 ancipiti
1143 5484 1206 5524 ac
1250 5473 1505 5542 perplexa
1533 5480 1851 5546 quastione,
1884 5497 2018 5537 con~

452 5547 667 5615 jectura
699 5561 803 5617 est,
834 5556 1136 5626 Christum,
1168 5577 1234 5616 ex
1262 5563 1508 5621 Africani
1539 5571 1814 5639 opinione,
1842 5574 2021 5629 incar—

456 5647 642 5694 natum
699 5658 819 5699 esse
869 5662 1012 5702 anno
1061 5653 1268 5719 periodi
1317 5653 1544 5714 Julianm
1593 5662 1750 5724 4712,
1801 5663 2018 5721 biennio

455 5740 585 5787 ante
630 5746 971 5792 communem
1017 5756 1214 5810 seram;
1268 5748 1455 5804 mundi
1487 5751 1646 5819 5501,
1680 5755 2014 5825 baptizatum

2199 4568 2443 4623 Alterum
2497 4582 2610 4636 est,
2660 4573 2803 4629 haud
2862 4576 2995 4634 satis
3049 4576 3262 4632 ﬁrmum
3313 4590 3694 4651 argumentum

2129 4673 2250 4713 esse
2282 4675 2436 4715 nova:
2465 4661 2863 4736 chronologias;
2895 4683 3014 4737 quae
3055 4684 3122 4724 ex
3165 4670 3257 4725 illo
3299 4671 3546 4726 Africani
3581 4674 3696 4727 loco

2127 4752 2405 4807 concludit
2461 4758 2703 4827 quinque
2759 4775 3028 4816 annorum
3088 4762 3275 4823 labem,
3314 4764 3372 4818 in
3422 4763 3694 4822 Romanos

2129 4841 2301 4898 fastos
2337 4830 2391 4899 et
2433 4849 2662 4904 annales
2685 4850 2998 4925 irrepsisse,
3035 4869 3099 4908 ac
3133 4855 3359 4910 totidem
3392 4858 3694 4927 superﬂuos

2127 4933 2180 4988 in
2210 4934 2278 4990 iis
2321 4952 2463 4992 esse.
2495 4935 2591 4994 Vis
2624 4946 2706 4994 est
2739 4945 3224 5011 argumentationis
3252 4946 3541 5012 ejusmodi.
3586 4949 3692 5000 An-

2125 5043 2228 5082 nus
2256 5027 2500 5084 Africani
2531 5031 2672 5088 5725
2698 5043 2781 5088 est
2809 5050 2930 5090 nam
2960 5035 3163 5092 Christi
3210 5037 3336 5102 221,
3368 5039 3578 5108 periodi
3607 5038 3691 5093 Ju-

2124 5118 2283 5174 lianae
2305 5121 2466 5182 4951,
2490 5137 2600 5192 quo
2627 5125 2882 5181 consules
2911 5125 3060 5182 luere
3095 5127 3297 5183 Gratus
3325 5137 3378 5183 et
3409 5127 3686 5184 Seleucus.

2126 5210 2238 5266 Hoc
2271 5229 2400 5268 vero
2430 5231 2526 5284 par
2560 5219 2845 5271 consulum
2876 5218 2951 5271 ait
2981 5222 3049 5274 ab
3090 5222 3296 5298 exactis
3328 5222 3550 5292 regibus
3572 5236 3689 5276 esse

2124 5304 2668 5376 septingentesimum
2737 5309 3056 5363 vicesimum
3128 5311 3402 5380 quintum.
3478 5311 3689 5367 Additis

2121 5411 2252 5466 ergo
2301 5411 2487 5466 regum
2535 5399 2695 5453 annis
2736 5399 2841 5453 215
2881 5399 2944 5453 ad
2978 5400 3120 5463 725,,
3146 5401 3282 5455 ﬁunt
3329 5403 3458 5456 anni
3505 5401 3632 5464 968,
3658 5417 3688 5456 e

2122 5486 2321 5554 quibus
2354 5485 2603 5542 deductis
2631 5487 2756 5550 221,
2792 5495 2962 5544 restat
2995 5504 3171 5544 annus
3203 5490 3368 5547 Urbis
3403 5491 3503 5545 747
3537 5511 3550 5546 :
3585 5505 3685 5560 quo

2119 5575 2373 5632 Christus
2421 5595 2486 5633 ex
2529 5579 2836 5635 communis
2880 5595 3000 5635 serae
3025 5582 3327 5638 ratiociniis
3374 5591 3530 5639 ortus
3572 5593 3682 5647 est;

2121 5669 2494 5740 quinquennio
2525 5673 2677 5741 prius
2705 5688 2866 5742 quam
2905 5674 3066 5742 vulgo
3094 5672 3321 5738 feratur,
3356 5675 3466 5729 imo
3493 5690 3681 5730 sexen-

2123 5763 2233 5817 nio.
2265 5760 2436 5818 Natus
2466 5765 2624 5818 cnim'
2655 5765 2871 5833 ponitur
2917 5781 3059 5819 anno
3093 5763 3253 5821 Urbis
3292 5766 3528 5823 condita
3553 5765 3676 5822 755.
