3948 6264
249 300 394 356 1-505

1237 305 1690 362 DlSSERTATlO
1731 306 1820 361 DE
1852 306 2261 363 GRXECORUM
2301 308 2502 364 AERIS.

3359 311 3489 369 two

249 417 463 474 Verum
499 420 794 478 Africanus
821 423 878 478 in
919 423 1236 480 consulibus
1266 425 1378 479 sive
1417 425 1826 495 magistratibus
1853 433 1900 487 Α
1927 433 2036 480 cta.
2095 423 2428 496 Theophilus
2477 424 2875 482 Alexandrinus
2926 427 3212 500 episcopus
3262 431 3494 500 pascha-

244 511 460 568 annuis
510 516 896 579 numerandis,
944 531 1038 572 eos
1083 531 1256 571 annos
1312 517 1567 583 exclusit,
1621 517 1822 586 quibus

244 602 392 656 nulli
445 605 708 662 consules
757 605 979 660 fuerunt
1012 625 1026 662 :
1063 608 1154 677 qui
1184 608 1400 678 quidem
1433 608 1487 661 in
1521 606 1698 663 Fastis
1737 607 1822 661 in-

243 693 495 764 signiter
523 697 763 768 quinque
802 706 1062 752 notantur
1093 699 1162 753 ab
1206 714 1348 753 anno
1391 697 1555 754 Urbis
1593 699 1698 755 578
1753 699 1822 754 ad

241 799 460 840 annum
484 788 616 856 582;
636 789 834 860 quibus
851 790 1167 844 continuum
1185 791 1574 860 interregnum,
1593 800 1645 845 et
1663 791 1824 862 ἀναρ-

241 875 341 946 χία
373 880 608 935 exstitit.
653 880 769 936 Mos
805 888 889 937 est
933 889 1108 936 autem
1142 881 1415 951 plerisque
1461 883 1821 952 scriptoribus

241 968 299 1022 in
349 986 666 1026 annuorum
716 973 1130 1043 magistratuum
1181 982 1272 1027 aut
1317 988 1504 1043 regum
1558 975 1820 1044 tempori-

241 1061 354 1116 bus
408 1065 832 1132 percensendis,
888 1081 982 1121 eos
1043 1081 1217 1122 annos
1281 1067 1566 1131 omittere,
1623 1067 1821 1137 quibus

239 1155 387 1209 nulli
422 1156 648 1211 fuerunt
674 1176 687 1211 :
716 1157 859 1227 quod
891 1172 919 1210 a
947 1158 1270 1228 quibusdam
1301 1158 1574 1214 veteribus
1616 1158 1670 1213 in
1713 1157 1823 1212 Ro-

239 1247 432 1302 manis
454 1246 766 1318 digerendis
800 1250 1088 1305 annalibus
1108 1251 1453 1305 observatum
1485 1266 1606 1306 esse
1635 1251 1822 1320 dispu-

237 1345 324 1390 tat
373 1336 719 1410 Ouuphrius,
755 1356 878 1394 cum
928 1341 996 1396 de
1038 1342 1300 1397 varietate
1333 1344 1821 1413 computandorum

240 1428 420 1486 Urbis
461 1447 730 1487 annorum
760 1432 1002 1493 disserit.

309 1540 609 1598 Postremo
641 1559 742 1600 nec
785 1544 918 1598 illud
968 1545 1283 1612 omiserim,
1325 1547 1468 1617 quod
1514 1563 1578 1602 ex
1624 1547 1820 1604 Photio

233 1642 292 1688 et
327 1633 578 1690 Eusebio
603 1643 817 1691 constat
846 1638 901 1691 in
936 1635 1213 1703 Chronico,
1243 1639 1441 1709 duplex
1465 1639 1532 1694 ab
1561 1640 1820 1695 Africano

233 1738 382 1792 opus
438 1727 856 1794 elucubratum;
914 1744 1144 1798 quorum
1204 1731 1434 1785 alterum
1495 1731 1816 1788 historicum
1849 1766 1891 1820 Β

233 1813 344 1870 fuit
393 1817 455 1872 in
507 1821 748 1890 quinque
806 1821 974 1876 libros
1020 1822 1313 1892 partitum,
1370 1830 1424 1878 et
1489 1824 1555 1878 ad
1614 1839 1816 1878 annum

185 1911 470 1964 tertium
539 1912 855 1982 Alagabali,
933 1914 1123 1969 mundi
1184 1915 1364 1980 5725,
1424 1916 1748 1984 perductum
1797 1933 1812 1970 :

230 1999 305 2054 de
335 2017 455 2070 quo
489 2003 753 2058 hactenus
803 2005 972 2059 locuti
1012 2021 1224 2070 sumus,
1265 2007 1493 2064 alterum
1535 2006 1679 2076 quod
1708 2007 1817 2058 Κε-

231 2093 406 2155 στοὺς
458 2092 740 2163 inscripsit
775 2095 829 2149 in
863 2095 1036 2152 libros
1063 2093 1180 2150 XIV
1219 2096 1512 2166 digestum.
1549 2094 1814 2151 Eusebius

231 2197 370 2237 vero
408 2180 429 2234 l
471 2182 668 2240 Chron.
693 2199 886 2239 novem
920 2186 1092 2241 libros
1121 2193 1396 2241 numerat.
1431 2185 1602 2254 Cujus
1631 2185 1814 2256 operis

231 2284 629 2342 argumentum
675 2275 961 2345 multiplex
1006 2274 1130 2330 fuit.
1179 2275 1316 2330 Nam
1361 2275 1429 2331 de
1471 2275 1694 2330 medicis
1726 2291 1810 2330 re—

228 2367 363 2432 bus,
389 2367 659 2439 physicis,
692 2369 938 2434 rusticis,
970 2368 1237 2440 chymicis
1259 2369 1443 2435 etiam,
1477 2369 1544 2424 iis
1577 2371 1631 2422 in
1659 2369 1814 2423 libris

226 2463 550 2514 tractavit:
584 2477 704 2533 qua:
754 2462 913 2516 ambo
963 2461 1209 2530 ejusdem
1253 2459 1498 2514 Africani
1551 2469 1700 2525 sunt,
1754 2465 1812 2513 ut

227 2560 481 2606 testatur
507 2552 769 2617 Photius,
800 2569 909 2607 non
938 2562 996 2608 ut
1032 2553 1312 2623 Scaligero
1341 2554 1514 2608 visum
1543 2559 1627 2607 est
1649 2592 1664 2615 ,
1715 2552 1811 2622 qui

229 2650 500 2698 auctores
550 2644 823 2700 immerito
873 2644 1142 2698 distinxit.
1199 2643 1384 2714 Itaque
1427 2644 1624 2697 Κεστοὶ
1671 2643 1812 2697 nihil

230 2732 303 2786 ad
357 2734 773 2805 chronologiam
825 2733 1162 2800 attinebant;
1199 2743 1389 2790 contra
1440 2749 1600 2804 quam
1652 2734 1811 2790 nobis

231 2824 525 2895 exciderat
573 2825 666 2879 lib.
721 2825 815 2880 Xll
865 2826 941 2879 De
1005 2826 1248 2880 doctrina
1301 2836 1626 2895 temporum,
1687 2841 1806 2895 cap.

231 2913 399 2977 XLII,
439 2915 531 2970 ubi
559 2916 797 2979 Κεστοὺς
825 2930 950 2970 cum
988 2915 1324 2987 πενταϐίὸλῳ
1353 2917 1581 2971 historia
1618 2914 1809 2971 confu-

229 3007 444 3062 dimus.

841 3161 1068 3219 CAPUT
1114 3162 1204 3218 Ili.

230 3275 311 3329 De
331 3273 640 3328 ercorum
667 3275 810 3337 teris,
827 3282 1080 3342 quatenus
1108 3272 1362 3328 methodis
1378 3275 1737 3342 paschalibus,
1756 3284 1808 3330 et

301 3345 467 3415 cyclis
493 3344 777 3413 implicata:
799 3352 942 3396 sunt.
977 3343 1246 3398 Panodori
1268 3345 1811 3415 coniputus_illustra-

301 3413 412 3468 tur.
445 3413 527 3466 Ab
569 3431 628 3468 eo
665 3421 982 3483 propagatus
1021 3421 1096 3467 est
1158 3415 1292 3467 alter
1330 3429 1478 3483 quem
1535 3413 1807 3468 Maximus

304 3485 542 3539 adhibet.

302 3597 587 3654 llactenus
620 3613 801 3653 meras
831 3612 1099 3653 annorum
1127 3611 1372 3652 summas
1402 3596 1472 3650 ab
1515 3597 1645 3652 orbe
1672 3611 1809 3651 con-

231 3692 349 3746 dito
403 3693 528 3746 sine
573 3691 680 3745 ulla
719 3691 1020 3762 cyclorum,
1055 3690 1136 3743 uti
1172 3689 1378 3744 dictum
1414 3699 1518 3751 est,
1555 3688 1809 3744 methodo

229 3783 638 3838 subducebant.
674 3781 891 3845 Postea,
921 3797 1043 3838 cum
1070 3782 1182 3852 jam
1229 3795 1362 3836 usus
1393 3780 1610 3835 artificii
1647 3780 1809 3835 istius

228 3875 342 3930 fere
400 3875 463 3928 in
514 3871 759 3927 Ecclesia
808 3872 1100 3941 coepisset,
1154 3871 1359 3941 placuit
1403 3885 1577 3926 annos
1621 3869 1810 3924 mundi

227 3966 306 4018 sic
338 3964 409 4019 ad
445 3963 698 4021 eumdem
731 3970 936 4033 aptare,
992 3970 1052 4016 ut
1101 3960 1277 4018 divisa
1311 3977 1523 4018 summa
1573 3977 1668 4031 per
1717 3976 1810 4031 cy-

225 4058 444 4111 clorum
498 4053 805 4128 periodum,
856 4054 1112 4126 proprius
1141 4053 1268 4107 anni
1309 4054 1576 4123 cujusque
1621 4053 1808 4123 cyclus

223 4150 545 4205 exsisteret.
577 4147 747 4216 Quem
783 4148 836 4200 in
873 4147 1032 4202 finem
1069 4146 1265 4219 partim
1303 4159 1570 4200 annorum
1603 4144 1811 4215 aliquot

225 4240 573 4296 detractione
614 4240 699 4294 vel
750 4238 1054 4303 additione,
1103 4237 1313 4308 priores
1359 4244 1646 4306 computos
1708 4235 1810 4290 im-
1854 4258 1860 4264 -

226 4337 558 4396 mutarunt;
613 4330 806 4401 partim
856 4329 924 4383 iis
967 4328 1216 4392 retentis,
1265 4325 1700 4380 lncarnationem
1743 4340 1809 4379 ac

1925 515 2028 570 lem
2087 516 2295 587 cyclum
2340 516 2574 572 instituit
2624 532 2890 572 annorum
2938 534 3273 585 ccccxxxvu,
3329 523 3490 591 cujus

1923 613 2138 661 centum
2199 607 2410 676 priores
2477 624 2647 664 annos
2705 609 3012 678 descripsit,
3068 627 3228 668 orsus
3282 627 3311 666 a
3358 627 3491 666 con-

1923 697 2101 752 sulatu
2162 695 2404 752 Gratiani
2447 716 2480 757 v
2544 708 2597 755 et
2659 699 2947 756 Theodosii
3000 702 3201 773 impp.,
3255 706 3347 773 qui
3401 711 3488 758 est

1923 802 2099 842 annus
2126 803 2246 842 arras.
2275 788 2607 846 Christianae
2642 805 2905 857 ccccxxx,
2938 793 3092 863 cyclo
3134 794 3274 847 lunae
3300 793 3342 846 Ι.
3388 793 3490 848 Hic

1922 896 2098 937 annus
2141 897 2207 936 ex
2243 881 2485 937 Africani
2529 884 2738 939 calculo
2782 885 3077 954 putabatur
3119 887 3187 940 ab
3235 887 3488 940 lncarna-

1923 975 2072 1028 tione
2120 989 2426 1038 ccccxxxu,
2464 975 2531 1029 ab
2571 975 2778 1029 Adamo
2821 975 2960 1031 5882
3001 976 3116 1044 (lib.
3160 992 3198 1029 ιι
3236 975 3312 1030 De
3343 977 3487 1030 doct.

1922 1074 2103 1134 temp.,
2138 1079 2258 1134 cap.
2297 1063 2502 1135 LXIX).
2542 1064 2742 1120 Divisis
2773 1065 2913 1120 5882
2937 1081 3035 1134 per
3070 1065 3137 1120 19
3163 1066 3487 1135 relinquun-

1921 1164 2012 1211 tur
2043 1157 2106 1221 ll,
2139 1157 2289 1226 atqui
2318 1157 2338 1209 l
2372 1156 2651 1212 residuum
2684 1173 2804 1213 esse
2833 1157 3069 1212 methodi
3098 1158 3372 1228 paschalis
3401 1160 3487 1213 in-

1921 1258 2143 1306 tererat.
2177 1249 2500 1306 Panodorus
2536 1267 2664 1321 ergo
2705 1251 2890 1306 decem
2925 1251 3203 1318 detractis,
3235 1252 3487 1307 eumdem

1922 1340 2074 1394 illum
2134 1356 2339 1394 annum
2387 1341 2698 1395 numeravit
2750 1341 2818 1394 ab
2868 1341 3000 1395 orbe
3055 1341 3276 1396 condito
3320 1340 3480 1402 5872,

1921 1431 2119 1502 quibus
2145 1448 2240 1502 per
2276 1432 2343 1485 19
2371 1432 2604 1502 partitis,
2635 1431 2822 1502 cyclus
2849 1432 2938 1486 ille
2967 1432 3108 1486 lunae
3133 1433 3359 1500 primus,
3389 1433 3483 1502 qui

1921 1524 2286 1592 quaerebatur,
2333 1524 2568 1578 exsistit.
2621 1521 2889 1579 Praeterea
2933 1521 3364 1578 lncarnationem
3419 1539 3486 1577 ac

1920 1613 2160 1669 Natalem
2208 1614 2407 1668 Christi
2439 1614 2657 1669 biennio
2687 1613 2946 1668 subduxit
2983 1615 3052 1669 ab
3075 1613 3316 1669 Africani
3343 1629 3479 1684 epo-

1920 1707 2056 1778 cha;
2093 1713 2146 1760 et
2177 1706 2232 1760 in
2263 1721 2466 1760 annum
2497 1705 2722 1776 redegit,
2753 1709 2845 1777 qui
2885 1706 3298 1762 trecentesimus
3327 1715 3483 1760 octo-

1917 1799 2155 1868 gesimus
2177 1805 2323 1853 retro
2345 1797 2638 1866 putabatur
2661 1798 2730 1851 ab
2758 1797 2981 1852 exordio
3011 1797 3148 1868 cycli
3172 1796 3480 1866 Theophili.

1918 1887 1977 1942 Si
2007 1905 2186 1944 annus
2219 1887 2360 1942 5872
2405 1887 2590 1942 mundi
2642 1887 3062 1942 trecentesimus
3112 1887 3487 1956 octogesimus

1916 1978 2190 2032 secundus
2222 1977 2510 2032 haberetur
2553 1977 2622 2030 ab
2655 1977 2936 2031 incarnato
2983 1976 3230 2039 Domino,
3268 1977 3482 2031 caderet

1915 2065 2222 2124 lncarnatio
2251 2068 2306 2122 in
2353 2083 2552 2123 annum
2600 2069 2669 2123 ab
2715 2067 2922 2122 Adamo
2951 2068 3108 2122 5491.
3162 2068 3483 2123 Panodorus

1915 2162 2094 2213 autem
2127 2173 2250 2215 eum
2283 2174 2484 2213 annum
2513 2161 2724 2229 putavit
2758 2159 2916 2214 5495.
2948 2158 3114 2230 Igitur
3139 2159 3351 2230 primus
3373 2165 3482 2213 ’³η-

1915 2267 2017 2306 nus
2043 2252 2180 2324 cycli
2224 2250 2531 2321 Theophili,
2563 2266 2684 2305 aarae
2714 2249 3111 2306 lncarnationis
3138 2253 3206 2307 ab
3235 2251 3327 2306 illo
3371 2268 3479 2305 nu-

1912 2347 2154 2396 meratus
2202 2348 2288 2396 est
2328 2341 2746 2396 trecentesimus
2795 2341 3198 2409 octogesimus:
3231 2355 3350 2410 quae
3395 2348 3482 2396 est.

1911 2430 2141 2500 insignis
2170 2431 2479 2486 observatio
2499 2431 2781 2487 vetustatis
2807 2446 2930 2485 aera:
2959 2430 3282 2493 communis,
3314 2445 3480 2500 quam

1912 2519 2295 2590 Dionysianam
2340 2520 2646 2583 nominant,
2693 2533 3002 2590 quanquam
3044 2533 3153 2572 uno
3201 2533 3344 2572 anno
3387 2516 3478 2572 ln-

1911 2611 2284 2667 carnationem
2333 2613 2757 2675 antevertimus,
2804 2625 2871 2666 eo
2919 2609 3062 2680 quod
3111 2624 3218 2664 aera
3274 2609 3478 2664 Christi

1910 2720 2019 2760 non
2052 2703 2480 2760 lncarnationem
2509 2705 2737 2759 includit
2775 2705 2983 2774 ipsam;
3027 2702 3122 2758 sed
3159 2717 3187 2755 a
3217 2701 3480 2758 Kalendis

1909 2791 2184 2849 Ianuariis
2223 2795 2486 2863 proximis
2532 2809 2562 2847 a
2613 2792 2790 2848 Natali
2829 2792 3036 2862 incipit.
3105 2790 3475 2846 Nihilominus

1911 2887 2185 2940 luculenta
2247 2894 2332 2940 est
2380 2887 2491 2940 lucc
2550 2885 2759 2939 notatio
2812 2884 3050 2954 vulgaris
3098 2897 3258 2947 terte;
3314 2896 3475 2950 quam

1910 2976 2222 3045 chronologi
2277 2975 2496 3043 quidam
2554 2973 2890 3028 recentiores
2951 2980 3010 3026 ut
3059 2972 3286 3027 minime
3335 2971 3477 3025 anti-

1835 3099 1876 3152 C
1911 3081 2096 3138 quam,
2123 3074 2177 3120 et
2204 3083 2232 3119 a
2261 3065 2518 3136 Dionysio
2560 3066 2790 3132 primum
2824 3063 3033 3134 Exiguo
3073 3071 3342 3132 repertam
3376 3062 3477 3116 im-

1915 3163 2287 3229 pune.vexant
2317 3171 2380 3210 ac
2407 3156 2644 3210 ludibrio
2675 3156 2894 3209 habent.
2923 3154 3027 3210 Sed
3056 3156 3176 3225 ejus
3200 3163 3476 3210 auctorem

1913 3250 2105 3305 saltem
2150 3246 2493 3303 Panodorum
2540 3247 2711 3302 fuisse
2761 3261 2829 3301 ex
2875 3261 2940 3302 eo
2986 3246 3279 3310 vincimus,
3328 3245 3474 3315 quod

1912 3339 2175 3410 Georgius
2226 3337 2510 3410 Syncellus
2551 3338 2983 3392 lncarnationem
3035 3336 3242 3404 Christi
3283 3337 3477 3391 abillo

1911 3431 2139 3484 relatam
2167 3427 2366 3482 astruit
2396 3427 2451 3480 iu
2477 3441 2678 3480 annum
2709 3427 2899 3480 mundi
2923 3427 3094 3493 5495;
3124 3442 3282 3496 quem
3315 3427 3477 3496 ipsis-

1914 3519 2110 3574 simum
2151 3533 2274 3572 esse
2305 3517 2540 3586 primum
2570 3533 2692 3571 atrae
2723 3517 3028 3572 communis
3073 3531 3195 3588 cap.
3227 3515 3476 3586 sequenti

1913 3608 2428 3672 demonstrabimus,
2461 3608 2554 3661 ubi
2581 3607 2796 3678 Georgii
2823 3607 3181 3678 fragmentum
3210 3607 3339 3661 illud
3380 3621 3477 3661 ex-

1914 3702 2238 3759 scribemus.
2270 3701 2457 3756 Annos
2497 3699 2636 3754 5495
2665 3701 2708 3754 si
2736 3715 2832 3770 per
2859 3700 2925 3754 19
2955 3700 3210 3766 partiare,
3254 3699 3311 3752 lit
3333 3699 3477 3753 iuuat

1913 3795 2099 3867 cyclus
2129 3793 2184 3857 2,
2234 3793 2328 3862 qui
2358 3792 2580 3862 perinde
2607 3807 2750 3846 anno
2792 3791 2970 3861 primo
2998 3790 3205 3846 Christi
3244 3789 3476 3844 nostrati

1912 3887 2184 3958 congruit.
2230 3884 2305 3938 Ex
2342 3884 2444 3938 hac
2473 3882 2744 3937 Panodori
2793 3881 3226 3936 conformatione
3277 3879 3477 3934 accidit

1912 3987 1970 4032 ut
2000 3986 2288 4048 computus
2310 3976 2412 4031 iste
2445 3989 2635 4030 recens
2662 3975 2730 4029 ab
2758 3974 2891 4028 orbe
2913 3972 3134 4028 condito
3159 3981 3284 4026 octo
3315 3970 3476 4024 annis

1913 4072 2092 4126 minor
2117 4078 2265 4125 esset
2314 4068 2498 4139 priore
2531 4067 2644 4131 illo,
2681 4067 2774 4135 qui
2803 4065 2908 4120 fuit
2944 4064 3208 4119 Africani.
3238 4061 3477 4118 Tametsi

1911 4163 2053 4218 enim
2078 4161 2264 4216 decem
2287 4174 2461 4214 annos
2488 4159 2554 4213 de
2574 4171 2640 4213 eo
2663 4155 2982 4212 Panodorus
3009 4156 3266 4219 abstulit,
3295 4161 3477 4208 tamen

1912 4266 2254 4308 communem
2301 4249 2598 4304 terminum
2649 4247 2870 4302 biennio
2917 4245 3231 4302 summovit.
3277 4240 3334 4296 Si
3390 4243 3480 4296 ln-

1911 4338 2245 4397 carnationis
2263 4339 2551 4409 pristinum
2572 4352 2777 4391 annum
2799 4335 3114 4390 retinuisset
3135 4333 3202 4388 ab
3218 4332 3481 4385 Africano

227 4423 558 4478 Passionem
614 4421 818 4476 Christi
870 4422 1007 4476 alios
1058 4421 1112 4474 in
1159 4435 1355 4481 annos,
1392 4432 1557 4488 quam
1603 4418 1804 4486 quibus

1913 4433 2114 4490 editum
2136 4472 2152 4498 ,
2181 4431 2274 4502 qui
2308 4442 2392 4488 est
2421 4429 2626 4501 periodi
2658 4426 2888 4483 Iuliana:
2916 4427 3077 4490 4712,
3102 4424 3324 4480 biennio
3350 4433 3479 4478 ante

225 4507 464 4578 ascripti
510 4513 666 4560 erant
695 4506 872 4572 initio,
909 4507 1242 4576 relegarunt.
1296 4502 1411 4558 Hoc
1442 4511 1500 4557 ut
1538 4503 1803 4572 paulatim

225 4601 486 4656 evenisse
519 4598 833 4668 conjectura
866 4605 1053 4655 nostra
1094 4598 1216 4665 fert,
1247 4596 1521 4668 explicare
1548 4594 1804 4666 deinceps

231 4692 542 4762 aggrediar.

303 4805 590 4874 Princeps,
642 4812 906 4874 quantum
952 4804 1220 4874 suspicari
1272 4803 1418 4865 licet,
1468 4801 1522 4855 in
1572 4801 1804 4872 [Egypto

232 4894 578 4958 Panodorus,
614 4909 737 4949 cum
769 4893 1226 4950 animadverteret
1276 4908 1448 4949 annos
1497 4893 1566 4947 ab
1596 4892 1804 4945 Adamo

232 5000 298 5040 ex
343 4985 585 5039 Africani
621 4985 889 5040 sententia
920 4984 1201 5050 collectos,
1239 4984 1288 5039 si
1340 4998 1434 5054 per
1486 4981 1552 5036 19
1597 4979 1804 5035 divide-

234 5082 444 5138 rentur,
477 5090 820 5145 nequaquam
854 5075 1122 5130 labentem
1165 5075 1306 5130 lunze
1326 5075 1540 5146 cyclum
1567 5071 1799 5137 elIicere,

236 5181 345 5221 non
373 5166 640 5221 dubitavit
669 5167 951 5237 captanda;
978 5166 1397 5237 opportunitatis
1425 5165 1578 5221 illius
1605 5165 1799 5236 gratia,

239 5270 443 5323 paucos
494 5269 668 5311 annos
731 5270 762 5309 e
829 5271 1040 5310 summa
1096 5254 1406 5326 decerpere.
1467 5254 1588 5310 Jam
1657 5255 1805 5310 enim

242 5344 728 5399 Alexandrinorum
752 5345 962 5400 lunaris
985 5346 1170 5411 cyclus
1199 5347 1616 5415 percrebuerat;
1648 5344 1740 5415 qui
1774 5360 1803 5399 a

241 5435 482 5502 paschali
524 5435 636 5490 fere
667 5451 853 5491 mense
884 5451 1107 5491 sumens
1141 5437 1378 5500 initium,
1423 5437 1565 5492 idem
1595 5445 1712 5493 erat
1739 5452 1804 5492 ac

240 5533 446 5590 noster,
497 5527 601 5580 hoc
629 5535 714 5582 est
753 5529 964 5598 primus
1010 5529 1174 5582 unius
1223 5528 1432 5598 primus
1464 5529 1650 5585 itidem
1685 5537 1803 5584 erat

241 5616 467 5674 alterius
504 5637 517 5674 :
554 5618 991 5689 quandoquidem
1020 5620 1294 5690 paschalis
1325 5623 1503 5676 omnis
1532 5621 1802 5678 Romano-

247 5721 368 5762 rum
406 5709 690 5768 mcthodus
715 5710 782 5767 ab
823 5709 1315 5768 Alexandrinorum
1347 5719 1430 5768 est
1461 5711 1605 5770 fonte
1631 5712 1818 5794 dedu-m

1906 4526 2170 4597 epocham
2211 4531 2490 4588 nostram;
2525 4536 2702 4576 annus
2745 4519 2956 4591 primus
2996 4517 3134 4589 cycli
3162 4514 3474 4585 Theophili,

1910 4615 2117 4670 Christi
2169 4613 2306 4678 580,
2358 4611 2554 4668 fuisset
2604 4625 2725 4665 aera:
2765 4607 3165 4664 lncarnationis
3204 4605 3477 4660 Panodori

1883 4707 2046 4778 ~582;
2079 4704 2266 4759 mundi
2294 4703 2456 4758 5872.
2496 4702 2707 4757 Ablatis
2737 4702 2896 4755 anuis
2916 4699 3021 4754 582
3045 4697 3113 4753 de
3143 4696 3302 4760 5872,
3337 4695 3476 4751 resi-

1904 4800 1996 4854 dui
2029 4805 2157 4852 sunt
2203 4795 2360 4851 5490.
2410 4794 2549 4864 Ergo
2601 4808 2779 4848 annus
2831 4792 2963 4846 5491
3017 4797 3163 4845 esset
3220 4788 3476 4842 lncarna-

1904 4890 2069 4945 tionis
2122 4904 2320 4943 annus.
2376 4887 2522 4942 Idem
2586 4886 2794 4956 primus
2862 4881 3146 4952 Theophili
3194 4895 3370 4935 annus
3407 4895 3477 4934 ex

1906 4981 2150 5036 Africani
2194 4988 2451 5049 computo
2498 4986 2616 5033 erat
2645 4977 2715 5032 ab
2745 4975 2954 5031 Adamo
2991 4974 3151 5040 5882,
3195 4989 3226 5027 a
3266 4971 3473 5027 Christi

1907 5072 2289 5128 lncarnatione
2335 5070 2460 5125 582.
2509 5068 2805 5125 Subductis
2847 5067 2951 5122 582
2980 5066 3048 5123 de
3081 5065 3240 5130 5882,
3275 5062 3473 5134 reliqui

1907 5171 2035 5220 sunt
2066 5163 2193 5217 anni
2219 5163 2358 5218 5500
2392 5182 2404 5217 :
2448 5161 2674 5232 proinde
2700 5157 2848 5213 'anno
2878 5159 3013 5214 5501
3041 5157 3358 5213 incarnatus
3391 5162 3477 5211 est

1905 5254 2159 5310 Christus
2196 5269 2262 5308 ex
2306 5252 2550 5306 Africani
2596 5251 2920 5306 ratiociniis.
2970 5248 3276 5305 Discrimen
3322 5262 3476 5301 com-

1907 5346 2024 5416 puti
2053 5343 2214 5413 hujus
2249 5351 2304 5398 et
2343 5344 2588 5406 alterius,
2625 5345 2754 5398 anni
2789 5342 2876 5396 10.
2913 5339 3115 5397 Verum
3153 5338 3474 5394 Panodorus

1906 5437 2150 5500 biennio,
2185 5443 2246 5490 ut
2287 5435 2490 5489 dictum
2531 5443 2635 5499 est,
2664 5433 3102 5488 lncarnationem
3137 5429 3470 5485 descendere

1902 5530 2068 5600 jussit
2112 5529 2178 5584 ad
2228 5545 2427 5584 annum
2461 5529 2601 5583 5495
2629 5545 2644 5582 :
2675 5528 2819 5583 unde
2866 5537 2988 5582 octo
3033 5538 3300 5579 annorum
3332 5523 3473 5577 dun-

1907 5630 2056 5677 taxat
2095 5622 2235 5677 inter
2267 5631 2556 5691 utrumque
2594 5627 2721 5674 nata
2753 5618 3052 5674 diﬂ'erentia
3091 5625 3197 5671 est.
3231 5614 3469 5671 Accessit

1911 5713 1976 5770 ad
2011 5730 2129 5772 eam
2158 5715 2301 5787 cycli.
2327 5710 2538 5770 lunaris
2568 5713 3052 5784 opportunitatem,
3075 5719 3129 5770 et
3158 5708 3468 5770 indietionir
