3948 6264
455 278 592 329 M07

1464 274 1555 328 AD
1595 271 1865 329 EUSEBII
1904 268 2297 329 CllBONlCON
2335 268 2695 323 APPENDIX.

448 404 604 445 usus.
644 386 777 442 Nam
813 386 1023 443 unitate
1063 386 1269 451 addita,
1307 394 1363 442 et
1402 402 1613 442 summa
1643 403 1741 458 per
1786 386 1853 441 l5
1891 402 2016 457 par-
2050 391 2092 446 Α
2120 384 2269 453 quod
2297 393 2489 439 neuter
2520 384 2735 438 illorum
2782 382 3039 440 instituit.
3089 379 3224 434 Hinc
3266 385 3495 449 apparet
3537 389 3699 434 recte

449 484 569 537 tira.
607 480 825 549 propria
857 480 1125 551 cujusque
1160 480 1289 533 anni
1325 479 1554 534 habetur
1590 478 1837 533 indictio.
1875 477 2018 532 Anni

448 567 590 624 5072
621 583 718 637 per
758 568 826 623 15
852 569 1131 623 distributi
1181 570 1501 639 relinquunt
1532 568 1582 623 7.
1630 566 1830 622 Verum
1876 581 2021 621 anno

447 657 656 715 Christi
683 658 789 714 580
813 658 1038 715 indictio
1074 658 1176 713 fuit
1206 660 1274 715 8:
1312 661 1494 716 unitas
1516 674 1645 730 ergo
1674 657 1895 728 adjungi
1927 658 2022 713 de-

447 752 541 808 bet
566 751 634 806 ad
665 768 976 807 numerum.
1009 751 1166 818 Quod
1189 753 1236 809 si
1262 767 1464 807 annum
1493 752 1735 807 Africani
1758 750 1900 806 5882
1927 764 2037 821 per.

360 878 361 883 η
452 841 520 896 15
551 841 845 906 divideres,
894 841 1124 897 indictio
1171 843 1208 897 2
1253 844 1588 913 proveniret,
1637 856 1760 913 quae
1809 840 2023 911 longius

449 933 607 987 abest
637 932 708 987 ab
745 947 829 991 ea.
861 948 981 1003 qua:
1014 942 1128 988 tum
1164 934 1476 1004 putabatur.
1516 932 1878 1000 Quamobrem
1912 947 2022 986 non

449 1024 634 1079 minus
668 1024 1010 1087 indictionis,
1055 1039 1220 1095 quam
1250 1026 1388 1097 cycli
1421 1025 1630 1079 lunaris
1664 1023 2024 1079 commoditas

451 1112 798 1170 Pauodorum
833 1116 1071 1186 impulit,
1116 1124 1177 1170 ut
1208 1116 1455 1170 Africani
1495 1124 1813 1187 computum
1854 1115 2026 1169 inter-

452 1206 684 1276 polaret.
735 1204 794 1259 Si
826 1206 1045 1274 quidem
1080 1204 1400 1262 indictionis
1443 1221 1578 1261 usus
1621 1222 1719 1276 per
1759 1206 1852 1261 illa
1888 1216 2026 1261 tem-

453 1311 588 1366 pora
614 1297 988 1353 vehementius
1016 1297 1422 1354 increbrescere
1451 1299 1637 1370 C(Bpit,
1656 1307 1717 1352 ut
1743 1306 1826 1354 est
1855 1299 1909 1353 in
1930 1299 2025 1353 lib.

452 1386 524 1442 XI
545 1389 621 1443 De
636 1388 881 1443 doctrina
903 1400 1211 1458 temporum,
1244 1404 1367 1460 cap.
1397 1389 1533 1467 XLI.
1741 1456 1748 1463 η

522 1481 739 1536 Atenim
776 1496 1105 1551 persuasum
1146 1481 1249 1537 hoc
1282 1482 1561 1552 plerisque
1590 1480 1715 1545 fuit,
1749 1479 2027 1536 Christum

456 1573 746 1626 Dominum
780 1580 834 1628 et
863 1572 1041 1627 Martii
1072 1589 1233 1641 xxm,
1258 1581 1312 1629 et
1343 1575 1474 1628 luna
1500 1589 1592 1627 xtv
1635 1573 1717 1629 vel
1748 1589 1836 1634 xv,
1865 1572 1916 1627 id
1942 1579 2028 1627 est

454 1664 774 1734 plenilunio,
803 1680 927 1720 esse
958 1680 1204 1736 passum,
1246 1666 1300 1720 id
1333 1674 1418 1721 est
1445 1673 1499 1721 in
1535 1665 1804 1721 Paschate
1836 1664 2027 1720 Judai-

453 1771 539 1819 co,
576 1754 755 1809 Martii
804 1770 936 1811 vero
985 1773 1092 1812 xxv
1139 1760 1516 1814 resurrexisse
1558 1776 1571 1814 :

456 1847 592 1901 l‘eria
622 1863 699 1912 vt,
736 1847 841 1903 hoc
872 1855 1052 1903 autem
1088 1848 1222 1905 feria
1252 1867 1269 1904 ι
1298 1850 1595 1921 contigisse
1625 1858 1777 1905 extra
1804 1858 2029 1905 contro-

455 1940 692 1994 versiam
730 1948 836 1996 est.
883 1939 1038 2007 Quod
1069 1941 1246 1995 Martii
1293 1956 1429 1996 xxnt
1461 1956 1684 2012 passum
1721 1958 1845 1998 esse
1874 1943 2033 1997 Chri-

459 2041 604 2088 stum
630 2032 803 2089 Grzeci
824 2037 1168 2107 compulistae
1197 2034 1553 2098 crediderint,
1578 2045 1900 2107 argumento
1921 2042 2027 2099 est.

459 2124 604 2194 quod
665 2125 953 2191 Maximus,
997 2126 1285 2198 Georgius,
1329 2126 1658 2182 'Chronicon
1706 2116 2032 2183 Alexandri-

457 2232 612 2280 num,
632 2215 934 2282 Cedrenus,
960 2226 1014 2273 et
1030 2219 1133 2272 'alii
1164 2218 1476 2289 complures
1500 2219 1572 2273 ita
1599 2218 1858 2273 sentiunt.
1885 2217 2030 2284 Quin

455 2307 622 2362 etiam
659 2308 996 2365 Caesariense
1027 2310 1344 2372 concilium,
1385 2310 1532 2379 quod
1585 2309 1802 2366 Victore
1852 2311 2033 2380 ponti-

455 2398 559 2454 ﬁce
583 2401 731 2454 circa
765 2416 969 2456 annum
1014 2402 1219 2458 Christi
1264 2401 1499 2458 CXCVII
1542 2402 1876 2458 celebratum
1924 2408 2030 2466 est,

456 2491 562 2545 hoc
587 2491 766 2561 ipsum
795 2492 1005 2548 deliniit
1036 2478 1130 2548 lib.
1161 2492 1258 2546 ΧΠ
1278 2493 1357 2548 De
1384 2493 1525 2548 doct.
1562 2503 1718 2563 temp.
1748 2508 1893 2563 cap.,
1916 2490 2030 2545 XII.

460 2581 733 2648 Quocirca
778 2584 884 2638 tria
923 2585 1038 2640 haec
1084 2584 1142 2639 in
1191 2586 1441 2641 eumdem
1492 2586 1841 2641 concurrisse
1888 2587 2031 2641 diem

459 2675 638 2731 Martii
670 2691 806 2731 χχιιι
846 2678 1093 2732 arbitrati
1126 2687 1274 2744 sunt,
1307 2678 1498 2734 feriam
1529 2695 1605 2741 vl,
1642 2688 1695 2733 et
1721 2679 1905 2733 lunam
1930 2695 2031 2745 xv;

457 2783 563 2823 nec
590 2784 698 2822 non
729 2769 1031 2840 legitimum
1059 2770 1237 2825 aetatis
1268 2770 1513 2835 modum,
1552 2778 1610 2825 ut
1647 2787 1820 2825 χχχιιι
1858 2786 2034 2825 annos

459 2860 681 2914 circiter
728 2861 904 2915 aetatis
949 2862 1220 2916 haberet:
1257 2862 1513 2930 quoniam
1566 2862 1840 2916 tricesimo
1890 2876 2034 2915 anno

457 2950 770 3019 baptizatus
812 2959 932 3015 est,
984 2966 1048 3005 ac
1100 2953 1201 3005 tria
1249 2950 1445 3005 deinde
1490 2950 1758 3005 Paschata
1803 2954 2031 3021 peregit.

458 3038 671 3103 Quibus
705 3040 958 3093 omnibus
999 3040 1337 3094 commodior
1370 3040 1556 3095 nullus
1584 3042 2031 3096 annus'inveniri

458 3131 659 3199 potuit.
678 3146 841 3200 quam
872 3131 963 3199 qui
985 3146 1105 3184 terte
1125 3131 1436 3186 communis
1450 3134 1685 3191 est‘xLu.
1708 3142 1763 3187 et
1786 3133 1840 3186 in
1862 3132 2039 3188 Pano-

460 3219 581 3274 dori
608 3230 865 3290 computo
896 3221 1038 3277 5555
1060 3223 1268 3288 exiens,
1293 3224 1578 3293 iniensque
1598 3224 1757 3289 555$,
1785 3224 2039 3296 idemque

463 3313 533 3367 ab
551 3311 952 3378 lncarnatione,
973 3314 1273 3370 secundum
1290 3314 1656 3380 Panodorum,
1673 3307 1760 3371 12.
1779 3316 1913 3372 Nam
1937 3317 2040 3373 hoc

464 3417 609 3456 anno
648 3402 836 3472 cyclus
867 3412 986 3457 erat
1041 3404 1174 3459 solis
1220 3403 1502 3462 Remanus
1559 3422 1716 3472 xxtu,
1748 3408 1926 3462 littera
1971 3407 2036 3476 G,

467 3495 808 3583 proindeque
844 3497 1025 3552 Martii
1051 3496 1185 3553 feria
1216 3515 1290 3567 γι,
1316 3506 1371 3554 et
1394 3499 1567 3554 Martii
1593 3517 1700 3556 xxv
1733 3500 2038 3567 Dominica,

463 3589 652 3660 cyclus
673 3589 815 3643 lunae
843 3589 1266 3659 Alexandrinus,
1294 3599 1349 3646 et
1374 3590 1654 3649 Romanus
1686 3592 1790 3648 fuit
1819 3611 1872 3659 v,
1906 3610 2039 3650 neo-

466 3680 644 3735 menia
677 3680 893 3736 Nicaana
918 3682 1097 3735 Martii
1129 3699 1182 3737 Ix
1212 3692 1266 3738 et
1293 3699 1452 3747 xxtn,
1486 3684 1614 3739 luna
1641 3700 1729 3740 xv.
1761 3683 1904 3756 Ergo
1932 3702 2042 3742 non

465 3772 785 3826 dubitarunt
821 3773 912 3826 illo
934 3786 1077 3827 anno
1109 3762 1424 3842 passionem
1453 3773 1745 3831 accidisse.
1778 3774 1850 3830 Ut
1877 3776 2044 3848 igitur

466 3863 786 3918 tricesimus
804 3863 894 3917 hic
914 3871 966 3918 et
988 3865 1206 3932 tertius,
1226 3866 1309 3920 vel
1333 3873 1561 3937 quartus
1582 3868 1757 3924 aetatis
1786 3879 1932 3925 esset
1954 3887 2044 3926 an-

468 3969 575 4007 nus
594 3954 817 4023 patienti
840 3953 1082 4021 Christo,
1107 3958 1512 4013 constituerunt
1529 3974 1673 4015 anno
1693 3964 1933 4033 computi
1953 3962 2047 4017 Pa-

473 4045 667 4098 nodori
703 4045 834 4101 5501
872 4048 1217 4102 incarnatum
1251 4064 1372 4105 esse
1404 4049 1716 4119 Christum;
1755 4068 1877 4108 terte
1929 4055 2047 4107 vul—

471 4140 615 4208 geris
631 4155 794 4200 nono,
811 4139 1019 4209 periodi
1037 4138 1267 4196 Iuliana:
1286 4141 1450 4197 4722.
1475 4142 1550 4198 De
1570 4159 1676 4214 qua
1700 4144 1917 4200 illorum
1937 4146 2046 4216 opi-

474 4229 654 4289 nione.
690 4236 744 4284 et
776 4231 1129 4301 clironoIOgia
1159 4232 1225 4285 ad
1255 4229 1637 4302 Fragmentum
1665 4232 1882 4305 Georgii
1909 4233 2048 4307 Syn-

472 4317 591 4372 cclli
606 4318 971 4388 disputabitur
984 4321 1158 4389 capite
1171 4320 1581 4395 sequentiﬁuic
1596 4324 1808 4379 illorum
1823 4327 2052 4396 castiga-

2117 491 2220 530 nos
2244 476 2420 546 capite
2451 475 2468 529 l
2497 475 2780 536 docuisse,
2816 472 3313 543 computum'hunc
3344 473 3606 527 annalem
3638 478 3698 525 et

2117 564 2582 629 Alexandrinum,
2632 564 2765 618 nihil
2804 579 2836 618 a
2869 562 3139 618 Panodori
3179 570 3440 632 computo
3482 562 3695 616 discre-

2119 670 2271 727 pare,
2302 656 2347 712 si
2381 656 2447 710 ad
2480 671 2652 712 annos
2681 656 2871 710 Adami
2914 657 2991 711 vel
3014 655 3199 710 mundi
3237 655 3528 724 respicias.
3550 652 3691 708 Tum

2121 749 2176 803 id
2204 755 2453 815 constat;
2500 750 2729 803 multum
2764 749 2908 804 hunc
2932 749 3000 803 ab
3027 763 3135 803 atra
3179 747 3426 802 Africani
3461 762 3589 803 esse
3609 747 3697 801 di-

2121 856 2361 896 versum.
2380 841 2645 908 Quocirca
2668 843 2813 912 quod
2835 844 2887 897 in
2909 841 2981 897 1x
3001 842 3077 897 De
3101 843 3345 897 doctrina
3369 853 3697 912 temporum,

2122 950 2243 1006 cap.
2267 933 2334 989 iV
2354 935 2612 1000 diximus,
2642 951 2709 990 ex
2744 935 2919 992 tribus
2942 936 3174 1004 vulgatis
3199 935 3517 992 Graecorum
3544 952 3699 991 com-

2124 1026 2290 1095 putis,
2325 1024 2664 1094 antiquitatis
2690 1026 2923 1096 palmam
2957 1026 3007 1081 ei
3039 1025 3249 1090 deberi,
3279 1027 3375 1098 qui
3408 1027 3479 1081 ad
3504 1025 3699 1081 lucar-

2126 1119 2397 1174 nationem
2429 1118 2633 1174 Christi
2676 1126 2926 1173 numerat
2975 1119 3254 1174 absolutos
3300 1135 3482 1176 annos
3527 1120 3700 1186 5500,

2123 1207 2232 1262 late
2266 1206 2321 1260 id
2355 1207 2731 1277 accipiendum
2764 1216 2877 1274 est;
2913 1214 2967 1264 et
3012 1208 3261 1274 καθόλου,
3319 1210 3369 1265 si
3420 1226 3702 1266 annorum

2125 1299 2503 1354 tantummodo
2560 1314 2773 1356 summa
2832 1307 3149 1371 spectetur,
3204 1302 3513 1373 cujusmodi
3571 1318 3704 1359 eam

2126 1386 2420 1443 Africanus
2453 1388 2711 1443 instituit.
2748 1384 2845 1443 Sin
2872 1404 2939 1445 eo
2966 1390 3131 1446 modo
3156 1391 3558 1459 consideretur,
3586 1409 3708 1464 quo

2128 1479 2196 1533 ab
2225 1478 2576 1549 computandi
2606 1480 2882 1550 magistris
2909 1482 3315 1538 accommodata
3357 1492 3550 1554 postea
3593 1492 3705 1545 est,

2129 1587 2253 1626 cum
2287 1587 2420 1627 usus
2469 1573 2710 1629 methodi
2755 1576 3026 1646 paschalis
3072 1576 3341 1648 implexa;
3382 1577 3580 1634 eadem
3622 1585 3710 1634 est

2131 1678 2254 1718 cum
2304 1665 2395 1719 illa
2428 1664 2735 1736 Panodori;
2780 1668 2876 1727 sed
2905 1670 3025 1742 ejus
3070 1679 3154 1727 est
3194 1672 3455 1729 tractatio
3481 1670 3709 1727 confor-

1622 1753 1856 1828 quOrum
1895 1757 2029 1812 illud
2061 1728 2102 1782 Β
2134 1753 2409 1824 statioque
2438 1728 2726 1812 recentior.

2200 1928 2329 1986 Post
2364 1931 2511 2019 hung
2534 1931 2804 1989 Panodori
2839 1948 3153 2007 computum
3176 1956 3485 2010 perperam,
3526 1950 3584 1996 et
3610 1943 3707 1997 ad-

2129 2034 2323 2077 versus
2363 2021 2783 2095 Evangeliorum
2819 2027 2976 2082 ﬁdem
3013 2044 3042 2082 a
3078 2028 3281 2088 Graecis
3307 2049 3370 2087 ea
3400 2048 3571 2103 quam
3612 2050 3709 2089 ex-

2131 2115 2313 2184 posui,
2344 2116 2555 2171 ratione
2583 2117 2972 2187 depravatum,
3019 2122 3158 2176 alter
3192 2125 3546 2194 excogitatus
3586 2134 3705 2191 est;

2131 2206 2224 2276 qui
2268 2204 2371 2261 hoc
2401 2208 2623 2264 excluso
2653 2210 2856 2279 priore,
2895 2212 3155 2283 pleraque
3200 2215 3254 2269 in
3299 2218 3453 2271 omni
3494 2216 3711 2273 Graecia

2131 2309 2184 2357 et
2209 2299 2431 2358 Oriente
2463 2303 2565 2357 hac
2597 2312 2757 2361 aetate
2783 2317 3034 2377 receptus
3066 2316 3172 2364 est.
3205 2309 3303 2364 Hic
3331 2310 3400 2364 ad
3431 2309 3708 2366 Panodori

2133 2395 2395 2462 epocham
2427 2395 2525 2465 τῆς
2553 2396 3014 2468 ὲνανθρωπήσεως
3048 2415 3220 2456 annos
3250 2400 3400 2455 addit
3428 2402 3707 2467 sedecim;

2133 2485 2200 2538 ad
2230 2486 2651 2543 Alexandrinam
2705 2488 2922 2545 Maximi
2951 2500 3024 2546 tet
3073 2491 3288 2564 Georgii
3341 2509 3519 2549 annos
3559 2496 3709 2549 addit

2134 2584 2280 2640 octo,
2331 2579 2376 2632 si
2425 2579 2726 2649 simplicem
2778 2596 3048 2638 annorum
3097 2601 3384 2641 numerum
3426 2587 3703 2644 advertas.

2132 2667 2293 2733 Nam,
2329 2671 2375 2726 si
2425 2686 2605 2728 annus
2653 2673 2769 2743 ipse
2810 2682 3107 2745 spectetur,
3149 2684 3274 2733 octo
3328 2680 3458 2743 illis,
3501 2683 3705 2751 quibus

2133 2759 2559 2817 Alexandrinum
2604 2773 2921 2834 computum
2966 2781 3226 2837 superare
3265 2769 3502 2844 videtur,
3547 2774 3707 2827 annis

2135 2864 2201 2904 eo
2234 2851 2411 2904 minor
2435 2859 2519 2907 est
2557 2871 2570 2906 :
2605 2853 2709 2908 hoc
2736 2863 2822 2909 est
2853 2852 3280 2913 [incarnationem
3325 2860 3532 2915 Christi
3579 2863 3707 2917 toti-

2136 2943 2256 2997 dem
2290 2944 2448 2999 annis
2477 2945 2770 3015 anticipat;
2796 2954 2850 3002 et
2880 2962 3003 3002 cum
3033 2951 3237 3018 epocha
3272 2950 3544 3008 Panodori
3569 2970 3703 3009 con-

2137 3033 2303 3088 venit.
2328 3035 2489 3087 Anno
2519 3035 2699 3105 itaque
2729 3037 2914 3091 mundi
2944 3037 3091 3093 5509
3116 3039 3322 3096 Christi
3352 3042 3702 3115 ἑνανθρώπη-

2142 3140 2224 3176 σιν
2250 3131 2537 3196 ortumque
2566 3125 2776 3181 tribuit.
2806 3127 2976 3198 Cujus
3003 3131 3221 3200 quidem
3249 3132 3569 3188 instituendi
3589 3145 3705 3190 tres

2141 3214 2364 3270 omnino
2394 3231 2589 3272 causas
2622 3218 2899 3275 exstitisse
2933 3234 3256 3290 persuasum
3290 3222 3489 3279 habeo.
3524 3224 3711 3281 Prima

2142 3309 2264 3374 fuit,
2299 3318 2359 3364 ut
2402 3312 2558 3368 annis
2603 3328 2700 3383 per
2746 3313 2811 3368 15
2842 3315 3084 3382 tributis,
3125 3316 3261 3372 citra
3303 3318 3536 3379 unitatis
3564 3319 3710 3389 adje—

2141 3403 2398 3468 ctionem,
2440 3404 2741 3475 haberetur
2783 3406 3032 3464 indictio.
3084 3408 3284 3467 Divisis
3309 3412 3452 3468 5509
3487 3430 3588 3485 per
3620 3415 3707 3479 15,

2143 3496 2470 3566 relinquitur
2527 3496 2753 3554 indictio
2796 3497 2886 3565 Ν,
2928 3501 3107 3571 qualis
3161 3517 3303 3558 anno
3360 3506 3541 3573 primo
3589 3521 3712 3561 tera:

2143 3584 2464 3641 Christianae
2491 3585 2592 3640 fuit
2613 3607 2625 3642 :
2644 3603 2801 3657 quem
2827 3590 3196 3647 lncarnationi
3222 3592 3497 3648 dicarunt.
3525 3594 3718 3652 Altera

2145 3675 2248 3730 fiuit
2274 3677 2410 3748 cycli
2447 3675 2656 3733 Judaici
2694 3682 3081 3748 commoditas,
3116 3699 3275 3753 quem
3309 3695 3364 3740 et
3391 3684 3715 3744 Victorinus

2145 3784 2209 3821 ac
2251 3768 2430 3823 Latini
2482 3777 2535 3824 et
2585 3769 2963 3828 Occidentales
3017 3776 3261 3844 plerique
3321 3777 3498 3832 secuti
3562 3787 3710 3833 sunt.

2146 3860 2467 3931 Quanquam
2512 3863 2647 3917 nihil
2696 3873 2893 3934 praeter
2954 3867 3229 3937 cyclorum
3282 3869 3367 3924 vel
3420 3885 3712 3925 aureorum

2148 3968 2496 4008 numerorum
2529 3954 2776 4009 ordinem
2814 3956 3152 4024 expressisse
3180 3956 3398 4014 Graecos
3422 3959 3711 4025 existimo;

2146 4060 2248 4099 nec
2278 4045 2332 4099 in
2367 4043 2692 4100 celebrando
2737 4045 3003 4103 Paschate
3045 4049 3112 4103 ad
3145 4064 3241 4105 eos
3282 4066 3498 4105 errores
3530 4050 3711 4104 adhae-

2149 4138 2309 4201 sisse,
2340 4153 2478 4207 quos
2506 4139 2562 4192 in
2592 4136 2859 4193 Victorini
2893 4154 2958 4194 ac
2990 4140 3305 4195 Latinorum
3340 4152 3543 4198 sectam
3573 4159 3711 4213 prte-

2149 4234 2367 4298 postera
2409 4226 2717 4283 Judaaorum
2754 4230 2987 4286 imitatio
3018 4230 3334 4288 transfudit.
3376 4233 3575 4303 Cyclus
3611 4233 3710 4287 Ju-

2149 4320 2338 4376 daicus
2363 4335 2427 4377 ac
2442 4320 2667 4377 Latinus
2680 4323 2749 4378 ab
2762 4323 3127 4379 Alexandrino
3140 4332 3192 4379 et
3208 4322 3454 4380 Romano
3477 4327 3719 4380 ternario

473 4410 606 4464 tioni
630 4411 911 4481 sull'ragari
934 4422 1192 4482 praeterea
1211 4421 1365 4470 vetus
1384 4414 1472 4467 illa
1493 4415 1712 4470 traditio
1729 4416 2042 4482 videbatur,
2076 4433 2120 4488 υ
2150 4409 2445 4480 discrepat.
2476 4418 2538 4465 ut
2568 4413 2661 4483 qui
2700 4412 2909 4482 primus
2937 4418 3021 4468 est
3058 4411 3449 4477 Romanorum.
3495 4413 3713 4468 Latina-

471 4516 615 4557 anno
638 4504 824 4557 mundi
845 4505 976 4559 5501
1012 4505 1357 4560 incarnatum
1385 4519 1508 4561 esse
1536 4505 1813 4563 Christum
1834 4550 1849 4574 ,
1881 4524 2043 4579 quam

471 4594 766 4653 Africanus
791 4598 1115 4653 auctoritate
1139 4614 1237 4653 sua
1260 4601 1690 4658 commendarat.
1717 4602 1795 4658 Ita
1818 4619 2047 4674 prorsus

475 4688 870 4743 admirabiliter
898 4690 1144 4760 contigit,
1189 4695 1251 4743 ut
1290 4684 1358 4744 ad
1391 4705 1556 4744 teram
1585 4692 1870 4761 pristinam
1894 4709 2050 4764 spre-

474 4776 550 4833 tis
578 4776 851 4832 Panodori
883 4780 1108 4836 calculis
1136 4780 1418 4848 redirent;
1453 4788 1567 4845 aut,
1615 4789 1674 4835 ut
1711 4781 1948 4850 priorem
1982 4784 2049 4837 il-

477 4869 591 4923 lum
622 4879 935 4940 computum
985 4879 1303 4926 constanter
1327 4872 1585 4928 Ecclesia:
1611 4873 1825 4944 aliquae,
1859 4874 2050 4929 civita-

477 4970 672 5032 tesque
704 4963 1064 5032 retinuerint;
1096 4964 1356 5035 deinceps
1388 4965 1538 5019 nulla
1570 4966 1624 5020 in
1650 4981 1716 5020 eo
1746 4966 2049 5021 mutatione

482 5050 647 5118 facta,
696 5052 935 5123 epochas
983 5053 1380 5123 lncarnationis
1424 5071 1488 5111 ac
1526 5055 1805 5113 Passionis
1845 5056 2048 5111 Christi

482 5145 859 5201 tantummodo
922 5145 1307 5201 sollicitarunt.
1359 5145 1558 5202 Verum
1610 5162 1713 5202 nec
1777 5148 1833 5200 in
1890 5148 2051 5202 annis

484 5238 670 5290 mundi
697 5252 822 5291 cum
843 5236 1100 5291 Africano
1121 5279 1135 5304 ,
1169 5252 1270 5293 nec
1292 5238 1346 5292 in
1367 5237 1523 5292 annis
1542 5236 1746 5292 Christi
1771 5237 2049 5307 putandis,

486 5345 609 5383 cum
656 5327 945 5383 Panodoro
993 5331 1428 5386 consentiebant.
1482 5328 1696 5385 Etenim
1737 5344 1914 5384 annus
1962 5330 2054 5384 ille

488 5436 609 5474 uerte
634 5421 960 5476 Christianae
989 5436 1168 5475 nonus
1210 5421 1279 5475 ab
1308 5421 1568 5475 Africano
1608 5429 1927 5475 numeratus
1968 5427 2053 5474 est

489 5512 677 5566 mundi
705 5513 837 5568 5511
863 5531 878 5580 ;
909 5512 1113 5568 Christi
1143 5511 1500 5570 undecimus:
1543 5527 1575 5567 a
1613 5512 1901 5567 Panodoro
1926 5527 2054 5566 vero

491 5602 677 5656 mundi
710 5602 868 5662 550i.
898 5603 1097 5659 Christi
1136 5618 1332 5659 nonus.
1372 5602 1442 5674 At
1483 5603 1557 5657 illi
1599 5602 1808 5667 mundi,
1848 5611 1906 5655 ut
1946 5600 2053 5654 Pa-

496 5693 759 5759 nodorus,
806 5694 976 5760 5501,
1018 5694 1220 5750 Christi
1253 5710 1382 5751 vero
1429 5695 1662 5761 primum
1716 5693 2053 5752 censebant:

2150 4519 2272 4558 rum
2303 4505 2374 4559 sit
2416 4519 2584 4570 xvut;
2618 4505 2709 4574 qui
2740 4505 2955 4558 illorum
2990 4505 3222 4568 tertius,
3250 4504 3447 4559 horum
3490 4507 3565 4560 sit
3600 4522 3711 4570 xix,

2149 4601 2210 4646 ut
2238 4594 2333 4649 lib.
2368 4590 2435 4645 Vl
2466 4592 2540 4647 De
2568 4593 2810 4646 doctrina
2838 4604 3129 4663 temporum
3174 4593 3426 4664 pluribus
3462 4597 3713 4664 exposui-

2149 4699 2304 4751 mus;
2339 4684 2637 4754 prtesertim
2673 4685 2850 4753 capite
2886 4682 2953 4748 V,
3002 4683 3095 4739 ubi
3140 4687 3384 4740 numeris
3429 4685 3713 4739 amborum

2150 4774 2333 4829 aureis
2354 4772 2663 4829 Kalendarii
2687 4772 2920 4828 Romani
2946 4772 3064 4829 dies
3082 4774 3338 4842 utrinque
3368 4773 3709 4843 stipavimus.

2150 4864 2231 4920 lbi
2256 4866 2323 4918 ad
2351 4860 2930 4919 Kalcndaslanuarias
2962 4863 3239 4918 Romanus
3263 4878 3526 4917 numerus
3552 4863 3711 4916 ascri-

2151 4964 2277 5028 ptus
2321 4966 2404 5012 est
2445 4971 2530 5021 ιιι,
2584 4955 2905 5010 Latinorum
2953 4973 3069 5011 xix.
3118 4955 3399 5026 Ejusmodi
3437 4956 3710 5026 cyclorum

2152 5049 2294 5103 ratio
2338 5047 2393 5101 in
2433 5056 2711 5116 postremo
2740 5048 2834 5102 illo
2865 5056 3120 5117 computo
3149 5047 3327 5102 locum
3363 5046 3546 5100 habet.
3581 5044 3708 5099 Nam

2152 5138 2345 5194 divisis
2370 5138 2509 5194 5509
2530 5154 2625 5208 per
2649 5138 2737 5204 19,
2764 5145 2969 5192 restant
2990 5138 3077 5201 18,
3104 5138 3194 5208 qui
3216 5136 3478 5192 Iudaicus
3508 5136 3706 5207 cyclus,

2152 5238 2206 5285 et
2232 5228 2459 5284 Latinus
2490 5236 2607 5283 erat
2639 5243 2781 5282 anno
2810 5227 3226 5289 lncarnalionis,
3263 5226 3378 5281 sive
3410 5223 3709 5284 communis

2153 5335 2273 5374 terte
2302 5320 2476 5389 primo
2504 5339 2517 5373 :
2550 5318 2618 5373 ad
2651 5334 2809 5389 quem
2855 5319 3032 5373 tribus
3072 5316 3319 5386 adjectis,
3361 5315 3594 5369 efﬁcitur
3615 5329 3701 5367 au-

2154 5428 2281 5469 reus
2315 5427 2576 5467 numerus
2603 5410 3094 5467 Alexandrinorum
3125 5410 3182 5472 2,
3216 5409 3310 5478 qui
3343 5407 3595 5463 eumdem
3622 5421 3709 5459 au-

2155 5519 2283 5558 num
2318 5513 2566 5574 occupat.
2604 5502 2694 5558 Sic
2726 5518 2870 5557 anno
2902 5501 3106 5557 Christi
3144 5501 3282 5555 1375
3310 5514 3509 5554 aureus
3535 5508 3709 5550 nume-

2155 5611 2249 5650 rus
2297 5595 2697 5651 Alexandrinus
2746 5606 2862 5649 erat
2906 5609 2980 5647 vl.
3030 5592 3184 5646 llnnc
3244 5605 3445 5643 annum
3500 5584 3723 5642 lsaac'rs'

2156 5698 2400 5744 numerat
2433 5687 2588 5741 istius
2617 5701 2737 5739 mtas
2768 5685 2934 5741 4188!:
2970 5700 3077 5741 quo
3118 5696 3345 5737 numero
3373 5695 3469 5735 ocr
3502 5678 3566 5732 19
3598 5689 3706 5731 nar.

3544 263 3698 321 “08
3758 295 3769 307 ο
