3948 6264
241 349 264 402 1
278 344 373 401 109

1215 337 1664 394 DISSERTATIO
1704 337 1792 390 DE
1831 335 2236 394 ΕΒΑ-2608031
2276 338 2478 394 ΛΕΜΞ.

3334 347 3472 402 mo

250 461 365 522 tito,
395 465 690 527 supersunt
724 458 776 512 5.
806 453 1040 510 Proinde
1074 453 1333 510 Iudaicus
1366 456 1468 510 istc
1496 455 1680 525 cyclus
1702 452 1802 506 fuit
1829 489 1875 541 Α
1901 452 2027 508 Haec
2048 455 2231 508 omnia
2251 455 2530 510 consecuti
2559 462 2688 509 sunt
2713 454 2910 511 additis
2935 457 2999 511 ad
3027 455 3294 512 Panodori
3323 474 3472 513 sum-

239 552 360 606 anui
396 550 558 614 1575;
587 551 858 619 duplicem
891 547 956 601 ad
993 549 1133 601 hanc
1159 563 1380 602 causam
1417 555 1692 616 postrema
1717 546 1796 598 in-

238 658 396 711 super
424 641 679 695 accedere
709 644 900 710 potuit,
947 648 1006 693 ut
1035 655 1153 694 eam
1185 641 1360 693 labem
1393 641 1793 710 abstergerent,

237 750 340 806 qua
369 731 638 786 Panodori
675 740 990 802 computum
1042 731 1375 801 posteriores
1427 711 1522 785 ill'o
1560 729 1800 784 artiﬁces

237 824 568 890 infecerant;
603 833 656 878 et
686 823 957 894 ingentem
991 823 1136 877 hunc
1169 823 1652 876 anachronisinum
1697 823 1803 876 tol-

238 916 405 970 lerent
427 955 441 981 ,
479 930 588 984 quo
621 915 923 985 baptismus
967 923 1021 971 et
1065 915 1248 984 passio
1279 913 1508 979 Christi,
1540 915 1682 967 ultra
1712 911 1804 966 Ti-

237 1006 370 1062 berii
393 1007 620 1072 obitum,
645 1006 701 1060 in
721 1005 839 1060 Caii
859 1014 914 1060 et
941 1005 1156 1060 Claudii
1178 1013 1425 1076 tempora
1455 1004 1800 1058 diﬂ‘unditur.

1899 561 2044 598 mam
2095 546 2354 601 sedecim.
2415 548 2606 603 Annus
2658 545 3058 602 lncarnationis
3111 565 3141 604 a
3188 549 3474 606 Panodoro

1901 636 2120 690 habitus
2160 648 2242 690 est
2273 636 2461 691 mundi
2490 637 2668 704 5595;
2707 654 2816 708 quo
2850 655 2946 706 per
2977 640 3042 694 19
3078 641 3307 704 tributo,
3339 645 3474 695 resi-

1902 727 2046 782 duus
2081 737 2164 782 est
2193 730 2378 798 cyclus
2415 729 2555 783 luna:
2587 745 2676 793 x1;
2709 745 2804 800 per
2838 730 2901 782 15
2936 739 3116 784 autem
3147 731 3358 786 divisus
3389 749 3476 785 re-

1905 819 2105 889 linquit
2134 834 2194 872 ιιι
2228 837 2241 873 :
2274 820 2502 889 adjectis
2547 821 2614 874 16
2655 822 2722 874 ad
2768 821 2928 885 5495,
2975 837 3296 892 summaque
3333 824 3474 878 5509

1907 928 2005 983 per
2037 913 2226 966 ambos
2254 915 2439 982 cyclos
2467 912 2750 976 distracta,
2787 912 2848 966 ﬁt
2877 913 3104 966 indictiu
3137 929 3209 978 tv,
3243 929 3367 968 cum
3393 916 3474 968 lu-

1904 1004 2025 1058 nari
2055 1003 2210 1074 cyclo
2237 1018 2390 1068 xvnl,
2419 1003 2566 1074 quod
2589 1011 2706 1058 erat
2735 1004 3097 1074 propositum.

1641 1157 1867 1212 CAPUT
1915 1157 2003 1213 lV.

237 1281 612 1352 Fragmentum
647 1278 970 1348 Theophanis
1000 1279 1204 1349 insigne
1237 1277 1305 1330 ad
1349 1275 1655 1331 Grazcorum
1683 1287 2047 1358 computorum
2079 1277 2336 1332 rationem
2370 1277 2772 1346 explicandam;
2808 1279 2876 1331 ad
2907 1279 3060 1349 idque
3091 1279 3250 1336 Nota:
3296 1281 3475 1336 eodem

1051 1377 1056 1382 -
1681 1358 1994 1416 pertinentes
2005 1388 2017 1401 .

304 1466 424 1520 Ὅτι
453 1465 552 1536 μὲν
580 1465 764 1536 ,εφλαᾌ
787 1465 903 1536 οὐχὶ
927 1466 983 1518 δὲ
1008 1465 1170 1536 ,ειρλγ
1188 1468 1216 1519 ό
1252 1466 1572 1540 Ἀφρικανὸς
1601 1466 1792 1535 λέγων,

233 1558 323 1611 δύο
353 1558 642 1626 σφάλλεται
671 1557 786 1628 ἐτη,
817 1558 956 1610 κατὰ
976 1557 1074 1628 τὴν
1098 1557 1299 1630 ἀψευδῆ
1325 1559 1432 1612 τῶν
1453 1559 1796 1628 Εὑαγγελίων

234 1652 523 1720 ὑφήγησιν·
555 1653 571 1682 ¹
605 1649 866 1721 πρόδηλον
901 1650 1030 1719 γὰρ,
1059 1650 1140 1703 ὅτι
1173 1650 1251 1720 τῷ
1289 1649 1331 1704 λ’
1365 1651 1474 1704 ἔτει
1512 1651 1796 1722 ἀρχομένῳ

235 1760 358 1808 που,
403 1744 436 1813 ἤ
489 1742 668 1814 μικρῷ
702 1743 857 1813 πρὸς,
903 1741 936 1813 ἢ
983 1742 1221 1807 ἔλαττον,
1266 1743 1355 1797 διὰ
1395 1744 1455 1796 τὸ
1487 1745 1792 1816 εἰρημένον,

1973 1465 2127 1532 Quod
2181 1465 2474 1522 Africanus
2527 1483 2702 1523 annos
2767 1469 2857 1540 (ad
2903 1469 3102 1524 Christi
3153 1474 3474 1543 passionem)

1900 1563 2224 1626 computans
2265 1556 2427 1620 5551,
2465 1571 2574 1612 non
2607 1557 2770 1621 5555,
2806 1566 2866 1612 ιιι
2898 1561 3114 1614 sincera
3151 1561 3474 1631 Evangelia-

1900 1662 2022 1700 rum
2053 1648 2296 1702 narratio
2325 1648 2590 1713 continet,
2627 1649 2842 1705 duobus
2881 1652 3042 1706 annis
3088 1652 3314 1707 fallitur.
3366 1653 3478 1708 Ma-

1901 1737 2161 1792 nifestum
2195 1746 2279 1793 est
2313 1740 2485 1794 enitn-
2507 1755 2654 1794 anno
2694 1741 2974 1796 Christum
3011 1745 3472 1806 :etatisjneunte.

246 1834 473 1901 Ἰησοῦς
497 1834 563 1888 δὲ
594 1832 671 1904 ἦν
695 1835 837 1888 ὡσεὶ
862 1834 1012 1888 ἐτῶν
1034 1839 1107 1899 λ’,
1127 1836 1274 1906 παρά
1293 1835 1371 1905 τῷ
1396 1836 1614 1906 μεγάλῳ
1641 1837 1789 1904 εὐαγ-

1899 1831 2000 1885 hoc
2032 1840 2116 1886 est
2147 1832 2310 1901 paulo
2356 1832 2479 1900 plus
2515 1833 2785 1896 minusve,
2822 1833 3122 1896 tricesimo.
3167 1839 3472 1890 secundum

233 1924 449 1995 γελιστῇ
488 1927 689 1996 Λουκᾷ,
730 1925 1050 1996 ἐϐαπτίσθη,
1083 1927 1176 1979 καὶ
1203 1925 1440 1992 ἐδίδαξεν
1481 1927 1574 1979 καὶ
1607 1926 1797 1997 ἐθερά-

233 2031 400 2068 πευσε
447 2017 622 2069 πᾶσαν
667 2016 840 2079 νόσον,
877 2017 969 2070 καὶ
1010 2018 1186 2069 πᾶσαν
1223 2017 1492 2086 μαλακίαν
1537 2019 1632 2071 ἐπὶ
1673 2016 1800 2088 τρία

232 2105 348 2176 ἔτη·
393 2105 467 2168 ὡς
511 2103 648 2159 εἶναι
687 2107 777 2159 τὸν
815 2106 922 2161 ἀπὺ
963 2107 1062 2177 τῆς
1101 2105 1249 2170 θείας
1284 2107 1595 2180 συλλήψεως
1634 2109 1797 2162 αὑτοῦ

230 2198 420 2268 χρόνον
465 2200 767 2270 ἀρξάμενον
809 2199 885 2269 τῷ
916 2200 1083 2270 ,εφλα’
1107 2203 1125 2231 ⁸
1165 2201 1273 2253 ἔτει
1317 2201 1410 2254 τοῦ
1457 2202 1683 2274 κόσμου,
1729 2205 1795 2274 τῇ

231 2287 419 2359 πρώτῃ
444 2289 537 2343 τοῦ
571 2289 975 2360 πρωτοκτίστου
1016 2291 1182 2360 μηνὸς
1210 2290 1403 2358 Νισὰν,
1440 2292 1668 2363 Μαρτίῳ
1697 2292 1794 2356 κε’,

232 2379 393 2449 μέχρι
437 2382 536 2451 τῆς
585 2381 845 2446 ζωοποιοῦ
899 2383 1242 2446 ἀναστάσεως
1295 2383 1436 2437 κατὰ
1481 2383 1579 2454 τὴν
1627 2385 1797 2454 αὐτὴν

231 2471 615 2540 συμπεσοῦσαν
656 2473 870 2543 ἡμέραν
918 2473 997 2525 κε’
1041 2474 1308 2545 Μαρτίου,
1360 2474 1495 2527 ὲτῶν
1547 2475 1648 2542 λγ’,
1703 2477 1798 2528 καὶ

229 2563 440 2634 ἡμέρας
483 2567 610 2634 μιᾶς
641 2565 718 2636 τῷ
748 2565 903 2637 ⁴εφλδ¹
937 2566 1046 2619 ἔτει
1077 2567 1361 2638 ἀρξαμένη
1385 2567 1436 2598 ³ο
1477 2567 1569 2636 ἀφ’
1601 2563 1668 2639 ἦς
1706 2568 1796 2619 ἐπὶ

229 2655 326 2718 τὴν
355 2657 434 2719 εἰς
463 2657 722 2725 οὐρανοὺς
751 2657 886 2728 μετά
915 2657 1160 2728 σώματος
1193 2659 1469 2730 θεοπρεπῆ
1499 2658 1646 2711 θείαν
1669 2659 1796 2712 ἀνά-

229 2743 386 2813 ληψιν
414 2747 618 2818 ἡμέραι
651 2746 721 2817 μ’.
763 2749 826 2800 Ei
864 2748 921 2800 δέ
957 2765 1040 2811 τις
1079 2750 1297 2802 ἀπιστεῖ
1331 2752 1443 2812 τοῖς
1488 2749 1795 2819 λεγομένοις

230 2837 359 2906 περὶ
385 2838 551 2907 αὐτῆς
584 2837 842 2908 πολλαχοῦ
869 2839 1185 2912 λεγομένης,
1213 2844 1294 2894 ὅτι
1323 2843 1380 2893 ὲν
1413 2842 1548 2912 αὐτῇ
1579 2842 1668 2893 τὸν
1703 2841 1797 2894 θά-

228 2943 385 2980 νατον
426 2931 672 3001 πατήσας
701 2933 730 2983 ὁ
758 2931 961 3001 Κύριος
1000 2933 1155 3002 ἡμῶν
1190 2934 1576 3003 πρωτοκτίστῳ
1613 2933 1792 3004 ἡμέρᾳ

229 3015 374 3087 ζωὴν
407 3022 536 3089 ἡμῖν
572 3022 635 3074 ἐκ
663 3021 870 3092 νεκρῶν
900 3024 1166 3092 ὲπήγασε·
1193 3024 1460 3075 σκοπείτω
1487 3026 1564 3086 εἰς
1593 3024 1692 3095 τὴν
1726 3024 1792 3076 ια’

229 3111 468 3180 περίοδον
504 3112 610 3165 τῶν
651 3112 769 3183 (ρλβ’
800 3113 1072 3168 κυκλικῶν
1099 3115 1253 3178 ἐτῶν,
1290 3116 1430 3168 κατὰ
1464 3117 1524 3168 τὸ
1552 3123 1652 3184 σιγ¹
1675 3116 1790 3180 ἔτος

225 3202 326 3274 τῆς
378 3204 545 3274 αὑτῆς
590 3205 856 3276 περιόδου,
910 3205 1012 3278 τὴν
1059 3206 1650 3278 τεσσαρεσκαιδεκάτην
1697 3206 1792 3260 τοῦ

227 3299 356 3367 παρ’
403 3298 670 3368 Ἑϐραίοις
710 3299 921 3368 Πάσχα,
968 3301 1060 3352 καὶ
1092 3301 1382 3372 εὑρήσεις1⁵
1411 3301 1550 3352 κατὰ
1583 3299 1679 3370 τὴν
1708 3306 1792 3367 κγ’

225 3388 316 3440 τοῦ
340 3389 506 3443 αὐτοῦ
539 3390 783 3462 Μαρτίου
819 3391 1003 3460 μηνὸς,
1029 3393 1086 3444 ὲν
1109 3393 1290 3462 ἡμέρα
1319 3396 1631 3463 παρασκευῇ
1662 3409 1792 3444 κατ-

223 3480 470 3534 αντώσαν
501 3480 592 3533 ἐπὶ
631 3482 691 3533 τὸ
718 3483 980 3553 σωτήριον
1015 3483 1204 3546 πάθος,
1235 3483 1263 3534 ὃ
1294 3485 1432 3554 ὑπὲρ
1454 3483 1609 3554 ἡμῶν
1636 3487 1792 3536 ἐκου-

1898 1924 1988 1977 illa
2012 1922 2173 1978 Lucae
2198 1925 2544 1994 evangelista:
2564 1926 2729 1980 verba
2760 1941 2882 1996 cap.
2915 1927 3004 1992 Ill,
3044 1927 3114 1981 25
3144 1945 3155 1980 :
3185 1926 3343 1981 .lesus
3383 1945 3475 1983 2::-

1898 2025 1998 2071 tem
2034 2026 2148 2071 erat
2186 2019 2340 2089 quasi
2377 2004 2636 2072 annorum
2669 2021 2911 2089 triginta,
2955 2021 3292 2091 baptizatum
3325 2038 3470 2086 esse,

1897 2123 1960 2163 ac
2001 2109 2287 2175 docuisse;
2321 2117 2375 2164 et
2408 2110 2630 2164 morbos
2670 2125 2882 2175 omnes,
2933 2111 3334 2184 languoresque
3369 2132 3471 2169 cu-

1896 2216 2050 2257 rasse
2083 2201 2243 2256 annis
2271 2203 2476 2268 tribus;
2519 2202 2655 2258 adeo
2690 2211 2749 2258 ut
2780 2210 2998 2274 tempus
3033 2221 3214 2271 omne,
3258 2207 3399 2276 quod
3442 2223 3474 2262 a

1896 2289 2083 2344 divino
2113 2291 2260 2345 illius
2291 2298 2580 2362 conceptu,
2612 2301 2665 2346 et
2711 2292 2781 2347 ab
2812 2307 2958 2347 anno
2989 2295 3178 2350 mundi
3211 2297 3372 2359 5501,
3409 2312 3474 2350 ac

1895 2380 2065 2437 Nisan
2105 2383 2371 2452 principis
2403 2385 2674 2439 mensium
2701 2385 2790 2440 die
2825 2387 3022 2455 prima,
3047 2387 3226 2442 Martii
3251 2406 3377 2452 xxv,
3404 2390 3473 2443 ad

1895 2472 2165 2526 vivificam
2198 2489 2372 2542 usque
2407 2475 2867 2530 resurrectionem
2898 2477 3230 2546 extenditur,
3264 2497 3384 2549 qua:
3415 2481 3470 2534 in

1895 2564 2140 2620 eamdem
2197 2581 2303 2619 xxv
2348 2564 2527 2618 Martii
2579 2567 2725 2621 diem
2779 2567 3006 2635 incidit;
3069 2586 3338 2625 annorum
3399 2575 3473 2627 sit

1895 2671 2089 2722 xxxiii,
2111 2664 2164 2711 et
2186 2658 2349 2710 unius
2372 2656 2498 2721 diei,
2527 2674 2648 2729 qua:
2671 2674 2874 2714 annum
2897 2661 3037 2715 5554
3061 2662 3280 2732 incepit.
3316 2663 3474 2720 Unde

1896 2745 1964 2799 ad
2005 2745 2245 2801 divinam
2296 2763 2419 2802 cum
2471 2763 2704 2818 corpore
2751 2753 3184 2820 assumptionem
3232 2755 3381 2810 illius
3414 2757 3470 2810 in

1895 2839 2092 2893 cmlum
2141 2839 2258 2895 dies
2308 2840 2772 2896 intercedunth.
2811 2841 2868 2896 Si
2915 2846 3039 2913 quis
3087 2857 3264 2901 autem
3305 2849 3463 2903 iidem

1894 2933 2075 2987 minus
2105 2932 2330 2986 adhibet
2379 2933 2467 2996 iis,
2511 2950 2633 3003 quae
2681 2937 2748 2990 de
2789 2936 2878 2990 die
2926 2937 3017 2990 illa
3052 2953 3160 2991 non
3204 2954 3314 2992 uno
3345 2941 3466 2994 loco

1895 3032 2286 3086 memorantur,
2319 3024 2580 3078 nimirum
2614 3024 2902 3080 Dominum
2932 3037 3177 3082 nostrum
3202 3031 3465 3099 primaria

1895 3112 1950 3166 in
1986 3115 2076 3166 illa
2104 3115 2212 3178 die,
2255 3116 2465 3169 calcata
2502 3125 2697 3184 morte,
2729 3118 2896 3172 vitam
2937 3119 3096 3174 nobis
3131 3136 3195 3174 ex
3233 3125 3467 3178 mortuis

1896 3203 2170 3268 eﬂudisse,
2205 3205 2270 3259 ad
2303 3208 2641 3263 undecimam
2676 3211 2960 3281 periodum
3002 3214 3334 3283 cyclicorum
3369 3232 3468 3270 an-

1896 3313 2090 3351 norum
2122 3297 2245 3357 5'52.
2278 3305 2332 3352 et
2378 3299 2498 3368 ejus
2528 3314 2732 3354 annum
2778 3300 2882 3354 2l5
2916 3303 3154 3356 animum
3195 3305 3466 3372 advertat,

1893 3391 1948 3444 in
1979 3406 2153 3460 eoque
2194 3390 2461 3445 decimam
2499 3401 2749 3461 quartam
2799 3391 3010 3446 Hebraei
3048 3393 3335 3449 Paschalis
3383 3406 3468 3449 at-

1893 3482 2097 3537 tendat.
2124 3481 2277 3536 Hauc
2292 3483 2438 3536 enim
2462 3483 2702 3538 inveniet
2724 3483 2812 3537 die
2833 3499 2968 3536 χχιιι
2991 3483 3170 3537 Martii
3191 3485 3462 3553 ejusdem,

225 3574 354 3637 σίως
392 3575 619 3647 ὑπέστη’
648 3575 740 3628 καὶ
763 3575 951 3644 ταφεὶς
980 3575 1084 3628 ὑπὸ
1128 3576 1322 3646 Ἰωσὴφ
1352 3576 1444 3628 τοῦ
1473 3576 1530 3640 ἐξ
1568 3576 1789 3646 Ἀριμα-

1895 3589 1955 3626 ac
1986 3561 2304 3637 Parasceve,
2356 3574 2410 3626 in
2446 3573 2784 3628 salutiferam
2821 3575 3134 3643 passionem
3179 3577 3462 3640 incidisse,

223 3663 388 3729 θείας,
425 3667 519 3719 καὶ
562 3666 894 3736 Νικοδήμου,
941 3667 1136 3737 ἀνέστη
1183 3670 1248 3737 τῇ
1297 3667 1434 3736 μετά
1477 3666 1577 3735 τὴν
1622 3665 1789 3735 αὐτὴν

1895 3679 2056 3733 quam
2091 3679 2190 3732 pro
2221 3663 2383 3718 nobis
2415 3663 2508 3718 ille
2536 3664 2830 3731 sustinuit;
2863 3671 2916 3718 et
2951 3667 3199 3734 sepultus
3240 3682 3270 3719 a
3311 3666 3466 3722 Jose—

222 3761 577 3830 παρασκευὴν
606 3745 990 3830 ἐπιφωσκούσῃ
1027 3759 1181 3830 τρίτῃ
1199 3760 1398 3830 ἡμέρᾳ,
1442 3761 1539 3830 μιᾷ
1576 3758 1788 3810 Σαϐϐά-

1895 3756 2020 3825 pho,
2040 3756 2132 3825 qui
2159 3771 2224 3810 ex
2249 3755 2574 3810 Arimathaaa
2603 3763 2722 3810 erat
2746 3755 3038 3820 oriundus,
3072 3766 3121 3813 et
3145 3757 3462 3828 Nicodemo,

219 3865 344 3912 των,
389 3851 585 3922 πρώτῃ
625 3851 679 3904 δὲ
721 3851 816 3904 τοῦ
864 3851 990 3923 παρ’
1033 3850 1302 3922 Ἑϐραίοις
1351 3851 1524 3904 Νισὰν
1575 3851 1789 3918 πρώτου

221 3941 405 4008 μηνόςο
445 3942 565 4011 ἥτις
589 3941 676 3995 ἀεὶ
701 3944 765 4012 τῇ
793 3947 869 3994 κε’
900 3941 992 3995 τοῦ
1027 3942 1268 4013 Μαρτίου
1298 3942 1464 4015 μηνὸς
1500 3941 1596 4012 μία
1631 3943 1724 4021 καὶ
1750 3944 1783 4012 ἡ

219 4034 349 4106 αὑτὴ
383 4038 556 4089 ἐστιν.

297 4215 352 4268 '0
389 4215 496 4287 μὲν
525 4211 616 4270 οὖν
660 4217 1002 4289 Ἀφρικανὸς,
1039 4216 1340 4290 συμφώνως
1363 4221 1428 4290 τῇ
1456 4218 1784 4292 ἀποστολικῇ

216 4307 512 4374 παραδόσει
544 4305 621 4376 τῷ
652 4305 783 4376 ,εφσί
805 4307 915 4360 ἔτει
935 4310 1031 4379 τὴν
1054 4308 1201 4362 θείαν
1235 4309 1627 4380 χρονολογήσας
1654 4309 1785 4379 σάρ-

215 4409 401 4460 κωσιν,
451 4399 578 4469 περὶ
617 4399 678 4452 τὸ
718 4399 886 4465 πάθος
917 4402 1009 4454 καὶ
1041 4402 1138 4473 τὴν
1186 4401 1448 4471 σωτήριον
1491 4401 1784 4454 ἀνάστασιν

212 4487 360 4544 δυσὶν
381 4492 536 4546 ἔτεσι
562 4493 845 4564 διήμαρτε,
879 4493 1021 4546 κατά
1043 4494 1103 4546 τὸ
1124 4493 1283 4565 ,εφλαθ
1307 4492 1424 4555 έτος
1451 4491 1545 4544 τοῦ
1575 4492 1780 4582 κόσμου
1814 4528 1857 4582 D

211 4579 420 4653 ταύτην
455 4580 788 4650 συναγαγών·
824 4582 1078 4646 Εὐσέϐιος
1104 4582 1160 4634 δὲ
1192 4583 1220 4634 ὁ
1261 4580 1543 4651 Παμφίλου
1576 4578 1644 4632 τὰ
1677 4580 1783 4632 ἀπὸ

227 4667 396 4742 Ἀδὰμ
431 4673 534 4735 ἕως
572 4671 819 4743 Ἀϐραὰμ
849 4673 1133 4742 γενέσεως,
1167 4673 1201 4744 ἢ
1237 4671 1376 4726 κατὰ
1408 4672 1534 4735 τοὺς
1557 4672 1782 4743 χρόνους

216 4759 379 4817 Νίνου
407 4766 502 4819 καὶ
526 4767 878 4839 Σεμιράμεως
896 4765 1002 4818 τῶν
1035 4767 1332 4837 Ἀσσυρίων
1357 4766 1614 4836 βασιλέων
1643 4765 1784 4837 ὡμο-

217 4849 476 4925 λόγηται,
532 4859 808 4928 συντεμὼν
854 4857 948 4928 ἔτη
1001 4864 1174 4929 mpm!
1211 4858 1232 4888 ⁸
1281 4857 1652 4928 ὲστοιχείωσε,
1702 4856 1780 4927 τῷ

229 4940 498 5018 Ἐὅραῖκῷ
539 4948 982 5020 ἐξακολουθήσας,
1025 4951 1120 5002 καὶ
1154 4949 1245 5002 τὸν
1281 4948 1530 5020 δεύτερον
1571 4949 1779 5002 Καῖνᾶν

217 5033 310 5107 ἔτη
344 5040 418 5109 ρλ¹
452 5039 687 5110 ζήσαντα
717 5041 821 5112 πρὸ
847 5043 944 5112 τῆς
967 5039 1276 5104 τεκνώσεως
1306 5041 1378 5112 μὴ
1413 5039 1776 5112 στοιχειώσαςο

216 5121 277 5183 οὗ
301 5132 330 5182 ὁ
354 5131 498 5197 θείοξ
523 5133 905 5204 εὐαγγελιστὴς
933 5135 1144 5196 Λουκᾶς
1171 5133 1438 5204 μέμνηται
1471 5135 1528 5188 ὲν
1556 5137 1620 5204 τῇ
1660 5138 1777 5187 κατ’

216 5219 376 5277 αὐτὸν
409 5225 742 5296 γενεαλογίᾳ·
786 5225 861 5287 ὡς
904 5226 998 5278 καὶ
1045 5223 1277 5294 ἀλλαχοῦ
1323 5223 1586 5278 λέλεκται.
1617 5225 1688 5277 Τὸ
1719 5225 1776 5277 δὲ

218 5313 338 5366 καθ’
367 5318 511 5388 ἡμᾶς
533 5315 689 5369 τοῦτο
719 5315 1108 5387 χρονογράφιον
1144 5313 1250 5367 ἀπὸ
1291 5313 1460 5384 Ἀδὰμ
1495 5316 1598 5378 ἓως
1625 5315 1774 5382 γενέ-

219 5417 353 5467 σεως
388 5407 632 5479 Ἀϐραὰμ
655 5407 748 5479 ἐτη
777 5407 904 5478 ,γλβ¹
927 5409 947 5439 ⁸
970 5405 1211 5476 περιέχει
1241 5405 1544 5475 συμφώνως
1569 5408 1633 5476 τῇ
1658 5405 1776 5476 θεία

217 5494 492 5560 Μωῡσέως
523 5503 704 5570 γραφῇ
751 5499 842 5550 καὶ
875 5500 992 5562 ταῖς
1019 5499 1228 5566 γενεαῖς
1258 5497 1350 5550 τοῦ
1385 5497 1526 5550 κατά
1565 5499 1776 5551 Λουκᾶν

217 5583 566 5658 Εὐαγγελίου.
602 5593 710 5644 Καὶ
743 5591 849 5644 ἀπὸ
889 5591 987 5662 τῆς
1030 5589 1330 5658 γεννήσεως
1378 5590 1627 5662 Ἀϐραὰμ
1672 5590 1776 5652 ἓως

291 5741 314 5778 ⁸
336 5745 380 5817 Ῑ.
413 5748 680 5821 ὑφήγησιν
710 5749 984 5822 πρόδηλον,
1014 5750 1152 5804 Ὅτι.
1229 5749 1252 5782 ⁸
1277 5765 1386 5804 cor.
1412 5763 1530 5818 ,εφα
1549 5789 1561 5802 .

1651 5748 1672 5782 ⁸
1705 5749 1748 5817 Ῑ.
1781 5747 2110 5822 ἀρξαμένης.

1891 3848 2050 3902 tertia
2077 3847 2146 3902 ab
2167 3846 2355 3903 eadem
2385 3846 2684 3902 Parasceve
2705 3848 2792 3903 die
2823 3850 3122 3904 resurrexit
3154 3869 3168 3905 :
3199 3866 3305 3904 una
3328 3850 3464 3906 Sab-

1889 3938 2162 4003 batorum,
2212 3947 2267 3993 et
2319 3938 2488 3992 Nisan
2534 3939 2698 4009 primi
2744 3940 2888 4010 apud
2937 3941 3192 3996 Hebmos
3251 3944 3459 3999 mensis

1889 4031 2064 4101 prima
2095 4029 2214 4096 die;
2243 4046 2364 4100 qua:
2392 4030 2650 4086 vicesima
2678 4031 2870 4103 quinta
2894 4032 3073 4087 Martii
3105 4048 3212 4088 una
3237 4035 3458 4090 eadem-

1887 4137 1995 4192 que
2035 4137 2250 4192 semper
2288 4121 2502 4177 incidit.

1956 4212 2124 4284 Igitur
2150 4213 2465 4280 Africanus,
2500 4228 2625 4268 cum
2661 4214 2716 4269 in
2752 4229 2956 4268 annum
2990 4215 3179 4270 mundi
3210 4216 3343 4272 5501
3376 4217 3459 4271 di~

1887 4306 2068 4360 vinam
2107 4305 2544 4363 lncarnationem
2581 4317 2948 4362 consentanee
2999 4307 3285 4362 traditioni
3326 4323 3458 4378 apo-

1889 4397 2092 4452 stolicaa
2120 4399 2466 4468 conjecisset,
2508 4398 2563 4452 in
2587 4398 2842 4467 passione
2871 4413 2934 4451 ac
2960 4397 3239 4452 salutifera
3267 4414 3452 4454 resur-i

1887 4489 2128 4543 rectione
2167 4488 2539 4558 consignanda
2583 4488 2806 4542 biennio
2834 4488 3128 4548 aberravit,
3166 4498 3453 4558 utramque

1886 4579 2172 4635 conferens
2194 4580 2250 4634 in
2271 4595 2473 4634 annum
2506 4579 2692 4634 mundi
2726 4579 2884 4634 5551.
2916 4580 2984 4632 At
3013 4578 3279 4634 Eusebius
3300 4577 3456 4632 Pam-

1886 4672 2017 4743 phili
2038 4687 2210 4728 annos
2239 4673 2308 4728 ab
2337 4673 2544 4726 Adamn
2585 4673 2652 4726 ad
2677 4680 2859 4725 ortum
2888 4670 3166 4735 Abraami,
3208 4671 3300 4739 qui
3327 4669 3452 4724 Nini

1885 4777 1948 4815 ac
1989 4762 2365 4817 Semiramidis
2408 4777 2593 4832 regum
2635 4762 2875 4831 Assyria:
2906 4761 3264 4830 temporibus,
3297 4775 3449 4814 com-

1885 4857 2037 4910 muni
2076 4857 2331 4927 opinione
2372 4856 2643 4926 congruit,
2692 4855 2746 4908 in
2794 4869 2958 4906 unam
2993 4868 3260 4907 summam
3297 4851 3470 4906 colli-.

1883 4964 2039 5018 gens,
2079 4948 2211 5003 5181
2259 4949 2486 5019 putavit,
2525 4947 2780 5002 Hebraeos
2824 4945 3042 5001 codices
3091 4953 3314 5001 secutus
3351 4954 3450 5000 :et

1886 5039 2186 5096 secundum
2215 5039 2444 5104 Cainan,
2483 5041 2575 5109 qui
2610 5040 2745 5092 vixit
2778 5053 2950 5092 annos
2970 5053 3117 5112 ἐχει
3155 5044 3447 5106 antequam

1885 5131 2152 5201 gigneret,
2184 5134 2239 5185 in
2271 5133 2411 5186 serie
2439 5131 2660 5184 minime
2686 5127 2969 5182 collocavit
2996 5145 3010 5181 :
3040 5126 3199 5194 cujus
3227 5125 3447 5194 quidem

1884 5221 2060 5277 Lucas
2090 5224 2421 5292 evangelista
2446 5221 2693 5278 meminit
2720 5220 2772 5274 in
2800 5219 3112 5290 genealogia
3135 5232 3233 5272 sua
3263 5233 3277 5270 :
3302 5215 3447 5286 quod

1884 5315 2013 5369 alibi
2054 5314 2163 5382 jam
2214 5316 2470 5369 diximus.
2519 5313 2716 5368 Nostra
2774 5328 2939 5382 porro
2985 5309 3334 5378 chronologia
3376 5309 3446 5362 ab

1883 5408 2090 5460 Adamo
2145 5406 2210 5460 ad
2267 5415 2446 5462 ortum
2505 5405 2762 5460 Abraami
2831 5420 3004 5459 annos
3062 5399 3446 5470 complectitur

1883 5499 2046 5553 5512:
2075 5499 2166 5568 qui
2200 5514 2462 5552 numerus
2492 5506 2601 5551 tam
2628 5497 2793 5552 Mosis
2817 5497 3056 5552 historiae
3081 5509 3240 5564 quam
3277 5507 3444 5546 evan-

1884 5593 2066 5660 gelicae
2101 5593 2427 5662 genealogiaa
2481 5590 2641 5646 Lucae
2692 5592 2967 5646 convenit.
3003 5588 3047 5642 A
3095 5585 3263 5642 natali
3311 5598 3444 5638 veto

3076 5747 3097 5780 ⁸
3132 5763 3241 5802 ουν.
3269 5737 3441 5811 rm?-

2186 5748 2208 5780 ‘
2243 5749 2283 5817 f.
2317 5749 2557 5819 εὑρήσει.
2647 5742 2738 5818 τί.
2775 5747 2964 5818 ,γρπδη
