3948 6264
470 356 599 411 Mil

1483 353 1572 407 AD
1603 348 1864 408 EUSEBII
1895 347 2290 408 CHRONICON
2319 345 2680 402 APPENDIX.

3559 351 3696 406 14η

469 466 725 525 Abraami
767 482 941 537 usque
967 466 1035 520 ad
1075 465 1413 521 salutiferam
1443 479 1659 522 crucem
1681 476 1733 523 et
1759 466 2028 521 viviﬁcam

2136 462 2222 516 τοῦ
2251 462 2518 534 σωτηρίου
2550 459 2780 531 σταυροῦ
2814 461 2905 514 καὶ
2929 459 3027 530 τῆς
3061 459 3322 522 ζωοποιοῦ
3347 459 3701 526 ἀναστάσεως

469 561 946 622 resurrectionem,
980 573 1152 613 annos
1180 557 1322 613 2048
1354 558 1570 629 collegit
1598 558 1886 623 Eusebius,
1908 573 2031 613 cum

471 667 540 704 ex
572 648 880 703 verioribus
931 647 1235 702 ratiociniis
1289 656 1548 716 putentur
1593 662 1625 700 a
1670 648 1828 702 nobis
1868 647 2028 702 29.21.

469 741 639 795 Fiunt
671 741 729 794 in
771 746 944 794 totum
993 738 1120 792 anni
1161 739 1229 793 ab
1267 739 1475 793 Adamo
1516 738 1654 793 5535
1687 757 1700 792 :
1733 739 2031 794 secundum

472 831 773 886 Eusebium
799 843 951 894 vero,
983 831 1112 883 anni
1138 828 1298 894 5252,
1333 828 1474 897 quod
1507 829 1574 883 ab
1602 830 1898 899 apostolica
1923 837 2036 882 tra-

471 923 680 977 ditione
720 921 940 990 penitus
986 920 1262 975 abhorret.
1304 919 1404 973 Hic
1443 927 1624 974 autem
1662 937 1727 975 ex
1766 920 2035 990 ejusmodi

475 1012 906 1068 hallucinatione
936 1011 1015 1065 illi
1057 1026 1211 1066 error
1248 1011 1513 1081 obrepsit,
1549 1011 1693 1081 quod
1720 1019 1914 1081 praeter
1937 1025 2036 1064 an-

475 1120 577 1161 nos
606 1104 838 1159 Cainani
869 1104 994 1168 150,
1030 1103 1166 1158 alios
1200 1104 1424 1174 insuper
1451 1104 1546 1157 111
1574 1104 1755 1159 omisit
1782 1103 2035 1174 Allophy-

474 1197 675 1260 lorum,
707 1196 800 1265 qui
834 1195 888 1249 in
920 1193 1174 1249 Judicum
1203 1194 1343 1248 libro
1373 1194 1722 1249 continentur
1757 1209 1903 1248 :.nec
1925 1209 2035 1248 non

473 1287 777 1358 interregni
797 1293 850 1341 et
871 1285 1044 1356 pacis,
1070 1284 1170 1352 40;
1204 1285 1331 1340 item
1366 1283 1537 1350 Darii,
1565 1285 1658 1356 qui
1691 1292 1745 1339 et
1772 1285 2034 1356 Astyages

475 1375 660 1430 dictus
687 1382 792 1440 cst,
825 1390 999 1430 annos
1026 1390 1102 1429 χι.

542 1465 860 1522 Panodorus
893 1481 1018 1522 vero
1062 1481 1204 1520 unus
1239 1481 1306 1520 ex
1348 1465 1564 1537 IEgypti
1603 1467 1904 1530 monachis,
1951 1467 2036 1520 bi-

475 1556 728 1623 storicus,
757 1571 932 1627 neque
954 1555 1316 1627 chronologiae
1343 1557 1699 1613 accuratioris
1729 1557 2032 1628 imperitus,

473 1647 569 1717 qui
599 1646 818 1701 Arcadii
858 1645 1223 1716 imperatoris,
1261 1661 1324 1700 ac
1359 1645 1647 1715 TheOpbili
1681 1646 2035 1701 Alexandrini

475 1737 875 1808 archiepiscopi
929 1744 1173 1807 tempore
1221 1736 1424 1802 ﬂoruit,
1473 1752 1596 1791 cum
1642 1737 1924 1792 veritatem
1979 1738 2034 1794 in

2135 554 2275 624 ,βμη’
2318 553 2410 623 ἐτη
2447 552 2688 624 συνῆξεν·
2734 552 2889 605 ἅτινα
2925 550 3066 604 κατά
3095 551 3184 604 τὸν
3219 549 3391 621 ἀληθῆ
3423 551 3581 620 λόγον
3606 554 3699 626 ἔτη

2133 646 2298 715 ⁴βσκα¹
2330 646 2458 714 ἡμῖν
2484 642 2896 711 ἐπιλελόγισται.
2921 643 3054 712 Ἔτη
3078 641 3132 693 δὲ
3157 641 3223 695 τὰ
3246 643 3422 696 πάντα
3444 646 3505 710 ἐξ
3535 644 3704 717 Ἀδὰμ

2133 735 2314 804 ,εφλγη
2364 731 2506 787 κατά
2529 731 2584 784 δὲ
2616 732 2869 785 Εὑσέδιον
2896 731 3070 800 ,εσλβ’·
3103 733 3236 804 ὅπερ
3260 733 3540 804 ἀλλότριον
3569 736 3702 792 πάν-

2131 843 2198 896 τη
2231 827 2330 896 τῆς
2362 823 2725 893 ἀποστολικῆς
2756 822 3126 894 παραδόσεως⁸
3159 823 3188 874 ὃ
3220 825 3314 876 καὶ
3358 828 3424 878 ἐκ
3457 825 3698 896 παραλο-

2132 915 2331 986 γισμοῦ
2363 914 2567 968 τοιοῦδε
2607 913 2862 980 πέπονθε,
2910 912 3046 982 πρὸς
3080 915 3194 976 τοῖς
3231 914 3307 984 ρλ’
3351 915 3444 968 τοῦ
3492 918 3701 970 Καῖνᾶν

2132 1008 2298 1071 ἔτεσι,
2329 1005 2470 1061 κατὰ
2495 1007 2584 1059 τὸν
2612 1005 2670 1058 ὲν
2697 1007 2809 1068 τοῖς
2832 1005 3058 1076 Κριταῖς
3089 1005 3401 1074 ἀλλοφύλων
3421 1009 3440 1038 ⁷
3473 1007 3570 1078 ἐτη
3601 1017 3700 1079 ρια’

2134 1100 2490 1173 παραλείψας·
2522 1099 2591 1152 τά
2622 1117 2683 1153 τε
2713 1100 2810 1170 τῆς
2841 1099 3101 1170 ἀναρχίας
3133 1099 3224 1151 καὶ
3253 1100 3598 1172 εἰρήνηςὲτη
3626 1109 3697 1172 μύ

2135 1192 2228 1248 καὶ
2259 1191 2338 1246 ἔτι
2363 1190 2456 1245 τοῦ
2487 1190 2710 1264 Δαρείου
2743 1189 2835 1243 τοῦ
2859 1189 2954 1242 καὶ
2987 1189 3315 1259 Ἀστυάγους
3346 1189 3441 1261 ἔτη
3471 1197 3562 1243 ια’.

2203 1456 2515 1528 Πανόδωρος
2545 1456 2603 1509 δέ
2639 1472 2726 1520 τις
2755 1454 2862 1508 τῶν
2901 1454 3021 1508 κατ’
3051 1455 3324 1523 Αἴγυπτον
3361 1450 3441 1519 εἷς
3474 1458 3703 1528 μοναχδς

2137 1550 2426 1621 ἱστορικὸς,
2462 1549 2563 1603 οὐκ
2594 1549 2818 1620 ἄπειρος
2851 1547 3109 1619 χρονικῆς
3143 1547 3446 1618 ἀκριϐείας,
3499 1551 3557 1601 ὲν
3596 1553 3702 1614 τοῖς

2135 1648 2345 1719 χρόνοις
2385 1646 2641 1717 ἀκμάσας
2682 1645 2964 1714 Ἀρκαδίου
3010 1643 3271 1712 βασιλέως
3311 1645 3407 1697 καὶ
3446 1643 3703 1711 Θεοφίλου

2147 1737 2548 1809 Ἀλεξανδρείας
2567 1735 3019 1807 ἀρχιεπισκόπου,
3047 1733 3304 1804 ἀλήθειαν
3323 1735 3707 1803 ἀσπασάμενος

473 1827 752 1897 plerisque
778 1825 1064 1893 tenuisset,
1095 1833 1300 1896 septem
1335 1827 1608 1883 aberravit
1635 1828 1816 1892 annis,
1849 1827 1939 1882 ubi
1967 1828 2034 1882 ad

2136 1831 2191 1882 ὲν
2225 1828 2457 1894 πολλοῖς,
2485 1829 2529 1890 ς’
2552 1825 2852 1897 διήμαρτεν
2879 1823 3073 1891 ἔτεσιν,
3103 1823 3272 1877 ἐλθὼν
3300 1825 3381 1887 είς
3404 1825 3507 1894 τὴν
3538 1828 3707 1894 σωτή-

471 1914 812 1974 salutiferam
839 1918 1267 1972 incarnationem
1296 1919 1560 1986 pervenit.
1592 1917 1746 1973 Hanc
1775 1918 1920 1974 enim
1948 1933 2038 1971 an-

474 2024 548 2064 no
574 2009 760 2064 mundi
793 2007 933 2064 5493
965 2009 1211 2078 illigavit.
1243 2007 1413 2079 Cujus
1441 2010 1530 2064 ille
1555 2011 1759 2066 erroris
1783 2009 2035 2064 occasio-

474 2117 600 2156 nem
631 2102 819 2155 habuit
850 2116 916 2154 ex
959 2115 1047 2165 eo,
1095 2100 1244 2170 quod
1287 2101 1344 2155 in
1390 2116 1532 2155 anno
1578 2101 1756 2170 primo
1801 2084 2036 2172 Philippi

471 2191 691 2257 Aridzei,
717 2193 810 2262 qui
834 2190 1145 2246 Alexandro
1170 2191 1452 2247 Macedoni
1481 2193 1691 2264 primus
1724 2195 1778 2247 in
1809 2209 2036 2264 regnum

473 2285 776 2350 successit;
806 2283 999 2338 eodem
1031 2283 1303 2348 videlicet,
1339 2285 1394 2338 in
1428 2300 1537 2354 quo
1556 2292 1611 2340 et
1630 2285 1891 2341 Claudius
1911 2285 2037 2341 Pto-

472 2377 697 2430 lemaeus
741 2375 1116 2444 expeditorum
1159 2389 1442 2444 canonum
1479 2377 1762 2431 ratiocinia
1812 2376 2033 2444 deﬁxit;

475 2466 690 2520 initium
739 2466 934 2520 statuit
967 2465 1272 2536 [Egyptiaci
1327 2467 1477 2531 anni,
1532 2476 1694 2535 atque
1733 2465 1926 2531 Graeci,
1974 2466 2035 2520 in

474 2557 648 2628 prima
679 2557 769 2612 die
797 2555 998 2621 Thoth,
1041 2557 1204 2626 primi
1250 2556 1629 2629 Egyptiorum
1664 2556 1891 2621 mensis,
1924 2556 2036 2610 Au-

473 2649 617 2718 gusti
651 2663 811 2715 xxlx;
846 2649 992 2718 quod
1021 2647 1089 2702 ad
1119 2649 1363 2704 eamdem
1405 2649 1669 2719 epocham
1718 2649 2031 2704 revolvitur.

473 2739 590 2793 Hoc
621 2755 751 2794 vero
781 2747 996 2812 tempus
1032 2741 1169 2796 citra
1194 2741 1629 2796 controversiam
1663 2755 1806 2795 anno
1847 2737 2036 2794 mundi

474 2833 614 2889 5170
642 2832 918 2889 tribuitur.
942 2833 1112 2889 Porro
1133 2835 1201 2889 ab
1224 2849 1367 2888 anno
1390 2834 1566 2903 primo
1585 2832 1838 2903 Philippi,
1861 2847 2036 2901 usque

473 2927 542 2981 ad
586 2926 786 2981 victam
838 2919 1209 2996 Cleopatram,
1261 2927 1391 2980 anni
1442 2924 1738 2982 secundum
1799 2939 2035 2981 canones

473 3018 870 3074 astronomicos
897 3025 1255 3073 numerantur
1285 3018 1408 3074 294.
1437 3016 1602 3071 Fiunt
1635 3020 1703 3071 ab
1741 3018 1872 3072 orbe
1903 3032 2031 3071 con-

473 3107 606 3171 dito,
631 3114 683 3160 et
715 3109 782 3161 ab
805 3108 1012 3162 Adamo
1038 3108 1104 3162 ad
1129 3111 1333 3163 exitum
1363 3107 1684 3177 Cleopatra,
1721 3109 1848 3161 anni
1872 3107 2029 3162 5465.

473 3197 677 3251 Verum
707 3198 776 3251 ab
795 3198 1171 3252 ecclesiastica
1197 3198 1490 3252 traditione
1517 3197 1772 3252 dissentit
1807 3197 1860 3250 in
1893 3211 2036 3250 anno

471 3286 542 3339 43
578 3285 808 3355 Augusti
847 3286 1100 3351 Caesaris,
1144 3301 1251 3356 quo
1292 3286 1554 3342 Dominus
1591 3294 1778 3341 noster
1817 3301 2034 3340 carnem

474 3378 673 3433 induit.
735 3377 856 3433 Non
894 3380 1040 3434 enim
1085 3380 1270 3450 plures
1308 3394 1472 3448 quam
1508 3380 1580 3434 45
1621 3395 1796 3435 annos
1827 3394 1857 3431 a
1890 3379 2035 3432 victa

471 3471 758 3540 Cleopatra
804 3479 858 3523 et
897 3469 1129 3541 IEgypto
1169 3471 1419 3535 subacta,
1455 3470 1596 3541 apud
1624 3470 2035 3525 mathematicos

473 3562 771 3631 imperasse
803 3560 1004 3614 dicitur
1049 3561 1349 3633 Augustus.
1378 3562 1536 3629 Quod
1569 3563 1615 3618 si
1650 3568 1972 3616 concessum
2003 3576 2035 3615 a

471 3655 631 3709 nobis
658 3652 843 3715 fuerit,
880 3669 1225 3725 consequens
1262 3656 1368 3710 erit
1401 3669 1543 3709 anno
1579 3652 1767 3707 mundi
1799 3652 1938 3707 5505
1968 3667 2034 3707 ex

473 3748 575 3801 hac
606 3748 718 3802 vita
746 3748 1050 3818 Augustum
1081 3748 1409 3803 excessisse.
1455 3747 1525 3800 At
1553 3746 1694 3801 idem
1725 3745 1842 3815 ipse
1870 3746 2061 3814 quin-'

471 3846 561 3893 tus
600 3841 704 3894 erit
735 3840 911 3893 aztatis
948 3838 1247 3895 Salvatoris
1281 3855 1458 3894 annus
1492 3858 1504 3892 :
1537 3836 1683 3908 quod
1718 3847 1901 3907 aperte
1933 3836 2035 3890 fal-

472 3947 592 3986 sum
621 3939 722 3986 est.
755 3930 908 3996 Quod
935 3938 1114 3985 autem
1147 3931 1293 3985 circa
1316 3932 1524 3986 obitum
1547 3930 1780 3986 Caesaris
1803 3930 2034 4000 Augusti

471 4022 784 4093 quindecim
815 4022 1044 4077 circiter
1074 4037 1342 4077 annorum
1374 4022 1638 4076 Dominus
1667 4029 1834 4085 esset,
1871 4036 1934 4075 ac
1964 4037 2033 4076 xv

472 4113 675 4168 Tiberii
709 4115 942 4170 Ctesaris
975 4129 1243 4168 annorum
1278 4113 1388 4167 fere
1429 4129 1557 4176 xxx,
1594 4120 1650 4165 ut
1693 4126 1850 4164 sacra
1885 4109 2032 4165 Scri-

470 4217 628 4275 ptura
657 4206 838 4271 docet,
872 4206 1076 4261 nemini
1107 4205 1332 4260 dubium
1369 4215 1470 4260 est.
1510 4204 1584 4258 Ita
1613 4203 1898 4274 contigerit
1920 4205 2031 4257 Au-

470 4297 617 4365 gusti
651 4297 883 4352 Caesaris
914 4297 1092 4352 exilus
1136 4296 1278 4350 inter
1323 4311 1524 4350 annum
1567 4294 1753 4350 mundi
1798 4295 1938 4349 55M
1980 4301 2032 4348 et

471 4387 640 4454 5515;
677 4389 889 4443 initium
919 4397 1100 4443 autem
1135 4388 1346 4457 imperii
1379 4386 1545 4442 totius
1578 4402 1721 4440 anno
1744 4386 1901 4440 5458.
1937 4386 2032 4440 Pa-

2135 1939 2247 1993 ριον
2275 1921 2564 1990 σάρκωσιν,
2595 1917 2673 1988 τῷ
2713 1921 2874 1986 ,ιευίιγ1
2917 1917 3027 1970 ἔτει
3074 1916 3278 1986 ταύτην
3313 1915 3705 1986 συλλογισάμε-

2134 2025 2242 2071 νος.
2288 2007 2348 2061 Ἦ
2381 2008 2437 2060 δὲ
2469 2005 2614 2060 αἰτία
2635 2004 2728 2058 τοῦ
2751 2004 3064 2076 σφάλματος
3086 2005 3249 2058 αὑτοῦ
3275 2005 3496 2073 γέγονεν
3515 2005 3706 2068 οὕτως.

2147 2098 2269 2151 Ἐπὶ
2299 2096 2409 2169 γὰρ
2436 2096 2494 2150 τὺ
2529 2103 2575 2149 α’
2610 2095 2728 2158 ἔτος
2748 2095 3013 2149 Φιλίππου
3041 2093 3135 2148 τοῦ
3170 2095 3438 2166 Ἀριδαίου
3471 2095 3566 2148 τοῦ
3592 2098 3706 2164 μετ’

2148 2188 2489 2260 Ἀλέξανδρον
2516 2188 2606 2241 τὸν
2630 2186 2912 2240 Μακεδόνα
2939 2185 3354 2256 βασιλεύσαντος
3382 2188 3707 2240 Μακεδόνων

2135 2286 2204 2344 α’,
2239 2280 2360 2334 καθ’
2397 2279 2426 2332 ὃ
2465 2279 2582 2342 ἔτος
2619 2279 2712 2332 καὶ
2753 2281 2782 2331 6
2813 2277 3079 2340 Κλαύδιος
3111 2277 3441 2348 Πτολεμαῖος
3478 2279 3578 2350 τὴν
3602 2279 3710 2331 τῶν

2136 2368 2440 2439 προχείρων
2482 2368 2719 2421 κανόνων
2756 2366 3108 2438 ψηφηφορίαν
3135 2365 3368 2437 ἐπήξατο
3404 2368 3582 2438 ἀρχὴν
3615 2369 3707 2419 Αἰ-

2137 2458 2439 2528 γυπτιακοῦ
2485 2460 2579 2512 καὶ
2622 2456 2936 2529 Ἑλληνικοῦ
2976 2458 3149 2520 ἔτους,
3204 2457 3346 2510 κατὰ
3389 2458 3491 2528 τὴν
3537 2465 3587 2511 α’
3617 2458 3706 2510 τοῦ

2135 2551 2254 2605 Θὼθ
2290 2551 2456 2622 μηνὸς
2490 2552 2619 2622 παρ’
2660 2549 2977 2618 Αἰγυπτίοις
3005 2548 3321 2619 λεγομένου,
3358 2549 3439 2602 κθ¹
3473 2551 3569 2603 τοῦ
3602 2551 3708 2604 Αὑ-

2136 2642 2361 2711 γούστου
2405 2641 2570 2713 μηνὸς
2598 2637 2760 2695 οὖσαν
2800 2641 3330 2710 ἀποκαταστατικὴν,
3366 2642 3661 2712 ὁμόχρονον
3684 2641 3705 2673 ⁸

2138 2732 2575 2804 ὁμολογουμένως
2616 2731 2732 2784 ἐστὶ
2755 2730 2833 2802 τῷ
2871 2729 2987 2802 ,ερο’
3016 2730 3122 2783 ἔτει
3159 2729 3250 2784 τοῦ
3297 2731 3525 2801 κόσμου.
3579 2732 3710 2785 Ἀπὸ

2135 2823 2228 2877 τοῦ
2260 2823 2421 2876 αὐτοῦ
2448 2821 2487 2876 δ’
2514 2823 2534 2855 θ
2561 2822 2712 2885 ἔτους
2738 2821 3002 2874 Φιλίππου
3029 2821 3190 2893 μέχρι
3213 2821 3312 2891 τῆς
3340 2821 3710 2894 καθαιρέσεως

2135 2916 2488 2986 Κλεοπάτρας
2523 2914 2616 2985 ἔτη
2664 2914 2807 2968 κατὰ
2837 2916 2963 2977 τοὺς
3005 2916 3430 2985 ἀστρονομικοὺς
3483 2917 3709 2978 κανόνας

2135 3007 2515 3074 ἐπισυνάγεται
2569 3006 2700 3072 σιιδ’.
2758 3006 2890 3059 Ἀπὸ
2929 3006 3022 3059 τοῦ
3066 3007 3230 3060 αὐτοῦ
3274 3004 3395 3076 ,ερο’
3442 3007 3705 3076 κοσμικοῦ

2137 3097 2288 3160 ἔτους
2321 3095 2360 3148 ε’
2386 3098 2428 3128 ¹⁰
2465 3098 2701 3166 γίνονται
2750 3096 2908 3170 γευξγ’
2970 3098 3139 3168 Ἀδὰμ
3185 3098 3288 3162 ἕως
3334 3098 3706 3169 καθαιρέσεως

2138 3189 2514 3260 Κλεοπάτρας.
2539 3189 2693 3242 Κατὰ
2713 3191 2870 3243 τοῦτο
2893 3189 2952 3242 οὐ
2979 3189 3190 3260 συνᾴδει
3223 3193 3289 3261 τῇ
3316 3189 3705 3260 ὲκκλησιατικῇ

2137 3281 2446 3354 παραδόσει,
2476 3282 2550 3345 ὡς
2572 3282 2633 3334 τὸ
2659 3283 2794 3351 πρὸς
2818 3283 2878 3335 τὸ
2916 3289 3002 3353 μγ¹
3030 3282 3148 3344 ἔτος
3174 3283 3490 3351 Αὐγούστου
3505 3283 3710 3336 Καίσα-

2138 3392 2246 3446 ρος·
2280 3375 2439 3445 ἡνίκα
2471 3377 2498 3428 6
2525 3374 2726 3445 Κύριος
2754 3371 2912 3445 ἡμῶν
2936 3372 3242 3446 ὲσαρκὼθτγ
3283 3375 3417 3445 μόνα
3459 3376 3570 3446 γὰρ
3606 3375 3709 3430 ἀπὸ

2134 3468 2231 3538 τῆς
2257 3469 2424 3538 αὐτῆς
2454 3467 2822 3539 καθαιρέσεως
2859 3467 2953 3521 καὶ
2985 3468 3261 3539 ὑποταγῆς
3295 3467 3576 3535 Αἰγύπτου
3623 3476 3707 3539 μγ

2135 3559 2227 3628 ἔτη
2254 3558 2463 3629 λέγεται
2494 3559 2932 3630 βεϐασιλευκέναι
2960 3559 3112 3630 παρὰ
3131 3563 3240 3622 τοῖς
3262 3560 3664 3631 μαθηματικῶς
3680 3563 3708 3614 6

2134 3650 2456 3719 Αὔγουστος.
2498 3653 2674 3724 Ὅπερ
2705 3655 2752 3706 εί
2782 3653 2958 3724 δῶμεν
2990 3651 3290 3722 ἀληθεύειν,
3335 3652 3704 3722 εὑρηθήσεται

2136 3743 2275 3796 κατὰ
2308 3743 2368 3795 τὸ
2395 3741 2514 3812 ,εφεΙ
2556 3743 2674 3806 ἔτος
2701 3743 2796 3797 τοῦ
2839 3739 3044 3814 κόσμου
3086 3744 3413 3814 τελευτήσας
3444 3746 3475 3796 6
3504 3743 3706 3811 Αὖγου-

2138 3851 2273 3896 στος.
2304 3833 2393 3904 Τῷ
2422 3834 2467 3887 δ’
2497 3834 2643 3904 αὐτῷ
2675 3833 2714 3887 ε’
2751 3835 2900 3888 ἔσται
2931 3836 3028 3907 τῆς
3061 3835 3155 3888 τοῦ
3189 3835 3440 3906 Σωτῆρος
3469 3837 3699 3905 ἡλικίας.

2149 3931 2284 3982 Ἀλλ’
2318 3931 2398 3984 ὅτι
2435 3931 2531 4000 μέν
2570 3933 2684 3984 ἐστι
2719 3933 2759 3963 “
2786 3932 3069 4004 πρόδηλον·
3099 3933 3179 3984 ὅτι
3211 3931 3267 3983 δὲ
3293 3931 3436 3984 κατὰ
3472 3931 3563 3984 τὸν
3600 3932 3701 3984 A6-

2133 4023 2358 4090 γούστου
2385 4024 2660 4094 Καίσαρος
2688 4025 2912 4078 θάνατον
2943 4032 3002 4078 ιε’
3037 4025 3200 4093 ἐγγὺς
3230 4020 3362 4096 ἦγεν
3393 4025 3514 4088 ἔτος·
3537 4028 3564 4078 ό
3593 4025 3699 4077 Κύ-

2135 4130 2268 4184 ριος,
2295 4116 2388 4168 καὶ
2411 4115 2550 4168 κατὰ
2574 4115 2633 4167 τὸ
2665 4123 2721 4168 ιε’
2747 4116 2997 4188 ’Τιϐερίου
3019 4118 3295 4187 Καίσαρος
3318 4117 3449 4169 ὡσεὶ
3478 4117 3613 4170 ἐτῶν
3635 4112 3697 4186 ἦν

2133 4205 2196 4268 λ’,
2229 4206 2301 4269 ὡς
2331 4206 2398 4259 τὰ
2432 4205 2606 4276 λόγια,
2643 4209 2735 4261 καὶ
2773 4208 2930 4261 τοῦτο
2973 4211 3264 4281 προφανές.
3315 4211 3508 4262 Ἔσται
3543 4211 3646 4281 ἄρα
3671 4209 3698 4260 6

2137 4295 2231 4366 μὲν
2262 4296 2568 4363 Αὐγούστου
2601 4298 2878 4370 Καίσαρος
2924 4299 3150 4363 θάνατος
3205 4300 3404 4370 μεταξύ
3454 4317 3558 4352 που
3603 4300 3694 4353 τοῦ

2133 4384 2276 4454 seu?
2313 4385 2572 4456 κοσμικοῦ
2606 4385 2757 4450 ἔτους
2785 4387 3000 4441 καὶτοῦ
3034 4396 3206 4460 ,εφιεη
3245 4390 3276 4458 ἡ
3321 4389 3378 4440 δὲ
3425 4388 3568 4459 ἀρχὴ
3605 4390 3694 4459 τῆς

469 4481 712 4534 nodorus
736 4496 866 4535 vero
901 4481 1343 4535 mathematicum
1378 4495 1639 4534 canonem
1671 4487 1891 4536 secutus
1919 4481 2030 4532 Au-

2136 4477 2257 4546 ὅλης
2293 4476 2568 4546 βασιλείας
2609 4479 2770 4531 αὐτοῦ
2814 4478 2891 4549 τῷ
2923 4487 3100 4551 ,ευνη’.
3154 4481 3472 4552 Πανόδωρος
3512 4481 3588 4545 δὲ,
3631 4483 3690 4549 τῇ

469 4571 612 4639 gusti
634 4570 847 4640 imperii
869 4570 1227 4640 primordium
1258 4571 1489 4624 contulit
1519 4571 1575 4623 in
1609 4585 1809 4624 annum
1841 4570 2028 4624 mundi

445 4656 629 4724 5451,
663 4669 894 4716 mortem
934 4676 1060 4715 vero
1095 4661 1148 4715 in
1194 4677 1395 4716 annum
1436 4661 1595 4727 5506,
1626 4663 2026 4732 generationem

469 4750 703 4820 denique
727 4752 929 4807 Christi
954 4753 1008 4806 in
1037 4753 1194 4817 5493,
1227 4752 1371 4822 quod
1399 4754 1467 4809 ab
1493 4768 1558 4808 eo
1587 4767 1867 4822 perperam
1899 4767 2029 4808 con-

467 4848 578 4896 stat
602 4857 725 4898 esse
753 4841 976 4896 factum.

2138 4571 2487 4640 μαθηματικῇ
2513 4570 2878 4634 ἐξακολουθῶν
2904 4572 3131 4636 ἐκδόσει,
3159 4573 3254 4641 τὴν
3284 4572 3380 4642 μὲν
3406 4573 3581 4643 ἀρχὴν
3602 4572 3692 4640 τῆς
3727 4583 3747 4614 I

2133 4661 2438 4728 Αὐγούστου
2467 4661 2741 4730 βασιλείας
2766 4662 2844 4732 τῷ
2865 4670 3019 4725 ,ευναν
3049 4663 3156 4715 ἔτει
3186 4663 3276 4716 τοῦ
3302 4663 3505 4732 κόσμου
3530 4665 3692 4714 ὲστοι·

2132 4755 2346 4821 χείωσε,
2376 4753 2434 4806 τὸ
2462 4753 2518 4804 δὲ
2550 4753 2698 4815 τέλος
2722 4753 2797 4823 τῷ
2820 4762 2976 4822 ,εφςκ
3005 4755 3102 4826 τὴν
3133 4755 3188 4807 δὲ
3216 4757 3480 4828 σωτήριον
3506 4757 3690 4826 γέννη-

2137 4858 2218 4893 σιν
2243 4840 2319 4912 τῷ
2350 4845 2534 4910 ,ευίιιγς
2569 4843 2629 4895 οὐ
2663 4843 2842 4907 καλῶς
2867 4845 3305 4916 διανοησάμενος.

1371 4995 1467 5055 Ad
1503 4994 1760 5072 Georgii
1802 4992 2078 5071 Syncctli
2123 4995 2566 5071 Fragmentum
2597 4996 2795 5058 Νοιίε.

543 5115 669 5168 Ὅτι
689 5114 802 5183 μὲν
832 5091 999 5184 βφλα
1018 5154 1032 5167 .
1060 5113 1317 5168 Veterum
1352 5114 1650 5168 multorum
1680 5113 1866 5184 opinio
1906 5114 2028 5181 fuit,

467 5203 745 5260 Christum
770 5219 882 5258 uno
917 5211 1125 5257 tantum
1157 5216 1302 5257 anno
1331 5202 1681 5272 praedicasse,
1703 5219 1875 5274 eoque
1901 5218 2030 5272 pas-

470 5308 589 5347 sum
622 5291 812 5346 fuisse.
868 5290 947 5344 Ex
993 5305 1186 5344 eorum
1219 5305 1450 5345 numero
1487 5290 1591 5344 fuit
1627 5289 1942 5355 Africanus,
1968 5299 2030 5345 ut

469 5393 700 5439 testatur
732 5381 1092 5452 Hieronymus
1124 5381 1180 5434 in
1202 5378 1272 5432 1X
1292 5379 1530 5436 Danielis
1557 5399 1568 5434 :
1600 5397 1760 5451 quem
1782 5391 1930 5437 recte
1958 5398 2025 5436 ex

470 5476 792 5530 auctoritate
816 5474 1128 5544 evangelica
1157 5473 1424 5543 Georgius
1461 5473 1754 5545 redarguit.
1772 5473 1906 5530 Vide
1932 5473 2026 5527 Xll

475 5563 546 5618 De
565 5566 808 5620 doctrina
833 5575 1120 5634 temporum
1140 5605 1154 5628 ,
1187 5579 1307 5634 cap.
1341 5563 1432 5620 IX.

539 5720 559 5752 ⁷
587 5733 695 5771 cor.
731 5718 821 5768 καὶ
846 5718 950 5770 τῶν
970 5729 1017 5772 et
1042 5717 1368 5788 ἀλλοφύλων.
1444 5720 1465 5751 ⁸
1487 5721 1526 5788 ί.
1555 5719 1582 5772 ὃ
1609 5721 1763 5790 όμοχ.
1836 5721 1857 5752 ⁸
1889 5721 1994 5774 imo
2019 5723 2086 5773 α’.

2211 5115 2310 5180 Ὧς
2335 5111 2485 5169 εἶναι
2502 5113 2610 5168 τὸν
2643 5115 2761 5170 ἀπὸ
2795 5117 2904 5186 τῆς
2939 5120 3122 5184 θείας.
3153 5121 3280 5176 Tria
3313 5123 3402 5176 hic
3429 5123 3680 5180 observa-

2128 5203 2277 5258 tione
2307 5203 2490 5274 digna.
2521 5205 2790 5273 Alterum,
2823 5217 2987 5278 caput
3008 5212 3138 5265 anni
3169 5212 3221 5267 in
3257 5223 3516 5284 computo
3542 5215 3680 5272 Grae-

2129 5309 2215 5360 co,
2245 5309 2356 5349 non
2400 5304 2642 5366 repetere
2673 5297 2964 5368 Georgium
2997 5317 3028 5355 a
3078 5303 3227 5358 civili
3263 5307 3496 5375 epocha,
3529 5308 3582 5362 id
3603 5317 3681 5365 est

2129 5385 2528 5457 a-Septembri;
2570 5391 2664 5446 sed
2696 5405 2726 5444 a
2759 5408 2928 5448 verno
2979 5405 3224 5465 tempore
3268 5407 3431 5468 atque
3486 5400 3554 5455 ab
3592 5415 3680 5456 Vill

2127 5476 2352 5534 Kalend.
2394 5479 2566 5549 April.
2611 5496 2718 5551 quo
2758 5482 2846 5538 die
2871 5485 3149 5540 conditum
3173 5489 3570 5544 essemundum
3587 5507 3679 5560 pu-

2126 5569 2351 5624 tabant:
2390 5571 2619 5628 alterum
2652 5589 2871 5645 passum
2904 5591 2970 5630 ex
3013 5577 3230 5634 illorum
3269 5582 3524 5638 oninione
3562 5595 3676 5641 esse

2165 5722 2210 5754 ίο
2239 5723 2280 5793 f.
2317 5727 2430 5794 ἔτη.
2510 5729 2550 5759 “
2590 5728 2743 5784 Deest
2771 5730 2991 5796 aliquid.
