3948 6264
251 302 385 357 1115

1221 294 1675 352 DlSSERTATlO
1717 293 1803 350 DE
1832 291 2238 349 GRECORUM
2277 291 2480 350 AEDIS.

3333 299 3469 350 MM

249 415 521 471 Christum
569 411 747 466 Martii
778 428 935 477 xxiii,
976 411 1110 468 feria
1145 428 1232 478 Vl;
1273 412 1642 467 resurrexisse
1677 426 1807 466 vero
1836 419 1883 474 Α
1909 423 2179 463 annorum
2206 408 2374 476 518.1;
2411 410 2592 480 itaque
2642 409 2926 479 legendum
2967 413 3108 482 apud
3159 410 3469 484 Georgium.

249 509 335 563 die
359 523 461 559 xxv
497 526 509 560 :
544 521 704 575 quam
728 504 1012 575 Epiphanii
1038 519 1256 574 quoque
1289 506 1612 558 sententiam
1638 500 1806 556 fuisse

249 607 481 662 constat.
504 595 634 651 Vide
666 613 785 666 qua:
824 611 987 664 super
1015 611 1074 649 ea
1107 595 1306 663 partim
1336 595 1390 648 in
1422 593 1801 648 Animadvers.

250 690 315 744 ad
368 690 499 743 liter.
546 687 634 752 Ll,
678 687 876 757 partim
916 687 972 740 in
1011 685 1102 739 ΧΠ
1133 687 1208 740 De
1232 686 1474 740 doctrina
1513 694 1806 754 temporum

248 780 618 852 exposuimus.
661 777 795 832 Cum
850 787 1029 834 autem
1061 781 1237 848 capite
1277 777 1543 848 superiori
1581 777 1806 831 demon-

249 877 476 927 stratum
509 870 580 925 sit
629 868 950 936 Maximum,
988 885 1149 941 quem
1185 869 1470 940 Georgius,
1501 879 1554 924 et
1600 867 1802 934 caeteri,

247 960 340 1031 qui
393 959 818 1015 Alexandrinam
863 974 1027 1014 teram
1080 966 1395 1021 tenuerunt,
1427 958 1600 1013 secuti
1653 965 1802 1020 sunt,

246 1050 450 1105 Christi
499 1051 812 1120 passionem
861 1051 914 1104 in
947 1066 1070 1105 eum
1120 1066 1321 1104 annum
1357 1051 1679 1114 contulisse,
1711 1049 1805 1120 qui

246 1153 330 1197 est
377 1157 499 1196 terre
563 1151 765 1197 nostra:
797 1158 935 1206 xui,
994 1141 1202 1212 periodi
1255 1139 1485 1196 Julianze
1524 1142 1687 1205 4755,
1740 1155 1806 1196 eo

247 1246 393 1286 anno
425 1231 821 1286 admirabiliter
849 1231 1098 1300 contigit,
1126 1239 1184 1284 ut
1217 1231 1271 1285 in
1292 1231 1434 1287 diem
1463 1230 1642 1286 Martii
1667 1246 1806 1285 xxiii

246 1321 455 1376 decima
523 1331 716 1391 quarta
775 1321 1056 1377 Paschalis
1114 1321 1399 1376 incideret.
1455 1320 1806 1376 Novilunium

248 1413 393 1468 enim
417 1429 485 1467 ex
517 1413 781 1469 Parisinis
804 1413 1000 1468 tabulis
1033 1414 1385 1470 commissum
1421 1422 1505 1469 est
1537 1413 1718 1468 Martii
1748 1430 1804 1478 x,

247 1503 381 1559 feria
412 1519 510 1569 vn,
561 1505 693 1558 hora
726 1504 822 1570 10,
859 1506 941 1559 21'
984 1506 1041 1560 in
1083 1505 1364 1561 liorizonte
1416 1503 1807 1577 Hierosolymi-

244 1602 399 1652 tano.
419 1595 599 1664 Quare
621 1596 833 1652 decima
862 1606 1058 1669 quarta
1090 1597 1343 1652 convenit
1363 1598 1418 1651 in
1439 1597 1618 1652 Martii
1648 1614 1804 1664 χχιιι,

245 1687 384 1744 feria
434 1705 520 1755 vr;
576 1689 930 1760 plenilunium
982 1705 1110 1745 vero
1183 1691 1420 1745 medium
1475 1691 1653 1746 Martii
1701 1708 1806 1745 xxv

246 1778 492 1845 ineunte,
517 1780 648 1834 hora
667 1779 917 1835 videlicet
940 1779 992 1846 1,
1019 1779 1145 1835 55'a
1172 1779 1346 1834 media
1373 1788 1555 1835 nocte.
1586 1780 1805 1836 Nicaeno

243 1886 378 1926 vero
407 1879 650 1940 tempore
687 1872 972 1927 neomenia
1011 1872 1239 1927 cadebat
1271 1873 1326 1928 in
1377 1889 1427 1926 ix
1481 1873 1682 1940 Martii,
1715 1890 1808 1947 cy-

245 1961 333 2014 clo
362 1976 394 2012 v
427 1960 639 2014 decima
669 1967 886 2030 quarta,
921 1958 1100 2013 Martii
1135 1975 1248 2014 xxii
1275 1975 1287 2011 :
1326 1958 1472 2030 quod
1494 1959 1563 2014 ad
1594 1958 1808 2015 Graeco—

242 2065 368 2105 rum
396 2050 852 2122 computistarum
897 2060 1132 2104 mentem
1172 2050 1410 2119 perbelle
1447 2050 1804 2120 congruebat,

241 2143 338 2213 qui
369 2149 425 2197 et
478 2141 655 2196 Martii
702 2157 858 2205 xxiii,
889 2147 944 2195 et
978 2139 1112 2194 feria
1144 2156 1216 2205 νι,
1254 2147 1309 2195 et
1352 2141 1655 2210 plenilunio
1685 2156 1808 2210 pas-

241 2248 364 2287 sum
416 2248 543 2288 esse
592 2231 870 2287 Christum
905 2232 1309 2286 asseverabant.
1345 2229 1451 2286 Sed
1492 2232 1608 2288 haec
1645 2247 1808 2304 quam

238 2324 462 2378 illorum
507 2323 814 2378 rationibus
843 2331 1205 2378 consentanea
1242 2324 1493 2378 videntur
1520 2333 1628 2377 tam
1679 2335 1808 2381 sunt

233 2415 475 2479 absona,
513 2424 566 2470 et
603 2415 671 2469 ab
708 2414 1022 2486 evangelica
1066 2415 1294 2469 veritate
1339 2430 1566 2485 prorsus
1607 2416 1804 2472 aliena.

235 2504 344 2560 Sed
385 2520 498 2560 nec
542 2504 830 2574 Epiphanii
880 2503 1206 2559 sententiam
1250 2504 1484 2559 assecuti
1524 2504 1603 2559 illi
1649 2511 1805 2573 sunt;

229 2613 399 2668 quam
448 2612 550 2652 nos
581 2596 793 2651 abunde
837 2595 994 2651 libris
1031 2597 1139 2650 illis
1171 2597 1589 2666 explicavimus.
1624 2596 1809 2654 Tertio

226 2689 482 2758 denique
509 2695 725 2744 constat
743 2704 808 2743 ex
834 2687 1055 2741 Maximi
1095 2702 1158 2742 ac
1189 2685 1537 2758 TheOphanis
1566 2687 1807 2754 decreto,

234 2778 525 2834 Christum
561 2779 848 2833 Dominum
879 2778 1114 2833 triennio
1137 2821 1151 2845 ,
1181 2794 1246 2834 ac
1274 2779 1558 2835 mensibus
1589 2780 1810 2835 circiter

230 2871 428 2925 tribus
457 2887 486 2924 a
519 2871 794 2941 baptismo
826 2871 1172 2941 praedicasse,
1222 2877 1282 2925 ut
1328 2873 1420 2942 qui
1457 2887 1601 2927 anno
1631 2875 1809 2928 aetatis

236 2953 472 3016 ineunte
524 2977 674 3027 xxxi,
716 2960 960 3015 Januarii
1010 2977 1083 3028 vt,
1120 2962 1426 3033 baptizatus
1476 2966 1568 3028 sit,
1620 2965 1810 3020 mundi

241 3053 382 3109 5550
400 3063 659 3120 eXeunte,
683 3054 756 3107 ita
780 3062 836 3107 ut
858 3053 989 3111 5551
1018 3054 1266 3123 proximo
1282 3069 1407 3109 vere
1436 3055 1765 3111 successerit
1792 3072 1806 3108 :

243 3161 392 3200 anno
425 3146 635 3215 periodi
662 3145 891 3200 Jutiana:
914 3145 1075 3213 4752,
1103 3161 1300 3216 passus
1343 3155 1527 3202 autem
1555 3149 1628 3204 sit
1665 3162 1809 3203 anno

233 3237 424 3291 {etatis
451 3253 625 3290 xxxiii
656 3238 928 3302 absoluto,
978 3253 1043 3293 ac
1097 3239 1275 3294 tribus
1308 3250 1568 3310 pmterea
1601 3242 1809 3295 mensi-

243 3329 386 3397 bus;
417 3327 606 3382 mundi
641 3328 782 3383 5555
807 3325 1113 3394 desinente,
1158 3329 1369 3399 periodi
1392 3328 1623 3386 Juliana:
1647 3332 1808 3386 4753.

245 3421 307 3475 in
351 3434 464 3490 quo
506 3420 575 3474 ab
622 3418 909 3489 Epiphanii
956 3420 1226 3474 sententia
1286 3419 1620 3474 desciscunt.
1677 3420 1814 3476 Vide

245 3507 470 3563 Maximi
499 3523 617 3578 cap.
648 3506 864 3563 XXXII.
911 3505 1205 3562 Sciendum
1251 3517 1334 3564 est
1372 3523 1558 3578 porro,
1594 3508 1814 3564 Gnaeos

236 3608 464 3656 atatem
502 3599 708 3655 Christi
765 3599 833 3653 ab
885 3597 1268 3654 incarnatione
1319 3600 1438 3670 ipsa
1484 3615 1811 3666 numerare,

242 3709 380 3758 non,
404 3699 465 3746 ut
497 3693 640 3746 ratio
676 3691 937 3762 postulat,
971 3700 1024 3745 et
1047 3705 1145 3745 nos
1183 3691 1346 3762 vulgo
1375 3691 1626 3756 facimus,
1659 3692 1814 3747 abeo

241 3793 516 3855 tempore,
554 3799 661 3854 quo
682 3793 835 3841 extra
880 3793 1092 3839 uterum
1125 3785 1348 3854 prodiit.
1381 3783 1626 3850 Quorum
1652 3785 1814 3841 insti-

245 3884 427 3931 tutum
463 3874 690 3930 Romani
722 3891 938 3946 quoque
981 3877 1324 3945 computistaa
1364 3877 1632 3947 complexi
1663 3885 1810 3945 sunt,

245 3969 548 4040 Dionysius
584 3969 847 4040 Exiguus,
879 3969 1052 4032 Beda,
1085 3978 1139 4024 et
1181 3969 1457 4026 inferioris
1493 3971 1590 4024 aevi
1617 3986 1816 4041 prope-

244 4063 473 4116 modum
501 4077 710 4118 omnes.
753 4061 892 4118 Hinc
936 4063 1199 4133 Georgius
1239 4077 1414 4119 annos
1444 4063 1566 4117 vitae
1602 4061 1814 4118 Domini

245 4162 445 4225 putare
469 4154 662 4224 incipit
681 4169 712 4208 a
744 4171 849 4208 xxv
878 4153 1084 4226 Martii.

319 4231 624 4302 Σκοπειτὼ
647 4249 734 4313 εὶς
763 4245 880 4315 τὴν
917 4255 1008 4302 ια’.
1057 4247 1238 4304 Divisa
1286 4263 1499 4304 summa
1544 4262 1814 4302 annorum

245 4337 390 4394 5555
439 4355 536 4409 per
566 4339 690 4403 532,
731 4340 858 4395 ﬁent
904 4341 1166 4396 absoluta:
1201 4341 1407 4411 periodi
1439 4357 1493 4406 x,
1534 4348 1588 4396 et
1637 4355 1814 4395 annus

1840 1752 1878 1808 Β

1836 3101 1878 3158 C

1907 500 1989 553 Ad
2043 499 2185 552 hanc
2240 514 2506 554 summam
2569 501 2615 555 si
2652 501 2792 554 22l5
2843 503 3146 573 adjeceris,
3209 513 3344 575 quot
3401 507 3470 561 ab

1906 589 2197 644 Abrahami
2230 589 2394 642 natali
2421 590 2488 643 ad
2513 598 2692 644 ortum
2716 589 2921 647 Christi
2951 593 3249 664 interponit
3298 595 3472 651 Euse-

1908 681 2049 741 hius,
2085 679 2282 736 emcies
2313 696 2486 736 annos
2509 681 2665 738 5199.
2695 683 2774 737 Ac
2806 700 2991 739 revera
3031 687 3260 742 totidem
3294 703 3470 745 annos

1906 786 1973 826 ex
1998 771 2216 826 Eusebii
2267 773 2477 828 calculo
2511 773 2687 828 Latini
2737 777 3073 847 antiquiores
3107 781 3420 849 exprimunt
3449 801 3466 838 :

1906 870 1960 918 et
1993 864 2049 918 in
2099 863 2342 920 Romano
2381 865 2763 938 Martyrologio
2824 887 2918 924 vm
2955 871 3196 944 Kalend.
3242 872 3466 930 Ianuar.

1906 972 2165 1011 numerus
2196 957 2285 1011 ille
2315 959 2642 1027 concipitur.
2679 958 2812 1015 Vide
2847 961 2942 1017 lib.
2992 961 3062 1016 IX
3100 964 3178 1019 De
3226 965 3470 1020 doctrina

1909 1061 2217 1118 temporum,
2242 1064 2364 1121 cap.
2399 1048 2462 1104 ll.
2494 1049 2664 1105 Porro
2695 1052 2760 1106 ad
2797 1053 3130 1122 passionem,
3174 1073 3295 1125 quae
3325 1073 3470 1113 anno

1905 1141 2198 1196 Abrahami
2227 1141 2362 1196 2047
2398 1142 2639 1211 ponitur,
2663 1144 2786 1197 anni
2813 1152 2940 1198 sunt
2974 1160 3003 1198 a
3034 1147 3253 1200 conditu
3287 1163 3470 1202 rerum

1907 1232 2062 1287 523l.
2099 1231 2368 1298 Quaeritur
2399 1233 2666 1302 Georgius
2689 1233 2755 1287 ab
2783 1232 3016 1288 Eusebio
3046 1236 3469 1305 prmterniissum

1906 1323 2134 1387 Cainan,
2169 1331 2223 1378 et
2271 1324 2391 1394 ejus
2439 1339 2615 1379 annos
2644 1339 2824 1379 cxxx:
2855 1325 2977 1380 ideo
3017 1327 3279 1382 minorem
3321 1329 3471 1398 justo

1906 1430 2028 1472 esse
2049 1431 2317 1471 summam
2347 1416 2413 1471 ad
2443 1423 2621 1470 ortum
2661 1415 2992 1484 Abrahami;
3025 1433 3187 1488 quam
3239 1420 3355 1487 ipse
3396 1421 3474 1476 ait

1907 1521 2032 1562 esse
2062 1521 2331 1561 annorum
2373 1507 2531 1572 5512,
2557 1507 2756 1577 quibus
2804 1507 2970 1562 additi
3007 1511 3138 1563 anni
3187 1505 3348 1572 2221,
3377 1513 3469 1580 qui

1908 1597 1976 1650 ab
2001 1595 2313 1651 Abrahamo
2341 1597 2410 1652 ad
2446 1597 2652 1654 Christi
2683 1600 2994 1670 passionem
3024 1601 3292 1666 interiecti
3321 1613 3470 1668 sunt,

1907 1687 2145 1742 eiiiciunt
2168 1702 2343 1743 annos
2366 1688 2539 1756 5535;
2563 1704 2686 1744 cum
2714 1696 2898 1744 tamen
2926 1689 3192 1746 Eusebius
3213 1698 3266 1746 et
3299 1706 3472 1746 annos

1908 1780 1977 1834 ab
1995 1779 2304 1834 Abrahamo
2327 1789 2576 1835 numeret
2599 1780 2668 1835 ad
2688 1780 2959 1836 Christum
2982 1780 3143 1848 2048,
3162 1792 3213 1836 et
3241 1782 3309 1838 iis
3333 1783 3474 1852 prio-

1907 1885 2019 1924 rem
2054 1867 2121 1922 ad
2145 1884 2430 1923 numerum
2461 1868 2716 1939 adjectis,
2751 1886 3016 1926 summam
3046 1872 3171 1926 inde
3216 1873 3472 1927 conﬁciat

1907 1975 2176 2016 annorum
2199 1958 2360 2017 5252.
2388 1958 2595 2015 Desunt
2625 1961 2751 2015 anni
2789 1962 2883 2016 501
2926 1960 2993 2015 ad
3035 1959 3250 2031 Georgii
3282 1962 3471 2015 calcu-

1907 2053 2019 2107 lum
2051 2070 2064 2106 :
2102 2066 2240 2122 quos
2270 2053 2387 2122 ipse
2414 2051 2585 2107 variis
2613 2051 2790 2108 modis
2830 2041 3108 2108 inculcare
3138 2052 3352 2108 nititur.
3399 2055 3472 2107 De

1906 2142 2172 2202 Cainano.
2208 2150 2262 2196 et
2288 2141 2449 2196 annis
2482 2141 2735 2196 Judicum
2773 2142 3088 2212 plenissime
3116 2143 3285 2198 habes
3318 2143 3373 2198 in
3398 2141 3470 2196 IX

1909 2233 1984 2288 De
2007 2233 2248 2288 doctrina
2281 2243 2587 2302 temporum.
2614 2232 2829 2305 Georgii
2878 2234 3194 2307 μικρολογία
3226 2235 3332 2290 ista
3360 2251 3472 2290 non

1908 2332 1991 2379 cst
2020 2326 2207 2379 nauci.

1977 2416 2325 2484 Πανόδωρος
2354 2415 2422 2471 δέ
2446 2433 2556 2483 τις.
2591 2415 2747 2472 Nunc
2780 2417 2849 2474 de
2875 2417 3045 2474 altero
3072 2427 3348 2491 computo,
3379 2421 3471 2490 qui

1908 2515 1992 2564 est
2029 2506 2301 2562 Panodori
2333 2509 2613 2566 monachi.
2657 2509 2705 2564 ls
2732 2519 2894 2565 aa‘ram
2935 2510 3169 2580 priorem
3203 2526 3473 2566 annorum

1910 2602 1977 2657 ad
2038 2601 2243 2658 Christi
2307 2601 2714 2675 ὲνανθρώπησιν
2764 2602 2896 2658 5501
2952 2611 3078 2658 octo
3143 2603 3331 2668 annis,
3387 2604 3474 2658 vel

1910 2692 2099 2748 decem
2145 2693 2485 2761 decurtavit;
2519 2695 2679 2764 cujus
2719 2693 2925 2749 inventi
2981 2694 3280 2765 probabilis
3321 2703 3404 2750 est
3443 2711 3475 2749 a

1909 2787 2071 2842 nobis
2110 2801 2275 2855 supra
2299 2786 2508 2840 reddita
2532 2787 2706 2841 ratio:
2732 2801 2897 2856 quam
2927 2802 3058 2841 vero
3087 2785 3354 2857 Georgius
3393 2786 3477 2840 af-

1910 2877 2034 2941 fert,
2063 2875 2254 2931 frivola
2285 2883 2399 2944 cst;
2443 2891 2544 2932 nec
2593 2877 2718 2948 jure
2763 2877 3039 2932 hominem
3088 2878 3371 2947 redarguit
3418 2885 3478 2932 ut

1909 2984 2035 3023 mox
2057 2967 2348 3023 videbitur.

1993 3057 2123 3111 Ἐπὶ
2149 3057 2257 3127 γὰρ
2281 3058 2348 3111 τὸ
2385 3066 2436 3112 α’
2460 3059 2614 3126 ἔτος.
2657 3058 2790 3126 Qua
2838 3066 3146 3130 sequuntur
3192 3058 3479 3131 insignite:

1911 3147 2204 3217 depravata
2254 3155 2416 3217 sunt;
2468 3165 2645 3220 neque
2693 3149 2778 3204 vis
2829 3148 3337 3219 argumentationis,
3367 3164 3479 3220 qua

1911 3236 2258 3292 Panodorum
2303 3238 2588 3311 Syncellus
2632 3248 2940 3310 Oppugnat,
2975 3241 3112 3296 satis
3138 3239 3482 3294 animadver-

1913 3332 2066 3387 titur.
2115 3331 2289 3402 llujus
2339 3341 2520 3388 tamen
2576 3334 2690 3387 haec
2731 3348 2945 3388 summa
3001 3333 3327 3388 coniicitur:
3356 3333 3481 3388 ideo

1913 3431 2117 3492 septem
2135 3423 2292 3478 annis
2318 3423 2502 3479 minus
2527 3431 2750 3493 putasse
2776 3423 3146 3489 Panodorum,
3176 3423 3324 3493 quod
3351 3439 3477 3477 cum

1913 3525 2058 3566 anno
2095 3512 2282 3566 mundi
2301 3513 2440 3567 5458
2469 3513 2748 3582 Augustus
2781 3514 3052 3583 imperare
3077 3515 3302 3583 cmperit
3354 3524 3480 3584 post

1913 3601 2250 3656 necemJulii
2285 3602 2536 3667 Caesaris,
2567 3602 2890 3657 Panodorus
2919 3604 3049 3658 5451
3099 3607 3479 3661 tantummodo

1915 3694 2181 3762 posuerit,
2222 3693 2734 3748 mathematicorum
2767 3694 3039 3749 calculum
3081 3703 3322 3750 secutus.
3355 3695 3480 3750 Fuit

1915 3783 2056 3853 apud
2096 3792 2440 3840 astronomos
2476 3787 2529 3839 in
2557 3801 2660 3840 usu
2700 3800 2877 3840 canon
2908 3786 3152 3856 quidam,
3180 3788 3292 3842 sive
3314 3788 3481 3843 later-

1915 3876 2099 3928 culum
2128 3891 2336 3947 regum,
2355 3878 2444 3948 qui
2475 3875 2907 3933 aNabonassaro
2936 3879 3002 3934 ad
3032 3878 3363 3934 Antoninum
3389 3897 3482 3936 us-

1914 3982 2023 4037 que
2067 3974 2417 4038 prepagatur,
2450 3968 2709 4023 nimirum
2754 3969 2822 4023 ad
2866 3969 3139 4025 Ptolemai
3180 3979 3423 4042 tempora
3460 3987 3476 4025 :

1917 4058 2008 4127 qui
2034 4073 2064 4111 a
2089 4058 2356 4116 Chaldazis
2383 4061 2640 4115 traditum
2665 4077 2929 4118 canonem
2964 4060 3224 4116 Romanis
3253 4063 3482 4133 impera-

1915 4152 2128 4206 toribus
2153 4152 2376 4208 auxisse
2403 4152 2639 4208 videtur'.
2671 4152 2872 4210 Verum
2912 4154 2966 4207 in
2997 4154 3137 4208 libro
3178 4155 3480 4225 προχείρων

1916 4242 2176 4307 κανόνων,
2223 4245 2317 4314 qui
2364 4245 2578 4302 tabulas
2626 4247 3021 4301 astronomicas
3081 4247 3478 4316 complectitur,

1917 4351 2091 4390 canon
2117 4336 2260 4391 idem
2287 4353 2318 4390 a
2361 4337 2614 4409 Philippo
2661 4338 2876 4393 Aridaeo
2909 4339 3139 4408 incipit,
3174 4346 3234 4393 ut
3261 4339 3316 4392 in
3364 4353 3481 4391 ma-

243 4430 353 4484 215
385 4431 722 4495 undecimae,
753 4447 862 4502 quo
910 4447 1099 4488 revera
1129 4442 1325 4504 quarta
1372 4432 1582 4488 decima
1610 4433 1811 4489 Christi
1845 4430 1890 4488 D
1919 4427 2219 4496 uuscriplis
2240 4427 2522 4482 codicibus
2547 4437 2792 4499 apparet.
2818 4430 2910 4498 qui
2936 4428 3173 4484 Theonis
3201 4445 3478 4484 commen-

247 4522 457 4575 saaculo
497 4521 688 4578 incidit
713 4523 770 4578 in
799 4523 988 4580 Martii
1019 4524 1162 4580 diem
1196 4541 1358 4590 xxiii,
1384 4534 1444 4580 ut
1481 4525 1644 4597 paulo
1690 4531 1815 4580 ante

243 4613 512 4667 vidimus.

318 4699 529 4771 Πρώτῃ
552 4701 618 4755 δὲ
638 4703 742 4757 τοῦ
773 4706 906 4773 παρ’
948 4705 1255 4772 Ἑϐραίοις.
1299 4704 1493 4759 Mirum
1545 4704 1677 4760 illud
1709 4711 1814 4772 est,

246 4809 360 4848 non
411 4794 587 4847 solum
641 4796 978 4850 neomeniam
1025 4796 1195 4853 fuisse
1241 4795 1408 4853 Nisan
1453 4795 1595 4851 diem
1640 4796 1814 4858 illum,

245 4902 413 4956 quem
459 4886 604 4942 luna:
635 4903 727 4942 xvr
764 4888 849 4944 vel
881 4905 992 4943 xvu
1025 4904 1146 4945 esse
1182 4889 1313 4945 dicit
1342 4932 1358 4956 ,
1405 4890 1502 4945 sed
1548 4888 1816 4958 ejusmodi

247 4993 473 5047 semper
499 4979 796 5036 exstitisse.
833 4977 1002 5052 Nugas
1042 4983 1158 5037 istae
1194 4990 1354 5048 sunt,
1386 4983 1491 5037 nisi
1523 4981 1627 5036 hoc
1674 4979 1818 5036 forte

251 5071 448 5135 voluit,
491 5071 645 5126 init-io
687 5088 870 5126 rerum
917 5064 1152 5142 primum
1192 5089 1457 5142 mensem,
1493 5073 1608 5129 sive
1646 5071 1817 5128 Nisan

247 5160 598 5216 neomeniam
627 5162 886 5219 habuisse
909 5180 1013 5218 xxv
1040 5163 1128 5218 die
1158 5162 1357 5217 Martii.

336 5253 400 5304 '0
416 5251 533 5320 μὲν
555 5247 667 5307 οὖν
702 5255 1068 5322 Ἀφρικανός.
1091 5253 1220 5308 Vide
1249 5253 1531 5324 superiora
1562 5254 1686 5309 libri
1717 5253 1826 5309 hu-'

243 5344 340 5411 jus
363 5345 534 5398 nostri
566 5345 766 5415 capita.

319 5434 614 5500 Εὐσέϐιος
661 5435 730 5488 δὲ
765 5439 798 5490 ό
835 5437 1173 5506 Παμφίλου.
1230 5434 1287 5489 In
1333 5436 1593 5491 chronico
1633 5445 1817 5507 poste-

247 5527 426 5588 riore,
464 5526 755 5597 interprete
809 5537 999 5584 sancto
1045 5526 1396 5600 Hieronymo,
1449 5527 1715 5585 Eusebius
1759 5530 1816 5584 in

247 5615 528 5670 Prommio
553 5627 802 5673 numerat
846 5619 915 5674 ab
972 5619 1178 5673 Adamn
1214 5621 1280 5675 ad
1325 5620 1588 5674 diluvium
1639 5635 1814 5676 annos

247 5706 416 5775 2242,
453 5723 480 5762 a
517 5708 720 5767 diluvio
771 5710 838 5766 ad
866 5718 1046 5768 ortum
1074 5711 1386 5780 Abrahami,
1417 5712 1542 5771 942.
1589 5710 1814 5769 Summa

1915 4519 2088 4574 tarius
2117 4521 2196 4582 εἰς
2227 4521 2352 4583 τοὺς
2382 4521 2701 4593 προχείρους
2749 4522 2978 4586 κανόνας
3008 4522 3284 4576 exhibent.
3314 4521 3482 4592 Igitur

1916 4622 1945 4661 a
1976 4617 2153 4664 morte
2200 4609 2515 4674 Alexandri,
2549 4619 2604 4666 et
2630 4610 2806 4665 Thotb
2840 4610 3097 4681 Philippi,
3138 4611 3206 4664 ad
3252 4618 3478 4665 mortem

1915 4700 2235 4770 Cleopatrae,
2268 4705 2399 4758 anni
2431 4705 2762 4775 colliguntur
2789 4703 2913 4758 294.
2950 4703 3077 4758 lnde
3108 4703 3340 4773 Augusti
3366 4703 3483 4757 Cai-

1917 4793 2058 4847 saris
2092 4792 2184 4848 45.
2217 4793 2426 4864 Duplex
2462 4797 2609 4851 enim
2647 4797 2863 4850 initium
2891 4795 3147 4865 Augusti,
3187 4795 3418 4848 alterum
3449 4809 3480 4848 a

1916 4891 2090 4938 morte
2120 4872 2273 4938 'Julii
2319 4885 2573 4952 Caesaris,
2609 4887 2840 4941 alterum
2886 4901 2918 4939 a
2976 4900 3107 4940 nece
3156 4883 3376 4939 Antonii
3426 4892 3483 4938 et

1917 4973 2238 5043 CleOpatrae,
2271 4991 2390 5047 quae
2419 4984 2505 5032 est
2543 4978 2748 5048 epocha
2799 4992 3064 5032 annorum
3111 4977 3476 5031 Actiacorum.

1917 5069 2203 5126 Intervalla
2232 5083 2396 5138 porro
2438 5083 2705 5124 annorum
2732 5083 2762 5122 a
2805 5069 3091 5124 neomenia
3119 5065 3320 5131 Thoth,
3360 5081 3482 5136 quae

1917 5163 2228 5235 principum
2286 5169 2516 5217 mortem
2549 5163 2797 5234 proxime
2829 5172 3122 5218 consecuta
3155 5168 3257 5227 est,
3293 5161 3349 5215 in
3387 5161 3480 5214 illo

1917 5268 2128 5309 canone
2164 5253 2487 5323 procedunt.
2532 5253 2776 5309 Mortuus
2801 5261 2884 5309 est
2914 5251 3221 5308 Alexander
3251 5251 3481 5320 Magnus

1915 5361 2062 5402 anno
2082 5345 2259 5417 primo
2277 5347 2500 5402 ineunte
2523 5345 2848 5417 Olympiadis
2863 5360 3008 5411 cxiv,
3026 5344 3234 5414 periodi
3248 5341 3478 5397 Iuliana:

1916 5439 2079 5504 4590,
2111 5454 2256 5493 anno
2282 5437 2655 5494 Nabonassari
2682 5437 2806 5503 424,
2837 5438 2933 5508 qui
2956 5438 3121 5507 carpit
3155 5435 3480 5490 Novembris

1918 5547 2016 5585 ιιι.
2051 5529 2232 5596 Quare
2259 5530 2438 5585 Thoth
2471 5529 2705 5600 Philippi
2735 5529 2955 5594 Aridaai,
2980 5531 3094 5585 sive
3130 5527 3324 5581 mortis
3351 5525 3477 5579 Ale-

1919 5619 2132 5684 xandri,
2156 5622 2407 5676 convenit
2439 5621 2493 5675 in
2517 5620 2835 5676 Novembris
2852 5635 2925 5674 xit
2959 5621 3085 5673 anni
3113 5617 3354 5689 ejusdem
3384 5633 3476 5683 pc-

1916 5711 2057 5768 riodi
2085 5710 2311 5769 Julianas
2341 5712 2500 5776 4590.
2538 5721 2590 5770 et
2609 5712 2824 5770 initium
2850 5711 2996 5769 dedit
3027 5727 3168 5768 anno
3195 5709 3476 5767 Nabonas-
