3948 6264
533 343 667 395 1415

1547 330 1636 384 A-D
1679 326 1945 383 EUSEBII
1985 320 2380 384 CHRONICON
2420 319 2778 375 APPENDIX.

3583 321 3701 378 1416

529 453 638 510 sari
676 451 800 508 425.
841 450 966 505 Haec
1013 458 1096 506 est
1129 448 1336 519 epocha
1379 447 1486 501 τῶν
1521 446 1825 518 προχείρων
1856 444 2094 499 κανόνων

2201 440 2340 496 ticus
2371 439 2440 493 ab
2467 436 2688 494 exordio
2709 434 2938 504 Philippi
2957 433 3021 486 ad
3037 431 3264 500 Augusti
3285 431 3515 485 ultimum
3537 448 3704 490 nume-

528 543 823 598 Ptolema‘ei.
852 541 898 594 Α
928 555 1034 610 qua
1071 539 1196 592 anni
1235 545 1362 592 sunt
1393 535 1699 606 Egyptiaci
1729 533 1834 587 294
1859 531 2092 586 absoluti

527 636 596 688 ad
627 632 803 686 Thoth
852 630 1159 692 Actiacum,
1207 628 1322 682 sive
1361 626 1700 681 neomeniam
1743 622 1942 687 Thoth,
1972 637 2093 691 qua:

528 739 674 776 anno
713 723 826 789 illo,
861 735 970 792 quo
1010 727 1224 773 mortua
1268 727 1352 773 est
1401 717 1720 785 Cleopatra,
1761 715 1992 768 incurrit
2037 714 2092 766 in

527 829 654 869 xxxi
681 813 823 866 diem
849 810 1075 880 Augusti
1099 827 1112 876 ;
1147 818 1200 864 et
1228 808 1508 863 exordium
1533 807 1714 860 attulit
1742 820 1884 858 anno
1917 803 2095 858 Nabo-

525 904 742 959 nassari
777 901 898 968 719,
939 917 1083 955 anno
1123 901 1327 969 periodi
1357 898 1587 952 Juliana:
1614 896 1774 960 4684,
1812 895 1972 950 Urbis
2003 911 2092 950 se-

527 995 765 1050 cundum
792 991 1090 1046 Varronem
1110 991 1230 1044 724.
1251 989 1602 1044 Intervallum
1625 1003 1654 1042 a
1676 997 1849 1042 morte
1861 987 2096 1040 Alexan-

527 1088 612 1141 dri
647 1087 714 1140 ad
760 1085 940 1140 Thoth
987 1084 1295 1148 Actiacum,
1343 1083 1471 1136 anni
1523 1081 1687 1136 solidi
1720 1080 1845 1134 294.
1880 1078 2094 1133 Rursus

527 1177 759 1248 Augusti
791 1192 940 1231 mors
981 1176 1210 1246 contigit
1249 1191 1392 1230 anno
1423 1175 1582 1230 Urbis
1612 1173 1731 1237 767,
1761 1168 1965 1227 mensis
1999 1186 2094 1224 co-

530 1269 806 1337 gnominis
866 1284 980 1333 xix,
1014 1282 1390 1339 epagomenon
1421 1281 1473 1332 ν,
1517 1265 1645 1318 anni
1690 1261 2094 1319 Nabonassarei

531 1360 633 1413 762
654 1377 668 1424 ;
691 1359 852 1427 cujus
886 1357 1066 1411 Thoth
1105 1358 1227 1411 iniit
1251 1357 1479 1429 Augusti
1511 1373 1603 1421 xx,
1631 1357 1839 1426 periodi
1865 1355 2095 1410 Iuliana:

527 1452 687 1514 4727,
714 1452 925 1506 decimo
955 1457 1151 1521 quarto
1187 1451 1494 1506 communis
1551 1466 1691 1505 ama.
1719 1449 1824 1504 Sed
1859 1457 1972 1503 tum
2001 1465 2097 1502 an-

529 1556 632 1595 nus
665 1541 825 1602 1ixus,
856 1547 910 1594 et
938 1540 1197 1593 Actiacus
1240 1541 1435 1593 eratin
1474 1555 1672 1606 cursu;
1715 1538 1874 1607 cujus
1916 1538 2092 1592 Thoth

527 1640 787 1702 perpetuo
828 1631 897 1687 ab
940 1631 1172 1702 Augusti
1212 1646 1340 1684 xxrx
1370 1630 1458 1685 die
1505 1631 1952 1699 auspicabantur.
1988 1629 2095 1683 lta-

525 1739 631 1793 que
659 1737 686 1776 a
709 1721 883 1778 Thoth
905 1723 1147 1788 Actiaco,
1179 1724 1244 1778 ad
1275 1722 1454 1778 Thoth
1481 1724 1672 1778 mortis
1693 1721 1941 1793 Augusti,
1967 1723 2094 1776 anni

2194 543 2280 585 rat
2306 545 2479 584 annos
2508 536 2780 583 vertentes
2796 526 2918 588 557,
2943 525 3015 578 ita
3040 533 3096 578 ut
3117 525 3222 578 558
3239 524 3305 577 ab
3323 525 3531 593 Augusti
3554 535 3708 582 morte

2193 624 2439 693 cmperit.
2469 620 2587 676 Jan.
2614 622 2660 676 si
2686 635 2857 674 annos
2882 617 2984 672 558
3005 618 3229 687 adjicias
3258 616 3324 669 ad
3349 616 3447 670 424
3468 617 3710 675 Nabonas-

2195 718 2340 778 sari,
2373 713 2697 770 conﬂabitur
2741 726 2916 764 annus
2960 707 3325 762 Nabonassari
3365 708 3481 772 762,
3519 711 3602 778 qui
3639 721 3708 765 est

2196 807 2371 862 Thoth
2401 807 2592 860 mortis
2620 801 2868 874 Augusti.
2896 799 3047 854 Adde
3071 801 3291 854 eosdem
3321 799 3420 853 558
3447 799 3506 853 ad
3534 815 3706 856 annum

2194 899 2464 956 Panodori
2488 897 2646 960 5169,
2680 897 2908 950 exsistet
2936 907 3108 947 annus
3145 892 3327 946 mundi
3355 892 3502 946 5507.
3533 892 3709 950 Rectis-

2195 996 2333 1050 sime
2376 993 2558 1062 itaque
2583 989 2904 1044 Panodorus
2934 1003 3044 1040 non
3083 986 3261 1042 solum
3296 983 3467 1037 Thoth
3508 985 3707 1057 Philippi

2195 1102 2318 1140 eum
2358 1099 2500 1138 anno
2545 1081 2785 1151 computi
2821 1080 2906 1134 sui
2937 1079 3074 1133 5170
3109 1077 3410 1146 copulavit,
3443 1078 3529 1130 sed
3571 1080 3706 1132 etiam

2195 1177 2429 1247 primum
2459 1189 2661 1228 annum
2681 1171 2939 1242 Augustei
2967 1169 3179 1240 imperii
3209 1184 3332 1223 cum
3357 1169 3515 1235 5451;
3539 1170 3578 1222 si
3606 1171 3709 1239 qui-

2195 1268 2316 1322 dem
2348 1267 2782 1321 incarnationem
2803 1262 3008 1319 Christi
3027 1262 3258 1317 contulit
3283 1261 3336 1314 in
3359 1275 3548 1314 annum
3574 1262 3704 1324 5495.

2195 1374 2258 1413 ac
2278 1359 2418 1413 lunae
2447 1359 2660 1429 cyclum
2695 1354 2730 1408 2
2762 1371 2791 1408 ιι
2831 1354 3078 1424 papulari
3111 1352 3583 1406 Alexandrinorum
3604 1368 3708 1422 epo-

2195 1452 2294 1505 cha
2323 1450 2727 1521 procedentem,
2757 1446 2810 1501 id
2835 1454 2917 1502 est
2945 1445 3174 1515 Augusti
3195 1460 3341 1507 xxix,
3368 1459 3396 1496 a
3414 1459 3514 1513 quo
3539 1460 3705 1500 annum

2195 1543 2582 1607 ordiebantur;
2617 1541 2698 1596 vel
2731 1554 2760 1592 a
2793 1554 2959 1594 verno
3003 1545 3271 1607 tempore,
3323 1543 3379 1588 ut
3413 1537 3709 1603 computistaa

2195 1641 2392 1694 solent.
2416 1637 2560 1704 Quin
2596 1653 2663 1692 ex
2693 1637 2760 1691 iis
2801 1635 3044 1704 vestigiis
3080 1633 3443 1702 chronologiae
3476 1630 3704 1686 Panodori

2196 1730 2513 1800 conjectura
2559 1727 2676 1782 ﬁeri
2726 1734 2903 1797 potest
2933 1732 3250 1780 accuratum
3283 1723 3348 1779 iis
3389 1725 3441 1778 in
3486 1723 3629 1778 rebus
3657 1738 3706 1777 ac

527 1814 761 1870 absoluti
795 1824 924 1870 sunt
970 1815 1058 1869 45.
1092 1812 1218 1869 Haec
1260 1822 1388 1869 sunt
1431 1813 1762 1877 indubitata,
1792 1821 1845 1866 et
1870 1827 1899 1866 a
1934 1813 2092 1868 nobis
2123 1811 2166 1865 Β
2194 1823 2510 1893 diti-geniem
2544 1819 2818 1874 hominem
2851 1816 3056 1883 fuisse;
3097 1823 3261 1886 atque
3297 1812 3436 1869 haud
3477 1813 3710 1884 ρευιοίη-

526 1904 969 1959 demonstrantur
1023 1903 1081 1958 in
1116 1913 1263 1958 tomo
1308 1904 1612 1973 posteriore
1661 1903 1840 1972 operis
1881 1900 1957 1955 De
1997 1901 2092 1955 do-

528 1995 697 2048 ctrina
725 2005 1036 2065 temporum.
1072 1994 1150 2048 Ex
1182 1995 1383 2065 quibus
1405 1992 1748 2048 intervallum
1781 1993 1924 2047 aliud
1952 2008 2094 2048 com-

530 2088 708 2160 putari
730 2096 928 2158 potest,
954 2088 1098 2159 quod
1129 2090 1270 2143 inter
1305 2087 1534 2158 Augusti
1557 2088 1792 2158 primum
1808 2087 2091 2143 exordium

527 2196 591 2236 ac
617 2195 802 2236 necem
835 2181 1134 2251 Cleopatrae
1163 2189 1502 2246 numeratur,
1540 2195 1809 2234 annorum
1841 2180 1926 2234 15.
1954 2177 2089 2232 Nam

525 2274 756 2342 Augusti
799 2273 1086 2344 imperium
1117 2273 1283 2343 erepit
1332 2289 1476 2327 anno
1524 2271 1690 2327 Urbis
1739 2272 1831 2324 711
1871 2287 1883 2323 :
1932 2270 2090 2339 cujus

525 2363 703 2420 Thoth
760 2365 1014 2418 convenit
1067 2363 1123 2418 in
1180 2364 1514 2433 Septembris
1579 2378 1660 2428 ιιι,
1711 2362 1920 2418 Nabon.
1965 2361 2090 2427 706,

525 2458 731 2527 periodi
765 2456 995 2511 Juliaum
1021 2456 1183 2510 4671.
1207 2455 1334 2512 Inde
1367 2457 1432 2511 ad
1459 2457 1635 2510 Thoth
1653 2459 1934 2512 Actiacum
1960 2458 2090 2510 anni

528 2548 688 2604 Urbis
718 2549 837 2616 724,
872 2551 1002 2603 anni
1051 2549 1289 2604 confecti
1343 2556 1472 2604 sunt
1506 2550 1592 2605 15.
1633 2549 1811 2616 Quare
1840 2565 1871 2603 a
1909 2548 2091 2604 Thoth

526 2641 737 2710 imperii
769 2640 1022 2712 Augusti,
1071 2641 1136 2694 ad
1188 2638 1368 2694 Thoth
1427 2643 1619 2698 mortis
1661 2642 1928 2712 ejusdem,
1958 2641 2090 2695 anni

525 2739 653 2782 sunt
681 2728 989 2800 Egyptiaci
1023 2737 1298 2785 vertentes
1332 2728 1419 2784 56.
1478 2730 1794 2786 Panodorus
1839 2731 2092 2785 incarna-

525 2822 727 2876 tionem
775 2821 980 2877 Christi
1006 2820 1328 2876 conferebat
1367 2822 1424 2875 in
1471 2837 1594 2878 eum
1630 2837 1853 2886 annum,
1882 2823 1978 2891 qui
2007 2837 2094 2892 cy-

525 2915 671 2968 elum
714 2914 958 2969 lunarem
1015 2913 1209 2970 habuit
1237 2914 1272 2968 2
1318 2929 1347 2967 a
1393 2912 1570 2968 Thoth
1619 2914 2008 2984 Alexandrino,
2045 2914 2091 2968 si

525 3005 686 3058 civile
723 3005 937 3059 initium
968 3007 1215 3076 cogites,
1247 3007 1328 3059 uti
1361 3005 1455 3060 lib.
1482 3003 1551 3059 1X
1583 3005 1658 3058 De
1693 3006 1936 3059 doctrina
1968 3015 2094 3058 tem-

522 3110 732 3162 porum,
765 3097 942 3164 capite
965 3094 1033 3149 ιν
1066 3095 1375 3149 docuimus.
1412 3094 1541 3148 Erat
1586 3110 1716 3166 ergo
1751 3096 1959 3164 periodi
1995 3094 2092 3148 Ju-

523 3185 683 3240 liana:
708 3186 866 3249 4715,
901 3187 958 3240 in
985 3201 1147 3257 quem
1191 3187 1430 3257 vulgaris
1461 3203 1678 3258 quoque
1711 3189 1909 3242 natalis
1942 3204 2093 3242 com-

522 3280 681 3351 petit,
713 3279 796 3334 vel
823 3279 985 3344 4714,
1023 3281 1072 3334 si
1111 3282 1362 3351 populari
1413 3283 1620 3352 epocha
1651 3298 1785 3338 usus
1809 3297 1925 3348 est;
1951 3298 2094 3339 anno

521 3370 890 3427 Nabonassari
937 3371 1059 3426 748.
1113 3370 1351 3427 Proinde
1397 3389 1426 3425 a
1479 3372 1656 3428 Thoth
1707 3375 1832 3427 anni
1885 3373 2094 3428 Actiaci

523 3462 724 3532 primi,
759 3462 874 3517 sive
919 3460 1289 3516 Nabonassari
1323 3463 1444 3529 719,
1483 3464 1551 3520 ad
1592 3463 1768 3518 Thoth
1802 3465 1930 3518 anni
1969 3465 2091 3528 748,

523 3561 790 3625 putantur
821 3553 954 3608 anni
986 3554 1168 3608 'solidi
1199 3554 1289 3618 29,
1319 3555 1393 3609 ita
1442 3564 1502 3610 ut
1559 3555 1835 3610 tricesimo
1873 3545 2094 3610 Actiaco

525 3647 753 3702 ineunte
805 3647 1132 3716 incarnatus
1180 3647 1252 3700 sit
1302 3646 1586 3704 Dominus.
1631 3648 1801 3718 Igitur
1839 3649 1908 3703 ab
1953 3663 2096 3702 anno

524 3737 898 3793 Nabonassari
929 3737 1154 3793 ineunte
1184 3737 1311 3801 425,
1337 3739 1454 3794 sive
1481 3754 1510 3792 a
1543 3738 1722 3793 Thoth
1749 3739 2002 3808 Philippi,
2027 3738 2094 3792 ad

529 3847 731 3886 annum
775 3831 1055 3886 ineuntem
1111 3830 1212 3884 748
1256 3830 1646 3893 Nabonassari,
1700 3847 1808 3901 quo
1848 3831 2095 3886 Christus

527 3928 849 3978 incarnatus
899 3932 1004 3988 est,
1049 3925 1178 3978 anni
1213 3924 1480 3994 interjecti
1523 3933 1650 3980 sunt
1694 3925 1925 3980 absoluti
1961 3923 2091 3990 5‘25;

531 4015 608 4068 ita
639 4025 697 4069 ut
725 4030 869 4069 anno
901 4015 1005 4070 524
1030 4016 1098 4069 ab
1124 4016 1282 4070 initio
1318 4015 1550 4086 Philippi
1593 4017 1796 4070 Christi
1829 4015 2094 4086 ὲνανθρώ-

531 4123 698 4178 mea;
729 4107 1005 4162 inciderit.
1037 4106 1310 4163 Detractis
1336 4122 1467 4178 ergo
1498 4109 1658 4162 annis
1687 4108 1790 4162 524
1827 4108 1894 4162 de
1933 4106 2092 4170 5495,

533 4200 730 4269 reliqui
751 4183 1069 4265 sunt5169;
1099 4199 1344 4270 adeoque
1372 4215 1517 4254 anno
1551 4199 1690 4254 5170
1723 4201 1789 4254 ab
1831 4208 2094 4253 autumno

533 4283 791 4344 inchoato
834 4288 1012 4342 Thoth
1067 4288 1304 4360 Philippi
1332 4291 1557 4354 accidit,
1594 4299 1652 4343 ut
1699 4289 1888 4343 scribit
1928 4289 2097 4344 Geor-

531 4384 695 4453 gius:
727 4380 820 4451 qui
853 4390 908 4435 et
948 4380 1154 4436 frustra
1208 4379 1554 4436 Pauodorum
1601 4380 1901 4450 redarguit,
1948 4378 2093 4449 quod

531 4472 768 4542 primum
827 4470 1038 4525 initium
1104 4471 1337 4539 Augusti
1399 4470 1632 4526 Caesaris
1677 4471 1904 4539 illigavit
1953 4485 2098 4523 anno
2129 4481 2174 4535 1)

533 4561 722 4616 mundi
744 4559 982 4615 5451.1d
1004 4562 1150 4615 enim
1178 4569 1544 4616 consentanee
1570 4560 1698 4616 fecit
1728 4561 2042 4614 constitutae
2064 4574 2095 4612 a

534 4669 594 4708 se
615 4653 1001 4722 chronologive.
1034 4652 1244 4706 Etenim
1274 4653 1510 4722 primum
1539 4651 1770 4722 Augusti
1801 4652 2097 4722 imperato-

534 4745 612 4799 ris
632 4745 913 4799 exordium
933 4746 1000 4799 ab
1017 4759 1160 4799 anno
1184 4746 1410 4800 deduxit
1443 4746 1648 4816 periodi
1671 4744 1901 4799 Juliana:
1931 4743 2064 4798 4671
2080 4783 2095 4807 ,

537 4833 699 4890 Urbis
723 4836 958 4893 conditae
990 4837 1112 4902 711,
1137 4853 1166 4892 a
1207 4855 1317 4909 quo
1349 4839 1599 4909 plerique
1623 4839 1916 4908 imperium
1948 4838 2097 4892 illius

536 4929 799 4998 auspicati
827 4936 975 4995 sunt,
1016 4938 1076 4984 ut
1104 4932 1268 5000 paulo
1303 4939 1429 4987 ante
1468 4931 1729 4986 diximus.
1756 4929 1874 4985 Jam
1898 4947 2027 4985 vero
2065 4946 2095 4984 a

537 5016 715 5072 Thoth
776 5017 1034 5089 Philippi,
1091 5022 1205 5076 sive
1260 5023 1330 5076 ab
1379 5039 1524 5078 anno
1573 5023 1940 5078 Nabonassari
1993 5022 2098 5076 425

536 5109 780 5176 ineunte,
835 5113 902 5166 ad
958 5113 1233 5170 ineuntem
1287 5130 1491 5169 annum
1537 5114 1748 5172 Nabon.
1803 5116 1925 5180 706,
1969 5115 2099 5168 anni

538 5212 666 5257 sunt
702 5213 1000 5271 vertentes,
1036 5214 1090 5260 et
1137 5208 1332 5277 integri
1370 5207 1470 5263 281
1506 5224 1518 5259 :
1551 5209 1644 5278 qui
1674 5208 1843 5262 additi
1888 5207 1957 5261 ad
2001 5223 2100 5260 an-

537 5311 666 5348 num
691 5297 879 5350 mundi
906 5297 1066 5364 5170,
1100 5299 1186 5351 cui
1215 5297 1392 5354 Thoth
1414 5299 1645 5369 Philippi
1665 5300 1941 5368 congruit,
1967 5315 2100 5353 con-

539 5385 733 5438 iiciunt
792 5402 996 5440 annum
1044 5389 1232 5442 mundi
1281 5391 1440 5453 5451,
1493 5391 1729 5460 primum
1769 5391 2099 5444 monarchize

539 5475 787 5544 Augusti.
810 5477 1016 5533 Exinde
1047 5482 1206 5536 annis
1237 5481 1464 5550 adjectis
1493 5481 1558 5536 56
1584 5482 1797 5551 imperii
1827 5481 2095 5550 ejusdem,

541 5567 755 5621 exsistit
793 5585 969 5626 annus
1000 5573 1187 5628 mundi
1218 5573 1378 5640 5507,
1410 5590 1518 5644 quo
1541 5574 1819 5644 Augustus
1842 5574 2098 5639 excessit,

541 5669 850 5721 quanquam
905 5661 1146 5715 nondum
1192 5665 1450 5718 inchoato
1487 5663 1646 5726 E507,
1693 5664 1784 5718 sed
1813 5663 1990 5716 adhuc
2024 5665 2102 5716 la-

535 5742 703 5832 bente
724 5747 860 5802 5506
894 5741 1070 5819 periit.
1099 5753 1422 5821 Quinetiam
1453 5771 1627 5811 canon
1671 5759 1758 5813 ille
1799 5757 2097 5812 mathema-

2191 1911 2609 1982 telligentiorem
2643 1908 2765 1978 ejus
2796 1908 3194 1980 reprehensore
3227 1905 3482 1976 Georgio,
3507 1903 3647 1975 cujus
3665 1906 3707 1958 in

2191 2004 2294 2058 hoc
2319 2017 2515 2073 genere
2542 2001 2753 2055 inﬁnita
2775 2009 2997 2071 peccata
3017 2009 3180 2066 sunt;
3202 2000 3293 2053 sed
3324 2000 3521 2054 nullum
3541 2000 3706 2067 majus.

2189 2110 2352 2165 quam
2380 2094 2525 2164 quod
2555 2109 2618 2150 ea
2637 2094 2894 2148 vellicare
2928 2092 3186 2158 instituit,
3218 2107 3338 2162 quae
3367 2107 3530 2161 neque
3557 2091 3709 2162 capie-

2189 2187 2282 2241 bat
2317 2187 2454 2256 ipse,
2481 2194 2534 2242 et
2570 2187 2637 2241 ab
2678 2187 2771 2241 illo
2805 2186 2948 2256 ipso,
2978 2201 3142 2256 quem
3179 2185 3494 2249 accusabat,
3527 2183 3710 2238 fuerant

2191 2279 2394 2347 scripta
2419 2286 2755 2348 constanter.

2273 2372 2368 2438 Ὡς
2390 2371 2454 2424 τὸ
2471 2371 2619 2440 πρὸς
2649 2371 2716 2424 τὸ
2732 2379 2826 2441 ml
2841 2372 2992 2437 ἔτος.
3019 2369 3150 2424 Haec
3179 2377 3307 2423 sunt
3325 2366 3585 2422 mendosa.
3600 2364 3708 2418 Nam

2191 2464 2370 2518 dicere
2401 2463 2616 2517 videtur
2644 2464 2920 2518 Christum
2950 2463 3004 2516 in
3055 2460 3326 2515 mundum
3362 2457 3563 2512 venisse
3594 2472 3710 2510 anno

2190 2554 2423 2624 Augusti
2444 2569 2608 2621 xuii;
2641 2562 2695 2608 et
2726 2553 2863 2606 idem
2898 2561 3080 2605 tamen
3119 2560 3235 2606 tres
3265 2549 3385 2602 illos
3428 2557 3477 2602 et
3507 2549 3708 2616 quadra-

2192 2646 2341 2716 ginta
2371 2660 2544 2700 annos
2589 2659 2618 2697 a
2657 2654 2831 2699 morte
2868 2643 3171 2714 Cleopatrae
3201 2640 3268 2694 ad
3292 2639 3508 2710 Augusti
3538 2638 3709 2692 obitum

2193 2737 2454 2790 extendit.
2491 2735 2798 2804 Utrumque
2829 2749 3016 2787 verum
3048 2741 3174 2798 est;
3221 2739 3274 2786 et
3316 2746 3346 2784 a
3379 2731 3544 2801 primo
3582 2729 3709 2782 lnitio

2191 2827 2426 2881 thsaris
2465 2826 2698 2896 Augusti
2748 2824 2816 2878 ad
2871 2823 3271 2878 lncarnationis
3319 2837 3544 2886 annum,
3577 2835 3708 2891 quem

2192 2913 2512 2970 Panodorus
2545 2914 2853 2976 constituit,
2889 2928 3063 2968 annos
3101 2928 3230 2967 esse
3262 2928 3426 2978 xuii;
3465 2919 3515 2965 et
3545 2927 3570 2964 a
3603 2926 3710 2965 nece

2191 3007 2494 3075 Cleopatrae
2523 3006 2747 3059 totidem
2803 3005 2870 3058 ad
2914 3017 3208 3058 excessum
3253 3001 3498 3070 Augusti.
3532 3000 3707 3054 Etenim

2195 3111 2339 3151 anno
2368 3096 2527 3151 tertio
2555 3095 2792 3162 Juliano,
2813 3095 3017 3166 periodi
3045 3093 3280 3150 Iuliana:
3304 3094 3461 3158 4671,
3488 3095 3709 3163 imperare

2194 3190 2358 3259 coepit
2401 3188 2701 3258 Augustus,
2749 3204 2814 3242 ex
2855 3188 3110 3257 opinione
3169 3186 3460 3241 Panodori.
3499 3184 3711 3238 Christus

2194 3285 2511 3339 incarnatus
2533 3289 2618 3337 est
2643 3296 2785 3335 anno
2814 3279 3033 3335 Juliano
3066 3295 3220 3336 var.
3252 3279 3485 3348 Demptis
3514 3276 3708 3334 duobus.

2193 3378 2439 3447 reliquus
2472 3383 2555 3430 est
2604 3390 2779 3429 annus
2807 3389 2932 3427 κων
2976 3373 3045 3426 ab
3088 3373 3251 3426 initio
3293 3369 3510 3440 Augusti
3547 3387 3559 3422 :
3591 3367 3712 3435 quia

2194 3468 2372 3521 Thoth
2405 3467 2532 3520 anni
2580 3465 2782 3520 Juliani
2825 3479 2968 3528 vai,
2995 3464 3210 3534 periodi
3248 3461 3472 3516 Iuliana;
3501 3459 3622 3513 4714
3653 3461 3715 3510 in-

2195 3561 2444 3614 choatur.
2502 3557 2741 3612 Labente
2795 3558 2979 3626 itaque
3036 3571 3166 3610 me
3226 3555 3452 3610 Ctesaris
3494 3552 3710 3621 Augusti,

2195 3662 2381 3701 mense
2403 3644 2594 3700 Martio
2621 3645 2849 3716 contigit
2885 3643 3322 3717 ὲνανθρώπησις.
3356 3642 3555 3698 Rursus
3598 3640 3710 3694 obiit

2195 3738 2471 3806 Augustus
2502 3752 2643 3791 anno
2663 3735 2880 3791 Juliano
2900 3754 3008 3802 ιιι,
3037 3735 3273 3808 Augusti
3293 3736 3486 3790 mensis
3507 3749 3605 3794 xix,
3633 3746 3710 3801 pe-

2196 3830 2334 3883 riodi
2361 3820 2592 3884 Julianée
2639 3829 2800 3884 4727.
2842 3829 3195 3885 Intervallum
3236 3831 3305 3885 ab
3361 3844 3495 3883 anno
3529 3825 3713 3880 Juliano

2195 3937 2306 3983 xvi,
2327 3936 2435 3989 quo
2461 3922 2669 3991 primus
2700 3922 2955 3976 Actiacus
2983 3922 3170 3992 erepit,
3210 3922 3277 3976 ad
3326 3937 3432 3984 ιιι,
3459 3925 3574 3975 sunt
3610 3916 3712 3969 anni

2196 4030 2346 4067 me.
2376 4013 2522 4068 ()biit
2555 4015 2722 4084 igitur
2743 4014 3022 4086 Augustus
3050 4022 3287 4068 exeunte
3311 4028 3449 4066 anno
3487 4027 3603 4064 xuii
3627 4008 3714 4060 ἀπὸ

2196 4107 2295 4176 τῆς
2329 4107 2696 4176 καθαιρέσεως
2727 4107 3044 4176 Cleopatra,
3087 4105 3194 4160 hoc
3231 4112 3314 4160 est.
3357 4101 3521 4156 Thoth
3553 4099 3712 4153 mortis

2197 4197 2426 4268 Augusti
2453 4199 2550 4253 fuit
2569 4199 3267 4270 quadragesimusquartus
3288 4213 3316 4250 a
3329 4195 3493 4251 Thoth
3508 4193 3710 4246 Actiaco.

2202 4289 2325 4344 11ωο
2355 4307 2482 4345 vera
2519 4299 2666 4348 sunt.
2699 4291 2806 4347 Sed
2845 4290 3109 4362 Georgius
3160 4293 3412 4362 perplexe
3443 4295 3492 4342 et
3519 4285 3714 4340 obscura

2201 4382 2460 4452 loquitur.

2810 4495 3036 4555 CAPUT
3077 4495 3142 4550 Υ.

2203 4591 2279 4645 De
2309 4590 2612 4644 Grmcorum
2641 4598 2998 4658 computorum
3026 4588 3221 4656 epocha
3255 4589 3309 4641 in
3329 4603 3475 4658 anno
3505 4585 3712 4658 Iuliano.
3738 4566 3747 4581 I

2275 4661 2435 4730 deque
2495 4654 2764 4730 cgclorum'
2803 4661 2856 4711 in
2890 4660 2954 4712 iis
3004 4654 3266 4713 mcthodo.
3317 4655 3567 4710 Maximus
3611 4654 3715 4704 illu-

2275 4741 2500 4784 stratur.

2273 4842 2461 4896 Civilis
2485 4841 3218 4910 Constantinopolitanorum
3236 4853 3410 4894 annus
3439 4853 3465 4889 a
3493 4831 3712 4890 Kalendis

2207 4932 2544 5002 Septembris
2601 4933 2896 5002 incipiebat
2949 4948 3057 4986 una
3111 4947 3234 4987 eum
3281 4931 3576 4986 indictione.
3607 4922 3712 4976 Inde

2205 5027 2373 5097 igitur
2402 5025 2535 5080 solis
2561 5039 2624 5078 ac
2647 5024 2788 5078 lunae
2812 5025 2996 5094 cyclos
3027 5039 3124 5093 par
3145 5031 3262 5078 erat
3282 5023 3524 5090 incipere,
3551 5027 3712 5083 quein-

2205 5117 2496 5172 admodum
2528 5116 2904 5178 Alexandrini,
2936 5116 3028 5186 qui
3070 5116 3248 5170 triduo
3310 5120 3429 5167 ante
3475 5102 3712 5179 popularis

2205 5210 2332 5262 anni
2363 5209 2686 5279 principium
2715 5209 3008 5272 habebant,
3040 5208 3274 5262 indidem
3293 5214 3344 5259 et
3371 5201 3536 5272 cyclos
3559 5193 3710 5248 ordie-

2205 5301 2427 5354 bantur.
2465 5299 2569 5355 Sed
2608 5315 2732 5354 cum
2785 5299 3017 5354 Romani
3069 5299 3200 5354 anni
3246 5292 3588 5362 descriptione
3629 5281 3714 5335 llo-

2207 5395 2490 5462 inanisque
2527 5394 2806 5450 mensibus
2839 5400 3142 5457 uterentur,
3174 5390 3314 5445 illius
3345 5386 3496 5441 etiam
3529 5377 3708 5433 initium

2205 5486 2376 5541 Graeci
2397 5501 2785 5555 nonnunquam
2805 5485 3190 5540 adhibuerunt.
3205 5481 3335 5536 Tum
3353 5474 3486 5548 quod
3512 5467 3710 5555 Pascitur

2207 5576 2276 5628 tis
2307 5589 2472 5629 causa
2500 5576 2640 5645 eycli
2686 5590 2716 5628 a
2745 5574 3074 5629 Christianis
3117 5570 3373 5640 assumpti
3415 5550 3706 5626 sunt:qui

2207 5665 2404 5718 festum
2453 5682 2620 5719 verno
2666 5675 2907 5735 tempore
2957 5666 3285 5724 celebratur;
3332 5657 3452 5713 hinc
3505 5649 3702 5723 ριοτίιιειε

2210 5771 2317 5810 non
2341 5757 2500 5812 modo
2533 5757 2829 5827 cyclorum,
2863 5757 2957 5813 sed
3005 5765 3058 5812 et
3100 5757 3225 5811 anni
3270 5753 3435 5823 ipsius
3465 5740 3700 5802 exordium
