3948 6264
220 353 355 406 HI?

1188 350 1638 408 DISSERTATIO
1671 350 1759 406 DE
1794 351 2202 408 CRECORUM
2242 352 2446 408 IERIS.

3304 361 3436 418 1418

218 470 271 521 1η
316 470 482 520 verno
531 480 716 520 mense
767 471 1108 531 statuerunt;
1166 463 1340 533 Aprili
1382 465 1634 519 videlicet
1682 474 1774 518 aut
1807 477 1848 530 Α
1879 467 2207 521 sciturzubi
2231 476 2340 521 tam
2369 469 2610 523 lunarem
2643 485 2866 536 annum,
2903 487 2964 527 ac
3005 470 3238 544 cyclum,
3273 493 3436 547 quam

217 555 426 612 Martio.

284 648 414 714 Quae
451 655 529 701 tot
570 648 847 702 initiorum
880 649 1116 702 varietas
1158 650 1311 718 prius
1353 650 1654 717 scriptores
1689 650 1774 718 ip-

215 755 325 801 sos,
349 754 508 808 quam
533 753 720 793 eorum
745 740 996 802 lectores,
1030 739 1338 794 admirabili
1362 741 1777 809 perturbatione

215 831 482 886 confudit.
508 828 641 883 Nam
669 831 776 884 duo
805 831 1124 900 plerumque
1149 830 1366 886 diversa
1404 846 1695 895 annorum,
1724 837 1778 886 et

214 924 491 993 cyclorum
537 921 805 991 principia
859 922 1091 976 miscent
1139 922 1415 976 invicem:
1450 939 1551 976 nec
1603 923 1671 978 ad
1723 924 1776 976 id

214 1013 357 1082 quod
381 1014 548 1068 semel
582 1013 815 1082 amplexi
849 1009 996 1073 sunt.
1030 1021 1346 1068 constanter
1369 1013 1774 1068 adhaerescunt.

216 1109 434 1160 Annum
464 1120 590 1160 ecce
632 1105 725 1158 alii
773 1105 843 1160 ab
876 1103 1178 1172 Septembri
1221 1105 1307 1160 vel
1367 1103 1593 1160 Octobri
1640 1104 1780 1158 inci-

217 1197 407 1265 piunt;
452 1196 633 1267 cyclos
664 1202 847 1249 autem
901 1195 1033 1250 solis
1067 1209 1131 1249 ac
1162 1196 1306 1250 Iuno:
1344 1194 1413 1250 ab
1449 1193 1645 1247 Martio
1691 1193 1779 1249 vel

213 1287 408 1358 Aprili.
437 1287 670 1356 Quidam
703 1288 919 1358 cyclum
950 1288 1084 1343 solis
1101 1288 1170 1342 ab
1195 1286 1454 1354 Octobri;
1489 1288 1631 1342 luna:
1650 1303 1779 1343 vero

215 1381 283 1434 ab
318 1395 487 1434 verno
535 1395 722 1435 mense
759 1387 1066 1447 coeperunt.
1096 1378 1292 1434 Plures
1328 1394 1532 1434 annum
1562 1379 1777 1435 civilem

214 1488 244 1526 a
279 1471 615 1542 Septembri;
640 1473 1072 1528 ecclesiasticum
1091 1473 1160 1527 ab
1193 1471 1365 1542 Aprili
1395 1472 1668 1542 proﬁcisci
1687 1473 1780 1543 ju-

215 1564 376 1631 bent;
403 1565 548 1618 hunc
581 1564 746 1620 etiam
787 1565 954 1635 aliqui
983 1563 1178 1618 Martio
1210 1564 1278 1618 ab
1322 1577 1532 1628 mense,
1567 1571 1622 1618 et
1658 1566 1778 1634 ejus

216 1663 367 1710 certa
399 1655 485 1710 die
511 1663 784 1726 repetunt.

281 1744 358 1800 Ea
393 1731 630 1802 methodi
655 1748 962 1805 obscuritas
985 1755 1039 1804 et
1066 1747 1319 1804 confusio
1345 1748 1470 1804 luce
1498 1755 1559 1802 ut
1593 1745 1774 1816 aliqua

215 1848 416 1894 nostrae
436 1840 819 1910 disputationis
841 1841 1171 1908 illustretur,
1196 1843 1263 1898 de
1294 1842 1526 1912 singulis
1555 1840 1774 1896 Graeco—
1805 1819 1850 1880 Β

213 1946 337 1986 rum
373 1933 644 2001 computis
677 1932 871 1988 ordine
902 1932 1192 1988 dicendum
1221 1933 1346 1998 erit,
1381 1941 1435 1988 et
1463 1934 1556 2003 qui
1583 1933 1779 1988 unius-

212 2025 480 2096 cujusque
519 2027 770 2082 tradendi
821 2026 1099 2096 principes
1148 2023 1391 2086 fuerunt,
1431 2040 1620 2080 eorum
1654 2041 1779 2095 per-

214 2117 532 2187 vestiganda
565 2119 833 2172 sententia
851 2125 956 2182 est,
988 2126 1067 2181 ut,
1090 2115 1547 2186 quemadmodum
1578 2115 1778 2170 abillis

211 2207 496 2262 constituti
530 2208 669 2279 cycli
703 2207 940 2272 fuerint;
971 2217 1025 2262 et
1064 2222 1175 2277 quo
1212 2216 1372 2275 pacto
1419 2221 1544 2261 cum
1579 2203 1779 2260 Roma-

207 2296 295 2351 nis
323 2297 705 2365 consentiaut;
746 2313 810 2351 ac
836 2298 981 2368 quod
1007 2298 1134 2350 anni
1157 2297 1400 2367 denique
1416 2297 1776 2367 primordium

206 2390 476 2458 ceperint,
500 2399 646 2444 certa
670 2391 879 2444 ratione
907 2389 1233 2444 declaretur.
1264 2389 1311 2442 A
1343 2390 1582 2443 Maximo
1611 2390 1778 2459 igitur

204 2478 582 2549 incipiendum
614 2482 740 2543 erit,
762 2482 853 2551 qui
892 2491 945 2536 ct
978 2481 1255 2551 antiquior
1284 2490 1472 2546 est,et
1506 2483 1778 2552 antiquio-

202 2567 278 2622 ris
319 2568 651 2624 observator
704 2585 848 2635 terte,
914 2573 1074 2640 cujus
1129 2571 1196 2626 de
1233 2585 1377 2625 anno
1423 2571 1690 2642 primum,
1724 2581 1778 2628 ct

199 2661 327 2714 anni
359 2661 578 2731 epocha
609 2669 933 2718 statuemus.

268 2751 709 2807 Alexandrinum
742 2762 1057 2823 computum
1112 2755 1166 2808 in
1221 2753 1472 2810 Paschali
1519 2771 1618 2810 sua
1658 2773 1776 2812 me-

197 2845 362 2899 thodo
424 2855 610 2902 tenere
657 2863 715 2901 se
762 2845 1034 2903 Maximus
1085 2848 1328 2902 ostendit
1354 2848 1529 2918 capite
1554 2847 1774 2916 XXXII,

199 2953 322 2992 cum
393 2954 593 2993 annum
654 2940 1051 2995 Incarnationis
1087 2956 1150 2995 ac
1201 2941 1400 2997 natalis
1458 2941 1660 2996 Christi
1698 2942 1776 2996 ait

209 3027 377 3084 fuisse
432 3031 619 3083 mundi
653 3031 812 3094 5501,
852 3031 1140 3102 scripsisse
1178 3049 1306 3088 vero
1343 3048 1402 3088 se
1432 3047 1576 3088 anno
1612 3034 1773 3098 6155,

214 3119 446 3176 Ileraclii
478 3138 602 3176 xxxi
627 3138 746 3192 cap.
786 3122 930 3178 XVII
963 3125 1272 3195 significat;
1309 3126 1466 3192 cujus
1499 3127 1627 3181 anni
1655 3142 1777 3197 pas-

215 3215 316 3267 sim
346 3215 593 3283 exemplo
625 3217 815 3269 utitur.
863 3216 1054 3271 Annus
1104 3217 1316 3287 primus
1346 3217 1577 3273 Heraclii
1610 3210 1776 3289 coepit

214 3303 435 3357 Octobri
468 3319 652 3360 mense
686 3305 816 3359 anni
860 3321 982 3360 rene
1007 3305 1336 3362 Christiana:
1378 3325 1521 3372 mox,
1564 3309 1776 3365 tricesi-

215 3408 336 3450 mus
358 3410 485 3449 vero
514 3396 719 3465 primus
749 3411 893 3450 anno
924 3413 1104 3457 ιοειιι..
1140 3399 1433 3456 indictione
1459 3399 1777 3457 Constanti-

215 3486 528 3555 nopolitana
557 3503 646 3540 xiv
672 3496 796 3557 post
846 3487 1236 3558 Septembrem,
1282 3493 1438 3563 cyclo
1479 3493 1625 3547 lunae
1660 3509 1773 3556 xiv,

215 3577 347 3632 solis
365 3594 415 3644 v,
460 3578 638 3632 littera
684 3578 897 3634 Domin.
926 3579 1034 3635 BA.
1074 3579 1225 3634 Hanc
1249 3597 1414 3650 porro
1458 3582 1775 3637 methodum

214 3670 341 3723 anni
369 3669 453 3725 sui
499 3670 668 3725 tradit
699 3672 874 3740 capite
901 3671 1066 3737 XVII,
1099 3680 1158 3726 ut
1192 3672 1366 3728 divisa
1416 3688 1631 3729 summa
1675 3689 1776 3744 per

212 3774 401 3826 xxvnt,
437 3761 482 3815 si
521 3761 648 3832 quid
700 3762 978 3817 residuum
1009 3764 1111 3829 sit,
1148 3779 1248 3834 pro
1278 3765 1457 3820 solari
1501 3765 1655 3835 cyclo
1684 3780 1779 3819 ca-

212 3851 436 3920 piatur:
477 3863 570 3908 aut
612 3857 658 3909 si
709 3855 845 3909 nihil
893 3865 1081 3921 restet,
1135 3857 1345 3928 integer
1391 3859 1507 3928 ipse
1559 3859 1771 3930 cyclus.

184 3941 355 4004 ,ldem
398 3953 454 3998 et
498 3945 552 3999 in
586 3947 782 4011 lunari,
832 3955 991 4018 atque
1024 3947 1321 4005 indictione
1361 3951 1630 4020 praecipit.
1659 3949 1772 4005 Iloc

213 4033 372 4089 modo
405 4035 596 4092 divisis
620 4039 779 4093 annis
808 4038 967 4104 6155,
1011 4046 1198 4111 cyclus
1248 4041 1584 4111 relinquetur
1639 4043 1772 4098 solis

211 4140 249 4188 ι,
279 4126 422 4182 lunae
451 4144 553 4192 xv,
583 4129 894 4184 indictionis
937 4147 1058 4185 xm.
1096 4131 1286 4187 Restat
1327 4132 1462 4187 illud
1500 4134 1774 4203 inquiren-

210 4218 370 4289 dum;
402 4221 598 4290 ecquid
657 4237 832 4276 annus
885 4223 973 4277 ille
1021 4223 1159 4279 6155
1207 4240 1238 4278 a
1291 4225 1598 4298 Septembri
1644 4231 1770 4282 anni

208 4313 409 4370 Christi
435 4330 610 4382 mcxn,
639 4331 710 4370 an
741 4331 772 4370 a
802 4314 1050 4373 Paschali
1082 4334 1268 4375 mense
1306 4321 1434 4376 anni
1474 4336 1654 4378 tacxu
1688 4323 1774 4375 in-

209 4406 394 4474 cipiat.

1877 560 2110 614 sularem
2139 576 2168 612 a
2195 575 2365 614 verno
2393 575 2577 616 mense
2600 561 2819 632 incipit;
2848 565 2998 621 illum
3020 568 3238 636 quidem
3269 570 3337 624 ab
3369 570 3436 625 iis

1875 651 2088 718 diebus,
2123 652 2324 722 quibus
2362 651 2504 706 afﬁxi
2556 665 2684 708 sunt
2731 656 2883 710 aurei
2915 659 3161 724 numeri;
3200 662 3432 715 solarem

1877 754 2058 802 autem
2109 748 2175 802 ab
2200 748 2572 818 aequinoctiali
2621 765 2829 805 mense.
2863 749 2993 806 Item
3029 755 3209 822 capite
3239 753 3430 821 XXIII,

1877 841 2090 911 cyclum
2113 841 2246 896 solis
2273 856 2465 905 xxviii,
2503 851 2556 895 et
2579 843 2720 896 luna:
2749 858 2861 909 xlv,
2892 844 3065 914 Aprili
3090 860 3154 898 ac
3180 845 3433 901 Paschati

1877 931 2004 984 anni
2026 931 2145 1000 ejus
2171 933 2422 1001 imputat,
2449 933 2539 1002 qui
2568 931 2774 987 Pascha
2795 935 2922 988 anni
2945 933 3084 988 6155
3104 937 3432 1004 antecessit;

1877 1024 2034 1090 cujus
2074 1025 2259 1095 cyclus
2302 1033 2419 1079 erat
2450 1026 2645 1080 solaris
2676 1043 2713 1092 ι,
2745 1027 2952 1082 lunaris
3004 1043 3103 1092 xv;
3134 1043 3242 1098 quo
3270 1029 3435 1084 etiam

1877 1116 2056 1185 capite
2087 1117 2300 1186 cyclum
2336 1117 2467 1172 solis
2493 1132 2659 1171 xxvm
2684 1133 2713 1171 a
2741 1119 2999 1173 Kalendis
3031 1100 3232 1190 Aprilis
3275 1135 3436 1178 orsus

1877 1214 1981 1262 est.
2018 1206 2168 1262 Unde
2199 1218 2420 1278 epactas
2453 1210 2584 1264 solis
2629 1208 2818 1264 feriam
2873 1210 3016 1264 illam
3060 1227 3182 1266 esse
3222 1211 3433 1278 definit,

1878 1315 1998 1370 qum
2027 1311 2112 1357 est
2143 1300 2318 1356 Martii
2347 1317 2501 1366 xxxt,
2545 1303 2689 1358 sicut
2714 1314 2932 1374 epactas
2961 1304 3199 1368 lunares,
3223 1311 3435 1357 aetatem

1879 1395 2020 1449 lunae
2050 1396 2104 1450 in
2131 1395 2319 1450 eodem
2347 1396 2454 1450 die.
2490 1395 2566 1450 Ex
2596 1411 2703 1466 quo
2756 1396 3004 1465 sequitur
3034 1397 3160 1449 anni
3201 1396 3437 1465 primor-

1877 1483 2028 1538 dium
2047 1485 2101 1540 in
2125 1483 2393 1540 Kalendas
2415 1485 2638 1556 Aprilis,
2665 1486 2734 1541 ab
2760 1486 2851 1540 illo
2884 1485 3162 1542 constitui.
3195 1487 3439 1558 Duplici-

1878 1584 1962 1630 ter
1977 1575 2158 1646 itaque
2174 1592 2375 1632 annum
2401 1593 2559 1634 suum
2587 1579 2906 1649 auspicatur
2922 1575 3188 1634 Maximus
3207 1619 3222 1643 ,
3242 1595 3437 1651 nempe

1878 1681 1908 1721 a
1941 1667 2200 1725 Kalendis
2243 1669 2446 1740 Aprilis
2469 1710 2483 1734 ,
2523 1677 2578 1725 et
2611 1687 2641 1725 a
2678 1670 2961 1726 neomenia
3005 1670 3255 1726 Paschali
3288 1686 3302 1722 :
3336 1687 3438 1727 cu-

1873 1759 2113 1830 jusmodi
2140 1763 2194 1816 in
2232 1763 2437 1820 nostris
2469 1780 2703 1835 quoque,
2736 1766 2787 1819 id
2819 1775 2902 1821 est
2937 1764 3170 1834 Latinis,
3196 1766 3437 1836 computi

1880 1853 2242 1924 scriptoribus
2256 1856 2675 1912 inconstantiam
2698 1858 3183 1915 animadvertimus
3207 1859 3346 1914 libro
3367 1857 3437 1912 VI

1878 1942 1956 1998 De
1980 1943 2221 2000 doctrina
2243 1955 2530 2017 temporum
2551 1963 2690 2019 quze,
2708 1950 2833 2020 quia
2862 1951 3115 2019 perlevis,
3143 1950 3299 2007 facile
3324 1951 3437 2006 dis‘

1880 2037 2198 2106 simulatur;
2251 2039 2378 2093 dum
2423 2041 2553 2096 illud
2595 2050 2828 2107 constet,
2872 2060 3040 2098 verno
3086 2059 3294 2108 mense,
3327 2059 3436 2099 non

1879 2131 2179 2185 autumnali
2215 2147 2484 2188 annorum
2526 2150 2745 2190 suorum
2779 2137 3012 2205 epochas
3043 2135 3228 2192 ﬁxisse
3264 2133 3437 2192 Maxi‘

1877 2238 2047 2278 mum.

1947 2314 2084 2369 Cum
2115 2315 2234 2370 ιιωο
2269 2317 2708 2386 exploratissima
2756 2315 2898 2384 sint,
2931 2325 3113 2373 tamen
3147 2335 3213 2374 ex
3243 2318 3435 2374 eodem

1878 2406 2095 2462 Maximi
2150 2418 2407 2481 computo
2434 2411 2664 2466 dillicilis
2705 2412 2884 2467 nodus
2923 2413 3185 2468 occurrit.
3227 2412 3436 2484 Quippe

1879 2516 2078 2554 annum
2125 2501 2286 2565 6155,
2318 2509 2372 2557 et
2420 2502 2768 2557 indictionem
2834 2519 2924 2557 xlv
2977 2504 3256 2574 componit
3307 2519 3433 2559 cum

1879 2607 2023 2646 anno
2058 2606 2187 2646 xxxi
2235 2593 2494 2657 Heraclii,
2520 2592 2764 2663 adeoque
2785 2608 2908 2647 cum
2945 2595 3098 2665 cyclo
3127 2594 3257 2649 solis
3289 2609 3327 2659 ι,
3353 2596 3436 2647 Ιιι-

1878 2697 1962 2736 nae
1987 2697 2077 2737 xv.
2112 2683 2274 2752 Atqui
2310 2698 2483 2738 annus
2509 2699 2638 2736 xxxi
2678 2681 2910 2738 Heraclii
2934 2691 3146 2754 cmptus
3169 2692 3253 2738 est
3275 2682 3423 2738 Octo-

1879 2772 1962 2827 bri
1993 2773 2120 2826 anni
2142 2772 2346 2828 Christi
2391 2788 2531 2828 tocx.
2583 2772 2828 2829 Mortuus
2869 2780 2952 2828 est
2994 2789 3126 2828 vero
3171 2773 3348 2828 Martii
3378 2789 3432 2827 xt

1877 2864 2007 2917 anni
2059 2878 2256 2920 tocxu.
2303 2865 2357 2919 Si
2392 2881 2566 2921 annus
2613 2865 2806 2920 mundi
2851 2866 2991 2921 6155
3020 2865 3089 2919 ab
3113 2867 3306 2936 Aprili,
3338 2877 3435 2923 aut
3475 2929 3478 2934 _

1877 2959 2160 3012 neomenia
2209 2957 2458 3014 Paschali
2490 2967 2709 3029 caperet
2737 2960 3021 3014 exordium
3043 3002 3058 3025 ,
3101 2976 3209 3015 non
3241 2961 3433 3031 utique

1877 3047 2016 3102 6155
2059 3063 2261 3102 annum
2303 3050 2569 3119 attigisset
2601 3048 2954 3117 (Heraclius:
2999 3052 3434 3125 quandoquidem

1877 3141 2161 3194 neomenia
2192 3141 2473 3196 Paschalis
2503 3157 2647 3195 anno
2679 3144 2786 3199 isto
2825 3144 3051 3214 contigit
3087 3143 3265 3200 Martii
3306 3163 3434 3213 xix;

1879 3239 2072 3298 quarta
2099 3229 2306 3285 decima
2337 3229 2615 3287 Paschalis
2631 3231 2885 3288 Kalendis
2910 3235 3206 3304 Aprilibus,
3238 3238 3371 3293 feria
3399 3252 3435 3293 ι.

1879 3319 2035 3376 Unde
2057 3319 2266 3377 Pascha
2298 3324 2352 3377 in
2375 3324 2576 3393 Aprilis
2607 3341 2701 3378 vm
2725 3325 3079 3391 diffunditur;
3111 3331 3264 3400 cyclo
3293 3331 3434 3387 [unm

1877 3420 1988 3467 tam
2017 3413 2264 3469 Romano
2293 3431 2453 3485 quam
2497 3416 3101 3488 Constantinopolitano
3138 3439 3240 3492 xv;
3284 3428 3435 3496 cyclo

1877 3516 2008 3556 vero
2062 3503 2196 3558 solis
2233 3521 2250 3557 ι
2289 3503 2913 3576 Constantinopolitano,
2941 3506 3190 3565 Romano
3239 3528 3312 3580 vr,
3351 3516 3433 3568 lit.

1877 3597 1991 3646 tera
2021 3590 2085 3656 G,
2118 3594 2262 3662 quod
2286 3593 2554 3649 Maximus
2587 3611 2707 3665 cap.
2740 3596 2860 3651 XIX
2889 3599 3092 3655 diserte
3114 3604 3331 3658 astruit.

1949 3681 2062 3737 IIoc
2096 3699 2206 3738 non
2258 3685 2364 3738 alia
2393 3687 2604 3741 ratione
2657 3686 2884 3744 dissolvi
2932 3701 3111 3761 potest
3155 3711 3318 3765 quam
3373 3713 3434 3754 ea

1877 3787 1998 3841 qua:
2027 3772 2098 3828 I-X
2136 3773 2214 3828 De
2239 3774 2482 3830 doctrina
2518 3787 2809 3847 temporum
2853 3782 3017 3837 allata
3054 3793 3160 3850 est,
3189 3803 3308 3858 cap.
3345 3788 3434 3855 IlI,

1877 3863 1966 3918 ubi
1999 3863 2293 3920 Maximum
2338 3868 2677 3923 ostendimus
2707 3869 2978 3940 duplicem
3019 3876 3278 3945 epocham
3305 3882 3432 3936 anni

1876 3955 2050 4010 civilis
2103 3966 2156 4011 et
2183 3958 2541 4013 ecclesiastici
2574 3961 2892 4020 confudisse
2923 3981 2938 4021 :
2969 3982 3202 4036 quarum
3247 3971 3337 4025 illa
3365 3974 3433 4028 ab

1878 4044 2181 4116 Septembri
2231 4051 2558 4118 procedebat
2597 4072 2608 4106 ς
2658 4053 2775 4110 1)ωο
2809 4057 2879 4111 ab
2908 4058 3101 4128 Aprili,
3135 4071 3228 4117 aut
3268 4082 3433 4125 verno

1874 4152 2079 4193 mense.
2103 4136 2340 4194 Proinde
2376 4140 2515 4195 6155
2542 4158 2744 4198 annum
2779 4146 2993 4203 civilem
3017 4151 3151 4206 alias
3177 4169 3299 4209 cum
3331 4156 3433 4212 He-

1874 4230 2029 4284 raclii
2047 4245 2189 4285 anno
2216 4247 2366 4294 xxxi,
2395 4241 2447 4287 et
2474 4234 2772 4291 indictione
2795 4254 2887 4291 xlv
2909 4246 3276 4313 comparavit;
3300 4248 3433 4305 alias

1873 4324 2123 4378 eumdem
2159 4339 2361 4379 annum
2384 4326 2597 4381 distulit
2629 4329 2682 4383 in
2709 4328 3027 4388 Paschalem
3049 4351 3313 4404 mensem,
3339 4359 3431 4398 ec-

1873 4416 2182 4473 clesiastico
2217 4435 2349 4474 usus
2373 4421 2619 4476 exordio.

276 4491 434 4557 Quod
459 4493 622 4563 igitur
649 4510 990 4566 nequaquam
1021 4513 1051 4552 a
1080 4497 1386 4570 Septembri
1425 4519 1600 4559 annos
1633 4521 1765 4560 suos
1801 4511 1846 4565 D
1944 4509 2084 4564 Ante
2115 4509 2405 4566 Maximum
2449 4512 2767 4573 Panodorus
2807 4534 2980 4578 annos
3026 4541 3156 4583 suos
3202 4543 3234 4583 a
3269 4547 3434 4588 verno

208 4580 278 4634 sit
319 4598 572 4649 exorsus,
603 4601 670 4640 ex
704 4585 896 4643 XXXI]
927 4593 1102 4661 capite
1151 4595 1403 4651 concludi
1451 4606 1649 4668 potest.
1697 4599 1768 4653 lbi

207 4672 350 4728 enim
375 4676 430 4728 in
457 4677 702 4732 eumdem
737 4693 936 4735 annum
972 4684 1154 4739 mundi
1173 4685 1425 4741 Martium
1455 4703 1519 4743 ac
1547 4688 1770 4745 Decem-

208 4761 354 4818 brem
392 4767 634 4835 conjicit,
677 4785 868 4842 nempe
917 4772 1075 4839 5501,
1129 4793 1236 4847 quo
1280 4786 1333 4832 et
1385 4778 1577 4833 feriam
1615 4798 1646 4833 ιι
1693 4782 1769 4834 ait

209 4852 377 4912 fuisse
434 4857 610 4914 Martii
665 4878 791 4928 xxv,
847 4873 902 4919 et
959 4877 1210 4936 quartam
1271 4869 1584 4927 Decembris
1639 4890 1765 4930 xxv.

206 4945 643 5022 CerteGeorgius
670 4951 975 5025 Syncellus,
999 4959 1092 5026 qui
1121 4961 1366 5016 eamdem
1391 4979 1558 5018 teram
1579 4966 1770 5034 expri-

205 5037 324 5101 mit,
379 5054 551 5094 annos
607 5057 738 5098 suos
796 5059 825 5098 a
857 5063 962 5100 xxv
1010 5047 1188 5103 Martii
1219 5051 1598 5122 'incipit;nec
1658 5070 1769 5109 non

204 5129 626 5188 Alexandrinum
645 5135 952 5192 Chronicon
973 5157 987 5207 ;
1006 5140 1106 5196 etsi
1126 5142 1400 5198 interdum
1424 5145 1581 5200 aliter
1610 5161 1772 5202 usur-

206 5230 317 5288 pat,
347 5224 415 5279 de
445 5241 554 5295 quo
589 5227 709 5282 vide
739 5245 858 5298 cap.
883 5228 973 5296 lII,
1001 5231 1095 5286 lib.
1130 5231 1203 5285 IX
1237 5232 1314 5287 De
1344 5235 1596 5292 doctrina
1631 5247 1768 5293 tem-

204 5327 409 5382 porum,
443 5319 624 5389 cyclos
664 5331 840 5376 autem
883 5323 1014 5378 solis
1049 5339 1113 5378 ac
1169 5325 1312 5380 lunae
1365 5330 1657 5399 perspicue
1698 5331 1768 5386 ab

121 5399 125 5404 ’
205 5404 392 5460 eodem
424 5409 632 5476 Martio,
660 5426 767 5465 non
798 5429 827 5466 τι
860 5412 1166 5483 Septembri
1213 5419 1476 5474 inchoare
1502 5437 1561 5477 se
1590 5423 1770 5478 decla-

209 5504 308 5554 rat.
349 5513 470 5567 cap.
507 5499 594 5562 Vl,
642 5502 731 5557 ubi
765 5504 1089 5561 Iaterculum
1122 5524 1410 5575 enarrans,
1450 5513 1598 5583 quod
1652 5515 1789 5570 edi-_

211 5593 320 5639 tum
349 5597 433 5642 est
467 5605 586 5660 pag.
619 5593 740 5656 515,
789 5593 1108 5654 Januarium
1141 5610 1194 5655 et
1244 5597 1601 5664 Februarium
1634 5609 1765 5665 anni

207 5677 572 5736 antecedentis
586 5688 706 5738 esse
719 5685 880 5752 dicit;
908 5685 1115 5744 Pascha
1133 5707 1280 5761 vero,
1293 5702 1348 5748 et
1362 5695 1481 5766 ejus
1504 5712 1616 5762 xiv,
1637 5698 1768 5754 anni

207 5770 499 5834 sequentis.
516 5769 777 5829 Praeterea
793 5775 845 5830 id
868 5793 935 5832 ex
952 5780 1216 5849 capitibus
1259 5783 1301 5838 Χ
1335 5800 1398 5842 ac
1421 5785 1534 5842 Xlll
1564 5803 1762 5859 cognoe

360 5864 627 5931 ΡΑτιιοι..
661 5868 776 5930 Gn.
810 5868 983 5932 XIX.

1874 4610 2113 4670 tempore
2161 4604 2449 4661 inchoasse
2491 4608 2703 4664 videtur
2746 4628 2758 4666 :
2807 4614 2912 4669 etsi
2969 4615 3234 4690 Georgius
3269 4624 3324 4679 in
3367 4645 3434 4681 eo

1872 4696 2208 4764 fragmento,
2251 4699 2394 4767 quod
2437 4702 2616 4769 capite
2644 4707 2914 4775 superiori
2977 4713 3286 4779 retulimus,
3339 4719 3431 4772 ubi

1871 4785 2320 4858 ἐνανθρώπησιν,
2361 4799 2414 4844 et
2448 4791 2697 4864 γέννησιν
2745 4797 2812 4851 ab
2859 4814 2925 4852 eo
2956 4800 3217 4876 illigatam
3271 4807 3436 4864 refert

1872 4887 2016 4927 anno
2053 4876 2241 4930 mundi
2285 4878 2444 4941 5495,
2496 4882 2702 4936 nullam
2750 4896 2956 4942 certam
2988 4890 3109 4958 ejus
3154 4894 3231 4947 rei
3264 4897 3434 4966 signis

1871 4963 2176 5021 ﬁcationem
2217 4969 2448 5034 dederit,
2489 4981 2668 5030 tamen
2722 4976 2798 5031 ita
2849 4979 3148 5037 Christiani
3181 4985 3294 5040 fere
3320 4963 3434 5043 vve-

1872 5065 2039 5120 teres,
2087 5059 2276 5114 saltem
2317 5064 2710 5121 ecclesiasticis
2750 5071 2802 5123 in
2855 5076 3126 5143 computis
3152 5085 3205 5132 et
3255 5078 3433 5133 histo-

1873 5150 2005 5216 riis,
2047 5150 2228 5207 I'acere
2277 5168 2675 5214 consueverant
2722 5171 2782 5215 ut
2837 5164 2904 5218 de
2944 5164 3202 5224 Africano
3249 5185 3368 5242 cap.
3409 5170 3432 5228 I

1870 5240 2035 5309 hujus
2067 5243 2192 5298 libri
2225 5244 2533 5305 docuimus.

1943 5330 2040 5388 His
2085 5335 2500 5404 animadversis,
2543 5339 2703 5397 facile
2735 5342 2846 5413 jam
2878 5347 2984 5401 erit
3033 5351 3166 5406 solis
3199 5367 3262 5406 ac
3291 5353 3433 5410 lunae

1871 5425 2054 5494 cyclos
2081 5441 2202 5481 tera:
2223 5427 2406 5497 hujus,
2443 5440 2497 5485 et
2525 5437 2768 5504 computi
2795 5439 3050 5508 proprios
3080 5442 3429 5514 investigare,

1870 5530 1934 5568 ac
1967 5529 2090 5568 cum
2125 5519 2330 5573 nostris
2365 5535 2714 5592 componere,
2757 5527 2810 5581 in
2841 5545 2952 5598 quo
2986 5529 3287 5586 fcedissirre
3313 5533 3432 5590 bal-

1871 5605 2142 5662 lucinatns
2165 5618 2250 5662 est
2284 5607 2560 5681 Scaliger;
2597 5617 2674 5670 uti
2707 5619 2868 5687 paulo
2911 5630 3036 5690 post
3086 5623 3427 5682 ostendetur.

1868 5694 2110 5751 Primum
2153 5699 2299 5753 enim
2349 5703 2494 5771 quod
2545 5705 2612 5760 ad
2647 5707 2781 5764 solis
2807 5710 3020 5780 cyclum
3063 5712 3293 5778 attinet,
3343 5713 3430 5768 diu

1868 5789 2022 5846 visis
2053 5793 2211 5848 annis
2263 5794 2330 5850 ab
2378 5797 2510 5854 orbe
2556 5800 2822 5869 condito,
2871 5805 3124 5861 residuus
3172 5814 3436 5863 numerus

3081 5897 3156 5961 ῐιὸ
