3948 6264
541 306 679 365 1119

1570 301 1663 357 AD
1697 302 1968 361 EUSEBII
2009 303 2404 362 CHRONICON
2443 304 2809 364 APPENDIX.

3610 321 3720 378 1420

548 425 736 497 cyclus
759 429 842 478 est
880 420 1013 477 solis
1038 439 1052 477 :
1088 427 1183 475 aut
1209 428 1360 477 certe
1391 427 1543 475 totus
1575 421 1692 491 ipse
1721 436 1985 476 numerus
2004 420 2108 486 28;
2139 428 2186 484 Α
2217 438 2365 477 anno
2388 422 2548 477 1572.
2576 389 2655 477 Ac
2680 425 2766 478 vel
2780 439 2850 479 ex
2875 438 2964 489 eo,
2989 424 3130 494 quod
3160 440 3190 479 a
3218 425 3465 485 Kalendis
3490 429 3724 495 Januariis

550 533 695 572 anno
739 513 879 570 6155
906 511 1084 568 diviso
1130 529 1228 584 per
1264 513 1371 578 28,
1424 513 1756 583 relinquitur
1784 513 1835 567 1.
1874 511 2113 567 Proinde

548 610 737 679 cyclus
767 608 945 664 solisr
978 605 1261 668 concurrit
1283 620 1406 659 cum
1439 620 1586 658 anno
1618 603 1827 660 Christi
1854 604 1978 668 641,
2003 619 2115 674 quo

542 701 825 756 Romanus
870 700 1006 754 solis
1038 699 1225 770 cyclus
1258 705 1377 753 erat
1398 693 1501 759 'vt,
1534 697 1714 751 littera
1761 695 2113 752 Dominicalis

540 789 622 846 G:
656 791 800 846 unde
829 790 1030 861 reliqui
1054 790 1314 859 deinceps
1346 787 1634 858 propagari
1663 794 1936 857 possunt;
1967 786 2111 857 quod

541 883 599 938 in
645 884 1004 954 sequentibus
1056 880 1351 937 constabit.
1386 878 1586 949 Cyclus
1634 877 1845 931 lunaris
1893 875 2114 930 Maximi

542 977 687 1032 idem
716 991 947 1048 prorsus
977 982 1062 1030 est
1108 989 1230 1028 cum
1282 971 1551 1027 Romano.
1588 968 1879 1039 Siquidem
1922 968 2114 1023 divisis

542 1067 682 1124 6155
702 1084 799 1139 per
826 1065 913 1135 1⁷9,
940 1067 1133 1136 reliqui
1162 1071 1292 1119 sunt
1319 1079 1415 1128 xv,
1436 1074 1488 1117 et
1518 1077 1710 1118 revera
1741 1075 1885 1115 anno
1907 1058 2111 1114 Christi

539 1161 666 1228 6H,
695 1161 882 1232 cyclus
926 1167 1045 1215 erat
1081 1159 1224 1212 lunae
1259 1155 1346 1210 15.
1392 1153 1554 1219 Quod
1601 1155 1802 1208 mirum
1836 1166 1962 1208 esse
2000 1165 2111 1204 non

539 1254 719 1309 debet.
777 1253 856 1307 Ex
905 1251 1097 1308 eodem
1142 1252 1348 1321 quippe
1408 1246 1908 1303 Alexandrinorum
1952 1245 2111 1298 fonte

538 1344 711 1400 Grreci
743 1361 807 1399 ac
834 1344 1013 1399 Latini
1055 1344 1262 1415 pariter
1304 1343 1549 1395 lunarem
1598 1338 1834 1392 hausere
1862 1334 2107 1406 cyclum;

537 1444 593 1491 et
633 1437 702 1490 ab
733 1435 921 1491 eadem
966 1435 1215 1506 cpocha,
1250 1433 1507 1486 nimirum
1557 1429 1625 1483 ab
1680 1442 1850 1483 verno
1896 1438 2107 1489 mense,

537 1544 697 1585 usum
731 1529 876 1585 illius
903 1528 1173 1600 auspicati
1211 1534 1368 1581 sunt.

605 1618 665 1675 In
696 1620 1002 1675 indictione
1024 1619 1267 1690 putanda
1302 1618 1600 1687 perplexus
1624 1621 1708 1669 est
1730 1611 2023 1676 Maximus,
2051 1609 2109 1664 in

531 1727 706 1784 eaque
726 1712 1017 1770 methodus
1042 1711 1202 1777 fallit,
1221 1725 1344 1779 quae
1368 1724 1464 1778 per
1486 1708 1696 1778 cyclum
1722 1706 1993 1776 integrum
2009 1702 2109 1774 τὴν

2217 516 2465 571 lunarem
2520 517 2735 588 cyclum
2812 518 3061 573 inchoari
3111 520 3338 586 scribit,
3398 525 3721 593 conjecturam

2214 614 2459 661 nostram
2488 608 2775 678 approbat,
2807 624 2972 679 quam
3008 612 3186 680 capite
3219 609 3286 665 Ill
3308 614 3548 683 superius
3584 623 3724 689 expli-

2212 700 2492 767 cavimus;
2523 698 2742 758 Graecos
2788 703 2843 757 in
2876 703 2982 757 hoc
3026 718 3225 772 genere
3269 708 3501 775 computi
3544 708 3723 766 Latino-

2212 805 2347 860 rum.
2410 807 2474 847 ac
2518 792 2834 849 Iudaeorum
2918 810 3112 851 aureos
3170 811 3424 853 numeros
3470 804 3720 871 accepisse.

2213 882 2348 938 Nam
2374 883 2693 941 Latinorum
2741 887 3019 957 proprium
3051 887 3106 942 id
3142 886 3270 953 fuit,
3307 889 3539 945 lunarem
3566 893 3627 947 ab
3652 893 3720 949 Ja-

2214 976 2410 1030 nuario
2446 978 2660 1047 cyclum
2697 979 2987 1045 inchoare;
3040 995 3161 1035 cum
3198 981 3268 1035 ab
3318 981 3502 1052 Aprili,
3529 987 3602 1041 vel
3641 985 3722 1042 Pa-

2214 1067 2386 1121 schali
2412 1083 2599 1124 mense
2632 1068 2901 1125 Romanis
2932 1069 3071 1126 idem
3104 1073 3294 1143 cyclus
3322 1075 3631 1143 procederet.
3661 1078 3721 1135 Ex

2214 1159 2300 1216 his
2363 1161 2713 1217 concluditur
2765 1178 2969 1218 annum
3026 1164 3239 1221 civilem
3281 1164 3722 1241 Constantinopoli-

2212 1259 2401 1307 tanum
2458 1253 2673 1309 duobus
2740 1255 3074 1325 respondere
3120 1255 3293 1327 cyclis
3347 1257 3638 1327 lunaribus,
3677 1273 3723 1315 ut

2211 1358 2389 1400 annus
2419 1344 2566 1400 6881
2609 1361 2638 1399 a
2679 1344 2985 1418 Septembri
3024 1348 3154 1401 anni
3203 1347 3342 1402 1572
3381 1348 3634 1420 incipiens,
3668 1353 3721 1407 ad

2211 1436 2528 1493 Decembris
2559 1438 2722 1495 linem
2756 1441 2910 1512 cyclo
2950 1440 2985 1494 2
3018 1441 3623 1512 Constantinopolitano,
3653 1450 3724 1501 vel

2209 1525 2520 1583 5.Romano
2561 1531 2897 1601 respondet:
2935 1548 2965 1585 a
3006 1531 3271 1589 Kalendis
3299 1531 3574 1599 Januariis.
3600 1541 3724 1610 cyclo

2209 1619 2395 1684 tertio,
2426 1629 2481 1676 et
2504 1620 2762 1678 ﬂomano
2791 1623 2846 1688 6,
2889 1624 3036 1694 quod
3078 1626 3146 1680 de
3180 1626 3347 1680 solari
3383 1642 3581 1698 quoque
3602 1633 3724 1701 cyclo

2211 1711 2462 1770 Romano
2480 1714 2785 1772 dicendum
2821 1727 2926 1773 est.
2966 1717 3288 1775 Distributis
3321 1721 3473 1776 annis
3504 1720 3619 1777 68251
3650 1740 3725 1795 per

528 1775 704 1879 ὁμᾶδα
743 1805 956 1861 dividit.
979 1803 1112 1858 Nam
1148 1775 1195 1860 si
1227 1775 1383 1855 6155-
1395 1815 1493 1870 per
1521 1775 1590 1853 15
1623 1775 1881 1868 partiare,
1912 1809 2106 1865 super-
2137 1775 2184 1836 Β
2211 1803 2301 1870 28,
2337 1813 2508 1862 restat
2545 1808 2734 1878 cyclus
2768 1810 2903 1865 solis
2931 1809 2996 1864 21
3033 1810 3102 1866 ab
3144 1810 3370 1867 Octobri
3421 1775 3554 1866 anni,

526 1903 635 1957 erit
686 1899 913 1956 indictio
956 1913 1080 1953 xm.
1116 1894 1288 1968 Atqui
1340 1909 1429 1947 XIV
1469 1898 1647 1961 empta
1689 1898 1773 1944 est
1805 1884 2110 1957 Septembri

527 1994 659 2050 anui
682 1992 809 2058 640,
831 1999 885 2050 et
925 1985 1326 2062 sequente641
1365 1983 1547 2037 adhuc
1576 1980 1848 2045 obtinuit;
1878 1992 1980 2033 nec
2004 1976 2111 2031 alia

525 2101 651 2146 cum
683 2100 828 2140 anno
859 2082 1049 2139 mundi
1080 2081 1220 2137 6l55
1248 2075 1511 2147 componi
1547 2073 1759 2129 debuit.
1802 2070 2001 2126 Verum
2042 2066 2110 2122 ad

523 2175 843 2233 methodum
884 2175 1070 2229 unitas
1104 2170 1337 2226 additur
1388 2164 1554 2220 annis
1604 2162 1820 2227 mundi,
1857 2171 1916 2215 ut
1964 2158 2109 2215 indi-

517 2269 762 2325 ctioaem
814 2267 1088 2323 labentem
1128 2263 1395 2319 obtinens
1419 2277 1442 2315 ι
1478 2255 1939 2328 quemadmodum
1984 2267 2107 2322 cap.

516 2358 745 2417 IXXJIJ
782 2357 1039 2428 Computi
1084 2355 1361 2411 admonet.
1419 2349 1710 2421 Duplicem
1757 2347 1904 2403 enim
1958 2346 2133 2427 indi-7

520 2454 762 2512 ctionem
796 2451 988 2507 statuit
1012 2469 1027 2504 :
1059 2462 1248 2511 unam,
1274 2460 1396 2516 qua:
1413 2442 1640 2499 exsistit
1655 2455 1720 2495 ex
1738 2439 1897 2493 annis
1920 2437 2111 2492 mundi

521 2562 623 2620 per
653 2562 722 2602 xv
747 2543 987 2609 divisis;
1024 2547 1221 2610 estque
1253 2539 1465 2592 unitate
1500 2532 1709 2597 minor,
1743 2546 1908 2602 quam
1931 2530 2110 2600 reipsa

521 2650 656 2696 tunc
682 2643 1017 2709 usurpatur;
1049 2632 1300 2694 alteram,
1331 2643 1456 2699 qua:
1484 2626 1559 2681 ab
1589 2624 1824 2696 Augusti
1863 2623 2109 2679 secundo

522 2731 743 2806 imperii
775 2744 922 2785 anno
951 2735 1040 2783 est
1061 2738 1261 2783 exorsa
1291 2740 1304 2776 :
1332 2735 1494 2791 quem
1522 2717 1750 2789 quidem
1782 2715 2014 2770 allirmat
2042 2730 2111 2770 ex

519 2842 594 2889 xv
617 2823 923 2884 indictione
963 2820 1204 2891 primam
1240 2829 1386 2870 anno
1423 2814 1531 2868 isto
1573 2810 1796 2866 fecisse.
1822 2807 1949 2863 Haec
1980 2814 2110 2862 sunt

521 2910 925 2978 commntitia.
959 2906 1102 2963 Vera
1131 2913 1310 2959 autem
1344 2901 1497 2972 origo
1518 2898 1797 2971 patefacta
1834 2905 1918 2953 est
1941 2912 2107 2966 supra

525 3026 650 3082 cap.
669 3006 762 3062 111.
791 3002 927 3058 Vide
962 3008 1017 3055 et
1040 3011 1162 3066 cap.
1193 2997 1236 3062 1,
1267 2995 1360 3051 ubi
1389 2995 1457 3051 de
1498 2989 1903 3051 indictionibus
1936 2989 2109 3044 Maxi-

531 3103 607 3170 mi
626 3099 866 3170 egimus.
1042 3126 1247 3158 μων..
1264 3127 1294 3146 ..
1307 3128 1361 3140 φ.

605 3190 665 3245 ln
686 3189 858 3246 altero
882 3195 1165 3260 computo,
1194 3195 1354 3258 quem
1380 3178 1521 3238 κατὰ
1546 3175 1854 3248 Ῥωμαίους
1875 3174 2109 3246 appellat

532 3283 839 3355 Georgius,
901 3281 1105 3352 quique
1157 3292 1358 3334 annum
1430 3268 1834 3329 lncarnationis
1888 3268 2109 3324 exhibet

532 3374 726 3433 mundi
759 3371 921 3437 5509,
946 3371 1174 3443 perinde
1203 3369 1458 3440 ambigua
1481 3373 1566 3422 est
1586 3376 1855 3418 annorum
1878 3361 2105 3432 epocha.

532 3467 758 3524 lsaacus
793 3466 1037 3538 Argyrus
1088 3479 1207 3534 cap.
1253 3461 1322 3517 111
1349 3459 1603 3534 Computi
1649 3456 1871 3531 prioris,
1904 3470 2106 3510 annum

536 3561 750 3616 civilem
776 3559 854 3613 ait
882 3574 912 3611 a
947 3556 1254 3621 Septembri
1289 3556 1571 3623 inchoari;
1596 3555 1808 3626 cyclum
1838 3550 2098 3614 solarem,

536 3657 606 3710 ab
629 3652 887 3711 Octobris
917 3649 1203 3708 Kalendis.
1227 3651 1453 3724 Cyclum
1473 3666 1606 3707 vero
1634 3651 1879 3706 lunarem
1895 3663 2016 3720 cap.
2040 3645 2105 3701 IV

536 3748 608 3802 ab
653 3745 916 3802 Januario
970 3745 1193 3814 incipit,
1226 3759 1291 3799 ac
1341 3742 1534 3799 divisis
1587 3742 1746 3797 annis
1783 3741 1971 3795 mundi
2011 3755 2109 3811 per

536 3847 926 3907 congruentem
959 3838 1115 3910 cyclo
1151 3837 1329 3892 cuivis
1361 3850 1673 3899 numerum,
1712 3834 1894 3905 colligi
1926 3833 2111 3887 laben-

537 3941 649 3988 tem
679 3946 826 3986 anno
857 3931 1046 3984 ultimo
1084 3930 1298 4001 cyclum
1346 3928 1564 3983 asserit.
1595 3926 1834 3986 Annum,
1863 3940 1973 3995 quo
2005 3925 2111 3980 ista

538 4018 826 4090 prodebat,
857 4019 1035 4088 capite
1067 4018 1134 4073 lll
1182 4017 1379 4073 scribit
1415 4032 1537 4071 esse
1586 4015 1772 4070 mundi
1806 4014 1969 4077 6881,
2001 4030 2109 4084 quo

536 4108 718 4166 diviso
761 4125 857 4180 per
881 4109 972 4174 28,
1018 4110 1078 4165 fit
1125 4110 1260 4165 solis
1304 4109 1497 4180 cyclus
1557 4107 1647 4172 21,
1691 4115 1807 4162 tum
1852 4106 2107 4162 Octobris

538 4217 669 4257 xxvi
691 4200 779 4257 die
814 4199 1003 4255 feriam
1046 4217 1104 4255 ιιι
1134 4201 1329 4255 scribit
1374 4199 1565 4267 fuisse,
1610 4202 1788 4269 capite
1836 4198 2108 4267 sequenti.

537 4293 637 4350 Est
682 4295 770 4349 hic
816 4309 991 4350 annus
1038 4294 1245 4350 Christi
1303 4294 1477 4357 1572,
1520 4294 1676 4365 cyclo
1733 4291 1982 4346 Romano
2033 4307 2108 4353 ix,

545 4386 725 4441 littera
750 4385 1015 4441 Dominic.
1062 4387 1168 4442 DC.
1205 4387 1351 4443 Idem
1387 4397 1568 4442 tamen
1609 4387 1787 4455 capite
1819 4382 1909 4449 Vl,
1945 4383 2108 4454 μέχρι

2208 1911 2319 1967 quo
2374 1895 2654 1955 Romanus
2694 1899 2728 1954 9
2775 1901 2957 1956 adhuc
3000 1902 3054 1956 in
3098 1918 3205 1958 usu
3251 1910 3406 1958 erat:
3456 1919 3585 1960 anno
3624 1924 3722 1963 rem

2209 1994 2471 2058 sequente
2504 1989 2647 2044 1575
2689 1999 2808 2046 erat
2862 1992 3052 2062 cyclus
3107 1993 3200 2048 10.
3250 1993 3509 2059 Quocirca
3555 1998 3723 2066 primus

2208 2079 2395 2151 cyclus
2432 2080 2631 2138 solaris
2658 2081 3389 2156 Constantiriopolitanurum
3424 2096 3534 2143 erat
3562 2086 3723 2144 Roma-

2209 2188 2314 2228 nus
2343 2173 2410 2227 17
2439 2174 2508 2229 ab
2535 2172 2798 2239 Octobri;
2826 2174 3091 2232 Januario
3128 2193 3262 2232 vero
3290 2188 3556 2249 sequente,
3577 2182 3658 2247 18;
3683 2193 3723 2237 et

2205 2264 2419 2330 primus
2458 2260 2646 2336 cyclus
2685 2266 2966 2322 Romanus
3016 2266 3283 2325 Januario
3319 2286 3497 2327 mense
3539 2287 3723 2344 respou-

2207 2355 2370 2412 debat
2406 2359 2559 2428 cyclo
2599 2357 3214 2431 Constantinopolitano
3257 2362 3343 2416 12.
3384 2362 3589 2419 Octobri
3623 2381 3724 2420 vero

2209 2456 2490 2519 sequente,
2535 2451 2691 2522 cyclo
2740 2452 2828 2508 15.
2875 2452 3110 2509 Lunaris
3141 2455 3333 2527 cyclus
3368 2455 3639 2522 idem,erat
3676 2472 3726 2514 ac

2207 2537 2564 2608 Latinorum;
2618 2548 2673 2596 et
2727 2544 2971 2597 ternario
3025 2545 3213 2601 minor
3263 2554 3381 2602 erat
3432 2545 3651 2601 Romano
3684 2559 3724 2603 et

2206 2629 2596 2686 Alexandrino.
2629 2630 2756 2698 Sed,
2798 2643 2859 2689 ut
2883 2633 2997 2704 jam
3035 2639 3246 2703 moniti,
3285 2652 3458 2708 neque
3492 2639 3544 2693 in
3566 2639 3723 2695 embo-

2208 2721 2494 2777 lismorum
2533 2724 2780 2791 ratione;
2822 2741 2925 2782 nec
2955 2727 3009 2782 in
3043 2727 3333 2786 Paschatis
3370 2730 3650 2788 celebritate
3672 2733 3723 2786 ab

2206 2811 2592 2870 Alexandrinis
2629 2825 2684 2872 ct
2715 2816 3016 2875 Catholicis
3045 2820 3318 2879 institutis
3348 2823 3720 2880 abhorruerunt.

2206 2903 2440 2959 lndictio
2495 2906 2735 2977 denique
2780 2908 2969 2966 eadem
3025 2919 3147 2967 erat
3201 2927 3265 2968 ac
3314 2912 3580 2982 Romana,
3633 2916 3723 2971 sive

2207 2995 2583 3066 imperatoria,
2615 3005 2675 3052 ut
2716 3008 2935 3059 vocant.
2985 3017 3015 3056 a
3051 3000 3399 3073 Septembri;
3441 3005 3546 3061 sive
3581 3007 3722 3061 eccle-

2134 3125 2176 3180 Ο
2212 3089 2436 3144 siastica
2457 3090 2537 3145 ab
2567 3089 2852 3147 Januario.
2890 3092 3107 3150 Unitatc
3136 3112 3270 3166 ergo
3311 3098 3481 3168 major
3509 3111 3611 3154 erat
3633 3099 3720 3156 illa.

2210 3198 2332 3253 qua:
2355 3198 2419 3238 ex
2444 3182 2816 3239 Alexandrino
2855 3194 3111 3256 computo
3139 3189 3327 3257 prodit
3352 3207 3368 3243 :
3409 3190 3543 3260 quod
3573 3190 3723 3259 impri-

2209 3273 2313 3329 mis
2380 3275 2681 3329 notandum
2721 3277 2904 3342 venit,
2954 3285 3014 3331 ut
3072 3293 3141 3333 ex
3208 3296 3274 3335 eo
3325 3281 3723 3351 chronologorutu

2208 3367 2546 3430 Graecorum,
2577 3375 2632 3422 et
2671 3368 2940 3438 imprimis
2970 3368 3328 3442 Theophanis
3361 3383 3530 3428 errata
3568 3373 3723 3444 depre-

2211 3456 2535 3512 hendamus.
2581 3455 2756 3528 Hujus
2794 3458 3209 3518 observationis
3251 3465 3514 3535 specimen
3557 3463 3725 3532 praebe-

2208 3550 2409 3611 bimus.

2279 3645 2639 3717 Theophanes
2670 3645 2746 3702 ait
2781 3647 3089 3704 [leraclium
3133 3649 3370 3720 cepisse
3400 3664 3535 3704 anno
3573 3647 3725 3702 mundi

2208 3737 2791 3803 6102,1ncarnationis
2808 3739 2934 3806 602,
2958 3728 3209 3797 Octobris
3245 3758 3316 3807 tv,
3343 3741 3471 3797 feria
3491 3757 3549 3804 ιι,
3571 3740 3724 3794 indici.

2208 3845 2317 3885 χιν.
2358 3828 2458 3884 llic
2492 3838 2577 3886 cst
2613 3845 2792 3886 annus
2833 3831 3037 3886 Christi
3070 3829 3435 3903 Dionysianus
3466 3829 3577 3894 610,
3603 3827 3726 3899 cyclo

2207 3920 2472 3992 praeditus
2494 3922 2661 3978 solari
2696 3937 2787 3985 ιιι,
2823 3922 3003 3977 littera
3038 3922 3100 3979 D.
3132 3923 3324 3994 Itaque
3345 3937 3490 3978 error
3514 3929 3588 3977 est
3613 3917 3754 3989 apud'

2210 4010 2620 4081 Theophanem,
2672 4012 3070 4084 legendumque
3130 4012 3341 4077 feriat,
3384 4029 3487 4067 non
3530 4027 3581 4065 ιι.
3624 4009 3726 4062 Erat

2211 4103 2439 4157 indictio
2490 4102 3108 4174 ConstantinOpolitana
3177 4105 3250 4160 ab
3304 4103 3590 4175 Septembri
3636 4115 3723 4154 xlv.

2211 4195 2368 4249 llunc
2400 4193 2566 4265 igitur
2598 4211 2805 4252 annum
2847 4205 3004 4267 putat
3048 4197 3409 4267 Theophanes
3455 4197 3518 4251 ab
3557 4194 3725 4248 Adamo

2212 4285 2387 4354 6102;
2421 4288 2819 4345 lncarnationis
2843 4289 2968 4345 602.
2997 4293 3067 4344 At
3086 4290 3372 4347 Cedrenus
3405 4286 3722 4347 mundi6t03,

2214 4378 2614 4435 lncarnationis
2664 4379 2792 4436 609.
2826 4380 3032 4438 Verum
3074 4382 3224 4451 quod
3276 4382 3343 4437 ad
3380 4375 3725 4435 lncarnationis

544 4475 643 4545 τῆς
667 4475 841 4546 ἀρχῆς
873 4476 965 4533 τοῦ
1019 4477 1320 4547 ἀρχομένου
1363 4476 1689 4548 Ἰανουαρίου
1714 4513 1729 4539 ,
1780 4494 1799 4527 ί
1832 4489 2008 4543 usque
2039 4473 2107 4526 ad

2212 4485 2387 4525 annos
2408 4473 2620 4536 attinet,
2646 4472 2906 4537 Miscella,
2927 4490 3049 4545 quae
3071 4490 3138 4529 ex
3171 4472 3512 4544 Theophanis
3536 4466 3726 4524 historia

542 4567 756 4643 initium
789 4563 1054 4632 Januarii,
1077 4571 1171 4640 qui
1200 4569 1446 4638 proxime
1475 4568 1749 4638 sequitur,
1778 4586 1796 4618 ι
1826 4581 2001 4621 annos
2032 4566 2109 4618 ait

540 4672 664 4713 esse
695 4654 872 4714 6880:
912 4660 1111 4728 quibus
1145 4660 1337 4715 divisis
1382 4676 1480 4731 per
1521 4659 1610 4725 19,
1641 4660 1853 4731 cyclum
1904 4658 2046 4712 lunae
2075 4656 2112 4710 2

541 4748 758 4803 conﬁci.
824 4748 948 4804 Haec
1018 4753 1093 4805 ita
1157 4752 1442 4806 conciliari
1502 4759 1753 4822 possunt.
1825 4748 2112 4805 Scribebat

542 4835 761 4891 lsaacus
805 4836 1025 4893 Octobri
1079 4854 1266 4895 mense
1317 4841 1448 4895 anni
1502 4841 1709 4898 Christi
1762 4840 1935 4908 1572;
1986 4854 2110 4894 cum

539 4927 652 4994 jam
707 4928 775 4981 ab
823 4927 1126 4997 Septembri
1176 4939 1392 5003 emptus
1432 4942 1579 4989 esset
1620 4949 1798 4988 annus
1839 4934 2113 4988 Constan-

544 5021 936 5090 tinopolitanus
968 5022 1102 5077 6881
1131 5039 1256 5078 cum
1292 5024 1590 5081 indictione
1612 5043 1664 5081 iu
1694 5066 1710 5090 ,
1745 5025 1958 5081 ratione
1982 5039 2112 5080 vero

542 5110 682 5179 cycli
721 5111 921 5168 solaris
970 5128 1001 5166 ει
1035 5112 1292 5170 Kalendis
1340 5114 1628 5172 Octobris:
1681 5131 1845 5186 porro
1896 5115 2113 5170 ratione

543 5203 681 5275 cycli
716 5203 957 5267 lunaris,
992 5203 1249 5262 Kalendis
1286 5204 1564 5261 Januariis
1598 5208 1956 5277 sequentibus
2005 5207 2114 5261 ini-

543 5296 682 5349 tium
709 5294 998 5351 habiturus
1019 5304 1156 5359 erat,
1181 5296 1263 5352 sic
1287 5304 1347 5351 ut
1371 5313 1548 5353 annus
1569 5296 1728 5367 688ολ
1740 5303 2113 5369 perseveraret

546 5401 691 5440 anno
720 5386 876 5441 1572..
914 5388 1100 5457 Itaque
1133 5388 1201 5442 ad
1239 5389 1510 5446 Kalendas
1528 5390 1776 5446 Januarii
1807 5392 1938 5447 anni
1970 5391 2111 5446 1575

546 5473 767 5532 ﬂuxisse
796 5479 872 5531 ait
903 5493 1075 5535 annos
1108 5479 1285 5535 6880:
1315 5482 1510 5536 horum
1544 5482 1773 5538 ultimus
1806 5483 2112 5552 occupabat

549 5579 751 5620 annum
774 5568 933 5633 1572,
966 5571 1126 5638 cujus
1156 5569 1291 5625 adeo
1325 5573 1538 5643 cyclum
1574 5572 1885 5644 investigat.
1921 5573 2114 5629 Divide

550 5670 724 5711 annos
757 5657 896 5713 6880
928 5677 1025 5730 per
1054 5661 1141 5725 19,
1171 5670 1342 5716 restat
1369 5663 1405 5716 2
1439 5663 1582 5717 luna:
1610 5664 1795 5730 cyclus
1820 5665 2108 5731 Judaicus,

551 5755 604 5805 et
632 5746 891 5816 Latinus;
924 5752 1017 5822 qui
1051 5752 1295 5809 Romano
1325 5752 1361 5812 5
1406 5756 1719 5825 respondet,
1753 5767 1956 5828 quotus
1989 5770 2109 5817 erat

2212 4572 2450 4628 constat,
2482 4565 2736 4620 eumdem
2774 4566 2940 4621 habet
2970 4581 3173 4621 annum
3208 4564 3335 4632 602,
3369 4573 3424 4620 ut
3454 4572 3636 4619 certum
3671 4559 3728 4614 sit

2213 4672 2243 4710 a
2278 4656 2609 4728 Theophane
2667 4660 2742 4713 ita
2792 4660 3059 4729 scriptum
3104 4658 3310 4724 fuisse,
3360 4656 3540 4713 mundi
3583 4649 3725 4713 6102,

2213 4749 2611 4806 lncarnationis
2658 4750 2805 4805 602:
2867 4753 3058 4807 divisis
3105 4752 3247 4807 6102
3302 4767 3396 4823 per
3430 4750 3520 4817 15,
3565 4741 3726 4813 reliqui

2215 4847 2344 4895 sunt
2368 4840 2468 4907 12;
2492 4840 2675 4896 addita
2708 4842 2938 4908 unitate,
2971 4858 3039 4897 cx
3059 4851 3328 4914 praecepto
3351 4838 3574 4903 Maximi,
3602 4833 3728 4890 colli-

2213 4932 2360 5002 gitur
2386 4932 2614 4987 indictio
2646 4948 2770 4997 xm,
2809 4933 2913 4988 hoc
2947 4943 3030 4990 est
3066 4936 3308 4989 ltomana
3342 4948 3372 4987 a
3406 4929 3640 4988 Januario
3672 4922 3727 4977 ad

2218 5026 2379 5077 linem
2432 5023 2782 5092 Decembris;
2815 5024 3414 5096 Constantinopolitana
3464 5035 3581 5078 vero
3603 5034 3630 5072 a
3650 5016 3724 5070 Ja-

2216 5116 2432 5179 nuario,
2467 5116 2535 5169 ad
2573 5115 2734 5170 linem
2767 5117 3018 5188 Augusti.
3051 5116 3322 5184 Quocirca
3350 5115 3562 5171 indictio
3598 5124 3722 5167 com-

2215 5207 2329 5275 puti
2359 5206 2736 5271 Alexandrini,
2768 5225 2890 5278 qua:
2915 5224 2980 5264 ex
3013 5210 3279 5266 divisione
3305 5211 3400 5280 τῆς
3435 5203 3611 5277 ὁμάδος
3634 5199 3723 5255 ori.

2216 5305 2329 5359 tur,
2364 5299 2469 5353 nisi
2498 5300 2568 5355 ab
2596 5298 2909 5371 Septembri
2936 5316 3109 5359 annos
3137 5302 3429 5364 ordiamur,
3456 5313 3484 5351 a
3503 5292 3720 5351 Januario

2219 5390 2287 5444 ad
2331 5389 2706 5462 Septembrem
2753 5395 3021 5449 unitatem
3074 5394 3200 5450 addi
3255 5392 3358 5449 sibi
3413 5387 3650 5462 postulat;
3693 5394 3717 5433 λ

2221 5478 2549 5551 Septembri,
2586 5484 2653 5536 ad
2688 5484 2821 5538 anni
2861 5486 3044 5552 linem,
3073 5486 3284 5540 binario
3311 5492 3391 5539 est
3416 5476 3650 5550 augenda,
3668 5479 3716 5524 ιιι

2218 5572 2434 5629 civilem
2485 5573 3154 5648 Constantinopolitanam
3211 5581 3537 5645 assequatur.
3577 5565 3714 5638 Ῐείίυτ

2220 5684 2365 5723 anno
2414 5668 2621 5726 Christi
2662 5669 2808 5737 610,
2852 5678 2970 5727 erat
3009 5687 3189 5730 annus
3236 5666 3583 5725 Alexandriam
3615 5672 3712 5713 atra:

2221 5762 2360 5819 6102
2386 5776 2417 5817 a
2466 5776 2634 5818 verno
2692 5777 2881 5820 mense
2908 5773 3156 5837 cceptus.
3198 5764 3241 5818 A
3289 5756 3567 5834 Septembri
3609 5762 3714 5809 vero
