3948 6264
297 327 425 385 1421

1259 307 1715 379 DISSERTATIO
1758 318 1844 373 ms
1883 313 2287 373 canonum
2327 314 2531 371 mus.

3375 315 3508 372 “2'2

246 484 249 489 η
295 442 471 501 civilis
518 455 695 498 annus
727 439 867 497 6105
911 440 1092 512 putari
1134 438 1344 509 cmpit:
1389 435 1534 506 quod
1571 433 1851 488 Cedrenus
1879 436 1923 493 Α
1954 428 2514 501 lahentem’cujusque
2545 434 2783 500 computi
2818 431 3233 495 numerandum,
3262 434 3508 504 praecipit

276 543 515 592 secutus
548 541 667 601 est;
705 534 860 604 prius
904 540 1108 594 autem,
1141 528 1525 599 Theophanes,
1556 525 1648 595 qui
1679 523 1853 579 eccle—

297 626 520 683 siastico
553 640 724 691 more,
766 632 829 679 ut
854 622 1113 688 vidimus,
1138 634 1312 675 annos
1352 633 1382 671 a
1421 616 1683 677 Paschate
1716 614 1853 669 solet

298 718 557 787 incipere.

365 806 726 877 Theophanes
791 805 931 861 idem
1000 809 1190 858 narrat
1245 799 1483 856 Leonem
1555 796 1855 853 Isauricum

298 900 501 955 obiisse
554 912 701 952 anno
741 896 953 967 imperii
994 897 1079 952 sui
1119 910 1248 958 xxv,
1289 894 1400 964 jam
1456 892 1524 947 ab
1577 889 1855 944 mensibus

297 987 535 1051 duobus,
561 988 753 1043 diebus
792 1001 906 1040 xxtt
943 987 1229 1047 inchoato,
1264 998 1359 1037 xiv
1388 979 1659 1037 Kalendas
1702 978 1854 1039 Julii,

298 1079 598 1134 indictione
620 1094 695 1141 ix,
728 1079 873 1148 quod
906 1087 960 1132 et
1009 1077 1235 1131 historia
1278 1074 1515 1129 Miscella
1545 1073 1711 1128 refert
1754 1071 1859 1126 sub

299 1168 458 1222 linem
492 1168 616 1222 libri
648 1167 787 1221 XXI.
825 1169 984 1232 Ἔτος
1022 1162 1090 1238 ἦν
1124 1166 1231 1220 ἀπὸ
1262 1166 1360 1237 μὲν
1391 1164 1617 1228 κτίσεως
1655 1164 1857 1234 κόσμου

297 1257 438 1312 κατὰ
473 1258 778 1329 Ῥωμαίους
798 1257 986 1329 ,ςσμη’
1030 1240 1139 1312 duo
1185 1257 1373 1329 Ἀδὰμ,
1409 1255 1549 1309 κατὰ
1597 1255 1654 1308 δὲ
1693 1256 1860 1323 Αἰγυ-

297 1348 510 1411 πτίους,
544 1349 712 1419 1ἤγουν
745 1347 1133 1421 Ἀλεξανδρεῖς,
1155 1345 1351 1417 ,ςσλβπ
1384 1346 1491 1399 ἀπὸ
1513 1344 1568 1397 δὲ
1592 1344 1859 1397 Φιλίππω

295 1440 440 1494 κατὰ
484 1439 800 1503 Μακεδόνας
837 1438 993 1511 ,αξγα
1043 1437 1173 1505 Quae
1204 1438 1283 1493 sic
1342 1435 1549 1492 Paulus
1588 1434 1861 1491 Diaconus

295 1532 496 1587 vertit:
543 1550 563 1582 ι
594 1532 731 1586 Cum
779 1547 959 1587 annus
1010 1539 1155 1588 esset
1209 1546 1240 1585 a
1279 1531 1591 1586 conditione
1640 1530 1859 1601 quidem

295 1621 523 1686 mundi,
553 1621 708 1690 juxta
759 1621 1075 1685 Romanos,
1119 1622 1187 1677 ab
1220 1622 1392 1675 Adam
1449 1628 1638 1693 sextus
1682 1620 1857 1676 mille-

297 1714 473 1768 simus
521 1713 931 1772 ducentesimus
971 1713 1422 1784 quadragesimus
1469 1720 1718 1775 octavus,
1771 1728 1860 1767 sc-

297 1805 541 1860 cundum
567 1804 854 1876 :Egyptios
885 1821 1035 1868 vero,
1080 1821 1176 1860 seu
1208 1805 1631 1868 Alexandrinos,
1674 1813 1862 1859 sextus

295 1897 620 1952 millesimus
663 1897 1072 1952 ducentesimus
1108 1897 1421 1952 tricesimus
1479 1895 1794 1961 secundus;
1834 1911 1863 1950 a

296 1984 570 2057 Philippo,
608 1989 908 2043 secundum
959 1988 1303 2052 Macedones,
1346 1989 1670 2044 millesimus
1710 2002 1866 2043 sexa-

298 2078 539 2149 gesimus
566 2079 778 2134 tertius.
805 2098 824 2132 ι
862 2078 982 2133 Fuit
1011 2080 1100 2135 hic
1129 2095 1306 2135 annus
1326 2079 1531 2135 Christi
1560 2079 1865 2134 communis

295 2183 422 2224 arra:
443 2169 563 2230 741.
582 2185 689 2241 quo
711 2170 810 2225 fuit
829 2171 1053 2225 indictio
1068 2187 1148 2234 Ix,
1165 2179 1275 2226 tam
1293 2170 1533 2225 Romana
1549 2186 1708 2240 quam
1724 2168 1867 2225 Con-

296 2261 808 2331 stantinopolitana,
829 2260 992 2317 Junio
1014 2277 1218 2317 mense.
1246 2262 1512 2318 Detractis
1544 2263 1705 2316 annis
1727 2261 1865 2319 5508

294 2349 364 2404 de
403 2352 565 2417 6248,
589 2361 797 2409 restant
843 2352 946 2408 740
972 2368 1094 2408 sane
1122 2351 1485 2424 Dionysianae.
1524 2353 1643 2409 Uno
1683 2353 1865 2423 itaque

294 2442 488 2498 minus
515 2459 660 2499 anno
680 2451 961 2515 computat
983 2443 1373 2514 Theophanes;
1400 2444 1546 2514 quod
1568 2452 1621 2499 et
1642 2444 1866 2499 indictio

291 2535 677 2591 demonstrat:
716 2552 843 2591 nam
876 2537 923 2592 si
956 2551 1131 2592 annos
1152 2534 1292 2590 6248
1321 2550 1417 2605 per
1445 2535 1513 2590 15
1540 2535 1863 2602 distribuas,

293 2626 535 2682 exsistet
575 2627 801 2683 indictio
831 2642 949 2681 vin.
985 2629 1147 2697 Atqui
1170 2628 1344 2681 inmra
1364 2618 1865 2700 ConstantinOpoli-

291 2725 456 2779 tana,
487 2733 648 2787 quam
685 2717 1002 2773 Paschalem
1046 2727 1208 2773 vocat
1257 2717 1520 2789 Scaliger,
1565 2718 1866 2773 Romanam

295 2808 707 2881 Theophanes;
762 2810 954 2865 divisis
1015 2811 1174 2864 anuis
1223 2809 1292 2864 ab
1340 2808 1585 2873 Adamo,
1640 2825 1867 2865 currens

297 2902 541 2957 inﬂictio
565 2901 913 2970 relinquitur.
947 2898 1040 2953 Sic
1073 2914 1217 2953 anno
1243 2898 1593 2953 Alexandrini
1628 2900 1866 2966 computi

298 2994 449 3047 6232
499 3008 595 3062 per
642 2992 711 3046 15
747 2991 946 3055 diviso,
982 2997 1231 3060 superest
1261 2990 1487 3045 indictio
1516 3005 1615 3053 vu,
1653 2990 1867 3044 binario

305 3084 554 3138 Ruinaua
593 3081 792 3148 minor,
826 3095 948 3135 cum
980 3082 1190 3135 unitate
1230 3088 1443 3134 tantum
1481 3081 1731 3150 superari
1772 3080 1867 3135 de-

306 3177 455 3231 heat.
480 3175 610 3229 Item
633 3174 703 3229 de
726 3172 866 3227 6252
889 3171 1149 3228 detractis
1170 3171 1329 3233 5492.
1363 3172 1568 3227 residui
1595 3181 1723 3226 sunt
1746 3172 1867 3237 740,

306 3281 435 3322 cum
470 3265 563 3319 ’141
604 3264 844 3335 reliquos
893 3279 1018 3321 esse
1069 3272 1337 3333 Oporteat.
1398 3262 1642 3334 Denique
1694 3282 1871 3322 annus

307 3356 546 3426 Philippi
574 3370 669 3425 per
689 3356 832 3410 idem
855 3362 1072 3423 tempus
1095 3355 1381 3410 labebatur
1399 3356 1559 3418 1064,
1578 3374 1688 3411 non
1712 3357 1869 3412 1065.

306 3447 501 3518 Itaque
530 3445 702 3501 falsus
753 3455 837 3500 est
871 3443 1231 3514 Theophanes
1253 3485 1268 3506 ,
1310 3454 1365 3500 et
1396 3447 1744 3501 scribendum
1796 3451 1872 3502 illi

309 3536 441 3601 fuit,
469 3547 686 3589 mortuo
715 3533 897 3589 Leone
920 3535 1260 3590 successisse
1280 3535 1701 3590 Constantinum
1730 3554 1875 3593 anno

311 3624 618 3680 secundum
668 3625 943 3680 Ilomanos
998 3622 1173 3690 6249,
1229 3624 1599 3679 Alexandrino
1631 3624 1789 3688 6255,
1844 3644 1875 3679 a

307 3716 568 3790 Philippo
598 3716 757 3774 1064.

905 3828 1133 3885 CAPUT
1190 3828 1280 3884 Vl.

311 3924 674 3995 Confutantur
701 3941 765 3979 ea
801 3941 919 4047 quae
953 3924 1017 3979 de
1050 3920 1246 3977 Graecis
1286 3922 1541 3989 computis
1593 3922 1874 3990 explicavit

385 3996 623 4047 Scaliger
650 3997 706 4047 in
740 3994 802 4047 VI
853 3997 923 4047 De
948 3994 1325 4047 emendatione
1356 4004 1656 4047 temporum
1684 3992 1872 4046 iidem-

385 3992 623 4066 Sealiger
650 3997 706 4049 in
740 3992 826 4049 Vll
853 3997 923 4066 De
948 3994 1325 4066 emendatione
1356 4004 1656 4066 temporum
1684 3992 1872 4046 iidem-

384 4083 484 4136 que
522 4062 683 4120 uariis
715 4064 963 4133 exemplis
992 4064 1310 4119 illustriores
1332 4062 1644 4120 redduntur.

382 4175 546 4230 Nunc
576 4175 645 4230 ad
674 4173 997 4230 excutienda
1038 4174 1129 4227 illa
1161 4174 1446 4228 veniamus
1483 4188 1604 4244 qua:
1631 4173 1698 4228 de
1728 4172 1878 4228 Cra:-

312 4269 402 4323 cis
439 4267 572 4322 iisce
612 4267 883 4337 computis
911 4264 1184 4336 Josephus
1229 4264 1472 4335 Scaliger
1510 4266 1565 4320 in
1609 4281 1773 4336 opere
1800 4265 1879 4320 De

311 4360 679 4415 emendatione
726 4368 1013 4426 temporum
1062 4358 1243 4412 attulit
1285 4358 1375 4427 (p.
1424 4357 1528 4412 749
1571 4359 1701 4412 edit.
1753 4373 1880 4428 pos-

1958 521 2157 576 addere
2217 523 2375 575 annis
2426 522 2628 577 Christi
2694 522 3040 594 Dionysianis
3099 540 3275 580 annos
3329 524 3507 590 5494,

1954 612 2093 667 5508
2127 620 2179 667 et
2215 612 2374 676 5500,
2405 622 2566 682 atque
2599 627 2630 666 a
2664 613 2966 682 Septembri
2999 623 3162 684 caput
3191 615 3319 669 anni
3357 607 3512 686 repe-

1953 714 2109 757 tere:
2145 702 2293 773 quod
2334 704 2436 758 hoc
2472 707 2718 774 exemplo
2774 706 3121 774 perspicuum
3150 706 3305 762 facit.
3353 706 3510 760 Anno

1954 795 2157 851 Christi
2192 796 2352 861 1596,
2383 798 2548 867 ςωρίι
2577 798 2643 852 ab
2675 795 2975 867 Septembri
3018 797 3327 853 Grazcorum
3359 811 3514 854 more

1957 901 2135 943 annus
2182 888 2361 943 I597:
2398 889 2535 943 adde
2582 903 2761 943 annos
2803 888 2976 951 5500,
3033 887 3259 944 habebis
3307 904 3511 944 annum

1959 979 2098 1034 7097
2141 994 2262 1034 εει-ω
2308 980 2626 1045 orientalis;
2685 980 2822 1035 adde
2858 980 3021 1043 5508,
3063 978 3152 1034 ﬁet
3181 996 3356 1036 annus
3393 995 3514 1035 aera:

1956 1067 2242 1125 Paschalis
2273 1069 2444 1138 7105;
2480 1071 2619 1125 adde
2649 1070 2818 1135 5494,
2853 1071 2955 1126 erit
2996 1086 3170 1125 annus
3199 1086 3320 1126 aera:
3360 1072 3517 1125 luna-

1960 1163 2035 1217 ris
2065 1160 2225 1219 7091.
2258 1160 2458 1218 Verum
2494 1163 2548 1217 in
2594 1163 2699 1217 hoc
2731 1169 3004 1231 postremo
3052 1163 3231 1217 lunari
3261 1170 3517 1231 computo

1960 1254 2070 1307 duo
2104 1252 2349 1307 subtrahi
2388 1258 2649 1321 perpetua
2696 1250 2953 1305 methodo
2976 1250 3152 1319 jubet,
3196 1258 3256 1303 ut
3289 1251 3517 1321 proinde

1962 1345 2182 1399 nonnisi
2210 1343 2349 1398 7089
2381 1359 2558 1399 annus
2610 1343 2703 1397 ille
2752 1350 2988 1413 putetur.
3043 1341 3200 1409 Ilaec,
3254 1343 3514 1411 inquam,

1960 1436 2145 1490 cautio
2172 1434 2468 1491 falsissima
2497 1440 2602 1497 est,
2631 1440 2691 1488 ut
2721 1449 2787 1489 ea
2807 1433 3184 1489 demonstrant
3212 1449 3333 1503 qua:
3357 1448 3520 1502 supe-

1960 1525 2204 1580 rioribus
2232 1526 2505 1596 capitibus
2533 1526 2765 1595 exposui
2789 1527 2857 1580 de
2879 1526 3055 1581 tribus
3081 1525 3205 1580 istis
3225 1523 3514 1594 computis.

1961 1613 2097 1669 Nam
2145 1615 2268 1669 dua:
2308 1630 2371 1669 ex
2422 1616 2542 1682 his,
2599 1616 2808 1670 lunaris
2855 1623 2909 1672 et
2958 1616 3275 1679 orientalis,
3315 1628 3517 1667 annum

1963 1707 2271 1761 communis
2299 1706 2519 1769 natalis,
2545 1722 2610 1761 ac
2635 1706 2950 1778 Dionysiani
2980 1705 3222 1776 praebent
3246 1704 3516 1766 eumdem,

1963 1798 2057 1868 qui
2087 1806 2170 1853 est
2212 1797 2352 1852 5495
2381 1799 2557 1853 iniens
2586 1813 2616 1851 a
2652 1797 2978 1869 Septembri.
3016 1796 3303 1863 Maximus,
3347 1795 3519 1850 Geor-

1965 1888 2114 1957 gius,
2171 1900 2236 1941 ac
2270 1885 2630 1957 Theophanes
2669 1903 2777 1942 aera
2821 1888 2905 1943 usi
2939 1896 3090 1954 sunt,
3135 1901 3297 1957 quam
3336 1886 3521 1941 orien-

1968 1979 2129 2034 talem
2160 1966 2320 2033 vocat
2344 1976 2607 2049 Scaliger.
2634 1978 2748 2034 Iloc
2777 1990 2929 2034 extra
2958 1979 3384 2035 controversiam
3412 1989 3517 2034 est.

1963 2067 2098 2122 Nam
2132 2068 2412 2124 Christum
2463 2076 2716 2125 asserunt
2746 2069 3113 2133 incarnatum,
3156 2077 3211 2124 et
3239 2068 3296 2122 in
3345 2069 3522 2123 lucem

1964 2159 2171 2214 editum
2206 2175 2351 2214 anno
2377 2163 2616 2231 computi
2667 2162 2750 2216 sui
2783 2161 2943 2216 5501.
2990 2160 3156 2231 Igitur
3193 2175 3370 2215 annus
3401 2173 3523 2212 aera:

1966 2248 2310 2321 Dionysiana:
2334 2250 2461 2315 641,
2498 2267 2607 2323 quo
2636 2250 2871 2307 Heraclii
2895 2267 3071 2307 annus
3109 2266 3233 2305 xxx:
3276 2249 3523 2305 Paschali

1966 2357 2154 2399 mense
2197 2346 2472 2410 currebat,
2506 2346 2814 2416 computari
2862 2345 2932 2399 ab
2974 2346 3082 2401 illis
3131 2345 3317 2399 debuit
3350 2342 3518 2409 6141,

1967 2439 2167 2495 additis
2199 2441 2338 2496 5500
2380 2442 2448 2495 ad
2497 2441 2621 2496 641.
2674 2442 2838 2513 Atqui
2864 2457 2985 2497 eum
3042 2442 3220 2513 ipsum
3273 2450 3521 2498 statuunt

1973 2543 2176 2583 annum
2232 2531 2419 2585 mundi
2454 2531 2622 2596 6155,
2659 2539 2862 2602 quotus
2897 2540 2980 2587 est
3033 2533 3086 2586 in
3138 2532 3318 2587 lunari
3373 2549 3526 2587 com-

1972 2631 2135 2690 puto;
2174 2622 2221 2677 si
2250 2623 2319 2677 ad
2349 2637 2522 2679 annos
2555 2623 2649 2677 641
2690 2623 2959 2695 adjungas
2991 2624 3165 2688 5492,
3201 2625 3278 2679 uti
3317 2628 3529 2680 metho-

1972 2712 2081 2768 dus
2122 2714 2438 2785 exigit..Sic
2487 2732 2688 2770 annum
2732 2717 2967 2787 primum
2996 2715 3247 2782 Heraclii,
3279 2717 3372 2787 qui
3405 2717 3529 2772 iniit

1969 2801 2194 2860 Octobri
2225 2808 2354 2861 anni
2403 2807 2607 2865 Christi
2652 2810 2756 2862 610
2791 2811 3069 2864 numerari
3101 2811 3340 2880 oportuit
3385 2810 3526 2866 6110

1969 2898 2249 2956 orientalis
2290 2916 2445 2964 (erae,
2503 2910 2559 2955 at
2610 2902 2787 2955 solum
2827 2901 2966 2956 6102
3015 2909 3239 2973 putatur
3279 2917 3309 2955 a
3351 2901 3529 2958 Theo-

1969 2987 2176 3058 phane;
2214 2999 2416 3061 quotus
2460 3000 2545 3047 est
2586 2994 2639 3046 in
2670 3007 2763 3059 ea,
2792 3007 2955 3063 quam
2996 2992 3241 3049 lunarem
3288 2993 3528 3065 Scaliger

1897 3100 1941 3162 ρ
1972 3079 2227 3148 appellat.

2042 3167 2309 3226 Praeterea
2338 3170 2601 3242 Georgius
2641 3187 2705 3227 ac
2740 3172 3117 3245 Theophanes,
3137 3181 3196 3228 ut
3224 3189 3391 3244 supra
3418 3190 3532 3230 me-

1970 3262 2252 3325 minimus,
2269 3278 2429 3317 aeram
2454 3265 2770 3319 orientalem
2795 3262 3057 3336 Scaligeri
3078 3266 3363 3322 nominant
3390 3266 3533 3321 κατὰ

1971 3355 2332 3423 Αἰγυπτίους,
2398 3358 2511 3411 sive
2563 3355 2951 3428 Ἀλεξανδρεῖς,
3007 3356 3325 3415 Paschalem
3365 3375 3529 3425 vero,

1974 3444 2116 3496 κατὰ
2147 3443 2466 3512 Ῥωμαίους.
2504 3443 2739 3516 Insignis
2767 3455 2849 3500 est
2877 3461 2940 3500 ea
2972 3447 3040 3501 de
3088 3463 3148 3501 re
3176 3447 3534 3516 Theophanis

1976 3533 2151 3597 locus,
2192 3550 2350 3602 quem
2375 3535 2552 3605 capite
2576 3536 2843 3606 superiori
2877 3538 3183 3601 retulimus,
3206 3538 3298 3592 ubi
3328 3552 3532 3591 annum

1975 3623 2219 3686 Christi,
2293 3628 2384 3694 qui
2440 3626 2801 3696 respondebat
2846 3643 2973 3681 xxiv
3028 3626 3228 3683 Leonis
3284 3628 3530 3694 Isaurici,

1975 3725 2200 3787 eratque
2232 3718 2358 3781 740,
2391 3718 2468 3772 ait
2500 3719 2803 3774 secundum
2833 3720 3131 3789 Romanos,
3162 3722 3214 3776 id
3238 3731 3322 3777 est
3351 3724 3407 3777 in
3433 3722 3539 3777 Pa-

1977 3806 2170 3874 schali,
2196 3815 2256 3862 ut
2282 3806 2525 3880 Scaliger
2546 3824 2666 3865 eam
2695 3821 2873 3876 vocat,
2902 3826 3011 3867 tera
3039 3829 3162 3870 esse
3187 3813 3359 3881 6248;
3394 3814 3537 3869 κατὰ

1990 3897 2357 3970 Ἀλεξανδρεῖς
2390 3900 2554 3958 6252.
2598 3901 2855 3959 Deductis
2885 3904 3048 3959 annis
3077 3905 3242 3973 5508,
3277 3907 3344 3962 de
3373 3906 3533 3972 6248,

1976 3996 2147 4045 restat
2196 4005 2372 4045 annus
2401 3990 2545 4057 740;
2581 3991 2648 4047 de
2676 3992 2815 4049 6252
2844 4004 3023 4050 autem
3054 3997 3339 4052 subductis
3374 3998 3532 4063 5500,

1976 4087 2038 4134 ut
2069 4082 2208 4136 solet
2239 4081 2619 4152 Theophanes,
2656 4084 2901 4157 reliquus
2931 4096 3014 4140 est
3044 4101 3222 4142 annus
3252 4088 3321 4143 ab
3351 4089 3539 4142 Incar-

1976 4171 2197 4226 natione
2244 4171 2381 4236 752,
2412 4181 2537 4227 octo
2590 4175 2750 4229 annis
2796 4174 2976 4231 minor
3007 4191 3113 4229 tera
3162 4174 3489 4245 Dionysiana
3518 4218 3536 4239 ,

1979 4262 2056 4316 uti
2090 4270 2521 4318 consentaneum
2563 4273 2686 4320 est:
2724 4266 2922 4322 ablatis
2950 4274 3129 4323 autem
3176 4270 3334 4322 annis
3376 4270 3536 4332 5492,

1978 4354 2236 4411 residuus
2286 4363 2375 4410 est
2426 4370 2605 4411 annus
2654 4357 3050 4414 Incarnationis
3091 4359 3361 4414 Panodori
3413 4360 3537 4415 710.

312 4450 552 4521 ινειιιω),
598 4465 737 4521 quae,
794 4458 852 4503 ut
885 4450 1135 4504 universe
1167 4449 1368 4513 dicam,
1409 4450 1675 4519 ejusmodi
1715 4458 1875 4516 sunt;
1910 4446 1953 4501 D
1981 4450 2217 4520 Apparet
2260 4464 2391 4519 ergo
2420 4461 2735 4521 computum
2780 4458 3089 4522 utrtunque,
3122 4466 3355 4522 quorum
3407 4453 3542 4506 alte-

315 4552 382 4600 ut
417 4544 633 4597 illorum
686 4540 929 4598 scientia:
976 4538 1223 4593 funditus
1253 4550 1527 4608 expertem
1577 4554 1641 4593 ac
1684 4539 1876 4593 rudem

319 4632 599 4689 hominem
654 4630 822 4687 fuisse
848 4630 1244 4685 demonstrent.
1286 4627 1394 4683 Nec
1417 4644 1480 4683 ea
1520 4629 1681 4682 modo
1719 4629 1882 4697 repli-

319 4724 593 4790 cabimus,
613 4739 736 4795 quae
750 4723 817 4777 ab
831 4723 949 4792 ipso
974 4723 1029 4776 in
1048 4719 1093 4774 Υ
1114 4720 1189 4776 De
1208 4722 1569 4775 emendatione
1595 4731 1882 4790 temporum

320 4819 601 4885 disputata
636 4815 909 4885 capitibus
952 4814 1169 4868 duobus
1190 4854 1206 4877 ,
1256 4814 1313 4868 in
1347 4829 1493 4867 nono
1526 4813 1604 4867 De
1641 4813 1885 4867 doctrina

327 4919 618 4975 temporum
663 4906 844 4974 capite
892 4902 936 4955 ν
984 4903 1410 4958 confutavimus.
1447 4902 1548 4957 Hic
1605 4918 1670 4957 ea
1708 4903 1883 4957 solum

325 4998 642 5069 attingenda
668 5004 819 5062 sunt,
837 5009 956 5064 quae
975 4994 1043 5048 ad
1065 5003 1383 5064 computum
1404 4993 1624 5049 Maximi
1655 4994 1886 5065 septimo

326 5091 386 5145 in
420 5090 560 5145 libro
596 5086 892 5152 disseruit;
921 5100 1044 5155 qua:
1077 5085 1135 5139 in
1183 5085 1330 5140 hunc
1379 5087 1584 5151 locum,
1636 5095 1691 5140 et
1721 5085 1886 5155 hujus

325 5181 622 5238 editionem
644 5176 897 5247 Computi
926 5184 1203 5231 reservata
1234 5176 1469 5231 fuerant.

398 5271 476 5326 Ex
505 5272 593 5327 bis
613 5270 849 5341 primum
881 5267 1013 5322 illud
1051 5267 1394 5337 apertissime
1420 5266 1618 5323 falsum
1651 5279 1737 5324 est
1773 5276 1887 5325 tres

330 5364 468 5418 istos
499 5372 786 5433 computos
815 5359 897 5415 sic
921 5359 1142 5424 habere,
1175 5367 1235 5413 ut
1261 5359 1499 5415 natalem
1532 5359 1735 5419 Christi
1762 5360 1890 5416 Dio-

332 5455 621 5524 nysianum
670 5453 941 5527 habeant,
994 5452 1280 5508 orientalis
1331 5453 1587 5523 quidem,
1643 5454 1697 5509 in
1743 5470 1890 5509 anno

334 5542 746 5608 550l,lunaris
798 5546 855 5599 in
901 5559 1046 5599 anno
1096 5543 1268 5609 5495,
1319 5543 1604 5601 Paschalis
1655 5547 1710 5600 in
1742 5561 1890 5601 anno

331 5633 493 5690 5509.
531 5635 632 5705 (Ita
663 5636 807 5689 enim
834 5635 1018 5690 vocari
1049 5642 1159 5691 tres
1193 5650 1333 5691 atras
1370 5636 1493 5692 illas
1519 5652 1551 5692 a
1588 5636 1887 5709 Scaligero,

333 5724 460 5782 libri
507 5726 673 5797 hujus
729 5725 885 5783 initio
933 5727 1302 5800 monuimus.)
1346 5727 1497 5786 Unde
1548 5731 1615 5785 ad
1680 5746 1885 5786 annum

1983 4556 2103 4594 rum
2139 4542 2409 4607 lunarem,
2458 4543 2774 4596 orientalem
2808 4544 3040 4597 alterum
3079 4544 3380 4598 nominavit
3407 4545 3541 4597 Sea-

1983 4631 2150 4701 liger,
2207 4632 2277 4686 ab
2324 4633 2536 4687 Adamo
2587 4649 2806 4703 parem,
2863 4643 2919 4689 et
2965 4636 3213 4690 eumdem
3271 4650 3544 4691 annorum

1984 4740 2274 4780 numerum
2308 4726 2585 4796 colligere.
2620 4727 2697 4781 Ac
2728 4728 2773 4782 si
2817 4742 2943 4782 vera
2991 4735 3139 4783 esset
3173 4727 3544 4799 Scaligeriana

1984 4816 2295 4883 methodus,
2325 4826 2379 4873 et
2429 4819 2497 4872 ad
2527 4833 2728 4873 annum
2762 4835 2883 4874 teras
2919 4818 3265 4890 Dionysiana:
3309 4814 3545 4874 addendi

1987 4909 2169 4964 forent
2196 4910 2361 4975 5500,
2393 4918 2453 4964 ut
2502 4927 2970 4983 consequeremur
3014 4929 3218 4967 annum
3262 4914 3547 4969 orientalis

1987 5002 2250 5071 computi,
2280 5002 2396 5059 sive
2419 5003 2562 5057 κατὰ
2585 5004 2973 5077 Ἀλεξανδρεῖς,
3004 5022 3112 5061 non
3144 5007 3333 5079 utique
3356 5009 3547 5063 mundi

1986 5090 2149 5157 6252,
2174 5093 2268 5147 sed
2307 5093 2450 5148 6240
2478 5096 2755 5151 numerari
2784 5099 3023 5167 oportuit
3049 5088 3249 5154 annum
3283 5099 3406 5155 740.

2057 5182 2326 5241 Praeterea
2362 5185 2502 5242 l‘also
2524 5195 2580 5243 et
2626 5187 2761 5244 illud
2792 5204 2823 5243 a
2862 5186 3142 5261 Scaligero
3174 5192 3437 5263 scriptum
3464 5198 3548 5249 est

1988 5290 2176 5337 teram,
2209 5292 2375 5347 quam
2397 5279 2635 5349 appellat
2669 5281 2938 5347 lunarem,
2971 5297 3117 5338 anno
3147 5283 3287 5339 5495
3312 5285 3548 5339 natalem

1988 5365 2246 5422 exhibere
2266 5366 2509 5425 Christi:
2534 5370 2629 5425 sed
2661 5371 2727 5425 ad
2753 5372 3064 5427 methodum
3088 5373 3362 5429 decurtari
3389 5375 3549 5431 annis

1986 5457 2063 5512 2:
2095 5457 2242 5529 quod
2269 5470 2633 5517 commentum
2668 5462 2859 5532 ἀλογον
2893 5472 2977 5519 est
2999 5472 3053 5520 et
3084 5464 3547 5520 ridiculum.Nam

1991 5564 2169 5620 neque
2232 5552 2480 5618 ratione,
2536 5568 2716 5623 neque
2768 5555 3107 5617 auctoritate,
3138 5555 3379 5609 nititur:
3438 5554 3550 5609 imo

1992 5648 2222 5711 utraque
2285 5643 2651 5700 convincitur.
2716 5644 2997 5716 Siquidem
3056 5646 3298 5717 computi
3359 5655 3547 5701 auctor

1993 5732 2176 5802 istius,
2212 5741 2272 5789 ut
2313 5735 2529 5807 quidem
2564 5747 2810 5808 apparet,
2862 5735 2964 5792 fuit
3004 5736 3349 5793 Panodorus.
3390 5738 3456 5791 At
3499 5738 3552 5794 is
