3948 6264
452 253 469 305 1
480 253 587 307 425

1436 245 1524 299 AD
1564 243 1829 299 EUSEBII
1867 242 2262 300 CIIRONICON
2294 242 2659 335 APPENDlX.

3536 243 3661 302 1424

452 381 589 419 anno
622 364 762 419 5495
791 361 1226 418 lncarnationem
1264 357 1540 419 attribuit,
1582 366 1722 414 teste
1754 357 2007 428 Georgio.
2038 363 2085 418 Α
2113 357 2264 419 facit,
2300 357 2564 414 detractis
2605 357 2674 411 de
2703 370 2847 411 anno
2890 356 3075 411 mundi
3103 355 3292 412 5494:
3325 354 3573 411 nimirum
3610 358 3659 414 in

451 459 588 514 Tum
620 459 894 530 cyclorum
945 464 998 508 et
1038 453 1399 507 indictionum
1455 449 1702 504 calculus
1743 448 2011 503 hactenus

452 554 751 623 explicatus
783 567 811 603 a
841 548 998 603 nobis
1029 546 1278 601 eumdem
1303 544 1526 598 damnat
1560 556 1821 597 errorem.

524 644 676 700 Unus
710 642 778 696 ab
814 641 906 695 illo
944 640 1145 694 citatur
1176 638 1358 692 fautor
1398 634 1566 705 hujus
1610 633 1883 704 Opinionis
1909 632 2012 687 Ce-

454 733 696 788 drenus:
734 710 1004 801 quem'ait
1031 741 1195 781 mram
1228 725 1375 779 illam
1412 722 1589 793 sequi,
1622 737 1742 791 quae
1778 719 2010 772 natalem

453 825 657 882 Christi
708 821 985 892 componit
1027 835 1150 874 cum
1200 833 1345 872 anno
1411 815 1603 870 mundi
1650 812 1834 877 5495;
1890 811 2012 864 ideo

456 928 715 989 perpetua
754 915 1008 970 methodo
1053 916 1119 968 de
1173 911 1322 965 illius
1351 924 1460 964 aera
1488 905 1851 979 ideducendos
1892 918 2013 959 esse

457 1010 614 1065 5494.
638 1008 752 1064 Etsi
780 1007 950 1062 futilis
976 1012 1060 1060 est
1090 1013 1287 1057 auctor
1308 1002 1429 1064 iste,
1464 1014 1568 1055 nec
1604 998 1672 1053 ad
1703 994 2013 1051 uniusmodi

457 1110 769 1172 computum
805 1095 1161 1162 adhaerescit;
1195 1102 1377 1148 tamen
1418 1106 1487 1147 ne
1535 1089 1589 1145 id
1630 1089 1848 1159 quidem
1889 1100 2015 1141 vere

456 1194 524 1249 de
570 1208 636 1248 co
688 1188 999 1262 praedicavit
1064 1186 1306 1257 Scaliger
1352 1187 1504 1255 (pag.
1542 1179 1723 1250 565),
1778 1178 2011 1233 natalem

457 1297 796 1338 communem
833 1281 887 1335 in
918 1278 1090 1350 ipsius
1122 1292 1230 1332 aera
1265 1291 1408 1330 anno
1439 1272 1727 1329 convenire
1752 1269 1911 1325 5495.

2109 461 2174 500 eo
2208 446 2303 516 qui
2354 456 2580 517 putatur
2611 444 2771 511 6021,
2805 462 2912 516 quo
2941 444 3321 501 Justinianum
3364 445 3551 502 iniisse
3585 463 3659 503 re-

2112 537 2256 603 fert;
2295 540 2501 608 quique
2541 536 2908 610 Dionysianus
2943 538 3045 592 fuit
3076 552 3262 592 annus
3286 536 3412 590 527.
3460 536 3517 592 Si
3540 555 3661 610 pra:-

2110 636 2195 684 ter
2260 629 2365 684 hoc
2430 629 2677 698 exempla
2737 629 2843 682 alia
2894 636 3192 699 suppetant
3256 628 3485 699 (neque
3533 631 3661 685 enim

2112 721 2342 774 scrutari
2381 728 2539 775 vacat
2588 720 2832 792 omnia),
2862 735 2927 776 ea
2961 721 3118 791 longe
3168 719 3501 790 paucissima
3528 731 3661 791 sunt,

2112 827 2210 867 nec
2238 828 2362 867 cum
2398 828 2611 881 eorum,
2632 828 2756 884 qua:
2782 813 3163 885 produximus,
3199 827 3431 868 numero
3462 829 3662 884 compa-

2116 905 2226 958 rari
2259 912 2489 975 queunt.
2539 905 2812 971 Quocirca
2862 919 3022 960 nemo
3070 902 3400 959 Graecorum
3439 913 3661 960 veterum

2114 996 2181 1053 de
2207 997 2310 1051 hac
2338 1011 2448 1051 aera
2493 997 2752 1068 cogitavit
2800 1010 3073 1065 unquam;
3124 1010 3297 1051 nemo
3344 995 3553 1052 biennio
3580 998 3660 1052 de-

2110 1090 2348 1148 curtavit
2377 1089 2561 1160 :quod
2593 1090 2841 1159 ineptum
2873 1094 2958 1144 est
2992 1102 3056 1142 ac
3085 1086 3372 1141 frivolum.

2181 1182 2240 1237 ln
2262 1182 2434 1254 cyclis
2461 1197 2589 1236 vero
2623 1181 2758 1236 solis
2781 1196 2844 1235 ac
2868 1181 3032 1245 lunae,
3060 1195 3206 1251 quos
3228 1178 3500 1250 compotis
3528 1179 3658 1236 Grae-

2113 1276 2193 1331 cis
2238 1273 2670 1329 accommodavit
2714 1274 2771 1326 in
2820 1270 2979 1327 Notis
3027 1273 3096 1328 ad
3146 1269 3387 1341 Eclogas
3441 1270 3657 1338 Maximi,

530 1373 770 1427 Primum
802 1371 1003 1426 diserte
1058 1369 1147 1423 hic
1187 1367 1345 1440 (pag.
1378 1366 1522 1427 144)
1560 1361 1795 1418 afﬁrmat
1836 1375 1897 1416 se
1945 1358 2014 1413 ad
2113 1375 2315 1438 quanta
2345 1365 2597 1421 caecitas!
2628 1363 2795 1436 Cyclo
2825 1364 2959 1419 solis
2980 1379 3105 1418 arae
3146 1362 3367 1418 lunaris
3394 1362 3560 1432 primo
3588 1381 3658 1419 re-

458 1480 631 1519 annos
679 1462 1075 1518 lncarnationis
1121 1468 1315 1531 putare
1364 1457 1541 1517 5506.
1570 1462 1626 1510 ει
1686 1452 1850 1524 paulo
1891 1456 2017 1504 ante
2113 1459 2382 1527 spondere
2419 1461 2618 1510 asserit
2658 1454 2868 1525 cyclum
2913 1453 3046 1509 solis
3072 1468 3190 1507 xvu
3232 1467 3358 1506 mra:
3382 1450 3657 1520 Paschalis,

460 1556 651 1611 scribit
684 1568 886 1608 annum
915 1552 1116 1607 Tiberii
1140 1567 1209 1605 xv
1238 1564 1361 1605 esse
1402 1546 1593 1602 mundi
1633 1543 1793 1601 5556.
1824 1542 2014 1597 Annus
2114 1554 2169 1601 et
2218 1545 2503 1620 orientalis
2550 1559 2756 1600 nonum
2783 1561 2799 1609 ;
2828 1558 2892 1600 ac
2918 1543 3098 1599 tribus
3143 1542 3271 1598 istis
3305 1533 3510 1599 litteras
3535 1541 3575 1595 Β
3601 1542 3657 1606 Δ,

459 1664 529 1703 xv
562 1636 784 1701 Tiberii
818 1656 903 1700 est
935 1660 1055 1699 aera:
1100 1641 1405 1699 communis
1452 1655 1602 1694 XXIX.
1639 1636 1804 1692 Deme
1843 1648 2016 1690 annos
2046 1699 2080 1705 _
2116 1644 2176 1691 ut
2210 1637 2281 1692 sit
2321 1634 2604 1690 Romanus
2636 1634 2823 1705 cyclus
2848 1650 2918 1688 v:
2968 1634 3123 1705 cyclo
3153 1648 3288 1688 vero
3320 1632 3495 1686 lunari
3537 1647 3658 1698 serae,

461 1699 876 1799 de5556,
910 1745 968 1789 ut
1010 1735 1253 1805 praecipit
1290 1731 1559 1802 Scaliger,
1592 1728 1799 1784 orietur
1838 1740 2016 1781 annus
2046 1699 2088 1755 Β
2118 1744 2282 1800 quam
2315 1729 2561 1782 lunarem
2582 1699 2760 1790 vocat,
2786 1699 3122 1795 respondere
3154 1723 3409 1779 similiter
3441 1722 3495 1777 in
3529 1740 3658 1778 com-

463 1846 569 1884 xui
600 1844 724 1884 serae
752 1825 1105 1893 Christianae;
1130 1824 1441 1880 tricesimus
1469 1829 1650 1876 autem
1687 1818 1936 1886 exsistet,
1971 1815 2019 1871 si

463 1920 601 1974 5506
631 1917 877 1973 auferas.

531 2009 615 2065 Ad
672 2011 789 2065 haec
833 2010 1019 2064 urbem
1068 2002 1727 2074 Constantinopolitanam
1781 1996 2021 2055 exmdiﬁ-

460 2111 638 2157 catam
662 2101 830 2156 refert
854 2099 1076 2154 indiCtio
1106 2112 1164 2151 ιιι
1210 2110 1352 2152 anno
1382 2094 1568 2172 mundi
1597 2091 1734 2148 5858
1769 2088 1846 2162 (p.
1868 2089 2018 2159 255),

463 2195 588 2250 Maii
628 2210 718 2257 ιι,
767 2193 899 2248 feria
946 2208 1005 2246 ιι.
1062 2190 1185 2245 Fuit
1222 2203 1353 2258 ergo
1402 2188 1581 2242 littera
1614 2184 1679 2249 D,
1741 2191 1797 2240 et
1845 2196 2021 2237 annus

460 2285 663 2342 Christi
683 2298 907 2339 cccxxx.
925 2282 982 2336 Si
1010 2282 1076 2336 de
1104 2278 1246 2334 5858
1273 2278 1482 2334 adimas
1511 2276 1652 2332 5494
1675 2319 1690 2344 ,
1722 2273 1811 2329 fiet
1842 2287 2020 2328 annus

462 2377 666 2432 Christi
699 2390 939 2430 cccxuv.
976 2371 1145 2426 Vides
1178 2368 1515 2438 ἀλογιστίαν.

532 2470 743 2523 llursus
772 2467 913 2521 idem
944 2463 1226 2519 Cedreuus
1258 2462 1333 2515 ait
1370 2463 1524 2532 (pag.
1554 2457 1686 2527 269)
1710 2456 2022 2512 Nectarium

465 2558 1121 2629 Constantinopolitanam
1190 2556 1430 2610 tenuisse
1503 2551 1818 2607 cathedram
1878 2562 2021 2602 anno

465 2653 652 2708 mundi
681 2651 839 2716 5888,
871 2645 1270 2704 Incarnationis
1306 2644 1430 2699 594.
1475 2642 1666 2697 Aunus
1694 2655 1805 2711 quo
1834 2638 2024 2695 sedere

462 2745 631 2814 cmpit
677 2740 983 2801 Nectarius,
1013 2745 1095 2793 est
1122 2739 1177 2792 in
1208 2751 1316 2790 atra
1344 2733 1672 2805 Dionysiana
1705 2732 1839 2797 58l;
1879 2743 2025 2783 mor-

464 2843 593 2905 tuus
621 2842 704 2887 est
732 2839 913 2885 autem
944 2829 1070 2883 598.
1122 2827 1379 2882 Deductis
1421 2825 1578 2880 annis
1608 2822 1748 2878 5494
1785 2825 1852 2877 de
1884 2819 2024 2876 5888

461 2923 657 2993 reliqui
696 2929 822 2978 sunt
877 2920 1002 2975 594.
1041 2920 1236 2974 Verum
1285 2932 1393 2970 non
1444 2917 1531 2969 ille
1577 2928 1753 2968 annus
1776 2920 1869 2975 est
1902 2926 2024 2966 terte

464 3013 803 3083 Dionysianm
850 3030 863 3065 :
901 3010 1059 3080 cujus
1088 3010 1156 3063 ad
1200 3007 1509 3063 methodum
1548 3004 1870 3060 aulerendos
1899 3017 2024 3059 esse
2048 3035 2096 3099 ο

464 3104 624 3158 scivit
657 3117 833 3156 annos
864 3101 1027 3156 5494.

535 3192 743 3257 Quarto
776 3192 1038 3261 synodum
1076 3188 1403 3258 Ephesinam
1449 3187 1679 3256 primam
1718 3183 1932 3240 confert
1964 3185 2020 3239 in

465 3297 665 3336 annum
709 3282 850 3336 5915
887 3282 1043 3352 (pag.
1072 3280 1236 3348 276).
1276 3277 1461 3333 Deduc
1504 3291 1678 3332 annos
1727 3275 1883 3341 5494,
1933 3275 2023 3331 fiet

466 3390 641 3430 asinus
670 3375 872 3429 Christi
892 3374 1016 3428 421.
1049 3373 1215 3444 Atqui
1237 3379 1359 3428 erat
1390 3386 1567 3426 annus
1600 3370 1726 3424 451.

534 3466 736 3532 Quinto
785 3467 1089 3521 Romanum
1136 3465 1537 3535 imperatorem,
1570 3463 1664 3534 qui
1712 3477 1834 3517 cum
1872 3461 2018 3517 Con-

465 3560 706 3613 stantino
728 3556 1198 3627 Porphyrogeneto
1218 3554 1502 3624 imperium
1526 3553 1716 3617 tenuit,
1735 3569 1764 3607 a
1796 3551 2023 3623 Stepha-

468 3665 538 3703 no
568 3648 678 3703 filio
704 3649 759 3702 in
788 3647 1030 3703 ordinem
1052 3646 1327 3702 redactum
1353 3661 1475 3702 esse
1497 3654 1843 3700 narratanno
1861 3644 2020 3708 6455,

466 3742 760 3797 indictione
792 3757 853 3796 ιιι
885 3740 962 3811 (p.
987 3738 1145 3810 522).
1173 3738 1363 3794 Annus
1391 3746 1510 3792 erat
1540 3737 1743 3794 Christi
1765 3736 1889 3799 944,
1916 3751 2024 3806 quo

467 3831 693 3885 indictio
727 3848 783 3884 ιιι
809 3832 920 3900 jam
948 3832 1310 3900 usurpabatur
1331 3828 1641 3884 Decembris
1663 3843 1773 3893 xvi,
1798 3828 2020 3899 quando

469 3924 599 3977 illud
628 3923 844 3976 accidit.
861 3920 977 3975 Iam
1000 3923 1046 3976 si
1081 3923 1149 3976 ab
1172 3922 1329 3977 annis
1347 3921 1486 3976 6455
1508 3920 1725 3976 auferas
1753 3919 1918 3985 5494,
1940 3935 2026 3974 re-

467 4014 740 4081 linquetur
763 4028 939 4066 annus
964 4012 1164 4068 Christi
1193 4012 1318 4067 959.
1335 4010 1628 4066 Subductis
1650 4019 1832 4065 autem
1862 4011 2022 4065 annis

467 4104 628 4168 5508,
649 4105 860 4159 exsistit
891 4119 1067 4159 annus
1100 4103 1226 4158 944.
1252 4101 1433 4169 Quare
1465 4118 1573 4158 non
1614 4105 1887 4170 lunarem,
1923 4101 2023 4157 sed

467 4195 781 4251 Paschalem
816 4201 1129 4263 computum
1161 4193 1336 4247 tenuit
1367 4192 1468 4247 hoc
1499 4193 1621 4246 loco
1653 4193 1949 4247 Cedrenus.

540 4285 706 4343 Sexto
733 4287 1191 4358 TheOphylactum
1215 4285 1577 4355 patriarcham
1603 4283 1807 4339 obiisse
1826 4283 2020 4339 scribit

471 4379 615 4451 (pag.
633 4379 758 4447 5:6)
774 4394 915 4432 anno
931 4377 1090 4441 6464,
1108 4378 1404 4433 indictione
1420 4394 1529 4441 xiv,
1551 4376 1830 4431 Februarii
1847 4393 2016 4431 xxvii.
2051 4394 2102 4454 ι)
2130 4438 2143 4447 κ

470 4470 571 4524 'tlie
597 4484 774 4524 annus
803 4479 886 4525 est
904 4484 1025 4524 aera:
1054 4471 1356 4525 communis
1378 4469 1502 4530 956,
1527 4469 1725 4538 quibus
1753 4468 2019 4522 detractis

472 4565 537 4616 de
555 4561 691 4615 6464
721 4563 902 4626 annis,
923 4569 1131 4616 restant
1153 4560 1313 4617 5508.
1337 4560 1573 4616 Proinde
1602 4563 1765 4614 etiam
1794 4560 1884 4615 hic
1914 4575 2023 4616 aera

469 4650 719 4707 Paschali
754 4653 1029 4708 Cedrenus
1064 4652 1260 4706 utitur.

541 4741 782 4811 Denique
820 4744 1051 4813 scriptor
1078 4742 1221 4796 idem
1246 4742 1504 4814 deinceps
1542 4742 1609 4796 ad
1643 4742 1806 4797 ﬁnem
1834 4741 2020 4812 operis

468 4842 721 4903 computo
739 4834 830 4888 illo
858 4836 1050 4900 utitur,
1082 4835 1175 4905 qui
1191 4836 1256 4889 ad
1278 4850 1440 4890 ieram
1471 4836 1832 4891 Christianam
1857 4849 2025 4906 appo-

469 4927 549 4979 nit
573 4940 745 4979 annos
767 4927 927 4993 5508,
956 4934 1013 4981 ut
1045 4943 1113 4981 ex
1142 4927 1435 4983 indictione
1460 4929 1626 4997 liquet
1652 4946 1664 4982 :
1703 4929 1848 4982 velut
1877 4943 2024 4982 anno

469 5016 654 5068 Ini-indi
687 5015 844 5079 6468,
872 5016 1029 5081 6471,
1065 5016 1222 5081 6497,
1269 5016 1430 5083 6508,
1459 5016 1618 5080 6518,
1659 5016 1819 5082 6524,
1856 5017 2017 5081 6526,

471 5106 627 5171 6527,
658 5118 711 5162 et
744 5108 823 5161 sic
850 5107 904 5161 in
929 5108 1171 5178 reliquis.
1205 5108 1336 5174 Quae
1362 5117 1539 5179 potest
1565 5111 1729 5180 igitur
1763 5125 1860 5179 par
1896 5109 2023 5163 huic

469 5212 591 5251 esse
619 5197 917 5263 temeritas,
961 5215 1081 5269 qua:
1111 5201 1401 5256 oscitantia
1451 5202 1645 5272 major,
1678 5217 1841 5272 quam
1873 5201 2022 5256 allir-

473 5302 618 5342 mare
646 5289 949 5344 Cedrenum
993 5291 1068 5345 ita
1107 5306 1280 5348 annos
1309 5292 1497 5346 mundi
1540 5302 1802 5363 perpetuo
1849 5309 2022 5348 com—

475 5386 711 5446 putasse,
744 5390 803 5433 ut
833 5381 897 5434 ad
943 5398 1103 5436 seram
1130 5383 1495 5440 Christianam
1548 5386 1806 5454 adjiceret
1830 5386 1973 5440 5494
2003 5403 2019 5452 ;

474 5485 597 5521 cum
644 5473 843 5541 ubique
885 5472 995 5530 fere
1032 5475 1169 5529 5508
1199 5477 1457 5546 adjungat
1482 5493 1500 5544 ;
1530 5486 1623 5532 aut
1655 5479 1701 5533 si
1742 5479 1899 5534 aliter
1937 5479 2021 5533 in-

476 5557 701 5621 stituat,
737 5561 976 5616 mendosi
1022 5565 1308 5635 perspicue
1359 5567 1573 5621 numeri
1630 5567 1781 5622 sint?
1827 5568 1980 5624 Unus
2007 5610 2022 5634 ,

476 5651 697 5721 opinor,
735 5652 884 5706 locus
915 5665 1017 5721 ρει,
1059 5656 1113 5710 in
1161 5671 1269 5726 quo
1300 5671 1425 5712 cum
1478 5672 1587 5712 aera
1617 5658 1821 5730 vulgari
1865 5661 2021 5730 paria

2115 1829 2248 1894 puto
2301 1820 2548 1876 Paschali
2605 1817 2819 1889 cyclum
2854 1832 3007 1881 xvu,
3043 1817 3101 1872 in
3150 1815 3409 1870 orientali
3458 1830 3658 1877 nonum,

2116 1911 2334 1986 quando
2355 1929 2447 1968 ιιι·
2464 1910 2745 1968 Paschalis
2767 1918 2888 1966 erat
2903 1909 3107 1980 Aprilis
3133 1926 3188 1965 v.
3207 1907 3404 1963 Mirum
3432 1923 3547 1963 cum
3570 1913 3656 1966 ista

2116 2006 2397 2070 scriberet,
2417 2020 2525 2060 non
2553 2004 2703 2059 illum
2733 2001 3078 2058 consuluisse
3100 2000 3402 2054 Maximum
3431 2011 3660 2065 suum,et

2116 2096 2422 2167 exemplum
2468 2096 2536 2150 ab
2589 2110 2654 2150 eo
2700 2093 2961 2164 descripti
3009 2091 3302 2148 Paschatis
3348 2093 3659 2148 animadver-

2116 2189 2292 2244 tisse:
2343 2202 2490 2245 anno
2535 2186 2728 2242 mundi
2776 2185 2944 2250 6155,
3002 2184 3225 2256 cyclum
3278 2184 3412 2240 solis
3455 2185 3659 2255 imputat

2118 2280 2389 2336 Maximus
2420 2279 2681 2349 primum,
2705 2278 2918 2350 cyclum
2946 2277 3090 2332 luna:
3109 2292 3217 2343 xv;
3259 2277 3544 2331 terminum
3571 2273 3657 2329 Pa-

2119 2372 2380 2436 schalem,
2429 2371 2544 2426 sive
2575 2387 2668 2425 xw
2713 2370 2790 2424 ait
2837 2370 3095 2425 incidisse
3136 2369 3397 2425 Kalendis
3442 2369 3656 2438 Aprilis,

2121 2462 2253 2519 feria
2292 2463 2488 2532 prima.
2537 2460 2596 2516 Si
2630 2463 2754 2532 quis
2781 2462 2923 2517 alius
2953 2461 3302 2524 orientalem,
3325 2476 3480 2531 quem
3519 2470 3654 2516 vocat

2124 2551 2386 2624 Scaliger,
2427 2562 2740 2623 computum
2766 2551 3043 2619 adhibuit,
3085 2552 3135 2607 is
3181 2563 3268 2606 est
3306 2552 3538 2622 profecto
3561 2549 3656 2604 lla-

2124 2646 2324 2699 ximus.
2370 2641 2508 2697 Nam
2557 2643 2713 2699 docet
2765 2658 2910 2698 anno
2964 2642 3099 2698 5501
3167 2643 3504 2698 incarnatutn
3550 2659 3654 2697 esse

2123 2736 2426 2792 Christum.
2457 2734 2626 2806 Igitur
2655 2735 2808 2806 cyclo
2855 2735 3001 2790 illius
3029 2749 3156 2789 aera:
3186 2733 3363 2803 primo
3396 2733 3654 2803 respondet

2123 2843 2190 2883 ex
2218 2828 2483 2883 laterculo
2506 2827 2769 2899 Scaligeri
2795 2828 2981 2898 cyclus
3002 2828 3137 2883 solis
3157 2843 3248 2881 nl
3273 2826 3326 2881 in
3354 2841 3457 2881 aera
3479 2826 3650 2888 lunari,

2127 2926 2182 2972 et
2208 2933 2264 2972 ix
2290 2916 2346 2971 in
2371 2916 2622 2971 Paschali
2651 2935 2664 2971 :
2712 2916 2993 2971 Romanus
3020 2932 3155 2972 vero
3184 2917 3375 2987 cyclus
3419 2929 3534 2977 xxv,
3564 2914 3651 2966 hoc

2125 3016 2207 3063 est
2220 3008 2411 3063 litterae
2429 3007 2536 3062 ΕΙ).
2556 3008 2719 3079 Atqui
2736 3016 2949 3064 constat
2964 3007 3262 3064 litteramG
3279 3022 3419 3062 anno
3441 3006 3526 3060 illo
3545 3020 3648 3059 cum

2125 3113 2177 3153 vi
2213 3099 2457 3154 Romano
2497 3099 2651 3170 cyclo
2699 3100 2833 3155 solis
2853 3099 3159 3156 obtinuisse
3195 3118 3210 3154 :
3246 3099 3498 3153 nimirum
3530 3109 3651 3149 anno

2123 3189 2329 3246 Christi
2360 3205 2552 3256 iacxu,
2585 3206 2693 3261 quo
2729 3191 2864 3246 feria
2901 3192 3075 3262 prima
3109 3188 3304 3246 incidit
3334 3189 3387 3244 in
3414 3187 3650 3243 Kalendas

2124 3282 2348 3353 Aprilis.
2384 3283 2518 3338 Item
2551 3298 2618 3338 ex
2667 3284 2864 3338 tabella
2917 3283 3185 3355 Scaligeri
3238 3281 3447 3337 decima
3481 3288 3650 3349 quarta

2123 3370 2404 3431 Paschalis
2430 3376 2583 3447 cyclo
2628 3376 2768 3431 luna:
2795 3392 2864 3431 xv
2895 3376 3088 3432 cadere
3130 3375 3394 3431 debuerat
3419 3375 3469 3428 in
3494 3371 3648 3426 Martii

2123 3482 2254 3531 XXX,
2289 3477 2347 3521 ιιι
2376 3476 2522 3524 θεεθι
2550 3483 2751 3525 aureus
2781 3483 3041 3523 numerus
3064 3483 3162 3532 νιι,
3195 3483 3321 3522 cum
3363 3476 3530 3521 tamen
3552 3478 3650 3519 τετ-

2126 3564 2241 3611 tum
2272 3557 2344 3613 sit
2394 3572 2536 3613 anno
2576 3559 2765 3614 eodem
2820 3573 3045 3613 aureum
3089 3573 3378 3613 numerum
3403 3555 3648 3611 exstitisse

2125 3662 2215 3712 xv,
2242 3657 2296 3703 et
2318 3650 2607 3704 terminum
2634 3649 2947 3705 Paschalem
2979 3648 3252 3705 Kalendas
3277 3647 3482 3720 Apriles
3507 3658 3647 3699 occu-

2126 3754 2304 3809 passe.
2339 3739 2561 3796 Possem
2608 3742 2708 3797 ista
2746 3741 2911 3797 latius
2958 3743 3250 3813 persequi,
3284 3749 3338 3796 et
3386 3738 3645 3798 inscitiam,

2125 3846 2234 3901 qua
2264 3833 2411 3886 nulla
2435 3833 2537 3888 hoc
2563 3834 2617 3887 in
2649 3842 2969 3905 argumento
2994 3835 3170 3905 major
3208 3840 3386 3905 potest
3410 3830 3645 3889 accidere.

2125 3923 2376 3993 pluribus
2425 3924 2690 3994 exemplis
2745 3923 3053 3981 traducere.
3098 3924 3207 3981 Sed
3287 3940 3353 3981 ex
3398 3921 3644 3992 superiore

2126 4014 2275 4067 omni
2302 4014 2671 4084 disputatione
2692 4029 2856 4085 quam
2883 4014 2950 4071 de
2974 4015 3249 4086 compotis
3271 4015 3386 4070 istis
3407 4021 3457 4067 et
3482 4025 3641 4065 eorum

2126 4106 2268 4161 inter
2297 4121 2355 4161 se
2379 4106 2591 4163 ratione
2612 4117 2923 4163 accuratam
2957 4108 3314 4171 instituimus,
3345 4106 3463 4160 licet
3492 4102 3642 4158 cuivis

2128 4197 2209 4251 vel
2229 4197 2493 4251 mediocri
2525 4213 2625 4251 usu
2654 4197 2841 4251 talium
2873 4197 3141 4252 instructo
3169 4195 3374 4252 inﬁnite
3401 4200 3639 4266 patentem

2125 4287 2599 4343 hallucinationem
2632 4289 2981 4344 convincere.

2710 4377 2938 4433 CAPUT
2979 4378 3093 4434 VII.

2129 4471 2206 4526 De
2245 4470 2482 4526 methodo
2547 4471 2785 4541 paschali
2834 4481 3196 4540 compulorum
3254 4468 3534 4541 ercorutn
3581 4476 3641 4541 ac

2194 4543 2420 4614 p_rimum
2452 4542 2515 4596 de
2542 4534 2967 4614 ἧμεροευρεσξῳ,
2999 4544 3103 4595 sive
3125 4541 3473 4614 investiganda
3506 4534 3636 4603 feria.

2195 4608 2539 4679 Exponuntur
2564 4608 2817 4666 amunia
2847 4608 2961 4679 ejus
2994 4612 3208 4675 omnia;
3233 4608 3354 4679 quid
3389 4608 3486 4679 sint
3506 4617 3638 4679 rega-

2198 4676 2356 4744 larea,
2397 4691 2789 4752 concurrentes,
2832 4676 3145 4752 π’ροσθεταί.
3206 4676 3452 4747 Scaligeri
3500 4676 3635 4726 iam:

2193 4768 2360 4806 error.
2388 4751 2655 4805 Maximus
2686 4762 2734 4804 et
2762 4749 2983 4805 Isadcus
3015 4752 3261 4820 expositi.

2194 4838 2478 4897 Paschalis
2537 4841 2907 4896 methodusin
2945 4840 3053 4894 duo
3112 4839 3324 4911 fastigia
3372 4830 3632 4893 dividitur;

2127 4947 2225 5002 pro
2267 4933 2435 5004 cyclis
2480 4932 2727 4997 totidem,
2780 4933 2913 4988 solis
2971 4947 3034 4987 ac
3092 4932 3254 4987 lunas.
3307 4928 3432 4983 Pars
3481 4926 3635 4989 itaque

2126 5023 2277 5093 prior
2303 5031 2388 5080 est
2420 5024 2707 5079 character
2737 5022 2866 5088 diei,
2903 5024 3019 5080 sive
3051 5024 3205 5089 feria,
3239 5020 3376 5094 quod
3401 5020 3627 5088 ήμεροευσ

2131 5114 2308 5186 ρέσιον
2340 5115 2607 5170 Maximus
2622 5116 2873 5186 appellat,
2912 5117 3195 5187 posterior
3214 5115 3276 5185 ad
3306 5117 3529 5183 quartam
3551 5103 3622 5157 de-

2128 5206 2323 5261 cimam
2356 5208 2699 5277 pa'schalem;
2735 5209 3018 5278 ipsumque
3045 5206 3250 5264 Pascha
3270 5202 3622 5261 Christianum;

2129 5305 2183 5352 et
2213 5297 2279 5352 ad
2315 5299 2474 5360 lunae,
2510 5307 2571 5352 ut
2601 5308 2819 5360 vocant,
2843 5307 3055 5355 aetatem
3091 5293 3493 5368 investiganda!“
3523 5298 3624 5356 μετ’

2129 5389 2287 5443 tinet.
2318 5387 2612 5459 Utriusque
2640 5391 2779 5445 ratio
2803 5405 2833 5444 a
2864 5391 3018 5445 nobis
3041 5389 3402 5462 explicabitur,
3433 5389 3571 5448 atque
3592 5387 3616 5424 ³

2128 5480 2322 5552 Primi.
2347 5496 2470 5552 qua;
2493 5482 2628 5537 solis
2651 5483 2868 5552 propria
2899 5490 3005 5549 est,
3033 5483 3299 5552 capiemus
3339 5473 3545 5531 init-ium.

2199 5570 2325 5627 Tria
2356 5584 2485 5629 sunt
2547 5572 2614 5627 ad
2663 5574 3019 5645 indagandam
3068 5573 3250 5630 feriam
3279 5571 3330 5625 in
3356 5566 3612 5622 Graecorum

2130 5673 2385 5735 computo
2413 5665 2757 5732 necessaria;
2788 5662 3100 5738 προσθεταε,
3131 5663 3241 5723 sive
3269 5664 3452 5732 epactae
3491 5660 3612 5704 ωειν
