3948 6264
302 352 441 413 1425

302 480 443 529 sium
462 488 477 539 ;
499 475 702 542 epactm
731 480 1036 532 annorum;
1067 469 1122 518 et
1150 458 1492 539 ὴριτοσταὶα,
1525 456 1641 514 sive
1699 459 1863 524 quota
1893 452 1935 507 A

300 558 418 613 dies
448 555 670 613 mensis.
710 553 1040 628 Προσθετάς,
1084 565 1180 606 eos
1212 564 1355 612 esse,
1389 546 1480 618 qui
1511 545 1779 617 regulares
1832 556 1861 594 a

300 645 773 718 computatoribus
814 643 1022 699 nostris
1060 646 1344 702 vocantur,
1394 636 1637 708 Scaliger
1673 634 1863 691 existi-

299 746 411 792 mat
446 737 591 810 (pag.
629 737 752 807 749)
787 757 801 790 :
834 737 891 791 in
921 751 1031 805 quo
1064 732 1220 787 valde
1282 729 1506 785 fallitur.
1560 725 1863 797 Appellatio

299 827 517 896 quidem
557 827 675 896 ipsa
701 823 1031 897 regularium
1065 824 1182 886 ταῖς
1207 820 1530 890 προσθεταῖς
1564 832 1864 873 accommo-

299 917 416 972 dari
440 925 635 988 potest,
663 917 739 972 uti
769 932 871 972 nos
900 917 956 971 in
990 915 1181 969 Latina
1204 912 1455 968 versione
1484 910 1746 976 fecimus;
1767 909 1862 962 sed

299 1009 372 1063 ita
410 1021 466 1063 ut
489 1024 599 1064 non
626 1008 845 1065 eosdem
866 1023 987 1064 esse
1009 1005 1320 1061 Graecorum
1367 1003 1643 1075 regulares
1668 1015 1732 1056 ac
1757 1000 1854 1054 La-

298 1104 465 1164 tinos,
498 1100 789 1171 intelligas.
814 1099 890 1154 Ac
921 1100 990 1154 de
1013 1100 1208 1154 horum
1245 1097 1465 1168 quidem
1494 1093 1858 1165 regularibus,

295 1198 350 1245 et
382 1192 842 1247 concurrentibus
874 1192 1086 1261 egimus
1112 1191 1207 1247 lib.
1237 1188 1310 1243 Vl
1348 1188 1425 1243 De
1453 1188 1703 1242 doctrina
1733 1193 1862 1239 tem-

292 1296 503 1351 porum,
557 1298 678 1355 cap.
709 1282 943 1348 XXVIII,
989 1284 1146 1354 cujus
1171 1281 1421 1338 doctrina
1455 1279 1650 1351 capitis
1705 1292 1859 1332 assu-

296 1374 492 1430 menda
512 1376 692 1431 estad
722 1374 895 1431 Grzeci
952 1375 1195 1447 computi
1242 1374 1527 1440 notitiam;
1584 1380 1670 1427 est
1713 1368 1859 1425 enim

293 1468 627 1524 necessaria.
654 1466 758 1523 Sed
798 1469 902 1523 hoc
950 1468 1069 1524 loco
1102 1468 1325 1523 minime
1363 1463 1687 1535 repetenda;
1735 1476 1859 1517 cum

294 1556 351 1612 in
383 1565 635 1629 promptu
669 1558 779 1613 illic
797 1558 1062 1615 habeatur
1086 1577 1101 1613 :
1132 1565 1330 1630 praeter
1358 1554 1689 1628 paucissima
1709 1566 1859 1624 quae-

293 1645 524 1711 dam,et
575 1647 930 1720 καιριώτερα,
981 1648 1099 1703 sine
1135 1648 1336 1720 quibus
1388 1644 1650 1715 explicari
1712 1640 1859 1713 quod

295 1737 557 1806 proposui
584 1753 694 1792 non
725 1744 925 1808 potest.
950 1737 1269 1792 Latinorum
1299 1737 1578 1807 regulares
1609 1740 1737 1788 sunt
1782 1732 1859 1786 Ie-

295 1826 391 1882 rite
415 1827 625 1882 dierum
661 1829 717 1883 in
748 1843 891 1883 anno
914 1829 1053 1900 cycli
1084 1828 1239 1893 solis,
1268 1828 1364 1898 qui
1399 1826 1633 1882 litteram
1668 1823 1858 1880 habuit

291 1910 360 1976 G,
402 1914 556 1969 initio
594 1914 662 1970 ab
687 1916 860 1986 Aprili
884 1915 1079 1985 ducto;
1137 1923 1237 1970 aut
1265 1915 1428 1972 etiam
1481 1914 1552 1971 ab
1576 1912 1856 1969 Januario.

293 2002 352 2056 Si
390 2001 703 2060 aJanuario
748 2006 1003 2073 ducatur,
1059 2007 1342 2078 regulares
1385 2007 1591 2062 mensis
1614 2005 1780 2074 hujus
1804 2011 1858 2059 et

292 2097 572 2166 sequentis
601 2099 811 2154 unitate
842 2099 1081 2155 minores
1112 2106 1260 2166 sunt,
1297 2115 1458 2170 quam
1488 2099 1534 2155 si
1580 2100 1648 2155 ab
1684 2099 1858 2169 Aprili

289 2187 405 2243 orsi
436 2187 721 2245 fuerimus.
769 2188 998 2256 Quando
1033 2190 1213 2245 littera
1266 2189 1620 2245 Dominicalis
1669 2201 1753 2246 est
1788 2189 1855 2254 (ἶ,

289 2287 425 2335 tunc
463 2279 720 2337 Kalendae
770 2280 975 2352 Aprilis
1015 2280 1203 2338 feriam
1264 2282 1465 2338 habent
1516 2300 1562 2346 I,
1603 2281 1859 2337 Kalendae

206 2396 209 2397 ν
288 2368 417 2424 Maii
448 2386 548 2437 Ill;
600 2379 657 2427 et
698 2372 771 2426 ita
825 2372 1082 2441 deinceps
1128 2386 1302 2441 usque
1358 2371 1427 2425 ad
1482 2370 1856 2435 Decembrem,

287 2471 457 2532 quota
510 2463 688 2519 littera
744 2475 827 2519 est
880 2464 1106 2519 initialis
1152 2463 1421 2534 cujusque
1458 2463 1663 2518 mensis
1693 2463 1760 2517 ab
1786 2464 1854 2527 Α,

288 2555 502 2611 unitate
530 2555 732 2622 addita,
766 2564 917 2611 tanta
945 2564 1027 2611 est
1049 2554 1198 2611 feria.
1231 2555 1301 2608 At
1350 2552 1610 2612 Januario
1640 2560 1860 2610 antece-

286 2645 451 2700 dente
472 2643 576 2699 fuit
607 2645 741 2700 t'eria
778 2660 839 2708 ιι,
902 2643 1188 2700 Februarii
1225 2641 1453 2698 Kalend.
1491 2643 1623 2698 feria
1656 2660 1712 2709 v,
1762 2644 1856 2698 ubi

283 2742 339 2789 et
361 2736 568 2792 unitate
597 2737 804 2800 addita,
840 2731 1032 2792 litterae
1055 2735 1419 2791 Kalendarum
1455 2735 1645 2791 feriam
1698 2736 1856 2792 exhi-

284 2829 438 2884 bent.
471 2827 673 2885 Verum
712 2831 960 2887 calculus
1017 2837 1142 2902 post
1198 2829 1490 2891 hisextum,
1524 2828 1717 2885 Martio
1772 2829 1857 2884 vel

282 2921 456 2992 Aprili
486 2924 670 2993 potius
709 2923 921 2995 incipit.
960 2922 1139 2989 Quare
1166 2920 1414 2977 Januarii
1460 2929 1515 2977 et
1570 2920 1855 2977 Februarii

281 3014 562 3084 regulares
586 3013 759 3084 accipi
782 3014 983 3069 debent
1009 3030 1075 3069 ex
1105 3013 1261 3078 feria,
1312 3028 1473 3084 quam
1512 3012 1714 3068 habent
1760 3027 1856 3067 eo—

282 3122 402 3161 rum
427 3106 679 3163 Kalendae
706 3123 852 3163 anno
882 3109 1153 3180 sequenti,
1176 3123 1285 3180 quo
1318 3108 1497 3165 littera
1526 3114 1611 3163 est
1640 3105 1704 3172 F,
1740 3116 1853 3161 tum
1881 3132 1926 3193 ρ

281 3214 414 3254 vero
440 3197 736 3256 Januarius
763 3201 1000 3270 incipita
1039 3201 1174 3257 feria
1216 3217 1298 3266 ιιι,
1329 3199 1663 3257 Februarius
1697 3216 1727 3255 a
1773 3214 1849 3254 v1.

284 3288 352 3344 Ili
383 3299 511 3345 sunt
542 3292 821 3364 regulares
852 3293 1124 3349 mensium
1146 3292 1542 3360 Romanorum,
1570 3291 1665 3363 qui
1724 3306 1842 3363 per-

282 3383 434 3455 petui
463 3383 784 3454 immotique
814 3392 982 3451 sunt;
1021 3399 1123 3439 nec
1152 3393 1359 3455 epacta:
1395 3383 1667 3439 mensium
1726 3396 1852 3452 pro.

280 3473 401 3544 prie
435 3472 545 3529 dici
568 3472 788 3528 debent.
813 3471 950 3526 Nam
983 3480 1187 3542 epactze
1216 3474 1431 3543 proprie
1453 3480 1582 3528 sunt
1612 3471 1729 3526 dies
1756 3484 1853 3524 an-

277 3565 589 3622 tecedentes
622 3573 787 3636 caput
813 3566 939 3619 anni
960 3565 1252 3629 mensisve,
1272 3565 1432 3635 cujus
1461 3574 1667 3636 epactas
1688 3562 1856 3617 nomi-

276 3669 480 3714 nantur
512 3676 525 3712 :
553 3655 1007 3728 quemadmodum
1066 3658 1286 3713 lunares
1342 3667 1543 3728 epactas
1582 3654 1699 3710 dies
1727 3661 1856 3710 sunt

275 3751 475 3822 reliqui
499 3765 528 3804 a
561 3750 810 3806 confecta
854 3751 1043 3804 ultima
1066 3750 1285 3821 syzygia
1326 3750 1391 3803 ad
1422 3749 1582 3804 linem
1613 3747 1740 3802 anni
1772 3746 1854 3801 ci-

273 3843 425 3906 vilis,
471 3853 601 3914 puta
654 3857 685 3896 a
726 3841 1062 3907 Decembris,
1096 3842 1178 3897 vel
1208 3841 1408 3902 Martii,
1447 3842 1492 3896 si
1534 3855 1564 3895 a
1589 3838 1852 3895 Januario

274 3931 364 3988 vel
392 3931 565 4002 Aprili
593 3945 773 3986 annus
810 3931 1024 4011 lunaris
1080 3928 1269 3997 ineat;
1313 3939 1520 4001 epactas
1565 3930 1700 3989 solis
1751 3946 1850 3984 an-

273 4040 404 4080 nua:
436 4023 570 4079 feria
598 4032 682 4079 est
707 4022 815 4079 diei
848 4022 1023 4077 ultimi
1072 4022 1246 4078 totius
1278 4023 1427 4088 anni,
1478 4030 1537 4078 ut
1576 4024 1652 4077 ait
1680 4021 1849 4078 lexi-

271 4132 422 4173 mus.
457 4115 645 4187 Itaque
692 4113 948 4170 Kalendae
986 4114 1119 4186 ipsae
1144 4114 1398 4187 mensis,
1438 4115 1597 4187 cujus
1644 4124 1849 4186 epactaa

272 4215 566 4271 vocantur,
599 4207 653 4261 in
683 4213 999 4277 epactarum
1026 4221 1317 4261 numerum
1357 4221 1705 4277 nequaquam
1752 4221 1847 4259 ve-

272 4301 458 4355 niunt.
489 4296 607 4354 Non
648 4305 776 4354 sunt
799 4297 963 4371 igitur
992 4297 1311 4369 προσθεταί,
1362 4297 1467 4352 hoc
1524 4304 1608 4352 est
1643 4304 1846 4368 epaclm

275 4391 571 4456 mensium,
598 4389 739 4444 idem
765 4405 890 4445 cum
924 4386 1296 4445 Romanorum
1325 4388 1688 4460 regularibus.
1709 4387 1845 4443 Hinc

275 4491 482 4553 epacta:
507 4482 640 4537 solis
668 4495 883 4544 annum,
906 4480 1022 4537 sive
1068 4490 1481 4546 concurrentes,
1536 4496 1660 4537 cum
1711 4481 1844 4536 solis
1875 4472 1919 4527 Ι)

276 4573 619 4646 regularibus
642 4572 1009 4630 Kalendarum
1043 4571 1236 4629 feriam
1283 4573 1549 4644 praebent.
1571 4571 1640 4625 At
1675 4589 1843 4647 προσ-

270 4663 429 4720 θεται
467 4680 592 4720 cum
645 4664 850 4735 epactis
892 4665 1025 4721 solis
1071 4680 1182 4720 non
1213 4663 1449 4720 reddunt
1480 4664 1694 4731 feriam,
1735 4662 1843 4718 nisi

271 4760 508 4815 addatur
534 4759 569 4831 ἡ
606 4758 861 4812 ποσταία.
887 4755 1207 4828 Exemplum
1252 4772 1267 4809 :
1304 4767 1422 4812 esto
1466 4771 1644 4811 annus
1683 4756 1843 4811 Clu-i-

277 4852 346 4904 sti
377 4864 578 4912 tacxu,
603 4855 659 4903 et
680 4855 955 4918 quaeratur
1003 4845 1138 4901 feria
1168 4844 1542 4901 Kalendarum
1565 4843 1841 4913 {Septem-

277 4941 476 4997 brium.
511 4939 917 4995 Concurrentes
944 4937 1039 4993 illo
1069 4952 1213 4992 anno
1248 4936 1472 4991 fuerunt
1503 4950 1601 5003 vu,
1629 4951 1697 4990 ex
1728 4950 1834 4989 me-

274 5031 440 5087 tbodo
461 5029 658 5101 capitis
682 5026 898 5082 XXVIII
941 5027 1066 5082 libri
1118 5025 1181 5081 Vl
1229 5026 1307 5081 De
1351 5026 1595 5081 doctrina
1641 5035 1840 5096 tempo-

276 5136 391 5179 rum
429 5119 522 5191 qui
545 5119 612 5175 ad
643 5118 925 5189 regulares
954 5115 1288 5189 Septembris
1326 5133 1404 5172 vu
1460 5117 1656 5187 adjecti
1705 5118 1837 5172 dant

278 5212 462 5270 feriam
492 5228 590 5277 vn,
611 5209 920 5280 cujusmodi
952 5224 1140 5264 revera
1169 5222 1313 5262 anno
1334 5208 1428 5262 illo
1451 5208 1571 5271 fuit,
1601 5224 1723 5263 cum
1748 5210 1836 5262 lit-

278 5315 384 5361 tera
416 5299 767 5355 DominiCalis
799 5308 946 5353 esset
974 5295 1039 5361 G,
1087 5297 1241 5369 cyclo
1291 5297 1422 5353 solis
1462 5295 1708 5352 Itomano
1757 5314 1832 5354 vt.

277 5395 350 5447 'ta
379 5391 637 5448 Kalendis
668 5391 874 5462 Aprilis
898 5390 1059 5445 iidem
1084 5399 1474 5444 concurrentes
1505 5405 1577 5443 vn
1606 5402 1729 5443 cum
1747 5405 1836 5444 re-

271 5484 552 5555 gularibus
583 5500 601 5538 ι
638 5485 770 5538 dant
800 5482 988 5539 feriam
1015 5499 1053 5536 ι.
1085 5481 1174 5545 Λι,
1203 5497 1267 5537 ex
1297 5481 1550 5537 methodo
1589 5479 1829 5547 Maximi,

271 5581 480 5643 epacte,
511 5574 643 5628 solis
667 5589 742 5627 vn
766 5586 910 5626 anno
948 5570 1126 5642 primo
1157 5570 1294 5641 cycli
1326 5570 1523 5626 solaris
1563 5569 1833 5627 Constan-

270 5666 633 5742 tinopolitani,
695 5680 818 5721 cum
856 5665 1182 5737 προσθεταίς
1231 5662 1568 5735 Septembris
1604 5681 1676 5732 vi,
1729 5665 1828 5719 ad-

274 5758 386 5816 dita
417 5756 668 5829 ποσταιᾳ,
699 5756 807 5813 hoc
845 5764 930 5813 est
964 5771 1074 5812 uno
1124 5755 1211 5813 die
1270 5753 1625 5828 Septembris,
1670 5755 1825 5813 exhi-

1251 332 1703 396 DISSERTATIO
1744 330 1831 386 DE
1866 324 2272 386 GIUECORUM
2308 323 2509 380 ᾹΞΒΙΞ.

3388 312 3411 366 1
3422 310 3523 366 426

1962 448 2093 502 bent
2134 444 2326 500 feriam
2371 457 2486 509 vn;
2542 435 2798 494 Kalendis
2854 441 3031 489 autem
3080 427 3279 501 Aprilis
3325 426 3524 481 eadem

1965 543 2165 605 epacta:
2198 534 2331 589 solis
2384 546 2460 583 vu
2517 542 2641 583 cum
2694 524 3015 597 προσθεταϊς
3062 536 3159 600 vn,
3193 525 3247 574 et
3283 532 3392 571 uno
3439 514 3527 567 die

1965 623 2352 682 Kalendarum,
2382 618 2620 673 oll‘erunt
2642 614 2828 669 feriam
2856 629 2894 667 I.

2033 711 2337 787 Προσθεταί
2366 708 2612 773 Maximi,
2644 714 2770 762 sunt
2817 703 2963 757 ferite
2995 700 3198 754 ultimae
3235 695 3342 751 diei
3373 700 3524 787 ante:

1964 781 2207 860 cedentis
2255 801 2499 873 proxime
2544 809 2784 852 mensem
2832 808 2979 855 eum,
3031 790 3188 857 cujus
3228 781 3524 873 προσϐεταί

1963 895 2222 949 dicuntur
2241 871 2296 945 in
2322 903 2465 945 anno
2501 886 2676 957 primo
2730 882 2866 954 cycli
2915 871 3521 944 Constantinopolitani,

1963 986 2052 1055 qui
2102 982 2395 1054 respondet
2448 979 2601 1049 cyclo
2670 977 2917 1030 Romano
2959 987 3032 1034 vi,
3077 966 3295 1039 quando
3342 965 3522 1055 littera

1963 1053 2048 1130 est
2105 1053 2203 1139 (Ξῖ
2238 1080 2353 1126 tum
2408 1070 2552 1123 enim
2603 1065 2912 1120 Decembris
2971 1056 3328 1132 praecedentis
3398 1053 3524 1108 ulti-

1963 1180 2084 1219 mus
2140 1163 2197 1218 in
2248 1161 2440 1216 feriam
2501 1174 2517 1211 ι
2566 1156 2773 1211 incidit.
2837 1153 2958 1209 Ideo
3013 1147 3276 1221 regularis
3321 1144 3522 1200 Janua-

1965 1259 2029 1312 rii
2078 1256 2206 1311 anni
2253 1255 2418 1316 illius,
2460 1266 2489 1305 a
2535 1265 2642 1321 quo
2683 1247 2925 1320 proxime
2973 1252 3193 1300 secutus
3230 1246 3314 1295 est
3349 1251 3525 1291 annus

1962 1348 2172 1418 primus
2227 1343 2365 1415 cycli
2420 1342 2635 1408 solaris,
2688 1338 2855 1409 Aprili
2897 1338 3137 1396 ineunte,
3196 1340 3280 1387 est
3332 1346 3347 1385 I
3392 1327 3525 1383 feria

1962 1443 2165 1498 ultima:
2197 1440 2301 1497 diei
2328 1437 2573 1492 Januarii
2605 1452 2678 1489 IV.
2723 1433 2774 1490 Is
2804 1440 2887 1487 est
2920 1429 3186 1497 regularis
3223 1424 3523 1485 Februarii,

1961 1545 2010 1591 et
2033 1532 2114 1589 sic
2140 1531 2419 1599 deinceps,
2448 1536 2507 1582 ut
2537 1544 2609 1582 ex
2643 1526 2838 1580 tabella
2900 1529 3085 1593 patet:
3120 1535 3242 1592 qum
3293 1526 3524 1588 quatuor

1962 1621 2213 1678 versibus
2244 1625 2480 1675 constat.
2509 1617 2529 1671 I
2563 1630 2777 1671 menses
2802 1613 3085 1667 Romanos
3124 1604 3521 1678 complectitur,

1965 1713 2002 1766 ιι
2037 1720 2261 1783 epactas
2291 1710 2508 1763 illorum
2543 1707 2658 1762 sive
2712 1704 3035 1776 προσθετάς,
3089 1699 3153 1754 111
3190 1698 3525 1769 singulorum

1894 1796 1935 1853 Β
1966 1805 2232 1861 mensium
2263 1802 2406 1867 dies,
2445 1799 2512 1855 IV
2552 1799 2769 1856 eosdem
2803 1798 2921 1852 dies
2949 1795 3209 1850 collectos
3239 1806 3377 1862 quos
3427 1789 3522 1843 ad-

1960 1898 2097 1961 didi,
2126 1906 2185 1951 ut
2213 1894 2698 1967 propagandorum
2743 1889 3070 1962 regularium
3111 1887 3250 1941 ratio
3287 1883 3528 1940 declare-
3608 1898 3619 1907 ’

1963 1997 2071 2053 tur,
2104 2003 2267 2060 quam
2295 2003 2414 2056 cap.
2448 1984 2617 2040 XXVI
2645 1984 2832 2055 prima:
2854 1982 3023 2054 partis
3051 1976 3302 2048 Computi
3357 1974 3527 2029 Maxi-

1961 2099 2084 2138 mus
2118 2081 2360 2153 exponit.
2385 2079 2485 2134 Hic
2512 2080 2658 2135 enim
2687 2079 2805 2134 dies
2832 2090 3020 2131 omnes
3057 2073 3125 2128 ab
3150 2070 3321 2142 Aprili
3353 2068 3419 2121 ad
3462 2068 3525 2121 Ii-

1959 2189 2081 2228 nem
2113 2171 2357 2244 proxime
2378 2169 2749 2227 antecedentis
2770 2167 2972 2222 mensis
2990 2164 3156 2226 illius,
3181 2161 3339 2230 cujus
3354 2175 3525 2229 προσ-

1959 2264 2121 2329 Θετάς
2161 2264 2480 2335 quarrimus,
2524 2278 2621 2333 per
2669 2261 2698 2315 7
2736 2259 2901 2315 dividi
2928 2257 3190 2328 prazcipit,
3222 2253 3520 2312 residuum,

1959 2364 2053 2410 aut
2074 2357 2122 2413 si
2155 2357 2288 2412 nihil
2335 2356 2596 2427 supersit,
2651 2352 3017 2425 septenarium
3071 2351 3249 2421 ipsum
3303 2353 3524 2418 epactas

1956 2466 2084 2506 esse
2121 2450 2323 2505 mensis
2356 2449 2694 2520 insequentis
2723 2449 2818 2501 ait.
2864 2444 3104 2514 Exempli
3158 2454 3358 2496 causa:
3384 2438 3525 2494 scire

1958 2543 2090 2597 libet
2128 2558 2250 2612 qua:
2276 2542 2389 2597 sint
2419 2548 2622 2611 epactas
2653 2536 3009 2608 Septembris.
3054 2535 3099 2589 A
3142 2532 3404 2589 Januario
3456 2530 3524 2583 ad

1957 2633 2187 2704 Augusti
2223 2633 2384 2687 linem
2416 2632 2533 2687 dies
2550 2641 2677 2687 sunt
2699 2628 2806 2683 245
2833 2646 2848 2682 :
2888 2643 2918 2683 e
2940 2625 3139 2697 quibus
3157 2622 3404 2679 deductis
3431 2620 3523 2687 9U,

1957 2734 2166 2782 restant
2199 2727 2302 2781 155
2331 2740 2362 2779 a
2392 2723 2646 2780 Kalendis
2674 2722 2873 2795 Aprilis
2898 2735 3018 2791 quae
3042 2720 3085 2774 si
3117 2734 3210 2788 per
3233 2717 3263 2770 7
3287 2714 3520 2775 dividas,

1957 2821 2235 2876 residuum
2293 2817 2439 2873 est6
2484 2817 2760 2888 regulares
2820 2811 3174 2883 Septembris.
3240 2807 3396 2875 Quod
3458 2806 3526 2859 ab

1956 2909 2157 2981 Aprilis
2183 2907 2440 2963 Kalendis
2464 2906 2709 2961 calculus
2733 2903 2944 2974 incipit,
2974 2917 3080 2955 non
3124 2916 3187 2955 ex
3227 2913 3292 2953 eo
3343 2895 3524 2965 sequi-

1958 3010 2067 3066 tur,
2106 3001 2385 3071 regulares
2429 2997 2635 3068 Aprilis
2682 3011 2803 3051 esse
2828 3010 2867 3056 ι,
2910 2993 3001 3047 sed
3035 2991 3215 3062 potius
3250 3005 3359 3056 vn;
3407 3001 3524 3056 qua:

1958 3110 2045 3149 res
2086 3091 2422 3163 Scaligerum
2448 3088 2655 3153 lelellit,
2698 3088 2792 3157 qui
2831 3085 3131 3158 προσοετάς
3160 3080 3378 3136 Maximi
3411 3077 3523 3133 uni:

1958 3193 2066 3240 tate
2132 3196 2411 3254 perperam
2474 3188 2653 3250 auget.
2715 3177 2903 3246 Itaque
2966 3182 3182 3246 epactas
3240 3170 3418 3226 Martii
3450 3172 3523 3223 ait

1956 3293 2079 3333 esse
2114 3293 2165 3339 ν,
2195 3281 2415 3345 epactas
2471 3271 2675 3342 Aprilis
2727 3286 2767 3335 ι,
2828 3275 3050 3340 epactas
3088 3266 3213 3320 Maii
3272 3279 3369 3327 ιιι,
3418 3278 3523 3316 uno

1953 3369 2142 3433 verbo,
2176 3373 2343 3438 quota
2372 3374 2456 3421 est
2483 3365 2666 3418 littera
2716 3361 2945 3417 initialis
2979 3358 3274 3429 cujuslibet
3319 3355 3523 3411 mensis

1955 3458 2141 3515 addita
2170 3457 2402 3518 unitate,
2442 3462 2629 3509 tantas
2658 3469 2782 3510 esse
2821 3450 3124 3523 προσθετάς
3153 3446 3368 3504 asserit.
3408 3442 3521 3499 Hoc

1954 3548 2114 3602 modo
2140 3543 2433 3618 προσθεταί
2471 3541 2807 3613 Septembris
2834 3547 2997 3596 erunt
3020 3554 3092 3593 vn
3116 3555 3131 3604 ;
3155 3533 3408 3591 Octobris
3456 3545 3521 3598 ιι,

1953 3640 2287 3695 reclamante
2317 3634 2556 3690 Maximo
2583 3635 2638 3688 in
2678 3632 2942 3687 laterculo
2983 3629 3187 3699 duplici
3252 3625 3445 3699 capjtis
3477 3624 3515 3686 I,

1952 3730 2110 3801 cujus
2155 3731 2212 3785 in
2251 3729 2478 3786 sinistro
2521 3740 2714 3782 versus
2764 3723 2975 3794 primus
3012 3720 3254 3776 continet
3282 3715 3514 3789 προσθε-

1951 3825 2049 3889 τάς
2075 3822 2255 3877 Martii
2279 3837 2367 3877 Iv:
2392 3834 2531 3892 quas
2571 3816 2816 3889 Scaliger
2848 3832 2880 3870 v
2918 3829 2950 3869 a
2988 3813 3221 3869 Maximo
3259 3808 3516 3866 constitui

1951 3915 2088 3972 falso
2113 3914 2338 3986 putavit.
2374 3911 2432 3967 In
2453 3926 2614 3967 versu
2657 3920 2853 3979 quarto
2907 3904 3200 3978 προσθεταί
3232 3909 3358 3960 sunt
3413 3900 3513 3957 Se.-

1951 4006 2215 4078 ptembris
2241 4014 2295 4060 et
2317 4001 2591 4067 Octobris,
2613 4000 2779 4070 hujus
2813 4013 2853 4061 ι,
2907 3999 3054 4055 illius
3087 4014 3138 4054 νι
3174 4017 3187 4053 :
3215 4011 3350 4068 quas
3391 3995 3515 4050 uni-

1950 4105 2060 4153 tate
2098 4096 2348 4168 producit
2374 4094 2649 4150 auctiores
2680 4091 2942 4163 Scaliger.

1951 4208 2171 4265 Tabella
2212 4206 2526 4279 προσθετῶν
2592 4206 2647 4259 in
2671 4203 2957 4279 mensibus
3000 4200 3256 4267 Iulianis,
3296 4209 3348 4257 et
3375 4199 3515 4257 Con-

2355 4276 2828 4346 stantinopolitano
2857 4283 3116 4344 computo.

2017 4390 2232 4449 Menses
2376 4388 2672 4463 προσθεται
2814 4386 2942 4463 Dies
2973 4403 3125 4443 men-
3266 4386 3390 4463 Dies
3408 4386 3514 4463 colo

2892 4460 3033 4513 slum
3318 4457 3436 4511 lecti

1945 4552 2242 4609 Januarius
2494 4552 2516 4605 1
2913 4550 2975 4603 51
3302 4547 3363 4601 51

1944 4622 2275 4679 Februarius
2490 4623 2524 4677 4
2914 4619 2987 4673 ‘28
3303 4618 3373 4672 59

1944 4694 2170 4750 Martius
2486 4692 2523 4745 4
2680 4690 2691 4707 ⁸
2908 4689 2971 4743 ’51
3303 4687 3373 4742 90

1943 4786 2140 4857 Aprilis
2488 4785 2524 4857 .7
2913 4783 2982 4857 «Et?
3302 4780 3406 4857 120

1940 4852 2116 4911 Maius
2480 4852 2516 4907 2
2913 4853 2974 4905 51
3302 4853 3397 4905 151

1936 4927 2132 4982 Junius
2490 4925 2525 4978 5
2913 4923 2983 4976 50
3301 4924 3396 4976 181

1934 5017 2111 5073 Julius
2495 5015 2526 5066 7
2916 5016 2976 5067 51
3300 5012 3405 5066 212

1936 5091 2213 5158 Augustus

1938 5152 2252 5228 September
2478 5156 2513 5210 6
2912 5154 2982 5209 50
3298 5152 3407 5208 ΞΠ)

1936 5249 2171 5304 October
2491 5251 2515 5304 1
2692 5300 2699 5304 ,
2914 5248 2976 5303 51
3297 5246 3403 5299 554

1936 5300 2239 5375 samer
2485 5300 2521 5374 ἐ
2688 5300 2712 5333 ⁸
2911 5300 2981 5373 su
3297 5316 3402 5370 565

1934 5387 2229 5445 December
2487 5391 2519 5445 6
2910 5390 2971 5459 51
3296 5385 3400 5440 054

2004 5480 2294 5537 Sciendum
2321 5493 2403 5538 est
2426 5488 2628 5547 autem,
2647 5481 2773 5536 licet
2809 5479 3071 5535 Maximus
3108 5478 3175 5532 ab
3201 5476 3371 5547 Aprili
3399 5475 3502 5530 τῶν

1933 5574 2244 5647 προσθετῶν
2273 5573 2565 5629 ratiocinia
2587 5574 2858 5639 deducat;
2912 5586 3098 5627 revera
3129 5579 3312 5624 tamen
3345 5583 3375 5622 a
3411 5566 3504 5622 Ja-

1933 5666 2126 5720 nuario
2174 5666 2469 5737 proﬁcisci.
2527 5664 2737 5721 Etenim
2773 5681 2803 5720 a
2836 5665 3061 5727 Kalend.
3102 5663 3378 5734 Aprilibus
3432 5662 3500 5714 ad

1935 5758 2193 5812 ultimum
2218 5757 2535 5815 Decembris
2556 5759 2675 5820 dies
2698 5756 2946 5813 sunt275
2974 5756 3172 5825 quibus
3202 5770 3298 5824 per
3330 5753 3361 5807 7
3393 5758 3500 5809 ιιιεο
