3948 6264
467 341 601 396 “3.7

464 460 686 516 tributis
754 465 959 515 restant
1011 458 1083 523 9.,

464 554 755 621 Januarii,
825 555 873 609 si
937 553 1004 609 ab
1067 551 1239 624 Aprili
1301 562 1729 625 computentur;
1798 566 1854 611 at
1930 557 2021 611 Ja-

467 647 693 701 nuarius
752 652 961 700 tantum
1025 643 1189 700 habet
1246 660 1283 699 l.
1323 645 1556 701 Proinde
1587 648 1665 702 sie
1704 663 1734 700 a
1763 647 2024 704 Januario

469 738 715 793 calculus
750 744 1097 808 propagatur.
1128 737 1393 803 Quoniam
1430 753 1552 792 cum
1602 738 1836 793 litteraG
1859 748 1941 795 est
1972 741 2026 795 in

470 846 595 893 usu,
624 828 866 883 Januarii
894 827 1153 884 Kalendis
1185 828 1317 883 feria
1364 837 1448 883 est
1500 830 1771 898 secunda’;
1825 840 2029 901 cpactze

470 918 713 974 Januarii
760 926 887 974 sunt
918 936 958 983 1,
996 919 1182 973 ultima
1218 918 1335 972 dies
1381 917 1625 973 Januarii
1673 930 1758 976 est
1796 920 1925 975 feria
1953 938 2025 976 IV.

472 1009 606 1065 Nam
630 1009 821 1067 divisis
849 1010 917 1065 '52
940 1009 1152 1073 diebus,
1176 1010 1277 1063 hoc
1308 1021 1393 1065 est
1439 1011 1500 1065 51
1534 1009 1802 1077 Januarii,
1827 1021 1880 1068 ct
1902 1028 2032 1083 epa-

473 1111 560 1157 cta
582 1102 702 1171 ejus
732 1118 749 1156 ι
782 1116 878 1171 per
907 1102 963 1164 ‘7,
998 1107 1206 1154 restant
1239 1101 1355 1155 dies
1385 1100 1453 1163 4;
1481 1103 1561 1157 sic
1590 1102 1783 1157 divisis
1814 1101 1903 1167 9|,
1929 1102 2032 1156 hoc

475 1202 559 1249 est
587 1194 777 1249 diebus
810 1194 1075 1247 mensium
1108 1194 1293 1257 trium,
1332 1192 1514 1247 addita
1546 1200 1735 1263 epacta
1759 1191 2028 1257 Januarii,

476 1301 572 1354 per
601 1284 651 1350 7,
681 1285 957 1339 residuum
980 1291 1063 1339 est
1092 1283 1122 1336 7
1150 1292 1338 1353 epacta
1375 1285 1577 1340 mensis
1600 1284 1837 1354 Aprilis;
1874 1284 2033 1338 deiu-

477 1394 605 1449 ceps
626 1390 803 1433 autem
847 1379 915 1432 ab
945 1379 1115 1448 Aprili
1147 1379 1282 1432 nihil
1311 1376 1559 1443 additur,
1594 1380 1851 1448 quoniam
1910 1392 2036 1447 epa—

477 1480 565 1526 cta
593 1472 790 1541 Aprilis
812 1478 893 1526 est
926 1468 978 1535 7,
1008 1472 1090 1526 vel
1116 1472 1170 1526 6.
1207 1469 1378 1537 llujus
1403 1473 1502 1532 rei,
1536 1470 1831 1541 quamlibet
1862 1469 1995 1524 levis
2018 1509 2032 1531 ,

479 1562 785 1616 observatio
805 1577 915 1615 non
938 1563 1262 1616 mediocrem
1301 1564 1476 1618 lucem
1530 1562 1686 1617 affert
1725 1558 2035 1615 Grzecorum

479 1660 737 1721 computo
771 1671 783 1707 :
818 1650 977 1721 cujus
1003 1653 1339 1722 ignoratione
1359 1653 1493 1708 adeo
1528 1651 1819 1707 manifesto
1848 1668 2037 1707 errore

479 1741 791 1812 implicatus
827 1750 911 1798 est
944 1742 1199 1813 Scaliger.

1444 338 1535 396 AD
1564 340 1831 401 EUSEBII
1864 340 2258 402 CHRONICON
2297 343 2652 402 APPENDIX.

1140 474 1261 530 quae
1318 462 1610 532 προσϐεταί
1653 477 1772 519 esse
1826 465 2023 520 debent
2052 474 2099 529 Α
2132 466 2361 521 habebat
2409 465 2594 536 cyclus
2629 476 2815 528 xxvnt,
2875 464 3034 532 cujus
3061 469 3260 533 cpacta:
3299 469 3422 517 sunt
3471 469 3628 520 v1.Ad

3514 348 3630 403 ιξεδ

2126 557 2402 627 regulares
2451 556 2633 625 itaque
2674 552 2949 609 Februarii
3005 570 3089 617 tv,
3142 553 3189 608 si
3242 554 3484 607 accedant
3525 571 3628 625 epa-

2126 659 2228 703 ctze
2266 664 2339 712 vi,
2370 657 2422 703 et
2460 648 2493 719 ὴ
2524 646 2752 700 ποσταία
2795 663 2811 700 ι
2852 645 2939 701 fiet
2976 642 3229 699 Kalendis
3262 641 3544 700 Februariis
3572 646 3635 702 fe-

2127 741 2206 794 ria
2235 758 2305 796 IV.
2332 739 2460 794 Erat
2492 748 2669 794 autem
2688 755 2738 792 v.
2764 737 2933 807 Igitur
2962 751 3070 791 non
3096 743 3299 805 epacta:
3324 752 3374 789 vt
3404 736 3637 790 annicur-

2129 831 2321 895 rentis,
2355 830 2450 886 sed
2482 846 2551 884 vn
2590 829 2716 883 anni
2754 829 3034 898 sequentis
3066 824 3383 881 adhibenda:
3431 835 3559 893 sunt,
3589 838 3636 883 ut

2131 920 2266 977 feria
2293 939 2326 975 v
2347 920 2589 992 prodeat.
2625 919 2798 990 Hujus
2828 919 2907 974 rei
2939 933 3101 973 causa
3135 933 3203 974 ex
3229 918 3481 987 dispositu
3511 935 3638 989 regno

2132 1014 2324 1067 larium
2356 1012 2573 1083 petitur.
2604 1010 2738 1065 Nam
2767 1011 2811 1065 si
2850 1010 2918 1064 ab
2954 1009 3122 1079 Aprili
3156 1018 3335 1079 empta
3380 1012 3640 1080 progressio

2132 1120 2243 1159 non
2272 1104 2711 1174 interpellaretur
2736 1103 2789 1156 in
2825 1100 3100 1167 Januario,
3127 1111 3383 1169 essetque
3421 1101 3642 1169 regularis

2134 1198 2320 1267 hujus,
2365 1206 2425 1249 ut
2462 1210 2559 1265 par
2620 1203 2758 1260 erat,
2787 1210 2849 1256 ιι,
2902 1200 2955 1247 et
3008 1191 3284 1245 Februarii
3317 1207 3451 1250 v.e1
3478 1196 3643 1262 epact‘s

2136 1290 2333 1345 veteris
2379 1290 2528 1351 anni,
2585 1296 2640 1342 et
2695 1277 3040 1357 regularibus
3090 1285 3367 1339 Februarii
3412 1301 3519 1338 cum
3570 1305 3645 1339 m-

2138 1380 2296 1451 σταίᾳ
2324 1386 2803 1449 repraesentaretur
2822 1376 2951 1431 feria
2966 1377 3175 1446 quinta.
3193 1374 3346 1428 Nunc
3368 1376 3417 1428 in
3431 1373 3647 1431 Januario

2137 1487 2335 1526 novum
2368 1470 2646 1526 exordium
2689 1468 3121 1539 imprudentibus
3161 1467 3431 1535 obrepsit,
3483 1475 3535 1519 ut
3579 1484 3649 1522 re-

2139 1562 2343 1632 gularis
2387 1568 2704 1630 competens
2754 1574 2864 1611 uno
2908 1558 3224 1613 deminutus
3278 1557 3423 1611 ﬁeret
3454 1572 3486 1612 ι.
3516 1556 3583 1611 Ob
3608 1559 3650 1611 ill

2139 1665 2326 1726 epacta
2360 1656 2563 1710 unitate
2586 1652 2776 1723 major,
2808 1652 2862 1706 id
2892 1662 2974 1709 est
3015 1653 3146 1706 anni
3197 1651 3484 1722 sequentis,
3529 1659 3653 1705 antc-

2140 1748 2369 1801 vertitur

548 1835 770 1889 Isaarus
820 1833 1119 1889 monachus
1181 1834 1378 1899 prioris
1431 1833 1682 1906 Cumputi
1732 1836 1907 1907 capite
1952 1833 2041 1898 IV,
2072 1826 2116 1879 Β
2216 1838 2538 1909 Epactarum
2563 1850 2887 1901 annnarum,
2926 1837 3038 1891 sive
3061 1835 3494 1919 concurrentium
3535 1834 3658 1888 inve-

481 1922 781 1996 προσθετάς
810 1926 1073 1980 mensium
1101 1937 1261 1980 vocat
1291 1926 1800 1997 stautngquarum
1828 1925 2046 1997 epilogi-

483 2032 659 2072 smum
694 2015 885 2088 incipit
912 2017 980 2071 ab
1034 2017 1237 2087 Aprili;
1297 2033 1360 2072 ac
1418 2020 1685 2089 superiori
1720 2019 1797 2073 illi
1846 2019 2046 2073 rationi

485 2106 812 2179 suffragator
831 2108 1058 2163 accedit.
1090 2108 1299 2164 Etenim
1329 2119 1549 2179 epactas
1570 2110 1869 2180 cujuslibet
1895 2125 2047 2165 men-

485 2198 563 2255 sis
595 2199 877 2254 constituit
910 2197 1096 2254 feriam
1122 2200 1325 2254 ultimm
1354 2198 1459 2254 diei
1487 2201 1854 2255 antecedentis
1894 2201 2048 2272 cyclo

484 2290 680 2359 primo,
707 2305 829 2344 cum
866 2289 1042 2344 littera
1065 2300 1147 2345 cst
1177 2289 1239 2345 G.
1276 2290 1627 2347 Ostendimus
1656 2307 1818 2362 supra
1849 2307 1970 2362 cap.
2001 2290 2047 2348 γ

486 2380 699 2452 cyclum
731 2381 863 2436 solis
894 2380 1063 2437 lsaaci
1090 2381 1420 2451 respondere
1455 2399 1567 2436 xvn
1593 2381 1858 2447 Romano,
1889 2382 2048 2452 cujus

487 2471 682 2526 littera:
708 2478 835 2526 sunt
861 2470 973 2526 AG.
1010 2471 1193 2541 itaque
1221 2472 1475 2529 Octobris
1495 2472 1749 2529 Kalenda:
1778 2475 1829 2527 in
1860 2473 2048 2529 feriam

489 2564 781 2619 secundam
814 2564 1095 2631 incidunt;
1128 2574 1181 2621 et
1213 2566 1340 2636 quia
1378 2566 1499 2621 dies
1552 2565 1742 2619 ultima
1805 2562 2049 2636 Septem-

491 2656 606 2712 bris
630 2655 735 2711 fuit
776 2656 910 2711 feria
943 2657 1138 2727 prima,
1168 2656 1297 2712 hinc
1336 2665 1541 2728 cpactre
1567 2655 1820 2712 Octobris
1852 2665 1981 2712 sunt
2007 2673 2047 2723 r,

487 2757 690 2817 cpactze
752 2742 1071 2803 Novembris
1105 2764 1178 2812 tv,
1216 2758 1418 2817 epacta:
1457 2747 1701 2803 Januarii
1733 2763 1796 2810 ιι,
1831 2763 1929 2802 nec
1962 2748 2049 2801 in-

489 2840 847 2910 terrumpitur
871 2854 936 2893 eo
967 2855 1151 2895 mense
1178 2840 1373 2894 calculi
1419 2840 1763 2912 progressio;
1802 2848 1860 2895 ut
1906 2838 2050 2910 apud

490 2933 803 2990 Maximum.
836 2934 973 2989 Vide
1002 2945 1164 3002 caput
1197 2930 1263 2984 IV
1288 2931 1459 2986 lsaaci
1493 2932 1768 2985 monachi.

561 3024 877 3095 Sequuntur
907 3039 1173 3078 annorum
1199 3030 1422 3090 cpactze,
1473 3036 1609 3089 quos
1661 3026 2050 3077 concurrentes

493 3113 724 3168 Romani
779 3120 1186 3183 computatores
1213 3116 1429 3164 vocant.
1461 3107 1557 3162 Est
1585 3116 1763 3161 autem
1795 3106 2049 3162 residuus

491 3204 750 3259 feriarum
778 3218 1038 3256 numerus
1064 3218 1130 3256 ex
1160 3215 1305 3254 anno
1358 3198 1717 3253 antecedenti.
1751 3196 1822 3252 Ut
1871 3198 1916 3252 si
1943 3212 2044 3252 an-

492 3313 596 3353 nus
648 3298 919 3367 primusa
950 3295 1081 3349 feria
1136 3295 1310 3365 prima
1337 3293 1594 3364 incipiat,
1652 3293 1876 3348 ultimus
1930 3293 2048 3350 dies

496 3389 608 3445 erit
634 3389 768 3443 feria
803 3390 975 3459 prima
998 3405 1013 3455 ;
1035 3386 1262 3458 proinde
1300 3396 1503 3456 epactze
1533 3385 1759 3441 secundi
1790 3384 1919 3439 anni
1945 3386 2050 3441 erit

494 3479 697 3543 unitas,
754 3484 807 3532 et
839 3478 912 3531 ita
936 3476 1215 3546 deinceps.
1241 3474 1467 3546 Cyclum
1498 3475 1729 3530 solarem
1784 3471 2050 3528 Maximus

491 3570 705 3625 orditur
731 3570 802 3624 ab
843 3567 1091 3622 Romano
1151 3582 1227 3630 vt,
1284 3564 1443 3635 cujus
1497 3566 1672 3621 littera
1735 3564 1802 3621 G.
1836 3562 2052 3618 Primus

493 3661 700 3716 mensis
737 3668 820 3716 est
867 3660 1087 3728 Aprilis.
1156 3656 1326 3730 Igitur
1375 3657 1530 3729 cyclo
1575 3658 1751 3728 primo
1795 3655 2053 3712 Kalendis

493 3751 769 3822 Aprilibus
815 3751 1052 3806 esttei'ia
1102 3751 1298 3821 prima.
1354 3747 1567 3819 Epactze
1598 3756 1725 3804 sunt
1770 3763 1880 3815 vn;
1929 3761 2054 3802 nam

492 3849 697 3914 epacta:
747 3849 875 3899 sunt
926 3842 1061 3897 feria
1113 3840 1290 3895 ultimi
1347 3840 1452 3895 diei
1508 3840 1864 3911 praecedentis
1904 3840 2052 3893 anni.

493 3936 640 3990 Anni
675 3935 902 3991 secundi
942 3943 1145 4004 epactte
1194 3945 1322 3989 sunt
1356 3952 1392 3998 ι,
1424 3934 1571 3989 tertii
1626 3942 1753 3989 sunt
1790 3948 1850 3997 n,
1876 3933 2057 4003 quarti

494 4037 718 4092 sunttv,
744 4039 964 4098 propter
986 4026 1295 4081 bisextilem
1347 4026 1513 4080 diem.
1546 4024 1683 4078 Cum
1741 4025 1885 4079 cnim
1925 4037 2060 4076 eone

494 4121 833 4176 currentium
890 4119 1096 4190 epocba
1149 4135 1178 4174 a
1219 4118 1413 4173 Martio
1446 4119 1534 4173 vel
1586 4117 1757 4187 Aprili
1805 4116 2058 4179 sumitur,

496 4211 730 4281 simplex
753 4214 838 4266 est
856 4218 1071 4281 epacta.
1096 4210 1191 4266 sed
1219 4225 1250 4263 a
1280 4209 1543 4267 Januario
1559 4208 1881 4263 ineuntibus
1899 4206 2061 4261 annis

494 4305 693 4377 duplex
727 4305 1049 4369 assumitur,
1078 4312 1137 4358 ut
1165 4305 1219 4358 in
1247 4303 1494 4358 Romano
1549 4309 1808 4371 computo
1862 4299 2063 4370 duplex

494 4399 675 4453 littera
699 4398 838 4453 solet
863 4408 1041 4452 esse‘:
1073 4410 1306 4466 quarum
1330 4395 1482 4464 prior
1510 4408 1541 4447 a
1570 4391 1831 4447 Kalendis
1861 4390 2063 4445 Janua-

2151 1931 2379 2001 stigatio
2410 1927 2568 1984 aliter
2595 1942 2624 1981 a
2658 1926 2892 1981 Maximo
2932 1928 3258 1998 proponitur
3292 1927 3460 1996 capite
3502 1924 3657 1979 XXIX.

2147 2019 2358 2086 Quotus
2385 2028 2465 2075 est
2487 2023 2672 2094 cyclus
2694 2026 2843 2087 anni,
2880 2021 2972 2094 qui
3007 2019 3293 2088 quaeritur,
3324 2016 3529 2070 totidem
3549 2016 3659 2078 dies.

2148 2126 2258 2165 uno
2275 2112 2512 2182 dempto,
2547 2116 2687 2168 sumi
2715 2113 2974 2185 praecipit.
3000 2109 3121 2164 Inde
3145 2108 3416 2178 cyclorum
3437 2105 3660 2165 omnium,

2151 2205 2298 2257 nullo
2327 2212 2599 2274 exempto,
2649 2221 2933 2261 numerum
2974 2217 3069 2272 per
3098 2199 3133 2252 4
3165 2196 3353 2270 partiri
3386 2213 3398 2248 :
3449 2196 3577 2265 quod
3611 2212 3662 2249 ex

2148 2292 2417 2350 divisione
2441 2296 2689 2365 provenit
2730 2292 2798 2349 ad
2836 2291 3176 2362 superiorem
3238 2300 3493 2343 summam
3543 2283 3667 2338 addi-

2149 2392 2286 2448 tum,
2327 2393 2547 2455 totoque
2567 2402 2660 2455 per
2690 2386 2720 2439 7
2752 2386 2970 2457 partito,
3023 2381 3296 2449 reliquum
3335 2380 3435 2431 erit
3488 2384 3665 2445 epacta,

2148 2476 2294 2530 velsi
2326 2476 2563 2546 supersit
2596 2477 2750 2538 nihil,
2784 2471 3126 2544 septenarius
3160 2469 3298 2537 ipse.
3321 2462 3477 2522 Verbi
3505 2465 3667 2536 gratia,

2150 2579 2464 2637 quaerantur
2485 2575 2687 2637 epactae
2712 2566 2838 2620 anni
2861 2580 3006 2619 xxvi.
3036 2561 3118 2617 Ob
3140 2561 3325 2631 cyclos
3358 2576 3459 2614 xxv
3482 2567 3669 2628 practer-

2153 2660 2259 2714 itos
2316 2675 2472 2715 sumo
2520 2658 2638 2713 dies
2674 2657 2764 2722 ‘25,
2801 2665 2914 2712 tum
2946 2656 3129 2709 divido
3157 2653 3228 2707 26
3279 2668 3372 2723 per
3420 2650 3471 2714 4,
3514 2666 3672 2720 prove-

2154 2752 2311 2805 niunt
2335 2752 2387 2806 6.
2418 2751 2762 2821 Colliguntur
2794 2749 2846 2802 3.
2876 2747 3004 2802 item
3040 2747 3184 2814 cyeli
3214 2745 3347 2799 solis
3386 2740 3451 2796 28
3491 2747 3672 2810 epactas

2153 2842 2228 2895 ita
2251 2842 2527 2897 conficies.
2568 2838 2864 2910 Capqdies
2914 2838 2984 2891 27
3017 2837 3085 2892 ob
3132 2840 3438 2889 transactos
3487 2831 3670 2886 totidem

2152 2935 2357 3005 cyclos,
2412 2934 2606 2988 deinde
2630 2932 2699 2987 28
2726 2931 2911 3002 cyclos
2946 2930 3115 3000 ipsos,
3154 2928 3306 2982 nullo
3334 2927 3559 2979 detracto
3576 2936 3673 2992 par-

2154 3025 2257 3079 tire
2277 3040 2373 3094 per
2401 3024 2456 3090 4,
2476 3032 2529 3078 et
2548 3031 2775 3093 septem,
2799 3023 2892 3093 qui
2912 3022 3034 3076 inde
3057 3026 3368 3074 nascuntur
3385 3016 3511 3070 adde
3529 3014 3585 3067 ad
3600 3012 3671 3076 27,

2153 3133 2218 3171 ac
2241 3132 2508 3172 summam
2547 3115 2615 3170 54
2641 3114 2820 3170 divide
2843 3128 2939 3184 per
2970 3111 3019 3168 7.
3041 3112 3322 3167 Exsistcnt
3358 3116 3547 3178 epacta:
3573 3103 3674 3158 anni

2152 3208 2324 3263 ultimi
2375 3224 2446 3260 vr.
2508 3206 2678 3276 llujus
2753 3204 2990 3260 methodi
3044 3205 3330 3273 perspicua
3399 3198 3528 3255 ratio
3592 3204 3674 3279 est.

2149 3297 2283 3352 Nam
2305 3300 2510 3370 cpactis
2533 3297 2705 3352 ultimi
2742 3312 3007 3351 annorum
3060 3295 3180 3349 dies
3235 3296 3559 3347 accrescunt.
3579 3285 3679 3341 Ideo

2150 3406 2275 3444 cum
2327 3390 2566 3445 nondum
2616 3390 2861 3460 expletus
2898 3397 2981 3443 est
3022 3388 3317 3443 vicesimus
3369 3391 3576 3439 octavus
3602 3393 3675 3431 an‘

2154 3496 2282 3545 nus,
2331 3480 2539 3535 nullam
2589 3480 2645 3534 in
2693 3494 2983 3534 commune
3034 3478 3337 3550 symbolam
3367 3474 3576 3530 confert.
3603 3468 3681 3523 Ve’

2155 3589 2273 3628 rum
2306 3574 2433 3644 quia
2464 3580 2588 3643 post
2616 3573 2885 3629 bisextum
2918 3571 3132 3641 incipit,
3158 3569 3282 3624 ideo
3316 3565 3566 3622 bisextilis
3589 3562 3681 3631 ipse

2156 3666 2275 3720 dies
2306 3664 2529 3719 ccditin
2574 3678 2863 3719 summam.
2917 3659 3214 3731 Propterea
3266 3659 3414 3712 nullo
3452 3655 3679 3710 detracto,

2159 3758 2216 3812 lit
2247 3758 2523 3829 cyclorum
2566 3755 2806 3809 omnium
2855 3753 3070 3808 divisio.
3124 3750 3239 3804 liae
3277 3746 3517 3803 methodo
3542 3743 3684 3798 utitur

2159 3850 2379 3904 lsaacus
2408 3853 2650 3919 Argyrus
2694 3848 2871 3918 capite
2922 3845 3014 3901 Ill.
3082 3843 3366 3899 Postremo
3426 3853 3519 3893 ncc
3575 3833 3681 3888 illud

2161 3943 2440 4006 omittam;
2475 3940 2579 3996 etsi
2614 3939 2861 3994 Romano
2892 3953 3042 3992 more
3100 3935 3371 3990 bisextilis
3402 3932 3511 3986 dies
3557 3928 3684 3981 infin-

2160 4033 2323 4088 dalur
2354 4032 2494 4086 inter
2535 4046 2663 4084 xxrv
2718 4037 2774 4083 et
2824 4045 2930 4082 xxv
2974 4027 3294 4093 Februarii;
3348 4024 3565 4090 indeque
3592 4018 3681 4070 fio-

2162 4141 2324 4180 mano
2348 4126 2452 4178 ritu
2490 4138 2627 4178 nova
2655 4122 2834 4177 littera
2857 4119 3148 4186 succedat;
3178 4116 3519 4173 nihilominus
3560 4111 3683 4165 Isaa-

2164 4232 2287 4272 cum
2312 4215 2612 4271 bisextilem
2640 4214 2782 4269 diem
2804 4228 2929 4269 eum
2957 4219 3173 4282 putare,
3209 4210 3299 4278 qui
3323 4216 3404 4263 est
3429 4202 3684 4258 vicesimus

2165 4323 2364 4371 nonus,
2394 4314 2446 4361 et
2471 4307 2727 4373 ultimus;
2755 4305 2831 4359 uti
2858 4310 3055 4375 quarto
3077 4301 3259 4371 capite
3290 4300 3536 4358 declarat,
3562 4290 3683 4361 quod

2166 4408 2219 4453 et
2242 4399 2378 4452 alios
2415 4397 2737 4452 observasse
2788 4393 3157 4457 meminimus,
3190 4392 3300 4445 imo
3351 4390 3416 4443 ab
3446 4380 3683 4441 nonnullis

497 4489 599 4544 riis
621 4487 688 4542 ad
719 4488 990 4543 bisextum
1019 4492 1341 4555 usurpatur;
1363 4484 1630 4555 posterior
1674 4483 1798 4538 inde
1844 4482 1910 4535 ad
1946 4498 2049 4536 ver-

2165 4491 2220 4544 in
2259 4488 2507 4543 Martium
2540 4503 2661 4543 esse
2703 4478 3046 4541 translatum.
3082 4480 3156 4537 De
3206 4496 3317 4553 quo
3349 4479 3461 4533 vide
3486 4489 3592 4547 qua:
3630 4470 3683 4524 li-

497 4587 701 4633 tentem
751 4593 975 4632 annum.
1016 4576 1229 4647 Epactaa
1277 4591 1373 4644 per
1404 4582 1575 4628 totum
1633 4574 1846 4644 cyclum
1900 4573 2061 4628 anuis

497 4669 729 4742 singulis
773 4677 1137 4740 congruentes
1190 4667 1451 4723 describit
1500 4666 1768 4720 Maximus
1825 4664 1880 4718 in
1920 4672 2058 4728 rota,

498 4777 661 4832 quam
712 4763 893 4832 capite
950 4761 1127 4832 primo
1174 4759 1499 4829 posuimus:
1535 4772 1635 4812 nec
1681 4754 1915 4811 diflicilis
1980 4762 2065 4810 est

500 4855 716 4911 method
724 4872 808 4911 us.

569 4950 825 5017 Quamvis
891 4957 1071 5002 autem
1126 4946 1392 5000 Maximus
1452 4957 1677 5009 annum,
1742 4942 2063 5013 cyclumque

500 5042 734 5097 solarem
793 5040 863 5095 ab
914 5039 1086 5110 Aprili
1148 5037 1390 5107 incipiat,
1456 5046 1510 5091 et
1557 5035 1851 5090 Januarius
1914 5048 2065 5087 men—

500 5137 578 5190 sis
605 5134 851 5189 decimus
870 5133 962 5198 sit,
999 5133 1054 5187 in
1089 5134 1300 5186 ratione
1349 5141 1526 5185 tamen
1579 5129 1685 5183 τῶν
1731 5132 2064 5201 ἡμεροευρε-

502 5226 619 5279 σίου
645 5227 701 5280 in
735 5226 839 5280 hoc
873 5240 1079 5286 mense,
1103 5234 1155 5279 et
1180 5223 1395 5278 duobus
1442 5221 1797 5291 sequentibus
1842 5227 2065 5289 epactas

503 5320 733 5374 assumit
757 5318 877 5387 ejus
911 5318 1036 5371 anni
1073 5359 1088 5384 ,
1125 5316 1216 5385 qui
1249 5331 1423 5370 novus
1455 5314 1525 5368 ab
1576 5312 1739 5383 Aprili
1780 5311 2021 5367 succedit
2049 5326 2061 5362 ε

501 5413 577 5463 uti
604 5412 781 5480 capite
812 5408 929 5463 XIX
959 5409 1243 5479 significat.
1276 5407 1624 5477 Exemplum:
1656 5420 1831 5459 annus
1875 5403 2065 5457 Adami

501 5501 645 5555 61⁸53
667 5502 790 5555 iniit
820 5516 849 5555 a
879 5501 1138 5557 Kalendis
1160 5501 1437 5570 Aprilibus
1469 5498 1597 5552 anni
1627 5495 1827 5550 Christi
1869 5508 2065 5556 tochI,

503 5591 657 5662 cyclo
691 5590 936 5646 Romano
965 5609 1040 5655 Vl,
1062 5594 1243 5646 littera
1277 5589 1340 5644 ϐ.
1375 5590 1572 5661 Cyclus
1600 5603 1729 5658 ergo
1753 5585 2067 5642 Constantis

502 5685 854 5754 nopolitanus
885 5686 934 5739 ei
966 5683 1342 5755 respondensr
1382 5683 1575 5738 iisdem
1631 5680 1888 5735 Kalendis
1921 5677 2061 5732 iniit.

508 5775 690 5838 Quare
717 5771 997 5837 Januario,
1022 5773 1342 5839 Februario,
1380 5788 1439 5825 ac
1464 5771 1656 5825 Martio
1674 5772 1850 5825 locum
1891 5769 2064 5823 adhuc

2161 4581 2261 4634 bro
2287 4578 2383 4643 iV,
2415 4594 2535 4648 cap.
2566 4575 2684 4641 Xll,
2721 4576 2787 4629 ad
2834 4574 3023 4630 Caleni
3055 4573 3235 4628 locum
3273 4569 3465 4625 ibidem
3509 4563 3685 4617 descri-

2166 4679 2317 4740 ptum
2348 4668 2852 4723 animadvertimus.

2741 4776 2969 4835 CAPUT
3001 4774 3140 4830 Vill.

2172 4872 2489 4940 Explicatur
2508 4867 2777 4940 melltodus
2799 4867 2949 4940 (nuru
2970 4867 3023 4918 in
3061 4871 3299 4940 computo
3320 4856 3550 4914 Maximi,
3567 4939 3573 4940 γ

2243 4921 2625 4996 ﬁnalitatis.
2657 4921 2879 5006 Epacta:
2932 4935 3088 4998 (mne,
3138 4921 3459 5002 ejusdemque
3508 4921 3685 4990 regula-

2236 5029 2339 5074 res,
2370 5022 2417 5065 ct
2448 5010 2721 5063 ambarum
2741 5007 3065 5077 propagatio.

2236 5127 2345 5182 Pro
2392 5125 2620 5182 diversis
2676 5121 2986 5178 Grmcorum
3051 5118 3174 5172 aeris
3240 5130 3303 5169 ac
3357 5106 3602 5179 computis
3626 5101 3683 5154 ab

2168 5219 2299 5273 orbe
2336 5217 2575 5279 condito,
2600 5215 2737 5268 varii
2772 5213 2953 5267 itidem
2985 5210 3123 5282 eycli
3155 5215 3280 5265 sunt
3312 5205 3438 5260 solis
3459 5216 3515 5253 ac
3535 5198 3679 5250 lunae:

2167 5317 2592 5380 epactarumque
2672 5304 3095 5375 colligendarum
3175 5298 3320 5353 varia
3385 5289 3679 5380 methodus:

2169 5415 2331 5471 quam
2366 5401 2431 5453 ad
2480 5400 2716 5463 unicam,
2770 5398 3179 5467 simplicemque
3238 5389 3473 5458 redigere
3497 5377 3679 5471 potuisf

2171 5469 2319 5557 sent;
2353 5491 2397 5545 si
2433 5490 2500 5543 ad
2560 5491 2827 5542 labentem
2882 5500 3084 5541 annum
3133 5469 3680 5563 computisuialiquot

2170 5597 2342 5637 annos
2365 5580 2653 5641 adderent:
2701 5594 2801 5633 nec
2830 5592 2947 5632 eam
3005 5572 3433 5631 commoditatem
3462 5567 3675 5634 persequi

2170 5672 2410 5737 mallent,
2438 5680 2495 5725 ut
2532 5685 2652 5725 tera:
2694 5685 2803 5725 suae
2828 5682 3037 5723 summa
3067 5679 3160 5735 per
3212 5660 3473 5732 cyclorum
3518 5658 3676 5705 nume-

2173 5780 2295 5820 rum
2347 5763 2661 5829 distributa,
2721 5761 2975 5833 proprius
3038 5758 3299 5827 eujusque
3350 5747 3469 5805 anni
3523 5736 3677 5814 ciem
