3948 6264
266 442 569 496 exsisteret.
601 429 673 489 Ut
708 431 766 486 in
792 427 1039 485 Romano
1065 428 1321 493 computo
1348 433 1470 475 aera:
1495 412 1724 476 Christi,
1749 408 1819 463 ad
1848 415 1893 470 Α

267 531 539 603 cyclorum
562 531 981 596 epactarumque
1007 514 1339 576 methodum,
1355 511 1615 566 unitatem
1642 500 1827 573 adjici-

267 595 386 675 raus
414 638 433 686 ;
461 595 635 686 neque
668 614 814 669 solos
860 624 981 665 sene
1028 621 1201 661 annos
1237 602 1571 658 adhibemus.
1631 595 1690 649 In
1718 607 1827 663 quo

268 702 444 757 Latini
495 716 687 757 omnes
731 697 1098 755 consentiunt.
1129 695 1188 748 In
1217 691 1377 748 annis
1423 703 1555 744 vero
1610 681 1824 747 mundi,

267 793 487 849 tametsi
516 805 769 863 magnum
817 789 961 843 inter
1001 785 1363 855 chronologos
1399 780 1696 835 discrimen
1745 774 1830 827 in-

268 885 545 952 tercedat;
601 898 666 938 ac
722 884 880 950 longe
908 879 1093 950 plures
1121 877 1243 932 aliis
1282 874 1373 928 alii
1407 873 1723 930 numerent;
1762 864 1831 919 de

276 977 447 1048 cyclis
503 985 705 1039 tamen,
758 973 1075 1044 epactisque
1123 983 1313 1025 omnes
1372 966 1515 1019 inter
1547 977 1607 1017 se
1636 972 1833 1015 conve-

271 1069 432 1123 niunt
457 1082 470 1118 :
494 1064 639 1135 quod
662 1063 754 1134 qui
786 1060 1024 1134 plurium
1075 1070 1339 1113 annorum
1368 1065 1636 1110 summam
1682 1046 1835 1102 insti—

273 1167 457 1225 tuunt,
475 1157 545 1212 ad
561 1156 775 1210 illorum
802 1151 1112 1208 methodum
1129 1151 1525 1220 competentem
1546 1154 1833 1195 numerum

273 1250 565 1321 adjiciunt,
584 1247 663 1302 sic
691 1254 750 1300 ut
783 1258 993 1301 summa
1015 1257 1110 1312 per
1135 1240 1318 1310 cyclos
1347 1238 1586 1306 integros
1608 1245 1613 1253 '
1637 1230 1833 1295 divisa,

273 1342 437 1396 iidem
488 1336 791 1392 labentium
826 1333 954 1387 anni
982 1332 1260 1404 cyclorum
1278 1327 1421 1400 apud
1443 1340 1633 1381 omnes
1659 1322 1842 1379 orian-

274 1440 383 1487 tur.
416 1427 659 1498 Exempli
691 1440 885 1489 causa;
925 1439 1028 1481 nos
1062 1425 1129 1479 ab
1145 1422 1278 1478 orbe
1301 1418 1519 1477 condito
1546 1418 1614 1473 ad
1636 1431 1837 1471 annum

275 1523 510 1594 primum
534 1535 655 1575 aera:
684 1515 989 1572 communis
1011 1523 1268 1586 putamus
1298 1526 1473 1567 annos
1489 1509 1650 1574 5984,
1685 1508 1758 1562 ita
1782 1513 1840 1560 ut

279 1616 506 1672 ultimus
554 1613 627 1669 sit
673 1612 781 1677 ille,
834 1624 994 1682 quem
1047 1607 1284 1677 primum
1333 1603 1541 1659 Christi
1585 1600 1838 1655 facimus.

276 1704 440 1761 A'lius
463 1718 641 1759 annos
661 1708 914 1757 numerat
949 1698 1119 1762 5950,
1140 1709 1199 1752 ut
1224 1696 1488 1766 Scaliger.
1525 1691 1584 1747 Si
1614 1707 1716 1746 nos
1743 1706 1842 1761 op-

278 1796 593 1868 portunitas
623 1795 727 1849 ista
749 1794 1060 1859 delectaret,
1092 1798 1152 1845 ut
1197 1803 1265 1845 ea
1287 1802 1522 1853 summa,

282 1889 493 1945 Adamo
521 1889 829 1951 delinimus,
851 1886 1076 1956 praecise
1098 1883 1412 1947 distributa,
1430 1878 1566 1949 cycli
1599 1876 1846 1931 labentes

279 1978 623 2036 eﬂlcerentur
661 1998 675 2034 :
708 1980 867 2033 annis
917 1975 1057 2031 5984
1082 1990 1178 2046 ρει·
1207 1974 1277 2029 28
1322 1971 1558 2044 partitis,
1601 1970 1846 2038 reliquus

280 2080 434 2126 esset
463 2073 649 2142 cyclus
668 2070 801 2125 solis
831 2084 963 2135 vui;
991 2083 1087 2138 per
1121 2066 1188 2122 19
1231 2081 1363 2121 vero
1393 2062 1619 2128 divisis;
1662 2061 1848 2133 cyclus

284 2164 431 2219 lunae
454 2179 576 2229 xm,
609 2164 690 2221 sic
712 2179 781 2219 ex
803 2161 1070 2217 divisione
1101 2173 1369 2214 annorum
1390 2156 1551 2219 5950,
1590 2154 1724 2210 solis
1758 2168 1849 2209 es-

281 2264 371 2312 set
402 2257 588 2329 cyclus
622 2273 681 2321 ιι,
720 2258 862 2311 lunae
891 2270 1024 2310 xvu.
1049 2255 1119 2308 At
1144 2260 1263 2308 erat
1294 2250 1575 2305 Romanus
1606 2248 1739 2304 solis
1766 2262 1853 2319 cy-

283 2350 408 2404 clus
430 2366 485 2411 x,
518 2349 728 2403 lunaris
760 2363 821 2413 ιι,
845 2361 989 2401 anno
1014 2346 1190 2416 primo
1234 2357 1357 2398 terte
1393 2340 1741 2403 Christianae,
1792 2338 1848 2392 in

284 2456 451 2511 quem
476 2439 691 2509 utrique
717 2438 1117 2507 conspiramus.
1169 2434 1339 2506 Igitur
1364 2433 1431 2488 ad
1459 2431 1729 2489 eruendos
1759 2446 1854 2501 cy-

281 2532 427 2595 clos,
464 2529 705 2601 Scaliger
730 2530 764 2584 8
794 2529 944 2584 addit
970 2528 1037 2582 ad
1068 2542 1372 2593 summam;
1404 2532 1464 2580 ut
1493 2523 1635 2580 5958
1664 2539 1763 2595 ρει·
1782 2522 1852 2577 28

283 2623 506 2692 partitis
536 2623 723 2694 cyclus
756 2622 888 2677 solis
910 2620 1299 2682 inveniaturx;
1342 2617 1675 2672 adlunarem
1703 2629 1850 2677 vero,

283 2714 561 2784 Ladjicit;
606 2721 666 2768 ut
707 2713 846 2768 5951
878 2726 975 2783 ρει·
1018 2712 1083 2766 19
1115 2710 1361 2774 tributis,
1408 2709 1638 2766 exsistat
1659 2708 1849 2780 cyclus

287 2807 437 2861 lunae
462 2823 520 2862 II.
544 2806 653 2863 Nos
680 2807 746 2862 ad
770 2804 1082 2861 methodum
1105 2804 1245 2875 cycli
1270 2802 1467 2860 solaris
1494 2800 1784 2870 adjicimus
1798 2799 1854 2866 2,

291 2897 363 2950 ad
400 2898 542 2952 luna:
561 2898 796 2968 cyclum.
833 2898 887 2951 8.
915 2895 994 2951 Ita
1041 2894 1234 2950 divisis
1265 2895 1426 2949 annis
1450 2892 1594 2948 3986‘
1637 2908 1733 2962 per
1763 2891 1854 2956 28,

265 2989 575 3052 .residuum
621 2989 727 3044 erit
773 2989 862 3049 10,
902 3003 998 3058 ρει·
1028 2986 1095 3042 19
1124 2995 1305 3040 autem
1331 2984 1527 3040 divisis
1556 2984 1719 3049 5992,
1769 2999 1858 3039 re-

292 3088 444 3135 stant
467 3079 523 3135 2.
551 3077 641 3134 Sic
674 3078 1077 3134 incommodam
1119 3077 1268 3130 illam
1315 3077 1596 3147 cyclorum
1623 3074 1857 3129 varieta-
1885 3110 1930 3168 ϐ

291 3179 407 3225 tem
434 3168 758 3225 Latinorum
789 3170 1030 3241 compnti
1060 3169 1129 3224 ab
1146 3169 1280 3223 orbe
1312 3167 1558 3230 condito,
1613 3180 1677 3220 ac
1703 3166 1864 3222 chro-

294 3263 532 3334 nologiae
563 3263 847 3319 devitant:
880 3277 1042 3333 quam
1095 3259 1328 3317 Graeculi
1374 3261 1538 3316 nimis
1580 3260 1867 3316 ambitiose

295 3352 600 3408 consectati
634 3358 782 3407 sunt.

368 3443 506 3499 Cum
543 3440 652 3498 duo
679 3442 788 3498 sint
822 3438 1135 3496 Graecorum
1175 3434 1558 3510 co’mputorum
1611 3438 1863 3502 divortia,

298 3543 360 3590 ut
383 3549 524 3605 saepe
571 3534 732 3590 nobis
788 3547 1016 3588 necesse
1046 3542 1130 3587 est
1156 3538 1438 3600 repetere;
1472 3538 1526 3586 ct
1580 3530 1869 3598 utriusque

297 3626 578 3700 principes
604 3624 710 3680 hoc
749 3624 804 3679 in
831 3638 997 3694 opere
1023 3638 1054 3677 a
1083 3621 1243 3677 nobis
1270 3621 1401 3677 editi
1429 3620 1559 3685 duo,
1596 3618 1868 3676 Maximus

294 3723 357 3774 et
388 3715 639 3777 Isaacus;
689 3729 757 3771 ex
807 3724 1040 3782 utroque
1098 3713 1473 3782 dcprornptam
1531 3710 1868 3780 singulorum

298 3809 570 3864 rationem
595 3804 787 3878 paucis
815 3804 1245 3875 explicabimus;
1284 3819 1346 3858 ac
1374 3803 1604 3873 primum
1626 3800 1866 3857 Maximi.

298 3901 363 3957 Is
390 3900 815 3956 Alexandrinam
870 3911 1033 3952 seram
1081 3896 1356 3966 sequitur;
1408 3894 1464 3948 in
1520 3909 1627 3965 qua
1664 3893 1871 3963 primus

300 4006 486 4047 annus
501 4006 622 4046 serae
637 3990 959 4045 Christianae
978 3995 1297 4042 numeratur
1321 3983 1460 4040 5195
1485 3999 1497 4035 :
1523 3998 1628 4054 qua
1658 3997 1872 4039 summa

303 4095 410 4156 per
434 4080 509 4135 28
530 4080 707 4135 divisa
735 4079 922 4150 cyclus
962 4075 1194 4133 efﬁcitur
1233 4074 1365 4129 solis
1396 4089 1429 4128 v
1452 4112 1466 4137 ,
1498 4088 1594 4142 per
1641 4072 1707 4127 19
1743 4085 1872 4125 vero

302 4171 508 4245 partita
558 4171 701 4226 lunae
747 4171 937 4241 cyclus
981 4167 1040 4223 2.
1095 4166 1223 4221 Erat
1260 4173 1440 4220 autem
1472 4163 1748 4219 Romanus
1781 4179 1872 4234 cy-

302 4267 431 4321 clus
454 4264 586 4321 solis
616 4278 670 4327 x,
701 4262 842 4317 luna:
872 4276 932 4317 ιι.
965 4260 1134 4332 Igitur
1164 4258 1351 4331 cyclus
1378 4256 1513 4311 solis
1538 4256 1594 4309 in
1631 4255 1735 4310 hac
1763 4269 1871 4308 a'ra

306 4359 542 4431 primus,
573 4366 656 4413 est
684 4353 916 4409 Romani
943 4352 1079 4425 cycli
1106 4367 1182 4415 vr,
1233 4349 1446 4405 lunaris
1476 4362 1608 4403 vero
1665 4346 1874 4401 utrobi-

307 4464 420 4521 que
452 4464 595 4505 unus
623 4454 727 4509 est,
760 4453 814 4502 ct
845 4445 1010 4502 idem.
1053 4443 1276 4517 Epocha
1305 4442 1457 4504 anni,
1492 4438 1739 4511 cyclique
1785 4438 1873 4492 lu-
1907 4445 1950 4499 ι)

310 4541 466 4597 naris
520 4541 665 4609 (nam
699 4537 766 4594 de
798 4538 963 4609 solari
993 4538 1105 4608 jam
1136 4530 1394 4605 diximus)
1423 4550 1453 4587 a
1478 4531 1713 4586 Maximo
1759 4537 1873 4584 sta-

313 4630 493 4684 tuitur
524 4606 576 4682 iu
605 4626 861 4683 Kalendis
884 4606 1108 4697 Aprilis.
1131 4624 1309 4694 Caput
1331 4618 1877 4678 enneadecaeteridos

315 4733 404 4779 est
426 4735 623 4775 aureus
650 4733 909 4773 numerus
935 4734 971 4771 I.
992 4716 1282 4772 Neomenia
1300 4715 1498 4784 prima,
1520 4709 1699 4789 Martii
1713 4725 1878 4764 xxm.

319 4813 507 4882 Itaque
529 4825 669 4865 anno
697 4811 872 4879 primo
893 4809 1030 4880 cycli
1086 4807 1318 4872 lunaris,
1362 4804 1622 4860 Kalendis
1678 4802 1879 4873 Aprilis

322 4901 450 4956 luna
473 4892 575 4954 fuit
599 4901 828 4955 decima.
872 4897 1011 4953 Hinc
1042 4908 1124 4954 est
1155 4897 1298 4969 quod
1335 4894 1607 4974 Maximus
1662 4901 1881 4962 epactas

324 4994 453 5048 anni
479 4989 863 5064 primilunaris
882 5008 934 5046 Ix
951 4989 1118 5046 fuisse
1148 4989 1340 5045 scribit
1361 5004 1481 5058 cap.
1514 4983 1727 5049 XXVII,
1755 4998 1885 5052 quo-
1937 5009 1945 5015 -

324 5086 470 5140 niam
506 5091 636 5139 mtas
675 5084 817 5136 lunae
866 5090 1019 5136 tanta
1073 5079 1173 5135 fuit
1222 5078 1398 5133 Martii
1431 5093 1598 5140 xxxi,
1639 5076 1733 5146 qui
1765 5074 1884 5129 dies

327 5191 502 5232 canon
529 5180 615 5230 est
646 5181 958 5244 epactarum
988 5172 1122 5228 solis
1151 5187 1215 5226 ac
1248 5173 1410 5232 lunae,
1433 5179 1489 5224 ut
1521 5169 1661 5223 idem
1696 5169 1769 5221 ait
1801 5183 1888 5220 ca-

328 5270 437 5340 pitc
483 5265 676 5322 XXXI.
710 5264 866 5334 Quod
921 5281 1031 5320 non
1074 5262 1512 5319 animadvertens
1563 5258 1803 5328 Scaliger
1833 5261 1887 5310 in

328 5360 486 5419 Notis
509 5360 578 5417 ad
615 5359 847 5431 Eclogas
871 5361 949 5430 (p.
978 5357 1082 5413 755
1124 5357 1259 5413 edit.
1305 5354 1430 5420 ult.)
1460 5352 1702 5415 Maximi,
1732 5358 1891 5420 puta-

329 5454 409 5508 vit
444 5451 694 5508 imminui
730 5452 941 5507 duabus
985 5450 1286 5505 unitatibus
1323 5460 1590 5503 summam
1629 5464 1643 5501 :
1674 5444 1818 5514 quod
1860 5460 1891 5496 a

333 5544 669 5613 temporibus
697 5543 901 5599 Christi
940 5543 1067 5596 luna
1098 5538 1321 5596 biduum
1351 5536 1729 5606 anticipasset,
1781 5550 1891 5605 quo

336 5635 473 5690 nihil
502 5634 803 5701 jocularius
830 5631 1130 5702 excogitari
1186 5628 1385 5701 potuit.
1422 5625 1529 5682 Sed
1561 5625 1628 5682 de
1662 5624 1765 5682 hoc
1806 5640 1893 5680 er-

337 5740 459 5785 rore
494 5725 604 5788 iam
631 5725 785 5781 alias.

1196 292 1654 358 DISSEBTATIO
1692 289 1780 345 DE
1817 274 2229 342 GIUECOBUM
2262 267 2463 330 ERIS.

3349 247 3369 301 1
3379 245 3480 302 459

1993 399 2151 468 Quod
2198 403 2379 451 autem
2424 391 2481 446 in
2522 383 2593 442 IX
2642 382 2716 437 De
2761 377 3002 434 doctrina
3051 383 3361 440 temporum,
3389 379 3481 418 ea-

1927 460 2041 566 pite
2067 489 2136 555 ν,
2162 484 2496 543 credidimus
2559 475 2848 532 Maximum
2886 470 3130 524 lunarem
3185 460 3481 566 προήγεσιϊ

1926 547 2179 641 διῑεείεεε
2205 577 2314 634 diei
2339 573 2500 629 unius
2524 585 2554 625 a
2578 564 2786 623 Nicaeni
2810 558 3027 617 concilii
3053 567 3316 626 tempore,
3338 547 3483 619 quod

1927 686 2190 733 canonem
2218 667 2395 723 aetatis
2422 664 2582 727 lunm,
2611 665 2771 726 atque
2785 659 3096 724 epactarum
3112 639 3487 700 constituisset

1930 767 1984 820 in
2018 779 2127 818 xxx
2159 756 2358 820 Martii,
2407 768 2518 809 non
2579 750 2637 803 in
2680 760 2843 810 xxxr;
2876 741 2953 796 uti
2983 752 3197 809 aequum
3245 738 3383 797 erat,
3411 726 3482 789 si

1928 858 2146 930 quidem
2177 849 2384 923 epoclia
2415 845 2544 900 anni
2576 844 2631 898 in
2659 836 2913 895 Kalendis
2946 831 3149 903 Aprilis
3178 828 3247 882 ab
3286 841 3352 930 eo

1932 913 2134 1020 (igitur,
2159 944 2299 1000 scito
2324 952 2568 995 errorem
2600 948 2742 995 esse,
2774 943 2936 1000 quem
2986 924 3283 992 depravata
3314 913 3488 971 Scali-

1931 1004 2046 1112 gEri
2095 1004 2260 1092 lectio
2306 1031 2468 1087 nobis
2518 1025 2745 1099 peperit,
2780 1019 2959 1092 quiin
3005 1010 3221 1082 Eciogis
3267 1004 3488 1061 Maximi

1934 1100 2080 1203 (pag.
2110 1127 2256 1198 759),
2281 1139 2418 1196 quas
2443 1120 2510 1176 ad
2544 1130 2698 1173 suam
2730 1118 2965 1167 mentem
2996 1100 3363 1176 interpolavit,
3382 1108 3492 1191 .nec

1937 1224 2128 1279 iisdem
2163 1222 2309 1274 illius
2335 1214 2514 1271 verbis
2541 1209 2845 1279 exprimere
2883 1200 3116 1263 curavit,
3167 1194 3492 1263 scripserat;

1946 1317 2012 1370 Ἡ
2044 1311 2276 1367 ποσταία
2300 1307 2400 1378 τῆς
2432 1303 2658 1374 σελήνης
2677 1299 2732 1350 ἐν
2757 1298 2824 1367 τῇ
2859 1289 3107 1364 τριακάδι
3126 1287 3218 1339 τοῦ
3251 1281 3494 1353 Μαρτίου

1939 1405 2128 1479 μηνός,
2154 1413 2257 1458 etc.
2288 1372 2442 1453 ’11-δὲ
2472 1372 2702 1448 ποοταία
2729 1388 2825 1457 τῆς
2868 1381 3158 1453 ἑϐδομάδος
3210 1375 3378 1479 κατὰ,

1936 1463 2207 1569 ἐρίαιξᾶδα
2236 1489 2461 1563 πρώτην
2513 1483 2605 1539 τοῦ
2634 1477 2796 1535 αὐτοῦ
2853 1475 3040 1548 μηνὸς,
3072 1470 3170 1533 τὰς
3196 1466 3293 1521 τοῦ
3325 1463 3496 1569 ἠξίου.

1942 1552 2046 1642 Sed
2081 1552 2384 1655 perperam.
2413 1575 2550 1630 Nam
2585 1568 2937 1628 scribendum
2994 1558 3240 1633 τριακάδι
3286 1552 3497 1628 πρώτῃ.

1945 1650 2281 1747 Sumpta'cst
2320 1672 2434 1726 haec
2461 1667 2645 1736 ecloga
2668 1678 2732 1716 ex
2761 1657 2938 1729 capite
2962 1652 3130 1708 XXXI
3163 1650 3350 1722 primae
3377 1660 3502 1715 par-

1564 1798 1728 1856 quam
1775 1748 1842 1836 ab
1875 1771 1916 1830 Β
1943 1775 2014 1829 tis
2035 1766 2287 1838 Computi
2314 1784 2327 1820 ε
2359 1765 2412 1818 in
2432 1774 2542 1833 quo
2563 1758 2662 1821 ita,
2696 1763 2754 1808 ut
2774 1750 2908 1816 dixi,
2932 1748 3148 1819 legitur.

2019 1862 2120 1917 llic
2158 1837 2312 1915 bidui
2356 1852 2602 1910 delectus
2635 1864 2730 1919 per
2759 1853 2934 1899 totum
2967 1840 3179 1912 cyclum
3212 1837 3355 1889 lunae
3384 1844 3507 1886 ser-

1945 1956 2061 2024 pit;
2089 1959 2143 2006 et
2170 1955 2376 2020 epactas
2400 1948 2661 2015 perpetuo
2687 1936 2902 1991 duobus
2931 1933 3171 1987 minores
3197 1933 3323 1982 sunt
3344 1936 3507 1992 quam

1946 2046 2225 2100 Romanae.
2269 2037 2514 2107 Exempli
2555 2046 2743 2095 causa,
2789 2027 2943 2101 cyclo
2990 2039 3078 2078 xxv
3120 2027 3322 2089 epactas
3359 2029 3511 2067 com-

1946 2151 2141 2195 munes
2177 2138 2306 2189 sunt
2350 2100 2713 2194 tv,—Maximo
2753 2138 2812 2188 ιι,
2857 2127 2917 2173 ιιι
2954 2119 3030 2171 ait
3068 2112 3246 2182 capite
3294 2100 3507 2160 XXVII.

1946 2227 2122 2297 Atque
2171 2223 2285 2277 hate
2326 2226 2642 2289 epactarum
2679 2207 2990 2285 progressio
3027 2199 3295 2259 naturalis
3326 2205 3431 2260 est,
3458 2203 3513 2249 et

1947 2305 2265 2389 epactarum
2322 2323 2634 2381 germanam
2676 2300 3046 2360 conditionem
3089 2290 3284 2349 retinet
3334 2308 3347 2343 :
3393 2302 3515 2357 quae

1950 2386 2034 2465 est
2076 2403 2367 2476 ejusmodi,
2412 2408 2471 2456 ut
2512 2397 2737 2455 totidem
2795 2392 3024 2465 quilibet
3076 2398 3252 2440 annus
3293 2386 3514 2452 epactas

1952 2503 2170 2563 habeat,
2195 2504 2328 2570 quot
2355 2502 2484 2550 sunt
2507 2489 2713 2548 residui
2744 2487 2862 2542 dies
2895 2498 2925 2536 a
2955 2478 3239 2536 neomenia
3271 2472 3517 2545 proxime

1954 2564 2305 2649 antecedente
2338 2587 2407 2641 ad
2436 2588 2565 2640 anni
2599 2586 2782 2651 caput.
2811 2575 2977 2648 Cyclo
3014 2574 3152 2626 luna:
3178 2584 3289 2630 xw,
3317 2564 3515 2619 Kalen-

1954 2685 2040 2741 dis
2081 2682 2284 2753 Aprilis
2325 2680 2454 2733 luna
2504 2673 2720 2729 Nicaeua
2769 2669 2872 2725 fuit
2905 2665 3089 2722 tertia.
3134 2661 3277 2731 Ergo
3315 2662 3516 2727 epacts:

1954 2776 2151 2833 merito
2190 2780 2320 2831 sunt
2361 2771 2418 2824 2.
2457 2768 2515 2823 In
2542 2768 2789 2822 Romano
2835 2766 3091 2829 computo
3135 2749 3377 2823 vulgaris
3407 2762 3518 2802 me-

1956 2868 2157 2924 thodus
2188 2867 2224 2921 4
2255 2869 2526 2919 numerat.
2558 2859 2634 2914 De
2661 2871 2768 2929 qua
2803 2853 2925 2910 vide
2954 2851 3051 2906 lib.
3082 2845 3149 2901 Vl
3183 2844 3259 2898 De
3279 2842 3523 2901 doctrina

1960 2969 2266 3028 temporum,
2283 2970 2405 3026 cap.
2426 2951 2614 3007 XXIII.

2030 3054 2358 3124 Epactarum
2428 3042 2877 3103 inveniendarum
2955 3033 3243 3092 methodus
3307 3032 3425 3084 haec
3493 3040 3521 3080 ο

1963 3123 2220 3210 Maximo,
2248 3141 2425 3213 capite
2442 3134 2657 3201 XXVII,
2692 3124 2931 3189 traditur
2958 3147 2973 3196 ;
3018 3127 3232 3199 cyclum
3262 3123 3406 3177 lunae
3432 3135 3519 3213 per

1965 3237 2218 3293 undecim
2241 3211 2423 3289 ducito
2456 3251 2470 3287 :
2506 3216 2778 3286 summam
2805 3222 3018 3279 binario
3049 3219 3315 3274 minutam
3348 3211 3522 3269 divide

1965 3345 2062 3400 per
2090 3328 2180 3387 50,
2216 3324 2384 3379 habes
2415 3328 2635 3393 epactas
2667 3317 2819 3381 anni,
2855 3314 3013 3383 cujus
3042 3310 3229 3382 eyclus
3267 3304 3522 3374 multipli-

1966 3396 2122 3474 catus
2143 3422 2247 3471 est.
2271 3413 2437 3485 Cyclo
2468 3413 2607 3466 luna:
2635 3425 2746 3472 xlv,
2776 3407 2823 3462 si
2856 3405 2922 3458 14
2952 3418 3049 3474 ρει·
3087 3401 3149 3455 11
3178 3396 3523 3465 multiplices,

1968 3511 2098 3565 Ilcnt
2126 3507 2247 3562 154.
2276 3503 2534 3560 Deductis
2557 3500 2613 3567 2,
2645 3515 2710 3554 ac
2733 3496 2953 3554 residuo
2977 3491 3079 3547 152
3111 3505 3205 3562 ρει·
3230 3488 3300 3542 50
3326 3485 3524 3545 diviso.

1969 3605 2266 3671 supersunt
2303 3597 2360 3660 2,
2397 3602 2600 3665 epactas
2631 3590 2770 3663 cycli
2808 3602 2923 3641 xiv.
2958 3582 3032 3639 Ut
3070 3598 3160 3637 res
3208 3586 3323 3634 tota
3358 3575 3522 3644 subji-

1969 3670 2145 3747 ciatur
2193 3687 2387 3752 oculis,
2426 3684 2681 3739 tabellam
2729 3677 3089 3743 aseribemus,
3119 3674 3175 3729 in
3208 3686 3316 3743 qua
3347 3670 3533 3740 cyclus

1971 3781 2181 3836 lunaris
2244 3777 2529 3847 adjunctus
2591 3772 2753 3827 habet
2813 3776 3035 3840 epactas
3088 3773 3199 3819 tam
3259 3752 3532 3817 Romanas

1970 3880 2023 3925 et
2043 3884 2382 3932 conununes,
2407 3879 2569 3937 quam
2587 3862 2920 3923 decurtatas,
2944 3868 2997 3913 et
3020 3855 3238 3911 Maximi
3261 3851 3537 3924 proprias.

2376 3951 2715 4007 Lalerculum
2748 3947 2881 4020 cycli
2909 3945 3134 4000 lunaris.

2262 4066 2404 4121 Anni
2576 4061 2793 4133 Epactae
2828 4057 2937 4111 Ro-
2965 4050 3377 4135 EpactaeMaxi-

2660 4146 2832 4184 [03112.8
3129 4138 3206 4177 ml

2114 4246 2130 4283 I
2703 4220 2765 4273 11
3162 4212 3196 4268 9

2117 4314 2153 4352 ιι
2700 4290 2773 4344 22
3125 4283 3197 4338 2ο

2116 4384 2176 4422 ιιι
2714 4359 2782 4414 ,5
3163 4355 3191 4406 1
3528 4364 3536 4401 ι

2120 4477 2171 4514 ιν
2710 4452 2780 4507 Η
3135 4445 3207 4498 12
3583 4471 3586 4473 λ

2117 4547 2149 4584 v
2704 4523 2776 4577 25
3128 4516 3200 4569 25

2116 4615 2171 4656 Vt
2748 4592 2784 4647 6
3169 4585 3204 4638 ιι

2117 4707 2193 4744 vn
2710 4683 2780 4736 17
3135 4674 3202 4726 15

2117 4775 2217 4815 vin
2711 4750 2783 4807 28
3125 4744 3197 4815 26

2118 4846 2173 4885 ix
2749 4822 2782 4876 9
3172 4814 3203 4866 7

2118 4937 2149 4974 x
2710 4912 2783 4968 20
3133 4910 3202 4962 18

2119 5005 2174 5043 ιιι
2750 4983 2778 5036 1
3136 4978 3206 5033 29

2120 5076 2198 5114 xu
2718 5052 2789 5107 12
3140 5049 3208 5101 10

2122 5168 2217 5208 xm
2719 5145 2791 5200 25
3141 5140 3205 5195 21

2126 5239 2215 5278 XIV
2756 5215 2791 5269 4
3126 5209 3130 5218 ί
3173 5210 3210 5264 2

2127 5309 2197 5348 xv
2720 5286 2786 5339 15
3139 5282 3209 5334 15

2130 5402 2216 5439 xvi
2724 5375 2795 5431 26
3140 5372 3210 5425 24

2134 5471 2243 5509 xvu
2757 5446 2788 5499 7
3176 5441 3212 5497 5

2134 5541 2262 5580 xvm
2729 5516 2796 5570 18
3143 5512 3211 5565 16

2136 5613 2225 5650 xIx
2578 5659 2589 5668 .
2764 5588 2799 5643 0
3142 5582 3212 5637 28

2066 5710 2147 5767 Ex
2195 5711 2284 5767 his
2324 5718 2461 5766 aetas
2510 5709 2654 5763 luna:
2701 5717 2888 5761 mense
2930 5698 3194 5773 quolibet,
3231 5711 3295 5753 ac
3341 5694 3430 5752 die
3470 5691 3546 5747 de
