3948 6264
550 282 676 340 1431

1533 279 1620 334 AD
1663 279 1928 335 EUSEBII
1967 279 2360 338 CHRONICON
2393 277 2753 336 APPENDIX.

3588 290 3693 348 115‘!

551 393 927 463 prehenditur.
955 393 1227 450 Maximus
1254 397 1432 466 capite
1456 395 1690 461 XXVIII,
1719 400 1790 453 ita
1827 399 1896 455 de
1921 401 2022 455 hac
2060 418 2120 456 re
2147 405 2193 461 Α
2224 407 2332 454 tur.
2385 401 2488 455 Sed
2542 401 2798 472 quoniam
2843 415 3104 455 numerus
3146 414 3398 455 annorum
3435 403 3576 472 hujus
3601 424 3693 466 rem

545 486 811 554 praecipit.
858 485 1096 542 Inventis
1139 490 1345 558 epactis
1380 489 1517 546 adde
1563 491 1680 546 dies
1726 506 1916 547 omnes
1947 507 1976 545 a
2005 491 2108 547 Ka-

544 577 690 639 lend.
715 577 919 648 Ap’rilis
949 578 1017 633 ad
1051 595 1198 642 eum,
1244 581 1401 647 cujus
1437 591 1568 636 aetas
1609 583 1928 653 inquiritur,
1958 603 2108 641 sum-

541 683 684 721 mam
733 671 937 739 partire
965 686 1062 740 per
1088 671 1157 726 29
1185 672 1306 743 1/2,
1333 674 1610 728 residuum
1641 675 1744 730 erit
1778 684 1910 732 artas
1943 678 2102 734 lunas.

542 757 667 815 Ilaec
695 762 984 817 methodus
1025 779 1241 820 morosa
1284 774 1386 828 est,
1422 781 1521 821 nec
1557 767 1706 823 utilis
1755 771 1931 839 vulgo,
1979 786 2102 838 pro-

539 861 662 919 pter
713 852 1000 922 adjunctos
1053 854 1304 909 horarios
1360 856 1730 927 epilogismos.
1786 857 2104 928 Expeditior

539 958 626 998 res
653 943 776 1008 erit,
823 945 870 999 si
902 947 1178 1016 regulares
1221 947 1480 1003 adhibeas
1518 968 1530 1003 :
1565 965 1793 1018 quorum
1837 967 2100 1020 propaga-

538 1035 742 1088 tionem
792 1035 1012 1092 Isaacus
1061 1038 1283 1107 exponit
1327 1039 1503 1109 capite
1533 1039 1621 1093 IX.
1652 1041 1888 1096 Possunt
1919 1051 2097 1096 autem

535 1123 742 1194 duplici
792 1128 952 1182 modo
996 1120 1284 1199 prOpagari
1335 1150 1348 1187 :
1401 1132 1552 1201 prior
1587 1139 1689 1196 est,
1731 1142 1790 1187 ut
1830 1136 2096 1204 regularis

534 1216 804 1287 cujusque
837 1220 1040 1274 mensis
1077 1236 1340 1276 numerus
1374 1221 1468 1286 sit,
1500 1224 1594 1293 qui
1623 1225 1774 1295 cyclo
1820 1227 1995 1295 primo
2027 1227 2094 1281 ad

533 1317 778 1377 epactam
807 1325 1039 1366 annuam
1073 1311 1341 1381 adjectus,
1373 1321 1585 1369 aetatem
1609 1316 1750 1370 luna:
1777 1319 2012 1386 complet
2038 1318 2093 1371 in

529 1398 790 1456 Kalendis
817 1403 1010 1472 ipsius.
1044 1405 1202 1458 Anno
1238 1406 1415 1475 primo
1449 1407 1608 1478 cycli,
1637 1417 1841 1477 epactm
1874 1411 2091 1467 lunares

529 1500 658 1545 sunt
689 1510 762 1555 ix,
797 1494 950 1550 deest
976 1498 1156 1552 unitas
1187 1498 1254 1551 ad
1289 1507 1502 1554 aetatem
1539 1501 1680 1556 lunae
1711 1503 2087 1572 complendam

527 1581 783 1639 Kalendis
821 1585 1139 1656 Aprilibus;
1174 1596 1259 1644 est
1289 1590 1434 1644 enim
1460 1590 1672 1647 decima
1709 1612 1722 1647 :
1751 1610 1813 1648 ac
1847 1594 1926 1649 sic
1959 1595 2088 1649 reli-

524 1674 647 1742 quis
681 1675 735 1728 in
759 1678 1057 1734 mensibus.
1091 1679 1368 1737 Posterior
1392 1683 1585 1739 modus
1619 1700 1787 1738 unum
1821 1685 1989 1740 demit
2020 1701 2084 1742 ex

2217 490 2454 545 sedecim
2491 490 2726 560 priorem
2754 488 2966 544 excedit
3000 508 3014 542 :
3045 489 3171 543 hinc
3195 489 3259 542 ad
3288 491 3455 559 cyclus
3473 493 3596 549 illius
3619 501 3691 552 ad.

2214 580 2344 634 ditis
2380 580 2468 646 16,
2496 580 2633 651 cycli
2668 579 2832 648 hujus
2875 579 3138 632 orientur.
3169 577 3352 633 Annus
3384 581 3566 649 primus
3602 601 3692 641 aera

2212 669 2572 734 Christianae,
2625 668 3002 724 Alexandrina:
3055 675 3138 722 est
3184 667 3346 729 5493,
3400 672 3482 740 qui
3531 689 3608 743 per
3643 677 3693 732 I9

2211 763 2423 818 divisus
2474 761 2569 816 dat
2616 761 2670 814 2.
2718 760 2931 816 Additis
2979 759 3066 823 16,
3118 760 3208 814 ﬁet
3265 761 3438 831 cyclus
3483 763 3602 818 luna:
3626 766 3690 830 I8,

2209 871 2368 924 quem
2411 855 2504 908 dat
2551 868 2730 908 annus
2766 853 2904 907 5509
2933 853 3251 922 posterioris
3281 856 3519 922 computi,
3556 858 3595 910 si
3621 873 3691 925 per

2208 945 2275 998 19
2310 945 2601 999 tribuatur.
2643 942 2732 998 Sic
2780 944 2846 997 ad
2895 944 3104 1013 cyclum
3153 944 3285 997 solis
3318 943 3350 996 5
3387 959 3494 998 tera:
3521 948 3688 1016 prioris.

2205 1035 2432 1103 adjectis
2481 1035 2567 1098 16,
2621 1034 2846 1090 exsistet
2899 1035 3084 1104 cyclus
3134 1035 3266 1090 solis
3316 1034 3375 1087 21
3418 1037 3529 1090 anni
3567 1039 3687 1094 5509.

2204 1125 2330 1181 Item
2365 1129 2428 1180 ad
2463 1143 2520 1180 ιιι
2556 1127 2928 1190 indictionem,
2975 1144 3095 1198 qua:
3136 1144 3200 1182 ex
3251 1127 3387 1180 5195
3430 1129 3690 1198 relinquitur

2203 1235 2297 1288 per
2335 1219 2400 1274 15
2439 1221 2674 1289 partitis,
2725 1219 2770 1272 si
2821 1221 3081 1276 accedant
3114 1220 3202 1283 16,
3241 1220 3446 1274 residua
3472 1224 3560 1274 erit
3585 1224 3690 1278 indi-

2200 1314 2310 1366 ctio
2344 1329 2396 1366 Iv
2429 1312 2555 1365 anni
2595 1311 2754 1366 5509.
2785 1312 2958 1383 Caput
2995 1314 3131 1384 cycli
3182 1313 3373 1367 solaris
3399 1313 3462 1366 ab
3483 1312 3686 1383 Octobri,

2198 1405 2406 1458 lunaris
2459 1420 2488 1457 a
2539 1403 2799 1458 Januario
2843 1413 3102 1476 sequente
3141 1406 3333 1474 repetit
3366 1405 3561 1461 Isaacus
3596 1424 3687 1480 cap.

2196 1495 2261 1552 IIl
2290 1505 2344 1552 et
2381 1496 2466 1550 VI.
2499 1497 2670 1568 Igitur
2717 1498 2924 1552 lunaris
2964 1499 3151 1568 cyclus
3198 1513 3215 1550 ι
3257 1496 3689 1568 Constantinopoli-

2196 1599 2358 1646 tanus
2406 1599 2490 1646 est
2541 1601 2769 1661 quartus
2813 1590 3094 1652 Romani;
3149 1598 3203 1643 et
3259 1590 3456 1661 primus
3507 1590 3687 1647 Romani

2193 1693 2276 1737 est
2325 1699 2435 1737 xvii
2486 1682 3098 1753 Constantinopolitani.
3161 1681 3296 1736 Cum
3353 1684 3487 1737 enim
3527 1683 3688 1738 lunaris

521 1764 694 1834 priori
732 1784 930 1839 genere
975 1775 1326 1843 regularium.
1361 1775 1480 1839 Vel,
1525 1787 1608 1833 est
1650 1793 1910 1834 numerus
1951 1783 2088 1836 resi-
2120 1763 2160 1816 Β
2189 1777 2373 1847 cyclus
2406 1775 2756 1831 Alexandrini
2789 1774 3028 1842 computi
3058 1774 3200 1829 idem
3234 1774 3302 1829 sit
3333 1789 3390 1828 ac
3421 1773 3684 1843 Romanus;

522 1857 664 1914 duus
716 1869 840 1931 post
898 1879 1122 1921 aureum
1178 1859 1468 1923 numerum
1526 1870 1771 1925 citimum
1828 1870 2085 1929 Kalendis

519 1952 724 2022 Aprilis
792 1956 848 2010 in
909 1962 1264 2019 antecedente
1319 1981 1528 2030 mense,
1580 1967 1735 2023 initio
1790 1970 1858 2024 ab
1911 1971 2083 2041 Aprili

519 2041 682 2099 facto.
724 2045 891 2117 Cyclo
942 2053 1100 2106 tertio
1144 2054 1314 2118 lunae,
1351 2059 1636 2112 neomenia
1681 2060 1872 2114 incidit
1911 2061 1964 2114 in
1997 2062 2083 2114 ul-

517 2134 708 2190 timum
749 2136 951 2196 Martii.
991 2141 1131 2214 Ergo
1165 2146 1350 2202 nullus
1377 2155 1461 2202 est
1499 2163 1564 2203 eo
1611 2165 1798 2205 mense
1829 2152 2083 2209 residuus

514 2225 630 2282 dies
677 2236 800 2297 post
845 2236 1185 2288 neomeniam
1236 2253 1249 2288 :
1287 2238 1531 2310 adeoque
1570 2242 1834 2312 regularis
1878 2244 2080 2315 Aprilis

511 2327 600 2374 est
636 2321 690 2376 Ο.
726 2321 897 2394 Aprili
935 2341 1061 2382 vero
1095 2337 1218 2398 post
1265 2335 1632 2402 neomeniam,
1674 2352 1795 2405 quae
1835 2354 1962 2393 xxix
1991 2339 2080 2394 die

512 2413 736 2479 accidit,
779 2425 950 2472 restat
981 2435 1121 2475 unus
1147 2422 1284 2478 dies.
1319 2425 1486 2495 Igitur
1520 2430 1788 2499 regularis
1821 2430 1946 2486 Maii
1993 2449 2080 2488 sc-

510 2508 730 2574 quentis
783 2519 867 2565 est
908 2513 958 2567 1.
1003 2515 1151 2569 Inter
1201 2517 1362 2573 ambo
1412 2535 1612 2590 genera
1665 2521 1768 2577 hoc
1823 2523 2072 2587 interest,

509 2596 654 2664 quod
695 2601 971 2669 regulares
1018 2607 1228 2674 priores
1263 2623 1386 2662 cum
1424 2618 1614 2680 cpacta
1647 2623 1902 2670 currente
1935 2616 2078 2671 lunae

507 2695 720 2743 aetatem
759 2693 996 2758 exhibet,
1044 2699 1181 2750 citra
1212 2698 1316 2754 diei
1351 2699 1513 2756 ullius
1541 2702 1925 2771 adjectionem,
1971 2721 2073 2776 po-

506 2780 764 2837 Steriores
808 2783 1078 2842 Kalendas
1132 2790 1280 2859 ipsas
1325 2791 1608 2860 adjiciunt.
1647 2792 1948 2866 Utrumque
1977 2813 2074 2868 ge-

506 2887 612 2929 nus
644 2889 881 2944 sequens
908 2878 1104 2933 tabella
1135 2884 1577 2951 comprehendet.

610 2984 816 3045 Tabula
844 2991 1520 3071 ‘regulariumuduplicium
1561 2997 1701 3054 (ante
1732 3000 1787 3054 in
1819 3001 1966 3071 cyclo

1162 3063 1412 3121 Maximi.

1192 3154 1388 3280 chul.
1648 3158 1839 3284 Relglul.

604 3307 807 3376 Aprilis
1270 3317 1297 3372 1
1724 3321 1759 3375 ο

604 3377 783 3435 Maius
1267 3387 1304 3442 2
1721 3392 1748 3445 1

601 3446 798 3505 Junius
1268 3458 1306 3514 5
1722 3461 1760 3516 2

597 3535 774 3596 Julius
1263 3547 1302 3604 ι
1719 3551 1756 3608 3

595 3610 877 3678 angustus
1265 3618 1302 3674 5
1719 3623 1757 3677 4

597 3675 915 3750 September
1261 3687 1295 3743 7
1718 3675 1757 3751 6

601 3770 841 3844 Qctober
1261 3778 1299 3836 7
1713 3785 1750 3844 6

596 3841 907 3913 lfiovember
1254 3849 1291 3904 9
1711 3841 1748 3913 S

599 3910 900 3970 December
1257 3919 1293 3976 9
1711 3910 1748 3984 ἐ

595 4000 894 4073 Januarius
1095 4070 1102 4073 _
1227 4009 1290 4065 11
1674 4017 1745 4073 10

519 4069 525 4081 ‘
591 4069 926 4144 [ebruarius
1085 4070 1102 4084 ’
1230 4079 1300 4135 12
1676 4069 1736 4144 ᾖ

590 4140 821 4201 Martius
1232 4151 1291 4205 11
1672 4140 1742 4214 16

557 4251 878 4344 Exemplum
928 4275 944 4313 :
999 4267 1154 4332 cyclo
1204 4262 1347 4320 luna:
1390 4282 1481 4320 xrv
1531 4283 1674 4325 seire
1714 4271 1845 4327 libet
1886 4283 2050 4344 quota

486 4341 616 4396 luna
646 4343 718 4398 sit
742 4343 1000 4402 Kalendis
1048 4347 1405 4420 Septembris.
1437 4353 1655 4423 'Epactae
1677 4357 1712 4412 2
1735 4373 1856 4414 cum
1889 4341 2049 4432 regu-

485 4433 692 4492 laribus
732 4439 1008 4506 prioribus
1051 4441 1102 4505 7,
1146 4443 1228 4498 vel
1265 4458 1388 4498 cum
1434 4449 1826 4516 posterioribus
1866 4452 1920 4518 6,
1951 4454 2047 4509 sed
2081 4449 2124 4504 Ι)

483 4527 695 4582 unitate
745 4529 950 4596 addita,
989 4532 1120 4586 dant
1155 4535 1335 4588 lunam
1373 4553 1573 4592 nonam
1604 4559 1618 4606 ;
1650 4549 1711 4596 ut
1743 4551 1828 4598 est
1860 4560 2048 4600 revera

484 4615 636 4686 cyclo
697 4635 787 4672 xxv
843 4620 1080 4680 Nicaeno.
1135 4625 1348 4684 Rursus
1392 4642 1670 4699 quaeratur
1729 4643 1860 4689 aetas
1907 4637 2050 4693 lunae

481 4709 636 4775 cyclo
677 4709 819 4766 luna:
861 4729 895 4765 v
928 4713 1184 4772 Kalendis
1216 4716 1492 4776 Octobris.
1541 4723 1756 4792 Epacta:
1793 4725 1882 4788 25,
1921 4743 2046 4783 cum

483 4800 825 4868 regularibus
863 4803 914 4868 7,
948 4807 1029 4860 vel
1062 4806 1116 4872 6,
1143 4825 1172 4862 e
1197 4807 1453 4866 Kalendis
1502 4813 1632 4882 ipsis
1680 4817 1921 4884 praebent
1957 4818 2043 4872 lu-

483 4903 609 4944 nam
634 4891 988 4951 tricesimam.

1079 5009 1309 5065 CAPUT
1346 5012 1433 5067 IX.

485 5116 562 5171 De
607 5119 848 5172 methodo
882 5137 1021 5174 tuna:
1064 5124 1117 5176 iu
1147 5123 1734 5196 Constantinopolitano
1778 5144 2038 5202 computo.

548 5231 704 5286 Nunc
749 5234 973 5288 alterius
1017 5251 1137 5290 {erat
1187 5253 1250 5291 ac
1290 5243 1549 5310 computi,
1585 5259 1744 5312 quem
1772 5245 2040 5303 Constan-

482 5325 902 5394 tinOpolitanum
947 5336 1182 5394 vocant,
1238 5333 1526 5400 aperienda
1579 5336 1868 5394 methodus
1920 5347 2036 5402 est,

481 5429 543 5467 ex
579 5415 747 5470 Isaaci
779 5419 938 5480 libro,
974 5421 1066 5488 qui
1109 5423 1550 5495 eamtdiligenter
1578 5431 1818 5497 exponit.
1858 5430 1916 5485 In
1947 5433 2037 5487 illa

485 5506 717 5560 primum
747 5512 1022 5579 cyclorum
1065 5512 1561 5587 investigandorum
1593 5524 1804 5588 eadem,
1831 5541 1951 5595 qua:
1982 5527 2035 5582 in

478 5595 776 5662 superiore,
824 5601 1008 5668 ratio;
1046 5613 1105 5658 ut
1149 5607 1320 5662 divisa
1365 5625 1577 5665 summa
1608 5627 1704 5681 per
1742 5616 2036 5682 quemlibet

478 5687 716 5765 cyclum,
741 5702 1049 5766 competens
1074 5699 1222 5764 anni,
1245 5703 1332 5774 qui
1366 5705 1648 5772 quarritur,
1674 5709 1858 5778 cyclus
1883 5725 2034 5769 erua-

2187 1869 2230 1922 si
2276 1867 2341 1921 16
2373 1867 2437 1920 ad
2471 1867 2613 1921 hunc
2645 1868 2857 1938 cyclum
2889 1867 3136 1936 adjicias.
3168 1873 3296 1935 puta
3346 1865 3409 1920 ad
3443 1866 3490 1928 1,
3532 1865 3686 1922 elllcies

2189 1959 2256 2010 17
2285 1958 2450 2013 illius.
2503 1958 2833 2027 Epactarum
2867 1959 3182 2030 progressio
3216 1959 3390 2028 plane,
3430 1966 3484 2012 ut
3517 1957 3563 2012 in
3603 1958 3684 2015 llo-

2183 2064 2370 2111 mano,
2413 2065 2508 2118 per
2537 2050 3042 2120 multiplicationem
3075 2051 3228 2105 aurei
3256 2051 3457 2105 numeri
3483 2051 3532 2104 in
3559 2053 3686 2108 unde-

2182 2139 2288 2193 cim
2320 2139 2551 2194 efﬁcitur
2589 2161 2601 2194 :
2636 2156 2812 2210 neque
2845 2141 3011 2195 biduo
3059 2141 3364 2204 mutilatur,
3405 2149 3460 2194 ut
3499 2141 3685 2198 instituit

2182 2230 2472 2294 Maximus,
2526 2233 2620 2286 sed
2671 2240 2873 2301 cpacta:
2928 2233 3037 2288 illa:
3088 2239 3239 2297 sunt,
3298 2248 3426 2302 quas
3468 2235 3684 2303 superiori

2180 2323 2359 2392 capite
2395 2323 2450 2376 in
2491 2323 2756 2378 laterculo
2786 2324 2924 2395 cycli
2958 2325 3175 2378 lunaris
3206 2323 3470 2380 Romanas
3498 2327 3685 2394 appella-

2179 2427 2321 2466 mus.
2352 2411 2550 2466 Verum
2584 2428 2759 2467 annus
2797 2413 3010 2483 primus
3039 2413 3272 2468 Romani
3295 2415 3447 2484 cycli,
3484 2415 3554 2470 vel
3577 2416 3682 2484 ejus,

2177 2521 2287 2575 quo
2325 2505 2591 2562 Maximus
2635 2507 2826 2572 utitur,
2858 2507 3060 2576 quique
3094 2507 3259 2561 habet
3295 2513 3502 2576 epactas
3527 2523 3599 2569 XI,
3623 2517 3685 2563 est

2177 2601 2407 2664 quartus
2452 2594 3061 2665 Constantinopolitani.
3112 2594 3331 2664 Epactae
3371 2604 3488 2651 sunt
3523 2597 3683 2651 residui

2177 2685 2314 2746 dies,
2361 2685 2454 2755 qui
2500 2686 2568 2740 ad
2617 2687 2993 2756 complendam
3029 2686 3363 2740 Iunationem
3401 2686 3464 2740 ad
3491 2687 3590 2742 dies
3612 2704 3684 2742 cu-

2171 2778 2398 2848 juslibet
2429 2779 2632 2835 mensis
2667 2778 3012 2834 adhibentur.
3041 2779 3204 2834 Anno
3230 2781 3400 2850 primo
3434 2781 3554 2851 cycli
3583 2795 3682 2848 epa-

2175 2878 2278 2925 ctaa
2310 2877 2438 2925 sunt
2484 2870 2757 2924 undecim.
2796 2869 2846 2924 Is
2877 2878 2960 2925 est
3007 2878 3242 2940 quartus
3283 2871 3404 2925 anni
3443 2869 3634 2925 Romani
3669 2889 3681 2925 :

2173 2964 2261 3017 cui
2309 2965 2504 3019 tertius
2553 2965 2878 3020 antecedens
2926 2965 3172 3034 reliquos
3215 2964 3329 3018 dies
3381 2961 3601 3017 undecim
3632 2961 3686 3018 ah

2173 3052 2366 3107 ultima
2419 3054 2637 3126 syzygia
2681 3055 2937 3124 reliquit,
2993 3071 3113 3124 quae
3158 3053 3462 3109 Decembris
3486 3068 3565 3106 xxi
3598 3065 3681 3106 cu:-

2177 3142 2278 3214 pit.
2305 3141 2582 3198 Naturalis
2617 3159 2767 3214 ergo,
2793 3153 2846 3199 et
2873 3144 3092 3214 propria
3117 3144 3229 3196 τῶν
3266 3142 3506 3198 ὲπακτῶν
3535 3143 3580 3194 in
3605 3141 3680 3194 hoc

2174 3233 2330 3305 cyclo
2364 3233 2520 3289 notio
2557 3242 2661 3298 est,
2689 3223 2742 3289 et
2771 3236 3078 3305 appellatio.

2243 3323 2592 3396 chularium
2629 3341 2723 3394 par
2750 3336 2854 3392 est,
2892 3335 3055 3397 atque
3096 3327 3153 3380 in
3186 3326 3478 3396 superiore,
3511 3324 3679 3379 metho-

2173 3416 2277 3472 dus
2328 3435 2342 3470 :
2377 3423 2452 3480 et,
2491 3425 2550 3470 ut
2583 3418 2714 3480 illic,
2745 3412 2913 3471 d'uum
2965 3433 3226 3486 generum
3278 3423 3421 3472 sunt.
3450 3417 3543 3469 Alii
3584 3429 3678 3468 cum

2171 3508 2382 3579 epactis
2429 3517 2644 3564 aetatem
2693 3509 2835 3564 lunae
2881 3509 3192 3580 perficiunt,
3233 3510 3325 3564 alii
3361 3509 3549 3563 unitate
3581 3513 3680 3560 sunt

2169 3599 2438 3654 minores.
2493 3599 2652 3666 Tum,
2705 3599 2850 3670 quod
2893 3616 2923 3654 a
2959 3599 3245 3665 Januario,
3296 3616 3403 3656 non
3443 3599 3506 3654 ab
3547 3596 3680 3666 Aprili

2169 3691 2378 3760 epocha
2407 3691 2648 3757 ducitur,
2708 3692 2971 3746 nonnulla
3001 3693 3243 3748 varietas
3270 3691 3471 3746 incidit.
3499 3688 3678 3742 Utrum-

2167 3799 2274 3854 que
2303 3799 2478 3854 genus
2509 3785 2562 3838 in
2591 3793 2852 3855 sequente
2881 3784 3142 3840 laterculo
3165 3783 3537 3840 describemus.

2273 3894 2609 3952 Laterculum
2661 3899 2978 3969 regularium
3040 3899 3182 3954 (unm
3225 3898 3500 3969 duplicium
3548 3897 3596 3948 in

2761 3963 2906 4040 τρείο
2940 3971 3141 4026 Isaaci.

2849 4060 3041 4188 Belgul.
3302 4061 3482 4187 Belgul.

2259 4217 2555 4278 Januarius
2925 4223 2949 4276 1
3379 4225 3412 4280 0

2262 4288 2595 4348 Februarius
2923 4295 2958 4346 2
3383 4298 3402 4349 1

2261 4358 2491 4417 Martius
2925 4366 2948 4420 1
3372 4364 3405 4420 0

2259 4452 2460 4521 Aprilis
2922 4457 2956 4510 Ξ
3377 4456 3396 4511 1

2258 4520 2430 4578 Malus
2920 4527 2953 4580 5
3367 4526 3402 4578 2

2251 4591 2449 4648 Junius
2917 4597 2951 4650 4
3367 4597 3400 4650 5

2249 4679 2427 4737 Julius
2909 4687 2942 4740 5
3360 4688 3393 4742 4

2251 4753 2531 4820 Augustus
2911 4760 2944 4810 6
3361 4761 3394 4812 5

2253 4822 2572 4892 September
2914 4829 2948 4882 8
3367 4829 3397 4882 ’1

2252 4911 2488 4967 October
2913 4918 2945 4972 8
3365 4923 3395 4976 7

2249 4982 2556 5038 November
2883 4989 2947 5042 10
3361 4993 3393 5048 9

2250 5051 2544 5108 December
2880 5059 2936 5111 11
3325 5065 3389 5119 10

2225 5163 2468 5235 Exempli
2495 5182 2659 5221 causa
2698 5186 2711 5221 :
2749 5169 2914 5239 tlyclo
2947 5173 3088 5226 lunm
3125 5191 3234 5238 xw,
3269 5176 3658 5246 qmeratur'aetas

2143 5257 2289 5313 illius
2345 5257 2601 5316 Kalendis
2655 5261 3005 5333 Septembris.
3048 5266 3260 5338 Epactaa
3301 5281 3422 5326 sunt
3453 5287 3517 5334 Iv,
3558 5283 3656 5338 qua‘

2141 5363 2264 5403 cum
2325 5353 2674 5422 regularibus
2735 5354 3066 5426 Septembris
3111 5376 3226 5427 vm,
3277 5369 3365 5415 aut
3418 5376 3527 5416 cum
3573 5373 3652 5421 vit.

2142 5440 2320 5496 addita
2369 5444 2595 5507 unitate,
2635 5448 2762 5500 dant
2820 5449 3001 5502 lunam
3043 5451 3409 5506 duodecimam
3461 5471 3473 5505 :
3512 5458 3649 5521 quota

2138 5547 2325 5587 revera
2383 5543 2466 5589 est
2519 5539 2670 5607 cyclo
2731 5537 2973 5596 Romano
3013 5559 3145 5609 xvii,
3197 5541 3647 5612 Constantinopoli-

2137 5629 2266 5678 tano
2298 5642 2406 5680 xiv.

2231 5715 2448 5774 lsaacus
2508 5719 2684 5791 capite
2733 5721 2799 5777 IX
2847 5739 2945 5795 pro
3004 5726 3356 5799 regularibus,
3407 5725 3638 5781 residuum
