3948 6264
322 311 457 367 ιιιδ

1294 306 1756 368 DISSERTATIO
1790 306 1882 363 DE
1916 306 2321 366 GRECORUM
2357 306 2561 364 ERIS.

3294 286 3540 363 'ust

317 428 588 488 mensium
615 418 999 495 ‘Julianorum,
1048 429 1311 487 detractis
1353 431 1582 501 integris
1620 429 1876 501 syzygiis,
1907 434 1952 489 A
1983 427 2258 497 contigit;
2313 440 2434 497 quae
2475 440 2574 497 per
2605 432 2854 495 epactam
2890 423 2992 491 22,
3033 424 3311 495 regulares
3355 432 3539 496 poste-

314 523 537 599 accipit.
582 519 809 595 Syzygia
844 522 1055 577 lunaris
1087 529 1173 577 est
1210 520 1421 577 dierum
1455 537 1587 589 xxix
1618 521 1723 590 ιβ
1755 519 1877 588 qui-

313 604 423 672 bus
445 615 512 671 de
535 630 663 670 xm
689 614 958 679 deductis,
985 614 1239 670 restantl
1268 614 1371 686 1/2
1398 615 1453 668 in
1484 612 1781 668 Februario
1809 610 1875 665 ad

313 712 538 777 epactas
566 720 775 762 annuas
820 704 1074 760 addendi.
1104 704 1212 760 Sed
1254 719 1371 759 eam
1414 703 1724 759 methodum
1776 702 1878 756 mi-

313 797 462 854 nime
515 798 678 866 vulgo
728 806 909 868 aptam
965 812 1084 853 esse
1140 811 1304 867 supra
1361 796 1693 850 monuimus.
1746 788 1876 849 ldeo'

310 887 546 944 Romani
596 904 941 960 nequaquam
1000 904 1063 944 ea
1118 896 1246 944 sunt
1302 888 1409 944 usi.
1474 886 1746 954 Quocirca
1794 887 1874 941 uti

308 978 623 1035 Grmcorum
647 981 994 1051 epilogismos
1017 980 1083 1034 ad
1105 979 1414 1034 Kalendarii
1435 979 1697 1035 nostratis
1712 994 1874 1034 usum

309 1087 379 1127 ac
418 1072 742 1142 dispositum
776 1071 1271 1137 accommodemus,
1317 1085 1439 1125 cum
1470 1072 1676 1140 cpactis
1713 1084 1875 1140 regu-

309 1163 455 1220 lares
475 1164 873 1235 componimus.
910 1162 1086 1218 Unum
1119 1170 1301 1217 tamen
1333 1161 1733 1216 observandum
1765 1171 1870 1227 est,

307 1270 434 1311 cum
473 1256 625 1326 cyclo
665 1255 840 1311 Isaaci
879 1272 1010 1319 nu,
1041 1261 1261 1326 epactas
1288 1268 1404 1322 vul,
1436 1270 1549 1309 non
1582 1270 1684 1319 vu,
1717 1269 1872 1310 com-

304 1345 582 1415 parandas
628 1359 790 1411 esse;
823 1351 1026 1400 etcum
1078 1344 1231 1415 cyclo
1276 1358 1429 1410 xvut,
1487 1351 1711 1412 epactas
1753 1358 1870 1405 nx,

306 1452 421 1493 non
454 1452 611 1493 xvtu.
660 1437 830 1507 Cujus
872 1438 1011 1492 ratio
1055 1451 1121 1490 ex
1171 1436 1412 1507 ὑποτομῇ
1460 1436 1601 1490 lunae
1642 1434 1875 1506 petenda

305 1534 393 1584 est
420 1544 437 1594 ;
482 1543 513 1582 a
550 1543 660 1598 qua
691 1528 850 1591 lunae,
880 1542 1038 1598 quem
1072 1536 1293 1591 vocant,
1323 1527 1499 1582 saltus
1545 1527 1743 1581 oritur.
1774 1522 1874 1581 Hic

305 1619 452 1676 enim
492 1621 546 1675 in
589 1622 744 1692 cyclo
774 1617 1021 1674 Romano
1053 1635 1166 1683 xIx,
1201 1617 1522 1673 Latinorum
1556 1633 1647 1672 xvi
1692 1615 1871 1671 couti-

304 1711 404 1780 git,
445 1713 525 1766 uti
573 1712 669 1768 lib.
716 1711 782 1765 VI
823 1711 900 1766 De
942 1711 1183 1765 doctrina
1212 1722 1532 1780 temporum,
1567 1724 1689 1780 cap.
1729 1706 1873 1764 XVII

1979 521 2153 575 riores
2182 519 2239 583 7,
2274 534 2337 574 ac
2361 520 2461 591 τὴν
2494 517 2778 582 ποσταίαν,
2810 516 2862 570 id
2886 523 2971 572 est
2993 515 3110 572 dies
3131 516 3200 571 26
3229 516 3535 572 coniicitur.

1976 611 2327 667 Noviluuium
2373 610 2566 665 incidit
2640 607 2975 678 Septembris
3017 623 3226 671 uvur,
3277 607 3415 663 feria
3454 622 3534 664 ιιιι.

1980 703 2136 760 Unde
2164 705 2293 759 luna
2325 703 2589 758 vicesima
2631 717 2775 756 nona
2820 700 3077 770 competit
3104 699 3354 755 Octobris
3384 715 3535 766 xxvi,

1978 797 2071 852 sed
2105 795 2445 851 neomeniam
2474 795 2681 865 putavit
2722 792 2941 847 lsaaeus
2972 806 3000 845 a
3030 807 3161 846 xxxx
3190 791 3277 847 die
3300 790 3539 863 Septem.

1977 887 2111 942 bris.
2159 888 2347 957 Itaque
2388 887 2493 940 tria
2549 885 2734 955 adjicit
2774 892 2982 955 epactas
3025 884 3096 938 22
3124 924 3142 948 ,
3182 892 3242 938 ut
3293 885 3365 939 sit
3403 884 3476 940 25
3520 899 3535 937 :

1976 994 2097 1049 qua:
2132 994 2256 1033 cum
2306 978 2517 1048 cpactis
2567 977 2837 1032 mensium
2876 976 2928 1040 7,
2972 983 3026 1030 et
3056 974 3129 1029 26
3154 975 3346 1030 diebus
3375 974 3539 1031 Octo-

1975 1071 2089 1126 bris
2132 1071 2315 1124 lunam
2358 1069 2669 1139 producunt
2712 1067 3022 1122 vicesimam
3064 1075 3345 1128 octavam,
3388 1064 3539 1120 dem-

1975 1159 2082 1231 ptis
2134 1160 2222 1215 50.
2279 1158 2391 1213 Cur
2455 1158 2559 1213 tria
2607 1158 2726 1212 haec
2770 1155 3059 1220 addantur,
3116 1168 3339 1209 causam
3387 1153 3541 1208 aliert

1969 1251 2269 1322 jocularem
2297 1268 2311 1317 ;
2344 1253 2472 1322 quia
2515 1265 2639 1305 cum
2672 1251 2803 1303 luna
2838 1250 2994 1319 plena
3028 1257 3207 1303 creata
3242 1248 3315 1303 sit
3354 1262 3385 1300 a
3429 1246 3543 1301 Deo

1974 1344 2063 1399 die
2119 1352 2339 1414 quarto,
2390 1341 2633 1397 triduum
2677 1349 2895 1411 oportet
2935 1341 3320 1395 antecessisse.
3369 1337 3545 1393 Porro

1974 1440 2127 1512 cyclo
2174 1440 2353 1511 primo
2399 1439 2742 1511 deprehensa
2789 1445 2876 1493 est
2928 1438 3058 1493 luna
3093 1438 3302 1492 decima
3348 1437 3540 1507 quinta

1974 1531 2341 1587 Kalendarum
2371 1530 2660 1597 Januarii;
2710 1538 2912 1600 quanta
2967 1539 3087 1586 erat
3132 1545 3198 1585 eo
3245 1536 3539 1593 momento,

1973 1639 2082 1694 quo
2130 1632 2315 1679 creata
2353 1632 2457 1680 est.
2491 1622 2757 1690 Quoniam
2791 1637 2922 1693 ergo
2957 1622 3146 1693 cyclus
3170 1622 3379 1691 primus
3413 1634 3540 1690 epa-

1975 1725 2095 1771 ctas
2145 1715 2306 1771 habet
2339 1716 2593 1771 undecim
2629 1731 2694 1771 ex
2734 1713 2991 1769 methodo
3017 1731 3033 1781 ;
3061 1714 3163 1768 hac
3199 1715 3412 1769 ratione
3442 1713 3539 1767 lin-

304 1801 565 1861 diximus.
610 1803 841 1873 Propter
874 1804 1015 1857 hanc
1064 1803 1377 1874 ὑποτομὴν,
1426 1815 1628 1855 aureus
1674 1815 1869 1854 nume-
1904 1773 1948 1832 Β
1975 1807 2123 1878 gitur
2164 1808 2507 1863 noviluuium
2552 1808 2819 1863 incidisse
2868 1807 3123 1863 undecim
3175 1806 3367 1862 diebus
3415 1815 3540 1863 ante

302 1911 400 1952 rus
442 1912 537 1951 XIX
571 1911 681 1950 uno
730 1896 818 1950 die
857 1896 1020 1951 situm
1060 1894 1356 1949 antevertit
1396 1895 1454 1948 in
1496 1892 1868 1963 descriptione

302 1986 531 2041 Romani
565 1987 898 2041 Kalendarii.
942 1986 1023 2042 Ob
1056 1985 1110 2041 id
1143 2001 1253 2040 non
1285 2001 1360 2049 χι,
1392 1986 1485 2040 sed
1514 2001 1587 2039 xu
1619 1983 1867 2039 addenda

301 2087 431 2135 sunt
463 2079 529 2134 ad
563 2085 804 2150 epactam
841 2078 967 2133 anni
1002 2077 1374 2133 antecedentis
1416 2092 1585 2140 xxvi;
1626 2085 1686 2133 ut
1740 2076 1868 2130 ﬂant

298 2186 395 2226 Vlll
435 2183 640 2241 epactas
685 2169 816 2225 anni
851 2186 984 2237 xvu,
1016 2170 1219 2242 quibus
1250 2169 1455 2225 additis
1483 2185 1558 2233 ιιι,
1592 2168 1867 2224 exsistunt

297 2270 501 2334 epacta:
534 2280 626 2318 xu
669 2265 798 2317 anni
835 2279 986 2327 xvut,
1019 2265 1112 2333 qui
1141 2273 1225 2319 est
1270 2260 1546 2319 secundus
1582 2262 1720 2333 cycli
1760 2262 1867 2317 Ro-

296 2351 443 2405 mani
494 2370 508 2406 :
551 2367 620 2426 ac
672 2353 889 2409 demum
947 2354 1173 2424 adjectis
1231 2371 1317 2420 ιι,
1378 2352 1514 2407 [lunt
1571 2360 1776 2423 epacta:
1830 2353 1866 2408 0

297 2445 425 2500 anni
468 2461 584 2509 xix,
619 2446 712 2516 qui
754 2454 839 2502 est
876 2448 1072 2502 tertius
1112 2438 1545 2518 Romani‘cycli.
1582 2445 1697 2500 Hoc
1737 2459 1866 2501 vero

297 2535 476 2590 locum
518 2534 684 2591 habet
723 2537 779 2591 in
815 2552 1109 2592 aureorum
1151 2552 1505 2593 numerorum
1552 2535 1864 2608 dispositu;

296 2625 600 2696 cujusmodi
638 2635 723 2682 est
761 2629 815 2682 in
843 2636 1033 2685 nostro
1065 2628 1412 2684 Kalendario.
1443 2626 1584 2683 Nam
1628 2628 1677 2683 si
1704 2626 1867 2684 aliter

300 2716 640 2781 instituatur,
697 2717 803 2772 alia
833 2734 1051 2789 quoque
1080 2719 1187 2774 erit
1208 2717 1444 2774 ineunda
1474 2717 1634 2774 ratio.

911 2850 1139 2907 CAPUT
1180 2850 1251 2906 Χ..

292 2964 585 3037 Βελιιιηανὶ
613 2966 938 3037 ,προηγήσξι
965 3003 1008 3037 ,ᾗ
1031 2975 1081 3019 et
1116 2965 1460 3037 terminorum
1497 2963 1862 3037 μεταπτώςει.

365 3034 547 3090 Isaaci
588 3034 781 3105 Argyri
815 3034 1043 3089 ridicula
1085 3037 1247 3091 ratio.
1292 3034 1706 3105 Quartadecima
1751 3034 1863 3088 Pa-

358 3106 554 3161 schalis
605 3104 709 3159 cur
744 3105 1092 3176 plenilunium
1138 3106 1376 3160 dicatur.
1434 3104 1617 3160 Isaaci
1658 3121 1862 3158 errores
1890 3115 1935 3176 ο

361 3179 541 3239 varii;
589 3176 959 3245 azquiuuctium
1010 3175 1152 3246 falso
1188 3176 1254 3230 ab
1289 3176 1468 3231 eodem
1508 3176 1859 3230 observatum.

360 3266 906 3338 Hucusquelunarem
922 3269 1236 3324 methodum
1271 3267 1644 3339 expressimus
1662 3266 1863 3323 utrius-

289 3374 395 3431 que
440 3359 722 3430 computi;
764 3376 883 3431 qua:
909 3358 1136 3414 Nicmno
1169 3361 1391 3425 saeculo,
1431 3376 1496 3415 ac
1539 3362 1678 3416 citra
1705 3360 1861 3416 novi-

289 3451 564 3507 Iuniorum
610 3453 914 3523 προήγησιν
946 3450 1189 3507 adhiberi
1235 3458 1450 3522 poterat
1483 3469 1497 3507 :
1534 3466 1697 3522 quam
1733 3466 1858 3505 cum

285 3543 625 3614 antiquiores
674 3543 1023 3613 computandi
1077 3543 1368 3613 magistri,
1422 3541 1501 3595 uti
1550 3540 1855 3606 Maximus,

287 3634 599 3706 Dionysius,
642 3632 786 3687 Beda
834 3633 1150 3698 nescirent,
1194 3640 1518 3702 perpetuum
1562 3629 1694 3683 illud
1726 3630 1863 3682 arti-

287 3727 471 3783 ﬁcium
502 3726 842 3798 inquirendae
878 3725 1088 3781 lunaris
1113 3725 1290 3780 aetatis
1320 3739 1446 3780 esse
1484 3723 1852 3779 crediderunt.

287 3820 513 3876 lsaaeus
559 3835 711 3883 vero,
748 3827 810 3873 ut
843 3828 962 3874 erat
995 3818 1347 3874 astronomiae
1390 3816 1624 3888 peritus,
1658 3814 1855 3887 praesis

284 3908 374 3964 dio
418 3908 724 3965 coelestium
763 3908 1206 3964 Observationum
1249 3915 1305 3963 et
1349 3907 1700 3962 astronomici
1743 3906 1855 3962 cal-

284 3998 414 4062 culi,
460 3998 593 4054 solis
636 4012 701 4053 ac
739 3999 881 4053 lunae
920 3997 1327 4054 antecessiones
1361 3997 1747 4053 animadvertit
1795 3998 1852 4053 in

283 4105 428 4147 anno
451 4089 695 4146 Iuliano.
716 4088 859 4146 Ideo
900 4100 1010 4145 tam
1037 4089 1307 4154 Nicmnas,
1335 4091 1423 4146 vel
1454 4089 1853 4147 Alexandrinas

284 4182 468 4254 potius
504 4183 822 4238 neomenias
864 4180 1181 4246 Paschales,
1210 4199 1372 4253 quam
1407 4183 1694 4259 terminos,
1727 4183 1852 4239 inu-

285 4274 408 4331 tiles
454 4283 613 4331 tetate
656 4290 756 4331 sua
802 4289 927 4330 esse
970 4275 1278 4344 comperit;
1329 4283 1391 4331 ut
1431 4276 1524 4346 qui
1567 4277 1634 4331 ab
1667 4292 1852 4333 mense

283 4367 459 4436 primo
488 4366 556 4422 ad
592 4365 891 4423 secundum
927 4367 1187 4438 paulatim
1236 4368 1528 4424 transitum
1572 4366 1846 4424 fecissent.

1967 1898 2247 1954 Kalendas
2283 1917 2297 1954 :
2336 1899 2537 1969 quibus
2565 1899 2732 1953 additi
2762 1907 2873 1956 tres
2898 1899 2974 1953 illi
3020 1897 3126 1970 πρὸ
3161 1897 3273 1951 τῶν
3307 1895 3538 1964 αἰώνων,

1967 1999 2028 2046 ιιι
2055 2000 2464 2062 computatores
2498 1991 2669 2047 Graeci
2713 1993 3041 2058 nominant;
3081 1990 3344 2045 decimam
3375 1990 3539 2059 quin-

1966 2090 2077 2136 tam
2107 2084 2288 2137 lunam
2315 2082 2605 2139 conferunt
2631 2085 2683 2137 in
2699 2082 2973 2152 Kalendas
2995 2081 3303 2137 Ianuarias.
3333 2080 3540 2138 Idcirco

1967 2174 2134 2227 trium
2157 2189 2373 2244 semper
2401 2175 2469 2230 ad
2491 2184 2718 2245 epactas
2748 2174 2807 2228 fit
2837 2174 3104 2229 accessio.

2040 2264 2165 2320 Hmc
2201 2267 2343 2322 ratio
2385 2282 2456 2322 ne
2486 2266 2838 2322 astronomia):
2872 2266 3092 2337 quidem
3127 2271 3322 2337 tyrone
3352 2262 3536 2333 digna,

1965 2365 2020 2414 et
2073 2358 2480 2428 imperitissima
2511 2367 2613 2414 est.
2647 2358 2890 2413 Primum
2940 2358 3015 2412 ita
3048 2355 3329 2429 procedit,
3379 2356 3537 2427 quasi

1966 2451 2203 2506 mundus
2238 2449 2519 2505 Decembri
2559 2466 2746 2506 mense
2775 2451 3031 2507 conditus
3066 2450 3158 2515 sit,
3200 2449 3343 2520 quod
3378 2464 3537 2505 nemo

1967 2540 2237 2597 hactenus
2271 2542 2530 2613 opinatus
2563 2552 2666 2598 est.
2712 2541 2921 2598 Deinde
2964 2542 3216 2612 quamvis
3256 2541 3361 2595 hoc
3393 2540 3537 2594 ultro

1965 2631 2332 2695 concedatur,
2398 2632 2572 2686 nihilo
2617 2632 2792 2703 magis
2839 2631 3088 2702 expediri
3141 2639 3343 2702 potest.
3392 2629 3531 2684 Nam

1966 2722 2016 2778 si
2055 2737 2243 2778 verum
2294 2722 2450 2789 dicit,
2502 2725 2745 2793 oportuit
2781 2722 3038 2777 omnibus
3085 2730 3230 2778 retro
3281 2721 3534 2787 saculis,

1965 2814 2218 2886 adeoque
2242 2814 2485 2875 Nicaeae.
2514 2816 2755 2871 triduum
2778 2815 2910 2870 illud
2944 2815 3108 2885 adjici
3139 2835 3152 2870 :
3182 2814 3327 2884 quod
3355 2822 3533 2869 tamen

1964 2923 2191 2964 necesse
2236 2924 2345 2962 non
2384 2908 2486 2962 fuit
2514 2927 2527 2975 ;
2558 2909 2826 2977 siquidem
2865 2916 3071 2978 epactas
3106 2906 3381 2977 simplices
3404 2912 3535 2960 aeta-

1964 3010 2070 3055 tem
2111 3001 2251 3054 lunas
2296 3001 2780 3069 reprmsentabant.
2829 2998 3097 3054 Praeterea
3149 2999 3371 3054 lsaaeus
3417 2998 3536 3067 ipse

1965 3092 2144 3161 capite
2185 3089 2325 3156 XVI,
2360 3091 2452 3146 ubi
2484 3091 2550 3146 de
2587 3091 2798 3146 lunaris
2833 3105 2898 3145 ac
2935 3089 3133 3147 solaris
3175 3089 3302 3143 anni
3340 3088 3535 3142 antici-

1966 3187 2188 3258 patione
2211 3185 2456 3248 disserit,
2498 3196 2685 3239 censet
2711 3181 2870 3239 annis
2898 3197 3073 3246 cccrv,
3111 3196 3220 3236 uno
3256 3179 3343 3235 die
3374 3195 3533 3251 syzy-

1967 3279 2084 3349 gias
2142 3276 2412 3348 ἀκριϐεῖς,
2459 3275 2671 3342 civiles,
2717 3289 2785 3328 ac
2820 3273 3044 3327 minime
3091 3269 3339 3344 ἀκριϐεῖς
3385 3280 3527 3325 ante-

1965 3378 2197 3426 vertere.
2247 3366 2402 3423 Unde
2444 3381 2793 3437 consequens
2834 3375 2939 3430 est,
2981 3370 3108 3419 ante
3150 3376 3326 3416 annos
3360 3360 3533 3424 1047,

1964 3462 2161 3532 quibus
2205 3458 2706 3532 Nicaenaﬁynodus
2742 3455 2915 3512 lsaaci
2958 3462 3195 3519 aetatem,
3229 3460 3287 3507 et
3330 3465 3533 3506 annum

1966 3551 2106 3606 I572
2138 3550 2471 3616 antecessit;
2509 3550 2706 3603 diebus
2743 3546 2980 3616 amplius
3013 3543 3191 3598 tribus
3227 3540 3371 3596 infra
3410 3540 3536 3595 dies

1962 3657 2058 3697 eos
2093 3641 2288 3704 fuisse,
2313 3639 2514 3710 quibus
2537 3640 2686 3694 illius
2716 3653 2832 3693 aevo
2866 3635 3174 3693 commissa:
3203 3640 3349 3690 sunt.
3391 3629 3530 3686 Tum

1963 3748 2092 3788 vero
2136 3731 2184 3787 si
2225 3731 2468 3784 triduum
2515 3729 2582 3785 ad
2629 3736 2851 3799 epactas
2892 3726 3141 3792 adderes,
3182 3737 3531 3796 nequaquam

1962 3827 2147 3881 lunam
2182 3836 2560 3894 asscquerere.
2604 3818 3013 3875 Absurdissime
3060 3817 3229 3889 igitur
3267 3813 3529 3878 lsaaeus;

1958 3917 2074 3988 qui,
2112 3932 2236 3970 cum
2278 3912 2561 3970 novilunia
2603 3918 2785 3968 certos
2823 3909 2890 3965 ad
2940 3909 3058 3966 dies
3095 3907 3319 3963 minime
3348 3904 3530 3961 adhae-

1959 4020 2178 4062 rescere
2248 4003 2483 4067 sentiat,
2535 4001 2608 4055 ita
2653 4001 3014 4056 ratiocinatur
3080 3997 3321 4063 interim,
3370 3995 3527 4067 quasi

1959 4112 2175 4169 semper
2222 4097 2277 4152 in
2309 4095 2499 4152 eodem
2540 4094 2629 4151 die
2664 4094 2971 4150 consistant
3001 4112 3015 4148 :
3048 4093 3193 4162 quod
3228 4094 3312 4148 vel
3356 4092 3530 4163 impe-

1958 4190 2065 4246 rite
2094 4189 2163 4242 ah
2187 4204 2252 4243 eo
2282 4187 2488 4241 factum
2521 4193 2604 4243 est
2630 4204 2646 4255 ;
2677 4186 2722 4240 si
2762 4184 2816 4240 id
2849 4184 2994 4240 bona
3034 4184 3138 4239 ﬁde
3174 4184 3529 4256 praescripsit,

1957 4275 2043 4330 vel
2071 4274 2269 4331 callide
2299 4293 2314 4340 ;
2345 4275 2392 4329 si
2428 4272 2763 4330 declinandae
2805 4273 3022 4328 invidie
3057 4287 3258 4339 causa,
3292 4289 3361 4329 ne
3405 4275 3532 4345 plus

1960 4365 2264 4434 majoribus
2300 4364 2418 4421 suis
2463 4378 2656 4434 sapere
2704 4362 3000 4430 videretur,
3035 4370 3222 4434 aperte
3261 4364 3405 4432 quod
3438 4379 3530 4421 res

284 4456 437 4512 Hanc
485 4459 788 4530 προήγησιν
832 4459 890 4514 in
934 4458 1282 4514 tetate'lunae
1322 4458 1630 4529 colligenda
1681 4458 1845 4513 tridui
1882 4468 1930 4529 ο
1960 4462 2100 4517 erat,
2128 4454 2367 4526 proﬁteri
2403 4453 2598 4508 noluit.

284 4549 545 4620 prudens,
600 4566 668 4604 an
720 4548 1038 4621 imprudens
1079 4550 1272 4606 statuit
1333 4548 1597 4617 lsaaeus;
1647 4564 1712 4604 ac
1771 4550 1855 4606 vel

247 4678 256 4695 .
283 4639 533 4704 ridicule,
577 4641 662 4695 vel
707 4641 974 4697 malitiose
1003 4641 1059 4696 in
1084 4655 1147 4696 ea
1167 4640 1429 4695 tradenda
1459 4639 1718 4695 methodo
1738 4656 1858 4695 vcr-

284 4740 436 4789 satus
467 4738 570 4789 est.
590 4731 806 4788 Etenim
827 4735 1007 4804 capite
1032 4731 1127 4788 VII
1155 4733 1360 4789 decens
1389 4731 1852 4803 quemadmodum

282 4826 498 4881 lunares
564 4833 769 4898 epactas
828 4825 1222 4897 investigandae
1278 4826 1390 4882 sint
1421 4866 1434 4891 ,
1496 4825 1565 4881 ad
1631 4831 1855 4897 epactas

283 4916 388 4972 tria
429 4916 586 4985 jubet
632 4916 816 4984 adjici.
856 4915 1022 4971 Verbi
1065 4918 1241 4987 gratia
1284 4932 1430 4972 anno
1474 4914 1668 4970 Adami
1711 4914 1853 4973 6880

283 5008 469 5079 cyclus
494 5014 612 5063 erat
632 5007 776 5062 luna:
803 5005 860 5072 2,
884 5013 1090 5078 epactas
1108 5006 1198 5074 22,
1223 5022 1341 5078 quae
1362 5023 1486 5062 eum
1510 5006 1853 5077 regularibus

281 5096 525 5151 Januarii
560 5114 601 5161 ι,
632 5097 869 5152 reddunt
910 5098 1093 5151 lunam
1135 5098 1453 5152 vicesimam
1489 5098 1710 5153 tertiam
1746 5096 1855 5153 Ka-

284 5187 457 5242 lendis
508 5185 786 5244 Ianuariis
850 5205 866 5244 :
925 5197 987 5243 ut
1042 5195 1163 5243 erat
1224 5187 1446 5243 Nicaano
1500 5189 1723 5245 saeculo.
1782 5191 1852 5244 At

284 5276 457 5332 Isaaci
491 5285 735 5348 tempore
776 5286 894 5334 erat
933 5280 1191 5335 vicesima
1226 5280 1436 5349 quinta.
1475 5278 1610 5334 Nam
1637 5280 1853 5337 novilu-

287 5370 438 5425 nium
481 5386 624 5426 anno
668 5371 873 5428 Christi
920 5371 1052 5427 1571
1105 5371 1335 5442 contigit
1386 5370 1697 5427 Decembris
1726 5387 1848 5439 vut,

286 5460 444 5530 cujus
478 5462 782 5527 character,
825 5461 959 5517 feria
988 5463 1044 5529 2,
1076 5463 1133 5528 5,
1167 5462 1273 5528 28',
1314 5462 1432 5530 27",
1462 5463 1850 5520 Constantino-

288 5553 421 5624 poli,
454 5554 608 5625 cyclo
647 5555 782 5611 solis
817 5554 1066 5612 Romano
1093 5572 1209 5623 VIII,
1240 5557 1422 5611 littera
1449 5556 1510 5612 E.
1547 5556 1717 5627 Igitur
1743 5573 1849 5612 xxv

287 5646 415 5700 luna
448 5645 641 5700 incidit
673 5647 727 5702 in
763 5645 1034 5704 Kalendas
1067 5646 1359 5706 Ianuarias
1386 5651 1514 5705 anni
1562 5651 1845 5722 sequentis

288 5738 451 5798 I572.
479 5737 557 5795 Ita
587 5737 838 5799 Octobris
868 5757 995 5799 xxvi
1040 5742 1127 5801 die
1169 5742 1357 5800 eodem
1401 5757 1544 5799 anno
1576 5742 1703 5799 luna
1740 5759 1848 5798 xxv

2031 4547 2305 4601 Caeterum
2352 4543 2642 4601 Paschalis
2687 4543 2931 4616 computi
2976 4545 3171 4600 vitium
3228 4545 3362 4601 illud
3417 4562 3529 4604 non

1962 4637 2175 4709 primus
2229 4636 2489 4693 odoratus
2551 4645 2638 4692 est
2693 4636 2938 4707 Argyrus
2992 4656 3006 4693 :
3064 4636 3159 4693 sed
3205 4638 3299 4709 qui
3335 4637 3527 4694 eodem

1956 4736 2203 4800 tempore
2266 4728 2447 4783 ﬂoruit
2488 4726 2824 4799 Nicephorus
2872 4728 3160 4799 Gregoras,
3202 4730 3318 4801 qui,
3348 4738 3408 4786 ut
3445 4738 3528 4787 te-

1962 4826 2143 4875 statur
2189 4820 2281 4875 ille
2316 4820 2499 4890 capite
2536 4818 2655 4875 XVI
2677 4861 2694 4887 ,
2734 4818 2997 4877 Paschale
3039 4822 3356 4878 laterculum
3396 4839 3428 4878 a
3466 4838 3528 4880 se

1954 4907 2301 4964 emendatum
2342 4908 2544 4965 obtulit
2577 4907 2897 4980 imperatori
2930 4925 2994 4964 ac
3039 4911 3292 4978 senatui;
3325 4913 3380 4966 in
3417 4928 3528 4984 quo

1953 5000 2177 5056 termini
2207 5000 2376 5055 biduo
2404 5009 2536 5055 ante
2562 4999 2812 5056 Nicaznos
2841 5002 3090 5058 collocati
3118 5010 3265 5060 sunt.
3300 5001 3526 5059 Utrum-

1953 5108 2060 5163 que
2090 5107 2377 5163 canonem,
2433 5100 2671 5148 veterem
2711 5094 2922 5149 scilicet
2971 5109 3034 5148 ac
3080 5094 3396 5161 Nicmnum,
3467 5106 3523 5152 et

1951 5185 2345 5249 recentiorem,
2415 5184 2584 5240 habes
2655 5184 2712 5238 in
2773 5185 2945 5240 lsaaci
3000 5195 3302 5258 computo;
3364 5187 3520 5243 illum

1951 5277 2170 5348 quidem
2219 5278 2325 5334 sub
2359 5277 2682 5332 Damasceni
2732 5278 2987 5343 nomine,
3035 5280 3128 5350 qui
3168 5280 3401 5335 fortasse
3446 5279 3522 5335 ita

1951 5370 2200 5442 digessit,
2235 5371 2404 5441 capit.
2446 5369 2517 5436 Χ,
2554 5371 2783 5426 alterum
2809 5372 2862 5426 in
2890 5370 2992 5427 line
3016 5373 3216 5442 prioris
3254 5372 3516 5442 computi,

1953 5462 2021 5519 de
2072 5479 2179 5534 qua
2223 5461 2515 5532 Nicephori
2565 5463 2919 5533 casugatione
2964 5463 3223 5518 nonnulla
3271 5449 3518 5520 dicemus

1951 5555 2149 5620 obiter,
2189 5571 2309 5625 quae
2338 5556 2403 5610 ad
2454 5555 2833 5610 illustrandam
2864 5552 3178 5626 Grcgoriani
3208 5554 3518 5611 Kalendarii

1950 5648 2391 5719 descriptionem,
2437 5655 2601 5719 atque
2652 5648 2722 5703 ab
2766 5647 3026 5719 Scaligeri
3073 5654 3126 5703 et
3162 5647 3379 5705 Calvisii
3418 5663 3516 5717 op-

1952 5740 2297 5813 pugnatione
2341 5738 2759 5807 vindicandam,
2804 5738 2909 5795 hoc
2966 5748 3049 5795 est
3095 5738 3162 5795 ad
3205 5739 3296 5795 lib.
3342 5736 3388 5793 V
3434 5736 3516 5793 De
