3948 6264
504 276 646 335 “55

1491 276 1580 331 AD
1620 273 1891 331 EUSEBII
1925 272 2320 332 CHRONlCON
2359 271 2716 329 APPENDIX.

3556 280 3661 336 im

502 388 744 445 doctrina
799 397 1087 458 temporum
1140 387 1393 444 ὑπόθεσιν
1449 391 1854 447 accommodata
1917 398 2067 448 sunt.
2096 395 2141 453 Α
2176 389 2300 460 quis
2340 390 2495 460 prius
2530 389 2839 445 institutum
2878 388 3113 445 retinere
3147 404 3203 443 ιιι
3234 386 3466 445 Paschali
3493 396 3659 452 metho-

574 480 680 547 Qui
733 478 1027 535 Paschales
1073 483 1404 537 neomenias
1449 496 1515 535 ac
1568 482 1831 537 terminos
1889 484 1947 538 in
1998 498 2066 539 eo

501 569 763 625 laterculo
805 569 1053 639 digessit,
1099 584 1206 639 quo
1245 568 1510 624 Catholici
1544 584 1737 626 omnes
1777 587 1807 624 a
1845 570 2068 629 Nieatno

499 671 746 731 tempore
771 661 839 716 ad
874 668 1088 716 aetatem
1130 669 1372 717 nostram
1405 663 1779 719 ecclesiastica
1823 672 2066 735 tempora

502 754 913 821 gubernat-unt;
958 762 1246 810 accuratos
1312 768 1377 808 ac
1437 753 1688 809 caelestes
1747 755 1891 810 luna:
1943 771 2062 811 mo-

502 852 593 900 tus
643 847 701 899 in
744 846 1048 901 statuendis
1096 846 1398 901 neomeniis
1443 845 1730 915 diligenter
1772 846 2007 902 obtinuit
2048 865 2064 903 :

501 946 610 1009 quo
641 937 699 991 Iit
731 945 789 992 ut
822 937 890 993 iis
925 937 1037 993 fere
1081 938 1293 1002 diebus,
1324 938 1522 1007 quibus
1550 939 1827 994 novilunia
1866 953 2065 995 secun-

501 1030 630 1084 dum
676 1029 884 1102 ὁμαλὴν
928 1030 1141 1100 κίνησιν
1182 1030 1473 1085 commissa
1514 1038 1662 1094 sunt,
1702 1038 1892 1086 exacte
1936 1045 2069 1085 eon-

502 1130 705 1193 gruaut
728 1140 744 1188 ;
771 1123 984 1178 termini
1011 1137 1138 1177 vero
1168 1120 1479 1185 Paschales,
1516 1122 1630 1178 sive
1652 1121 1877 1177 decima:
1902 1138 2068 1193 quar-

501 1222 594 1280 tze,
644 1214 811 1269 biduo
840 1215 1038 1283 saepius
1091 1213 1385 1283 plcnilunia
1424 1212 1752 1282 praecedant,
1784 1224 2068 1284 propterea

503 1305 651 1375 quod
687 1306 900 1362 decimo
926 1312 1080 1360 sexto
1111 1304 1196 1359 die
1229 1304 1566 1375 frequentius
1597 1306 1666 1360 ab
1694 1321 1779 1370 eo,
1814 1307 1907 1376 qui
1939 1321 2071 1361 neo-

502 1397 739 1454 meniam
793 1397 999 1461 habuit,
1060 1396 1221 1467 plena
1272 1396 1400 1450 luna
1456 1396 1735 1468 contingat
1794 1396 1917 1453 :de
1961 1413 2069 1467 quo

503 1487 560 1542 in
602 1489 790 1558 quinto
832 1487 908 1541 De
949 1486 1194 1540 doctrina
1244 1495 1556 1556 temporum,
1589 1502 1710 1560 cap.
1749 1486 1887 1542 XIII.
1931 1486 2069 1542 lline

501 1593 608 1634 non
625 1592 749 1632 raro
763 1585 888 1633 ante
908 1576 1294 1648 Gregorianam
1319 1577 1611 1633 editionem
1633 1577 1849 1644 accidit,
1871 1587 1930 1634 ut
1945 1578 2073 1635 Pas-

500 1670 602 1725 cha
621 1685 729 1724 uno
746 1670 833 1725 die
853 1678 980 1724 ante
1012 1670 1369 1740 plenilunium
1388 1670 1708 1725 incurreret.
1737 1667 1868 1727 Post
1897 1685 2069 1726 annos

500 1761 627 1818 inde
681 1764 1014 1833 complures,
1064 1778 1190 1819 cum
1236 1763 1401 1819 unius
1446 1764 1558 1833 jam
1605 1762 1714 1819 diei
1762 1766 2069 1838 προήγησιν

499 1854 626 1911 luna
666 1854 888 1911 fecisset
914 1871 928 1911 :
956 1857 1176 1910 termini
1202 1864 1414 1911 veteres
1443 1856 1619 1926 pridie
1647 1856 1767 1926 ejus
1795 1857 1927 1922 diei,
1960 1873 2071 1928 quo

499 1947 677 2004 media
707 1949 976 2018 oppositio
1010 1948 1189 2014 fiebat,
1213 1948 1606 2018 propemodum
1647 1949 1975 2012 inciderunt,
2010 1957 2071 2005 ut

498 2055 565 2096 cx
593 2054 713 2109 cap.
746 2038 886 2108 XIII,
928 2039 1021 2093 lib.
1058 2036 1094 2091 ν
1131 2038 1209 2092 De
1239 2038 1482 2092 doctrina
1514 2048 1806 2107 temporum
1830 2045 2067 2094 constat.

500 2126 710 2183 Exinde
740 2136 865 2198 post
893 2129 1099 2198 aliquot
1126 2131 1347 2191 saecula,
1372 2128 1598 2185 alterius
1625 2128 1731 2183 diei
1756 2129 2071 2200 anticipatio

502 2221 737 2274 mediam
769 2222 1165 2290 oppositionem
1192 2229 1405 2277 veteres
1437 2222 1491 2275 in
1519 2222 1782 2278 terminos
1802 2223 2067 2294 provexit,

499 2314 562 2362 ut
585 2319 697 2363 tum
718 2307 1010 2365 Paschales
1028 2309 1241 2364 termini
1262 2325 1448 2366 revera
1470 2319 1654 2366 essent
1670 2312 1989 2383 plenilunia.
2017 2322 2071 2368 et

498 2398 715 2455 decimo
751 2406 909 2454 sexto
941 2400 1029 2456 die
1055 2401 1123 2454 ab
1161 2401 1448 2456 neomenia
1484 2401 1893 2472 contingerent,
1923 2403 2070 2474 quod

499 2489 718 2560 quidem
763 2490 865 2546 sub
905 2490 1061 2546 Beda:
1091 2499 1306 2563 tempus
1341 2493 1541 2548 evenit.
1576 2492 1741 2548 Isaaci
1773 2510 1937 2565 porro
1970 2511 2071 2552 sae-

499 2583 625 2637 culo
657 2584 818 2652 paulo
850 2584 973 2654 plus
1014 2584 1224 2639 dierum
1255 2585 1428 2667 trium
1450 2587 1780 2658 προήγησις,
1820 2587 2069 2659 Gregorii

498 2669 619 2725 XIII
674 2678 856 2739 aetate,
902 2673 1182 2743 quatridui
1223 2680 1307 2729 est
1361 2673 1472 2729 fere
1513 2676 1784 2743 confecta,
1831 2677 1965 2732 adeo
2009 2686 2071 2732 ut

498 2761 705 2817 Nica-ni
728 2764 945 2819 termini
970 2763 1237 2819 decimam
1269 2773 1514 2820 octavam
1543 2767 1726 2821 lunam
1756 2769 2068 2827 redderent.

501 2851 643 2907 Iluie
693 2852 1044 2909 incommodo
1090 2854 1503 2910 neomeniarum
1570 2855 1950 2923 Paschalium,
2005 2875 2071 2916 ac

501 2945 860 3001 terminorutn
891 2947 1177 3002 translatio
1205 2947 1505 3002 remedium
1539 2949 1753 3016 attulit;
1785 2966 1906 3020 qua:
1944 2966 2068 3006 cum

500 3033 714 3089 dierum
754 3048 1016 3104 praeterea
1072 3035 1260 3091 decem
1320 3037 1627 3103 ablatione,
1667 3055 1834 3110 quam
1874 3042 2068 3098 solaris
2097 3070 2138 3127 ο

501 3138 681 3178 annus
725 3125 997 3195 exigebat,
1041 3132 1152 3178 tam
1197 3133 1502 3194 opportune
1548 3125 1691 3182 facta
1742 3135 1846 3193 est,
1891 3137 1951 3182 ut
2001 3130 2072 3184 ab

502 3215 745 3286 antiquis
786 3216 1058 3281 terminis,
1095 3230 1158 3271 ac
1192 3216 1430 3275 Nic-amis
1463 3233 1571 3274 uno
1604 3226 1815 3274 tantum
1856 3220 1945 3277 die
1978 3222 2075 3277 de-

500 3311 845 3367 scenderent.
887 3316 1046 3367 Anno
1085 3312 1291 3369 Christi
1326 3329 1596 3379 cccxxm,
1647 3317 1931 3372 neomenia
1957 3315 2076 3379 ,Pa-

502 3403 708 3460 sebalis
754 3404 909 3475 cyelo
947 3405 980 3459 3
1020 3405 1212 3460 incidit
1258 3407 1312 3461 in
1370 3406 1545 3460 Martii
1596 3421 1754 3471 χχιιι,
1792 3422 1899 3461 una
1947 3422 2072 3462 cum

501 3497 871 3550 astronomica
917 3498 1178 3567 syzygia;
1218 3499 1526 3565 terminus,
1575 3497 1779 3571 Aprilis
1824 3516 1882 3566 v,
1931 3515 2074 3556 anno

504 3586 666 3649 1577,
712 3587 867 3658 eyelo
922 3587 1112 3643 eodem
1174 3588 1514 3643 novilunium
1568 3591 1926 3646 commissum
1992 3600 2075 3646 est

501 3673 681 3729 Martii
734 3692 846 3740 xix,
894 3675 1105 3731 decima
1149 3684 1344 3747 quarta
1382 3676 1686 3745 Paschalis,
1726 3678 1929 3749 Aprilis
1966 3676 2074 3732 Ka-

502 3763 700 3819 lendis.
730 3763 1028 3835 Expunctis
1067 3765 1254 3821 decem
1298 3766 1488 3822 diebus
1528 3765 1748 3822 Nicmna
1785 3768 2072 3822 neomenia

503 3854 734 3909 cadebat
761 3855 815 3910 in
852 3854 1028 3909 Martii
1061 3872 1195 3913 χχιι
1225 3857 1368 3912 diem
1406 3876 1420 3912 :
1452 3859 1721 3914 terminus
1752 3858 1805 3912 in
1834 3872 1888 3911 xt
1911 3857 2073 3927 Apri-

501 3942 592 3999 lis.
631 3943 703 3997 At
758 3945 861 3999 hoc
906 3943 1070 3999 modo
1114 3944 1280 4000 biduo
1335 3947 1555 4001 circiter
1607 3955 1734 4002 ante
1775 3946 2072 4017 plenilunia

503 4050 648 4105 Saepe
671 4036 1052 4106 contigissent.
1097 4037 1212 4092 Hoc
1250 4054 1319 4093 ne
1365 4038 1537 4105 fieret,
1578 4038 1909 4108 Gregoriana
1950 4054 2075 4092 cor-

502 4124 672 4179 rectio
715 4133 823 4178 tam
865 4126 1181 4182 neornenias
1238 4142 1401 4198 quam
1457 4128 1721 4183 terminos
1775 4125 2071 4183 Paschales

502 4233 614 4273 uno
639 4217 727 4274 die
765 4219 1099 4285 summovit;
1131 4222 1287 4290 quasi
1320 4219 1486 4275 tridui
1528 4220 1907 4275 tantummodo
1937 4221 2073 4274 anti-

501 4309 828 4380 cipationem
861 4311 989 4364 luna
1018 4310 1344 4381 collegisset.
1381 4311 1461 4365 Ita
1502 4326 1761 4366 numerus
1802 4326 2001 4366 aureus
2027 4328 2066 4376 ι,

2164 482 2237 536 do
2282 480 2601 552 castiganda
2657 477 2951 546 voluisset;
2997 479 3312 535 neomenias
3347 494 3409 535 ac
3445 485 3660 543 terminos

2165 573 2519 644 anticipasset
2545 570 2726 626 triduo
2762 567 2956 628 s‘olido.
2997 570 3102 627 Sed
3134 572 3235 627 hac
3259 572 3458 630 ratione
3488 581 3661 636 termini

2164 664 2328 721 biduo
2373 678 2611 735 persaepe
2655 660 3010 733 plenilunium
3055 664 3467 730 antevenissent,
3497 668 3564 722 uti
3591 668 3662 723 Ni-

2166 770 2318 809 eaeno
2348 755 2547 809 saeculo
2579 753 2825 809 evenisse
2854 753 3111 808 diximus.
3140 752 3321 819 Quare
3348 754 3496 810 biduo
3520 759 3566 812 in
3593 775 3663 815 an-

2173 844 2375 900 teriora
2406 856 2725 913 promovere
2753 843 2926 898 satius
2968 841 3088 896 fuit.
3127 841 3284 908 Quod
3310 850 3362 897 et
3384 842 3661 916 Nicephorus

2166 936 2439 1008 praestitit.
2474 932 2579 988 Sed
2610 950 2717 989 non
2750 934 2821 989 ob
2850 935 2924 998 id,
2956 942 3014 988 ut
3044 934 3141 999 illi,
3172 935 3318 1004 quod
3346 935 3470 999 dixi,
3498 938 3663 994 incon-

2167 1024 2332 1079 modo
2379 1024 2719 1091 subveniret;
2757 1024 2824 1078 ad
2867 1023 3012 1094 quod
3052 1020 3369 1095 Gregoriani
3406 1026 3666 1086 Kalendarii

2175 1118 2488 1173 conditores
2519 1123 2823 1186 respectum
2858 1116 3161 1173 habuerunt
3193 1137 3208 1172 :
3240 1132 3423 1172 verum
3462 1121 3581 1188 quod
3608 1123 3667 1177 ita

2167 1223 2488 1278 persuasum
2537 1208 2822 1272 haberent,
2856 1209 3121 1263 terminos
3152 1208 3439 1264 Paschales
3471 1208 3665 1270 Nicaanos

2166 1302 2518 1355 concurrisse
2547 1314 2672 1354 eum
2716 1299 3053 1370 pleniluniis.
3086 1300 3192 1368 Qui
3227 1300 3329 1355 fuit
3360 1317 3499 1356 error
3531 1302 3666 1358 Theo-

2167 1390 2321 1460 phili,
2358 1390 2545 1460 Cyrilli
2593 1405 2656 1444 ac
2702 1390 3038 1460 reliquorum
3090 1390 3348 1461 deinceps
3390 1400 3667 1462 computata-

2168 1498 2315 1549 rum,
2349 1482 2416 1537 ad
2448 1478 2671 1547 Bedam,
2702 1491 2755 1538 et
2783 1482 2926 1537 inI’ra
2961 1482 3082 1554 ejus
3121 1491 3337 1539 aetatem
3380 1501 3393 1537 :
3429 1500 3567 1554 quem
3594 1500 3667 1539 nos

2169 1574 2225 1629 in
2255 1572 2299 1628 V
2337 1568 2416 1628 De
2453 1572 2700 1629 doctrina
2750 1583 3064 1643 temporum,
3112 1590 3237 1646 cap.
3282 1573 3439 1629 XXIII
3483 1576 3670 1632 convici-

2170 1679 2313 1720 mus.
2365 1664 2506 1719 llinc
2545 1673 2628 1721 est
2667 1666 2812 1736 quod
2863 1664 3221 1736 plenilunium
3264 1681 3401 1735 saepe
3432 1667 3499 1720 illi
3528 1667 3671 1721 termi-

2170 1772 2303 1811 num
2345 1757 2640 1828 appellant,
2670 1758 2755 1813 vel
2792 1768 3042 1828 quartam
3072 1758 3361 1823 decimam,
3393 1766 3448 1812 ut
3479 1767 3525 1812 et
3560 1756 3670 1814 Isaa-

2170 1862 2269 1904 cus
2302 1857 2510 1913 noster,
2547 1866 2656 1904 non
2688 1865 2751 1905 ea
2782 1852 3001 1920 quidem
3049 1852 3265 1905 ratione
3303 1865 3455 1921 quam
3482 1850 3669 1920 Scaliger

2170 1947 2226 1995 et
2266 1941 2536 1995 Calvisius
2584 1941 2882 1997 defendunt
2922 1942 3161 2015 (tametsi
3208 1940 3441 2012 Scaliger
3474 1956 3500 1994 a
3527 1940 3670 1996 Clario

2172 2038 2362 2086 nostro
2394 2030 2657 2088 dedoctus
2696 2032 2929 2104 pristina
2981 2034 3051 2087 ab
3093 2033 3363 2088 sententia
3393 2032 3607 2093 recessit,
3629 2039 3669 2085 ut

2171 2123 2358 2178 eodem
2392 2124 2530 2179 libro
2567 2126 3011 2197 monstravimuS)
3038 2164 3054 2190 ,
3086 2124 3248 2196 quasi
3281 2138 3537 2194 nunquam
3562 2122 3669 2179 deci-

2171 2225 2260 2264 mo
2300 2212 2497 2280 quinto
2537 2211 2625 2269 die
2670 2214 2740 2267 ab
2784 2215 3070 2269 neomenia
3100 2210 3311 2269 Pascha
3350 2212 3592 2267 celebrare
3624 2210 3669 2264 lio

2171 2302 2384 2358 ett-erit:
2420 2301 2516 2357 sed
2563 2304 2648 2359 vel
2698 2303 2753 2358 in
2801 2317 2913 2359 χιιι
2949 2320 3122 2375 usque
3171 2304 3352 2357 lunam
3383 2300 3668 2357 diIl‘undinev

2171 2405 2327 2447 eesse
2371 2392 2536 2448 fuerit
2582 2410 2825 2449 :verum
2877 2395 3033 2459 ideo,
3086 2394 3237 2465 quod
3292 2394 3552 2450 neomenia
3593 2408 3671 2447 uno

2171 2491 2294 2553 post
2326 2482 2553 2556 ἀκριϐὲς
2589 2487 2929 2540 novilunium
2974 2486 3062 2540 die
3107 2486 3479 2541 collocaretur.
3508 2483 3601 2539 Hoc
3630 2489 3672 2538 ut

2171 2587 2396 2652 tyrones
2442 2595 2639 2651 capere
2684 2581 2878 2636 melius
2923 2579 3158 2650 possint,
3190 2580 3400 2635 tabulas
3444 2579 3670 2648 subjiciam

2171 2673 2310 2729 duas
2338 2673 2548 2729 lunaris
2581 2672 2744 2730 unius
2784 2673 2921 2745 cyeli
2963 2672 3030 2727 ad
3064 2683 3357 2742 utrumque
3388 2678 3588 2742 tempus,
3605 2668 3672 2722 Ni-

2170 2769 2305 2824 caeni
2349 2769 2591 2834 concilii,
2644 2776 2702 2824 et
2750 2767 2922 2824 Isaaci
2965 2766 3193 2838 Argyri;
3244 2772 3303 2821 ut
3342 2781 3405 2821 ex
3447 2764 3671 2818 ambarum

2171 2859 2578 2929 comparatione
2622 2858 2767 2912 luna:
2801 2856 3141 2926 anticipatio,
3170 2862 3224 2910 et
3251 2854 3522 2924 Nieephori
3546 2852 3672 2907 casti-

2171 2950 2317 3024 gatio
2347 2950 2623 3005 intellectu
2661 2949 2733 3005 sit
2774 2947 3008 3003 facilior.
3038 2946 3098 3002 ιιι
3132 2956 3363 3017 utraque
3391 2945 3554 3000 tabula
3582 2957 3671 2998 ver-

2172 3058 2266 3097 sus
2305 3049 2466 3097 erunt
2499 3056 2596 3096 vn.
2631 3038 2850 3095 Primus
2877 3055 3102 3095 aureum
3135 3054 3416 3094 numerum
3440 3036 3588 3103 dabit;
3611 3050 3671 3091 se-

2172 3133 2386 3188 cundus
2419 3133 2632 3204 cyclum
2669 3132 2803 3188 solis
2832 3131 3171 3196 Romanum;
3207 3131 3397 3187 tertius
3425 3126 3670 3183 Dominica-

2169 3224 2274 3280 lem
2325 3224 2594 3291 litteram;
2646 3230 2878 3294 quartus
2935 3222 3277 3279 novilunium
3324 3221 3476 3293 primi
3518 3217 3672 3274 mensis

2171 3314 2324 3371 verni
2345 3329 2470 3371 cum
2496 3314 2836 3380 charactere,
2867 3313 2935 3368 ad
2961 3313 3323 3369 meridianum
3350 3313 3673 3369 Constantino.

2171 3406 2389 3478 poleos;
2435 3407 2661 3477 quintus
2704 3405 2847 3461 diem
2895 3405 3106 3461 civilem
3149 3403 3352 3461 Juliani
3393 3407 3601 3471 mensis;
3633 3404 3672 3458 in

2169 3510 2332 3567 quem
2367 3496 2653 3551 neomenia
2688 3504 2996 3569 competere
3035 3496 3253 3564 debuit;
3285 3505 3463 3553 sextus
3492 3494 3674 3565 plenilu-

2171 3590 2323 3644 nium
2363 3587 2569 3645 mensis
2595 3588 2876 3658 ejusdem:
2916 3588 3182 3658 septimus
3212 3589 3480 3660 plenilunii
3507 3587 3672 3642 civilem

2170 3681 2336 3737 diem.
2388 3684 2467 3735 Ac
2508 3688 2618 3734 tam
2673 3680 2731 3734 in
2771 3680 3054 3735 neomenia
3106 3696 3271 3751 quam
3324 3681 3377 3735 in
3430 3677 3673 3751 plenilunio

2172 3772 2225 3827 id
2278 3772 2659 3837 observamus,
2694 3779 2755 3825 ut
2800 3772 3016 3842 quoties
3070 3772 3331 3827 horarum
3379 3770 3673 3842 epilogismus

2171 3863 2456 3919 duodecim
2487 3864 2650 3920 horas
2678 3863 2910 3928 excedit,
2935 3880 3055 3934 quae
3081 3864 3152 3920 ab
3183 3873 3343 3921 nocte
3378 3862 3534 3919 media
3558 3873 3674 3915 com-

2173 3963 2455 4025 putantur,
2489 3954 2558 4010 ad
2593 3964 2888 4026 utrumque
2921 3971 3155 4025 sequens
3196 3958 3312 4011 dies
3349 3954 3511 4011 civilis
3540 3949 3672 4008 ascri-

2174 4044 2333 4100 batur
2368 4063 2383 4100 :
2417 4045 2562 4115 quod
2603 4046 2922 4100 laterculum
2955 4045 3234 4102 Nieaenum
3275 4045 3486 4101 minime
3518 4039 3668 4098 tenuit.

2176 4134 2246 4190 Ut
2271 4135 2326 4189 in
2352 4149 2496 4191 anno
2522 4137 2716 4206 primo,
2749 4152 2871 4192 eum
2912 4137 3248 4192 novilunium
3278 4145 3425 4193 sexta
3451 4135 3550 4190 fere
3580 4137 3670 4202 post

2171 4226 2451 4283 meridiem
2487 4227 2621 4282 hora
2661 4228 2768 4284 diei
2804 4244 2935 4284 xxm
2965 4227 3141 4284 Martii
3175 4228 3471 4300 contigerit,
3496 4237 3669 4280 neome-

2172 4319 2261 4374 nia
2298 4327 2481 4376 tamen
2522 4336 2658 4376 xxnt
2691 4321 2810 4391 ipso
2842 4320 2931 4378 die
2958 4323 3249 4380 constituta
3278 4327 3380 4383 est,
3408 4332 3516 4389 qua:
3537 4322 3670 4370 astro-

500 4400 678 4471 quiad
693 4417 760 4456 xx
780 4400 1398 4473 Martiiprogressionem
1416 4402 1609 4459 fecisse
1623 4402 2062 4473 ponitur,adxxx
2097 4415 2140 4470 1)
2169 4412 2386 4468 nomico
2423 4412 2635 4467 calculo
2682 4412 2736 4467 in
2783 4422 3098 4484 sequentem
3132 4413 3449 4469 refunditur.
3480 4408 3572 4464 Has
3601 4420 3670 4475 sy-

500 4491 682 4548 Martii
723 4492 1046 4561 descendit;
1092 4502 1150 4549 ut
1189 4495 1456 4550 terminus
1488 4496 1543 4549 in
1572 4511 1649 4550 xu
1681 4494 1824 4550 diem
1859 4495 2066 4566 Aprilis

500 4599 849 4662 congrueret.
883 4590 1024 4646 Hinc
1065 4592 1212 4647 enim
1250 4591 1470 4656 accidit,
1502 4599 1563 4645 ut
1602 4592 1820 4647 termini
1869 4593 2069 4663 smpius

505 4680 559 4734 in
592 4697 714 4735 eum
749 4681 892 4737 diem
924 4692 1276 4747 concurrant,
1319 4683 1413 4752 qui
1440 4689 1525 4738 est
1551 4678 1729 4752 pridie
1754 4683 1926 4747 illius,
1958 4700 2068 4753 quo

503 4773 860 4842 plenilunium
885 4773 1103 4829 accidit.
1131 4772 1208 4829 De
1231 4787 1340 4845 qua
1368 4789 1424 4830 re
1454 4768 1667 4844 plenius
1693 4780 1874 4829 actum
1895 4783 1979 4829 est
2008 4774 2062 4829 in

398 4916 406 4923 ,
506 4863 547 4918 ν
575 4864 927 4921 Dc'doctrina
958 4875 1264 4934 temporum.

582 4953 647 5013 Ut
669 4955 737 5010 ad
762 4962 976 5013 aetatem
995 4956 1287 5026 Nieephori
1324 4962 1380 5012 et
1406 4957 1578 5013 Isaae)
1604 4964 1912 5012 revertatur
1939 4971 2065 5011 ora-

504 5047 613 5115 tio,
656 5062 785 5104 cum
836 5047 1006 5105 tridui
1028 5055 1159 5105 tunc
1200 5049 1329 5104 luna
1372 5051 1675 5120 προῄγησιν
1717 5045 1969 5113 haberet;
2015 5045 2065 5103 si

2170 4504 2355 4575 zygias
2381 4520 2446 4559 ex
2474 4504 2659 4559 tabula
2685 4520 2808 4576 cap.
2840 4504 2908 4575 Χ,
2938 4504 3038 4563 lib.
3062 4501 3153 4561 VII
3180 4506 3255 4561 De
3274 4504 3498 4559 doctrina
3518 4509 3670 4566 tempo-

2170 4612 2285 4650 rum
2335 4600 2733 4669 excerpsimus,
2764 4616 2884 4671 qua:
2929 4618 3039 4657 non
3089 4603 3274 4658 minus
3317 4605 3559 4656 accuratae
3589 4594 3672 4648 sint

2171 4704 2333 4757 quam
2361 4705 2483 4759 quae
2510 4706 2576 4745 ex
2607 4691 2992 4750 astronomicis
3035 4693 3238 4749 tabulis
3283 4691 3403 4747 libri
3444 4685 3544 4742 VIII
3569 4698 3671 4739 cou-

2173 4780 2455 4847 Iieiuntur,
2505 4798 2684 4854 neque
2739 4784 2969 4839 multum
3026 4785 3095 4841 ab
3143 4785 3251 4841 illis
3293 4783 3593 4850 discrepant,
3628 4778 3672 4824 et

2170 4881 2393 4944 propter
2423 4872 2739 4944 adjunctum
2785 4874 2935 4932 feriae
2955 4876 3320 4934 characterem
3350 4873 3413 4929 ad
3442 4867 3669 4942 negouum

2170 4965 2592 5035 opportuniores
2626 4949 2903 5025 'videntur.
