3948 6264
227 371 354 428 1M!

1199 361 1650 418 DlSSERTATlO
1687 361 1776 418 DE
1815 357 2226 417 GR/ECORUM
2264 356 2467 414 IERIS.

3300 361 3322 413 1
3331 361 3442 418 ΜΞ

221 491 422 556 epacta:
451 498 575 545 xxv,
607 495 727 550 quae
755 496 878 535 cum
911 495 982 533 xx
1023 479 1215 533 diebus
1261 478 1436 532 Martii
1464 477 1595 531 dant
1633 493 1732 532 va
1759 495 1776 544 ;
1812 487 1852 540 Α
1881 476 2016 546 ginti
2054 515 2069 540 ,
2101 475 2304 529 idcirco
2341 471 2748 529 accommodata
2794 471 3004 543 integra
3035 472 3273 545 syzygia,
3306 489 3441 530 con-

225 586 281 632 ut
311 577 473 646 igitur
507 590 663 629 Lxxiv
693 573 810 628 dies
837 574 1125 634 exsistant,
1163 569 1394 625 addendi
1434 585 1586 624 xxix.
1617 567 1777 624 Fient

223 669 308 723 74.
349 668 612 722 Detractis
640 668 728 724 ϐυ,
770 666 972 721 residui
1004 672 1130 720 sunt
1174 665 1258 717 14.
1297 662 1564 718 Caeterum
1610 663 1677 716 ad
1706 661 1777 715 20

219 762 332 817 dies
377 761 576 826 Martii,
625 759 820 812 additis
842 758 930 822 9.9,
963 765 1012 811 et
1055 771 1122 809 ex
1158 770 1373 810 summa
1399 754 1491 816 49,
1527 754 1776 809 deductis

218 853 275 908 3|
303 853 500 915 Martii,
528 859 696 906 restat
727 850 928 920 Aprilis
959 849 1047 910 18,
1091 847 1146 902 in
1189 862 1352 917 quam
1384 846 1647 901 terminus
1677 846 1778 900 Pan

215 945 416 999 schalis
454 943 706 998 Nicmnus
757 941 1028 1012 congruit,
1078 939 1230 1011 cyclo
1255 954 1372 992 vm.

199 1073 208 1100 ,
281 1038 351 1090 At
377 1043 600 1090 sanctus
640 1034 882 1088 Andreas
911 1031 1209 1094 Cretensis,
1235 1037 1294 1084 ιιι
1327 1029 1468 1085 idem
1508 1028 1775 1085 terminus

211 1129 544 1191 obtineatur,
572 1129 837 1182 labentem
870 1127 1010 1180 lunae
1040 1126 1252 1196 cyclum
1283 1139 1379 1194 per
1422 1140 1474 1177 xl
1507 1122 1773 1192 multipli-

210 1228 318 1276 cat.
375 1220 614 1275 Summa:
669 1220 908 1274 collecta:
939 1233 1033 1272 sex
1077 1218 1193 1272 dies
1241 1215 1450 1284 adjicit,
1501 1231 1638 1285 quas
1678 1217 1771 1267 ἀπ’

209 1313 418 1368 αἰώνων
449 1321 628 1380 vocat,
677 1328 850 1381 usque
902 1309 969 1364 ad
1007 1312 1222 1380 cyclum
1274 1324 1400 1374 im;
1461 1309 1614 1378 cyclo
1642 1322 1772 1362 vero

209 1396 352 1470 xvii,
393 1423 529 1461 xviu
578 1413 631 1460 et
666 1422 756 1460 xix
801 1414 1006 1474 septem
1045 1402 1212 1458 addit.
1245 1401 1377 1456 Post
1422 1401 1536 1456 haec
1562 1401 1768 1470 integra

209 1514 420 1556 summa
453 1496 548 1570 per
577 1499 646 1553 50
681 1499 905 1559 tributa,
938 1496 1083 1565 quod
1106 1495 1372 1565 reliquum
1399 1503 1482 1548 est
1513 1508 1543 1546 a
1571 1491 1767 1547 Martio

207 1594 410 1662 putari,
447 1593 605 1661 eique
646 1601 903 1660 quantum
943 1590 1152 1643 dierum
1186 1603 1323 1657 opus
1349 1595 1432 1642 est
1476 1586 1600 1642 addi
1631 1602 1770 1657 pra:-

207 1685 360 1753 cipit,
387 1693 444 1738 ut
493 1698 750 1737 numerus
777 1682 844 1736 ad
882 1680 1272 1752 quinquaginta
1302 1681 1602 1749 perveniat,
1633 1679 1768 1734 adeo

206 1784 266 1830 ut
295 1777 459 1832 etiam
488 1777 554 1830 de
586 1777 753 1844 Aprili
787 1775 989 1844 aliquid
1035 1773 1383 1843 adjungatur.
1413 1771 1615 1826 Horum
1653 1771 1767 1825 die-

204 1883 326 1922 rum
362 1868 585 1922 ultimus
617 1866 824 1922 Pascha
852 1865 1137 1920 Iudaicum
1169 1864 1292 1920 erit.
1335 1865 1505 1933 Cujus
1535 1863 1763 1927 decreti,

202 1977 272 2014 ne
299 1961 429 2029 quid
460 1960 790 2030 diligentiam
815 1966 1058 2014 nostram
1079 1956 1358 2028 etl'ugeret,
1393 1970 1613 2010 causam
1643 1967 1768 2010 esse

201 2053 590 2121 comperimus.

272 2144 490 2214 Epactze
520 2145 760 2206 lunares,
795 2156 914 2212 quae
951 2141 1203 2195 Martium
1245 2139 1592 2206 antecedunt,
1639 2147 1767 2193 sunt

197 2236 408 2291 residui
444 2236 560 2291 dies
577 2247 697 2306 post
741 2235 983 2288 ultimam
1007 2233 1278 2305 syzygiam
1313 2251 1326 2288 :
1363 2247 1596 2302 quorum
1619 2246 1762 2285 com-

199 2331 532 2398 plementum
578 2327 643 2382 ad
672 2343 802 2391 xxx,
837 2326 1169 2380 lunationem
1216 2339 1334 2379 eam
1376 2325 1608 2394 perlicit,
1647 2339 1767 2394 quae

197 2422 445 2476 nondum
506 2419 786 2476 Paschalis
833 2434 954 2474 esse
1012 2424 1207 2488 potest.
1264 2415 1432 2487 Igitur
1484 2416 1765 2470 Paschalis

193 2515 330 2578 erit,
367 2527 706 2582 quaecunque
735 2519 878 2580 ,post
930 2510 1136 2578 ipsam,
1193 2509 1458 2564 decimam
1514 2516 1764 2576 quartam

193 2606 360 2659 habet
397 2604 452 2658 in
495 2621 581 2658 XXI
605 2603 802 2666 Martii,
843 2610 935 2656 aut
964 2603 1206 2672 proxime
1243 2610 1366 2672 post
1392 2617 1500 2654 xxi.
1533 2599 1767 2655 Proinde

192 2698 262 2751 ad
293 2704 548 2766 epactam
595 2695 792 2750 addere
837 2701 1071 2764 oportet,
1118 2694 1261 2748 ultra
1307 2694 1764 2763 complementum

189 2787 353 2859 ejus,
407 2803 518 2856 quo
574 2787 780 2856 integra
830 2785 1046 2857 syzygia
1096 2785 1407 2855 perlicxtur;
1475 2783 1591 2838 dies
1649 2797 1761 2849 xw,

193 2881 262 2934 ad
296 2880 566 2935 decimam
602 2888 850 2948 quartam
892 2877 1120 2948 syzygiae
1158 2876 1494 2946 insequentis
1517 2875 1764 2930 obtinen-

191 2971 343 3025 dam.
397 2970 528 3036 Quaa
565 2971 779 3039 quidem
834 2969 878 3024 si
929 2969 995 3022 ad
1041 2983 1131 3022 xxi
1193 2967 1368 3021 Martii
1425 2967 1762 3036 pervenerit,

191 3063 388 3131 utique
435 3060 715 3115 Paschalis
761 3060 881 3114 erit.
933 3056 1028 3112 Sin
1083 3059 1300 3121 minus,
1356 3059 1456 3111 toti
1503 3074 1607 3112 xxx
1646 3059 1763 3113 dies

1882 568 2018 621 ﬁunt
2043 567 2160 622 dies
2200 581 2362 630 thx;
2394 564 2461 618 de
2491 564 2688 634 quibus
2717 562 2998 620 subductis
3036 564 3216 619 Martii
3247 565 3438 623 diebus

1880 672 2031 721 xxxi,
2083 663 2290 712 restant
2324 669 2481 708 xvm.
2553 651 2767 707 Rursus
2830 652 3136 722 inquiratur
3176 656 3438 712 terminus

1879 746 2034 816 cyclo
2075 745 2218 799 lunae
2253 759 2406 798 xvm.
2437 742 2649 813 Epactaa
2680 751 2807 796 sunt
2835 758 2989 808 xvm,
3015 743 3081 798 ad
3111 761 3246 814 quas
3279 760 3438 800 acce-

1879 835 2017 890 dunt
2052 851 2148 900 vit,
2181 841 2242 889 ut
2272 834 2401 888 ﬁant
2433 849 2558 894 xxv,
2599 835 2800 904 quibus
2833 835 2898 888 ad
2928 835 3319 904 quinquaginta
3349 835 3440 891 de-
3513 897 3515 899 ,

1877 937 2005 984 sunt
2038 943 2164 981 xxv.
2219 926 2359 996 Ergo
2401 925 2587 980 Martii
2614 925 2701 980 die
2733 941 2841 979 xxv
2873 934 3065 996 quarta
3096 927 3304 982 decima
3333 926 3437 981 Pa-

1874 1019 2076 1074 schalis
2116 1020 2345 1073 incurrit
2369 1019 2520 1090 cyclo
2545 1016 2788 1073 Romano
2810 1035 2898 1081 xv,
2935 1019 3435 1090 Constantinopoli-
3529 1007 3538 1018 ”

1875 1119 2003 1165 tano
2048 1124 2203 1164 xvm.
2256 1110 2411 1164 idem
2447 1108 2556 1174 ﬁet,
2595 1109 2640 1164 si
2676 1117 2987 1178 epactarum
3020 1126 3154 1164 xvm
3199 1112 3439 1181 complc-

1873 1207 2116 1254 mentum
2148 1201 2215 1255 ad
2249 1216 2406 1267 xuii,
2450 1200 2553 1255 hoc
2581 1208 2666 1256 est
2699 1217 2804 1254 xxv
2846 1216 3101 1256 numeres
3131 1201 3438 1258 aKalendis

1873 1289 2101 1347 Martiis.
2135 1290 2261 1346 Haec
2290 1293 2578 1349 methodus
2611 1293 2792 1349 locum
2830 1293 2988 1350 habet
3009 1295 3062 1348 in
3092 1293 3325 1350 Nicaenis
3347 1310 3438 1366 sy-

1873 1383 2062 1454 zygiis.
2101 1383 2255 1450 Quod
2281 1384 2327 1439 si
2359 1387 2718 1457 προηγήσεως
2750 1385 2957 1440 lunaris
2980 1385 3244 1440 rationem
3269 1387 3438 1441 duce-

1871 1489 1929 1528 re
1950 1474 2076 1544 quis
2103 1475 2273 1541 velit,
2305 1482 2485 1545 potest
2519 1476 2588 1530 ad
2629 1483 2876 1546 epactam
2907 1477 3025 1532 dies
3066 1476 3264 1531 addere
3309 1477 3438 1531 toti-

1869 1559 2014 1626 dem,
2047 1572 2179 1632 quot
2209 1563 2339 1616 luna
2387 1563 2676 1632 pristinam
2720 1563 2981 1634 epocham
3025 1565 3338 1632 antevertit,
3374 1572 3436 1619 ut

1870 1650 2090 1707 Isaacus
2113 1651 2358 1723 Argyrus
2381 1652 2637 1707 instituit.

2457 1743 2685 1800 CAPUT
2719 1743 2836 1799 ΧΠ.

1798 1845 1841 1899 Β
1867 1833 2182 1888 Declaratur
2223 1852 2349 1889 usus
2403 1837 2633 1905 computi
2677 1837 2963 1905 superioris
3004 1834 3342 1903 Grecorum,
3384 1847 3437 1892 et

2007 1907 2389 1974 prwcipuorum
2434 1906 2688 1976 festorum
2723 1908 2971 1975 exemplis
3015 1910 3291 1963 astruitur.

1939 1993 2198 2065 Superest
2229 2003 2287 2049 ut
2325 1994 2498 2050 Graeci
2529 1978 2788 2066 computi,
2817 2011 2976 2066 quem
3012 2006 3265 2052 accurate
3305 1997 3436 2052 hac-

1867 2096 2027 2142 tenus
2072 2087 2471 2153 enarravimus,
2506 2104 2664 2143 usum
2713 2104 2776 2143 ac
2821 2089 3058 2144 fructum
3091 2089 3434 2158 experiamur

1867 2179 1922 2232 in
1964 2178 2117 2234 festis
2173 2179 2388 2233 illorum
2425 2179 2718 2249 praecipuis
2768 2179 3108 2251 indagandis,
3163 2196 3284 2250 quae
3333 2195 3434 2233 nos

1866 2271 2085 2325 mobilia
2118 2271 2282 2340 vulgo
2323 2286 2726 2341 nuncupamus.
2751 2271 2825 2324 Ea
2865 2287 3026 2341 porro
3051 2272 3434 2327 describuntur

1866 2363 1920 2416 in
1950 2363 2165 2417 illorum
2191 2361 2504 2433 Horologio,
2528 2365 2670 2434 quod
2694 2361 2938 2418 Venetiis
2959 2365 3162 2418 editum
3185 2373 3270 2420 est
3290 2378 3434 2419 anno

1865 2450 2067 2506 Christi
2117 2451 2272 2506 1555.
2318 2451 2488 2520 Cujus
2525 2452 2578 2505 in
2613 2453 2813 2507 calcem
2845 2467 3108 2507 annorum
3153 2467 3221 2506 ιιι.
3264 2453 3436 2507 series

1865 2541 2213 2606 describitur,
2248 2542 2314 2595 ab
2344 2557 2488 2597 anno
2543 2544 2726 2598 mundi
2788 2542 2924 2597 70M
2974 2545 3042 2599 ad
3092 2545 3433 2614 7085:quo-

1865 2645 1984 2684 rum
2017 2631 2071 2684 in
2117 2630 2347 2700 singulis
2381 2631 2644 2686 festorum
2691 2646 2754 2685 ac
2797 2631 3175 2702 religiosorum
3221 2631 3430 2686 dierum

1867 2728 2110 2789 tempora
2141 2721 2516 2776 continentur.

1933 2808 2116 2864 Primo
2137 2811 2258 2864 loco
2298 2813 2332 2882 ἡ
2362 2812 2652 2884 παραμονὴ
2684 2811 2794 2864 τῶν
2823 2811 3056 2882 Χριστοῦ
3093 2811 3293 2880 γεννῶν
3327 2827 3429 2882 po-

1865 2901 2032 2967 nitur,
2077 2902 2180 2957 hoc
2213 2911 2296 2958 est
2343 2903 2536 2974 Vigilia
2585 2903 2794 2960 Natalis
2826 2904 3058 2969 Domini,
3089 2905 3245 2975 cujus
3296 2903 3431 2960 feria

1865 3001 2103 3048 notatur.

1936 3082 2212 3148 Secundo,
2240 3084 2597 3155 Κρεωφάγια,
2632 3083 2736 3138 hoc
2773 3092 2856 3138 est
2896 3083 3018 3138 dies
3036 3099 3226 3138 omnes
3258 3097 3287 3136 a
3320 3081 3430 3136 Na-

190 3152 435 3206 addendi
497 3160 687 3212 erunt,
739 3159 796 3203 ut
841 3149 1121 3205 Paschalis
1165 3150 1432 3246 terminus
1475 3150 1758 3246 habeatur.
1790 3180 1833 3238 C
1864 3173 1958 3226 la“
2019 3173 2087 3227 ad
2144 3149 2504 3228 Domi'nica'm'
2545 3173 2924 3244 Sexagesima,
2970 3190 3089 3244 qua,
3125 3174 3432 3246 »Απόκρεως

260 3242 536 3309 Quocirca
567 3243 631 3296 ad
657 3258 779 3296 eum
817 3243 1032 3296 modum
1063 3241 1395 3296 conformari
1437 3243 1620 3312 regula
1655 3241 1758 3295 ista

189 3341 412 3403 poterat
447 3353 458 3387 :
489 3332 567 3386 Ad
613 3341 858 3402 epactam
901 3333 1076 3402 adjice
1099 3343 1361 3401 quantum
1385 3334 1594 3386 dierum
1625 3348 1762 3402 opus

189 3428 256 3480 ad
290 3424 642 3495 complendos
679 3439 821 3488 xLiv,
860 3438 890 3477 a
911 3424 1064 3494 cyclo
1098 3425 1272 3492 primo
1317 3424 1381 3477 ad
1419 3439 1540 3488 xvi,
1575 3425 1659 3478 vel
1693 3422 1760 3476 ad

189 3534 324 3572 xt.u|
378 3517 674 3586 explendos
732 3517 786 3569 in
851 3516 1028 3571 tribus
1081 3517 1250 3586 cyclis
1301 3517 1548 3585 reliquis,
1604 3515 1762 3570 initio

188 3610 341 3664 facto
392 3626 423 3664 a
456 3608 710 3665 Kalendis
742 3592 968 3674 Martiis,
1003 3608 1049 3663 si
1089 3609 1233 3677 quod
1267 3609 1420 3663 deest
1471 3607 1649 3676 majus
1677 3615 1761 3661 est

187 3718 281 3754 xx.
320 3700 422 3755 Sin
456 3701 636 3755 minus
659 3709 759 3767 est,
816 3708 980 3754 totam
1039 3706 1298 3768 praaterea
1349 3700 1621 3770 syzygiam
1651 3715 1759 3752 xxx

185 3795 406 3849 dierum
463 3791 832 3848 accommoda.
875 3789 1150 3859 Quidquid
1198 3791 1440 3844 additum
1487 3797 1592 3854 est,
1640 3790 1688 3845 si
1729 3805 1758 3842 a

185 3885 457 3941 Kalendis
492 3883 698 3939 Martiis
725 3890 962 3952 putetur,
999 3883 1053 3936 in
1105 3883 1395 3936 terminum
1439 3882 1757 3936 Paschalem

184 3977 430 4032 desinet.
459 3974 582 4031 Haec
618 3976 802 4045 regula
831 3975 1018 4030 eodem
1044 3989 1166 4029 cum
1195 3975 1285 4028 illa
1315 3973 1489 4029 sancti
1529 3971 1758 4027 Andrem

183 4070 407 4124 recidit.
446 4066 578 4120 Nam
607 4068 700 4136 qui
730 4081 824 4121 sex
856 4065 971 4121 dies
998 4065 1146 4122 addit
1175 4068 1240 4120 ad
1263 4075 1545 4134 epactam;
1573 4081 1636 4120 ac
1673 4081 1759 4121 re-

184 4162 404 4229 liquum
436 4157 631 4212 deinde
675 4164 924 4211 numerat
968 4171 998 4210 a
1026 4157 1280 4212 Kalendis
1317 4155 1546 4220 Martiis,
1585 4157 1758 4211 donec

181 4249 587 4321 quinquaginta
646 4247 946 4317 compleat;
1004 4247 1142 4300 idem
1188 4248 1315 4302 facit
1367 4263 1430 4301 ac
1478 4248 1524 4302 si
1567 4247 1758 4304 diebus

182 4341 294 4396 illis
325 4354 428 4396 sex
460 4353 569 4392 non
610 4336 837 4398 additis,
860 4337 1005 4392 solos
1045 4351 1169 4391 μιν
1198 4338 1460 4407 expleret.
1490 4337 1629 4392 Cum
1661 4354 1755 4392 au-

179 4442 294 4487 tem
331 4433 480 4484 lunae
521 4430 712 4493 saltus,
742 4435 794 4482 et
833 4429 1072 4500 ὑποτομή
1115 4428 1220 4482 diei
1257 4429 1421 4483 unius
1467 4431 1619 4501 cyclo
1664 4446 1754 4484 xvi

180 4523 515 4591 contingat,
593 4523 684 4592 qui
747 4530 831 4575 est
881 4521 1276 4575 Alexandrinus
1328 4537 1420 4574 xxx
1453 4561 1468 4585 ,

179 4631 282 4685 pra
326 4614 864 4679 demonstravimus;
928 4612 1049 4666 idco
1107 4612 1318 4665 numeri
1373 4612 1522 4666 aurei
1576 4614 1759 4682 cyclo-

180 4722 308 4760 rum
359 4707 704 4774 sequentium
750 4720 858 4758 uno
911 4705 998 4758 die.
1034 4705 1373 4760 neomeniam
1427 4704 1586 4758 citius
1625 4703 1757 4758 oﬂ‘e-

178 4803 336 4850 runt.
363 4791 448 4847 Ob
477 4793 531 4847 id
563 4804 763 4862 septem
795 4793 912 4846 dies
954 4795 1019 4846 ad
1074 4803 1292 4863 epactas
1329 4793 1478 4846 addit
1513 4793 1757 4848 Andreas

177 4887 340 4957 cyclo
375 4899 509 4949 xvii,
541 4900 670 4937 xvm
709 4895 762 4940 et
790 4901 900 4948 xix,
924 4893 976 4938 et
1005 4900 1102 4940 nos
1127 4889 1191 4939 ad
1219 4901 1355 4940 ιιιιιι
1380 4887 1756 4940 tantummodo

177 4977 455 5048 compleri
492 4993 758 5031 summam
800 4979 1176 5048 prazcipimus;
1223 4991 1280 5033 ut
1319 4995 1428 5034 uno
1479 4981 1563 5034 die
1610 4989 1754 5041 ante,

176 5085 352 5141 quam
406 5068 460 5120 in
521 5069 768 5138 reliquis.
822 5070 1107 5123 neomenia
1163 5070 1407 5124 sistatur.
1475 5070 1758 5135 Quaeratur

175 5159 626 5230 cxemplihgratia
652 5161 914 5216 terminus
946 5159 1226 5216 Paschalis
1268 5163 1420 5232 cyclo
1461 5178 1514 5215 v.
1543 5162 1758 5232 Epacta:

178 5263 318 5309 sunt
349 5267 476 5312 xxv,
510 5254 573 5304 ad
593 5267 685 5306 eas
714 5251 939 5320 adjectis
969 5267 1043 5314 vi,
1068 5253 1202 5306 liunt
1247 5268 1405 5318 xm;
1438 5263 1492 5308 ct
1529 5254 1758 5323 abjectis

179 5355 317 5404 xxx,
341 5347 512 5393 restat
539 5354 575 5392 ι.
607 5338 758 5392 Adde
783 5340 964 5408 itaque
995 5355 1119 5394 χιιι
1157 5341 1289 5403 dies,
1314 5341 1492 5411 deque
1527 5342 1594 5397 iis
1617 5343 1759 5397 Mar-

179 5431 245 5483 tii
276 5430 400 5483 dies
425 5428 579 5483 aufer
606 5446 754 5494 xxxr,
792 5431 985 5496 reliqui
1020 5440 1180 5486 erunt
1211 5449 1345 5486 xvnt
1382 5435 1585 5504 Aprilis
1615 5435 1752 5490 dies.

177 5521 365 5593 Igitur
404 5521 604 5591 Aprilis
648 5537 776 5576 xvm
811 5523 898 5576 die
934 5525 1200 5581 terminus
1249 5526 1533 5583 Paschalis
1564 5529 1756 5584 incidit

177 5613 347 5684 cyclo
375 5609 974 5682 Constantinopolitano
1006 5627 1057 5678 v,
1103 5614 1198 5684 qui
1239 5623 1322 5671 est
1348 5616 1752 5673 Alexandrinus

179 5719 306 5758 vm.
344 5700 414 5754 At
447 5703 741 5759 secundum
792 5705 1031 5774 regulam
1074 5715 1349 5774 nostram,
1381 5711 1638 5778 quoniam
1683 5711 1748 5764 ad

182 5811 338 5860 xciv,
373 5794 566 5852 desunt
594 5795 710 5853 dies
745 5815 856 5865 xix,
908 5798 998 5868 qui
1042 5813 1300 5856 numerus
1329 5801 1508 5858 minor
1552 5811 1636 5858 est
1671 5804 1748 5858 vi-

1859 3275 2103 3330 vocatur,
2124 3266 2320 3335 quibus
2352 3266 2598 3320 carnium
2623 3282 2750 3321 esus
2787 3266 3116 3335 indulgetur.

1929 3356 2137 3419 Tertio,
2193 3358 2254 3409 τὸ
2301 3357 2578 3428 Τριὼδιον,
2616 3373 2736 3427 quae
2764 3367 2846 3412 est
2872 3356 3154 3411 Dominica
3182 3357 3434 3427 proxime

1861 3446 2188 3501 antecedens
2222 3445 2560 3501 Dominicam
2590 3447 3039 3518 Septuagesimae.

1940 3537 2182 3601 Quarto,
2235 3539 2268 3607 ἡ
2310 3538 2621 3608 Ἀπόκρεως
2648 3579 2661 3602 ,
2722 3537 2996 3592 Dominica
3037 3536 3425 3606 Carnisprivii;

1861 3641 2022 3696 quam
2050 3624 2452 3695 Sexagesimam
2485 3629 2842 3696 appellamus,
2868 3643 2899 3680 a
2931 3641 3039 3696 qua
3063 3626 3235 3681 Graeci
3263 3627 3429 3679 absti-

1861 3729 1989 3768 nere
2024 3715 2285 3768 carnibus
2339 3714 2628 3784 incipiunt,
2665 3713 2857 3770 diebus
2892 3723 3020 3769 ante
3051 3715 3260 3768 Pascha
3292 3730 3376 3768 ινι
3410 3733 3429 3766 ε

1861 3804 2005 3874 quod
2031 3819 2096 3858 eo
2127 3803 2354 3868 faciunt,
2387 3812 2446 3858 ut
2476 3821 2541 3858 ιι
2573 3805 2784 3860 dierum
2809 3805 3079 3876 jejunium
3109 3806 3161 3860 in
3193 3806 3428 3861 solidum

1859 3901 2094 3949 constet.
2151 3894 2289 3949 Cum
2337 3895 2483 3948 enim
2544 3892 2783 3949 Sabbato
2835 3897 3084 3966 jejunare
3139 3895 3292 3950 nefas
3330 3896 3428 3949 ha-

1861 3986 2044 4050 beant,
2098 4001 2208 4040 uno
2255 3997 2479 4056 excepto
2517 3987 2691 4058 pridie
2716 3985 3017 4052 Paschalis,
3049 3989 3094 4043 si
3123 3989 3190 4042 de
3221 3988 3426 4042 hebdo-

1859 4075 2110 4131 madibus
2140 4092 2265 4140 vui,
2300 4077 2493 4133 diebus
2533 4092 2641 4141 LVI,
2671 4087 2794 4133 octo
2827 4077 3158 4140 Dominicas,
3192 4093 3257 4133 ac
3290 4077 3428 4133 Sab-

1859 4168 1986 4222 bata
2039 4183 2116 4222 vn
2168 4183 2467 4238 expungas,
2515 4171 2709 4240 reliqui
2763 4169 2881 4225 dies
2933 4179 3094 4225 erunt
3143 4186 3256 4224 xu.
3289 4169 3427 4224 Nam

1858 4264 2192 4326 postremum
2246 4259 2540 4313 Sabbatum
2577 4270 2731 4315 extra
2777 4261 3024 4316 ordinem
3071 4259 3283 4332 jejunio
3333 4260 3426 4314 di.-

1859 4358 2037 4406 catur.

1929 4440 2148 4506 Quinto,
2185 4440 2354 4510 legale
2383 4439 2612 4496 Pascha.

1542 4529 1600 4574 υῑ
1661 4538 1755 4576 δυο
1788 4527 1836 4584 D
1934 4531 2118 4597 Sexto,
2143 4531 2511 4587 Christianum
2544 4532 2769 4588 Pascha.

1930 4622 2192 4693 Septimo,
2228 4627 2261 4695 ἡ
2289 4625 2539 4697 Κυριακὴ
2581 4625 2685 4679 τῶν
2727 4625 2924 4695 Ἀγίων-
2965 4625 3198 4685 πάντων,
3237 4625 3421 4681 Domi-

1857 4715 1978 4770 nica
2002 4714 2325 4770 Sanctorum
2355 4718 2597 4772 omnium
2623 4737 2638 4784 ;
2670 4734 2790 4789 qua:
2823 4718 3112 4783 Dominica:
3137 4717 3427 4775 Trinitatis

1857 4806 2146 4876 respondet
2159 4846 2172 4859 .

1929 4895 2154 4959 Octavo,
2183 4897 2452 4966 jejunium
2497 4905 2806 4952 sanctorum
2846 4899 3245 4968 Apostolorum,
3277 4900 3423 4970 quod

1857 4986 2031 5041 Graeci
2096 4989 2300 5043 obeunt
2365 5003 2395 5041 a
2451 4988 2727 5044 Dominica
2781 4988 3104 5045 Sanctorum
3151 4980 3422 5055 omnium,

1864 5095 2039 5149 usque
2076 5081 2141 5133 ad
2173 5095 2338 5133 xxvm
2381 5078 2708 5135 Junii.Nam
2757 5097 2885 5134 xxix
2925 5080 3069 5136 Junii
3110 5088 3422 5137 sanctorum

1855 5169 2225 5238 apostolorum
2256 5167 2400 5224 Petri
2440 5177 2492 5225 et
2535 5169 2689 5225 Pauli
2728 5171 2922 5226 {catum
2975 5174 3272 5229 celebrant.
3315 5171 3425 5227 Pe-

1855 5259 2042 5314 stridie
2083 5259 2181 5330 τὴν
2248 5259 2464 5327 σύναξιν
2519 5261 2628 5314 τῶν
2673 5263 2878 5317 δώδεκα
2928 5265 3278 5320 ἀποστόλων.Δ
3309 5263 3424 5320 Η(ιο

1855 5366 2020 5421 porro
2039 5351 2308 5420 jejunium
2339 5353 2475 5407 alias
2497 5354 2710 5424 longius
2731 5394 2746 5420 ,
2791 5357 2929 5410 alias
2957 5358 3292 5413 contractius
3316 5365 3420 5412 est.

1855 5440 2103 5496 Totidem
2147 5445 2289 5497 enim
2322 5443 2531 5498 dierum
2561 5451 2666 5509 est,
2699 5454 2830 5516 quot
2859 5463 2889 5501 a
2919 5445 3182 5502 Paschate
3210 5447 3276 5502 ad
3309 5455 3421 5502 ter-

1852 5532 1989 5586 tium
2041 5532 2183 5588 diem
2227 5531 2372 5587 Junii
2426 5543 2830 5604 computantur,
2877 5544 2938 5590 ut
2995 5537 3215 5592 lsaacus
3262 5536 3429 5591 docet

1852 5624 2030 5694 capite
2052 5621 2168 5679 XV.
2203 5623 2338 5679 Nam
2371 5641 2400 5678 a
2425 5623 2692 5682 Paschate
2728 5627 2796 5681 ad
2829 5625 3164 5682 Dominicam
3194 5635 3418 5697 aposto-

1851 5714 2194 5780 lorum,_dies
2223 5726 2350 5772 sunt
2385 5732 2515 5771 Lvu.
2542 5715 2587 5772 A
2614 5718 2777 5772 tertio
2807 5717 2930 5772 Maii
2958 5717 3024 5772 ad
3051 5734 3218 5774 xxvm
3247 5715 3420 5781 Junii,

1852 5804 1968 5863 dies
1999 5805 2244 5863 totidem.
2278 5807 2458 5874 Quare
2485 5807 2702 5876 dempto
2724 5809 3010 5868 intervallo
3039 5824 3070 5865 a
3100 5810 3265 5868 tertio
3290 5807 3427 5866 Maii
