3948 6264
472 301 493 309 “
564 316 702 370 ιιιε

1546 309 1640 365 AD
1677 307 2365 383 EUSEBlﬂCliBONlCON
2409 307 2776 366 APPENDIX.

3594 319 3695 380 ιιιι

563 433 630 488 ad
679 431 1021 487 Dominicam
1074 431 1474 500 apostolorum,
1521 446 1691 486 unum
1724 432 1973 501 idemque
2005 446 2130 500 spa-
2163 437 2205 493 Α
2233 428 2367 484 Nam
2397 443 2428 482 a
2452 428 2731 484 Dominica
2758 428 3267 501 Sexagesimaquae
3282 434 3409 505 esti;
3432 435 3693 517 Ἀπόκρεως,

529 522 699 594 ,ιὶιιιιι
733 521 840 577 erit
869 537 899 575 a
929 520 1194 577 Paschate
1223 521 1291 576 ad
1332 523 1549 576 tertium
1575 519 1741 587 Junii,
1774 522 1918 593 quod
1968 528 2054 578 est
2099 536 2130 575 a

527 598 538 685 ξ
561 610 846 667 Dominica
875 612 981 667 τῶν
1005 613 1313 667 ἀποστόλων
1347 614 1413 668 ad
1441 628 1609 669 xxvul
1637 612 1805 668 Junii.

528 690 541 744 ί
633 701 707 759 Ut
756 703 870 756 haec
905 702 1085 757 omnia
1125 703 1392 773 superiori
1442 704 1699 759 methodo
1729 705 1968 776 expediri
2004 722 2131 777 pos-

564 792 706 861 sint,
751 791 917 848 unius
960 791 1090 847 anni
1143 792 1446 865 διαγραφήν
1488 810 1555 850 ex
1593 793 1884 866 Ilorologio
1934 812 2132 869 propo-

563 900 781 942 nemus.

636 979 828 1044 Ἕτους
874 979 1004 1051 ,cpa'
1066 977 1385 1043 ίνδικτιῶνος
1443 977 1487 1032 θ’
1515 993 1531 1009 ο
1575 979 1722 1050 ἡλίου
1771 979 1958 1034 κύκλοι
2021 988 2128 1051 ις’,ο

564 1072 859 1142 φεγγαρίου
907 1072 1094 1126 κύκλοι
1137 1071 1214 1125 ιδ’.
1281 1071 1348 1124 Ἦ
1399 1071 1689 1143 παραμονὴ
1735 1072 1842 1126 τῶν
1893 1073 2129 1144 Χριστοῦ

563 1163 766 1231 γεννῶν
793 1164 975 1236 ἡμέρα
1018 1170 1105 1229 ς’⁶
1138 1162 1457 1234 κρεωφαγία
1488 1163 1690 1234 ἡμέραι
1732 1164 1827 1228 νζ’.
1861 1164 1934 1218 Τὸ
1973 1165 2133 1237 τριώ-

562 1253 672 1307 διον
700 1256 919 1327 ἄρχεται
944 1253 1285 1326 Φεϐρουαρίῳ
1313 1253 1396 1309 ιϐ’.
1430 1254 1669 1325 Νομικὺν
1695 1256 1886 1326 Πάσχα
1913 1257 2132 1329 Ἀπριλ-

562 1346 662 1418 λίῳ
692 1346 756 1399 θ’.
792 1345 1129 1415 Χριστιανῶν
1181 1346 1371 1417 Πάσχα
1409 1346 1704 1417 Ἀπριλλίῳ
1735 1354 1829 1412 ις’.
1876 1348 2130 1421 Κυριακὴ

562 1434 670 1499 τῶν
734 1435 927 1502 ’Λγίων
974 1436 1190 1489 πάντων
1245 1435 1448 1506 Ἰουνίῳ
1490 1443 1590 1488 ta."
1649 1438 1682 1508 ἡ
1742 1436 1961 1508 νηστεία
2024 1439 2129 1515 τῶν

562 1527 731 1595 ἁγίων
760 1526 1092 1592 ἀποστόλων,
1117 1528 1320 1599 ἡμέραι
1354 1527 1439 1593 ιζ’.

637 1636 657 1670 ι
686 1618 844 1673 Anno
886 1620 1043 1682 70M,
1076 1620 1374 1675 indictione
1402 1635 1479 1685 ιιι,
1517 1620 1648 1677 solis
1685 1621 1824 1693 cycli
1854 1637 1965 1684 xvi,
1991 1622 2130 1676 lunae

560 1725 675 1774 xw,
703 1714 1036 1780 exspectatio
1081 1712 1279 1768 natalis
1307 1713 1528 1781 Christi,
1580 1714 1712 1769 l‘eria
1750 1729 1804 1768 vt
1828 1753 1844 1780 ,
1882 1715 2126 1769 carnium

560 1818 690 1860 esus
715 1804 907 1859 diebus
936 1819 1066 1859 L‘Vll.
1114 1802 1393 1860 Triodium
1446 1806 1640 1876 incipit
1687 1805 1970 1862 Februarii
2012 1823 2124 1862 nx.
2158 1783 2202 1842 Β

561 1893 758 1964 Legale
813 1893 1021 1950 Pascha
1049 1895 1248 1964 Aprilis
1300 1912 1375 1951 ιι.
1431 1896 1865 1953 Christianorum
1922 1897 2130 1953 Pascha

562 1988 765 2057 Aprilis
794 2002 904 2041 svi.
935 1985 1217 2041 Dominica
1246 1986 1572 2043 Sanctorum
1602 1989 1843 2043 omnium
1874 1987 2019 2043 Junii
2053 2004 2127 2043 ιι.

560 2077 835 2149 Jejunium
868 2089 1179 2135 sanctorum
1203 2080 1613 2151 Aposmlorum,
1645 2081 1764 2135 dies
1789 2097 1951 2135 χινιι.»

633 2169 728 2225 Est
760 2170 852 2225 hic
901 2187 1078 2228 annus
1129 2171 1334 2227 Christi
1388 2172 1546 2237 1536,
1590 2181 1647 2226 ιιι
1686 2181 1929 2242 apparet,
1975 2172 2019 2228 si
2065 2173 2133 2228 de

566 2260 701 2316 7044
733 2262 1074 2317 deducantur
1115 2262 1278 2317 5508.
1302 2261 1503 2334 Cyclus
1533 2270 1649 2318 erat
1682 2260 1960 2317 Romanus
1990 2263 2133 2318 sola-

562 2353 642 2408 ris
685 2369 740 2419 v,
800 2354 995 2409 littera:
1050 2352 1158 2419 BA,
1209 2354 1351 2409 lunae
1385 2371 1494 2409 xiv.
1550 2356 1708 2408 Anno
1759 2354 2128 2418 antecedente,

565 2445 706 2499 {5‘55
749 2446 901 2518 cyclo
935 2444 1182 2500 Romano
1211 2462 1265 2501 tv
1294 2446 1476 2499 littera
1501 2455 1618 2500 erat
1641 2444 1681 2500 C
1717 2461 1731 2497 :
1759 2446 1880 2501 ideo
1907 2445 2039 2500 feria
2076 2461 2131 2499 vt

567 2537 878 2594 Decembris
907 2554 1054 2592 sxw.
1085 2538 1286 2595 Divisis
1321 2538 1459 2593 7044
1504 2555 1601 2610 per
1641 2546 2010 2608 competentes
2041 2552 2134 2610 cy-

564 2629 703 2693 clos,
738 2630 976 2700 prodibit
1005 2630 1137 2686 solis
1168 2647 1278 2694 xvi,
1318 2631 1458 2684 luna:
1489 2647 1600 2695 xiv,
1644 2639 1849 2701 epactas
1883 2631 2025 2684 luna:
2057 2644 2131 2683 Iv.

563 2720 713 2776 Adde
746 2736 811 2777 ιιι
840 2721 976 2784 dies,
1008 2728 1062 2778 et
1101 2722 1364 2778 detractis
1391 2723 1583 2778 diebus
1628 2721 1827 2784 Martii,
1863 2723 2135 2792 relinque-

561 2817 654 2864 tur
702 2827 881 2867 nonus
925 2811 1148 2883 Aprilis,
1194 2828 1304 2883 quo
1364 2813 1630 2869 terminus
1680 2812 1963 2868 Paschalis
2010 2811 2131 2868 fuit.

561 2902 968 2959 Concurrentes
988 2912 1144 2959 erant
1164 2907 1319 2977 cyclo
1339 2906 1472 2961 solis
1501 2905 1714 2959 decimo
1746 2912 1902 2960 sexto
1933 2922 1986 2966 v,
2007 2919 2129 2974 quae

563 3009 690 3048 cum
731 2996 967 3065 regulari
1011 2996 1312 3065 Aprilisﬁl,
1343 3005 1397 3053 et
1426 2997 1459 3052 9
1481 2998 1692 3062 diebus,
1746 2997 1985 3053 elliciunt
2014 2999 2082 3053 15
2117 3017 2130 3052 :

564 3083 825 3139 detractis
857 3084 889 3139 7
913 3086 1130 3140 residua
1161 3093 1244 3141 est
1271 3085 1406 3141 feria
1445 3089 1641 3158 prima,
1668 3088 1722 3141 in
1752 3103 1912 3158 quam
1943 3090 2149 3144 termi-’

564 3190 671 3231 nus
722 3176 935 3232 incidit.
974 3177 1099 3234 Ideo
1140 3177 1354 3235 Pascha
1410 3186 1761 3249 prorogatum
1808 3186 1892 3235 est
1942 3180 1996 3235 in
2044 3198 2133 3237 xvi

562 3266 787 3335 Aprilis.
818 3264 935 3322 Jam
979 3269 1024 3324 si
1069 3268 1136 3324 de
1165 3270 1371 3340 Aprilis
1405 3270 1494 3324 xvi
1526 3270 1636 3335 die,
1676 3270 1729 3326 id
1762 3272 1934 3328 estde
1963 3274 2065 3328 107
2104 3292 2134 3330 a

566 3355 821 3414 Kalendis
869 3358 1146 3416 Januariis
1201 3360 1337 3431 (fuit
1391 3361 1535 3416 enim
1594 3362 1863 3418 bisextilis
1916 3366 2132 3439 annus)

566 3450 857 3507 subtrahas
912 3452 1000 3519 57,
1024 3452 1399 3522 relinquentur
1430 3453 1520 3516 50,
1553 3453 1668 3508 sive
1711 3451 1998 3510 Februarii
2045 3473 2136 3512 xu:

566 3541 702 3607 dies,
734 3544 877 3614 quod
912 3543 1257 3617 Dominica'i)
1303 3544 1611 3617 Ἀπὸκρεως
1636 3547 1882 3618 contigit.
1912 3547 1959 3601 A
1992 3549 2140 3604 vice-

567 3637 706 3691 sima
736 3639 925 3707 quinta
956 3637 1271 3693 Decembris
1301 3637 1366 3692 ad
1395 3654 1484 3691 xu
1519 3637 1826 3705 Februarii,
1858 3641 1974 3697 dies
2010 3649 2139 3697 sunt

567 3743 713 3786 Lvn:
771 3729 970 3799 quibus
1008 3729 1266 3784 carnibus
1310 3729 1456 3784 vesci
1494 3730 1641 3795 licet,
1685 3738 1809 3786 ante
1837 3733 2139 3804 quadrage-

568 3820 758 3875 simale
782 3820 1073 3890 jejunium.
1105 3821 1256 3875 Adde
1289 3836 1375 3874 Lvt
1405 3820 1523 3877 dies
1569 3821 1635 3875 ad
1672 3821 1989 3879 Paschalem
2034 3824 2140 3879 Do-

570 3911 849 3970 minicam.
884 3926 1006 3980 qua:
1047 3921 1132 3966 est
1159 3926 1246 3965 xvr
1285 3911 1524 3980 Aprilis;
1560 3912 1804 3969 calculus
1837 3912 2051 3969 desinet
2082 3915 2139 3969 in

569 4018 621 4055 xl
651 4000 821 4064 Junii,
852 4017 972 4072 quze
1014 4005 1117 4057 erit
1162 4001 1443 4057 Dominica
1497 4003 1845 4063 Sanctorum.
1878 4005 2141 4062 interval-

571 4092 682 4146 lum
729 4105 760 4145 a
808 4091 1071 4147 Paschate
1099 4093 1166 4146 ad
1216 4109 1276 4148 ιιι
1328 4093 1453 4148 Maii
1489 4095 1606 4151 dies
1650 4112 1787 4164 xvtt,
1819 4109 1953 4167 quot
1982 4100 2052 4154 ab
2085 4116 2139 4155 ιιι

567 4182 715 4238 Junii
751 4185 818 4239 ad
847 4202 1037 4241 xxvtu.
1068 4184 1304 4242 Proinde
1324 4186 1592 4257 jejunium
1625 4191 1997 4260 apostolorum
2021 4193 2139 4249 dies

570 4276 758 4330 habuit
800 4292 930 4330 xvu.

643 4368 845 4425 Praeter
872 4369 986 4423 haec
1021 4368 1180 4430 festa,
1213 4384 1333 4438 qua:
1372 4370 1593 4425 mobilia
1623 4383 1907 4437 vocantur,
1936 4392 2143 4431 memo-

2234 521 2301 575 ad
2333 519 2566 585 Pascha,
2595 522 2713 577 dies
2750 531 2873 577 sunt
2912 538 3044 579 Lvu.
3072 523 3152 578 Ad
3179 526 3448 579 terminum
3487 545 3591 586 vero
3615 535 3697 590 sive

2231 628 2323 669 xw
2369 612 2708 681 Paschalem,
2740 615 3010 671 interdum
3052 616 3169 672 dies
3215 623 3337 671 sunt
3377 627 3432 672 ut
3479 623 3696 682 minimum

2229 704 2653 776 quinquaginta,
2688 706 2755 761 ad
2801 723 3072 762 summum
3097 707 3464 778 quinquaginta
3500 727 3598 766 sex.

2803 821 3030 881 CAPUT
3069 820 3203 877 Xlil.

2229 914 2505 990 Methodus
2530 936 2758 1004 computi
2792 933 3111 999 ercorum,
3134 935 3271 1004 quia
3296 932 3527 995 Maximo,
3544 935 3697 1005 Isauro,

2300 1007 2521 1073 aliisque
2556 1007 2781 1059 traditus
2811 1015 2908 1072 est,
2951 1021 3043 1074 per
3082 1005 3286 1058 tabulas
3322 1014 3368 1059 et
3409 1020 3595 1061 canones
3635 1024 3699 1062 ιι-

2297 1076 2626 1145 peditissima
2657 1075 2906 1129 traditur.

2226 1169 2416 1241 “Non
2476 1169 2615 1235 erit,
2669 1168 2883 1238 opinor,
2917 1167 3183 1238 ingratum
3247 1165 3491 1221 studiosis
3521 1167 3704 1224 historia:

2228 1261 2426 1316 Grazcae
2479 1268 2533 1316 et
2585 1260 2865 1314 annalium
2912 1258 3243 1337 lectoribus;
3291 1274 3473 1328 magno
3506 1272 3623 1314 certe
3657 1260 3705 1315 iis

2228 1350 2542 1421 adjumento
2571 1350 2686 1406 fore
2717 1349 2951 1414 conlitlo,
3000 1348 3047 1405 si
3082 1364 3151 1404 ex
3179 1348 3246 1404 iis
3276 1349 3523 1411 omnibus,
3547 1351 3707 1421 quaede

2226 1442 2541 1500 Graecorum
2572 1443 2697 1500 aeris
2726 1457 2792 1498 ac
2824 1441 3096 1512 computis
3129 1441 3343 1510 copiose
3380 1441 3605 1495 hactenus
3635 1458 3705 1498 ex-

2227 1537 2571 1609 plicavimus,
2613 1536 2905 1592 methodus
2934 1535 3115 1605 aliqua
3154 1532 3481 1597 conﬁciatur,
3507 1544 3650 1588 certos
3668 1534 3706 1589 in

2228 1646 2463 1686 canones
2493 1630 2744 1697 redacta;
2791 1645 3024 1700 quorum
3058 1627 3311 1698 praesidio
3336 1626 3584 1681 celerrime
3602 1627 3707 1695 quod

2232 1723 2492 1795 quaeritur
2519 1723 2833 1794 investigari
2859 1733 3040 1793 queat.
3066 1720 3343 1791 Hujusrei
3371 1723 3526 1790 gratia
3549 1719 3708 1774 tabulas

2228 1817 2573 1873 condidimus
2605 1832 2679 1883 vi,
2719 1830 2953 1886 quarum
3004 1816 3267 1870 rationem
3340 1820 3392 1867 et
3422 1827 3558 1867 usum
3579 1811 3709 1866 brevi-

2228 1917 2312 1963 ter
2346 1907 2662 1962 edisseram.
2710 1904 2891 1959 Prima
2931 1903 3102 1960 Graeci
3140 1903 3374 1973 computi
3408 1917 3559 1957 annos
3598 1900 3709 1957 oﬂ‘ert

2229 2015 2354 2055 eum
2405 1999 2572 2070 cyclis
2619 1998 2819 2057 tribus.
2869 2011 2990 2067 quae
3027 2005 3113 2051 est
3160 2010 3384 2064 prorsus
3430 1993 3590 2048 eadem
3623 2008 3710 2048 cum

2230 2092 2413 2147 tabula
2444 2089 2649 2160 periodi
2677 2087 2905 2143 Julianus
2930 2088 3068 2144 libro
3102 2086 3195 2141 VII
3221 2085 3296 2140 De
3323 2086 3544 2139 doctrina
3568 2095 3711 2151 tempo-

2231 2198 2371 2245 rum,
2397 2180 2576 2250 capite
2603 2177 2673 2232 lX
2694 2177 2986 2247 descripta.
3020 2177 3282 2244 Quamvis
3309 2176 3443 2231 enim
3471 2174 3712 2230 (imorum

2231 2277 2518 2340 computus
2539 2284 2645 2324 non
2673 2269 2744 2324 sit
2777 2268 3070 2323 artificiosa
3112 2267 3369 2338 periodus
3387 2307 3403 2325 .
3431 2274 3479 2321 et
3507 2265 3565 2320 ad
3588 2265 3711 2320 solum

2232 2363 2512 2434 cyclorum
2551 2360 2861 2415 methodum
2904 2359 3176 2421 instituta,
3206 2362 3283 2412 uti
3311 2356 3508 2411 Juliana
3542 2373 3553 2408 :
3583 2368 3712 2410 tamen

2232 2468 2342 2507 non
2376 2454 2557 2507 minus
2578 2452 2668 2506 ille
2698 2466 2794 2521 per
2816 2451 2998 2522 eyclos
3025 2450 3265 2522 integros
3292 2448 3505 2503 divisus.
3529 2450 3714 2517 prOprius

2232 2541 2390 2596 oli'ert
2413 2543 2542 2596 anni
2575 2541 2886 2609 cujuslibet.
2916 2539 3099 2610 Itaque
3130 2555 3160 2593 a
3199 2539 3416 2610 periodo
3444 2537 3621 2592 Juliana
3644 2537 3713 2589 hoc

2234 2635 2350 2690 solo
2378 2633 2577 2696 diﬂ'ert,
2605 2633 2747 2701 quod
2787 2632 2902 2687 [lch
2923 2632 3109 2702 cyclos
3136 2631 3268 2686 solis
3288 2670 3303 2696 ,
3345 2630 3506 2693 lunae,
3539 2637 3584 2683 et
3612 2627 3712 2681 indi-

2233 2723 2429 2781 ctionis
2461 2723 2661 2794 praebet
2691 2722 3079 2785 Romanorum,
3131 2736 3199 2776 ac
3239 2718 3433 2775 Juliani
3466 2718 3574 2773 anni
3600 2730 3717 2788 pecu-

2234 2818 2417 2872 liares.
2451 2814 2673 2871 Graecus
2706 2830 2836 2870 vero
2879 2821 3169 2883 computus
3205 2813 3392 2867 saltem
3415 2811 3596 2882 cyclum
3622 2808 3713 2864 solis

2235 2907 2508 2961 diversum
2534 2905 2774 2960 exhibet.
2806 2903 2939 2957 Nam
2970 2900 3375 2956 Alexandrinus
3402 2901 3451 2954 in
3474 2901 3592 2954 luna:
3609 2898 3716 2968 cyclo

2235 2997 2507 3062 convenit,
2541 2995 2893 3050 indictionem
2919 2994 3127 3049 unitate
3146 2993 3407 3047 minorem
3435 2991 3592 3046 habet.
3613 2988 3715 3043 Con-

2236 3088 2777 3159 stantinOpolitanus.
2831 3086 2999 3142 solam
3029 3084 3378 3140 indictionem
3420 3098 3530 3137 cum
3560 3079 3718 3135 Julian:

2236 3180 2460 3252 periodo
2496 3193 2836 3235 communem
2866 3176 3041 3247 parit;
3070 3176 3287 3248 cyclum
3314 3175 3450 3228 luna:
3475 3171 3717 3228 Judaicum.

2235 3268 2500 3335 Quocirca
2547 3267 2879 3322 discriminis
2935 3279 3136 3329 causa,
3189 3263 3455 3319 Julianam
3505 3261 3718 3332 periodum

2235 3359 2571 3429 appellamus
2604 3372 2746 3422 eam,
2775 3372 2896 3428 qua:
2920 3354 3186 3411 Romanis
3210 3356 3375 3427 cyclis
3396 3355 3545 3409 servit
3577 3369 3590 3405 :
3614 3364 3720 3403 com-

2234 3460 2425 3525 putum
2468 3466 2597 3507 vero
2644 3448 2915 3516 Graecum,
2964 3447 3052 3503 vel
3104 3462 3273 3503 art-am
3298 3487 3314 3512 ,
3356 3460 3460 3501 non
3506 3441 3720 3514 periodum

2235 3545 2600 3599 nominamus.
2651 3539 2902 3596 Secunda
2950 3538 3134 3593 tabula
3187 3539 3399 3609 cyclum
3456 3535 3571 3590 solis
3615 3543 3716 3585 com-

2236 3636 2493 3708 plectitur
2528 3649 2650 3689 cum
2700 3633 2909 3704 epactis
2960 3632 3116 3698 solis,
3155 3630 3274 3685 sive
3317 3623 3721 3685 concurrentibus;

2236 3727 2330 3797 qui
2366 3727 2422 3781 in
2459 3732 2690 3795 utroque
2728 3733 2985 3794 computo
3030 3724 3213 3778 locum
3245 3721 3457 3776 habent.
3479 3715 3723 3785 Adjecimus

2236 3825 2291 3874 et
2317 3816 2676 3872 Dominicales
2700 3816 2930 3880 litteras,
2974 3830 3086 3870 non
3114 3830 3238 3885 qua:
3269 3813 3419 3885 cyclo
3453 3809 3592 3867 solari
3617 3805 3724 3859 Gra-

2237 3925 2302 3966 co
2338 3915 2682 3981 congruunt;
2721 3909 2813 3965 sed
2838 3925 2961 3979 qua:
2987 3907 3239 3963 Romano
3277 3893 3721 3967 tribuuntur:un

2237 4016 2302 4057 eo
2346 4000 2596 4063 fecimus.
2652 4008 2712 4055 ut
2755 4000 2821 4054 ad
2855 4016 2974 4056 eam
3018 3998 3475 4069 veluti-regulam
3511 4006 3621 4048 usus
3647 4001 3726 4040 me-

2238 4093 2387 4148 thodi
2440 4093 2718 4163 sequentis
2769 4093 3038 4163 exigatur.
3088 4090 3225 4144 Nam
3283 4098 3343 4143 ut
3391 4088 3488 4142 diei
3542 4077 3725 4150 cujusvis

2239 4182 2373 4237 feria
2405 4199 2500 4253 per
2528 4190 2938 4245 concurrentes,
2969 4190 3022 4237 et
3049 4183 3330 4252 regulares
3358 4179 3555 4232 inventa
3580 4169 3724 4253 luerit,

2238 4251 2451 4342 probari
2485 4288 2581 4342 per
2608 4269 2994 4326 Dominicalem
3030 4251 3265 4325 litteram
3300 4266 3521 4326 debebit,
3549 4276 3605 4316 ue
3630 4251 3726 4326 quid

2236 4362 2438 4419 erroris
2466 4363 2789 4432 ohrepserit.
2821 4361 3024 4416 Tabula
3059 4363 3219 4417 tertia
3246 4370 3462 4431 epactas
3482 4360 3727 4412 menstruas

571 4473 720 4517 ratur
750 4461 891 4531 apud
915 4460 1131 4515 Graecos
1161 4462 1194 4532 ἡ
1221 4465 1715 4535 μεσοπεντηκοστή,
1739 4482 1858 4535 quae
1882 4475 1966 4521 est
1995 4469 2133 4524 vice-

2240 4454 2393 4517 solis,
2452 4453 2565 4507 sive
2613 4454 2890 4523 regulares
2929 4452 3079 4506 dabit
3109 4453 3164 4506 in
3212 4450 3483 4507 mensibus
3504 4439 3724 4500 Juliauis:

568 4557 743 4610 simus
773 4555 995 4625 quintus
1048 4553 1163 4607 dies
1222 4569 1250 4605 a
1304 4552 1590 4620 Paschate,
1643 4573 1706 4611 ac
1750 4574 1964 4628 semper
2003 4558 2134 4615 feria

568 4651 762 4716 quarta
797 4642 1079 4712 contingit.
1112 4639 1282 4712 Igitur
1309 4641 1507 4698 additis
1531 4643 1600 4698 24
1625 4644 1691 4698 ad
1721 4644 1864 4699 diem
1889 4645 2133 4709 Paschae,

571 4730 1047 4801 μεσοπεντηκοστή
1104 4729 1402 4797 proveniet.
1456 4730 1547 4786 Sic
1597 4748 1740 4786 anno
1789 4734 1883 4788 illo
1933 4734 2135 4790 Christi

570 4822 727 4886 l536,
759 4822 806 4878 si
834 4820 900 4875 ad
929 4835 1017 4875 xvn
1046 4818 1247 4890 Aprilis
1281 4821 1543 4876 accedant
1564 4823 1682 4879 dies
1718 4823 1810 4888 24,
1835 4826 2136 4882 incidemus

570 4916 626 4970 in
669 4932 702 4969 ι
727 4913 870 4975 Maii,
903 4928 1023 4984 qua:
1051 4913 1153 4966 fuit
1175 4916 1670 4985 μεσοπεντηκοστή.
1703 4900 1945 4971 Meminit
1976 4918 2136 4986 hujus

570 5005 701 5062 festi
721 5004 1030 5060 Chronicon
1052 5003 1497 5068 Alexandrinum,
1518 5012 1577 5058 ut
1606 5004 1670 5058 ad
1697 5004 1986 5075 Nicephori
2010 5006 2137 5062 Bre—

568 5097 801 5152 viarium
830 5096 1270 5161 observavimus;
1302 5110 1404 5150 nec
1432 5112 1541 5151 non
1567 5094 1878 5152 Graecorum
1905 5097 2133 5155 Horolo-

570 5190 741 5262 gium.
1916 5174 1921 5189 ’

640 5282 723 5338 Ad
751 5288 1048 5338 extremum
1091 5294 1200 5335 non
1243 5288 1326 5335 est
1358 5281 1767 5349 praetereundus
1789 5296 1943 5338 error
1964 5281 2137 5337 Maxi-

572 5376 667 5440 mi,
695 5375 787 5446 qui
832 5381 918 5428 est
959 5371 1138 5441 capite
1179 5368 1295 5424 Vill
1326 5371 1514 5439 prima:
1542 5372 1710 5441 partis
1746 5372 2016 5442 Computi.
2057 5371 2134 5427 lbi

573 5466 716 5519 enim
744 5479 773 5518 a
797 5464 1075 5519 Dominica
1106 5462 1383 5532 ἀπόκρεῳ,
1419 5477 1538 5532 qua:
1559 5474 1610 5516 et
1636 5463 1997 5539 Παρείσϐασις
2028 5463 2135 5516 τῶν

576 5556 743 5622 ἁγίων
772 5555 1032 5627 νηστειῶν
1064 5556 1286 5621 dicitur,
1318 5571 1491 5626 usque
1540 5555 1608 5611 ad
1652 5555 1840 5633 Πάσχα
1892 5556 2135 5621 νομικόν,

577 5649 690 5703 sive
737 5650 801 5702 ad
848 5665 938 5703 xtv
982 5648 1322 5712 Paschalem,
1366 5648 1484 5704 dies
1530 5657 1809 5718 computat
1845 5664 1975 5702 LVII.
2022 5647 2135 5703 lloc

574 5741 739 5796 modo
783 5738 990 5796 Pascha
1046 5740 1215 5811 legale
1276 5740 1417 5796 idem
1468 5741 1573 5795 erit
1617 5755 1740 5795 cum
1799 5738 2132 5797 Christiano.

2238 4559 2376 4615 quos
2404 4545 2619 4614 quidem
2653 4544 2929 4615 regulares
2965 4544 3038 4597 ita
3068 4542 3456 4612 disposuimus,
3501 4544 3555 4592 ut
3585 4531 3727 4589 eodem

2239 4637 2394 4690 initio
2433 4639 2649 4704 utrique
2695 4643 2950 4704 computo
2978 4635 3281 4706 proposito,
3327 4633 3563 4687 nimirum
3593 4625 3648 4679 ab
3664 4619 3728 4675 Ja-

2237 4727 2463 4791 nuario;
2517 4727 2750 4781 varietas
2803 4726 2892 4778 illa
2931 4726 3148 4788 vitetur,
3197 4739 3319 4794 quae
3360 4724 3414 4776 in
3461 4715 3665 4775 Maximi,
3692 4716 3729 4763 et

2236 4818 2407 4874 lsaaci
2439 4817 2691 4873 methodo
2719 4819 2978 4872 cernitur.
3034 4814 3093 4870 lu
3129 4822 3376 4885 quartam
3424 4809 3632 4865 tabulam
3663 4817 3729 4870 οἱ·

2238 4913 2380 4966 clum
2417 4911 2580 4974 lunas.
2621 4925 2744 4964 cum
2773 4909 2978 4978 epactis
3000 4906 3215 4961 Maximi
3261 4916 3316 4961 et
3361 4903 3520 4960 lsaaci
3545 4892 3728 4964 conjeci'

2236 5021 2361 5060 mus
2411 5022 2424 5057 :
2470 5018 2573 5057 nec
2624 5017 2733 5055 non
2778 5000 3070 5055 Paschales
3116 4999 3378 5053 terminos
3423 5003 3473 5049 et
3512 4988 3728 5060 regulares

2236 5096 2472 5159 dierum,
2518 5095 2575 5149 in
2625 5109 2763 5163 quos
2799 5091 3046 5147 incidunt
3082 5090 3319 5145 termini.
3361 5075 3729 5158 Cyclusluueris

2236 5189 2446 5258 primus
2485 5187 2537 5240 in
2581 5183 2750 5240 lsaaci
2780 5191 3056 5254 computo,
3088 5183 3201 5238 sive
3242 5169 3728 5242 Constantinupolila-

2236 5295 2330 5344 no,
2356 5284 2586 5348 quartus
2631 5285 2717 5331 est
2746 5275 2882 5347 cycli
2913 5272 3164 5340 Romani,
3207 5286 3369 5342 quem
3402 5265 3624 5324 eumdem
3643 5267 3732 5312 esse

2236 5370 2523 5425 docuimus
2570 5382 2694 5421 cum
2723 5367 2877 5439 cyclo
2905 5365 3123 5419 Maximi
3172 5371 3225 5419 et
3272 5355 3597 5416 Alexandrini
3620 5363 3729 5405 com-

2235 5461 2373 5533 puti.
2408 5460 2616 5516 idcirco
2642 5459 2999 5514 terminorum
3052 5456 3264 5512 diversa
3310 5453 3475 5509 series
3514 5443 3728 5533 instituu-

2236 5532 2437 5619 Quinta
2490 5551 2672 5605 tabula
2722 5550 3000 5620 regulares
3054 5547 3298 5602 continet
3357 5532 3729 5620 accommodatus

2193 5677 2198 5680 -
2237 5614 2451 5715 utrique
2499 5648 2754 5711 computo
2772 5614 2812 5707 ,⁷
2839 5641 2920 5695 sic
2953 5649 3012 5694 ut
3047 5638 3184 5693 idem
3218 5635 3286 5691 ad
3316 5632 3519 5690 initium
3541 5614 3727 5715 Januarii

2236 5709 2509 5791 facilitatis
2537 5709 2703 5791 causa
2727 5731 3052 5789 referantur.
3086 5730 3249 5785 Sexta
3290 5727 3513 5793 denique
3532 5709 3727 5788 periodos
