3948 6264
434 345 570 403 1147

539 464 743 522 Tabula
784 464 822 521 V
848 467 1170 538 regularium
1202 467 1340 520 tunc
1361 467 1420 520 in
1443 475 1667 528 atroque
1711 466 1883 536 cyclo.

1036 579 1333 650 Regulares
1616 580 1786 649 Regni
1799 595 1921 635 ares

1057 649 1294 705 maximi.
1657 651 1850 705 lsaaci.

326 801 336 826 ,
433 755 725 826 Ianuarius
1128 761 1195 814 10
1760 761 1794 816 0

433 825 758 884 Februarius
1127 831 1149 883 1
1167 831 1187 882 1
1761 833 1786 883 1

432 897 661 954 Martius
1126 900 1196 953 10
1757 901 1791 955 0

432 1011 632 1080 Aprilis
1175 1015 1211 1065 0
1757 1016 1783 1069 1

434 1081 606 1136 Maius
1177 1081 1204 1135 1
1752 1086 1789 1140 2

431 1149 623 1207 Junius
1171 1151 1209 1205 2
1418 1154 1420 1157 ’
1751 1155 1788 1210 3

431 1264 607 1320 Julius
1165 1264 1202 1319 5
1747 1267 1786 1324 4

430 1337 704 1404 {Angustus
734 1359 737 1364 -
1164 1334 1201 1388 4
1751 1337 1787 1394 5

434 1403 748 1476 September
1164 1404 1198 1460 6
1751 1407 1786 1464 7

430 1516 662 1570 October
1165 1515 1202 1572 6
1745 1519 1781 1576 7

428 1584 728 1639 November
1165 1587 1203 1643 8
1744 1589 1782 1649 9

429 1655 725 1710 December
1164 1656 1203 1714 8
1708 1661 1778 1721 10

661 1984 973 2042 CANONES
1005 1983 1402 2054 UTRlU‘SQUE
1437 1986 1763 2050 COMPUTI.

426 2095 605 2151 Cauou
660 2097 698 2150 l.
760 2097 1049 2168 Proposito
1119 2097 1348 2168 quolibet
1415 2116 1554 2154 anno
1617 2100 1991 2158 Alexandrinae

497 2183 618 2244 wrw
640 2206 654 2231 ,
688 2167 764 2221 vel
795 2167 1431 2238 ConstantinOpolitanlB,
1478 2172 1651 2240 cyclos
1701 2172 1815 2242 ejus
1868 2191 1992 2244 pro-

493 2238 634 2302 prios
670 2253 992 2308 cognoscere.

497 2350 780 2418 Quae'ratur
831 2351 1074 2420 proxime
1124 2351 1304 2406 minor
1355 2367 1422 2408 ex
1471 2353 1655 2409 tabula
1706 2356 1882 2425 prima
1932 2359 1990 2412 in

425 2443 753 2500 centenariis
815 2454 870 2497 et
928 2443 1292 2510 millenariis,
1367 2445 1555 2516 eisque
1619 2456 1990 2518 competentes

425 2535 562 2607 cycli
603 2535 930 2590 adnotentur
961 2535 1114 2599 solis,
1143 2536 1284 2589 lunae
1315 2544 1368 2590 et
1399 2537 1750 2606 indictionis;
1793 2542 1988 2612 reliqui

424 2628 618 2684 deinde
662 2644 727 2684 ex
775 2627 1069 2684 decadibus
1117 2630 1491 2700 suppleantur.
1525 2631 1665 2686 Tum
1707 2635 1844 2704 cycli
1878 2635 1990 2689 sin-

423 2720 532 2791 guli
560 2719 615 2773 in
645 2734 746 2774 suo
775 2719 979 2788 quique
1013 2735 1212 2789 genere
1249 2722 1594 2792 colligantur.
1638 2721 1848 2788 Quibus
1895 2725 1992 2780 ad-

423 2819 624 2866 dantur
651 2819 1027 2877 excurrentes,
1057 2811 1102 2866 si
1128 2811 1218 2880 qui
1258 2815 1557 2881 supersint,
1585 2815 1728 2870 ultra
1752 2816 1988 2874 decadas

423 2903 661 2958 numeri.
689 2903 765 2956 ita
797 2903 924 2957 ﬁent
956 2903 1095 2975 cycli
1129 2905 1334 2974 proprii
1361 2905 1490 2958 anni
1523 2905 1703 2970 illius,
1735 2908 1826 2976 qui
1853 2923 1984 2976 pro-

423 2995 673 3065 ponitur,
719 2994 980 3049 detractis
1023 2994 1092 3050 de
1124 3010 1374 3061 summa,
1412 2996 1592 3066 quoad
1619 3004 1774 3067 potes
1796 3036 1812 3062 ,
1851 2999 1991 3053 inte-

429 3086 542 3156 gris
575 3085 768 3156 cyclis.

496 3173 802 3244 Exemplum
824 3195 837 3231 :
859 3186 973 3231 esto
989 3191 1162 3231 annus
1181 3177 1248 3231 ab
1263 3176 1468 3232 Adamo
1493 3179 1730 3248 computi
1757 3179 1958 3234 Alexan
1975 3210 1990 3221 -

1402 347 1498 400 AD
1536 341 1804 401 EUSEBll
1832 341 2228 402 CHRONICON
2279 341 2642 400 APPENDIX.

3531 339 3671 398 Hi8

2255 463 2471 518 Tabelta
2505 463 2577 518 VI
2605 460 2938 532 periodorum
2991 458 3498 515 Victorinianarum.

2452 601 2720 657 Numerus
3139 601 3278 656 Anni

2406 672 2768 743 periodurum.
3119 671 3331 727 collecti

2564 781 2592 835 1
3148 781 3253 836 552

2561 852 2598 905 2
3113 854 3253 906 1061

2562 922 2596 976 5
3114 922 3252 977 1596

2555 1014 2591 1066 4
3110 1014 3251 1068 2128

2556 1083 2593 1139 5
3110 1085 3252 1138 2660

2557 1153 2593 1210 6
3113 1154 3250 1208 5192

2560 1245 2596 1301 7
3111 1243 3253 1300 3724

2558 1315 2593 1372 8
3110 1316 3251 1371 4256

2555 1386 2591 1444 9
3110 1387 3252 1442 4788

2523 1479 2588 1537 10
3109 1480 3248 1534 5520

2519 1550 2580 1606 11
3111 1549 3249 1605 5152

2518 1621 2585 1675 12
3110 1622 3249 1675 6581

2521 1710 2590 1766 15
3107 1711 3246 1766 6916

2519 1783 2544 1834 1
2554 1781 2588 1834 4
3110 1781 3244 1835 7448

2517 1853 2586 1906 15
3109 1851 3246 1908 7980

2094 2016 2216 2058 serae
2252 2003 2578 2061 Cnrsstianae
2617 2009 2851 2077 primum
2884 2008 2939 2061 in
2976 2006 3338 2061 Alexandrina
3389 2004 3661 2060 numerari

2096 2095 2272 2161 5493;
2305 2097 2360 2151 in
2388 2100 2986 2171 ConstantinOpolitana
3011 2098 3179 2166 5509;
3214 2100 3435 2154 tertium
3458 2141 3472 2163 ,
3515 2099 3658 2154 Con-

2094 2188 2638 2258 stantinopolitanam
2690 2208 2853 2247 seram
2915 2207 3173 2262 superare
3221 2193 3449 2257 alteram
3505 2193 3658 2247 annis

2090 2293 2204 2332 xvn.
2257 2277 2441 2350 Itaque
2468 2283 2511 2336 si
2540 2281 2608 2336 ad
2639 2298 2842 2338 annum
2875 2298 3255 2355 quemcunque
3286 2302 3410 2341 $l‘83
3437 2286 3661 2340 Alexano

2091 2367 2281 2432 drinae,
2307 2371 2534 2446 ejusque
2559 2375 2742 2444 cyclos
2774 2391 2871 2446 per
2905 2393 2921 2429 1
2968 2392 3230 2434 canonem
3259 2379 3542 2444 collectos,
3567 2379 3660 2432 ad-

2091 2459 2190 2514 das
2221 2459 2289 2514 16
2309 2501 2322 2525 ,
2355 2461 2552 2518 eilicies
2589 2480 2784 2528 annos,
2831 2466 3123 2537 cyclosque
3152 2469 3658 2540 Constantinopoli-

2090 2556 2267 2616 tanae;
2299 2551 2547 2608 deductis
2571 2555 2797 2626 integris
2823 2558 2992 2628 cyclis
3019 2577 3032 2624 ;
3071 2567 3182 2626 aut,
3210 2562 3253 2615 si
3284 2564 3546 2632 prmeisus
3588 2563 3656 2617 sit

2090 2642 2355 2709 calculus,
2389 2647 2518 2700 totis
2551 2647 2684 2716 ipsis
2719 2651 3017 2719 assumptis
3041 2691 3056 2714 ,
3119 2661 3375 2723 tanquam
3416 2656 3543 2708 anni
3594 2656 3655 2708 il-

2091 2732 2198 2786 lius
2229 2735 2482 2804 propriis.
2516 2735 2592 2789 Ex
2628 2739 2804 2806 primo
2851 2741 3123 2810 sequitur,
3157 2752 3212 2796 ut
3245 2759 3419 2798 annos
3454 2747 3654 2815 primos

2092 2825 2374 2880 amborum
2407 2839 2789 2898 compntorum
2842 2833 2899 2887 in
2948 2832 3162 2888 Iuliana
3200 2837 3421 2904 periodo
3468 2838 3655 2908 depre-

2092 2916 2321 2984 hendas,
2353 2930 2608 2989 Oportere
2632 2922 2697 2976 ad
2729 2924 3012 2994 periodum
3047 2939 3354 2983 currentem
3391 2930 3652 3001 integram

2091 3007 2249 3060 aliam
2277 3012 2688 3066 accommodare
2719 3028 2983 3067 annorum
3026 3015 3180 3070 7980.
3229 3018 3419 3072 Annus
3453 3016 3650 3086 periodi

2089 3092 2319 3151 Juliame
2350 3098 2490 3153 4714
2519 3109 2603 3156 est
2655 3119 2834 3159 annus
2870 3122 2882 3159 l
2917 3121 3038 3161 arra:
3067 3107 3424 3179 Christiana;
3458 3113 3649 3182 adjun-

2091 3193 2178 3240 cta
2210 3188 2416 3258 integra
2448 3194 2672 3261 periodo
2700 3197 3031 3269 colliguntur
3055 3203 3182 3255 anni
3216 3203 3407 3258 12694.

423 3267 566 3322 drini
620 3268 796 3333 7054,
845 3269 1434 3338 Constantinopolitani
1484 3286 1617 3325 vero
1675 3270 1831 3326 7050.
1872 3269 2060 3343 Haec
2159 3279 2256 3336 His
2300 3283 2725 3352 animadversis,
2775 3267 3045 3347 siﬁannus
3075 3292 3290 3351 Graecus
3342 3298 3653 3367 propositus

419 3359 584 3417 modo
605 3361 831 3434 colliges
863 3363 1048 3435 cyclos
1080 3361 1388 3432 utriusque.

965 3471 1029 3528 In
1065 3471 1442 3528 Alexandrino.

1122 3565 1273 3636 Cycli

997 3656 1139 3713 Solis
1179 3659 1343 3713 Lunae
1379 3657 1574 3712 lndict.

756 3746 886 3801 7000
1033 3747 1066 3801 2
1076 3749 1102 3800 1
1245 3747 1277 3802 8
1445 3748 1514 3802 10

792 3816 860 3869 50
1070 3817 1106 3870 2
1214 3817 1276 3870 11
1446 3819 1515 3872 15

793 3883 828 3940 4
1073 3886 1109 3940 4
1247 3887 1282 3940 4
1453 3888 1489 3942 4

701 3958 925 4011 Summa
1070 3956 1105 4012 6
1245 3956 1281 4011 4
1453 3959 1522 4012 He

839 4066 905 4120 In
955 4066 1558 4140 Constantinopolitano.

1110 4159 1272 4230 {Cycli

998 4249 1141 4308 Solis
1177 4250 1343 4308 Luna:
1379 4253 1569 4313 lndict.

750 4338 888 4396 7000
1025 4341 1097 4396 28
1239 4344 1272 4398 8
1443 4347 1512 4401 10

820 4411 890 4467 50
1028 4412 1100 4486 eg
1205 4414 1274 4486 12
1479 4417 1528 4486 εξ

704 4479 926 4536 Summa
1029 4481 1101 4536 22
1245 4484 1270 4537 1
1443 4487 1514 4542 15

485 4595 640 4649 Anno
673 4610 800 4666 ergo
825 4594 1203 4652 Alexandrinae
1249 4613 1372 4654 aerae
1393 4600 1556 4669 17054
1619 4603 1812 4677 cyclus
1859 4612 1980 4660 erat

416 4686 548 4742 solis
579 4703 654 4752 vr,
688 4687 827 4740 lunae
890 4703 962 4753 Iv,
1016 4689 1240 4743 indictio
1287 4707 1417 4756 xw,
1475 4692 1981 4766 Constantinopoli-

415 4785 576 4831 tanus
609 4792 734 4832 vero
755 4778 892 4833 7050
925 4779 1113 4834 habuit
1160 4781 1290 4836 solis
1321 4784 1533 4853 cyclum
1578 4802 1713 4852 xxn,
1758 4789 1899 4843 luna:
1937 4805 1976 4855 1,

414 4869 766 4924 indictionem
801 4887 888 4924 xv.

409 4974 592 5031 Canos
624 4976 689 5034 II.
734 4977 896 5064 Edita
927 4983 1156 5064 quo-libet
1204 5003 1352 5064 a_nno_
1393 4993 1664 5064 utriusque
1708 4998 1974 5064 computi,

482 5053 987 5132 nosae‘qlttenthit‘um
1019 5053 1202 5109 habeat
1233 5059 1290 5111 in
1316 5057 1540 5132 Iuliana
1579 5053 1844 5132 'periodo',
1899 5053 1976 5122 vei

483 5133 590 5203 tera
627 5119 831 5203 Christi
865 5122 1135 5192 Romana,
1191 5135 1242 5181 et
1288 5130 1474 5200 quibus
1521 5119 1681 5203 egetis
1720 5119 1977 5193 Romanis

484 5189 701 5258 affectus
731 5191 822 5247 sit.

481 5298 610 5356 Tria
641 5301 907 5374 imprimis
947 5306 1286 5365 observanda
1325 5322 1452 5368 sunt
1488 5334 1500 5367 :
1535 5314 1771 5384 primum
1809 5333 1976 5374 teram

410 5396 697 5462 utramque
724 5393 1036 5452 Graecorum
1068 5399 1136 5452 ab
1163 5400 1370 5458 Adamo
1397 5404 1464 5457 ad
1491 5419 1694 5460 annum
1732 5409 1971 5476 primum

412 5493 533 5534 tem
552 5481 869 5541 Christiana
891 5525 908 5550 ,
963 5488 1225 5546 excedere
1252 5507 1518 5546 summam
1550 5509 1817 5550 annorum
1873 5513 1970 5566 pe-

413 5569 554 5626 riodi
597 5571 856 5640 Julianae,
909 5579 1002 5648 qui
1051 5580 1116 5634 ad
1167 5597 1343 5638 aeram-
1380 5585 1623 5639 eamdem
1681 5595 1964 5656 putantur.

412 5660 777 5718 Alexandrina
807 5681 912 5721 aera
940 5671 1217 5738 periodum
1238 5671 1511 5728 Julianam
1538 5677 1838 5745 superabat
1862 5694 1966 5732 an-

412 5753 500 5810 nis
528 5752 649 5819 779,
681 5754 1276 5831 Constantinopolitana
1315 5765 1449 5834 795;
1479 5767 1730 5835 alterum,
1759 5783 1963 5825 annum

2087 3373 2261 3440 major
2290 3375 2360 3427 sit
2389 3374 2488 3430 779
2522 3376 2577 3431 in
2614 3393 2723 3433 aera
2754 3380 3153 3448 Alexandrina,
3188 3386 3446 3442 detractis
3478 3388 3547 3443 de
3585 3405 3650 3443 eo

2085 3458 2210 3526 779,
2244 3463 2392 3533 quod
2439 3467 2706 3537 reliquum
2753 3480 2836 3524 est
2881 3472 3030 3526 dabit
3082 3490 3282 3530 annum
3324 3479 3532 3548 periodi
3561 3479 3650 3534 111·

2085 3552 2262 3617 liena),
2291 3555 2378 3609 cui
2409 3559 2722 3627 respondet.
2750 3559 2810 3615 ln
2835 3561 3442 3637 Constantinopolitana
3484 3587 3612 3625 vero
3635 3612 3651 3635 ,

2084 3645 2332 3714 prodihit
2371 3648 2632 3704 detractis
2671 3651 2805 3720 795;
2858 3656 3080 3711 residuo
3109 3660 3290 3729 itaque
3319 3679 3417 3731 per
3442 3663 3532 3724 28.
3565 3665 3649 3724 19.

2084 3746 2137 3792 et
2161 3739 2228 3793 15
2255 3742 2481 3806 tributo,
2508 3743 2785 3801 Romanos
2811 3750 2993 3820 cyclos
3024 3753 3314 3810 obtinebis.
3347 3756 3440 3810 Sin
3474 3759 3653 3813 minor

2083 3837 2168 3883 est
2192 3844 2369 3886 annus
2394 3835 2706 3903 propositus
2756 3853 2914 3906 quam
2950 3840 3048 3895 779
3069 3882 3084 3905 ,
3138 3851 3233 3898 aut
3265 3845 3366 3901 795
3395 3864 3409 3912 ;
3475 3849 3652 3918 adjice

2085 3919 2152 3972 ad
2179 3935 2378 3977 annum
2408 3924 2830 3982 Alexandrinum
2863 3930 2990 3984 720i
3017 3974 3032 3998 ,
3069 3934 3136 3988 ad
3161 3937 3636 4011 Constantinopoli-

2082 4017 2294 4077 tanum,
2328 4015 2464 4070 7l85
2495 4036 2508 4070 ε
2542 4019 2768 4074 exsistet
2797 4034 2975 4078 annus
3006 4028 3211 4094 periodi
3251 4028 3476 4085 Juliana:
3524 4049 3648 4102 pro-

2084 4102 2292 4172 lepticae
2337 4114 2390 4159 et
2428 4111 2828 4182 antecedentis;
2863 4132 2970 4187 quo
2996 4134 3092 4188 per
3112 4121 3293 4192 cyclos
3317 4131 3427 4178 tres
3449 4123 3646 4189 diviso,

2083 4197 2225 4264 quod
2262 4199 2408 4254 voles
2449 4207 2778 4272 assequeris.

2154 4287 2367 4343 Annum
2396 4308 2556 4360 porro
2588 4295 2793 4352 Christi
2828 4300 3098 4356 labentem
3127 4302 3325 4359 emcies
3362 4306 3415 4359 in
3443 4309 3645 4364 utravis

2083 4391 2223 4442 tera,
2264 4381 2310 4434 si
2346 4382 2411 4436 de
2439 4383 2803 4442 Alexandrina
2830 4392 3104 4450 subducas
3153 4397 3326 4465 5492;
3377 4401 3444 4454 tle
3503 4400 3643 4455 Cone

2085 4470 2587 4541 stantinopolitana,
2617 4479 2799 4534 5508.‘

2151 4559 2466 4632 Exemplum
2517 4586 2528 4619 :
2569 4585 2744 4626 annus
2776 4575 3150 4632 Alexandrinae
3187 4593 3306 4634 ρει-ω
3333 4579 3490 4645 7031,
3516 4582 3642 4636 sub-

2009 4644 2056 4705 D
2085 4650 2262 4706 ductis
2297 4655 2427 4720 779,
2458 4668 2542 4714 est
2583 4660 2760 4728 6255;
2794 4667 3040 4725 deductis
3064 4680 3240 4724 autem
3274 4671 3412 4725 5452
3439 4644 3523 4728 est
3544 4689 3642 4727 an-

2083 4759 2187 4798 nus
2214 4743 2414 4801 Christi
2447 4752 2871 4820 vulgari51542.
2909 4757 3000 4813 Sic
3039 4775 3213 4815 annus
3249 4761 3627 4816 Constantino-

2081 4836 2353 4904 politanus
2382 4839 2541 4907 7050,
2571 4844 2764 4902 ablatis
2798 4847 2898 4903 795
2923 4891 2938 4911 ,
2992 4850 3250 4921 relinquit
3294 4852 3460 4918 62-35;
3511 4855 3639 4908 sub-

2079 4928 2268 4980 tractis
2295 4928 2432 4983 5508
2459 4973 2472 4993 ,
2513 4932 2750 5002 reliquos
2801 4937 2931 4991 facit
2986 4941 3120 4994 1512).
3160 4943 3398 4999 Christi:
3443 4947 3641 5015 quibus

2079 5028 2450 5088 competentes
2489 5027 2672 5094 cyclos
2702 5044 2885 5093 erues,
2915 5032 2958 5086 si
2989 5047 3161 5090 annos
3184 5034 3410 5092 Julianae
3433 5041 3639 5109 periodi

2077 5109 2325 5167 conferas
2349 5113 2404 5166 in
2429 5115 2662 5171 tabulam
2695 5118 2732 5183 Ι,
2761 5120 3019 5176 nimirum
3057 5124 3160 5182 hoc
3189 5128 3370 5184 modo.

2661 5227 2803 5285 Solis
2841 5231 3007 5288 Lunae
3039 5233 3233 5292 lndict.

2395 5316 2533 5372 6000
2713 5322 2745 5376 8
2854 5323 2922 5376 15
3093 5327 3161 5382 15

2431 5388 2536 5442 200
2709 5392 2743 5445 4
2852 5395 2920 5447 10
3125 5398 3159 5452 5

2465 5458 2534 5512 50
2675 5460 2745 5514 22
2854 5464 2922 5516 i2
3125 5469 3160 5522 5

2503 5527 2537 5582 5
2716 5531 2749 5584 5
2889 5534 2923 5588 5
3124 5538 3157 5592 5

2355 5595 2577 5651 Summa
2693 5599 2750 5654 11
2894 5605 2932 5659 4
3096 5606 3164 5662 15

2144 5681 2308 5756 Igitur
2358 5703 2498 5743 anno
2559 5691 2776 5761 utrique
2818 5691 3006 5752 Grieco
3033 5679 3319 5768 respondet
3350 5700 3623 5762 Romanus

2073 5778 2257 5847 cyclus
2279 5795 2329 5833 111
2360 5781 2499 5836 luna:
2526 5798 2597 5850 tv,
2634 5783 2825 5841 indict.
2866 5804 2956 5846 xv.
