3948 6264
251 300 390 356 1449

1194 292 1645 351 DISSERTATIO
1687 291 1772 345 DE
1813 289 2222 347 GRECORUM
2265 293 2471 351 IERIS.

3285 337 3296 346 .
3345 298 3483 355 1450

322 414 564 478 Rursus,
610 413 750 468 scire
775 414 898 468 volo
926 423 1126 485 quotus
1168 413 1332 466 trium
1385 412 1661 484 cyclorum
1693 409 1806 462 Ro-
1837 414 1882 468 Α
1911 423 2048 478 opus
2105 419 2219 472 est.
2257 412 2468 482 integro
2502 427 2729 469 numero
2778 415 2879 478 15;
2925 412 3207 486 'reliquum
3255 415 3361 470 duc
3425 419 3478 470 iu

251 520 537 559 manorum
585 515 850 575 congruat
894 506 1052 560 annis
1111 505 1300 574 primis
1346 519 1467 558 εει-(ε
1505 503 1812 570 utriusque.

251 598 419 653 Aufer
450 612 622 652 annos
655 597 794 652 5495
851 597 920 652 de
979 596 1151 650 12694
1181 635 1201 660 ,
1251 596 1589 666 relinquetur
1638 610 1814 648 annus

253 688 411 744 7201.
444 689 610 760 Igitur
663 704 838 743 annus
885 687 1095 758 primus
1137 704 1259 742 aera:
1302 687 1682 742 Alexandrinae
1732 696 1816 741 est

252 779 480 836 Iuliana:
514 782 722 852 periodi
755 782 928 844 7202,
981 781 1071 835 cui
1118 795 1214 849 per
1263 795 1531 834 canonem
1580 781 1814 850 primum

254 874 482 928 debetur
506 873 693 942 cyelus
717 874 847 928 solis
877 890 948 937 vr,
983 873 1124 926 lunae
1164 887 1200 934 I,
1238 872 1467 926 indictio
1500 887 1560 925 ιι.
1593 870 1721 926 Item
1751 871 1818 924 de

255 964 428 1020 12694
461 965 710 1021 deductis
738 965 908 1031 5509,
948 973 1160 1021 restant
1210 965 1365 1021 7185.
1424 964 1593 1034 Igitur
1639 979 1816 1019 annus

253 1058 462 1129 periodi
496 1057 722 1112 Iuliana:
751 1058 886 1113 7186
915 1069 1002 1114 est
1052 1061 1261 1129 primus
1289 1073 1412 1113 aera
1438 1057 1820 1112 Constantino-

254 1150 528 1219 politanae.
573 1150 707 1216 Quae
751 1152 979 1222 proinde
1008 1156 1172 1222 cmpit
1200 1152 1448 1208 Romano
1475 1151 1630 1222 cyclo
1683 1152 1818 1206 solis

256 1257 408 1304 xvnl,
440 1242 580 1297 luna:
611 1259 684 1306 tv,
713 1243 1023 1298 indictionis
1053 1261 1083 1300 ι.

325 1335 404 1390 Ex
448 1335 530 1391 his
576 1336 955 1405 compendium
991 1338 1220 1392 canonis
1277 1338 1453 1392 oritur
1507 1335 1816 1404 ejusmodi:

255 1427 477 1482 invento
497 1428 650 1499 cyclo
677 1429 810 1484 solis
847 1445 968 1484 aera:
999 1428 1378 1484 Alexandrinae
1405 1429 1546 1484 adde
1581 1429 1638 1492 5,
1662 1428 1820 1499 cyclo

257 1519 402 1571 luna:
431 1519 488 1585 0,
517 1519 800 1574 indictioni
835 1519 861 1574 1
890 1520 1198 1576 :obtinebis
1223 1519 1498 1576 Romanos
1521 1521 1666 1575 illius
1693 1520 1818 1574 anni

256 1611 485 1678 cyclos;
519 1609 1129 1680 Constantinopolitanae
1159 1627 1289 1667 vero
1322 1613 1490 1683 cyclis
1523 1611 1682 1677 adde,
1726 1627 1820 1666 so-

259 1702 360 1756 lari
386 1703 453 1755 17
475 1741 492 1764 ,
525 1703 702 1758 lunari
732 1704 789 1768 5,
820 1703 1103 1759 indietioni
1137 1708 1171 1757 0
1191 1743 1206 1767 ,
1247 1713 1308 1759 ut
1334 1705 1449 1760 htec
1487 1705 1686 1760 tabella
1718 1705 1818 1758 do-

1915 501 2074 563 1064,
2100 509 2154 555 et
2180 500 2252 554 ad
2292 519 2560 558 summam
2597 503 2775 572 adjice
2810 504 2953 573 quod
2991 504 3260 574 superfuit
3289 505 3354 560 de
3385 523 3483 559 no-

1914 593 2138 648 vissima
2165 594 2433 650 divisione
2476 611 2570 664 per
2591 596 2715 650 552.
2751 595 2909 663 Quod
2961 598 3007 653 si
3045 613 3257 654 summa
3307 599 3482 668 major

1917 695 1999 740 est
2029 702 2192 756 quam
2227 687 2384 750 7980,
2424 688 2568 742 hunc
2612 688 2789 758 ipsum
2822 706 3108 744 numerum
3151 706 3215 744 ex
3249 691 3339 744 illa
3389 693 3485 744 de-

1918 780 2091 836 trahe.
2125 779 2202 835 Ita
2235 781 2323 836 fret
2356 797 2532 835 annus
2563 782 2651 836 ille
2672 821 2686 845 ,
2723 782 2814 851 qui
2852 783 3168 853 requiritur,
3197 799 3262 837 ex
3296 785 3484 852 quoin

1916 870 2131 926 Juliaua
2153 873 2376 942 periodo
2407 875 2686 944 proprium
2724 890 2926 928 annum
2973 875 3120 929 illius
3149 875 3478 946 assequeris.

1988 961 2304 1032 Exemplum
2343 980 2358 1018 :
2406 963 2714 1020 Chronicon
2745 965 3165 1020 Alexandrinum
3200 966 3485 1035 migratio-

1920 1069 2041 1107 nem
2082 1053 2453 1110 lsraelttarum
2510 1073 2574 1111 ex
2613 1057 2846 1127 Egypto
2884 1059 3074 1112 statuit
3101 1072 3166 1112 eo
3191 1073 3352 1121 anno,
3391 1059 3486 1126 qui

1919 1145 2128 1215 cyclum
2161 1146 2347 1200 habuit
2374 1147 2505 1202 solis
2537 1148 2592 1210 2,
2631 1148 2773 1202 luna:
2799 1148 2883 1211 19,
2910 1163 3033 1202 cum
3065 1148 3360 1202 indictione
3396 1148 3482 1201 15.

1920 1238 2114 1301 Quaero
2146 1247 2348 1306 quotus
2386 1237 2475 1293 ille
2502 1239 2739 1308 eomputi
2779 1237 2947 1294 Graeci
2980 1239 3160 1304 fuerit,
3187 1247 3242 1294 et
3267 1237 3484 1313 quidem

1919 1329 2500 1398 Constantinopolitani
2523 1346 2537 1394 ;
2571 1330 2713 1385 hunc
2731 1331 2874 1384 enim
2907 1331 3006 1385 iste
3029 1338 3218 1384 auctor
3243 1331 3484 1384 adhibet.

1920 1419 2158 1475 Primum
2189 1421 2349 1476 editis
2395 1423 2564 1493 cyclis
2601 1424 2732 1478 solis
2777 1438 2839 1476 ac
2888 1424 3045 1489 lume,
3087 1424 3368 1478 ducendus
3403 1432 3491 1478 est

1923 1511 2108 1581 cyclus
2139 1512 2272 1566 solis
2303 1511 2339 1566 2
2373 1513 2432 1566 in
2462 1513 2550 1575 57,
2590 1511 2725 1565 fiunt
2771 1513 2889 1566 114.
2935 1512 3071 1565 Tum
3103 1514 3312 1582 cyclum
3347 1515 3487 1566 lunzr

1925 1602 1991 1654 19
2021 1601 2087 1655 de
2120 1601 2330 1670 integro
2357 1603 2510 1673 cyclo
2529 1603 2772 1672 ejusdem
2805 1604 2945 1657 lunae
2975 1605 3323 1669 subtrahens,
3352 1607 3488 1659 resi-

1923 1691 2088 1745 duum
2127 1693 2300 1747 habeo
2330 1693 2434 1746 19:
2468 1709 2628 1763 quem
2660 1709 2942 1748 numerum
2970 1710 3064 1763 per
3078 1695 3147 1748 56
3165 1696 3486 1764 multiplico.

259 1806 366 1849 cet.
397 1793 560 1851 Verbi
588 1797 763 1867 gratia
791 1812 968 1853 annus
992 1797 1390 1853 Alexandrinus
1417 1798 1553 1852 7054
1579 1813 1675 1868 per
1709 1797 1818 1866 pri-
1849 1775 1893 1832 Β
1919 1779 2175 1834 Gonnum
2212 1781 2385 1848 1064,
2423 1798 2586 1852 quam
2613 1797 2882 1837 summam
2913 1784 2978 1836 ad
3023 1785 3258 1854 Ρτίοτθηι
3289 1785 3489 1855 adimo

260 1903 410 1942 mum
447 1885 710 1943 canonem

1332 1985 1466 2040 solis
1601 1984 1634 2035 5

892 2054 1262 2108 Alexandrino
1336 2056 1476 2107 lunze
1597 2059 1628 2105 0

463 2155 617 2212 Adde
664 2157 821 2227 cyclo
1335 2125 1524 2227 maio"

1335 2216 1468 2271 solis
1565 2215 1632 2267 17

862 2287 1205 2343 Constantin.
1341 2289 1480 2340 luna:
1599 2287 1632 2335 5

1333 2357 1524 2411 indict.
1600 2357 1634 2409 0

253 2469 474 2542 cyclum
499 2471 630 2528 solis
663 2471 869 2528 obtinet
900 2471 971 2538 6;
1004 2472 1141 2528 adde
1171 2472 1224 2538 5,
1265 2470 1462 2528 efﬁcies
1495 2470 1578 2524 11.
1631 2469 1828 2540 Cyclus

253 2559 405 2614 lunae
436 2561 491 2623 4,
515 2560 715 2616 additis
743 2560 778 2615 0
803 2567 886 2616 est
910 2562 982 2628 4;
1011 2561 1236 2616 indictio
1261 2562 1347 2625 14,
1369 2560 1554 2616 addito
1580 2560 1601 2613 1
1632 2567 1716 2614 est
1741 2561 1825 2614 15.

255 2648 347 2703 Sic
380 2652 510 2704 anni
541 2651 1124 2725 ConstantinOpolitani
1161 2655 1348 2725 cyclus
1381 2654 1514 2708 solis
1536 2653 1606 2706 22
1634 2662 1828 2708 auctus

250 2746 322 2800 17
346 2748 552 2802 transit
585 2749 639 2803 in
669 2747 987 2805 'Romanum
1016 2753 1109 2818 1|;
1143 2750 1370 2814 lunaris,
1404 2748 1603 2804 additis
1625 2750 1677 2813 5,
1700 2765 1765 2804 ex
1801 2747 1820 2800 1

253 2836 313 2890 Iit
333 2838 404 2905 4;
431 2839 653 2894 indictio
676 2839 864 2896 eadem
899 2852 982 2899 est
1013 2843 1101 2898 15.

325 2929 602 2986 Caeterum
644 2948 816 2988 annos
839 2934 963 2989 illos
991 2949 1180 2990 omnes
1199 2935 1511 2991 Graecorum
1539 2942 1828 3006 computo-

254 3035 385 3073 rum
404 3037 433 3074 a
456 3021 710 3076 Kalendis
739 3023 1010 3079 Ianuariis
1038 3026 1386 3095 auspieamur
1411 3045 1424 3092 ;
1455 3029 1668 3082 tametsi
1692 3028 1827 3081 civi-

257 3111 329 3164 lis
361 3126 561 3175 annus,
583 3119 638 3166 et
677 3111 902 3168 indictio
931 3115 998 3168 ab
1021 3115 1374 3171 antecedente
1407 3116 1712 3188 Septembri
1745 3118 1830 3172 in-
1857 3121 1899 3177 (Ζ

259 3203 506 3273 cipiant:
538 3203 684 3274 quod
739 3207 785 3261 si
830 3207 952 3276 quis
990 3207 1186 3262 imitari
1231 3211 1500 3276 voluerit,
1555 3209 1831 3264 Romanos

260 3298 450 3367 cyclos
471 3298 679 3352 unitate
705 3299 910 3352 minuet
954 3299 1009 3351 in
1039 3313 1306 3354 armorum
1345 3302 1686 3372 singulorum
1735 3318 1831 3357 ex-

261 3387 446 3444 ordio.
476 3388 728 3459 Idemque
755 3387 917 3443 faciet
948 3389 1005 3443 in
1028 3390 1230 3446 Graecis
1255 3392 1418 3462 ipsis,
1454 3395 1532 3448 uti
1559 3393 1722 3457 feriae,
1748 3396 1852 3448 vel.

262 3481 413 3535 luna:
439 3488 806 3550 consequatur
837 3488 1051 3537 aztatem
1101 3481 1156 3536 in
1196 3484 1388 3552 primis
1427 3488 1478 3538 Iv
1516 3485 1830 3548 mensibus,

263 3588 331 3626 ex
364 3571 618 3627 methodo
645 3573 985 3642 sequentium
1014 3587 1304 3631 canonum.

263 3688 452 3742 Canos
481 3685 568 3740 Ill.
602 3685 756 3740 Datis
803 3687 963 3757 cyclis
1001 3688 1128 3742 solis
1167 3705 1228 3742 ac
1259 3690 1398 3742 [ante
1430 3690 1484 3742 in
1533 3689 1832 3744 ercorum

334 3758 596 3827 computis
622 3797 637 3820 ,
693 3758 919 3811 invenire
949 3769 1136 3827 quotus
1176 3761 1245 3812 sit
1283 3775 1452 3812 annus
1505 3761 1705 3827 periodi
1751 3761 1836 3813 Vi-

334 3829 680 3891 ctorinianar;
717 3844 912 3881 necnon
942 3828 1008 3880 ab
1052 3828 1278 3882 Adamo.
1323 3828 1454 3882 Item
1483 3832 1610 3883 data
1647 3841 1837 3897 prazter

334 3898 462 3951 alios
481 3898 654 3968 συείοις
672 3898 975 3968 indictione,
995 3915 1188 3952 annum
1214 3909 1322 3952 tam
1352 3915 1472 3954 rem
1495 3899 1834 3964 Gmcanicm,

333 3984 499 4040 quam
515 3966 726 4036 ’ρετ-ἕοάὶ
751 3966 1005 4030 Julianae,
1030 3970 1086 4022 in
1115 3985 1264 4036 quem
1293 3980 1394 4022 tres
1423 3971 1504 4023 illi
1535 3971 1668 4040 cycli
1702 3973 1836 4026 inci-

333 4038 472 4092 dunt
489 4075 505 4101 ,
540 4055 736 4093 eruere.

339 4155 568 4226 Cyclum
593 4157 725 4212 solis
755 4125 960 4212 editum
991 4157 1098 4212 duc
1126 4158 1182 4212 in
1211 4157 1279 4212 57
1300 4199 1314 4224 ,
1346 4173 1412 4213 ae
1442 4173 1711 4214 summam
1744 4174 1834 4216 re-

263 4262 454 4303 serva.
483 4245 686 4302 Deinde
709 4248 922 4318 cyclum
952 4249 1093 4302 lunae.
1120 4247 1276 4303 aufer
1312 4265 1382 4304 ex
1418 4249 1520 4316 19;
1557 4257 1650 4304 aut
1689 4249 1736 4306 si
1769 4249 1835 4303 19

263 4341 394 4409 ipse
413 4339 504 4402 sit,
531 4353 685 4394 sume
710 4339 797 4394 19.
831 4338 968 4394 Eum
993 4355 1278 4395 numerum
1299 4341 1600 4412 multiplica
1628 4357 1722 4412 per
1743 4342 1835 4398 56.

1925 1872 2047 1935 114,
2076 1882 2134 1926 ut
2164 1873 2294 1926 fiant
2323 1873 2500 1929 1178:
2531 1874 2731 1943 quibus
2765 1890 2860 1944 per
2887 1874 2992 1929 552
3025 1876 3239 1939 divisis,
3281 1877 3487 1947 reliqua

1923 1973 2048 2017 sunt
2093 1964 2213 2019 114.
2255 1964 2491 2020 Proinde
2519 1965 2829 2021 Cbronicon
2859 1967 3286 2022 Alexandrinum
3312 1969 3491 2036 ἔξοδον

1923 2053 2135 2110 confert
2163 2057 2217 2110 in
2247 2072 2448 2111 annum
2476 2057 2577 2109 114
2609 2058 2814 2126 periodi
2852 2057 3253 2113 Victoriuianm.
3296 2055 3364 2112 Ut
3397 2076 3494 2113 au-

1924 2153 2032 2199 tem
2063 2145 2208 2200 scias
2235 2155 2435 2215 quotus
2464 2146 2536 2201 sit
2568 2147 2708 2201 idem
2731 2149 2969 2219 computi
2991 2150 3492 2222 Constantinopoli-

1925 2237 2059 2300 tani,
2089 2239 2403 2307 conjectura
2432 2253 2570 2308 opus
2595 2248 2697 2295 est.
2741 2238 3007 2305 Quoniam
3035 2240 3201 2310 igitur
3232 2239 3403 2296 δι’ωοί
3427 2257 3490 2296 ex

1926 2327 2068 2382 LXX
2085 2329 2367 2385 Seniorum
2395 2331 2496 2386 fide
2512 2347 2684 2388 annos
2707 2334 2867 2402 vulgo
2890 2342 3173 2388 numerant
3193 2335 3262 2388 ab
3285 2335 3493 2388 Adamo

1927 2421 1996 2474 ad
2057 2421 2318 2477 diluvium
2369 2423 2532 2488 2242,
2565 2433 2621 2478 et
2665 2440 2694 2478 a
2750 2426 2956 2480 diluvio
3013 2427 3082 2478 ad
3125 2427 3492 2481 Abrahamum

1929 2511 2088 2573 1172,
2113 2526 2324 2566 summa
2347 2515 2621 2584 colligitur
2645 2515 2713 2570 ab
2737 2516 2945 2570 Adamo
2991 2517 3060 2570 ad
3105 2526 3282 2572 ortum
3321 2519 3495 2574 Abra-

1931 2603 2108 2666 hami,
2145 2619 2410 2659 annorum
2442 2607 2600 2661 5414.
2633 2607 2770 2660 Hinc
2801 2617 2981 2662 autem
3019 2609 3084 2662 ad
3119 2611 3495 2681 migrationem

1929 2712 1996 2749 ex
2027 2695 2260 2768 Egypto
2293 2705 2484 2768 putant
2515 2714 2688 2755 annos
2727 2701 2946 2756 circiter
2972 2703 3096 2758 505.
3134 2705 3312 2770 Quare
3343 2705 3496 2760 colli-

1930 2797 2135 2858 guntur
2159 2790 2288 2843 anni
2313 2789 2425 2845 fere
2455 2791 2592 2846 5919
2619 2794 2688 2847 ab
2716 2793 2925 2848 Adamo
2961 2795 3028 2849 ad
3074 2795 3267 2858 ἔξοδον.
3303 2795 3373 2851 Ut
3403 2811 3498 2849 ac-

1931 2889 2184 2935 curatum
2253 2897 2456 2937 annum
2521 2883 2724 2938 habeas
2791 2884 3142 2940 Alexandrini
3203 2885 3495 2949 Chronici,

1932 2989 2114 3042 quaare
2141 2974 2195 3028 in
2244 2975 2426 3029 tabula
2476 2991 2528 3029 γι
2577 2991 2778 3030 annum
2829 2978 3075 3046 proxime
3123 2979 3386 3034 minorem
3435 2995 3502 3033 eo

1933 3081 2092 3135 quem
2125 3066 2424 3136 suspicaris
2453 3085 2466 3120 :
2498 3067 2594 3137 qui
2626 3075 2686 3120 ut
2724 3069 2899 3136 major
2927 3078 3013 3123 est
3049 3084 3196 3123 anno
3224 3069 3362 3126 5721
3383 3112 3396 3135 ,
3425 3070 3499 3123 ita

1935 3157 2115 3212 minor
2145 3156 2305 3211 4256.
2337 3156 2604 3222 Quocirca
2652 3173 2826 3213 annos
2877 3161 3084 3228 periodi
3114 3160 3500 3216 Victorinianze

1937 3246 2060 3310 114,
2091 3246 2229 3302 adde
2258 3247 2324 3301 ad
2348 3248 2508 3311 5724,
2540 3249 2738 3306 efﬁcies
2769 3266 2970 3304 annum
3024 3252 3186 3316 5858,
3225 3253 3318 3322 qui
3363 3253 3499 3308 divi-

1937 3355 2032 3393 sus
2061 3354 2156 3408 per
2181 3341 2392 3409 cyclum
2430 3341 2562 3396 solis
2589 3357 2654 3396 ac
2683 3344 2848 3407 lunae,
2877 3343 3066 3398 reddet
3095 3345 3227 3399 solis
3257 3345 3500 3415 quidem,

1937 3431 2146 3496 cyclum
2169 3431 2224 3493 2,
2247 3433 2388 3486 lunae
2417 3448 2546 3487 vero
2591 3432 2656 3486 19
2688 3453 2701 3486 :
2742 3435 2887 3502 quod
2916 3444 3038 3490 erat
3068 3438 3429 3505 propositum.

2009 3519 2243 3588 Rursus,
2279 3523 2326 3576 si
2357 3533 2552 3593 praeter
2582 3523 2720 3578 duos
2745 3525 2866 3579 illos
2887 3527 3092 3596 cyclos,
3118 3527 3342 3582 indictio
3377 3529 3503 3583 data

1937 3622 2011 3667 Sil.
2032 3615 2118 3679 15,
2148 3629 2434 3668 numerum
2470 3614 2592 3680 114,
2627 3617 2718 3684 qui
2751 3624 3026 3686 postremo
3060 3619 3283 3673 relictus
3323 3629 3408 3674 est
3436 3635 3503 3673 ex

1936 3705 2201 3760 divisione
2229 3721 2326 3775 per
2347 3706 2453 3760 552
2485 3707 2768 3775 instituta;
2805 3722 2900 3776 per
2932 3708 2999 3762 15
3027 3709 3252 3777 partior,
3296 3718 3508 3765 restant

1938 3795 2008 3850 9:
2043 3795 2110 3850 de
2138 3810 2268 3865 quo,
2308 3796 2507 3850 additis
2540 3797 2642 3860 15,
2696 3798 2959 3852 subtraho
2991 3799 3091 3861 15,
3130 3799 3338 3870 reliqua
3369 3798 3507 3854 fiunt

1938 3888 1998 3940 11
2023 3906 2040 3956 ;
2067 3903 2187 3958 qua:
2227 3889 2270 3943 si
2298 3889 2569 3944 ducantur
2601 3892 2655 3944 in
2689 3890 2828 3944 1064
2850 3933 2865 3954 ,
2912 3905 3126 3945 summa
3155 3893 3259 3946 erit
3294 3891 3504 3954 11704,

1937 3982 2005 4034 ad
2035 3996 2199 4051 quam
2229 3980 2404 4050 adiice
2432 3983 2568 4047 114,
2620 3991 2673 4038 et
2709 3999 2775 4038 ex
2822 3991 2938 4037 toto
2972 3984 3146 4038 11818
3173 4023 3190 4050 ,
3247 3985 3505 4054 quoniam

1939 4075 2079 4129 7980
2131 4074 2382 4138 emedit,
2441 4074 2526 4129 his
2585 4060 2866 4140 deductis,
2931 4076 3256 4145 relinquitur
3330 4091 3508 4132 annus

1938 4167 2078 4220 5858
2107 4185 2120 4221 :
2157 4182 2187 4219 a
2224 4182 2332 4236 quo
2365 4167 2560 4222 ablatis
2593 4167 2715 4229 795,
2752 4167 2968 4221 exsistit
2997 4182 3174 4223 annus
3209 4169 3262 4222 in
3289 4165 3505 4222 Iuliana

1939 4260 2162 4330 periodo
2189 4261 2364 4324 5045,
2405 4261 2497 4329 qui
2547 4259 2834 4329 respondet
2869 4275 3012 4315 anno
3046 4259 3510 4330 Constantinopo-

1941 4353 2108 4404 litano
2151 4351 2312 4406 5858.
2359 4350 2472 4406 Hoc
2533 4359 2594 4404 ut
2651 4367 2836 4405 verum
2886 4369 3010 4408 esse
3060 4368 3400 4425 cognoscas,
3441 4369 3509 4409 ex

263 4433 408 4500 ρυω
453 4431 578 4487 inde
613 4439 873 4488 nascetur
905 4447 1115 4488 summa
1139 4473 1156 4494 ν
1207 4447 1328 4488 eam
1375 4448 1500 4488 cum
1556 4435 1837 4504 superiore
1868 4463 1914 4517 ι)
1940 4443 2198 4499 methodo
2226 4445 2454 4499 canonis
2478 4445 2848 4500 antecedentis
2869 4486 2883 4506 ,
2928 4445 2996 4500 ad
3045 4446 3256 4517 cyclum
3310 4446 3444 4502 solis
3475 4446 3512 4498 2

264 4534 569 4590 compone,
609 4535 729 4590 qua:
768 4536 834 4575 ex
868 4520 1022 4592 cyclo
1058 4521 1192 4576 solis
1223 4521 1388 4576 ducto
1440 4523 1496 4576 in
1532 4521 1602 4576 57
1639 4524 1838 4578 oritur.

265 4610 550 4680 Quidquid
571 4625 640 4664 ex
667 4611 936 4667 ambobus
961 4610 1254 4667 conﬂatum
1300 4613 1442 4674 erit,
1485 4614 1690 4683 partire
1741 4630 1840 4684 per

266 4704 415 4767 552,
465 4701 744 4758 residuum
793 4704 898 4757 erit
941 4718 1117 4759 annus
1172 4705 1380 4774 periodi
1431 4703 1838 4763 Victorinianae.

269 4795 393 4850 Hoc
421 4794 468 4850 si
498 4794 764 4864 adjeceris
793 4794 861 4849 ad
883 4808 1085 4848 annum
1110 4810 1268 4866 quem
1302 4797 1548 4865 proxime
1575 4798 1839 4854 minorem

271 4901 424 4943 anno
451 4901 573 4942 aera:
595 4885 794 4942 Graecae
825 4887 1106 4958 proposito
1139 4888 1404 4958 suspicari
1444 4896 1598 4958 potes
1622 4929 1638 4955 ,
1675 4890 1727 4944 in
1759 4898 1840 4944 ta-

273 4981 405 5034 bula
428 4995 502 5042 νι,
528 4977 756 5034 habebis
779 4993 979 5032 annum
1003 4977 1275 5042 Graacum,
1299 4980 1458 5050 cujus
1481 4982 1686 5051 proprii
1712 4993 1840 5038 sunt

273 5073 416 5144 cycli
457 5072 592 5127 solis
637 5087 701 5126 ac
739 5073 878 5126 luna;
921 5073 974 5125 in
1017 5073 1315 5141 quaestione
1360 5075 1551 5143 positi;
1591 5091 1701 5146 quo
1753 5077 1838 5130 in-

273 5175 463 5230 vento,
495 5182 590 5236 per
623 5165 934 5220 methodum
966 5166 1194 5220 canonis
1225 5167 1620 5232 antecedentis,
1649 5172 1842 5240 exqui-

273 5274 368 5314 res
399 5275 556 5328 quem
609 5259 661 5312 in
699 5275 900 5312 annum
943 5258 1170 5313 Julianae
1212 5259 1452 5329 periodi,
1506 5263 1587 5316 vel
1637 5263 1839 5317 Christi

275 5359 568 5420 competat.
607 5351 760 5416 Quod
793 5353 836 5406 si
863 5359 1120 5424 praeterea
1141 5352 1266 5406 data
1295 5354 1366 5408 sit
1393 5353 1622 5409 indictio
1648 5375 1661 5410 :
1697 5358 1840 5426 quod

272 5443 549 5513 superfuit
576 5445 643 5498 de
674 5444 860 5496 ultima
909 5443 1177 5500 divisione
1212 5445 1344 5507 552,
1378 5463 1476 5517 per
1526 5447 1595 5503 15
1622 5448 1801 5504 divide
1823 5491 1838 5512 ,

275 5541 710 5601 accommodata,
740 5539 786 5595 si
812 5540 883 5592 ita
919 5555 1142 5596 necesse
1169 5547 1274 5604 est,
1293 5541 1500 5612 integra
1527 5543 1746 5613 periodo
1775 5545 1840 5600 15

276 5647 544 5686 annorum
575 5649 588 5687 :
619 5631 764 5702 quod
795 5632 918 5686 inde
949 5633 1236 5714 supererit,
1267 5635 1463 5702 retine,
1494 5645 1547 5690 et
1579 5635 1836 5700 indidem,

273 5725 430 5781 aufer
488 5725 822 5795 propositam
877 5724 1260 5790 indictionem,
1316 5728 1756 5798 accommodato,
1793 5731 1836 5786 si

588 5817 857 5878 Ρηιιοι..
903 5819 1018 5881 Gn.
1052 5819 1224 5882 XIX.

1939 4534 2604 4604 Coustantinopolitanum
2659 4534 2796 4592 adde
2839 4534 2968 4596 v17;
3030 4537 3097 4589 ad
3144 4537 3393 4590 lunarem
3443 4537 3512 4589 19

1942 4626 2077 4680 adde
2106 4627 2160 4690 5,
2181 4633 2236 4680 et
2260 4623 2326 4678 ad
2355 4624 2704 4679 indictionem
2758 4627 2827 4679 15
2875 4625 3011 4680 adde
3031 4625 3088 4690 0,
3121 4627 3380 4682 conficies
3413 4642 3509 4697 cy-

1942 4719 2058 4770 clos
2086 4713 2353 4778 Iulianos,
2381 4712 2520 4768 solis
2548 4713 2614 4767 19
2643 4729 2766 4767 cum
2795 4714 2974 4768 littera
2999 4712 3074 4776 E;
3118 4714 3259 4767 luna:
3281 4713 3334 4778 5,
3368 4715 3512 4768 indi-

1941 4809 2177 4862 ctionem
2209 4805 2316 4860 15:
2353 4820 2472 4875 quae
2501 4805 2682 4858 omnia
2715 4815 3025 4875 congruunt
3066 4805 3120 4857 in
3166 4818 3370 4857 annum
3418 4821 3511 4874 pe-

1941 4897 2081 4952 riodi
2107 4895 2335 4952 Julianae
2364 4897 2534 4960 5045,
2574 4897 2668 4968 qui
2714 4896 3048 4950 centesimus
3076 4905 3129 4950 et
3158 4897 3510 4966 quadragesi-

1943 5006 2066 5046 mus
2092 4997 2180 5046 est
2211 4997 2336 5043 ante
2365 5003 2548 5043 veram
2579 4987 2842 5057 epocbam
2873 4986 3078 5049 Exodi,
3124 5002 3289 5056 quam
3324 4986 3378 5040 in
3413 5001 3510 5040 an.

1945 5099 2072 5136 num
2107 5081 2313 5151 periodi
2340 5077 2572 5134 Iuliana:
2610 5079 2942 5132 contulimus
2970 5078 3129 5132 5185.
3183 5077 3248 5131 Et
3291 5079 3508 5148 quidem

1943 5174 2254 5228 Chronicon
2284 5173 2358 5226 ait
2383 5186 2528 5226 anno
2560 5171 2654 5224 illo
2674 5211 2690 5235 ,
2740 5185 2900 5240 quem
2939 5180 3190 5225 numerat
3222 5171 3392 5232 5858,
3437 5172 3513 5225 fe-

1941 5267 2080 5319 riam
2118 5279 2136 5319 ι
2173 5265 2465 5335 contigisse
2496 5263 2695 5334 Aprilis
2727 5277 2848 5325 ιιιιι,
2879 5261 3180 5332 eodemque
3209 5261 3296 5316 die
3345 5277 3514 5330 quar-

1941 5367 2054 5412 tam
2089 5358 2354 5414 decimam
2379 5355 2547 5413 Nisan
2575 5355 2867 5422 incidisse;
2901 5362 2961 5409 ut
2995 5355 3216 5410 minime
3263 5354 3516 5411 dubitan-

1943 5450 2072 5503 dum
2110 5451 2201 5515 sit,
2236 5451 2367 5519 quin
2395 5458 2452 5504 et
2497 5463 2700 5504 aureus
2732 5464 2993 5504 numerus
3036 5447 3198 5502 fuerit
3227 5448 3288 5512 5,
3335 5457 3387 5503 et
3419 5465 3514 5519 cy-

1944 5545 2061 5598 clus
2091 5544 2223 5598 solis
2256 5542 2341 5607 19,
2377 5544 2666 5613 litteraque
2698 5537 3053 5596 Dominicalis
3087 5539 3148 5592 E.

2013 5635 2172 5691 Aliud
2207 5636 2512 5705 exemplum
2542 5651 2556 5687 :
2586 5633 2899 5688 Chronicon
2941 5630 3081 5686 idem
3117 5647 3321 5686 annum
3377 5647 3512 5686 con-

1943 5737 2135 5801 Ct'ptus
2187 5727 2415 5784 Joannis
2472 5725 2827 5797 praecursoris
2877 5730 3129 5778 numerat
3179 5723 3248 5779 ah
3310 5724 3519 5778 Adamo

3123 5817 3201 5877 1ιο
