3948 6264
439 286 571 343 M51

1468 279 1557 333 AD
1594 278 1865 333 EUSEBII
1902 275 2293 334 CHRONICON
2331 277 2694 334 APPENDIX.

3550 280 3689 335 1452

437 403 599 470 5505,
630 402 676 458 si
707 417 738 456 a
778 400 974 456 Martio
1026 415 1203 455 annus
1226 399 1528 454 ‘ittcboetur
1549 440 1564 467 ,
1590 400 1886 454 indictione
1909 414 2021 463 xiv,
2054 403 2096 459 Α
2124 398 2258 454 feria
2289 415 2303 453 I
2332 400 2534 469 Aprilis
2568 415 2620 453 tx
2649 399 2756 466 die,
2786 398 3241 470 quemadmodum
3278 398 3332 453 in
3369 397 3688 454 (it-acorum

438 510 584 551 anno
615 494 826 563 imperii
850 492 1082 564 Augusti
1117 509 1248 546 xxix
1278 510 1293 546 :
1324 506 1445 561 qua!
1466 506 1588 547 esse
1626 491 1917 547 falsissitna
1942 507 2010 546 ex

438 586 701 643 methodo
734 592 921 640 nostra
952 584 1027 637 ita
1054 583 1394 652 colligemus.
1450 579 1651 635 Divisis
1679 580 1840 635 annis
1873 579 2014 634 5505

439 686 536 749 per
553 676 644 742 28,
671 675 1000 745 relinquitur
1026 674 1161 728 solis
1194 672 1378 744 cyclus
1410 672 1472 724 17
1503 686 1520 736 ;
1573 685 1670 741 per
1716 670 1784 724 19
1828 678 2012 726 autem

439 770 676 840 partitis,
704 767 1086 838 relinquentur
1116 764 1203 819 11-.
1250 762 1446 818 Verum
1476 762 1702 816 indictio
1746 777 1855 816 non
1896 776 2010 826 xw,

437 860 535 916 sed
571 876 640 914 xv
668 858 958 929 consurgit
984 874 1050 913 ex
1069 856 1337 911 divisione
1368 867 1466 923 per
1488 853 1573 907 15.
1603 852 1890 919 Quaeratur
1910 867 2014 906 an-

438 966 544 1006 nus
577 951 688 1014 ille,
725 951 779 1004 in
816 965 975 1020 quem
1002 947 1226 1003 indictio
1257 961 1348 999 xtv
1384 960 1509 1000 cum
1549 946 1704 1016 cyclo
1740 946 1872 1000 solis
1905 961 2014 1000 xvu

438 1051 496 1098 et
525 1044 666 1097 lunae
723 1059 812 1097 xtv
840 1050 1149 1097 concurrat.
1185 1037 1426 1092 Primum
1475 1037 1641 1092 ducto
1682 1037 1838 1108 cyclo
1882 1038 2015 1093 solis

439 1133 505 1187 17
551 1134 607 1188 in
633 1133 722 1196 57,
771 1130 1073 1187 eﬁiciuntur
1112 1127 1259 1189 969;
1301 1133 1415 1180 tum
1463 1126 1659 1181 ablatis
1692 1126 1760 1180 14
1809 1125 1875 1180 de
1909 1126 2012 1191 19,

441 1230 651 1279 restant
675 1223 728 1286 5,
763 1238 883 1291 qua:
918 1223 970 1276 in
993 1218 1060 1275 56
1082 1218 1245 1272 ducta
1276 1215 1413 1271 ﬁunt
1459 1214 1602 1282 280;
1637 1216 1837 1271 additis
1887 1214 2013 1280 969,

441 1327 653 1368 summa
681 1310 998 1381 producitur
1023 1307 1179 1372 1249,
1202 1322 1325 1378 quae
1350 1321 1447 1376 per
1476 1305 1581 1360 552
1613 1306 1907 1361 distributa
1936 1320 2018 1360 re-

440 1405 636 1475 linquit
690 1402 809 1457 185.
862 1400 1034 1472 lgitur
1077 1415 1254 1455 annus
1292 1399 1428 1470 cycli
1480 1396 1744 1452 Victorini
1778 1395 1881 1451 185
1926 1394 2017 1450 ille

447 1495 550 1549 fuit
589 1508 748 1565 quem
785 1492 1097 1548 Cbronicon
1153 1491 1442 1563 signiﬁcat.
1494 1488 1697 1545 Verum
1748 1487 2012 1553 indictio,

440 1602 602 1659 quam
638 1585 904 1654 adjungit,
952 1584 1240 1638 ratiocinia
1282 1582 1587 1639 conturbat.
1624 1581 1756 1635 Nam
1800 1581 1845 1636 si
1886 1580 2016 1636 reli-

439 1692 578 1747 quos
603 1674 725 1730 illos
757 1675 862 1728 185
897 1690 994 1744 per
1025 1674 1092 1729 15
1123 1673 1378 1743 partiare,
1410 1679 1624 1727 restant
1650 1671 1705 1730 5.
1726 1672 1793 1725 de
1815 1669 2015 1739 quibus

441 1766 623 1823 ablata
649 1764 950 1819 indictione
983 1764 1261 1834 proposita
1288 1763 1389 1829 14,
1438 1770 1735 1832 supersunt
1770 1760 1803 1815 6
1833 1780 1845 1815 :
1893 1775 2015 1830 quae
2046 1750 2089 1808 Β

443 1861 500 1914 in
529 1857 668 1912 1064
689 1857 854 1912 ducta
876 1855 1173 1911 conﬁciunt
1217 1854 1378 1909 6584.
1414 1855 1565 1910 Adde
1597 1853 1733 1917 185,
1788 1854 2014 1909 exsistet

446 1966 624 2006 annus
657 1949 818 2013 6569.,
850 1949 946 2019 qui
976 1948 1160 2020 cyclos
1211 1948 1472 2013 exhibet,
1520 1947 1655 2004 solis
1690 1960 1834 2009 xvn,
1874 1946 2016 2000 lunae

441 2060 568 2108 xtv,
621 2041 976 2098 indictionem
1038 2055 1146 2095 xtv.
1204 2038 1300 2094 Est
1353 2045 1534 2095 autem
1590 2052 1766 2092 annus
1811 2036 2015 2120 Christi

442 2133 603 2189 1856.
658 2131 820 2189 Vides
871 2129 1286 2186 absurditatem.
1317 2130 1680 2196 Quamobrem
1725 2143 1832 2183 non
1879 2127 2014 2182 satis

444 2222 818 2280 commendari
853 2222 1140 2277 methodus
1189 2220 1293 2277 ista
1325 2227 1522 2291 potest,
1554 2236 1675 2291 quae
1702 2220 1769 2274 ad
1802 2218 2017 2273 Grame—

443 2332 565 2371 rum
587 2316 862 2371 annalium
883 2313 1232 2384 castigandos
1248 2329 1487 2377 errores,
1513 2313 1810 2382 praesertim
1839 2310 2016 2366 Theo-

443 2408 663 2480 phanis,
696 2407 955 2476 majorem
987 2407 1242 2476 opinione
1273 2404 1514 2460 fructum
1542 2403 1747 2459 aﬂ‘eret.

444 2519 627 2577 Cum:
657 2517 743 2575 IV.
787 2518 1056 2587 Propositi
1093 2518 1373 2600 cujuslibet
1402 2517 1506 2571 diei
1519 2517 1733 2600 feriam
1769 2518 1824 2570 in
1866 2515 2012 2572 Cra:-

795 2606 976 2643 eorum
1024 2599 1261 2657 computo
1301 2598 1664 2657 pronuntiare.

518 2680 743 2737 lnvento
777 2682 931 2754 cyclo
967 2681 1100 2738 solis
1145 2681 1201 2735 in
1235 2688 1471 2750 utroque
1517 2686 1774 2750 computo
1802 2692 1897 2748 per
1924 2692 2019 2731 ca-

446 2790 643 2831 nonem
679 2791 730 2840 t,
782 2774 910 2829 huic
937 2784 1304 2845 congruentes
1334 2780 1553 2843 epactas
1580 2782 1887 2828 menstruas
1920 2770 2020 2824 ad-

448 2866 572 2923 hibe
602 2882 668 2922 ex
701 2866 884 2926 tabula
939 2881 978 2919 ιι
1014 2865 1154 2936 cycli
1185 2864 1418 2930 solaris;
1468 2871 1583 2917 tum
1624 2878 1693 2917 ex
1721 2861 1903 2916 tabula
1954 2874 2014 2913 ιιι

449 2965 672 3027 epactas
704 2964 1016 3013 menstruas
1067 2956 1285 3025 require
1306 2996 1323 3022 ,
1383 2962 1546 3025 atque
1574 2953 1644 3009 ad
1691 2954 1776 3009 sui
1806 2952 2021 3023 generis

2116 488 2412 560 Horologio
2436 489 2651 560 legitur.

2109 604 2295 659 CANON
2345 601 2414 659 V.
2447 601 2687 657 Etatem
2722 606 2860 658 luna:
2887 604 2943 657 in
2986 603 3113 657 dato
3159 602 3389 672 quolibet
3436 616 3585 654 anno
3628 616 3681 657 σε

2357 674 2442 728 die
2466 675 2736 743 utriusque
2777 675 3006 743 computi
3035 673 3437 742 deprehendere.

2186 760 2477 832 Postquam
2499 764 2716 834 cyclum
2761 764 3005 818 lunarem
3042 778 3139 832 per
3160 774 3426 815 canonem
3453 760 3681 829 primum

2111 854 2405 924 repereris,
2436 869 2560 909 cum
2594 869 2661 909 eo
2705 855 2793 909 adi
2820 854 3055 909 tabulam
3088 869 3181 908 tv:
3215 851 3374 922 cujus
3424 852 3482 905 in
3512 850 3683 920 primo

2114 962 2274 1001 versu
2304 946 2518 1018 cyclum
2543 955 2696 1002 tuum
2723 947 3031 1019 requirite;
3059 954 3173 1001 tum
3223 960 3255 1001 e
3304 944 3523 998 directo
3562 957 3687 1011 θυαε

2113 1047 2258 1094 ctam
2314 1040 2392 1093 illi
2439 1040 2880 1110 respondentem.
2935 1038 2993 1093 Si
3039 1036 3392 1092 Alexandrini
3451 1034 3686 1104 computi

2115 1138 2372 1209 proprius
2396 1146 2481 1195 est
2516 1140 2770 1194 inventus
2801 1152 2832 1191 a
2863 1144 2916 1191 te
2958 1135 3144 1206 eyclus
3168 1173 3184 1197 ,
3231 1139 3429 1203 epacta
3478 1132 3558 1185 illi
3610 1146 3691 1186 reo

2115 1231 2391 1302 spondens
2416 1238 2500 1288 est
2531 1246 2614 1297 ea,
2636 1245 2758 1301 quae
2789 1228 3009 1284 Maximi
3040 1228 3257 1282 dicitur.
3282 1225 3683 1281 Constantino-

2116 1324 2355 1394 politano
2375 1337 2503 1379 vero
2527 1322 2788 1377 tribuitur
2834 1322 3003 1375 altera
3024 1359 3040 1385 ,
3072 1333 3197 1389 quae
3229 1318 3399 1373 lsaaci
3435 1314 3688 1372 inscribi-

2117 1423 2228 1470 tur.
2280 1415 2481 1470 Conl‘er
2535 1426 2587 1471 te
2629 1414 2824 1471 deinde
2867 1414 2937 1468 ad
2996 1412 3236 1467 tabulam
3272 1427 3307 1462 ν
3354 1408 3688 1481 regularium

2121 1507 2263 1563 luna:
2281 1547 2297 1571 ,
2330 1515 2385 1563 et
2409 1507 2673 1578 propositi
2696 1506 2898 1562 mensis
2925 1504 3205 1576 regulares
3229 1503 3476 1574 computi
3514 1502 3695 1571 cujus-

2119 1603 2200 1658 vis
2233 1603 2481 1674 proprios
2508 1616 2758 1672 excerpe.
2797 1598 3081 1654 Summam
3116 1611 3185 1651 ex
3223 1594 3433 1664 epactis
3458 1601 3516 1648 et
3540 1607 3693 1661 regu-

2119 1693 2326 1748 laribus
2354 1690 2641 1748 conﬁatam
2673 1706 2811 1761 auge
2852 1691 3063 1745 dierum
3117 1699 3381 1749 numero,
3438 1683 3604 1752 cujus
3636 1682 3689 1735 in

2115 1782 2308 1838 ultimo
2331 1790 2462 1838 attas
2492 1782 2634 1836 lunae
2676 1779 2992 1850 requiritur.
3028 1775 3256 1831 Collecti
3284 1775 3403 1829 dies
3451 1770 3575 1835 illi,
3626 1785 3687 1826 ac

2112 1891 2207 1946 per
2227 1874 2295 1929 50
2333 1874 2514 1938 divisi,
2546 1882 2710 1942 quota
2737 1871 2807 1926 sit
2837 1870 2931 1923 illo
2951 1868 3042 1923 die
3073 1869 3200 1921 luna
3225 1865 3631 1920 monstrabunt.

2182 1967 2554 2036 Exemplum:
2615 1964 2961 2034 PrOpositum
3019 1962 3091 2016 sit
3151 1959 3479 2030 investigare
3527 1964 3686 2026 quota

2113 2058 2241 2113 luna
2273 2058 2345 2112 sit
2379 2057 2581 2128 Aprilis
2618 2057 2655 2110 2
2692 2055 2821 2110 anni
2853 2052 2991 2109 7054
3015 2052 3371 2108 Alexandrini
3403 2049 3645 2120 computi
3669 2087 3684 2111 ,

2112 2153 2167 2204 et
2196 2147 2333 2201 7050
2381 2143 3007 2214 ConstantinOpolitani;
3038 2156 3270 2212 quorum
3313 2141 3503 2212 cyclos
3545 2139 3689 2192 luna-

2113 2252 2203 2293 res
2230 2235 2568 2293 confecimus
2593 2251 2801 2291 canone
2834 2250 2888 2303 t;
2922 2234 3069 2289 illius
3098 2232 3316 2303 quidem
3341 2231 3408 2297 4;
3439 2229 3607 2298 huius
3635 2229 3685 2281 1.

2114 2328 2283 2400 Igitur
2301 2344 2425 2383 cum
2450 2329 2602 2400 cyclo
2627 2326 3008 2382 Alexandrinae
3033 2339 3156 2402 rem
3178 2324 3233 2387 4,
3287 2323 3342 2378 in
3377 2322 3571 2376 tabula
3596 2336 3648 2376 tv
3666 2358 3683 2383 .

2114 2413 2332 2470 invenio
2357 2422 2604 2482 epactam
2630 2428 2724 2468 xu.
2743 2411 2800 2466 In
2829 2410 3015 2465 tabula
3036 2427 3089 2476 v,
3113 2409 3393 2479 regulares
3410 2406 3617 2476 Aprilis
3633 2404 3685 2461 0.

2114 2504 2349 2561 Proinde
2370 2512 2562 2576 epacta
2589 2502 2677 2567 12,
2704 2509 2757 2557 et
2785 2502 2989 2573 Aprilis
3012 2502 3129 2559 dies
3149 2500 3184 2554 2
3209 2502 3396 2555 lunam
3418 2499 3686 2554 decimam

2115 2608 2364 2668 quartam
2391 2597 2626 2653 oﬂ‘erunt
2651 2596 2744 2650 illo
2771 2595 2878 2650 die.
2931 2595 3000 2649 At
3028 2609 3207 2648 annus
3234 2592 3375 2648 7050
3413 2590 3686 2646 Constan-

2117 2689 2511 2760 tinopolitanus
2534 2694 2754 2757 epactas
2778 2687 2833 2740 in
2864 2700 2918 2739 tv
2951 2684 3139 2738 tabula
3169 2699 3221 2737 xt
3248 2684 3493 2749 obtinet;
3531 2696 3686 2750 regu~

2119 2783 2286 2835 larem
2314 2780 2370 2834 in
2395 2796 2428 2835 v
2456 2778 2660 2841 tabula,
2689 2794 2703 2831 ι
2726 2794 2740 2843 ;
2769 2777 2901 2831 ﬁunt
2929 2792 3028 2841 xtt,
3055 2783 3108 2830 et
3141 2790 3265 2829 cum
3289 2771 3458 2828 biduo
3489 2772 3687 2842 Aprilis

2119 2883 2232 2921 xtv.
2265 2865 2408 2921 Sane
2435 2867 2490 2925 in
2521 2864 2814 2935 Horologio
2837 2865 3011 2919 Graeci
3037 2866 3219 2919 lunam
3244 2864 3339 2919 illo
3364 2877 3512 2917 anno
3541 2860 3688 2917 deci-

2119 2973 2263 3012 mam
2291 2968 2538 3028 quartam
2569 2965 2887 3027 computant
2920 2956 3122 3028 Aprilis
3156 2956 3421 3012 secundo.

450 3059 845 3145 conc‘ffremes
875 3062 1112 3145 ξψνοηξθζ
1129 3047 1235 3101 hoc
1265 3055 1349 3145 es!
1376 3046 1443 3101 ad
1465 3056 1855 3145 concurre???
1878 3045 2021 3117 cycu
2048 3081 2094 3145 ο
2122 3069 2304 3131 CANON
2342 3070 2431 3125 Vl.
2476 3068 2779 3124 Terminttm
2818 3069 3131 3123 Pascltalem
3164 3071 3271 3124 sive
3330 3068 3539 3123 Pascha
3588 3066 3685 3122 Ju-

451 3153 573 3192 terae
598 3138 978 3194 Alexandrina:
1010 3136 1149 3192 adde
1202 3138 1477 3208 regulares
1512 3136 1753 3206 computi
1782 3135 2020 3192 Alexan-

450 3231 593 3290 drini
615 3269 631 3295 ,
679 3231 748 3285 ad
782 3237 1172 3285 concurrentes
1206 3246 1335 3285 vero
1365 3231 1604 3302 computi
1628 3228 2021 3285 Constantium

452 3322 707 3394 politnni,
747 3322 1025 3392 regulares
1057 3321 1323 3392 ejusdem.
1364 3322 1588 3378 Demutn
1623 3323 1687 3378 ad
1730 3322 2018 3379 conﬂatam

452 3413 578 3468 inde
614 3427 905 3479 summam,
936 3411 1033 3484 τὴν
1064 3411 1346 3479 ποσταίαν,
1380 3414 1485 3467 hoc
1521 3421 1606 3466 est
1638 3412 1780 3467 diem
1816 3414 2020 3468 mensis

452 3505 644 3577 adjice.
685 3503 840 3570 Quod
884 3504 1011 3559 inde
1056 3504 1376 3572 conﬁcitur,
1417 3520 1513 3576 per
1554 3504 1585 3557 7
1637 3501 1909 3569 divisum,
1943 3504 2021 3559 fe-

452 3600 588 3652 riam
621 3594 1038 3652 demonstrabit.

521 3686 763 3756 Exempli
793 3686 1006 3758 gratia:
1046 3683 1128 3738 Sit
1169 3699 1348 3740 annus
1389 3684 1629 3755 computi
1661 3683 2018 3740 Alexandrini

454 3777 611 3842 7054,
641 3775 1226 3847 Constantinopolitani
1282 3791 1430 3839 vero,
1467 3776 1625 3831 7050.
1678 3776 1886 3832 Prioris
1928 3791 2022 3848 cy-

452 3869 572 3924 clus
594 3883 691 3938 per
726 3883 992 3923 cauonem
1033 3883 1049 3921 ι
1088 3866 1369 3923 confectus
1398 3877 1481 3924 est
1511 3883 1582 3925 Vl.
1613 3869 2019 3939 Concurrentes

451 3972 521 4017 ex
552 3956 733 4012 tabula
778 3972 849 4019 tt,
886 3965 1014 4012 sunt
1061 3955 1112 4011 6.
1165 3954 1339 4010 Velim
1394 3956 1537 4013 scire
1589 3956 1778 4012 feriam
1814 3957 1922 4012 diei
1964 3973 2020 4012 tx

451 4047 673 4118 Aprilis.
717 4045 1015 4118 Regulares
1045 4047 1393 4101 Alexandrini
1439 4063 1507 4103 ex
1558 4049 1742 4103 tabula
1771 4064 1829 4101 ιιι
1865 4049 2019 4102 colli-

452 4147 657 4209 guntur
686 4138 953 4208 7,quibus
985 4137 1051 4192 ad
1073 4138 1104 4191 6
1137 4137 1333 4194 additis
1349 4153 1471 4192 cum
1504 4137 1743 4196 9diebus
1781 4139 2015 4210 Aprilis,

451 4245 661 4286 summa
693 4239 777 4285 est
808 4230 892 4285 15.
924 4228 1159 4284 Proinde
1186 4229 1378 4284 feriam
1422 4229 1545 4287 dico
1577 4231 1747 4288 fuisse
1791 4249 1826 4286 I.
1875 4232 2019 4288 [iur-

452 4336 547 4376 sns
575 4320 762 4392 cyclus
790 4322 919 4375 anni
955 4321 1091 4375 7050
1123 4318 1711 4392 Constantinopolitani
1737 4341 1830 4394 per
1856 4340 2015 4381 eum-

2194 3140 2433 3223 dairum,
2489 3140 2702 3211 ejusque
2753 3140 2942 3210 feriant
2995 3142 3049 3193 in
3082 3152 3301 3210 utroque
3330 3149 3566 3208 computo
3604 3155 3688 3193 τοι

2192 3228 2380 3281 perire.

2194 3325 2329 3380 Cum
2359 3325 2513 3397 cyclo
2551 3325 2731 3379 lunari
2764 3339 2972 3379 canone
3006 3324 3184 3396 primo
3231 3323 3573 3393 deprehenso
3604 3324 3690 3379 adi

2124 3417 2360 3471 tabulam
2400 3432 2472 3471 tv.
2520 3415 2579 3470 In
2611 3417 2788 3487 primo
2827 3432 2984 3472 versu
3018 3418 3230 3488 cyclutn
3282 3425 3437 3472 tuum
3468 3417 3691 3487 accipe,

2123 3515 2176 3562 et
2201 3524 2267 3564 ex
2301 3509 2509 3565 directo
2538 3507 2857 3564 Paschalem
2897 3509 3186 3564 terminum
3209 3547 3223 3572 ,
3285 3523 3410 3562 cum
3444 3507 3566 3576 ejus
3605 3522 3693 3562 re.

2125 3599 2298 3669 gulari
2333 3609 2440 3653 tam
2477 3600 2532 3654 in
2566 3599 2930 3654 Alexandrina
2957 3614 3085 3665 atra,
3137 3613 3298 3669 quam
3334 3600 3388 3653 in
3422 3600 3695 3654 Constan-

2125 3692 2502 3760 tinopolitana.
2548 3689 2757 3746 Exinde
2788 3700 3178 3747 concurrentes
3208 3692 3345 3763 cycli
3396 3692 3533 3747 solis
3561 3691 3692 3746 anni

2124 3783 2386 3852 propositi
2420 3797 2515 3852 per
2546 3797 2811 3847 canonem
2846 3801 2898 3839 tv
2948 3783 3197 3840 inve..tos
3220 3826 3237 3848 ,
3286 3800 3412 3839 cum
3455 3786 3692 3855 regulari

2126 3874 2343 3930 termini
2393 3889 2680 3944 compone.
2723 3872 2946 3930 Summa
2995 3877 3181 3931 l'eriam
3228 3876 3417 3941 dabit,
3462 3878 3692 3946 adjectis

2125 3973 2349 4036 septem.
2382 3963 2454 4020 Ut
2487 3980 2629 4019 anno
2679 3966 2869 4021 eodem
2920 3966 3285 4021 Alexandrino
3316 3967 3473 4029 7054,
3506 3970 3692 4041 cyclus

2124 4058 2267 4112 lunae
2308 4073 2361 4111 tv
2397 4057 2451 4111 in
2488 4057 2672 4112 tabula
2726 4059 3139 4128 respondentem
3180 4060 3343 4115 habet
3397 4062 3688 4116 terminum

2124 4145 2440 4202 Paschalem
2464 4148 2667 4217 Aprilis
2692 4145 2747 4209 2,
2766 4148 2924 4216 cujus
2954 4150 3231 4221 regulares
3256 4158 3385 4205 sunt
3407 4150 3462 4214 2,
3500 4155 3688 4223 cyclus

2125 4239 2256 4294 solis
2287 4252 2340 4293 vt
2386 4246 2779 4294 concurrentes
2827 4239 3015 4293 itidem
3048 4240 3195 4294 dedit
3225 4238 3258 4294 6
3296 4255 3395 4310 per
3422 4256 3685 4299 canonetn

2126 4346 2212 4396 tv;
2248 4330 2408 4385 ambo
2428 4330 2638 4384 collecti
2668 4329 2858 4385 feriam
2889 4346 2907 4383 t
2934 4330 3212 4385 exhibent.

451 4410 572 4464 dem
604 4425 868 4465 cauonem
890 4409 1262 4482 deprehensus
1291 4422 1374 4466 est
1398 4412 1491 4477 22,
1531 4423 1925 4471 concurrentes
1954 4416 2009 4471 5.
2051 4432 2095 4487 ι)
2195 4418 2287 4473 Sic
2314 4434 2456 4474 anno
2483 4419 3086 4490 Constantinopolitano
3110 4421 3267 4485 7050,
3291 4423 3480 4493 cyclus
3499 4422 3678 4477 lunae!

450 4501 748 4572 Regulares
786 4502 990 4571 Aprilis
1012 4503 1067 4557 itt
1093 4505 1333 4558 secundo
1382 4520 1542 4561 versu
1578 4506 1908 4576 regularium
1936 4515 2020 4561 ta-

449 4592 590 4648 bula:
621 4608 679 4647 ιιι
714 4603 841 4648 sunt
876 4595 896 4647 1
925 4635 940 4660 ,
987 4595 1079 4664 qui
1126 4610 1250 4649 cunt
1299 4595 1333 4650 5
1363 4597 1817 4651 concurrentibus
1842 4637 1859 4662 ,
1890 4607 1944 4652 et
1987 4598 2020 4654 9

447 4682 641 4738 diebus
668 4684 869 4753 Aprilis
899 4694 1233 4754 componunt
1263 4686 1329 4740 15
1357 4703 1372 4752 ;
1404 4687 1649 4758 adeoque
1684 4686 1875 4743 feriant
1912 4705 1953 4745 ι.

468 4832 475 4835 _
518 4771 877 4844 Experiamur
916 4790 983 4830 an
1038 4784 1184 4832 recte
1239 4779 1449 4847 positus
1506 4779 1579 4835 sit
1624 4781 1869 4837 calculus
1921 4796 2019 4850 per

448 4864 933 4921 characteristnum
972 4883 1239 4921 annorum
1289 4869 1514 4935 Christi,
1553 4871 1655 4925 vel‘
1683 4873 1890 4940 periodi
1920 4872 2020 4926 Ju-

449 4952 627 5010 lianaz.
681 4955 871 5011 Annus
925 4956 1325 5015 Alexandrinus
1370 4960 1539 5024 7054,
1575 4962 1838 5018 detractis
1874 4963 2013 5030 779,

446 5046 717 5100 invenitur
751 5048 955 5118 periodi
975 5049 1203 5106 Julianze
1236 5052 1408 5119 6255,
1438 5056 1534 5123 qui
1561 5063 1616 5110 et
1642 5056 1784 5110 idem
1821 5071 2018 5126 prove-

445 5137 527 5203 nit
552 5137 745 5194 ablatis
783 5139 884 5195 795
909 5140 975 5195 de
1011 5157 1155 5198 anno
1206 5143 1345 5199 7050
1397 5145 2014 5218 Constantinopolitano

446 5243 512 5283 ex
541 5230 796 5285 methodo
824 5234 1049 5290 canonis
1087 5250 1146 5293 ιι.
1181 5234 1286 5291 Sed
1328 5247 1382 5293 et
1426 5239 1589 5295 iidem
1638 5242 1765 5294 anni
1797 5242 2019 5310 conspi-

446 5327 570 5371 rant
599 5319 654 5373 in
677 5336 880 5376 annum
903 5323 1106 5381 Christi
1137 5328 1293 5392 1512,
1324 5330 1370 5385 si
1408 5345 1476 5384 ex
1519 5330 1891 5387 Alexandrino
1923 5333 2015 5387 ab-

443 5405 624 5473 iecero
652 5411 809 5476 5492,
833 5424 886 5467 et
914 5430 944 5469 e
972 5416 1601 5490 ConstantinOpolitauo,
1623 5422 1784 5478 5508.
1803 5425 1873 5477 At
1898 5431 2011 5477 tam

444 5511 620 5554 annus
649 5504 854 5570 periodi
903 5501 1132 5562 Juliauae
1168 5509 1342 5575 6255,
1402 5528 1563 5582 quam
1595 5515 1802 5570 Christi
1835 5516 2006 5579 1542,

444 5587 651 5643 obtinet
676 5593 888 5663 cyclum
919 5598 1051 5653 solis
1090 5598 1395 5656 Romanum
1428 5619 1506 5670 ιιι,
1538 5605 1626 5660 eui
1657 5622 1723 5661 ex
1752 5608 1937 5661 tabula
1971 5622 2010 5661 ιι

438 5679 702 5749 competit
732 5682 909 5738 littera
937 5686 1003 5743 A.
1028 5688 1197 5751 Igitur
1229 5692 1512 5750 verissime
1544 5696 1893 5755 pronuntiata
1922 5703 2008 5750 est

2120 4511 2411 4569 terminum
2452 4510 2609 4565 offert
2655 4511 2712 4565 in
2750 4512 2935 4566 tabula
2958 4528 3032 4576 tv,
3063 4513 3266 4583 Aprilis
3297 4529 3359 4576 ιι,
3383 4529 3510 4569 cum
3536 4530 3688 4584 regu-

2118 4603 2325 4658 laribus
2352 4602 2407 4658 5.
2434 4602 2637 4674 Cyclus
2666 4603 2799 4658 solis
2839 4617 2903 4658 ex
2934 4619 3180 4659 canonet
3214 4604 3314 4659 fuit
3334 4604 3427 4669 22,
3455 4621 3687 4661 concur-

2116 4702 2300 4752 rentes
2333 4697 2387 4763 5,
2421 4697 2515 4768 qui
2550 4712 2676 4751 cum
2712 4696 3055 4767 regularibus
3094 4698 3390 4751 ostendunt
3418 4697 3611 4753 feriam
3642 4715 3678 4764 ι,

2118 4788 2332 4857 qualem
2357 4787 2672 4842 Graecorum
2704 4786 3059 4859 Horologium
3090 4788 3446 4843 demonstrat.

2116 4897 2297 4953 CANON
2327 4896 2436 4954 Vll.
2472 4897 2684 4953 Pascha
2720 4896 3105 4963 Christianum,
3138 4916 3203 4953 ac
3236 4902 3504 4969 prwcipua
3538 4900 3683 4958 Cra:-

2396 4985 2578 5022 corum
2613 4969 2746 5038 festa
2776 4971 2956 5039 quovis
2996 4987 3134 5023 anno
3161 4969 3402 5038 deﬁnire.

2184 5057 2435 5113 Paschali
2465 5060 2697 5114 termino
2731 5074 2839 5129 per.
2864 5059 3199 5130 superiorem
3224 5075 3487 5115 canonem
3512 5061 3691 5118 anin-

2116 5151 2383 5215 adverso,
2427 5151 2656 5221 ejusque
2697 5150 2869 5216 feria,
2917 5152 2964 5208 si
3008 5150 3288 5207 Dominiea
3337 5154 3449 5216 sit,
3495 5155 3551 5209 in
3601 5168 3685 5209 se-

2114 5250 2373 5311 quentem
2407 5241 2742 5298 Dominicam
2771 5242 3114 5300 diffunditur.
3153 5243 3215 5298 Si.
3245 5245 3474 5299 alteram
3518 5246 3575 5300 in
3606 5244 3678 5300 [θ’

2112 5334 2251 5387 riam
2281 5336 2547 5390 terminus
2578 5337 2852 5398 incurrat,
2874 5337 3119 5408 proxime
3141 5351 3375 5407 sequens
3404 5338 3680 5391 Dominiea

2114 5422 2746 5482 PaschaoCbristianum
2790 5430 3078 5486 obtinebit.
3124 5429 3350 5485 lnvento
3395 5428 3679 5489 Paschate.

2114 5513 2252 5570 testa
2288 5517 2494 5586 reliqua
2542 5520 2696 5574 nullo
2746 5523 2964 5592 negotio
3013 5521 3280 5591 reperies.
3312 5518 3439 5575 Bac
3468 5520 3676 5573 metho-

2113 5604 2216 5661 dus
2233 5613 2285 5660 et
2312 5622 2409 5676 per
2448 5608 2730 5668 se-l‘acilis
2759 5619 2871 5680 est,‘
2903 5623 2958 5669 et
2998 5613 3177 5683 capite
3219 5610 3493 5681 superiori
3521 5608 3680 5678 hujus

2112 5694 2239 5750 libri
2261 5696 2591 5755 continetur.
2656 5732 2660 5737 υ
