3948 6264
335 322 474 378 1455

914 432 1142 490 CAPUT
1180 434 1318 490 XIV.

335 574 413 628 De
440 585 700 628 certorum
723 575 988 628 hominum
1018 573 1264 628 Pascltali
1286 584 1523 642 computo
1546 589 1608 626 ac
1638 572 1895 638 methodo,

405 662 535 715 quos
587 645 644 700 S.
700 644 968 699 Maximus
1022 644 1477 707 πενταπλοῦντας,
1522 654 1570 698 et
1611 643 1899 715 ἐξᾳπλοῦν-

405 713 508 778 ea;
571 718 842 780 nominat;
906 732 998 768 nos
1033 715 1483 783 undecuplatores
1537 713 1896 783 appellamus,

405 801 628 854 quorum
657 787 793 838 ratio
814 801 970 854 prope
1008 782 1386 838 inextricabilis
1429 787 1540 837 uisa
1566 852 1580 854 Α
1606 782 1896 852 Scaligero,

408 852 665 923 facillime
690 852 1012 910 declaratur.
1049 854 1122 908 De
1154 853 1340 908 iisdem
1372 869 1519 908 error
1551 852 1826 923 Scaligeri.

333 1010 337 1013 ·
407 988 678 1043 Maximus
711 997 916 1060 martyr
941 989 1126 1059 prima:
1155 989 1328 1059 partis
1357 988 1616 1058 computi,
1649 1003 1774 1059 cap.
1806 986 1897 1054 Xl,

331 1086 391 1135 et
423 1079 521 1133 ΧΠ
543 1121 558 1142 ,
594 1095 657 1134 ac
707 1091 815 1135 tota
861 1082 1096 1136 secunda
1122 1089 1276 1152 parte
1315 1091 1506 1136 contra
1535 1089 1718 1137 certos
1746 1095 1898 1135 com-

330 1170 457 1240 puti
491 1170 725 1226 artiﬁces
753 1171 1014 1240 disputat,
1048 1187 1186 1243 quos
1217 1172 1674 1237 πεπαπλοῦντας,
1699 1182 1753 1230 et
1779 1171 1900 1238 ἐξα-

331 1262 606 1325 πλοῦντας
636 1269 823 1328 vocat;
861 1262 962 1316 hoc
1003 1269 1087 1317 est
1121 1261 1412 1332 quinquies
1440 1272 1494 1319 et
1522 1264 1700 1319 sexies
1729 1279 1901 1321 annos

330 1355 477 1426 cycli
525 1353 730 1408 lunaris
762 1351 1222 1422 multiplicantes;
1265 1353 1373 1415 vel,
1421 1360 1482 1407 ut
1512 1368 1622 1408 uno
1654 1353 1815 1408 verbo
1847 1353 1900 1409 id

333 1447 692 1518 exprimatur,
718 1445 977 1500 undecies
1007 1463 1022 1499 :
1057 1459 1291 1515 quorum
1319 1445 1635 1501 methodum
1665 1447 1901 1503 secunda

333 1549 491 1610 parte
519 1539 789 1610 proponit,
824 1539 918 1592 sed
949 1538 1181 1593 obscure
1209 1551 1273 1592 ac
1299 1538 1574 1609 perplexe,
1603 1546 1662 1594 ut
1690 1540 1902 1597 difficile

332 1632 409 1687 sit
438 1632 566 1702 quid
608 1631 710 1687 sibi
742 1631 872 1686 velit
904 1629 1139 1700 assequi.
1172 1628 1329 1695 Quod
1363 1637 1416 1685 et
1456 1628 1703 1702 Scaliger
1726 1633 1821 1689 lib.
1859 1649 1899 1689 ιι

332 1724 416 1779 De
466 1723 826 1778 emendatione
874 1732 1162 1790 temporum
1207 1720 1442 1788 fatetur,
1481 1737 1601 1793 cap.
1651 1721 1727 1780 De
1761 1724 1900 1780 falso

326 1813 494 1885 cyclo
519 1811 793 1867 Paschali.
825 1811 937 1868 Nos
970 1819 1150 1866 tamen
1197 1811 1474 1882 aspirante
1506 1811 1639 1878 Deo,
1673 1825 1728 1870 et
1755 1815 1903 1882 ejus-

333 1905 463 1959 dem
509 1904 842 1960 sanctissimi
885 1902 1142 1975 martyris
1185 1902 1444 1973 precibus
1499 1903 1692 1974 adjuti,
1739 1906 1904 1962 tricas

334 1995 475 2050 istas
505 2010 694 2050 omnes
723 1994 1076 2064 pervicimus,
1117 2009 1181 2049 ac
1209 1998 1379 2048 totam
1410 1994 1554 2048 illam
1589 1996 1900 2051 methodum

332 2085 784 2156 exploravimus:
815 2083 973 2152 cujus
1012 2083 1100 2138 hic
1133 2083 1417 2138 scientiam
1467 2083 1731 2139 studiosis
1771 2085 1904 2140 ado-

332 2175 669 2232 lescentibus
695 2173 1089 2255 impartiemur.
1121 2172 1255 2227 Nam
1283 2188 1391 2228 non
1423 2174 1598 2232 solum
1629 2175 1698 2230 ad
1727 2177 1902 2247 expli-

333 2269 572 2325 candum
612 2268 830 2323 Maximi
861 2274 1178 2336 computum
1215 2267 1328 2322 haec
1363 2282 1394 2322 a
1435 2268 1593 2324 nobis
1620 2284 1782 2339 opera
1816 2285 1902 2324 re-

333 2362 614 2433 quiritur,
677 2359 772 2415 sed
824 2366 909 2414 est
970 2359 1130 2413 etiam
1187 2358 1252 2413 ad
1317 2357 1902 2429 Constantinopolitani

331 2451 600 2520 computi,
639 2462 798 2522 quem
844 2462 1009 2519 supra
1055 2447 1477 2512 declaravimus,
1525 2448 1900 2505 illustrandam

331 2545 601 2615 originem
655 2543 959 2614 aptissima.
1015 2541 1258 2596 Primum
1309 2543 1492 2614 itaque
1545 2558 1666 2613 quae
1717 2542 1899 2597 diver-

331 2636 412 2691 sis
439 2635 574 2690 locis
601 2634 668 2690 de
699 2635 806 2690 illis
837 2633 1104 2689 Maximus
1134 2635 1438 2701 tradiderit,
1471 2635 1525 2689 in
1554 2649 1721 2688 unum
1751 2633 1902 2687 colli-

331 2742 546 2798 gemus.

417 2819 728 2890 ’Υποτομὴν
775 2818 1022 2890 σελήνης,
1065 2833 1224 2887 quem
1261 2834 1279 2868 ι
1313 2817 1509 2872 saltum
1553 2817 1692 2870 lunae
1729 2835 1749 2868 ι
1782 2816 1900 2870 vul-

331 2924 496 2981 gares
527 2909 768 2979 computi
800 2909 1107 2970 nominant,
1149 2907 1224 2960 ait
1257 2907 1433 2976 capite
1471 2906 1756 2960 undecimo
1785 2905 1900 2974 pri-

329 3016 436 3055 ma:
465 3001 637 3070 partis
668 3001 736 3054 ab
776 3000 886 3054 illis
931 2997 1170 3054 conferri
1207 2998 1260 3050 in
1294 3012 1496 3051 annum
1532 2997 1668 3066 cycli
1699 3013 1776 3060 xl,
1805 2997 1897 3066 qui

324 3100 416 3148 est
448 3108 538 3147 xlv
565 3092 877 3148 Graicorum
927 3099 981 3146 et
1005 3090 1396 3154 Romanorum,
1427 3089 1585 3157 cujus
1614 3087 1896 3144 neomenia
1923 3123 1965 3181 Ο

329 3183 498 3252 cmpit
529 3181 839 3237 Decembris
876 3180 1103 3246 ultimo;
1155 3195 1332 3233 annus
1365 3179 1482 3248 ipse
1521 3193 1652 3233 vero
1693 3177 1896 3238 desinit

330 3277 385 3331 in
425 3275 736 3330 Decembris
773 3289 929 3328 xvm.
971 3271 1126 3326 Unde
1159 3287 1396 3341 sequens
1443 3286 1640 3335 annus,
1677 3270 1770 3341 qui
1803 3286 1896 3341 cy-

327 3369 417 3422 clo
443 3366 669 3422 allectus
699 3372 816 3420 erat
839 3365 1054 3417 illorum
1073 3378 1171 3424 xn,
1199 3361 1604 3416 Catholicorum
1638 3378 1726 3425 xv,
1755 3377 1784 3415 a
1809 3361 1897 3416 die

327 3477 422 3516 xxx
451 3458 762 3516 Decembris
787 3457 992 3523 inibat;
1022 3456 1094 3509 ita
1122 3462 1182 3508 ut
1212 3456 1338 3509 luna
1360 3471 1452 3509 xiv
1475 3456 1696 3511 caderet
1723 3457 1776 3510 in
1796 3455 1897 3509 Ka-

323 3553 522 3610 lendas
569 3549 878 3605 Januarias.
933 3549 1113 3616 Quare
1167 3565 1346 3604 annus
1393 3549 1533 3619 cycli
1577 3547 1896 3602 undecimus

321 3645 476 3714 apud
508 3642 934 3713 undecuplantes
967 3641 1101 3696 istos
1155 3641 1261 3708 (sic
1289 3640 1433 3695 enim
1466 3638 1736 3709 appellare
1762 3637 1895 3691 mihi

320 3735 536 3809 liceat),
580 3737 694 3791 sive
733 3735 979 3790 decimus
1022 3741 1251 3804 quartus
1280 3731 1730 3795 orthodoxorum,
1781 3729 1896 3786 die-

318 3831 437 3885 bus
491 3829 778 3884 constabat
823 3826 1086 3882 trecentis
1132 3824 1527 3895 quinquaginta
1575 3821 1774 3884 tribus,
1832 3835 1895 3875 ac

317 3923 438 3979 diei
470 3922 636 3976 unius
679 3917 994 3990 suppressio
1022 3917 1185 3972 [lebat
1229 3915 1542 3972 Decembris
1581 3929 1695 3977 xix,
1725 3913 1893 3982 siqui-

312 4007 453 4070 dein
485 4012 770 4068 neomenia
804 4010 941 4082 cycli
988 4009 1206 4064 illorum
1238 4023 1340 4070 xu,
1382 4014 1694 4061 nostrorum
1734 4019 1826 4068 xv,
1861 4019 1893 4058 a

320 4121 396 4160 xx
438 4102 771 4164 Decembris.
811 4101 900 4156 cui
937 4116 1004 4155 ex
1050 4098 1542 4154 Alexandrinorum
1577 4094 1894 4167 praescripto

326 4197 447 4245 erat
481 4188 659 4251 allixa,
693 4189 758 4242 ad
791 4204 881 4242 xix
905 4185 1374 4251 transferebatur;
1405 4193 1464 4239 ut
1494 4199 1636 4239 unus
1668 4184 1759 4238 ille
1787 4183 1896 4239 dis-

325 4282 683 4338 simularetur
716 4280 853 4335 dies.
881 4279 960 4334 Ae
1003 4286 1135 4340 tunc
1179 4278 1427 4333 decimus
1459 4292 1636 4332 nonus
1669 4275 1893 4331 Decem-

235 4361 261 4389 "
327 4376 444 4430 bris
494 4371 769 4426 numerari
826 4371 911 4425 bis
965 4361 1196 4433 Solebat,
1249 4375 1310 4421 ut
1356 4374 1468 4420 tam
1521 4365 1892 4422 antecedentis

1286 323 1741 379 DlSSERTATlO
1781 325 1867 378 DE
1907 325 2314 380 GIUECORUM
2355 325 2558 382 ASRIS.

3424 332 3560 384 H53

1929 445 2290 510 Aquartum,
2337 439 2532 494 borum
2582 453 2714 494 vero
2750 439 2983 509 primum
3029 442 3243 498 illorum
3292 443 3563 508 decimum

2001 533 2312 603 septimum.
2344 531 2414 585 At
2444 531 2641 588 solaris
2671 532 2858 604 cyclus
2892 535 2963 588 ita
2999 549 3058 588 se
3087 535 3270 600 habet,
3303 543 3360 590 ut
3391 538 3563 592 unde-

1999 623 2334 694 cuplantium
2377 623 2585 693 primus
2627 622 2697 677 sit
2732 621 3067 688 Graecorum,
3103 626 3196 695 qui
3242 625 3563 682 Alexandri-

1999 735 2130 775 num
2180 727 2496 789 computum
2537 734 2706 772 unum
2747 719 2814 774 dc
2854 720 3068 776 duobus
3098 722 3377 789 adhibent,
3422 717 3563 795 quos

2001 809 2254 880 superius
2274 809 2521 878 exposui,
2550 808 2794 863 decimus
2817 809 3030 866 tertius.
3057 810 3200 875 Ideo,
3229 828 3350 867 cum
3371 816 3561 885 cyclus

1999 901 2313 956 Graecorum
2347 899 2748 955 Alexandrinus
2784 902 2993 970 primus
3038 904 3366 973 respondeat
3406 915 3560 961 sexto

2001 992 2153 1063 cyclo
2180 989 2450 1055 Romano,
2487 1000 2546 1044 ut
2577 1005 2697 1060 cap.
2731 989 2774 1043 ν
2811 991 2973 1061 hujus
3003 993 3127 1047 libri
3167 993 3562 1049 demonstravi-

1999 1097 2155 1147 mus,
2197 1081 2406 1153 primus
2448 1081 2926 1151 undecuplantinm
2969 1083 3073 1138 erit
3109 1082 3387 1140 Romanus
3413 1086 3560 1141 deci-

2000 1190 2122 1229 mus
2148 1182 2395 1228 octavus.

2068 1264 2242 1334 Caput
2271 1265 2486 1319 illorum
2513 1263 2772 1327 methodi,
2804 1279 2869 1320 ac
2895 1264 3162 1335 praecipua
3189 1265 3562 1336 reprehensio-

2000 1355 2086 1412 nis
2125 1371 2280 1426 Seges
2315 1354 2456 1427 apud
2492 1353 2782 1409 Maximum
2818 1355 2873 1409 in
2917 1356 3177 1421 terminis,
3211 1358 3325 1413 sive
3352 1359 3563 1428 quartis

2000 1447 2225 1502 decimis
2277 1445 2636 1503 Paschalibus
2689 1447 2966 1512 consistit,
3019 1448 3164 1518 quod
3218 1449 3295 1503 illi
3343 1451 3562 1506 easdem

2001 1539 2140 1604 dies,
2179 1553 2300 1610 quae
2348 1539 2417 1594 ab
2461 1539 2844 1596 Alexandrinis
2882 1549 2936 1594 et
2973 1540 3270 1596 Catholicis
3314 1557 3564 1596 numera-

1999 1630 2200 1686 bantur
2222 1631 2446 1685 decimm
2469 1638 2697 1702 quartae,
2727 1632 2926 1704 saepius
2952 1631 3192 1686 decimas
3217 1633 3454 1703 quintas,
3480 1634 3564 1687 vel

2007 1728 2191 1778 sextas
2235 1721 2475 1778 decimas
2507 1723 2804 1794 putabant:
2841 1724 2984 1796 quod
3035 1732 3093 1778 ut
3134 1724 3217 1779 via
3257 1733 3312 1780 et
3355 1724 3565 1779 ratione

2005 1813 2264 1877 lacerent,
2312 1814 2648 1884 propositum
2699 1815 2996 1885 quemlibet
3043 1830 3245 1870 annum
3295 1815 3430 1886 cycli
3479 1815 3564 1870 sui

2000 1905 2236 1974 primum
2269 1921 2364 1976 per
2407 1906 2667 1977 quinque,
2716 1907 2912 1962 deinde
2950 1922 3048 1978 per
3099 1922 3194 1962 sex
3234 1908 3562 1978 multiplica-

2001 1995 2152 2059 bant,
2191 1995 2293 2049 hoc
2321 2003 2406 2051 est
2441 1997 2492 2050 in
2525 2004 2694 2052 totum
2735 2012 2834 2067 per
2866 1996 3140 2061 undecim,
3174 2006 3287 2052 tum
3317 1998 3385 2052 ad
3415 2015 3564 2053 sum-

2003 2100 2144 2138 mam
2178 2084 2303 2139 inde
2330 2084 2618 2140 conﬂatam
2649 2086 2767 2142 dies
2799 2079 3158 2156 adjiciebant;
3187 2087 3279 2158 qui
3303 2103 3334 2142 a
3363 2087 3562 2143 Kalen-

2001 2175 2088 2231 dis
2116 2174 2389 2233 Januariis
2433 2177 2501 2232 ad
2544 2178 2836 2233 terminum
2880 2177 3197 2235 Paschalem
3243 2180 3388 2234 illius
3435 2180 3564 2235 anni

2002 2266 2448 2321 numerabantur.
2479 2265 2692 2323 Rursus
2723 2274 2853 2338 quot
2887 2267 2924 2322 ii
2956 2267 3073 2323 dies
3103 2278 3262 2324 erant
3301 2285 3331 2323 a
3359 2268 3562 2324 Kalen-

2000 2356 2087 2412 dis
2115 2355 2389 2414 Januariis
2433 2359 2500 2414 ad
2532 2359 2847 2424 terminum,
2891 2366 2973 2414 tot
3004 2361 3371 2430 sexagesimas
3401 2361 3564 2416 unius

2000 2450 2108 2505 diei
2142 2450 2467 2520 capiebant:
2499 2451 2564 2506 ad
2599 2468 2738 2522 quas
2771 2453 2930 2509 toties
2968 2453 3206 2523 quinque
3235 2453 3369 2509 alias
3407 2469 3564 2509 sexa-

1999 2539 2234 2610 gesimas
2279 2540 2506 2596 diurnas
2545 2542 2898 2613 adjiciebant,
2950 2551 3150 2614 quotus
3201 2558 3379 2599 annus
3423 2545 3561 2616 cycli

1999 2631 2320 2702 putabatur;
2361 2647 2630 2688 summam
2677 2635 3133 2705 sexagesimarum
3167 2651 3264 2705 per
3293 2636 3363 2690 60
3395 2638 3564 2706 parti-

2000 2731 2108 2776 tam
2150 2721 2208 2776 in
2251 2723 2369 2778 dies
2419 2724 2778 2796 redigebant:
2811 2741 2948 2796 quos
2997 2725 3062 2779 ad
3105 2727 3338 2796 priorem
3385 2727 3565 2797 ὁμάδα

1999 2813 2208 2868 dierum
2253 2815 2635 2870 accensebant.
2689 2814 2804 2870 Hoc
2843 2816 3004 2872 modo
3035 2816 3154 2871 dies
3187 2817 3396 2882 eadem,
3442 2833 3564 2887 quae

1999 2913 2190 2974 quarta
2221 2905 2430 2961 decima
2477 2907 2696 2962 Nicaana
2735 2916 2872 2974 erat,
2916 2911 3103 2980 quinta
3151 2909 3360 2964 decima
3395 2925 3559 2981 stupe,

2001 2995 2102 3049 hoc
2131 3002 2218 3049 est
2255 2995 2309 3049 in
2340 2997 2500 3052 annis
2527 3013 2662 3064 xm;
2694 3001 2859 3054 semel
2888 3008 3041 3054 sexta
3071 2999 3278 3055 decima
3311 3017 3564 3056 numera-

2000 3087 2178 3151 batur,
2215 3087 2268 3142 in
2304 3103 2449 3142 anno
2477 3091 2689 3144 decimo
2713 3083 2868 3146 sexto
2899 3091 3069 3162 cycli;
3095 3092 3150 3147 in
3189 3091 3429 3160 caneris,
3461 3093 3563 3146 hoc

1997 3187 2082 3235 est
2115 3180 2168 3234 in
2201 3197 2240 3245 ι,
2267 3197 2326 3240 ιι.
2356 3198 2438 3245 ιιι,
2474 3197 2545 3243 tv,
2578 3191 2632 3238 et
2664 3199 2819 3245 xvm,
2854 3193 3046 3253 quarta
3092 3183 3302 3238 decima
3336 3185 3566 3252 putaba-

1996 3276 2102 3324 tur.
2136 3269 2274 3324 Hinc
2305 3269 2438 3324 illud
2470 3270 2776 3335 eveniebat,
2821 3279 2881 3325 ut
2913 3269 3122 3325 Pascha
3153 3285 3221 3325 ex
3254 3285 3441 3325 eorum
3470 3284 3564 3324 ra.

1997 3361 2237 3415 tiociniis
2273 3361 2398 3414 luna
2431 3377 2544 3414 xxn
2590 3361 2676 3415 vel
2711 3377 2842 3415 χχιιι
2867 3361 3265 3424 celebraretur;
3302 3361 3438 3416 alias
3463 3375 3565 3414 au-

1997 3459 2102 3505 tem
2133 3467 2257 3506 cum
2290 3451 2558 3505 catholica
2605 3453 2788 3522 regula
2839 3454 3176 3506 conveniret.
3213 3451 3367 3516 Quod
3411 3459 3566 3506 ante-

1995 3559 2156 3613 quam
2209 3559 2309 3598 usu
2353 3545 2470 3612 ipso
2517 3544 2887 3614 exemplisque
2925 3544 3260 3605 declaretur,
3315 3543 3564 3598 schema-

1996 3642 2111 3687 tum
2159 3634 2346 3697 trium,
2390 3648 2512 3704 quae
2562 3633 2619 3686 in
2667 3648 2708 3687 ιι
2752 3640 2906 3703 parte
2935 3633 3226 3703 descripsit
3273 3631 3560 3694 Maximus.

1996 3725 2261 3780 rationem
2293 3724 2605 3780 reddemus.

2063 3814 2122 3869 In
2148 3814 2300 3884 cyclo
2327 3812 2614 3876 Victorini,
2637 3812 2730 3884 qui
2753 3819 2837 3867 est
2866 3827 3130 3866 annorum
3155 3813 3258 3868 552
3283 3813 3394 3883 (hic
3416 3812 3560 3868 enim

1995 3921 2233 3976 praesens
2273 3905 2338 3959 ad
2369 3905 2672 3958 institutum
2697 3887 3039 3971 assumitur),
3069 3905 3207 3975 cycli
3248 3911 3376 3959 sunt
3408 3905 3537 3959 luna

1995 4013 2106 4062 res,
2135 3997 2250 4053 sive
2280 3995 2827 4052 enneadecaeterides
2858 4003 2984 4050 octo
3018 4003 3072 4050 et
3111 3996 3336 4066 viginti;
3369 3996 3562 4052 solaris

1993 4088 2124 4144 item
2161 4089 2321 4160 cycli,
2359 4088 2444 4142 vel
2474 4087 3048 4158 εἰκοσιοκταετηρίδες,
3078 4087 3472 4142 novemdecim.
3504 4085 3562 4141 ln

1994 4191 2132 4245 rota,
2165 4195 2336 4243 sorite,
2361 4179 2446 4232 vel
2471 4179 2668 4232 circuli
2699 4185 2828 4232 sunt
2855 4193 3070 4232 novem.
3093 4177 3330 4243 Primus,
3353 4186 3409 4233 et
3431 4179 3560 4230 exti-

1995 4287 2118 4328 mus
2151 4273 2364 4343 cyclum
2399 4272 2632 4326 solarem
2677 4269 2941 4331 continet,
2975 4269 3153 4338 qualis
3195 4269 3485 4324 adhibetur
3533 4283 3562 4322 a

1993 4363 2265 4427 Maximo,
2297 4364 2390 4433 qui
2433 4371 2516 4419 est
2561 4361 2913 4416 Alexandrini
2960 4359 3273 4415 Graecorum
3320 4361 3562 4430 computi

323 4471 638 4535 postremus
669 4469 971 4531 putaretur,
1003 4472 1166 4529 quam
1195 4457 1406 4527 primus
1435 4457 1733 4526 sequentis.
1757 4454 1893 4510 Rur-
1923 4462 1967 4518 ι)
1996 4455 2277 4525 proprius;
2319 4453 2592 4508 secundus
2636 4453 2784 4506 orbis
2825 4459 3044 4521 epactas
3079 4451 3234 4514 solis,
3277 4451 3392 4507 sive
3431 4465 3559 4505 eon-

327 4551 424 4610 sus
459 4569 577 4622 cap.
604 4551 699 4605 Xll
730 4551 896 4607 refert
925 4551 1067 4615 illos,
1093 4549 1162 4603 ad
1183 4549 1530 4619 exemptilem
1565 4549 1708 4604 diem
1737 4563 1888 4608 com-

328 4645 707 4716 pensandum,
765 4644 993 4714 singulis
1053 4641 1214 4696 annis
1274 4640 1478 4696 addere
1535 4639 1890 4710 sexagenaria

326 4735 587 4806 scrupula
611 4735 884 4804 quinque;
917 4741 971 4788 et
1011 4733 1093 4788 sic
1123 4732 1283 4788 annis
1315 4730 1599 4786 duodecim
1626 4731 1766 4785 diem
1804 4731 1891 4784 in-

322 4837 540 4900 tegrum
579 4827 779 4898 colligi,
813 4841 876 4882 ac
917 4825 1133 4880 demum
1172 4840 1268 4882 eos
1312 4824 1461 4894 ipsos
1505 4823 1573 4878 ad
1626 4837 1890 4878 annorum

328 4920 522 4975 Adami
555 4927 869 4988 computum
898 4933 1072 4972 annos
1097 4934 1186 4970 xv:
1220 4917 1475 4986 adjicere.

400 5010 459 5064 In
489 5008 727 5065 secunda
756 5023 885 5062 vero
935 5014 1088 5077 parte
1125 5007 1364 5076 computi
1413 5005 1726 5060 methodum
1772 5005 1886 5058 illo-

327 5118 450 5156 rum
498 5101 674 5155 tribus
725 5098 910 5169 ﬁguris
957 5097 1213 5167 explicat,
1257 5097 1361 5151 hoc
1391 5104 1476 5152 est
1516 5105 1635 5150 rota
1679 5112 1808 5161 una,
1837 5104 1892 5149 et

329 5194 616 5258 !aterculo,
645 5192 728 5247 vel
760 5205 969 5247 canone
995 5189 1198 5258 duplici
1226 5207 1240 5243 :
1283 5203 1514 5258 quorum
1547 5189 1684 5242 alter
1711 5187 1780 5241 ad
1815 5189 1891 5243 si-

328 5290 596 5353 nistram,
641 5286 778 5339 alter
819 5284 885 5338 ad
933 5281 1176 5337 dextram
1217 5291 1348 5335 rota:
1395 5280 1704 5350 descriptus
1751 5287 1889 5336 erat.

331 5375 439 5430 Sed
483 5383 704 5446 propter
745 5371 1028 5443 angustias
1079 5371 1279 5425 chartae
1327 5385 1492 5441 supra
1533 5371 1722 5425 ambos
1771 5379 1890 5425 rota

330 5467 626 5520 constituta
668 5473 776 5520 est.
807 5463 881 5516 Ex
917 5463 1017 5516 hac
1055 5475 1220 5531 porro
1246 5461 1501 5516 methodo
1541 5467 1754 5516 constat
1799 5476 1891 5531 cy-

331 5560 475 5613 clum
506 5561 750 5615 lunarem
781 5557 922 5629 apud
964 5559 1097 5613 istos
1126 5556 1369 5611 ternario
1409 5556 1672 5610 minorem
1722 5553 1892 5610 fuisse

327 5648 539 5714 Graeco,
562 5651 646 5705 vel
671 5648 1056 5713 Alexandrino,
1081 5630 1172 5718 qui
1200 5647 1339 5702 idem
1363 5654 1417 5702 et
1441 5645 1718 5702 Romanus
1746 5645 1885 5700 fuit:

325 5747 383 5794 et
420 5743 654 5799 nrimum
697 5742 1179 5804 undecunlantium
1233 5755 1356 5797 esse
1397 5740 1889 5797 Alexandrinorum
1929 5813 1965 5822 Ψ

1997 4554 2282 4604 currentes
2315 4547 2507 4613 habet;
2539 4546 2731 4602 tertius
2760 4544 3069 4600 bissextiles
3096 4550 3281 4610 notat;
3310 4550 3562 4615 quartus,

1997 4658 2175 4698 annos
2203 4643 2339 4714 cycli
2365 4641 2562 4697 solaris
2587 4639 3104 4709 undecuplautium;
3133 4637 3225 4708 qui
3251 4639 3335 4694 sic
3365 4637 3562 4705 priori-

1999 4733 2101 4787 bus
2126 4729 2474 4802 respondent,
2500 4738 2559 4784 ut
2584 4731 2791 4800 primus
2820 4727 3297 4797 undecuplantium
3329 4728 3402 4782 sit
3431 4727 3564 4784 isto-

1998 4839 2120 4879 rum
2154 4825 2402 4879 decimus
2444 4824 2660 4885 tertius,
2693 4829 2856 4890 atque
2899 4820 2972 4874 ita
3006 4821 3282 4890 deinceps.
3315 4819 3564 4890 Quinque

1997 4917 2158 4970 orbes
2201 4913 2398 4984 reliqui
2445 4928 2620 4967 annos
2665 4912 2949 4966 continent
2982 4911 3149 4982 cyclis
3190 4910 3461 4966 solaribus
3510 4920 3566 4966 et

1998 5007 2284 5061 lunaribus
2329 5012 2564 5070 notatos,
2606 5004 2661 5058 in
2707 5003 2908 5073 quibus
2949 5002 3214 5056 terminus
3261 5001 3562 5068 Paschalis,

1998 5100 2113 5154 sive
2150 5106 2348 5168 quarta
2405 5097 2612 5152 decima
2659 5095 2896 5158 Nicazna,
2939 5095 3128 5166 quinta
3192 5095 3423 5159 decima,
3477 5095 3561 5150 vel

1999 5199 2149 5246 sexta
2174 5191 2384 5246 decima
2409 5198 2631 5260 putatur
2659 5189 2726 5244 ab
2755 5187 3263 5257 undecuplantibus.
3297 5186 3374 5241 Ita
3400 5202 3562 5258 porro

1997 5279 2247 5351 dispositi
2279 5285 2406 5335 sunt
2434 5278 2722 5334 interiores
2750 5277 2826 5332 illi
2853 5277 3094 5346 quinque
3117 5275 3329 5339 circuli,
3353 5281 3414 5329 ιιι
3443 5275 3561 5328 cui-

1997 5374 2131 5429 libet
2152 5389 2296 5428 anno
2321 5375 2458 5444 cycli
2482 5373 2676 5429 solaris
2700 5373 2754 5426 in
2786 5381 2980 5440 quarto
3003 5371 3230 5433 circulo,
3266 5371 3415 5424 cellae
3441 5369 3564 5424 duae

1997 5465 2257 5535 subjecta:
2285 5464 2398 5519 sint
2432 5464 2722 5533 cujuslibet
2759 5477 2790 5518 e
2821 5462 3058 5532 quinque
3083 5460 3322 5516 circulis.
3359 5460 3560 5514 Harum

1995 5555 2278 5615 cellarum,
2319 5569 2442 5623 qua;
2485 5553 2554 5607 ad
2606 5553 2792 5606 laevam
2827 5562 2928 5614 est,
2979 5551 3191 5622 cyclum
3244 5549 3406 5616 solis;
3440 5565 3562 5619 quae

1997 5647 2066 5701 ad
2098 5647 2368 5708 dextram,
2401 5645 2611 5715 cyclum
2648 5645 2789 5696 luna:
2827 5642 3222 5711 complectitur.
3252 5640 3398 5711 Cycli
3436 5655 3564 5694 vero

1999 5739 2136 5796 solis
2170 5739 2231 5793 in
2253 5746 2450 5804 quarto
2495 5736 2704 5792 circulo
2735 5735 2940 5790 indices
2971 5749 3076 5787 una
3119 5742 3248 5816 sunt
3288 5729 3562 5788 enueade-
