3948 6264
469 298 615 352 1855

1473 297 1565 354 AD
1589 299 1860 356 EUSEBll
1901 299 2295 358 CllRONICON
2337 295 2704 356 APPENDIX.

3534 311 3655 368 “55

468 412 825 478 caeteridum,
867 411 961 468 'ao'
991 428 1129 484 quas
1178 411 1550 484 subjecta'rmn
1596 418 1857 471 cellarum
1900 419 2036 488 cycli
2064 421 2110 477 A
2137 425 2399 489 praeterea
2441 415 2732 471 methodus
2767 414 2879 484 ipsa
2919 412 3272 470 demonstrat.
3298 413 3509 484 Etenim,
3529 424 3573 476 si
3597 427 3652 477 ad

469 508 700 567 solares,
733 507 1056 579 lunaresque
1087 511 1380 581 pertinent.
1413 507 1655 579 Exempli
1684 524 1850 564 causa
1872 512 1941 565 sit
1964 511 2030 575 A,

465 597 522 655 ld
567 607 652 655 est
703 599 914 668 primus
963 601 1150 672 cyclus
1201 601 1396 656 solaris
1443 598 1920 670 undecuplantimn
1977 599 2031 654 in

469 695 662 758 quarta
691 703 848 751 zona,
897 691 984 743 cui
1022 691 1311 760 respondet
1357 691 1411 743 in
1443 689 1614 758 prima
1647 689 1834 757 cyclus
1877 689 1946 758 ιγ’
1980 688 2033 742 id

468 787 551 834 est
577 793 674 832 xnt
708 776 1060 833 Alexandrini
1096 780 1354 849 computi.
1393 777 1527 831 Huic
1571 777 1625 831 in
1667 778 1855 848 quinta
1895 794 2032 834 zona

468 869 588 925 divae
618 871 766 926 cellae
796 869 1153 941 respondent,
1197 884 1426 939 quarum
1471 870 1642 923 altera
1675 869 1898 924 sinistra
1943 885 2034 940 cy-

467 962 610 1017 clum
634 962 767 1018 solis
790 962 954 1016 habet
981 963 1046 1025 0',
1076 963 1126 1016 id
1155 971 1237 1017 est
1265 961 1330 1027 9;
1363 961 1554 1016 dextra
1586 976 1802 1030 quoque
1823 962 2032 1032 cyclum

465 1051 710 1108 lunarem
737 1053 790 1115 9,
819 1070 928 1124 quo
961 1054 1316 1124 significatur,
1351 1051 1407 1106 in
1449 1067 1592 1107 anno
1634 1067 1699 1107 eo
1723 1053 1911 1122 prima;
1936 1067 2034 1106 ens

467 1144 948 1206 neadecaeteridis.
980 1146 1072 1216 qui
1101 1146 1253 1218 cyclo
1282 1146 1415 1201 solis
1444 1153 1498 1200 et
1526 1146 1668 1200 luna;
1699 1162 1749 1200 Ix
1776 1145 2032 1217 praeditus

464 1245 572 1303 est,
604 1237 786 1293 lunam
818 1238 1084 1294 decimam
1114 1245 1364 1308 quartam
1391 1235 1666 1292 Nicaenam
1699 1238 1770 1293 ab
1799 1237 2035 1293 undecu-

465 1330 746 1398 plantibus
775 1329 952 1400 putari
984 1345 1071 1384 xv.
1098 1327 1252 1395 Quod
1286 1327 1501 1398 quidem
1531 1328 1734 1398 duplici
1767 1327 1836 1384 de
1863 1344 2032 1384 causa

463 1427 678 1489 poterat
737 1419 872 1476 ﬁeri.
928 1420 1037 1474 Aut
1090 1420 1233 1475 enim
1297 1427 1520 1490 propter
1573 1419 2030 1476 intervenientem

466 1509 766 1566 bisextilem
797 1510 939 1566 diem
980 1527 994 1562 :
1037 1520 1133 1565 aut
1154 1520 1376 1581 propter
1393 1512 1852 1581 sexagesimarum
1881 1512 2032 1567 diur-

465 1613 656 1652 narum
690 1599 1037 1670 epilogismos
1071 1601 1308 1658 accidit:
1341 1601 1540 1671 quibus
1571 1602 1731 1656 annis
1768 1602 2031 1657 bisextilis

463 1687 520 1744 id
549 1688 834 1754 elllciebat,
854 1690 932 1746 iis
952 1692 1236 1762 singulare
1269 1699 1526 1762 punctum
1564 1691 1832 1748 Maximus
1855 1693 2030 1748 ascri-

2133 512 2250 567 dies
2286 510 2356 566 94
2398 508 2570 564 addas
2609 507 2700 568 99,
2738 507 2829 577 qui
2863 507 3115 561 oriuntur
3143 507 3488 580 undecuplato
3531 517 3658 582 cyclo

2133 602 2309 656 lunari
2339 619 2414 665 ix,
2434 601 2632 656 ellicics
2654 599 2769 654 dies
2794 598 2913 660 193,
2931 599 3274 669 sexagesima:
3294 615 3413 656 vero
3437 612 3654 672 praeterea

2133 693 2200 747 91
2243 691 2397 763 (quot
2439 693 2691 747 videlicet
2728 705 2756 742 a
2787 689 3041 745 Kalendis
3075 689 3313 744 Januarii
3357 693 3654 751 intercedunt

2132 786 2292 854 dies),
2311 800 2433 839 cum
2465 782 2816 854 sexagesimis
2834 784 2920 845 45,
2944 797 3063 852 quae
3090 798 3152 836 ex
3175 783 3331 836 annis
3353 782 3384 836 9
3411 785 3655 855 quinquies

2133 875 2508 944 multiplicatis
2537 874 2837 939 exsistunt;
2865 880 3142 943 propterea
3190 871 3332 942 quod
3362 887 3496 930 anno
3527 879 3654 932 cuili-

2133 966 2222 1019 bet
2254 966 2391 1036 cycli
2421 965 2661 1035 quinque
2687 966 3022 1035 imputantur
3049 965 3302 1034 scrupula
3333 964 3654 1029 diurna;omo

2133 1070 2251 1122 nes,
2283 1057 2526 1125 inquam,
2565 1056 2669 1110 illa:
2713 1054 3065 1125 sexagesima
3091 1069 3320 1107 numero
3350 1053 3466 1116 159,
3503 1055 3655 1111 divisa

2133 1161 2230 1216 per
2271 1145 2339 1202 60
2382 1147 2605 1202 biduum
2638 1147 2873 1202 solidum
2917 1145 3154 1199 elIiciunt
3191 1159 3315 1198 cum
3349 1147 3655 1214 sexagesimis

2137 1237 2222 1291 l9.
2258 1237 2503 1306 Abjectis
2547 1237 2786 1293 residuis
2827 1237 3120 1308 scrupulis,
3164 1235 3387 1304 soloque
3427 1235 3571 1290 biduo
3600 1238 3651 1292 ad

2133 1329 2470 1399 superiorem
2501 1344 2770 1384 summam
2804 1328 3015 1383 dierum
3051 1325 3260 1389 addito,
3308 1325 3535 1380 conﬁunt
3561 1328 3656 1384 dies

2133 1419 2236 1474 195
2271 1437 2286 1474 :
2338 1420 2538 1490 quibus
2579 1434 2677 1491 per
2707 1419 2776 1474 30
2805 1418 3134 1481 distributis,
3178 1417 3543 1486 relinquuntur
3563 1417 3655 1480 dies

2131 1525 2225 1565 xv.
2259 1508 2493 1564 Proinde
2532 1517 2728 1580 quarta
2769 1507 2886 1563 dies
2918 1507 3144 1577 Aprilis,
3187 1521 3309 1576 qua
3348 1514 3429 1561 est
3465 1522 3546 1560 xlv
3579 1507 3654 1561 Ni-

2131 1615 2306 1663 cacna,
2357 1615 2425 1655 ex
2473 1599 2690 1654 illorum
2749 1596 3110 1653 subductione
3165 1596 3225 1650 ﬁt
3275 1613 3362 1652 xv.
3405 1594 3656 1654 Videamus

2133 1701 2315 1748 utrum
2365 1690 2421 1744 in
2460 1689 2795 1747 Dominicam
2844 1689 2935 1743 ille
2978 1689 3246 1744 terminus
3292 1689 3537 1746 incurrat.
3575 1687 3657 1744 Per

466 1789 680 1850 pserat;
713 1779 780 1834 ad
809 1796 905 1836 eos
934 1790 1112 1836 autem
1149 1797 1342 1846 annos,
1373 1782 1467 1852 qui
1499 1790 1722 1853 propter
1754 1783 2036 1853 scrupula-
2064 1779 2104 1833 Β
2136 1797 2406 1840 canonem
2445 1799 2500 1839 tv
2526 1783 2771 1854 ejusdem
2816 1781 3014 1852 capitis
3056 1789 3264 1851 epactae
3312 1781 3437 1837 solis
3462 1781 3510 1835 in
3539 1797 3656 1836 anno

465 1871 603 1925 riam
631 1871 900 1926 rationem
939 1872 1080 1928 idem
1122 1875 1462 1938 obtinebant,
1497 1874 1605 1929 duo
1634 1881 1834 1944 puncta
1869 1882 2026 1929 nota-

463 1969 647 2029 verat;
682 1963 786 2018 tria
810 1963 1044 2034 denique
1071 1964 1136 2018 ad
1155 1981 1260 2022 neos
1282 1981 1487 2031 annos,
1523 1967 1576 2020 in
1601 1966 1800 2036 quibus
1817 1965 2030 2021 decima

463 2063 656 2124 quarta
693 2057 986 2125 putabatur
1029 2043 1444 2112 sexta'decima.
1494 2053 1600 2111 Sed
1649 2071 1709 2112 ea
1752 2065 1952 2127 puncta
1997 2071 2029 2110 a

464 2145 704 2202 librariis
735 2147 942 2202 omissa
977 2156 1136 2203 erant
1167 2147 1221 2202 in
1259 2148 1605 2219 apographo;
1638 2163 1813 2218 neque
1842 2163 1941 2204 nos
1973 2148 2027 2202 in

464 2237 572 2293 illis
602 2238 955 2294 restituendis
987 2240 1202 2294 anxiam
1238 2241 1414 2310 magis
1452 2254 1614 2311 quam
1660 2239 1847 2295 utilem
1900 2255 2031 2310 ope-

463 2341 581 2381 ram
611 2343 810 2384 navare
842 2328 1148 2394 voluimus;
1187 2329 1484 2399 praesertim
1515 2343 1636 2383 cum
1678 2343 1742 2382 ex
1777 2327 2030 2383 methodo

464 2427 654 2475 nostra
700 2420 768 2476 de
814 2421 1058 2490 quolibet
1097 2435 1240 2474 anno
1270 2427 1527 2474 constare
1568 2420 1764 2489 possit,
1798 2434 1868 2474 an
1910 2420 2029 2488 ejus

463 2527 554 2568 xlv
585 2513 658 2566 sit
685 2529 774 2576 xv,
807 2514 890 2568 vel
922 2530 1030 2568 xvn.
1058 2512 1162 2569 Sed
1188 2513 1456 2568 Maximus
1489 2511 1744 2566 admonet
1774 2528 1882 2568 non
1912 2527 2030 2567 om-

465 2619 564 2660 nes
597 2619 692 2660 eos
717 2621 890 2661 annos
931 2607 986 2660 in
1027 2606 1380 2662 interioribus
1419 2621 1453 2660 v
1479 2605 1715 2660 orbibus
1744 2605 2030 2660 adnotatos

462 2710 603 2763 esse,
638 2696 696 2751 in
724 2696 923 2767 quibus
953 2711 1043 2750 xlv
1074 2681 1290 2752 Nicaena
1340 2695 1399 2750 lit
1439 2711 1504 2751 ex
1547 2694 2030 2767 undecuplantium

463 2788 676 2843 calculo
709 2804 800 2851 xv,
833 2789 915 2843 vel
945 2804 1056 2844 χιιι.
1095 2787 1152 2843 ιιι
1179 2790 1322 2844 enim
1359 2789 1415 2844 in
1448 2790 1617 2860 cyclis
1639 2789 1868 2859 singulis
1892 2804 2029 2859 qua-

467 2879 732 2936 terdecies
766 2881 1019 2947 ‘accidit;
1073 2881 1164 2936 sed
1217 2896 1312 2936 eos
1357 2886 1588 2946 tantum,
1633 2882 1728 2950 qui
1779 2880 2032 2936 eumdem

467 2974 756 3028 terminum
785 2989 895 3028 uno
917 2973 1025 3038 die,
1049 2975 1132 3028 vel
1160 2974 1326 3028 biduo
1354 2973 1587 3043 amplius
1620 2981 1864 3042 putatum
1895 2988 2030 3026 con-

465 3064 646 3118 ferunt
677 3065 732 3119 in
761 3064 1132 3121 Dominicam:
1161 3065 1306 3136 quod
1337 3067 1390 3119 in
1413 3082 1445 3119 v
1473 3066 1541 3120 ad
1569 3081 1839 3120 summum
1873 3068 2028 3121 annis

465 3157 518 3208 in
555 3156 748 3226 quavis
774 3157 1290 3213 enneadecaeteride
1347 3157 1632 3226 contingit.
1685 3155 1759 3215 Ex
1813 3155 2026 3212 duobus

463 3243 740 3299 laterculis
770 3254 901 3299 rotae
933 3246 1214 3314 subjectis,
1249 3247 1399 3314 prius
1438 3245 1646 3300 sinistri
1689 3261 1884 3301 versus
1913 3261 2028 3301 em-

465 3331 742 3387 l-olimaaos
783 3347 956 3388 annos
997 3342 1214 3390 notatos
1268 3335 1459 3402 habet;
1513 3336 1808 3390 secundum
1856 3351 2028 3392 annos

464 3424 601 3494 uycli
633 3426 838 3481 lunaris
879 3426 1229 3480 Alexandrini
1257 3446 1269 3482 :
1300 3429 1459 3496 cujus
1487 3436 1715 3498 quartus
1742 3428 2030 3499 respondet

461 3532 604 3571 anno
647 3519 823 3587 primo
851 3518 988 3589 cycli
1033 3518 1241 3573 lunaris
1280 3518 1798 3588 undecuplantium;
1846 3521 1936 3590 qui
1972 3520 2028 3574 in

463 3608 621 3661 lentio
666 3622 829 3661 versu
879 3605 1229 3668 describitur.
1281 3609 1519 3674 Quartus
1562 3624 1753 3664 versus
1805 3617 2028 3680 epactas

461 3701 681 3755 lunares
709 3701 974 3764 continet,
1015 3701 1201 3771 quales
1229 3700 1496 3756 Maximus
1525 3701 1760 3757 adhibet.
1793 3701 2028 3769 Quintus

459 3801 514 3845 et
536 3800 846 3862 postremus
892 3795 1157 3848 terminos
1208 3791 1524 3858 Paschales,
1568 3793 1684 3849 sive
1730 3810 1842 3859 xlv,
1889 3811 2028 3865 quas

461 3898 601 3952 saepe
629 3900 692 3938 xv
732 3893 1020 3939 numerant
1053 3886 1165 3950 illi;
1193 3886 1359 3941 semel
1381 3895 1560 3940 autem
1585 3902 1696 3952 xvi,
1735 3887 2026 3958 quinquies

459 3990 569 4029 xlv.
605 3974 950 4030 Laterculum
981 3976 1230 4032 dextrum
1262 3986 1434 4031 totum
1470 3974 1727 4032 Paschati
1756 3980 2026 4034 catholico

459 4065 660 4130 servit;
707 4081 831 4119 nam
879 4066 1175 4120 terminum
1225 4064 1566 4130 Paschalem,
1615 4067 1846 4138 ejusque
1882 4069 2028 4125 diem

457 4147 692 4212 Julianis
729 4157 784 4211 in
821 4158 1100 4214 mensibus
1141 4157 1299 4212 oﬂert
1339 4158 1394 4211 in
1442 4158 1703 4222 secundo,
1755 4174 1819 4214 ac
1867 4161 2027 4216 tertio

459 4262 654 4312 versu;
681 4258 904 4318 epactas
933 4249 990 4303 in
1023 4257 1257 4319 quarto;
1299 4249 1356 4303 in
1392 4251 1581 4320 quinto
1625 4251 1835 4321 cyclum
1872 4252 2028 4306 luna-

458 4353 596 4392 rem.
623 4336 942 4410 Regulares,
973 4343 1090 4396 sive
1117 4340 1412 4412 προσθεταὶ
1443 4341 1498 4395 in
1532 4341 1709 4411 primo
1742 4357 1850 4398 non
1887 4343 2028 4398 inte-

457 4445 568 4502 grae
599 4445 631 4484 a
665 4430 890 4487 librario
919 4431 1206 4502 descriptae
1230 4441 1378 4488 sunt.

408 4518 412 4585 ζ
529 4521 686 4578 Nunc
714 4539 871 4580 usum
891 4525 1128 4580 methodi
1153 4527 1399 4595 exemplo
1424 4541 1554 4591 uno,
1575 4527 1810 4582 alterove
1835 4532 2027 4584 docea-

406 4601 414 4610 ’
458 4636 601 4676 mus.
640 4620 770 4676 Esto
804 4637 978 4677 annus
1009 4621 1118 4684 ille,
1156 4622 1248 4692 qui
1279 4621 1781 4678 enneadecaeteridi
1815 4621 2023 4691 primae,

385 4738 392 4748 -
457 4714 572 4767 sive
596 4727 738 4767 anno
754 4714 929 4783 primo
954 4714 1090 4785 cycli
1113 4715 1310 4769 solaris
1341 4714 1396 4768 in
1425 4725 1620 4784 quarto
1641 4713 1806 4768 limbo
1838 4712 2026 4783 proxi-

455 4820 543 4859 me
583 4804 863 4874 subjectus
907 4813 990 4860 est
1023 4806 1080 4871 in
1137 4805 1304 4860 limbo
1340 4820 1373 4859 v
1395 4846 1412 4873 ,
1439 4829 1445 4835 ·
1474 4805 1633 4874 cujus
1667 4807 1853 4876 cyclus
1891 4806 2024 4862 solis

454 4903 538 4950 est
573 4910 649 4959 Ix,
685 4895 892 4950 lunaris
926 4894 1053 4948 item
1092 4909 1166 4948 tx.
1201 4893 1444 4949 Primum
1485 4895 1823 4965 inquiramus
1846 4911 1909 4950 ex
1939 4912 2027 4951 ca-

456 5001 600 5042 none
627 5001 688 5040 ιιι
715 4985 910 5056 capitis
943 4985 1337 5050 antecedentis,
1374 4995 1576 5057 quotus
1609 5002 1788 5041 annus
1821 4986 1925 5042 iste
1951 4987 2025 5042 sit

453 5079 697 5148 computi
725 5076 919 5134 Graeci.
955 5078 1296 5134 Inveniemus
1333 5094 1456 5134 esse
1479 5095 1680 5133 annum
1716 5079 1786 5134 ab
1812 5079 2022 5134 Adamo

455 5171 616 5236 586i,
646 5171 738 5240 qui
773 5185 870 5241 per
899 5169 970 5225 28
1003 5178 1058 5225 et
1098 5171 1165 5224 19
1203 5169 1438 5235 divisus,
1470 5171 1760 5241 utrobique
1786 5172 1820 5226 9
1850 5171 2022 5225 relin-

454 5264 593 5334 quit.
606 5263 817 5335 cCyclus
842 5263 1052 5318 lunaris
1078 5278 1133 5317 ix
1160 5263 1644 5334 u’ndecuplantium
1670 5272 1754 5318 est
1788 5263 2024 5317 Alexan-

454 5357 648 5410 drinus
691 5372 786 5419 xu,
826 5356 985 5425 cujus
1018 5354 1230 5409 decima
1271 5364 1465 5426 quarta
1505 5353 1784 5410 Paschalis
1830 5355 2024 5409 incidit

458 5447 512 5500 in
537 5463 589 5500 tv
615 5449 840 5515 Aprilis,
865 5450 959 5518 qui
993 5457 1078 5503 est
1111 5447 1181 5502 94
1212 5447 1329 5502 dies
1355 5463 1386 5500 a
1412 5446 1668 5502 Kalendis
1687 5445 1931 5500 Januarii
1964 5453 2024 5498 ut

455 5539 779 5592 laterculum
821 5538 1073 5594 dextrum
1107 5537 1346 5594 exhibet.
1391 5536 1562 5592 Porro
1591 5537 2024 5606 undecuplantes

454 5627 722 5683 decimam
769 5638 1020 5699 quartam
1053 5631 1202 5684 illius
1242 5630 1371 5684 anni
1403 5636 1722 5699 computant
1753 5626 2020 5682 decimam

454 5718 738 5786 quintam:
767 5721 911 5789 quod
953 5722 1012 5776 in
1038 5720 1266 5780 sinistro
1298 5721 1560 5776 laterculo
1585 5719 1767 5775 videre
1798 5717 1943 5783 licet,
1967 5723 2023 5772 et
2117 5767 2120 5772 .

2129 1877 2221 1932 illo
2269 1883 2394 1932 sunt
2437 1875 2492 1942 5,
2531 1891 2651 1946 quae
2699 1875 2765 1929 ad
2825 1883 3142 1930 menstruas
3193 1882 3411 1944 epactas
3441 1875 3654 1943 Aprilist

2129 1969 2362 2034 additae,
2411 1977 2463 2022 et
2516 1967 2775 2022 ποσταίαν
2829 1965 3032 2037 Aprilis
3072 1964 3128 2027 4,
3181 1963 3466 2020 ostendunt
3501 1965 3654 2019 feriam

2127 2063 2356 2132 primam
2392 2061 2583 2116 eodem
2617 2059 2714 2114 illo
2745 2059 2831 2114 die
2861 2075 2916 2112 tv
2953 2057 3162 2128 Aprilis
3191 2071 3205 2106 :
3250 2054 3393 2126 quod
3435 2055 3576 2111 etiam
3602 2071 3654 2110 ex

2131 2151 2360 2207 canonis
2387 2165 2427 2203 ιι
2469 2151 2722 2204 doctrina
2764 2149 3057 2220 colligitur.
3094 2146 3310 2218 Quippe
3344 2145 3517 2216 eyclus
3548 2145 3653 2200 solis

2130 2240 2426 2306 Romanus,
2459 2241 2660 2297 additis
2685 2257 2797 2296 xvn
2829 2279 2845 2305 ,
2894 2240 3106 2296 exsistit
3129 2254 3259 2293 xxvt
3285 2256 3299 2305 ;
3329 2238 3522 2292 lunaris
3552 2252 3654 2292 vero

2130 2348 2229 2388 ιιι.
2259 2332 2462 2389 Littera
2487 2333 2842 2388 Dominicalis
2873 2330 3046 2388 estC.
3077 2329 3257 2400 Igitur
3283 2344 3422 2385 anno
3455 2329 3554 2391 illo,
3579 2329 3654 2382 de-

2130 2426 2272 2480 cima
2301 2427 2491 2496 quinta
2519 2423 2801 2479 Paschalis
2833 2423 2890 2477 in
2925 2422 3267 2476 Dominicam
3293 2419 3430 2491 apud
3453 2418 3656 2473 undecu-

2131 2521 2342 2590 plantes
2394 2519 2616 2585 incidit;
2671 2532 2734 2572 ac
2771 2517 2900 2570 luna
2946 2530 3061 2570 χιιι
3112 2512 3328 2570 Pascha
3377 2511 3652 2567 celebratur.

2130 2611 2419 2681 Propterea
2451 2611 2666 2666 duobus
2695 2607 2913 2680 punctis
2935 2605 3214 2661 notandus
3243 2606 3343 2660 iste
3371 2619 3531 2658 annus
3557 2601 3654 2662 luit,

2131 2717 2292 2774 quem
2327 2703 2374 2758 si
2409 2702 2652 2774 reperire
2680 2701 2816 2756 velis
2853 2706 3054 2769 quotus
3090 2697 3304 2768 periodi
3343 2694 3552 2750 Juliana:
3586 2693 3654 2748 vel

2130 2792 2336 2848 Christi
2368 2791 2554 2857 fuerit,
2599 2805 2696 2861 per
2732 2803 2996 2844 canonem
3031 2803 3069 2841 ιι
3111 2786 3390 2856 expedies.
3433 2784 3552 2838 Nam
3578 2783 3653 2837 de-

2134 2884 2322 2940 tractis
2350 2883 2456 2937 795
2487 2882 2557 2937 de
2587 2881 2748 2944 586l,
2790 2880 3130 2947 relinquetur
3171 2892 3350 2931 annus
3377 2873 3561 2946 periodi
3579 2871 3654 2927 Ju‘

2132 2976 2288 3030 lianae
2319 2974 2484 3038 5063,
2525 2974 2617 3044 qui
2655 2981 2740 3028 est
2777 2969 2987 3026 Christi
3014 2983 3240 3023 ccum.
3275 2966 3384 3023 Cur
3418 2975 3576 3020 autem
3601 2963 3653 3016 ad

2133 3066 2793 3137 Constantinopolitanum
2843 3068 3160 3132 computum
3225 3059 3411 3130 cyclus
3457 3055 3652 3111 undecu-

2128 3159 2393 3230 plantium
2421 3174 2450 3212 a
2478 3157 2638 3213 nobis
2678 3155 2971 3220 referatur,
3005 3167 3250 3222 sequens
3279 3156 3439 3220 caput
3469 3147 3652 3217 aperiet.

2197 3253 2412 3306 Rursus
2461 3258 2798 3321 proponatur
2850 3261 3029 3302 annus
3088 3245 3208 3309 ille.
3267 3243 3361 3316 qui
3405 3244 3455 3298 in
3505 3239 3654 3298 eadem

2129 3342 2305 3411 prima
2330 3339 2844 3396 etmeadecaeteride
2867 3339 3078 3409 cyclum
3109 3345 3227 3390 tam
3269 3335 3401 3391 solis
3424 3349 3566 3405 quam
3595 3333 3653 3385 lu-

2128 3447 2212 3488 nae
2248 3449 2333 3487 va
2380 3433 2562 3487 habet.
2611 3430 2711 3485 Hic
2747 3432 2852 3486 erit
2896 3443 3075 3484 annus
3112 3421 3654 3496 ConstantinOpolitani

2129 3524 2370 3594 computi
2402 3523 2544 3578 5868
2594 3537 2690 3592 per
2722 3535 2987 3576 canonem
3024 3536 3083 3574 ιιι
3131 3520 3336 3590 capitis
3379 3514 3655 3586 superioris.

2129 3614 2420 3670 Terminus
2469 3613 2751 3668 Paschalis
2792 3621 2876 3668 est
2926 3611 3130 3682 Aprilis
3172 3626 3315 3675 xvn,
3357 3621 3508 3678 quam
3541 3605 3655 3660 diem

2129 3715 2338 3762 sextam
2361 3705 2628 3760 decimam
2656 3720 2753 3776 pro
2785 3719 2876 3759 xtv
2904 3711 3230 3774 computant
3255 3699 3653 3769 undecuplantcs,

2129 3806 2188 3852 ut
2230 3805 2314 3852 est
2343 3797 2398 3852 iu
2433 3796 2662 3852 sinistro
2704 3796 2989 3851 laterculo.
3024 3793 3388 3864 Experiamur
3415 3807 3502 3862 per
3531 3803 3654 3844 scru-

2130 3889 2396 3958 pulariam
2435 3887 2773 3944 methodum.
2815 3887 3014 3958 Cyclus
3052 3887 3186 3943 solis
3221 3903 3311 3941 xvi
3345 3886 3398 3939 in
3441 3888 3653 3949 computo

2128 3978 2758 4049 Constantinopolitano,
2796 3986 2880 4033 est
2913 3978 3194 4032 Romanus
3237 3993 3270 4031 v
3301 3991 3397 4047 per
3427 3985 3652 4029 canonem

2127 4085 2192 4126 ιι.
2239 4071 2380 4142 Ergo
2420 4086 2601 4126 annus
2634 4079 2718 4125 est
2751 4070 3038 4126 bisextilis.
3090 4066 3216 4124 ideo
3261 4085 3292 4123 a
3323 4065 3558 4122 Kalendis
3582 4060 3652 4115 Ja-

2129 4163 2306 4217 nuarii
2336 4170 2696 4218 numerantur
2725 4162 2843 4218 dies
2878 4161 3000 4227 108,
3036 4178 3144 4216 non
3177 4161 3297 4217 107.
3329 4159 3504 4214 Ductis
3527 4153 3580 4210 l6
3610 4153 3652 4206 in

2133 4255 2190 4309 11
2242 4257 2376 4309 liunt
2419 4255 2536 4310 dies
2582 4253 2704 4319 176,
2749 4255 2840 4324 qui
2886 4269 3010 4308 cum
3057 4253 3160 4308 108
3204 4253 3337 4307 dant
3378 4249 3496 4314 284;
3529 4259 3651 4301 scru-

2128 4347 2254 4418 pula
2306 4345 2409 4400 108
2475 4360 2600 4400 cum
2653 4348 2742 4408 90,
2799 4361 2918 4416 qua:
2962 4345 3294 4415 colliguntur
3346 4338 3573 4398 ductisS
3609 4335 3650 4389 in

2053 4452 2101 4511 ο
2129 4439 2218 4501 16,
2247 4436 2487 4492 elliciunt
2527 4437 2645 4492 dies
2673 4437 2740 4504 3;
2779 4448 2833 4492 et
2873 4445 3130 4508 praeterea
3177 4435 3530 4506 scxagesimas
3569 4428 3650 4482 17:

2130 4527 2328 4598 quibus
2357 4528 2638 4598 neglectis,
2684 4537 2740 4582 et
2785 4529 2996 4598 adjecto
3048 4527 3234 4582 triduo
3276 4527 3342 4581 ad
3395 4525 3505 4580 dies
3547 4520 3650 4580 284.

2129 4635 2452 4689 summaque
2503 4620 2608 4674 9.87
2655 4637 2752 4691 per
2804 4621 2872 4676 50
2922 4621 3249 4683 distributa,
3309 4620 3654 4686 relinquuntur

2127 4713 2244 4768 dies
2273 4713 2360 4767 17.
2400 4711 2634 4768 Proinde
2673 4713 2876 4783 Aprilis
2906 4729 3018 4768 xvn
3051 4714 3178 4768 luna
3217 4719 3335 4767 erat
3364 4710 3558 4765 decima
3581 4719 3654 4760 se-

2127 4804 2314 4874 ptima.
2345 4802 2576 4874 Propter
2608 4805 2908 4860 hisextilem
2944 4805 3124 4874 itaque
3160 4803 3333 4865 diem,
3365 4799 3604 4855 terminus
3626 4807 3651 4845 ιι

2125 4911 2237 4950 xvu
2287 4897 2374 4952 die
2401 4897 2601 4968 Aprilis
2626 4896 2694 4951 ad
2731 4913 2817 4952 xvl
2850 4897 3227 4953 retrahebatur
3251 4915 3266 4950 :
3297 4910 3415 4964 qua:
3440 4905 3552 4946 cum
3577 4902 3651 4942 es-

2126 4996 2208 5043 set
2234 4987 2429 5055 feriat,
2457 4987 2664 5044 Pascha
2697 4989 2751 5043 in
2783 5005 2917 5043 χχιιι
2943 4988 3084 5044 diem
3113 4987 3522 5045 diﬂ‘undebatur,
3549 4991 3650 5050 qua

2124 5085 2242 5132 erat
2272 5077 2399 5132 luna
2429 5094 2585 5142 xxnt,
2628 5078 2695 5133 de
2717 5093 2824 5149 qua
2857 5094 2918 5133 re
2965 5077 3099 5132 nihil
3138 5092 3236 5132 nos
3278 5075 3532 5129 Maximus
3565 5069 3648 5120 do-

2124 5165 2236 5220 cuit
2258 5183 2270 5218 :
2291 5168 2383 5236 qui
2417 5167 2683 5223 bisextilis
2731 5168 2837 5222 diei
2876 5167 3141 5222 rationem
3170 5167 3290 5220 illos
3317 5165 3507 5218 habere
3533 5156 3650 5213 scri-

2124 5258 2267 5328 psit;
2313 5265 2368 5312 et
2395 5259 2610 5330 quoties
2644 5266 2863 5328 propter
2887 5258 3067 5328 ipsum
3105 5256 3367 5312 terminus
3408 5254 3460 5306 in
3489 5251 3645 5303 lunam

2124 5366 2192 5404 xv
2222 5350 2452 5403 incurrit
2489 5348 2620 5404 feria
2665 5349 2860 5419 prima,
2903 5349 3050 5404 hunc
3090 5363 3288 5402 annum
3331 5359 3436 5399 uno
3470 5343 3646 5411 puncto

2123 5440 2325 5496 notari.
2360 5439 2518 5505 Nam,
2560 5456 2685 5494 cum
2728 5441 2855 5495 luna
2888 5449 2972 5496 est
3013 5455 3123 5502 xvt,
3149 5449 3464 5511 quacunque
3505 5429 3550 5484 id
3591 5441 3644 5480 ex

2123 5548 2291 5589 causa
2321 5534 2434 5596 ﬁat,
2462 5534 2662 5603 triplici
2691 5543 2890 5604 puncto
2912 5534 3242 5603 designatur.
3276 5529 3451 5598 Quare
3477 5521 3647 5594 triplex

2123 5632 2386 5695 punctum
2415 5639 2560 5678 anno
2591 5627 2665 5678 illi
2700 5626 3049 5681 tribuendum
3073 5634 3210 5680 erat.

2197 5715 2278 5771 Ex
2315 5714 2402 5772 bis
2456 5716 2680 5774 evidens
2732 5725 2814 5773 est
2861 5717 3214 5774 ballucinatio
3259 5707 3527 5782 Scaligcri,
3569 5699 3645 5772 qui
