3948 6264
343 301 488 358 ηδτ

1369 295 1832 353 DISSERTATIO
1863 295 1950 352 DE
1986 293 2395 353 CRECORUM
2432 292 2636 350 ERIS.

3443 297 3580 351 ιιειι

341 413 817 484 undecuplantium
847 411 996 467 illum
1028 411 1240 483 cyclum
1279 411 1557 481 explicans
1587 412 1706 482 (lib.
1747 428 1786 466 ιι
1838 410 1915 464 De
1943 417 1990 472 Α
2019 409 2295 479 congruit.
2341 407 2620 487 §iquidem
2660 422 2835 464 annus
2864 407 3072 478 primus
3102 422 3224 462 ara
3258 405 3580 465 Christiana:

339 504 590 575 emend.'),
613 505 808 560 asserit
833 520 953 570 eos,
975 505 1190 575 quoties
1217 504 1428 560 decima
1460 512 1660 574 quarta
1680 503 1915 560 Pascha-

341 598 407 654 lis
436 598 737 668 putabatur.
757 596 968 651 decima
1002 603 1179 659 sexta,
1211 597 1258 653 si
1288 597 1344 651 in
1389 596 1688 652 secundam
1721 595 1912 650 feriam

339 692 681 752 incurreret,
739 687 1096 744 antecedente
1157 687 1440 742 Dominica
1496 687 1705 744 Pascha
1768 686 1912 742 cele—

341 785 552 848 brasse,
583 783 711 836 luna
741 781 984 851 ipsorum
1018 797 1108 842 xv,
1139 779 1360 836 Nicaena
1385 795 1509 845 xm,
1533 781 1676 850 quod
1700 787 1786 834 est
1813 777 1913 833 fal-

344 873 624 930 sissimum
644 891 660 940 ;
679 883 734 927 et
757 872 1094 928 contrarium
1122 871 1330 928 diserte
1352 871 1624 928 Maximus
1653 871 1912 937 aliirmat;

344 963 599 1018 nimirum
631 963 759 1017 luna
788 962 939 1032 ipsos
972 976 1108 1027 χιιι,
1137 968 1192 1016 et
1221 961 1411 1017 eodem
1438 961 1550 1029 die,
1579 975 1690 1032 quo
1714 959 1915 1016 Catho-

345 1055 502 1116 licos,
533 1053 742 1108 Pascha
777 1067 939 1108 suum
967 1051 1202 1120 obiisse;
1238 1053 1342 1108 sed
1372 1052 1685 1110 Catholicos
1727 1054 1914 1108 lunam

344 1162 414 1199 x-x
449 1159 787 1206 numerasse,
817 1159 981 1213 quam
1030 1143 1123 1198 isti
1154 1143 1320 1199 biduo
1354 1145 1588 1215 amplius
1629 1146 1910 1215 putabant.

339 1237 476 1291 Cum
532 1247 714 1291 autem
765 1236 894 1290 luna
948 1251 1047 1290 xvt
1085 1236 1144 1290 in
1188 1235 1526 1292 Dominicam
1579 1237 1912 1302 incurrebat,

343 1328 563 1399 utrique
589 1330 646 1383 in
685 1340 1001 1398 sequentem
1050 1329 1384 1384 Dominicam
1415 1329 1624 1386 Pascha
1651 1344 1912 1400 proroga-

341 1421 504 1481 bant;
554 1435 713 1490 quam
769 1421 1206 1492 undecuplantes
1250 1422 1434 1476 lunam
1483 1436 1606 1478 esse
1658 1421 1912 1476 volebant

341 1526 503 1576 nm,
533 1511 810 1567 Catholici
834 1529 944 1565 xxi.

935 1667 1167 1725 CAPUT
1202 1667 1318 1724 XV.

347 1779 797 1849 Undecuplatores
834 1779 957 1834 illos
995 1777 1058 1833 de
1085 1778 1272 1848 quibus
1321 1778 1426 1846 agit
1458 1776 1748 1849 Magimus,
1784 1791 1912 1849 usos

409 1868 520 1905 esse
550 1846 791 1919 computo
821 1846 1428 1918 Constantinopolitano,
1453 1858 1502 1903 et
1537 1846 1794 1919 Victorini
1823 1862 1913 1898 seu

411 1915 724 1974 Latinorum
752 1919 1010 1982 methodo,
1037 1921 1113 1971 ita
1150 1915 1323 1972 tamen
1361 1931 1416 1972 ut
1461 1936 1492 1971 a
1523 1915 1914 1971 Catliolicorum

412 1991 654 2044 instituto
688 2007 791 2042 non
832 1989 1191 2052 abhorrerent,
1234 1999 1414 2044 contra
1443 2004 1598 2058 quam
1641 1985 1912 2040 Maximus

409 2071 459 2114 et
486 2060 728 2130 Scaliger
749 2059 995 2114 arbitrati
1021 2069 1164 2114 sunt.

329 2186 333 2188 ’
415 2193 549 2248 Dum
582 2193 844 2248 attentius
865 2208 928 2248 ea
959 2199 1388 2263 perscrutamur,
1427 2203 1548 2261 quae
1569 2189 1638 2245 de
1666 2187 1911 2244 undecu-

339 2285 643 2355 platoribus
666 2285 789 2340 istis
818 2283 1086 2339 Maximus
1116 2282 1300 2346 refert,
1329 2281 1472 2337 haud
1495 2281 1736 2352 vulgaria
1766 2295 1915 2351 qua:-

338 2378 468 2440 dain
516 2376 1030 2443 animadvertimus;
1061 2392 1235 2446 neque
1268 2373 1525 2438 Maximo,
1559 2382 1619 2428 ut
1652 2380 1910 2443 apparet,

340 2469 446 2539 ipsi
481 2469 735 2542 cognita;
771 2485 948 2540 neque
997 2467 1300 2538 Scaligero,
1343 2466 1435 2537 qui
1477 2465 1770 2520 Maximum
1814 2480 1912 2519 ex-

333 2563 540 2633 plicare
571 2569 802 2618 conatus
839 2569 922 2619 est
967 2582 980 2617 :
1031 2571 1086 2616 et
1125 2562 1191 2616 ad
1219 2559 1468 2616 Graecum
1496 2567 1810 2631 computum
1849 2559 1916 2614 il-

334 2653 679 2708 lustrandum
708 2654 974 2723 imprimis
1007 2654 1178 2708 utilia.
1208 2653 1320 2708 Hoc
1343 2652 1510 2723 igitur
1533 2652 1916 2708 observatione

328 2747 536 2802 sedula.
559 2748 922 2816 comperimus
951 2767 964 2802 :
999 2747 1456 2816 undecuplatores
1496 2745 1620 2800 illos
1659 2752 1915 2801 auctores

333 2838 510 2894 luisse
539 2837 780 2908 computi
823 2838 1052 2894 alterius
1080 2836 1378 2903 e,duobus,
1407 2851 1569 2907 quem
1599 2834 1914 2889 Constanti-

331 2929 714 2999 nopolitanum
759 2930 1197 2996 nominavimus;
1258 2929 1352 3001 qui
1409 2942 1535 2982 terre
1587 2925 1914 2982 Christianae

334 3021 573 3089 primum
624 3036 827 3074 annum
875 3019 1034 3076 oll‘ert
1079 3021 1134 3074 in
1191 3036 1278 3083 eo.
1329 3021 1422 3090 qui
1457 3027 1542 3074 est
1589 3018 1658 3073 ab
1706 3017 1913 3071 Adamo

334 3111 474 3167 5509
499 3128 512 3163 :
544 3111 689 3182 quod
722 3112 918 3183 partim
948 3128 1015 3168 ex
1045 3112 1214 3184 cyclis
1243 3112 1378 3167 solis
1410 3121 1464 3167 et
1490 3111 1632 3166 lunae
1660 3149 1675 3174 ,
1710 3109 1909 3180 partim
1937 3097 1982 3156 C

334 3220 400 3258 ex
428 3219 693 3258 annorum
728 3219 954 3259 numero
984 3213 1133 3260 certo
1162 3203 1458 3274 colligitur.
1505 3202 1710 3258 Scribit
1739 3201 1912 3256 Maxi-

335 3313 457 3353 mus
484 3296 667 3365 capite
688 3295 759 3350 XI
789 3295 1039 3367 partisJ,
1068 3298 1280 3368 cyclum
1306 3297 1468 3362 lunae,
1501 3312 1663 3368 quem
1698 3297 1776 3351 illi
1806 3313 1910 3351 nu-

334 3396 549 3444 merant
575 3405 656 3452 xt,
693 3404 817 3443 eum
854 3403 976 3443 esse
1007 3403 1168 3457 quem
1199 3388 1314 3458 ipse
1349 3397 1633 3458 computat
1664 3404 1792 3452 xlv;
1827 3388 1911 3442 lu-

334 3486 488 3538 naris
541 3482 728 3550 cyclus
780 3478 999 3534 Maximi
1041 3479 1184 3534 idem
1234 3487 1318 3535 est
1360 3495 1486 3532 cum
1531 3479 1799 3544 Romano,
1851 3489 1912 3533 ut

336 3588 505 3646 supra
537 3571 1049 3629 demonstravimus.
1081 3568 1248 3642 Igitur
1275 3571 1463 3643 cyclus
1494 3570 1703 3639 primus
1737 3570 1910 3624 unde-

336 3666 682 3735 cuplaturum
718 3672 802 3720 est
846 3661 1148 3728 Romanus,
1184 3663 1269 3718 vel
1300 3662 1514 3717 Maximi
1558 3671 1814 3732 quartus;
1854 3671 1910 3716 et

332 3757 547 3825 primus
577 3755 796 3810 Maximi
837 3762 922 3810 est
959 3755 1205 3810 decimus
1236 3755 1502 3824 septimus
1528 3753 1766 3808 illorum.
1802 3753 1908 3824 lgi-

332 3855 423 3902 tur
469 3851 659 3920 cyclus
704 3847 913 3902 lunaris
957 3846 1450 3916 undecuplatorum
1494 3855 1578 3902 est
1611 3847 1751 3902 idem
1781 3862 1906 3902 cum

329 3937 668 4002 Judmorum,
727 3952 792 3991 ac
839 3935 1127 4000 Victorini,
1178 3953 1274 3992 seu
1328 3935 1644 3991 Latinorum
1699 3938 1902 4008 cyclo:

329 4047 496 4100 quem
524 4045 646 4084 esse
676 4028 1109 4084 docuimusaerze
1130 4029 1749 4099 Constantinopolitanae
1780 4045 1901 4100 pro-

330 4121 533 4190 prium.
565 4120 757 4174 Annus
800 4119 1012 4189 primus
1061 4135 1184 4174 sane
1229 4118 1556 4174 Christianze
1602 4118 1902 4174 Romanum

329 4211 548 4282 cyclum
589 4207 796 4272 habuit,
834 4209 966 4264 solis
1001 4225 1066 4276 x,
1091 4210 1234 4263 lunae
1275 4225 1334 4263 ιι.
1381 4211 1570 4264 Annus
1624 4209 1762 4264 5509
1811 4210 1902 4264 dat

329 4301 546 4372 cyclum
577 4299 851 4365 solisxxr,
878 4300 1018 4354 lutm
1052 4315 1204 4354 xvm.
1239 4298 1434 4355 Annus
1463 4317 1591 4355 vero
1622 4301 1780 4364 5495,
1814 4317 1904 4356 so-

329 4390 399 4447 lis
424 4407 480 4454 v,
528 4391 670 4444 luna:
703 4404 764 4443 ιι.
806 4387 880 4443 Ita
933 4389 1144 4445 lunaris
1172 4391 1359 4461 cyclus
1404 4389 1902 4460 Constantinopoli-

328 4482 444 4535 tani
501 4481 739 4551 computi
791 4478 960 4536 distat
1016 4497 1046 4534 a
1112 4480 1360 4537 Romano
1412 4491 1466 4537 et
1511 4482 1898 4548 Alexandrino,

328 4589 493 4643 quem
529 4572 794 4629 Maximus
840 4581 1091 4643 usurpat,
1124 4573 1397 4640 sedecim;
1431 4574 1506 4628 ita
1552 4583 1609 4628 ut
1656 4575 1901 4632 decimus

329 4667 599 4739 septimus
649 4665 1294 4737 Constantinopolitanus
1349 4681 1475 4721 cum
1533 4667 1900 4723 Alexandrino

330 4760 509 4828 primo
541 4759 1081 4830 concurrat..Cyclus
1118 4774 1250 4814 vero
1279 4759 1476 4816 solaris
1511 4759 1899 4816 Constantino-

328 4850 606 4920 politanus
653 4849 1021 4905 Alexandrino
1069 4852 1248 4904 minor
1293 4857 1376 4904 est
1427 4848 1754 4916 duodecim,
1797 4853 1899 4908 hoc

327 4951 414 4997 est
443 4941 653 5011 primus
693 4941 859 5006 illius,
892 4941 1056 5010 hujus
1092 4949 1175 4996 est
1201 4941 1445 4996 decimus
1479 4944 1692 4998 tertius.
1718 4944 1898 5010 Quare

325 5049 456 5087 cum
505 5033 643 5105 cycli
678 5031 1029 5086 Alexandrini
1070 5033 1268 5089 solaris
1305 5035 1521 5102 primus
1563 5033 1635 5088 sit
1665 5033 1911 5089 Romani-

330 5130 544 5188 sextus,
587 5123 1337 5193 Constantinopolitani.cycli
1373 5124 1594 5194 primus.
1622 5123 1726 5178 erit
1749 5135 1906 5177 octa-

329 5230 432 5270 vus
456 5216 702 5270 decimus
730 5215 956 5268 Romani
990 5232 1005 5280 ;
1036 5230 1155 5284 quae
1181 5217 1377 5269 omnia.
1410 5214 1892 5284 undecuplatorutn

329 5307 486 5375 cyclo
533 5315 868 5375 competunt,
906 5317 966 5360 ut
990 5306 1212 5360 minime
1251 5305 1472 5360 dubium
1511 5307 1584 5362 sit
1629 5307 1895 5362 Constan-

329 5396 750 5466 tinopolitauum
783 5405 1098 5467 computum
1126 5396 1250 5452 illos
1284 5397 1542 5453 tenuisse.

400 5526 668 5584 Praeterea
700 5530 844 5600 quod
870 5528 1136 5583 Maximus
1159 5530 1255 5593 ait,
1283 5528 1350 5583 ad
1380 5545 1552 5585 annos
1580 5530 1772 5585 Adami
1797 5531 1892 5585 ad-

329 5613 537 5673 didisse
573 5617 695 5674 illos
743 5617 1000 5682 sedecim,
1041 5619 1411 5688 conjecturam
1447 5628 1686 5675 nostram
1731 5621 1891 5676 unice

331 5710 636 5788 condi-mat.
669 5710 782 5767 Hoc
817 5711 959 5768 enim
1003 5711 1604 5783 Constantinopolitano
1636 5720 1890 5784 computo

2013 502 2069 556 in
2102 500 2470 556 Alexandrino
2494 507 2811 555 numeratur
2833 499 3010 566 5493;
3045 501 3099 554 in
3124 499 3583 572 Constantinopoo

2015 593 2206 660 litano,
2250 591 2410 648 5509.
2446 590 2794 646 Intervallum
2826 594 2952 647 anni
2992 609 3102 648 xvr.
3148 591 3286 648 Hinc
3315 595 3476 649 ctiam
3516 595 3584 649 il-

2014 685 2106 741 Iud
2143 693 2391 756 apparet,
2427 699 2612 740 verum
2645 685 2698 739 id
2730 700 2853 740 esse
2882 685 3027 755 quod
3071 697 3192 741 ante
3231 702 3425 742 sumus
3449 687 3581 741 odo'

2013 776 2140 840 rati,
2177 791 2341 846 quam
2385 775 2454 832 de
2486 775 2976 847 undecuplatorum
3011 777 3164 848 cyclo
3193 777 3286 832 illo
3315 778 3582 848 cogitare-

2014 885 2156 935 mus,
2181 869 2840 938 Constantinopolitanum
2864 877 3177 939 computum
3203 869 3270 924 ad
3291 869 3580 936 Victorini,

2015 962 2130 1017 sive
2158 960 2490 1017 Latinorum
2511 960 2846 1027 methodum,
2874 967 2929 1016 et
2955 959 3240 1016 Judaicum
3263 964 3474 1034 cyclum
3503 964 3582 1017 lu-

2014 1068 2203 1110 narem
2239 1053 2706 1110 accommodatum
2743 1067 2776 1107 s
2818 1053 3020 1110 Cra-cis
3049 1053 3236 1110 fuisse.
3269 1054 3402 1110 Cum
3435 1056 3582 1111 enim

2016 1145 2231 1201 lunaris
2257 1145 2363 1200 hoc
2395 1145 2584 1217 cyclus
2619 1145 2735 1216 ipse
2769 1145 3078 1215 persuadet,
3104 1154 3218 1200 tum
3251 1147 3397 1216 quod
3429 1161 3459 1201 a
3487 1147 3580 1202 Ja-

2015 1237 2196 1292 nuarii
2233 1236 2490 1292 Kalendis
2519 1237 2805 1291 ratiocinia
2832 1235 2974 1290 lunae
3007 1237 3366 1302 deducerent,
3409 1247 3469 1293 ut
3503 1247 3586 1294 te-

2013 1336 2194 1386 statur
2225 1328 2532 1384 Maximus:
2559 1329 2703 1400 quod
2736 1335 2790 1383 et
2835 1325 3056 1384 Latinos
3103 1330 3406 1387 instituisse
3440 1331 3586 1386 Beda

2011 1426 2282 1474 memorat
2339 1419 2437 1475 lib.
2483 1417 2560 1473 De
2621 1429 2910 1488 temporum
2956 1419 3160 1474 ratione
3201 1435 3321 1490 cap.
3370 1419 3584 1486 LlV,et

2014 1509 2326 1567 Victorinus
2365 1512 2482 1582 ipse
2515 1510 2568 1566 in
2600 1508 2923 1568 Praelatione
2951 1512 3018 1567 ad
3067 1511 3328 1568 Hilarium
3361 1530 3576 1585 papam,

2013 1616 2178 1672 quam
2209 1603 2266 1656 in
2309 1612 2455 1658 torno
2483 1602 2526 1656 ll
2557 1601 2634 1656 De
2663 1601 2904 1656 doctrina
2939 1613 3225 1672 temporum
3279 1603 3578 1670 edidimus;

2016 1695 2156 1749 adeo
2192 1701 2255 1748 ut
2297 1693 2552 1749 Kalendae
2590 1691 2864 1749 Ianuariae
2897 1709 3072 1750 canon
3115 1694 3278 1750 fuerit
3300 1694 3582 1754 Paschalis

2016 1786 2268 1857 sysygiae.
2301 1783 2526 1840 Accedit
2550 1793 2605 1840 et
2644 1786 2832 1857 cyclus
2864 1787 3000 1856 ipse,
3034 1802 3144 1858 quo
3179 1789 3261 1842 usi
3309 1789 3387 1842 illi
3430 1798 3582 1854 sunt,

2015 1890 2282 1932 annorum
2332 1890 2537 1939 nxxxn,
2585 1877 2745 1946 cujus
2805 1877 3053 1932 inventor
3110 1878 3211 1934 fuit
3244 1878 3582 1939 Victorinus.

2016 1965 2173 2022 Unde
2205 1967 2503 2023 verisimile
2549 1966 2606 2022 ﬁt
2651 1984 2680 2021 a
2727 1967 2937 2025 Latinis
2977 1977 3148 2025 totum
3199 1972 3331 2027 illud
3363 1972 3584 2034 Graecos

2012 2074 2138 2114 esse
2166 2066 2442 2116 mutuatos
2482 2059 2585 2114 sub
2620 2066 2830 2114 artatem
2881 2059 3121 2116 Maximi.
3159 2060 3237 2117 Ex
3265 2080 3374 2134 quo
3402 2075 3456 2120 et
3479 2067 3583 2124 hoc

2015 2149 2262 2220 πόρισμα
2311 2155 2600 2220 sequitur,
2644 2158 2793 2206 recte
2847 2166 2948 2208 nos
3003 2161 3195 2208 contra
3243 2153 3582 2226 Scaligerum

2017 2241 2378 2310 pertendisse,
2400 2241 3069 2313 Constantinopolitanam
3088 2259 3250 2299 seram
3277 2245 3436 2315 longe
3456 2263 3582 2305 esse

2018 2335 2400 2401 recentiorem,
2429 2351 2591 2405 quam
2625 2343 2718 2390 aut
2751 2335 3022 2392 Panodori
3049 2353 3316 2394 annorum
3349 2340 3488 2396 5492
3511 2343 3578 2397 ad

2017 2424 2294 2482 Christum
2361 2442 2569 2498 usque,
2628 2435 2725 2481 aut
2777 2426 3021 2483 Africani
3087 2444 3354 2484 annorum
3417 2431 3577 2488 5500.

2015 2515 2227 2588 Quippe
2269 2517 2537 2574 Maximus
2580 2519 2660 2575 sic
2688 2521 2755 2574 de
2783 2521 3265 2590 computatorihus.
3289 2521 3457 2587 hisce,
3483 2521 3578 2592 qui

2016 2623 2104 2662 xvr
2135 2607 2203 2661 ad
2229 2622 2394 2664 agram
2434 2606 2628 2662 Adami
2662 2606 3001 2678 adjecerunt,
3027 2611 3184 2680 quasi
3209 2611 3277 2667 de
3311 2613 3576 2667 recentio-

2015 2698 2170 2754 ribus
2191 2705 2247 2754 et
2275 2698 2574 2769 aequalibus
2602 2715 2740 2770 pene
2769 2700 2908 2767 suis,
2937 2701 3180 2772 loquitur

2087 2792 2220 2857 Quae
2250 2806 2374 2846 cum
2413 2791 2488 2846 ita
2529 2792 2673 2856 sint,
2712 2791 2780 2848 de
2821 2791 3336 2862 undecuplatoribus
3365 2796 3485 2852 istis
3514 2811 3576 2851 es

2016 2882 2363 2954 intelligenda
2398 2892 2530 2939 sunt
2557 2885 2740 2939 omnia
2761 2923 2778 2947 ,
2812 2900 2934 2956 quae
2965 2887 3145 2956 capite
3181 2888 3340 2942 tertio
3372 2889 3439 2943 de
3467 2903 3576 2943 aera

2013 2974 2613 3046 Constantinopolitana
2650 2977 3011 3048 scripsimus;
3051 2979 3427 3052 imprimisque
3496 2983 3574 3038 sic

2014 3069 2137 3124 illos
2174 3084 2206 3123 a
2241 3066 2483 3135 Latinis,
2525 3077 2619 3124 aut
2653 3068 2855 3128 Iudaeis
2893 3071 3140 3128 lunarem
3195 3072 3408 3145 cyclum
3447 3089 3573 3130 mu»

2013 3167 2191 3216 tuatos
2221 3175 2378 3224 esse,
2413 3172 2475 3232 ut
2510 3175 2699 3216 eorum
2735 3161 2791 3216 in
2821 3160 3087 3218 Paschate
3121 3164 3446 3219 celebrando
3481 3179 3571 3220 ne.

2010 3266 2283 3322 quaquam
2325 3251 2674 3308 imitarentur
2703 3268 2952 3318 errores,
2989 3255 3083 3311 sed
3121 3270 3246 3310 cum
3276 3255 3576 3314 Catholicis

2010 3344 2261 3401 eumdem
2295 3343 2438 3400 diem
2475 3344 2821 3400 obtinerent:
2865 3346 2968 3402 hoc
3005 3363 3116 3402 uno
3153 3347 3570 3420 discrepantes.

2009 3437 2152 3506 quod
2193 3434 2550 3504 epilogismos
2588 3435 3037 3501 neomeniarum,
3091 3437 3176 3492 vel
3213 3437 3570 3492 terminorum

2009 3525 2165 3580 aliter
2199 3524 2570 3582 instituerent.
2601 3525 2682 3580 Ac
2708 3526 2997 3582 vehemens
3024 3535 3109 3583 est
3141 3527 3416 3597 suspicio,
3448 3527 3571 3584 illos

2008 3614 2246 3670 methodi
2289 3622 2501 3670 tantum
2539 3615 2748 3686 gratia,
2787 3622 2842 3670 et
2878 3625 2935 3670 ut
2968 3617 3244 3672 veriorem.
3277 3618 3420 3674 lunae
3453 3621 3564 3674 cal.

2007 3707 2192 3760 culum
2233 3713 2681 3776 assequerentur,
2722 3706 3118 3775 scrupulariam
3156 3708 3316 3764 istam
3353 3707 3566 3764 ratiun-

2007 3798 2184 3852 culam
2231 3796 2568 3867 adjunxisse.
2603 3795 2739 3851 Nam
2774 3811 2901 3852 cum
2936 3812 2967 3850 a
2999 3797 3236 3861 .ludaais,
3271 3805 3364 3852 aut
3395 3807 3564 3855 astro-

2006 3891 2236 3946 nomicis
2267 3890 2468 3945 tabulis
2497 3889 2891 3960 intelligerent,
2919 3889 3195 3944 novilunia
3217 3888 3564 3945 Paschalilms

2004 3995 2126 4035 esse
2166 3979 2468 4034 neomeniis
2509 3978 2820 4044 anteriora,
2871 3980 2952 4034 sic
2999 3986 3059 4033 ut
3100 3993 3178 4032 eae
3224 3978 3278 4033 in
3321 3978 3563 4035 lunarem

2005 4069 2199 4138 φάσιν,
2231 4070 2333 4124 boc
2357 4076 2442 4124 est
2473 4068 2766 4125 secundam
2797 4069 2979 4123 lunam
3014 4069 3316 4124 inciderent
3341 4086 3356 4135 ;
3383 4078 3438 4126 et
3457 4078 3561 4126 ter-

2003 4161 2136 4215 mini
2161 4200 2178 4226 ,
2209 4161 2326 4217 sive
2349 4171 2558 4231 quarta:
2586 4161 2813 4217 decimas
2846 4163 2901 4215 in
2935 4161 3232 4232 plenilunia
3266 4161 3380 4219 fere
3411 4162 3561 4218 cade-

2007 4260 2128 4307 rent
2153 4273 2166 4307 :
2195 4252 2340 4322 quod
2367 4251 2586 4307 Maximi
2610 4253 2810 4308 saeculo
2839 4252 3180 4323 potissimum
3220 4253 3560 4308 animadver-

2004 4359 2121 4398 sum
2163 4352 2286 4399 est:
2325 4343 2588 4398 rationem
2623 4344 2862 4414 aliquant
2901 4344 3038 4400 inire
3058 4345 3560 4417 studuerunt;_qua

1934 4435 1977 4489 D
2005 4441 2219 4488 aetatem
2243 4435 2389 4489 lunae
2412 4435 2729 4490 accuratius
2746 4435 3014 4500 redderet,
3034 4451 3263 4506 qumque
3281 4438 3560 4503 terminos,

2003 4527 2120 4581 sive
2142 4526 2389 4583 Nicrenas
2409 4526 2929 4598 quartasdeoimas,
2958 4529 3013 4582 in
3033 4529 3258 4598 quintas
3290 4527 3558 4586 decimas.

2001 4617 2309 4686 cujusmodi
2335 4617 2446 4672 fere
2467 4625 2581 4670 tum
2608 4626 2800 4684 erant,
2824 4627 3206 4676 commutaret.
3231 4620 3312 4677 Ad
3336 4621 3388 4676 id
3409 4637 3540 4678 sexa

2000 4709 2335 4780 gesimarum
2356 4709 3018 4780 epilogismoscommenti
3041 4722 3169 4769 sunt
3191 4714 3310 4783 ;qui
3329 4729 3440 4769 uno
3454 4713 3557 4770 die.

1999 4799 2082 4853 vel
2112 4798 2297 4853 biduo.
2319 4814 2590 4855 summam
2625 4809 2908 4871 angerent.
2968 4800 3043 4856 De
3080 4802 3181 4857 bac
3221 4801 3564 4873 μεταπτώσει

1998 4891 2442 4953 noviluniorum,
2498 4907 2562 4946 ac
2611 4893 3018 4946 neomeniarum
3063 4892 3407 4948 Paschalium
3446 4893 3565 4951 fusa

1997 4981 2398 5051 disputavimus
2430 4982 2484 5036 in
2513 4981 2555 5036 V
2584 4982 2655 5036 De
2685 4982 2925 5037 doctrina
2947 4995 3268 5054 temporum,
3323 4987 3502 5055 capite
3542 4987 3553 5021 ‘

1995 5079 2050 5128 et
2078 5071 2320 5134 Xll|,ubi
2341 5071 2590 5128 Nicaanas
2623 5090 2747 5128 cum
2785 5075 2850 5128 iis
2887 5076 3244 5140 contulimus,
3276 5092 3398 5146 quas
3435 5076 3537 5132 Dio

1996 5163 2138 5234 nysii
2166 5163 2358 5235 Exigui
2386 5174 2629 5236 tempore
2660 5165 2898 5222 fuerunt.
2943 5167 3080 5221 Hinc
3123 5170 3293 5224 multa
3336 5169 3558 5225 dissolv-

1993 5257 2364 5326 explicarique
2401 5267 2671 5327 possunt,
2713 5274 2832 5328 quae
2866 5258 3128 5316 adversus
3171 5260 3544 5330 undecuplato-

1995 5363 2083 5404 res
2121 5363 2151 5402 a
2188 5348 2424 5404 Maximo
2461 5359 2516 5405 et
2556 5348 2834 5422 Scaligero
2872 5352 3240 5409 disseruntur.
3283 5353 3554 5425 Siquidem

1995 5440 2118 5496 illos
2138 5448 2290 5496 extra
2311 5441 2523 5511 culpam
2548 5451 2602 5496 et
2623 5443 3099 5512 reprehensionem
3122 5445 3294 5500 fuisse
3314 5455 3551 5501 constat.

1993 5534 2073 5596 si,
2102 5546 2222 5603 quae
2243 5541 2431 5588 nostra
2464 5534 2778 5604 conjectura
2808 5543 2926 5601 est,
2955 5536 3009 5590 id
3038 5551 3206 5590 unum
3238 5537 3294 5592 in
3326 5537 3418 5592 illa
3451 5553 3538 5593 me

1992 5624 2158 5679 tliodo
2185 5633 2502 5696 spectarunt
2522 5666 2538 5691 ,
2568 5635 2626 5681 ut
2652 5637 2901 5683 exactum
2926 5629 3067 5683 luna:
3087 5627 3359 5683 calculum
3384 5646 3536 5700 τεχνι

1993 5716 2139 5786 κῶς,
2176 5733 2241 5774 ac
2277 5718 2575 5788 μεθοδικῶς
2613 5720 2928 5788 traderent;
2967 5736 3072 5777 non
3110 5728 3168 5775 ut
3203 5720 3258 5776 in
3293 5719 3566 5776 Paschatc.
