3948 6264
456 283 594 342 1659

1528 285 1622 338 AD
1661 274 1929 339 EUSELit
1969 283 2360 338 CllltONlCON
2384 277 2755 341 VAPPENDIX.

3507 294 3626 356 1180

455 399 659 470 aliquid
689 407 1010 455 Innovarent
1037 419 1052 457 :
1087 401 1232 471 quod
1262 416 1356 457 eos
1387 401 1611 456 minime
1643 400 1837 459 fecisse
1869 402 2024 455 testis
2051 402 2096 458 Α
2123 402 2441 471 crepabant.
2484 403 2640 469 Quod
2679 406 2822 456 enim
2866 403 2931 457 de
2955 404 3077 457 luna
3099 420 3210 458 nu
3233 413 3285 460 et
3317 423 3437 462 xxm
3465 411 3624 470 iisdem

455 506 578 546 esse
629 498 807 559 potest
861 490 1137 547 Maximus
1163 492 1351 562 (ipse;
1397 492 1490 562 qui
1532 493 1586 546 id
1627 508 1836 558 unum,
1881 491 2026 561 quod

459 582 728 645 diximus,
769 592 1084 653 Oppugnat,
1123 599 1257 638 sane
1292 599 1401 638 non
1439 584 1683 655 xatptov;
1721 599 1822 640 nec
1861 585 2026 641 ulli-us

459 674 523 727 ad
559 673 769 728 Pascha
805 676 1062 730 momenti
1091 693 1106 741 ;
1141 675 1284 745 quod
1318 687 1601 745 perperam
1632 675 2026 745 serupulariam

460 761 606 818 illam
657 765 926 821 rationem
977 767 1446 822 administrarent.
1491 765 1668 836 Atque
1719 766 1824 821 hoc
1875 767 2026 838 ipsos

459 857 760 926 elegantius
793 856 971 913 facere
1005 859 1250 928 potuisse
1279 871 1390 911 non
1421 871 1592 927 nego;
1626 856 1722 912 sed
1755 857 1893 913 nihil
1921 859 2025 913 hoc

459 959 638 1004 tamen
670 948 967 1005 Catholicis
1000 951 1197 1004 ritibus
1228 949 1568 1005 adversatur.
1588 948 1721 1004 Nam
1742 951 1886 1020 quod
1909 965 2026 1005 mo—

460 1041 597 1094 leste
628 1040 733 1094 fert
762 1039 1029 1096 Maximus
1060 1041 1299 1111 quinque
1350 1042 1604 1111 scrupula
1643 1043 1800 1096 annis
1835 1042 2024 1112 singu—

460 1133 526 1187 lis
567 1132 823 1198 imputari
857 1133 924 1187 ad
958 1133 1303 1203 exemptilem
1341 1136 1803 1204 compensandum
1836 1133 1979 1188 diem
2005 1176 2021 1201 ,

462 1238 570 1278 non
613 1223 730 1278 hac
761 1225 875 1278 sola
921 1224 988 1279 de
1030 1237 1196 1279 causa
1246 1225 1300 1279 id
1346 1225 1468 1280 il-los
1499 1225 1806 1281 instituisse
1845 1233 2019 1297 puto;

457 1312 552 1366 sed
591 1321 649 1364 ut
682 1314 973 1367 terminum
1011 1322 1136 1367 eum
1173 1313 1434 1370 exactiori
1478 1324 1632 1371 astate
1666 1317 1808 1371 lunae
1839 1318 2024 1372 conci-

459 1403 674 1458 liarent.
715 1405 1079 1461 Nihilominus
1125 1413 1180 1460 et
1218 1415 1438 1476 propter
1474 1408 1615 1464 lunae
1663 1410 1860 1465 saltum
1901 1427 2024 1480 τεχ-

458 1493 623 1556 νικῶς
657 1495 909 1564 usurpari
944 1495 1117 1565 potuit
1145 1514 1157 1549 :
1191 1498 1644 1567 quemadmodum
1676 1500 1819 1555 Beda
1845 1503 2022 1572 capite

458 1587 548 1641 XL
572 1588 695 1642 libri
717 1588 796 1642 De
822 1591 1025 1645 ratione
1055 1601 1340 1662 temporum
1361 1594 1557 1648 saltum
1583 1593 1830 1649 eumdem
1855 1595 2018 1660 lunae,

457 1677 571 1731 sive
597 1677 738 1741 diem
765 1681 1142 1750 exemptitium
1187 1698 1281 1752 per
1309 1699 1399 1738 xix
1455 1698 1626 1739 annos
1670 1685 1806 1756 cycli
1865 1685 2020 1740 luna-

456 1769 534 1821 ris
567 1769 793 1834 dividit,
834 1781 891 1826 ut
923 1774 1180 1841 paulatim
1215 1789 1279 1828 ac
1311 1790 1407 1844 per
1458 1775 1792 1830 incrementa
1838 1777 2021 1847 justus

456 1856 562 1912 diei
611 1858 810 1914 modus
855 1875 1201 1929 progressum
1249 1863 1463 1916 habeat.
1507 1861 1716 1917 Etenim
1769 1879 2020 1935 magnam

454 1950 837 2019 scrupulorum
877 1952 1105 2007 istorum
1147 1962 1352 2023 partem
1388 1954 1702 2025 negligunt,
1738 1954 1814 2008 ait
1850 1954 2024 2010 Maxi-

456 2056 599 2095 mus.
655 2037 856 2096 Verum
902 2051 988 2098 est
1029 2043 1083 2097 id
1123 2044 1362 2114 quidem.
1409 2043 1541 2099 Nam
1584 2047 1732 2101 solos
1783 2047 2020 2116 integros

455 2132 576 2189 dies
603 2135 672 2189 ad
700 2150 968 2190 summam
993 2137 1440 2202 accommodant,
1465 2139 1729 2210 quidquid
1753 2140 2021 2210 reliquum

454 2234 541 2280 est
563 2225 632 2280 de
661 2226 1004 2293 ratiuncula,
1046 2227 1150 2283 etsi
1188 2227 1256 2281 ad
1285 2230 1568 2300 sexaginta
1610 2231 1832 2301 propius
1868 2247 2022 2287 acce-

456 2315 552 2370 dat
572 2355 588 2382 ,
621 2318 839 2387 penitus
871 2321 1149 2375 omittunt.
1490 2387 1499 2396 ε

528 2408 846 2479 Exemplum
879 2429 892 2464 :
926 2413 1083 2466 Anno
1113 2412 1253 2482 cycli
1284 2413 1776 2485 u—ndecuplatorum
1811 2414 2019 2471 lunaris

458 2513 628 2562 xvut,
679 2502 772 2571 qui
806 2509 890 2556 est
933 2502 1426 2558 Alexandrinorum
1475 2520 1549 2569 ιι,
1601 2506 1866 2562 terminus
1911 2505 2018 2560 Pa-

457 2590 659 2646 schalis
689 2600 806 2647 erat
828 2587 1013 2648 Martii
1037 2611 1166 2658 xxv,
1201 2595 1289 2651 die
1319 2597 1388 2651 84
1414 2611 1445 2650 a
1471 2596 1726 2654 Kalendis
1752 2596 2016 2655 Januarii.

459 2680 653 2738 Ductis
677 2685 839 2739 annis
875 2687 937 2740 18
970 2685 1026 2742 ἱιι
1063 2689 1149 2752 11,
1181 2690 1424 2743 conﬁunt
1453 2689 1568 2747 dies
1605 2690 1740 2756 198,
1774 2693 1866 2761 qui
1897 2708 2020 2747 cum

456 2774 526 2827 84
571 2775 806 2832 clliciunt
835 2778 958 2834 282.
994 2776 1261 2850 Scrupula
1305 2782 1500 2839 deinde
1558 2782 1752 2838 diurna
1797 2785 1866 2839 84
1895 2800 2021 2840 cum

456 2865 554 2930 90,
585 2868 678 2936 qui
708 2885 774 2923 ex
810 2869 876 2923 18
925 2885 1020 2940 per
1065 2870 1099 2926 5
1148 2873 1522 2943 multiplicatis
1571 2877 1855 2942 oriuntur,
1904 2878 2023 2934 dies

457 2956 696 3013 conﬂant
724 2959 790 3022 2.,
821 2961 942 3017 54":
975 2962 1175 3031 quibus
1208 2963 1274 3018 ad
1309 2965 1426 3022 dies
1457 2966 1564 3020 282
1595 2967 1796 3024 additis
1817 3009 1831 3033 ,
1869 2985 2021 3024 sum-

2130 494 2406 563 objicitur,
2453 495 2610 565 quasi
2644 495 2797 550 nefas
2827 496 2897 548 sit
2925 496 2978 549 in
3012 496 3118 552 illis
3151 496 3352 552 Pascha
3381 516 3626 574 peragere,

2129 587 2268 641 nihil
2302 587 2369 642 ad
2410 602 2522 642 rem
2559 587 2816 658 pertinet.
2854 587 3062 642 Etenim
3097 589 3241 643 aliud
3273 601 3351 645 est
3376 595 3629 656 sollicitare

2126 678 2391 733 terminos
2416 677 2594 748 ipsos,
2621 687 2675 732 et
2703 679 2920 747 antiqua
2950 679 3178 733 statione
3201 679 3482 748 depellere:
3511 689 3626 746 aliud

2127 769 2316 824 iisdem
2347 771 2614 826 haerentes
2644 770 2836 826 diebus
2854 811 2868 834 ,
2899 786 3008 825 uno
3033 771 3121 826 die
3145 772 3230 827 vel
3255 773 3410 828 biduo
3435 781 3626 848 amplius

2127 875 2420 916 numerare
2443 880 2456 916 :
2485 875 2716 931 quorum
2742 862 2894 931 prius
2923 861 3040 915 sine
3064 862 3278 932 publica
3303 862 3533 921 Ecclesiae
3551 885 3627 924 au—

2128 951 2382 1003 ctoritate
2414 964 2525 1003 non
2571 949 2808 1015 licebat;
2843 952 3114 1019 posterius
3153 952 3394 1006 eruditus
3436 957 3626 1027 quisque

2124 1054 2308 1094 rerum
2337 1042 2827 1096 astronomicarum
2849 1081 2864 1104 ,
2915 1050 3042 1096 ante
3078 1040 3450 1111 Gregorianam
3485 1063 3628 1103 emen-

2126 1133 2409 1188 dationem
2430 1173 2446 1199 ,
2479 1133 2729 1203 privatim
2760 1133 2900 1188 citra
2926 1133 3391 1202 reprehensionem
3418 1136 3622 1196 instituit.

2131 1223 2245 1278 Hoc
2277 1225 2421 1279 enim
2453 1225 2589 1279 nihil
2620 1233 2738 1279 erat
2769 1225 2949 1288 aliud,
2981 1239 3142 1294 quam
3177 1239 3206 1278 a
3239 1226 3527 1285 cmlestihus
3552 1249 3627 1286 no-

2125 1315 2344 1370 viluniis
2377 1315 2519 1370 lunae
2545 1322 2757 1370 aetatem
2806 1328 3115 1380 arcessere,
3163 1329 3271 1367 non
3310 1329 3340 1367 a
3377 1319 3632 1374 neomeniis—

2123 1402 2376 1459 civilibus
2396 1444 2412 1470 ,
2443 1418 2564 1474 qua:
2589 1402 2847 1468 paulatim
2879 1403 3227 1460 decoxerant.

2192 1491 2564 1559 Postremo‘ﬂe
2595 1492 2890 1561 majoribus
2922 1506 2986 1546 ac
3000 1488 3325 1546 Victorianis
3351 1493 3629 1566 cyclis,qui-

2123 1585 2224 1640 bus
2250 1585 2702 1655 undecuplatores
2719 1622 2734 1646 ,
2762 1583 2872 1637 imo
2897 1581 3068 1638 Graeci
3097 1597 3285 1637 omnes
3310 1583 3362 1636 in
3387 1585 3490 1640 suis
3511 1602 3629 1641 com-

2121 1677 2268 1748 putis
2311 1677 2398 1732 usi
2445 1685 2604 1741 sunt,
2639 1675 2920 1731 sciendum
2965 1683 3050 1730 est
3095 1675 3165 1729 ab
3195 1674 3394 1730 Adamo
3425 1677 3529 1734 illos
3565 1681 3631 1733 in-

2123 1771 2304 1841 cipere
2329 1789 2343 1826 :
2377 1779 2437 1825 ut
2467 1785 2534 1826 ex
2566 1769 2714 1824 calce
2746 1769 2990 1838 computi
3021 1768 3244 1823 Maximi
3275 1771 3540 1840 colligitur.
3569 1771 3632 1829 lbi

2123 1865 2269 1919 enim
2297 1863 2436 1933 cycli
2460 1861 2712 1917 undecim
2737 1862 3079 1932 explicantur
3103 1861 3172 1916 ab
3197 1861 3341 1918 orbis
3363 1863 3532 1928 initio;
3556 1880 3630 1919 an-

2123 1955 2290 2024 nique
2324 1955 2382 2008 in
2424 1967 2563 2023 quos
2604 1952 2806 2024 singuli
2849 1951 3112 2008 desinunt
3158 1961 3426 2008 notantur.
3466 1952 3630 2010 Horum

2125 2047 2350 2101 ultimus
2403 2043 2685 2099 terminari
2734 2042 2934 2097 dicitur
2979 2045 3037 2098 in
3096 2059 3242 2099 anno
3289 2060 3411 2098 xxiv
3458 2045 3629 2114 imperii

2123 2136 2504 2201 Constantini,
2555 2136 2648 2206 qui
2680 2143 2902 2207 putatur
2943 2134 3108 2190 5852.
3160 2135 3417 2191 Detractis
3452 2151 3509 2190 ex
3544 2153 3632 2190 me-

2123 2229 2292 2284 thodo
2343 2227 2572 2283 canonis
2624 2227 2660 2280 2
2711 2225 2908 2295 capitis
2955 2241 3093 2290 xm,
3136 2223 3258 2289 779,
3306 2224 3483 2294 reliqui
3527 2226 3630 2278 tiunt

2122 2321 2251 2377 anni
2292 2319 2503 2392 periodi
2547 2318 2776 2373 Juliana:
2817 2317 2987 2382 5075,
3019 2317 3116 2386 qui
3159 2326 3244 2372 est
3271 2330 3436 2371 annus
3466 2314 3629 2369 Christi

2121 2413 2430 2470 communis
2483 2425 2670 2466 cccu.
2726 2409 2905 2476 Quare
2957 2424 3058 2479 pro
3115 2408 3504 2461 Κωνσταντίνου
3543 2408 3632 2476 lege

2122 2504 2532 2571 Kmvcrravrtou;
2564 2502 2666 2557 fuit
2693 2503 2836 2558 enim
2880 2515 3009 2557 xxtv
3051 2497 3373 2554 Constantii.
3409 2497 3553 2570 Igitur
3586 2499 3631 2552 in

2121 2613 2230 2654 aera
2257 2595 2643 2662 Alexandrina,
2661 2593 3015 2650 duodecimus
3047 2592 3235 2663 cyclus
3268 2590 3508 2646 Victorini
3538 2590 3633 2644 iniit

2123 2707 2267 2746 anno
2299 2689 2502 2746 Christi
2537 2703 2746 2743 cccul.
2777 2685 2895 2741 Jam
2928 2699 3054 2739 vero
3082 2681 3330 2738 deductis
3358 2681 3454 2736 795
3477 2681 3534 2735 de
3557 2695 3632 2733 an-

2121 2785 2210 2842 nis
2235 2783 2393 2849 5852,
2421 2789 2593 2839 restat
2614 2780 2754 2835 5057
2775 2778 2980 2848 periodi
3003 2775 3236 2830 Julianaa
3260 2773 3350 2846 qui
3376 2781 3452 2829 est
3470 2771 3634 2827 Christi

2121 2875 2363 2946 vulgaris
2396 2887 2640 2936 cccxuv,
2671 2884 2782 2941 quo
2815 2869 2872 2922 in
2901 2875 3163 2938 computo
3194 2862 3635 2932 Constantinopoli-

2121 2975 2287 3030 tano,
2332 2972 2388 3020 et
2433 2961 2921 3032 undecuplatorum
2965 2958 3293 3013 terminatus
3335 2964 3415 3010 est
3457 2952 3635 3007 undeci-

457 3060 655 3116 maque
690 3065 787 3118 per
824 3051 892 3106 50
925 3053 1160 3121 partita,
1197 3055 1404 3110 residui
1441 3064 1572 3112 sunt
1608 3056 1726 3112 dies
1762 3059 1830 3112 14
1851 3100 1866 3124 ,
1913 3059 2015 3116 δι’.
2049 3084 2097 3149 c
2126 3072 2247 3112 mus
2265 3055 2532 3111 Victorini
2557 3054 2852 3124 cyclus;et
2877 3048 3235 3149 duodecimus
3259 3060 3397 3149 anno
3423 3050 3632 3149 sequente

456 3136 622 3206 Atqui
651 3140 914 3196 terminus
943 3141 1219 3200 Paschalis
1241 3145 1395 3216 cyclo
1418 3161 1550 3200 xvm
1572 3147 1789 3204 nonnisi
1813 3149 2022 3206 decima

458 3236 655 3297 quarta
701 3239 1048 3301 computatur
1095 3234 1149 3288 in
1190 3235 1452 3292 laterculo
1488 3237 1737 3294 sinistro.
1787 3239 2024 3310 Apparet

457 3334 619 3388 ergo,
653 3323 902 3392 quamvis
940 3325 1173 3379 solidum
1209 3328 1350 3382 diem
1381 3343 1543 3399 quam
1577 3331 1824 3400 proxime
1860 3347 2019 3388 sexa-

459 3411 794 3480 gesi-marum
844 3415 1091 3472 caliculus
1137 3421 1398 3490 attingat,
1435 3423 1542 3478 nisi
1574 3424 1823 3479 eumdem
1870 3440 2021 3480 com-

458 3503 632 3572 pleat.
667 3505 725 3558 in
763 3520 1054 3562 numerum
1094 3511 1318 3568 minime
1350 3513 1647 3582 procedere
1667 3553 1682 3580 ,
1711 3515 1859 3586 quod
1887 3531 2020 3573 sane

458 3597 746 3652 ridiculum
777 3605 892 3665 est,
927 3607 986 3654 ut
1010 3608 1064 3655 et
1092 3601 1322 3658 Maximo
1349 3605 1581 3660 videtur.
1617 3603 1804 3676 Neque
1835 3614 2019 3663 tamen

457 3691 675 3760 gravior
710 3691 857 3757 inde,
891 3709 1055 3764 quam
1090 3695 1407 3753 stoliditatis
1440 3697 1763 3754 ascribenda
1795 3699 1905 3755 illis
1934 3707 2021 3756 est

456 3787 628 3838 nota:
664 3783 929 3854 siquidem
953 3787 1014 3842 in.
1049 3786 1317 3846 Paschate
1342 3788 1479 3845 nihil
1506 3805 1538 3846 a
1571 3789 1870 3848 Catholicis
1901 3791 2017 3846 dis—

2128 3165 2329 3206 cccxtv
2361 3147 2651 3203 inchoatus
2683 3151 2787 3200 est.
2824 3140 3190 3209 Quamobrem
3210 3179 3226 3204 ,
3256 3138 3302 3194 si
3329 3151 3489 3192 annos
3521 3134 3632 3190 solos

2129 3255 2363 3296 aerarum
2397 3238 2712 3294 Graecarum
2746 3235 3008 3291 adhibeas
3033 3272 3049 3298 ,
3102 3231 3296 3287 iisdem
3345 3229 3492 3284 annis
3522 3224 3633 3282 desi-

2128 3341 2286 3396 nunt,
2319 3331 2573 3386 ineuntve
2602 3326 2926 3392 Wictoriani
2971 3324 3140 3396 cycli-
3178 3322 3274 3378 Sin
3307 3320 3371 3375 ad
3393 3315 3522 3374 anno
3543 3330 3641 3370 ara:

2128 3425 2333 3481 Christi
2374 3421 2680 3480 communis
2713 3419 2919 3476 referas
2941 3459 2958 3484 ,
2990 3417 3153 3472 annis
3198 3413 3424 3471 sedecim
3467 3408 3634 3463 tardius

2125 3518 2182 3572 in
2221 3514 2621 3580 Alexandrina,
2663 3526 2826 3581 quam
2858 3509 2914 3563 in
2943 3503 3520 3574 Constantinopolitana
3541 3497 3634 3550 lini-

2125 3612 2296 3662 untur
2319 3622 2334 3671 ;
2357 3599 2798 3675 quandoquidem
2836 3604 2916 3653 tot
2948 3596 3116 3666 iannis
3147 3594 3320 3665 major
3353 3597 3430 3646 est
3463 3598 3634 3642 summa

2126 3700 2195 3755 ab
2227 3698 2436 3752 Adamo
2466 3695 2535 3751 ad
2565 3694 2780 3750 initium
2812 3706 2932 3746 aera:
2963 3689 3273 3744 communis
3300 3686 3355 3742 in
3383 3679 3636 3757 posteriore

2126 3800 2414 3861 computo,
2445 3803 2606 3860 quam
2639 3787 2694 3841 in
2724 3783 3107 3841 Alexandrino.
