4060 6244
441 320 511 373 ΓΙ
1920 312 2000 372 ΝΟ

2104 315 2220 374 flA.
3611 320 3679 377 18

436 418 564 489 cum
589 429 800 486 cteteris
830 426 1051 485 Eusebii
1102 426 1240 501 Opp.
1265 428 1334 485 de
1371 426 1491 499 ‘qua
1534 427 1723 482 ultima
1764 426 1895 482 edit.
1952 443 2000 482 v.

2114 448 2159 502 ri
2188 447 2335 503 docti
2363 455 2643 513 notarunt,
2677 448 2847 518 ipsius
2871 448 3153 521 Scaligeri,
3178 450 3268 521 qui
3290 450 3436 507 illam
3459 466 3525 507 ex
3547 455 3679 509 scri-

442 524 665 580 Pontac.
710 520 886 576 HABL.

505 616 776 671 Cat-terum
799 614 871 667 ob
900 612 1195 683 praeclaras
1228 610 1573 666 accessiones
1603 620 1765 680 alque
1805 610 2010 666 doctis-

434 706 605 762 simas
635 712 798 761 notas
830 702 1272 773 frequentissime
1299 701 1354 754 in
1385 701 1637 755 manibus
1669 700 2008 756 eruditorum

436 808 687 857 versatur
713 800 883 855 editio
930 797 1193 869 Scaligeri
1238 798 1337 869 (α),
1398 798 1566 851 altera
1632 798 1902 868 praecipue
1945 813 2009 852 ac

434 893 725 962 posthuma
741 889 1265 947 Amstelodamensis
1285 906 1338 944 a.
1359 889 1495 945 1658
1516 888 1607 945 fol.
1634 907 1752 960 quae
1776 891 2009 946 Alexan-

437 984 519 1039 dri
553 985 689 1040 Mori
710 984 1084 1055 praefationem
1106 990 1159 1038 et
1193 983 1455 1055 Scaligcri
1486 984 1909 1038 commentarios
1940 982 2007 1037 ad

439 1072 685 1128 Latinam
716 1072 1035 1145 Hieronymi
1065 1072 1566 1143 interpretationem
1590 1079 1643 1127 et
1688 1070 1872 1126 Graeca
1909 1071 2010 1126 Eu-

443 1165 573 1220 scbii
604 1162 929 1221 emendatos
954 1171 1008 1220 et
1065 1164 1225 1219 tertia
1286 1171 1440 1234 parte
1497 1164 1771 1220 auctiores
1820 1162 2002 1234 (quam

438 1259 591 1329 prior
617 1258 782 1312 editio
798 1255 969 1328 Lugd.
989 1255 1106 1310 Bat.
1142 1255 1306 1319 1606,
1332 1255 1451 1320 fol.,
1477 1254 1720 1321 exhibet,
1751 1263 1804 1310 et
1836 1256 2005 1311 libros

439 1358 551 1405 tres
592 1348 985 1420 Isagogicorum
1043 1347 1389 1419 chronologia:
1448 1362 1707 1401 canonum
1759 1346 2003 1417 ejusdem

441 1439 698 1512 Scaligeri
747 1440 1073 1510 subjunctos
1131 1439 1341 1510 habet).
1373 1433 1633 1495 Chronico
1697 1436 2004 1495 Etlsehiano

436 1532 681 1601 subjecta
706 1539 835 1587 sunt
864 1530 1202 1602 Hieronymi,
1231 1530 1298 1585 de
1324 1545 1434 1601 quo
1477 1528 1608 1594 dixi,
1660 1529 2004 1599 supplemen-

436 1632 547 1678 tum
575 1632 628 1677 et
656 1621 913 1692 Prosperi
950 1620 1169 1676 Tironis
1198 1618 1272 1694 (b)
1295 1621 1364 1675 ab
1404 1621 1469 1674 A.
1495 1620 1558 1675 C.
1598 1619 1724 1684 579,
1771 1620 1860 1675 ubi
1902 1621 2001 1676 de-

435 1716 525 1770 siit
546 1713 928 1785 Hieronymus,
962 1713 1031 1767 ad
1057 1729 1110 1768 a.
1152 1711 1280 1779 444,
1329 1711 1565 1766 Victoris
1610 1709 2000 1768 Tunnunensis

435 1806 730 1862 Chronicon
751 1807 820 1862 ab
848 1821 900 1859 a.
935 1805 1045 1861 445
1063 1804 1129 1859 ad
1154 1819 1205 1858 a.
1242 1803 1366 1869 565,
1413 1803 1637 1861 Joannis
1661 1806 1877 1862 abbatis
1912 1806 1999 1861 Bi-

437 1901 723 1956 clariensis
752 1900 820 1954 ab
852 1915 903 1952 a.
936 1898 1041 1954 565
1075 1914 1247 1968 usque
1278 1898 1345 1952 ad
1377 1913 1580 1953 annum
1639 1898 1877 1956 Mauritii
1909 1917 1999 1955 oc-

441 1999 652 2054 tavum,
682 1989 825 2044 A.C.
854 1987 989 2053 593;
1038 1984 1198 2042 ldatii
1246 1988 1314 2041 ab
1360 1986 1425 2040 A.
1463 1986 1525 2042 C.
1566 1987 1689 2049 579,
1740 1987 1829 2041 ubi
1876 1987 2000 2044 Hic-

444 2097 702 2155 ronymus
725 2081 923 2137 desinit
948 2079 1011 2134 ad
1050 2079 1187 2146 428;
1230 2078 1525 2133 Marcellini
1556 2078 1771 2133 comitis
1827 2081 1896 2134 ab
1933 2079 1999 2135 A.

440 2174 506 2229 C.
535 2174 659 2235 579,
688 2173 756 2228 ad
788 2189 839 2227 a.
873 2170 994 2235 554,
1018 2177 1072 2226 et
1094 2172 1293 2226 veteris
1328 2169 1615 2239 scriptoris
1666 2170 1779 2224 sive
1835 2170 2003 2225 inter-

435 2267 607 2337 pretis
635 2265 828 2320 incerti
859 2271 1116 2333 excerpta
1140 2262 1333 2317 Latina
1357 2261 1739 2332 chronologica
1767 2280 1832 2319 ex
1858 2262 2002 2318 Afri-

432 2376 594 2422 cano.
632 2357 864 2413 Eusebio
878 2367 933 2412 et
961 2358 1105 2420 aliis,
1133 2357 1349 2427 vulgata
1371 2356 1603 2410 ecodice
1634 2356 1763 2411 bibl.
1800 2357 2000 2411 Putea-

433 2471 536 2511 ηπ.
592 2452 719 2509 Post
743 2452 857 2506 hate
886 2458 1194 2521 sequuntur
1228 2449 1431 2511 Graece,
1490 2465 1611 2519 quae
1634 2447 1872 2516 Scaliger
1889 2447 1999 2502 vel-

437 2561 499 2601 ut
536 2547 840 2603 Eusebiana
868 2546 1087 2616 collegit
1120 2560 1183 2600 ac
1205 2543 1459 2615 digessit:
1482 2543 1748 2614 Anonymi
1775 2543 2001 2596 Ἐπιτο-

428 2639 516 2712 pip
536 2641 769 2712 χρόνων
804 2640 875 2711 (c)
933 2638 1201 2711 (Chronici
1231 2637 1383 2691 Alex.
1406 2636 1484 2690 vel
1511 2634 1799 2689 Fastorum
1841 2634 1998 2691 Sicu-

435 2738 537 2792 lor.
569 2737 787 2791 nomine
816 2736 976 2806 vulgo
1007 2734 1197 2801 venit),
1234 2732 1303 2788 ab
1331 2732 1537 2786 Adamo
1558 2730 1623 2785 ad
1662 2747 1860 2786 annum
1892 2731 1998 2789 He-

435 2828 588 2882 raclii
624 2828 966 2890 vicesimum,
996 2827 1061 2880 A.
1092 2825 1153 2880 Ο.
1185 2824 1312 2890 629,
1339 2840 1405 2880 ex
1432 2823 1622 2880 codice
1664 2823 1734 2880 ls.
1789 2823 1997 2881 Casau-

436 2919 591 2985 boni;
614 2917 929 2989 Nicephori,
961 2917 1308 2988 patriarchae,
1383 2918 1800 2987 χρονοῃοαφίω
1836 2916 1997 2973 Deni-

434 3028 539 3083 que
591 3011 839 3081 sequitur
879 3009 1126 3081 ἱστοριῶν
1185 3010 1471 3079 συναγωγὴ
1523 3016 1577 3064 et
1626 3010 1996 3080 Ὀλυμπιάδων

2112 540 2362 609 ptoribus
2391 540 2549 595 editis
2583 548 2635 596 et
2662 540 2881 596 ineditis
2910 541 3125 612 collegit
3153 556 3217 597 ac
3248 542 3495 615 digessit,
3517 544 3677 601 etiam

2112 630 2341 696 Latinis,
2377 647 2609 702 quorum
2631 632 2750 696 loca
2779 631 2965 689 Graece
2988 633 3267 689 transtulit
3281 644 3333 690 et
3359 634 3511 692 hisce
3562 637 3677 691 col-

2111 721 2372 777 lectaneis
2399 722 2647 778 inseruit.
2683 720 2849 779 FABB.

2182 804 2483 871 Vallarsius
2512 816 2667 871 novis
2688 818 2836 872 curis
2856 817 3185 873 recensitum
3218 818 3440 889 suisque
3465 826 3518 875 et
3537 819 3671 874 alio-

2110 922 2230 961 rum
2262 906 2734 977 observationibus
2760 908 3088 963 illustratum
3124 907 3417 963 Chronicon
3439 907 3671 987 Eusebii,

2108 1005 2240 1060 etc.,
2264 999 2481 1068 repetiit
2512 999 2567 1053 in
2597 1013 2695 1054 sua
2728 997 2789 1054 D.
2815 998 3124 1071 Hieronymi
3154 998 3389 1070 Operum
3417 999 3671 1068 editione,

2109 1098 2254 1143 tomo
2276 1088 2411 1154 Vlll,
2444 1089 2668 1162 Veronae
2697 1090 2854 1154 1740,
2879 1091 2971 1148 fol.
2999 1092 3141 1163 (qua:
3161 1092 3329 1148 editio
3354 1108 3544 1149 recusa
3566 1102 3669 1160 est,

2107 1181 2256 1236 curis
2284 1180 2537 1237 Vallarsii
2567 1182 2968 1253 posterioribus
2997 1192 3179 1246 aucta,
3216 1182 3408 1239 Venet.
3443 1182 3583 1240 1766
3603 1216 3672 1224 —

2111 1273 2271 1337 1782,
2305 1274 2338 1329 4
2369 1275 2465 1345 m.)

2180 1365 2393 1421 Eusebii
2426 1366 2722 1422 Chronicon
2748 1366 2935 1420 Latine
2960 1385 2992 1421 a
3025 1367 3091 1422 ὓ.
3136 1368 3455 1439 Hieronymo
3496 1368 3671 1441 reddi:

2108 1468 2215 1513 tum
2240 1468 2288 1514 et
2313 1458 2381 1512 ad
2394 1475 2490 1513 sua
2504 1476 2664 1529 usque
2686 1468 2913 1529 tempora
2934 1459 3262 1528 perductum,
3287 1461 3492 1531 adjecta
3511 1463 3670 1517 etiam

2105 1549 2495 1602 continuatione
2524 1547 2776 1617 Prosperi
2803 1547 3076 1619 Aquitani.
3112 1548 3267 1603 Nunc
3283 1553 3510 1620 primum
3560 1554 3671 1607 col-

2103 1640 2315 1695 lectioni
2341 1639 2741 1711 Hieronymian.
2775 1637 3005 1708 Operam
3031 1639 3378 1705 adcensitum,
3434 1643 3677 1713 genuinis

2105 1733 2301 1787 Gra’cis
2326 1733 2635 1803 fragmentis
2646 1724 2722 1786 ἐπ
2753 1729 2973 1801 Georgio
2987 1730 3249 1801 Syncello,
3272 1731 3528 1789 Chronico
3550 1750 3671 1804 pas-

2103 1825 2267 1885 chali.
2292 1824 2546 1889 Cedreno,
2578 1823 2800 1894 aliisque
2839 1822 3141 1879 auctoribus
3175 1826 3448 1893 restitutis,
3472 1839 3521 1881 et
3553 1837 3670 1892 post

2101 1916 2326 1971 Arualdi
2358 1915 2604 1981 Pontaci,
2634 1915 2851 1984 Iosephi
2874 1915 3157 1988 Scaligeri,
3197 1927 3247 1973 et
3279 1918 3361 1974 Cl.
3397 1919 3668 1985 Salmasii,

2103 2018 2258 2079 atque
2280 2008 2505 2062 aliorum
2538 2008 2860 2062 recensiones
2879 2017 3120 2070 etcuras,
3151 2009 3319 2064 denuo
3348 2010 3415 2063 ad
3437 2028 3562 2069 mss.
3580 2029 3669 2067 co-

2101 2099 2240 2154 dices
2272 2100 2612 2170 castigatum,
2637 2100 2872 2169 notisque
2892 2100 3326 2156 luculentioribus
3353 2104 3669 2158 continenter

2101 2192 2451 2258 illustratum,
2483 2208 2642 2262 opera
2689 2201 2739 2246 et
2774 2192 2950 2249 studio
2981 2192 3246 2248 Dominici
3286 2194 3539 2250 Vallarsii
3565 2197 3669 2268 (to-

2100 2282 2263 2339 moll
2330 2283 2541 2339 addidit
2586 2283 2830 2353 integros
2873 2283 3099 2339 Pontaci
3161 2285 3567 2351 Comment.,et
3614 2289 3676 2343 in

2099 2374 2345 2447 Prolegg.
2376 2384 2509 2431 tom.
2548 2373 2566 2428 1
2596 2375 2663 2430 de
2685 2374 2808 2431 edd.
2841 2375 3130 2446 diligenter
3153 2377 3457 2451 disseruit).

2169 2467 2269 2523 Hic
2292 2480 2345 2524 et
2372 2468 2426 2523 in
2460 2467 2670 2540 praefat.
2715 2476 2770 2523 et
2807 2469 2863 2522 in
2897 2469 3041 2523 notis
3090 2484 3233 2540 saepe
3266 2477 3454 2525 contra
3493 2467 3669 2525 Scali-

2098 2573 2286 2628 gerum
2316 2557 2579 2628 disputat.
2608 2557 2674 2611 At
2698 2572 3008 2629 quanquam
3036 2560 3292 2628 prazelare
3317 2560 3383 2616 de
3408 2560 3670 2618 Eusebio-

2098 2647 2523 2720 Hieronymiano
2553 2650 2843 2714 Chronico,
2887 2657 3093 2715 tamen,
3128 2651 3273 2722 quod
3303 2652 3358 2707 in
3390 2654 3485 2708 tali
3508 2669 3673 2725 opere

2098 2741 2425 2812 negotioque
2453 2756 2553 2796 nec.
2576 2742 2883 2797 mirandum
2921 2749 3027 2807 est,
3064 2759 3166 2798 nec
3187 2744 3536 2812 culpandum,
3558 2762 3679 2802 non.

2099 2835 2278 2888 omnia
2310 2832 2554 2905 perfecit.
2594 2832 2733 2889 Hinc
2768 2834 3131 2906 Hieronymus
3156 2835 3223 2891 de
3242 2835 3428 2903 Prato,
3452 2838 3546 2894 lib.
3570 2839 3665 2895 cit.

2098 2924 2370 2995 pag.425,
2397 2923 2547 2980 dedit
2599 2924 2818 2980 Eusebii
2863 2924 3051 2981 Graeca
3078 2926 3322 2997 quaedam
3367 2927 3673 3001 fragmenta

2098 3032 2165 3072 ex
2192 3017 2312 3086 ejus
2341 3017 2418 3072 De
2445 3016 2763 3085 temporibus
2796 3018 2935 3073 libro
2969 3019 3146 3088 primo
3177 3019 3454 3091 (excerpta
3485 3022 3611 3077 olim
3636 3039 3667 3077 a

438 3105 748 3177 ἀναγραφή,
782 3118 891 3158 non
924 3103 1121 3159 veteris
1149 3102 1456 3173 scriptoris,
1482 3101 1598 3169 sed,
1630 3111 1689 3157 ut
1718 3111 1866 3159 recte
1911 3106 1993 3159 vi-
2021 3121 2064 3178 (ι
2095 3108 2327 3181 Georgio
2359 3109 2651 3181 Syncello),
2684 3127 2816 3165 noua
2838 3110 3284 3180 interpretatione,
3310 3113 3448 3167 notis
3476 3122 3525 3168 et
3556 3114 3652 3168 ob-

514 3254 590 3327 (a)
626 3253 960 3327 Recensgtur
985 3269 1015 3308 a
1048 3253 1456 3327 LabbeotomJ
1480 3255 1559 3327 De
1580 3257 1762 3323 script.
1790 3257 1999 3325 ecrles.,

441 3325 1034 3399 pag."502,_et_Thom_._
1060 3326 1239 3399 lttigio
1262 3325 1354 3399 lib.
1395 3326 1482 3399 De
1516 3326 1837 3399 bibliothecis
1888 3327 1998 3382 Pa-

439 3395 599 3459 trum,
637 3413 689 3466 p.
716 3395 822 3452 745
846 3412 960 3466 seq.
995 3395 1420 3466 Emendationes
1443 3395 1704 3466 ,Salmasii
1741 3414 1807 3452 ex
1837 3401 1997 3453 codd.

434 3464 695 3522 Palatinis
725 3483 776 3520 tv
807 3464 940 3521 cum
986 3464 1155 3519 Conr.
1215 3464 1361 3520 Sam.
1433 3465 1895 3522 Schurlzllcischii
1935 3471 2000 3523 ad

435 3538 653 3592 Eusebii
708 3536 902 3592 Chron.
961 3536 1435 3591 observationibus
1497 3537 1665 3591 edidit
1712 3538 1879 3594 frater
1927 3539 2000 3594 D.

438 3609 607 3664 Henr.
640 3606 994 3662 Leonhardus
1048 3604 1580 3670 Schurtzﬂeischius,
1615 3607 1813 3663 Witeb.
1844 3609 2000 3672 1712,

434 3680 470 3751 4
510 3678 620 3751 [ed.
641 3678 1028 3751 gtpcorrectior
1048 3686 1346 3751 etaccess.‘
1385 3678 1748 3751 supplementi
1794 3681 2004 3751 auctior

437 3748 574 3805 lena:
604 3748 760 3821 1715,
794 3748 851 3821 4]
882 3751 934 3801 in
966 3748 1154 3821 notitia
1177 3748 1494 3821 pri_ncip_ali_s
1528 3748 1871 3821 bibliothecae
1908 3749 2001 3803 Vi-

440 3820 730 3885 nariensis,
757 3821 813 3873 in
835 3817 1003 3890 quam
1031 3817 1196 3872 editio
1243 3817 1418 3890 Lugd.
1441 3817 1565 3890 Bat.
1628 3818 1789 3890 160b,
1827 3834 2003 3890 manu

438 3890 691 3946 Salmasii
723 3888 929 3954 notafa,
954 3891 1198 3957 pervenit
1239 3905 1304 3944 ex
1342 3888 1669 3944 bibliotheca
1723 3888 1992 3944 Gudiana.

438 3963 583 4017 Inter
606 3962 823 4016 codices
842 3959 1095 4016 ls.Vossii
1122 3974 1242 4013 cum
1269 3975 1402 4013 mss.
1423 3960 1650 4014 collatos
1667 3959 2004 4015 Colomesius

438 4050 496 4088 ιι.
536 4032 561 4084 1
595 4039 861 4087 memorat
887 4030 1177 4086 Chrouicon
1200 4029 1566 4084 Eusebianum
1593 4031 1850 4084 editionis
1871 4029 2003 4084 Sca-

442 4102 886 4172 ligerianae,quod
905 4115 1026 4156 cum
1046 4116 1171 4155 mss.
1192 4100 1757 4172 commisitcornelius
1774 4098 2001 4156 Tollius.

442 4169 680 4227 Bochelli
701 4169 996 4228 observatt.
1014 4187 1147 4224 mss.
1167 4171 1456 4225 chronicas
1477 4171 1544 4224 ad
1564 4169 1855 4225 Eusebium
1886 4172 2003 4225 lau-

440 4242 533 4297 dat
549 4242 917 4313 Berneggerus
935 4243 1001 4297 ad
1028 4241 1225 4313 Justini
1245 4242 1364 4313 libr.
1386 4257 1676 4313 svnt,cap.
1696 4241 1745 4294 6.
1766 4238 2007 4313 Furi.—

441 4313 598 4368 Prior
616 4311 797 4384 operis
818 4312 1363 4384 Scaligerianieditio
1394 4312 1686 4384 inscripta
1715 4318 1837 4384 cst:
1868 4311 2004 4366 The-

440 4402 631 4439 saurus
655 4380 991 4453 temporum:
1024 4380 1239 4436 Eusebii
1256 4381 1522 4453 Pamphili
1636 4380 2001 4436 chronicorum

442 4471 699 4508 canonum
730 4451 1042 4508 omnimodo:
1078 4453 1312 4506 historiw
1361 4451 1482 4504 libri
1547 4452 1673 4512 duo,
1731 4453 2007 4520 interprete

444 4524 784 4595 Hieronymo.
818 4541 882 4580 ea:
901 4525 1004 4594 ﬁde
1032 4523 1504 4595 vetustissimorum
1530 4524 1765 4595 codicum
1787 4525 2008 4592 castiga-

444 4598 502 4652 ti.
533 4591 670 4650 Item
693 4591 931 4650 auctores
967 4612 1139 4650 omnes
1169 4593 1418 4646 derelicta
1451 4591 1515 4645 ab
1541 4592 1763 4647 Eusebio
1785 4602 1832 4647 et
1880 4591 2007 4649 Ilie-

438 4685 658 4737 ronymo
683 4669 1067 4721 continuantes.
1103 4664 1346 4737 Ejusdem
1378 4663 2006 4737 Eusebiiutriusquepar-

440 4740 508 4792 tis
537 4732 900 4792 chronicorum
933 4732 1192 4790 canonum
1237 4735 1472 4805 reliquie:
1506 4732 1721 4798 Gra’cw,
1749 4751 1864 4805 qua:
1893 4736 2005 4788 col—

439 4809 534 4879 ligi
556 4817 855 4879 potuerunt,
892 4808 1239 4879 an‘tehac‘non
1276 4804 1465 4879 “edule.
1519 4805 2002 4879 0p_era__ac_studio

435 4875 810 4948 Iosephilusti
869 4877 1144 4948 Scaligeri.
1178 4908 1245 4916 —
1272 4875 1520 4944 Ejusdem
1571 4875 1825 4948 Scaligeri
1866 4886 2003 4931 nota:

435 4961 483 5005 et
516 4947 962 5021 castigationesin
995 4947 1243 5021 Latinam
1274 4947 1581 5021 Hieronymi
1615 4947 2002 5021 iitterprctatiof

439 5037 554 5076 nem
585 5015 849 5076 et'Grteca
874 5018 1112 5073 Eusebii.
1166 5016 1416 5086 Ejusdem
1473 5015 1687 5083 Josephi
1744 5017 2002 5087 Scaligeri

442 5090 833 5162 Isagogicorum
862 5089 1212 5162 chronologite
1268 5104 1526 5162 canonum
1574 5088 1707 5162 libri
1748 5097 1880 5162 tres,
1926 5089 1995 5140 ad

443 5158 654 5238 Eusebii
682 5161 942 5238 Chronica
962 5171 1011 5238 e_t
1042 5159 1338 5238 doctrinam
1362 5158 1424 5212 de
1470 5158 1999 5238 tentporibusnadmo-

443 5235 562 5285 dum
623 5235 920 5288 necessarii.
974 5230 1142 5301 Lugd.
1180 5228 1328 5301 _Bat.
1376 5245 1488 5301 ere.
1542 5228 1994 5301 ΊἸᾳοιηηΒαδδοη.

444 5314 632 5371 sumpt.
663 5304 1037 5359 Commelinor.
1057 5299 1223 5361 1606,
1256 5299 1348 5368 fol.
1382 5300 1528 5371 llanc
1546 5300 1632 5354 ed.
1656 5300 1861 5371 _tninus
1892 5302 1997 5355 fre-

442 5368 947 5441 quentem’uberius
978 5373 1253 5428 recensuit
1282 5376 1336 5424 et
1357 5370 1522 5423 vitam
1559 5368 1873 5439 scriptaque.
1900 5387 1996 5425 eo-

444 5460 562 5496 rum
591 5462 818 5515 quorum
856 5445 979 5499 libri
1005 5446 1055 5498 in
1081 5444 1182 5497 hac
1196 5441 1511 5515 collectione
1531 5441 1997 5509 comprehendun-

439 5524 563 5585 tur,
582 5509 822 5585 exceptis
851 5515 1279 5585 Eusebioiatque‘
1302 5509 1994 5585 Hieronymo,persecutus

438 5593 523 5639 est
542 5584 624 5641 lo.
678 5579 957 5641 Fabricius
992 5586 1046 5639 in
1073 5579 1315 5638 Historia
1344 5579 1468 5633 bibl.
1505 5579 1743 5643 Fabric),
1775 5590 1883 5635 tom
1927 5581 1990 5647 ll,

441 5672 495 5725 p.
532 5657 635 5711 375
670 5673 790 5728 sqq.
837 5653 1294 5728 ldem_quasdat_n
1344 5650 1875 5728 partinrQonringii,
1926 5654 1993 5728 ad

440 5718 600 5796 quem
629 5718 770 5781 olir'n'
781 5725 1035 5796 pertinuit
1051 5718 1367 5792 exemplum
1381 5792 1390 5796 _
1406 5718 1872 5796 Fabricianuni'et
1899 5724 1991 5793 qui

443 5792 646 5868 passim
671 5792 851 5867 aliqua
881 5794 1222 5866 ascripserat,
1254 5792 1452 5864 partim
1495 5806 1624 5848 suas
1658 5792 1994 5860 aliorumque

2103 3266 2514 3322 observationes
2538 3265 2792 3336 reddidit.
2810 3266 3013 3323 Praeter
3026 3283 3087 3324 ea
3102 3268 3501 3336 animadvertit,
3524 3282 3664 3336 OpttS

2104 3336 2323 3407 quidem
2358 3352 2389 3391 a
2408 3336 2593 3407 multis
2614 3334 2726 3407 νγ.
2749 3338 2856 3393 DD.
2879 3342 3028 3392 recte
3049 3352 3171 3391 esse
3196 3334 3510 3407 laudatum;
3547 3334 3667 3392 Ru-

2104 3404 2316 3477 pertum
2345 3413 2526 3477 tamen
2557 3406 2613 3459 in
2645 3404 2796 3477 0bs_s.
2831 3408 2883 3477 in
2925 3421 3133 3476 synops.
3191 3407 3380 3460 minor.
3427 3406 3661 3472 Besoldi,

2105 3474 2154 3546 ᾖ).
2188 3476 2314 3538 578,
2357 3475 2670 3540 adnotasse,
2730 3474 3063 3545 Scaligerum
3116 3477 3172 3530 in
3222 3485 3520 3542 senectute,
3550 3493 3664 3532 me-

2106 3547 2272 3600 moria
2295 3560 2392 3599 sua
2424 3546 2642 3609 fretum,
2683 3562 2789 3599 non
2820 3546 3086 3600 consultis
3116 3546 3323 3602 diutius
3361 3547 3537 3610 libris,
3579 3563 3664 3600 ea-

2105 3616 2248 3670 lamo
2278 3632 2434 3671 usum
2465 3627 2809 3687 esse,ratque
2822 3616 2902 3669 sic
2933 3615 3094 3670 etiam
3124 3616 3178 3670 in
3202 3631 3364 3687 opc_r_e
3390 3616 3664 3687 Eusebia-

2104 3701 2191 3740 no.
2210 3688 2408 3740 multas
2434 3684 2776 3742 commisisse
2800 3684 3268 3741 hallttcinationes.
3292 3684 3461 3740 Multo
3483 3688 3668 3746 acrius

2099 3756 2366 3828 judicavit
2395 3755 2754 3828 Hieronymus
2788 3755 2854 3810 de.
2882 3755 3048 3811 Prato
3089 3758 3144 3828 in
3170 3756 3311 3828 Diss.
3343 3756 3406 3811 de
3438 3756 3660 3813 Chroni-

2104 3830 2179 3880 cis
2210 3826 2385 3891 libris,
2405 3826 2932 3897 Lsupra‘memorata,
2966 3843 3019 3896 p.
3047 3827 3173 3889 559,
3210 3828 3275 3882 de
3298 3827 3400 3882 hoc
3421 3842 3582 3897 opere
3602 3840 3660 3883 et

2100 3897 2365 3968 jactantia
2397 3894 2699 3968 Sea—ligeri,
2730 3912 2891 3966 quem
2951 3894 3265 3965 pronuntiat
3318 3894 3553 3968 pessime
3595 3901 3663 3955 de

2106 3967 2338 4021 Eusebio
2395 3983 2517 4024 esse
2571 3967 2845 4031 meritum,
2883 3968 3060 4036 eique
3103 3967 3558 4025 multos’alicnos
3607 3979 3661 4025 et

2105 4038 2440 4093 adulterinos
2463 4039 2814 4109 supposuisse
2869 4035 3029 4091 fetus.
3063 4036 3302 4108 Longam
3328 4047 3403 4109 et
3444 4055 3659 4109 gravent

2105 4122 2405 4179 censuram
2424 4108 2694 4176 excerpsit
2715 4107 2958 4162 Clément
2993 4109 3022 4163 Ι.
3050 4123 3098 4179 c.
3129 4107 3252 4177 pag.
3280 4108 3385 4164 180
3446 4107 3531 4179 sq.
3569 4109 3657 4164 ubi

2105 4194 2134 4231 a
2164 4177 2413 4249 pag.r176
2442 4186 2495 4232 et
2518 4180 2753 4247 priorem
2791 4186 2844 4232 et
2867 4177 3218 4246 posteriorem
3259 4179 3437 4248 operis
3488 4177 3659 4233 Scali-

2104 4248 2307 4373 ἕτεῖὶηηὶ
2335 4249 2462 4302 edit.
2490 4249 2710 4317 copiose
2742 4250 3033 4309 recensuit,
3065 4248 3378 4319 notavitque
3419 4264 3661 4304 errorem

2138 4333 2190 4372 ο.
2224 4317 2390 4373 Henr.
2421 4317 2745 4373 Hottinaeri.
2770 4319 2861 4373 aui
2898 4319 2949 4372 in
2992 4318 3398 4373 Bibliothecario
3447 4320 3660 4373 auadri—

2138 4333 2190 4372 0.
2224 4317 2390 4373 Henr.
2421 4317 2745 4389 Hottingeri,
2770 4319 2949 4389 quiin
2992 4317 3398 4373 Bibliothecario
3447 4320 3660 4389 quadri-

2107 4390 2323 4461 partito,
2355 4405 2409 4460 p.
2441 4389 2566 4456 515,
2597 4387 3129 4461 ςοηίξιιᾱὶιξςιιιίεετὶ
3158 4405 3306 4461 opus
3320 4389 3394 4461 lle
3420 4387 3660 4443 emenda-

2112 4459 2249 4530 tione
2278 4459 2561 4530 temporum
2593 4459 2789 4518 (Paris.
2823 4460 2978 4524 1585,
3004 4459 3183 4516 Leida:
3217 4459 3373 4523 1598,
3400 4466 3452 4514 et
3478 4476 3541 4515 ex
3571 4476 3660 4513 au-

2109 4529 2274 4601 cteris
2322 4529 2494 4601 ipsius
2545 4540 2689 4588 msto
2732 4531 3085 4601 emendatius
3128 4545 3428 4601 magnaque
3454 4546 3661 4601 acces-

2107 4600 2263 4654 sione
2289 4598 2525 4674 auctius,
2537 4606 2688 4674 _e_tc.,
2719 4598 2957 4654 Coloniae
3006 4598 3281 4674 Allobrog.
3338 4598 3497 4674 1629,
3540 4601 3656 4674 fol.)

2105 4685 2229 4723 cum
2260 4669 2515 4740 ejusdem
2535 4668 2800 4724 Thesauro
2824 4680 3133 4738 temporum,
3165 4668 3323 4740 cujus
3352 4672 3519 4725 altera
3540 4668 3657 4725 edi;

2105 4740 2181 4794 tio
2215 4749 2300 4795 est
2356 4739 2618 4809 inscripta
2656 4760 2669 4794 :
2702 4740 2999 4795 Thesaurus
3056 4739 3658 4807 temporum.—Editio

2104 4811 2292 4874 altera,
2318 4812 2371 4865 in
2398 4827 2500 4880 qua
2531 4810 2759 4878 ejusdem
2787 4809 3002 4879 Joseplti
3048 4810 3303 4882 Scaligeri
3365 4813 3522 4864 tertia
3546 4813 3660 4882 fere

2102 4893 2252 4949 parte
2280 4884 2537 4935 auctiores
2567 4891 2703 4933 nota:
2722 4892 2770 4934 et
2800 4882 3166 4951 castigationes
3192 4880 3242 4935 in
3268 4880 3514 4935 Latinam
3533 4881 3651 4935 Ilie-

2103 4955 2307 5022 ronymi
2344 4954 2839 5019 interpretationem,
2874 4962 2923 5004 et
2957 4951 3141 5006 Crazca
3191 4952 3427 5014 Eusebii,
3474 4966 3646 5022 supre-

2103 5040 2188 5092 ma
2204 5020 2439 5076 auctoris
2464 5038 2591 5075 cura
2619 5024 2924 5087 emendatur,
2953 5033 3057 5078 etc.
3078 5022 3364 5077 Amstetod.
3384 5038 3472 5092 ap.
3494 5020 3655 5077 Joan.

2098 5091 2442 5147 .Ianssonium
2480 5093 2638 5156 l658,
2698 5093 2793 5162 fol.
2836 5092 3097 5155 Clement,
3142 5109 3195 5163 p.
3245 5093 3366 5159 179,
3416 5091 3543 5147 nota
3593 5108 3659 5146 ex

2098 5164 2251 5234 Alex.
2288 5164 2421 5217 Mori
2448 5165 2654 5232 praefat.
2684 5162 2952 5234 quaedam,
2975 5180 3095 5234 qua:
3135 5162 3223 5234 ad
3244 5163 3527 5234 historiam
3558 5163 3660 5216 hu-

2094 5233 2186 5301 jus
2209 5235 2479 5303 cditionis‘
2498 5236 2761 5289 auctioris
2784 5233 3080 5303 pertinent,
3106 5233 3379 5288 delibavit.
3413 5233 3584 5290 HARL.

2170 5303 2244 5373 (b)
2271 5304 2427 5358 Conf.
2466 5301 2693 5359 Vallars.
2732 5301 2880 5374 l.fe.,
2899 5319 2953 5372 p.
2981 5320 3146 5358 xxvnt
3177 5320 3322 5374 sqq.,
3350 5311 3405 5359 et
3429 5304 3653 5359 Pontaci

2096 5372 2384 5444 Apparat.,
2430 5391 2483 5445 p.
2524 5376 2590 5429 12
2633 5390 2756 5446 sqq.
2783 5372 2954 5446 Hann.

2168 5447 2234 5517 (ε)
2265 5447 2383 5499 Alia
2416 5444 2626 5517 brevior
2642 5444 2916 5514 Ἐπιτομὴ
2952 5445 3183 5514 χρόνων
3214 5445 3288 5517 51)
3320 5444 3542 5517 Adam_o
3571 5460 3656 5499 us-

2097 5512 2201 5586 que
2216 5512 2298 5570 'ad
2320 5516 2567 5571 Alexium
2589 5512 2960 5578 Coninen‘um,‘
2976 5512 3140 5583 quam
3163 5515 3229 5570 ad
3248 5516 3448 5570 calcem
3485 5512 3657 5570 Zona-

2096 5602 2171 5641 τευ
2189 5586 2646 5657 ρι1ἱάίιγεειηείυε,
2683 5598 2735 5640 et
2765 5586 2819 5640 in
2864 5586 3021 5657 cujus
3072 5588 3229 5641 titulo
3265 5588 3491 5657 legitur:
3520 5586 3655 5638 Tab-

2096 5656 2388 5727 c’_lo't0pei
2411 5659 2444 5708 ὀ
2470 5656 2824 5727 Καισᾳριεὺς
2862 5656 3171 5727 Ἐυσεϐιος
3193 5660 3224 5711 ό
3252 5656 3560 5727 Παμφίλου
3582 5659 3667 5725 έν

2094 5725 2173 5792 τῷ
2194 5725 2378 5797 λόγῳ,
2407 5728 2471 5791 ὃς
2496 5725 2722 5796 ἐκλήθη
2746 5726 3089 5794 βασιλικός.
