3986 6218
375 347 439 405 19
1348 329 1684 389 EUSEBIUS
1730 320 2207 383 CAESARIENSIS
2259 317 2652 378 EPISCOPUS.

3531 313 3607 370 2ο

372 476 586 525 servatt.
625 466 914 528 illustrata,
946 471 994 516 et
1023 475 1086 515 ex
1123 467 1271 530 parte
1304 473 1440 512 nunc
1470 454 1696 524 primum
1732 445 1936 502 auctori
1963 449 2010 506 Α
2036 457 2145 512 quo
2177 439 2373 495 Suidas
2398 480 2412 503 ,
2465 437 2734 510 praecipue
2788 449 2819 488 a
2879 430 3158 503 Scaligero
3196 429 3286 501 (ab
3319 430 3442 530 aliis
3462 445 3609 530 fere

373 577 464 615 suo
493 558 774 613 vindicata.
809 585 877 596 -—
920 555 1080 610 Bern.
1119 549 1464 605 Montl‘aucon
1496 547 1550 599 in
1577 542 1718 597 Bibl.
1747 538 1935 592 biblio-

370 650 566 705 thecar.
591 664 743 712 mss.,
770 647 878 701 vol.
907 643 947 709 I,
979 661 1033 714 p.
1074 639 1328 704 M6455,
1360 638 1540 692 varias
1568 631 1716 686 dedit
1749 626 1934 683 lectio-

373 756 469 798 nes
495 740 561 795 ad
585 738 877 795 Chronicon
908 736 1141 802 Eusebii,
1171 734 1228 789 S.
1259 732 1582 798 lIieronymo
1607 725 1897 792 interprete
1917 761 1932 786 ,

369 851 433 890 ex
465 842 698 906 quatuor
723 848 858 888 mss.
896 831 1029 886 bibl.
1052 827 1348 888 Vaticanm,
1376 820 1576 878 notatis
1604 818 1704 872 241
1729 858 1745 882 ,
1789 814 1896 869 242
1916 854 1931 880 ,

369 927 493 992 245,
519 927 610 997 qui
642 933 771 981 sunt
792 938 890 978 xm
919 930 972 978 et
994 937 1085 978 xtv
1116 918 1320 980 saeculi,
1345 926 1398 970 et
1420 911 1603 969 collati
1632 925 1757 965 cum
1800 906 1930 963 edit.

371 1019 633 1091 Scaligeri
670 1017 920 1088 Lugduni
968 1013 1153 1070 Batav.
1198 1027 1228 1065 a
1255 1007 1482 1066 Claudio
1535 1000 1890 1074 Stephanotio
1915 1037 1930 1065 ,

367 1110 803 1181 congregationis
827 1108 882 1163 S.
917 1107 1090 1162 Mauri
1114 1108 1468 1174 procuratore
1497 1095 1758 1168 generali.
1789 1093 1928 1148 Con-

369 1210 454 1256 tra
477 1201 733 1274 Scaliger.
766 1212 817 1256 et
845 1200 1040 1254 Baron.
1093 1197 1270 1250 locum
1317 1193 1384 1247 de
1414 1189 1587 1244 Pilato
1617 1195 1674 1243 et
1703 1185 1934 1242 Caesaris

368 1295 972 1367 imaginibus.uberius
1032 1292 1268 1345 illustrat
1319 1284 1572 1340 Lambec.
1615 1281 1817 1337 Comm.
1871 1277 1935 1332 de

370 1390 497 1444 bibl.
542 1389 704 1458 Cres,
733 1396 866 1444 tom.
898 1385 1030 1453 VIII,
1061 1401 1116 1456 p.
1171 1385 1240 1440 57
1274 1399 1394 1454 sqq.
1425 1421 1440 1447 ,
1490 1387 1542 1436 et
1573 1394 1626 1449 p.
1655 1377 1758 1432 597
1809 1392 1931 1446 sqq.

366 1484 548 1539 locum
593 1483 661 1548 de
711 1482 898 1536 Maria.
937 1479 1180 1550 Denique
1236 1473 1591 1532 memoranda
1636 1477 1720 1526 est
1767 1469 1934 1524 editio

366 1574 532 1647 hujus
555 1573 834 1631 sententiae
859 1591 871 1625 :

447 1688 747 1744 Vetustiora
795 1685 1107 1740 Latinorum
1169 1683 1483 1750 scriptorum
1532 1675 1823 1739 Chronica,
1865 1673 1932 1726 ad

366 1799 496 1838 mss.
544 1783 696 1837 codd.
736 1781 1013 1836 emendata
1060 1791 1109 1834 et
1161 1794 1275 1831 cum
1303 1772 1730 1844 castigatioribus
1779 1766 1930 1823 editt.

366 1873 580 1938 collata,
617 1875 851 1942 notisque
878 1871 1169 1933 illustrata,
1202 1868 1252 1920 in
1279 1882 1438 1920 unum
1469 1880 1656 1933 corpus
1691 1859 1929 1924 collecta,

363 1969 633 2039 praemisso
662 1962 1154 2034 EusebiiChronico
1187 1977 1218 2013 a
1257 1957 1319 2011 υ.
1355 1956 1676 2026 Hieronymo
1702 1969 1729 2006 e
1750 1950 1933 2006 Cra’co

363 2079 510 2122 verso
551 2069 598 2114 et
639 2058 819 2114 multis
861 2065 1034 2110 aucto.
1070 2050 1292 2122 Collegit
1342 2049 1412 2104 D.
1451 2047 1675 2102 Thomas
1710 2041 1936 2099 Roncal-

363 2156 488 2219 lius,
519 2151 804 2207 monachus
839 2147 1145 2204 Cassinens.
1200 2143 1413 2200 Patavii
1453 2140 1610 2206 I787,
1642 2139 1696 2193 4.
1728 2136 1771 2190 II
1802 2135 1930 2191 volI.

361 2245 605 2303 Contulit
642 2242 708 2298 Β.
737 2257 861 2296 cum
886 2241 970 2296 ed.
1003 2238 1246 2298 Ratdolt.
1274 2236 1414 2290 1485
1429 2243 1484 2290 et
1513 2247 1636 2289 cum
1666 2226 1935 2290 Gennadii

362 2339 488 2396 cod.
520 2353 624 2393 ms.
659 2334 835 2390 Vatic.
873 2334 1028 2389 Alex.
1058 2348 1114 2386 ιι.
1141 2329 1303 2389 2077.

432 2450 602 2507 Codd.
639 2463 771 2505 mss.
797 2447 1091 2509 Pontacus,
1116 2443 1317 2515 quibus
1342 2455 1476 2495 usus
1503 2446 1607 2503 est,
1632 2437 1771 2492 bene
1796 2436 1934 2492 mul-

361 2553 449 2601 tos
477 2550 725 2602 recenset
777 2541 832 2595 in
875 2540 1148 2609 Apparatu
1199 2550 1298 2591 suo
1337 2531 1666 2588 :Vatieanos
1691 2531 1936 2600 aliosque

361 2643 644 2693 enumerat
697 2631 1043 2689 Montiaucon
1105 2629 1159 2684 in
1220 2627 1364 2682 Bibl.
1425 2624 1531 2681 Sed
1582 2623 1635 2678 hi
1695 2631 1750 2677 et
1805 2621 1932 2676 reli-

363 2728 458 2800 qui
513 2727 787 2799 pertinent
831 2723 1008 2793 potius
1057 2719 1124 2774 ad
1159 2717 1567 2788 Hieronymum.
1603 2711 1844 2768 Florent.
1876 2712 1932 2766 in

360 2818 493 2874 bibl.
519 2816 679 2870 Laur.
705 2813 843 2869 Med.
868 2810 990 2866 cod.
1023 2823 1206 2864 xxxvii
1227 2847 1241 2872 ,
1287 2823 1341 2860 ιι.
1373 2805 1443 2860 25
1467 2845 1482 2868 ,
1528 2803 1665 2875 plut.
1697 2802 1760 2857 51
1788 2842 1802 2866 ,
1849 2807 1935 2856 est

362 2909 583 2966 Eusebii
608 2903 854 2975 Epitome
873 2901 1154 2964 chronica,
1173 2900 1266 2955 ubi
1290 2898 1430 2955 etde
1463 2895 1520 2952 S.
1552 2896 1837 2952 Paschate.
1863 2924 1933 2936 -ο

363 2996 423 3052 In
458 2995 582 3051 cod.
622 3009 742 3060 xm,
785 3009 841 3046 ιι.
877 2991 1002 3056 6-8,
1046 2991 1121 3060 pl.
1163 2989 1263 3056 5‘3,
1302 2995 1518 3043 exstant
1547 2987 1648 3040 tria
1678 2994 1931 3057 excerpta

364 3105 431 3146 ex
461 3085 683 3144 Eusebii
703 3083 1010 3140 Chronicis.
1039 3081 1105 3138 ν.
1143 3081 1397 3145 Bandin.,
1432 3081 1549 3137 Cat.
1581 3077 1737 3134 codd.
1763 3077 1855 3132 Gr.
1886 3075 1928 3142 1,

363 3196 489 3259 pag,
523 3179 625 3246 ιιι)
647 3187 700 3233 et
723 3178 848 3233 508.
873 3209 943 3220 -
964 3176 1023 3231 P.
1061 3175 1101 3231 ι.
1135 3175 1309 3230 Bruns
1341 3189 1403 3228 ex
1435 3172 1556 3227 cod.
1588 3171 1793 3227 Bodlei.
1844 3170 1932 3226 de-
1956 3156 1998 3211 ϐ

363 3273 444 3328 dit
469 3271 774 3328 versionem
801 3269 1037 3341 Syriaca:
1052 3265 1328 3337 Epitomes
1343 3265 1630 3320 Eusebiani
1659 3263 1924 3324 Cltronici,

363 3365 418 3422 in
451 3363 716 3432 Repertor.
755 3362 840 3431 fur
874 3358 1120 3415 biblische
1152 3376 1199 3414 v.
1237 3356 1727 3428 morgenlandische
1765 3357 1929 3410 Litte-

365 3463 538 3506 ratur.
570 3462 708 3521 part.
744 3467 822 3504 xl.
857 3450 1050 3520 Lipsiae
1079 3448 1245 3513 1782,
1268 3448 1392 3506 Mai.
1417 3448 1564 3518 8(a).
1606 3446 1779 3502 Ηιιιιι..

436 3585 802 3658 Reprehendit
832 3585 1096 3640 Eusebius
1135 3585 1261 3638 hinc
1294 3584 1417 3637 inde
1451 3583 1785 3648 Africanum,
1815 3584 1929 3654 ipse

365 3679 608 3735 vicissim
658 3678 1015 3750 reprehensus
1065 3686 1147 3730 est
1197 3676 1264 3728 ab
1305 3675 1547 3740 Aniano,
1602 3675 1925 3740 Panodoro,

365 3771 597 3841 Georgio
633 3769 881 3842 Syncello
911 3777 964 3823 et
1008 3769 1158 3832 aliis,
1204 3767 1474 3822 interdum
1517 3769 1679 3822 etiam
1708 3769 1797 3823 ubi
1826 3769 1928 3839 ipsi

365 3874 518 3920 erant
549 3861 975 3933 reprehendendi
1004 3882 1016 3916 :
1050 3859 1286 3914 Diodoro
1336 3861 1498 3915 etiam
1532 3858 1818 3926 Tarsensi,
1861 3862 1928 3916 de

437 4043 514 4110 (a)
552 4042 841 4098 Eusebiani
872 4041 1119 4101 Clironici
1161 4041 1428 4110 duplicem
1459 4039 1749 4094 editionem
1779 4040 1926 4095 dedit

365 4109 516 4176 card.
550 4114 753 4183 Angelo
782 4113 903 4167 Mai.
955 4112 1148 4173 Priori,
1189 4128 1306 4178 qute
1363 4109 1923 4183 Iilediolani_prodiit.

367 4200 509 4238 anno
543 4180 700 4248 1818,
727 4184 917 4236 titulus
942 4183 1027 4234 hic
1060 4183 1348 4252 pradigitur
1375 4201 1386 4234 :
1429 4181 1638 4234 Eusebii
1665 4180 1926 4252 Pamphili

367 4253 742 4312 Chronicorum
771 4251 1190 4306 Canonumlihri
1232 4253 1367 4311 duo,
1418 4269 1542 4318 opus
1591 4267 1654 4304 ea:
1683 4251 1925 4306 Ilaicano

367 4324 540 4377 codice
578 4343 609 4378 a
639 4324 860 4377 Doctore
887 4321 1091 4376 Joanne
1118 4321 1377 4387 Zohrabo,
1395 4323 1597 4390 collegii
1633 4325 1927 4376 Armeniaci

375 4393 707 4449 Venetiarum
740 4395 982 4454 alumno,
1023 4393 1291 4460 diligenter
1323 4407 1623 4459 expressum
1668 4403 1715 4445 et
1771 4396 1928 4450 casti-

365 4475 567 4546 gatum,
610 4466 837 4546 Angelus
875 4461 1067 4545 .Maius
1117 4473 1164 4546 et
1207 4462 1435 4545 .loannes
1475 4461 1750 4546 .Zohrabus
1791 4481 1925 4519 nunc

366 4521 593 4605 primum
621 4521 911 4604 conjunctis
943 4535 1083 4588 curis
1116 4531 1402 4605 Latinitate
1452 4534 1703 4586 donatum
1762 4537 1912 4595 notis;
1956 4521 2007 4580 Ι)

366 4603 462 4674 gue
491 4603 836 4666 illustratum,
874 4604 1067 4658 additis
1120 4603 1312 4674 (irazcis
1346 4605 1600 4674 reliquiis.
1631 4605 1921 4661 ediderunt.

427 4675 678 4740 ediolani,
709 4677 861 4744 regiis
906 4675 1058 4744 typis.
1108 4673 1290 4730 Eidem
1320 4673 1578 4729 volumini
1612 4675 1786 4730 inest:
1826 4675 1930 4732 Sa-

366 4749 549 4809 muelis
584 4748 870 4816 presbyteri
894 4745 1129 4799 Aniensis
1175 4755 1457 4816 temporum
1493 4761 1649 4814 usque
1679 4747 1744 4797 ad
1775 4763 1924 4800 suam

365 4815 760 4872 cetatentratio.
789 4819 846 4869 In
880 4818 982 4870 line
1031 4816 1222 4884 legitur
1250 4834 1261 4868 :
1296 4815 1572 4884 Eaplicitw
1606 4826 1726 4869 sunt
1775 4818 1928 4870 celeri

367 4886 647 4949 admodum
673 4887 927 4944 editorum
980 4887 1193 4948 labore,
1239 4887 1550 4956 efflagitante
1604 4888 1926 4942 eruditorum

365 4961 597 5012 omnium
649 4968 787 5022 voto,
824 4957 902 5010 ha:
948 4957 1191 5025 perutiles
1217 4968 1503 5026 temporum
1530 4957 1783 5012 doctrina:
1813 4959 1923 5012 Eu-

365 5029 492 5083 sebii
525 5029 866 5093 Cwsariensis
898 5036 947 5080 et
997 5027 1257 5082 Samuelis
1303 5029 1541 5082 Aniensis
1591 5030 1643 5081 in
1678 5030 1820 5082 alma
1876 5039 1925 5083 et

367 5099 749 5158 litteratissima
777 5096 1258 5168 urbeillleciiolano,
1310 5116 1446 5164 anno
1476 5109 1589 5168 post
1642 5099 1924 5166 bene/lcum

366 5169 562 5224 Christi
599 5169 872 5226 adventum
901 5166 976 5222 Μ.
1014 5167 1077 5221 1).
1103 5167 1253 5226 CCC.
1287 5166 1514 5224 XVIII.
1541 5169 1779 5224 Lectores
1805 5171 1925 5226 boni

364 5241 550 5308 favete.
612 5239 764 5305 Hanc
806 5239 1132 5304 editionem,
1172 5242 1564 5308 posterioribus
1595 5241 1742 5295 curis
1772 5258 1926 5296 reco-

364 5315 590 5381 gnitam,
619 5312 764 5380 typis
790 5310 984 5364 iterum
1019 5310 1292 5381 mandavit
1332 5311 1482 5364 card.
1513 5311 1632 5376 Mai,
1668 5312 1720 5365 in
1771 5311 1921 5366 Scri-

363 5377 571 5451 ptorum
612 5377 837 5440 veterum
865 5397 1006 5451 nova
1033 5377 1347 5451 Collectione
1379 5399 1406 5442 e
1439 5382 1701 5442 Vaticanis
1731 5383 1924 5435 codici-

367 5448 459 5508 bus
488 5453 649 5515 edita,
681 5459 812 5506 tom.
865 5450 1000 5504 VIII.
1033 5448 1214 5504 Iloma:
1245 5452 1314 5506 M.
1352 5452 1413 5508 I).
1460 5453 1610 5507 CCC.
1664 5452 1920 5517 XXXIII,

364 5521 530 5585 ἱιι-4ο.
562 5522 752 5578 Yersio
783 5521 1122 5584 Armeniaca,
1162 5521 1215 5576 in
1247 5539 1352 5590 qua
1377 5540 1484 5578 non
1513 5523 1673 5578 modo
1705 5532 1923 5579 senten-

363 5595 452 5652 tia:
483 5593 787 5656 sententiis,
819 5608 1002 5647 verum
1030 5591 1326 5660 saepissime
1357 5597 1517 5648 etiam
1555 5595 1715 5649 verba
1743 5595 1922 5651 verbis

366 5665 606 5732 apprime
630 5663 978 5731 respondent,
1010 5662 1207 5716 saeculo
1227 5661 1478 5720 Ecclesia:
1508 5683 1541 5719 v
1570 5667 1916 5732 concinnata,

366 5731 650 5805 utramque
681 5734 900 5789 exhibet
929 5731 1175 5805 Chronici
1203 5741 1410 5805 partem
1437 5775 1450 5797 ,
1502 5739 1688 5790 ultima
1743 5739 1919 5793 solum

365 5803 579 5883 prioris
601 5805 770 5886 partis
808 5803 1048 5863 sectione
1079 5813 1325 5884 excepta.
1360 5803 1571 5884 Optime
1599 5808 1743 5869 edita
1775 5817 1860 5870 est
1887 5821 1917 5866 a

2037 534 2276 589 vicissim
2316 531 2548 601 notato),
2571 539 2623 585 et
2653 529 2774 583 aliis
2808 526 3156 596 chronologis
3189 523 3606 580 recentioribus.

2326 640 2530 679 EUSEBII
2571 636 2861 676 ΡΒᾹΞΡᾹΒΔΤ
2872 635 2923 674 ιο
2960 631 3310 675 EVANGELICA.

2099 718 2506 790 Εὺαγγελικῆς
2565 716 2926 782 ἀποδείξεως
2982 708 3449 784 προπαρασκευή
3508 710 3605 781 (b),

2039 814 2455 884 Pru’parationis
2483 814 2792 884 evangelica:
2820 811 2888 866 ad
2933 809 3274 872 Theodotum,
3309 808 3607 876 episcopum

2037 905 2414 971 Laodicenum,
2447 906 2570 960 libri
2596 921 2665 960 xv
2689 946 2703 970 ,
2729 907 2833 960 sive
2863 905 3095 958 collectio
3131 902 3485 972 pulcherrima
3517 918 3607 954 ar-

2035 1011 2398 1070 gumentorum
2453 1000 2843 1068 variorumque,
2899 1005 3081 1051 notatu
3132 995 3604 1065 dignissimorum,

2035 1101 2489 1146 monumentorum
2521 1109 2583 1145 ac
2617 1091 3030 1145 testimoniorum
3053 1103 3118 1142 ea:
3147 1087 3487 1158 scriptoribus
3514 1103 3608 1141 ea:-

2038 1185 2197 1238 ternis
2233 1183 2496 1255 (magnam
2539 1192 2742 1253 portent
2792 1180 2942 1236 hodie
2972 1179 3278 1252 deperditis)
3301 1221 3316 1244 ,
3346 1196 3451 1248 qua
3487 1179 3608 1231 ani-

2036 1293 2152 1331 mus
2177 1277 2385 1331 lectoris
2411 1284 2745 1345 praeparatur
2770 1273 2838 1328 ad
2867 1273 3336 1328 demonstrationes
3371 1271 3435 1325 de
3467 1271 3606 1325 veri-

2037 1379 2144 1425 tate
2173 1368 2444 1441 Evangelii
2469 1369 2667 1424 Christi
2708 1385 2773 1423 επ
2798 1367 2965 1422 sacris
3001 1366 3189 1420 litteris
3221 1374 3366 1419 tanta
3389 1364 3606 1434 facilius

2035 1462 2361 1517 imbibendas
2383 1503 2396 1527 ,
2444 1460 2915 1530 admittendasque.
2947 1457 3134 1513 Latine
3161 1459 3311 1512 vertit
3347 1466 3398 1512 et
3441 1455 3607 1510 Nico-

2038 1557 2123 1610 lao
2159 1555 2199 1609 V
2233 1555 2471 1625 pontiﬁci
2493 1554 2757 1622 inscripsit
2783 1550 3031 1623 Georgius
3061 1550 3474 1622 Trapezuntius;
3511 1547 3604 1604 sed

2035 1652 2194 1719 cujus
2232 1647 2728 1718 interpretationem
2761 1644 2914 1700 valde
2952 1658 3200 1698 mancam
3231 1657 3294 1696 ac
3325 1642 3608 1697 confusam

2037 1757 2178 1803 esse,
2209 1741 2401 1796 merito
2430 1739 2679 1809 queritur
2706 1736 2938 1792 Allatius
2968 1737 3042 1790 De
3075 1733 3332 1806 Georgiis,
3375 1750 3430 1805 p.
3465 1735 3605 1801 575,

2036 1841 2090 1889 et
2119 1833 2369 1888 Petavius
2387 1844 2499 1894 xlv,
2519 1829 2604 1889 11,
2627 1831 2706 1886 De
2726 1827 3158 1899 incarnatione.§
3191 1828 3226 1880 2
3254 1847 3266 1882 :
3305 1827 3608 1896 Trapezun-

2037 1929 2139 1980 tius
2166 1925 2360 1980 Latina
2390 1941 2487 1978 sua
2517 1924 2748 1980 versione
2789 1940 2890 1976 non
2931 1933 3036 1976 tam
3075 1919 3297 1974 Eusebio
3332 1921 3498 1974 lucem
3525 1929 3609 1973 at-

2036 2020 2178 2081 tulit,
2211 2034 2367 2088 quam
2390 2035 2449 2071 eo
2480 2015 2611 2086 fwde
2647 2014 2898 2069 laniando
2919 2053 2933 2078 ,
2968 2012 3205 2067 addendo
3229 2030 3291 2067 ac
3315 2013 3609 2082 depravan-

2034 2105 2134 2168 do,
2186 2105 2391 2174 justam
2449 2105 2512 2159 de
2563 2121 2618 2158 se
2673 2103 2938 2175 querelam
2980 2105 3204 2172 posteris
3239 2105 3448 2174 reliquit
3483 2105 3605 2175 (c).

2033 2196 2233 2252 Confer
2273 2195 2525 2251 Vossium
2561 2195 2636 2248 De
2666 2194 2790 2249 hist.
2820 2191 3040 2260 Gra'cis,
3076 2209 3197 2264 pag.
3229 2193 3324 2259 70;
3351 2192 3604 2248 I'Iuetium

2035 2290 2112 2344 De
2136 2291 2298 2346 claris
2331 2287 2697 2359 interpretibus
2727 2327 2742 2352 ,
2795 2301 2918 2359 pag.
2949 2286 3084 2352 292,
3143 2293 3196 2342 et
3228 2284 3312 2340 Jo.
3351 2283 3604 2340 Rainoldi

2034 2383 2323 2438 Censuram
2350 2381 2764 2451 apocryphorum
2793 2380 3073 2443 librorum,
3104 2387 3236 2434 tom.
3261 2377 3304 2442 Ι,
3337 2394 3457 2448 pag.
3476 2378 3603 2434 805.

2033 2474 2242 2530 Prodiit
2270 2475 2461 2529 Latina
2492 2474 2840 2545 Trapezuntii
2863 2473 3044 2530 versio
3065 2471 3296 2529 Tarvisii
3329 2473 3487 2538 1480,
3509 2472 3604 2529 fol.

2037 2568 2313 2638 [Curatius
2341 2567 2672 2638 uberiusque
2700 2573 3092 2622 enumerarunt
3121 2575 3176 2620 et
3213 2576 3610 2622 recensuerunt

2033 2661 2158 2717 edd.
2187 2664 2302 2732 ipse
2336 2659 2619 2716 Fabricius
2653 2660 2708 2713 in
2746 2658 2984 2722 Delectu,
3018 2669 3148 2722 etc.,
3170 2657 3301 2723 l.c.,
3335 2657 3609 2715 Maittaire

2033 2759 2088 2808 et
2115 2753 2169 2806 in
2205 2750 2393 2823 primis
2426 2751 2552 2805 edd.
2584 2765 2712 2806 saec.
2743 2767 2812 2805 xv
2842 2749 2944 2805 cel.
2973 2747 3182 2804 Panzer
3215 2749 3328 2820 (qui
3364 2749 3501 2805 alios
3530 2750 3609 2805 ci-

2033 2848 2150 2896 tare
2179 2840 2316 2895 solet
2352 2838 2775 2912 bibliographos)
2817 2839 2872 2894 in
2903 2839 2970 2894 Α.
3005 2839 3066 2893 Τ.
3100 2838 3240 2894 Add.
3275 2854 3396 2909 qua:
3418 2839 3610 2896 obser-

2035 2933 2153 2987 vavi
2183 2933 2237 2986 in
2266 2929 2468 2986 Introd.
2508 2932 2562 2986 in
2601 2930 2743 2985 Hist.
2775 2928 2838 2982 L.
2874 2927 2989 2994 Gr.,
3025 2929 3062 2983 l.
3101 2944 3176 2993 c.,
3206 2944 3328 3000 pag.
3360 2929 3465 2984 219
3495 2945 3605 3000 sq.,

2033 3032 2147 3078 not.
2182 3022 2378 3078 Paucis
2418 3023 2585 3090 igitur
2630 3021 2917 3086 versionis,
2949 3036 2979 3074 a
3006 3019 3372 3090 Trapezuntio
3404 3020 3562 3076 facta:
3585 3059 3602 3085 ,

2033 3116 2157 3171 edd.
2201 3116 2471 3171 indicabo.
2516 3114 2756 3171 Venetiis
2792 3115 2933 3187 typis
2968 3113 3140 3168 Nieol.
3169 3112 3420 3181 Jenson.,
3444 3114 3604 3181 1470,

2037 3208 2130 3263 fol.
2167 3208 2425 3280 (Antonii
2472 3207 2805 3267 Cornazzani
2858 3209 3197 3279 praemissum
3263 3209 3609 3266 octosticbon

2036 3301 2379 3357 emendatius
2406 3301 2621 3356 iteravit
2646 3299 2928 3356 Fabricius
2948 3301 3004 3355 in
3038 3300 3268 3364 Delectu,
3292 3307 3423 3366 etc.,
3441 3317 3607 3371 quam

2038 3394 2308 3451 Maittaire
2333 3395 2400 3450 Α.
2455 3395 2516 3450 Τ.
2549 3395 2598 3460 1,
2645 3411 2699 3465 p.
2737 3393 2838 3462 67,
2887 3390 3296 3464 exscripserat.)
3323 3424 3394 3434 -—
3423 3392 3605 3466 (ibid.)

2036 3504 2132 3558 per
2177 3487 2343 3542 Leon.
2384 3488 2538 3541 Aurl.
2573 3488 2754 3557 (quem
2786 3493 3151 3541 correctorem
3202 3495 3294 3540 aut
3342 3485 3605 3540 editorem

2036 3581 2224 3644 fuisse,
2243 3581 2612 3636 characterem
2646 3587 2824 3636 autem
2847 3578 3151 3635 Romanum
3181 3594 3303 3636 esse
3334 3579 3603 3644 eumdem,

2036 3690 2144 3744 quo
2171 3675 2343 3730 Adam
2387 3675 2454 3730 de
2490 3675 2797 3744 Ambergau
2828 3674 2966 3728 1472
3012 3673 3291 3730 Ciceronis
3332 3673 3608 3730 orationes

2037 3769 2349 3838 impressit,
2408 3769 2664 3838 opinatur
2705 3768 2774 3820 el.
2834 3765 3061 3850 Panzer.
3118 3765 3215 3830 lIl,
3259 3763 3608 3837 p.98),s.l.,

2040 3860 2195 3924 1475,
2230 3860 2325 3915 fol.
2359 3861 2498 3916 Add.
2545 3861 2617 3915 cl.
2652 3859 2860 3916 Morell.
2893 3859 2961 3914 ad
2991 3859 3110 3915 Cat.
3148 3859 3278 3915 bibl.
3304 3857 3499 3914 Pinell.
3551 3856 3604 3921 1,

2032 4039 2081 4093 J.
2117 4037 2175 4091 Β.
2209 4037 2483 4092 Ancberio
2537 4039 2639 4093 sub
2671 4039 2866 4094 titulo:
2916 4039 3126 4093 Eusebii
3177 4038 3472 4094 Chronicon
3523 4041 3606 4093 bi-

2035 4110 2324 4178 partitum,
2344 4112 2501 4178 (Arni.
2527 4118 2580 4162 et
2603 4108 2720 4164 Lat.
2753 4111 2974 4176 (additis
2998 4126 3097 4165 suo
3125 4110 3241 4164 loco
3270 4109 3472 4165 Grmeis
3496 4111 3605 4165 lra-

2033 4177 2284 4250 gmentis)
2312 4177 2550 4234 Venetiis
2574 4181 2729 4235 1818.
2758 4181 2801 4233 II
2827 4183 3038 4244 Partes,
3072 4180 3224 4235 ἰιι-4ο.
3251 4183 3409 4234 Ευιτ.
3430 4180 3604 4239 Pun.

2105 4251 2177 4322 (b)
2219 4251 2486 4322 Eusebius
2516 4251 2630 4316 ipse
2670 4268 2745 4312 vl.
2794 4252 2895 4322 10,
2944 4251 3269 4320 Prwparat.,
3296 4268 3417 4321 pag.
3466 4252 3603 4321 280,

2033 4316 2130 4394 Ὧι)
2152 4321 2214 4394 δὴ
2249 4322 2343 4394 xu}
2369 4320 2598 4394 μᾲλιστα
2637 4324 2766 4394 ἡμῖν
2798 4321 2876 4375 δεῖ
2904 4324 2983 4386 εἰς
3024 4316 3119 4394 τήν
3157 4316 3606 4394 τῆςμΕὺξιγγελιὲ

2033 4393 2146 4461 κῆς
2186 4391 2544 4457 ἀποδείξεως
2579 4391 3102 4462 πρόπιιρασκευήνέ.
3154 4391 3304 4447 Adde
3356 4393 3450 4446 lib.
3505 4411 3604 4458 xv,

2033 4479 2152 4533 cap.
2189 4465 2239 4530 1,
2277 4463 2366 4516 ubi
2402 4471 2525 4532 post
2568 4465 2866 4532 expositam
2898 4463 3090 4518 horum
3117 4463 3381 4518 librorum
3407 4478 3608 4519 anace-

2037 4534 2331 4603 phalaeosiu
2357 4535 2465 4598 ait,
2509 4533 2618 4598 jam
2650 4533 2718 4586 ad
2762 4535 3283 4589 demonstrationem
3333 4536 3607 4604 evangeli-

2037 4620 2156 4676 cam
2189 4612 2450 4676 tanquam
2494 4604 2730 4676 nobilius
2759 4613 3138 4676 argumentum
3198 4620 3257 4660 se
3313 4606 3602 4675 progredi:

2037 4675 2208 4727 Τοῦτο
2236 4669 2425 4747 δὴ’ρῦν
2462 4672 2706 4747 σὺνᾼΘεῷ
2753 4669 2849 4728 sti
2880 4676 2977 4746 τῆς
3016 4675 3271 4747 ἀληθείας
3313 4669 3444 4746 ἢμῖῦ
3485 4677 3598 4747 snt-

2039 4743 2306 4818 σφραγισο
2314 4745 2481 4820 ἐντος,
2517 4743 2584 4797 τὰ
2619 4743 2716 4820 μὲν
2727 4818 2743 4820 _
2755 4747 2848 4817 τῆς
2862 4743 3344 4820 -προπαρὰσκευῆζ
3358 4743 3605 4820 ’ἐνταῦθά

2038 4834 2124 4887 μοι
2161 4817 2645 4889 περγιγραφήςξεται.
2689 4818 2943 4889 Μετᾳὸζς
2977 4819 3034 4889 δὲ
3063 4817 3154 4889 ἐπὶ
3175 4819 3272 4889 τὴν
3298 4817 3603 4872 ἐντελεστέ-

2036 4883 2136 5011 Eant
2172 4883 2424 4941 ὑπόθέσιν
2450 4883 2962 4966 ἐῆςΕὺαηνελικῆς
2977 4883 3483 4969 ἀςτοδείξὲωςκιε.
3512 4891 3603 4944 Li-

2076 4974 2163 5011 ros
2187 4975 2253 5011 xv
2273 4961 2782 5011 Ποοπαοασκευηρ
2805 4958 3127 5011 evangelica:
3156 4967 3418 5011 memorat
3439 4961 3599 5011 etiam

2076 4974 2163 5014 ros
2187 4975 2253 5012 xv
2273 4956 2782 5024 Προπαρασκευῆς
2805 4958 3127 5026 evangelica:
3156 4967 3418 5012 memorat
3439 4961 3599 5014 etiam

2035 5027 2257 5083 Hieron.
2279 5029 2423 5081 et‘ex
2456 5029 2594 5081 libro
2625 5042 2720 5081 vm
2754 5029 2930 5081 locum
2960 5029 3163 5096 profert
3183 5030 3235 5082 in
3264 5046 3468 5084 nonum
3493 5030 3604 5084 Da-

2035 5101 2207 5154 nielis.
2237 5096 2455 5152 FABRIC;
2497 5127 2566 5136 —-
2593 5097 2752 5152 Conf.
2788 5097 2866 5152 Du
2910 5097 3032 5155 Pin.
3068 5099 3268 5152 Eccles.
3325 5110 3602 5155 auctorum

2035 5171 2162 5224 bibl.
2191 5187 2332 5236 nov.,
2358 5169 2419 5235 ll,
2447 5184 2498 5238 p.
2543 5169 2640 5230 10,
2674 5176 2726 5223 et
2757 5167 3065 5222 Fabricium
3110 5177 3357 5224 nostrum
3407 5171 3462 5225 in
3494 5171 3604 5226 De-

2035 5240 2170 5294 lectu
2205 5249 2561 5309 argumentor.
2614 5247 2663 5292 et
2715 5239 2918 5308 syllaba
2953 5240 3195 5307 scriptor.
3248 5256 3342 5307 pro
3387 5243 3606 5296 veritate

2032 5313 2182 5382 relig.
2207 5310 2544 5371 Christianw,
2569 5323 2692 5380 pag.
2720 5309 2786 5362 72
2815 5325 2960 5379 sqq.,
2990 5311 3087 5382 ubi
3128 5311 3306 5382 locum
3346 5311 3493 5367 hunc
3537 5313 3604 5367 Β.

2028 5380 2373 5454 ανξιερριῇι
2405 5390 2459 5437 et
2489 5382 2726 5454 pleniore
2756 5381 3056 5451 praesertim
3090 5380 3216 5435 edd.
3255 5383 3450 5438 notitia
3487 5399 3606 5438 am-

2033 5451 2272 5523 plicavit.
2314 5451 2486 5506 ΗΑιιι..

2103 5524 2173 5589 (c)
2211 5523 2610 5593 Trapezuntius
2641 5530 2820 5578 tamen
2859 5522 2914 5576 in
2943 5521 3105 5593 epist.
3135 5521 3202 5576 ad
3243 5522 3525 5580 Nicolaum
3563 5521 3605 5578 ν

2030 5598 2311 5666 prolitetur
2352 5610 2410 5649 se
2443 5593 2598 5666 illius,
2621 5593 2801 5666 jussu,
2843 5593 3087 5666 sentibus,
3116 5598 3401 5662 amputatis
3446 5595 3522 5666 (h.
3549 5610 3601 5650 e.

2031 5663 2098 5723 iis
2121 5667 2363 5728 omissis,
2387 5681 2507 5735 quae
2537 5663 3131 5735 sibiscilicetghaeresiu
3155 5667 3306 5724 olere
3344 5663 3595 5720 videren-

2029 5743 2142 5806 tur)
2171 5755 2321 5792 rosas
2351 5732 2681 5806 solummodo
2709 5732 2916 5790 Latinis
2946 5734 3239 5793 hominibus
3285 5739 3382 5792 hac
3410 5737 3598 5790 tradu-

2029 5803 2198 5872 ctione
2229 5807 2499 5865 obtulisse.
2542 5803 2714 5863 IImL.
